3461 4453
1148 73 149 54 THE
1332 69 385 57 NATIONAL
1753 66 386 53 REGISTER.

260 86 102 54 110

288 219 183 52 Monday
494 216 135 39 about
656 226 77 27 one
758 209 165 44 o:elock
956 208 61 41 his
1045 210 175 50 Majesty
1252 206 159 40 arrived
1444 210 44 33 at
1526 204 67 37 the

231 274 183 45 Queen's
435 267 149 43 Palace
604 267 107 39 from
726 265 204 40 Windsor.
990 263 51 39 At
1057 267 81 33 two
1155 259 163 41 o'clock
1341 259 59 39 his
1419 260 170 48 Majesty

230 325 104 41 held
369 338 27 26 a
430 324 165 53 private
630 322 150 43 Levee,
813 318 107 40 after
941 314 131 40 which
1104 313 118 40 there
1243 326 104 26 were
1367 322 222 27 numerous

231 377 322 56 presentations.
615 372 72 41 His
707 372 174 52 Majesty
904 381 106 40 gave
1028 367 161 52 private
1209 365 216 41 audiences
1453 369 45 33 to
1522 363 69 39 the

236 431 129 43 Duke
392 430 51 39 of
472 426 200 41 Portland
692 424 80 39 and
793 424 71 40 the
887 422 120 40 other
1041 419 171 41 Cabinet
1243 418 220 44 Ministers,
1500 415 90 38 who

234 497 115 28 were
365 482 54 41 all
439 484 180 51 present,
654 482 144 48 except
840 476 71 39 the
951 472 93 43 Earl
1077 472 50 41 of
1148 471 202 41 Chatham
1384 470 78 39 and
1499 468 90 39 Earl

234 536 216 44 Bathurst.
508 534 76 45 His
604 534 172 50 Majesty
800 527 228 56 proceeded
1046 530 45 35 to
1110 524 118 53 prick
1248 523 66 40 for
1328 523 73 39 the
1430 520 161 43 Sheriff:

236 591 73 41 for
327 589 70 40 the
415 600 98 39 year
531 585 188 52 ensuing.
783 583 89 38 The
909 581 129 39 Court
1068 578 69 41 did
1165 582 73 34 not
1276 574 126 43 break
1442 587 56 39 up
1530 573 59 40 till

239 645 137 39 about
392 653 119 28 seven
533 637 188 45 o'clock;
749 634 109 41 after
875 632 132 41 which
1035 632 64 39 his
1117 632 171 52 Majesty
1309 633 58 34 set
1384 627 64 39 off
1462 639 54 27 on
1534 627 58 38 his

239 702 148 37 return
405 700 45 35 to
469 691 200 41 Windsor.
712 692 41 37 It
771 702 80 25 was
870 699 115 27 more
1003 683 265 53 numerously
1283 680 191 43 attended
1494 679 97 40 than

241 763 83 40 any
345 744 129 45 Court
493 745 93 40 that
605 743 71 39 has
692 743 105 39 been
819 738 91 43 held
930 743 43 37 at
989 738 71 39 the
1076 738 176 44 Queen's
1271 733 163 43 Palace.

294 803 168 44 Monday
485 811 25 24 a
547 801 122 33 Court
698 796 47 34 of
767 795 182 35 Common
976 794 155 34 Council
1162 802 77 22 was
1276 789 84 34 held
1390 795 41 27 at
1459 787 112 37 Guild-

242 852 102 43 ball,
363 849 125 38 which
519 859 77 24 was
622 843 235 44 numerously
873 841 188 35 attended.
1114 839 81 35 The
1211 837 221 37 Committee
1452 835 58 34 for
1525 837 46 33 Ge-

244 899 110 39 neral
371 900 187 41 Purposes
575 893 174 46 reported
771 891 158 35 relative
956 893 40 31 to
1029 888 63 33 the
1120 887 220 45 expiration
1369 883 44 34 of
1435 885 64 33 the
1524 883 69 34 Ad

243 951 66 33 for
322 947 131 44 laying
468 954 26 24 a
509 944 70 34 toll
607 951 97 35 upon
733 939 124 34 horses
873 937 70 34 and
961 937 191 43 carriages
1170 933 146 45 passing
1336 943 46 22 on
1400 943 24 22 a
1444 932 145 44 Sunday

244 991 98 40 ever
360 987 409 44 Blackfriars-bridge,
789 997 27 24 H
829 986 85 33 hick
934 996 73 22 was
1026 983 104 38 read,
1149 981 70 34 and
1239 981 61 33 the
1322 980 119 33 Court
1461 980 130 44 agreed

244 1049 46 31 to
305 1055 25 22 a
351 1042 167 35 Petition
529 1045 39 26 to
586 1036 63 35 the
669 1036 126 33 House
813 1032 43 35 of
867 1033 211 35 Commons,
1098 1030 59 33 for
1172 1039 25 24 a
1212 1030 242 33 continuance
1473 1026 46 33 of
1532 1026 61 34 the

244 1091 87 37 said
351 1089 71 37 Act
439 1101 12 27 ;
471 1085 125 35 which
613 1095 76 22 was
705 1081 155 37 ordered
876 1089 38 25 to
932 1081 46 32 be
992 1078 113 41 fairly
1123 1076 240 39 transcribed,
1381 1075 70 33 and
1469 1076 122 41 signed

244 1141 57 43 by
319 1139 64 34 the
400 1136 118 34 Town
536 1131 132 40 Clerk,
702 1129 71 33 and
809 1128 190 45 presented
1028 1124 198 34 forthwith
1251 1124 51 43 by
1337 1123 63 31 the
1427 1123 165 37 Sheriffs,

243 1185 188 37 attended.
441 1185 45 41 by
502 1181 64 33 the
587 1179 308 34 Remembrancer
908 1187 12 26 ;
937 1175 71 33 and
1020 1173 80 33 al-o
1119 1183 25 22 a
1172 1172 165 34 Petition
1354 1169 59 35 for
1429 1172 107 33 leave
1556 1174 38 31 to

244 1227 117 43 brio..
376 1243 26 24 a
430 1226 74 39 Bill
523 1228 60 34 for
595 1228 63 31 the
676 1224 164 34 removal
870 1222 46 34 of
938 1221 119 34 Smith
1065 1221 20 32 fi
1090 1219 61 35 eld
1174 1219 163 33 Market.

304 1261 80 54 Mr.
384 1261 27 54 '
411 1276 155 37 Wardle
593 1276 30 33 is
648 1284 25 22 a
696 1272 130 34 native
852 1271 45 33 of
922 1269 196 39 Cheshire,
1146 1267 71 33 and
1248 1277 24 24 a
1298 1276 81 24 man
1404 1265 45 34 of
1475 1266 100 32 consi-

249 1326 159 37 derable
424 1324 163 35 fortune.
641 1322 59 34 He
718 1318 129 35 served
870 1319 37 32 in
933 1317 146 33 Ireland
1109 1316 133 41 during
1263 1313 61 34 the
1342 1313 253 34 diAurbanc...s

248 1375 53 37 of
319 1375 106 38 1798,
449 1383 39 24 as
509 1369 126 46 Niajor
653 1368 41 33 of
709 1369 60 32 the
790 1367 180 43 regiment
989 1363 44 33 of
1048 1365 158 31 Ancient
1230 1362 164 40 Britons,
1411 1361 47 33 of
1474 1362 118 33 which

210 1441 14 9 -
248 1415 69 43 gir
334 1421 152 34 Watkin
504 1417 185 34 Williams
712 1415 41 32 W
764 1423 93 33 yore
870 1423 77 24 was
961 1411 169 35 Colonel.
1183 1409 109 34 Since
1309 1408 79 33 that
1409 1409 92 33 time
1522 1409 67 33 Mr.

252 1469 158 34 Wardle
439 1467 60 34 has
530 1466 92 34 been
651 1461 254 39 remarkable,
925 1460 136 43 chiefly
1096 1469 40 24 as
1154 1467 24 24 a
1195 1459 66 31 ban
1283 1459 143 39 vivant,
1452 1456 72 33 and
1550 1467 45 22 an

248 1518 133 34 ardent
399 1518 165 31 amateur
580 1512 46 33 of
647 1511 61 33 the
722 1515 128 39 sports
863 1507 46 34 of
924 1508 61 33 the
1003 1506 99 34 field.
1159 1505 61 34 Ile
1240 1504 61 34 has
1317 1504 214 34 astonished
1544 1506 47 31 all

250 1565 60 34 his
331 1563 180 34 Cheshire
523 1558 156 41 friends,
706 1558 48 44 by
777 1557 63 34 the
860 1554 159 35 warmth
1043 1552 90 35 with
1155 1552 123 33 which
1300 1553 44 31 he
1362 1551 64 33 has
1444 1552 148 32 entered

247 1623 104 33 upon
370 1610 56 34 his
443 1607 175 46 political
632 1616 145 32 career,
802 1615 41 24 as
863 1604 85 33 well
976 1604 48 44 by
1044 1602 61 34 the
1121 1599 138 45 ability
1294 1599 91 34 with
1407 1598 125 37 which
1552 1599 43 34 he

248 1658 69 37 has
333 1657 161 37 hitherto
508 1654 226 47 proceeded.

506 1768 340 52 POPULAR
895 1763 438 51 PREACHERS.

791 1848 78 37 No.
899 1846 80 38 XX
991 1846 64 37 VI.

681 1969 117 35 Canst
813 1967 91 35 thou
922 1965 126 34 dream
1063 1963 106 35 there
1187 1963 30 34 is
1233 1974 22 24 a
1276 1959 124 48 pow'r

442 2017 46 38 In
504 2017 142 45 lighter
659 2016 97 40 diet,
772 2021 39 27 at
826 2027 24 21 a
867 2015 94 32 later
981 2013 109 40 hour,

435 2068 65 35 'To
516 2067 129 34 charm
663 2070 38 28 to
716 2066 103 40 sleep
840 2062 61 32 the
921 2060 230 44 threatening
1170 2059 46 33 of
1230 2059 63 34 the
1309 2057 116 43 skies,

439 2115 85 37 And
548 2113 87 34 hide
653 2118 81 40 past
754 2111 93 44 folly
867 2109 97 33 from
981 2108 196 43 all-seeing
1188 2117 87 34 eyes
1289 2106 13 33 ?

441 2163 84 34 The
543 2160 73 34 fast
634 2163 80 32 that
735 2159 93 33 wins
844 2157 248 40 deliverance,
1111 2154 72 34 and
1202 2152 170 46 suspends

441 2210 80 34 The
536 2207 129 35 stroke
681 2206 80 34 that
776 2217 25 22 a
819 2204 204 35 vindictive
1042 2203 80 34 God
1143 2204 154 40 intends,

441 2257 40 34 Is
500 2263 40 27 to
561 2264 182 25 renounce
763 2252 209 45 hypocrisy
987 2263 9 27 ;
1026 2256 37 28 to
1083 2251 105 32 draw

437 2304 84 44 Thy
539 2302 71 34 life
627 2313 96 33 upon
741 2302 61 32 the
822 2307 146 39 pattern
984 2298 44 33 of
1041 2298 64 34 the
1121 2298 102 38 law;

435 2353 60 35 To
514 2360 84 25 war
615 2348 92 34 with
725 2348 188 45 pleasure,
935 2344 158 35 idoliz'd
1122 2344 157 38 before;

436 2400 59 37 To
511 2396 183 48 vanquish
711 2396 90 43 lust,
819 2393 71 37 and
909 2402 102 26 wear
1028 2393 45 34 its
1091 2393 102 46 yoke
1204 2402 46 24 uo
1269 2400 117 26 more.

1329 2439 105 34 Cow
1444 2447 98 26 PER.

300 2572 180 43 RIGHT
507 2569 312 43 REVEREND
854 2581 90 25 -rut
972 2564 194 41 BISHOP
1195 2567 66 38 OF
1291 2563 276 41 CARLISLE.

301 2647 45 47 IF
376 2656 78 40 any
472 2641 181 53 apology
674 2640 32 39 is
735 2636 188 54 required
950 2636 66 39 for
1041 2636 71 40 the
1144 2634 278 40 introduction
1455 2631 52 40 of
1531 2633 65 39 the

244 2702 167 50 present
441 2694 162 43 Prelate
628 2700 44 32 to
692 2692 70 40 the
783 2692 133 39 notice
943 2688 50 40 of
1016 2687 69 40 the
1108 2687 155 52 public,
1299 2686 89 40 that
1419 2685 176 53 apology

244 2751 128 41 offers
390 2747 111 43 itself
527 2747 40 39 in
587 2746 73 38 the
678 2744 187 40 occasion
887 2756 56 26 on
961 2741 131 39 which
1115 2741 50 38 he
1183 2739 76 40 last
1280 2739 219 52 preached,
1519 2739 76 38 and

243 2804 77 39 the
338 2803 197 40 audience
565 2805 45 34 to
627 2797 129 40 which
785 2796 61 39 his
874 2807 159 27 sermon
1054 2806 83 26 was
1165 2792 226 40 addressed.
1448 2793 56 37 As
1532 2791 65 39 the

243 2856 195 40 occasion
458 2867 81 25 was
560 2850 201 45 national,
789 2863 45 25 so
855 2862 80 27 was
956 2848 69 38 the
1045 2846 195 39 audience
1263 2844 189 52 popular.
1512 2843 86 39 The

239 2921 169 28 sermon
430 2907 89 39 also
552 2906 34 39 is
617 2903 217 50 deserving
863 2901 51 40 of
939 2913 93 39 very
1061 2896 165 54 general
1258 2896 203 40 attention
1478 2911 13 30 ;
1522 2896 72 39 and

241 2965 76 37 the
340 2961 189 39 BISHOP
550 2957 50 39 Of
625 2956 279 40 CARLISLE,
925 2966 52 26 on
999 2953 69 39 the
1090 2947 145 50 whole,
1265 2948 195 50 certainly
1485 2949 113 38 made

236 3021 60 33 *an
320 3013 237 53 impression
580 3009 141 53 highly
742 3006 224 41 creditable
986 3012 43 32 to
1048 3002 64 40 his
1139 3017 91 25 own
1260 3002 158 45 talents,
1450 3014 43 25 as
1513 3000 85 40 well

243 3081 47 26 as
311 3065 211 43 beneficial
543 3069 45 35 to
609 3064 59 39 his
687 3073 224 28 numerous
933 3059 178 38 hearers.

300 3123 91 37 The
413 3118 184 51 Bishop's
619 3119 104 41 text,
745 3112 132 41 which
900 3125 81 25 was
1009 3106 227 57 peculiarly
1256 3109 283 53 appropriate,
1569 3106 31 39 is

247 3172 198 41 recorded
467 3171 39 39 in
537 3174 65 35 the
632 3171 110 37 Book
772 3170 51 48 qf
853 3169 66 37 the
941 3167 170 47 Prophet
1134 3163 161 41 Isaiah;
1328 3162 78 38 and
1436 3175 91 27 may
1552 3162 47 37 he

246 3228 132 39 found
402 3227 38 38 in
459 3226 70 38 the
552 3222 97 39 '26th
672 3221 195 53 Chapter,
896 3219 79 39 and
1007 3222 44 32 at
1078 3215 69 39 the
1176 3215 70 38 9th
1273 3216 132 43 Verse,
1436 3215 50 38 of
1512 3214 85 39 bit

248 3278 409 52 Prophecy.Wilh
677 3288 64 35 my
759 3276 90 37 soul
865 3276 103 35 have
989 3272 22 37 I
1028 3272 156 37 desired
1205 3269 102 37 Thee
1324 3272 43 34 in
1385 3269 211 45 the-night:

240 3347 102 37 yea,
371 3335 92 35 with
483 3344 66 34 my
570 3332 116 46 spirit
706 3330 138 37 within
874 3339 63 26 me
969 3326 85 38 will
1074 3322 22 37 I
1115 3326 93 33 seed':
1231 3321 103 37 Thee
1367 3322 137 45 early:
1524 3322 77 48 for

244 3391 118 35 when
391 3387 69 46 thy
483 3386 237 47 judgments
758 3391 73 26 are
861 3381 43 35 in
939 3380 66 37 the
1036 3378 129 41 earth,
1187 3378 65 34 the
1289 3376 243 35 inhabitants
1561 3376 40 48 of

244 3443 71 37 the
333 3442 128 37 world
476 3439 85 37 will
579 3438 113 35 learn
715 3436 309 46 righteousness.

302 3488 379 52 Notwithstanding
713 3485 72 39 the
814 3482 169 53 opinion
1016 3481 162 52 already
1207 3478 210 52 expressed
1452 3477 52 40 of
1531 3477 66 40 the

247 3543 148 53 ability
415 3542 52 39 of
480 3542 70 39 the
569 3554 87 26 new
679 3539 152 50 Bishop
852 3535 51 39 of
930 3534 181 46 Carlisle,
1131 3534 51 39 he
1204 3537 107 34 must
1331 3531 120 39 allow
1472 3544 65 26 me
1558 3536 41 33 to

243 3599 155 40 dissent
416 3596 109 39 from
546 3593 85 39 him
653 3592 227 52 respecting
901 3589 70 38 the
991 3587 231 54 propriety,
1254 3599 47 25 or
1320 3598 100 27 even
1444 3585 70 39 the
1534 3598 44 24 ne-

243 3652 164 50 cessity,
429 3648 47 39 of
493 3648 63 38 his
575 3645 154 41 critical
750 3641 265 54 explanation
1036 3640 50 39 of
1100 3646 91 46 part
1211 3639 47 38 of
1274 3639 67 39 the
1361 3643 91 34 text
1472 3637 126 40 which

243 3703 164 43 formed
428 3703 66 39 the
511 3700 162 50 subject
693 3697 50 40 of
758 3697 60 39 his
837 3693 200 41 excellent
1058 3692 223 39 discourse.
1328 3691 198 39 Whether
1545 3704 57 25 Nye

244 3757 118 45 read,
384 3756 96 38 with
515 3755 72 38 the
612 3751 191 52 Vulgate,
882 3751 113 38 when
1028 3746 69 52 thy

1124 3745 22 51 .
1437 3746 76 38 &c.
1535 3758 59 26 or,

241 3823 47 28 AS
308 3811 60 38 his
387 3808 203 52 Lordship
612 3804 132 40 would
768 3803 144 39 render
933 3802 45 43 it,
1059 3802 215 45 amirding
1419 3810 64 27 or,
1561 3802 39 33 in

239 3867 248 50 proportion
643 3857 202 54 speaking
883 3854 48 39 of
964 3854 71 39 the
1067 3853 228 51 Almighty,
1329 3859 30 18 ,
1381 3850 71 43 thy
1478 3850 99 51 judg-

244 3921 135 37 ments
398 3928 69 27 are
484 3913 158 40 abroad
671 3913 37 39 in
730 3911 72 39 the
1004 3907 71 38 &c.
1097 3906 69 39 the
1196 3904 248 41 distinction,
1474 3906 30 37 it
1534 3917 45 39 ap-

242 3984 123 41 pears
384 3976 45 34 to
451 3981 79 31 me,
555 3969 30 35 is
607 3967 48 51 by
680 3979 52 25 no
755 3977 138 24 means
912 3959 185 39 essential
1129 3965 43 32 to
1204 3958 69 39 the
1299 3957 73 39 full
1403 3957 78 39 and
1514 3961 87 34 true

240 4024 254 54 application
517 4019 52 40 of
583 4019 79 38 this
681 4030 170 38 passage
872 4016 50 37 of
938 4013 105 51 Holy
1067 4013 117 37 'Writ.
1243 4010 99 40 Such
1364 4011 234 52 expesitory

239 4078 260 43 discussions,
536 4071 175 44 indeed,.
731 4069 37 41 if
793 4075 72 33 not
898 4067 126 53 really
1048 4063 228 44 beneficial,
1307 4076 71 26 are
1410 4064 189 43 serioudy

239 4128 282 44 detrimental.
583 4127 142 38 Either
746 4123 56 39 let
892 4122 145 38 review
1061 4117 78 40 and
1170 4119 128 39 revise
1320 4117 67 40 the
1409 4131 190 25 common

239 4186 115 40 bible
373 4181 253 53 altogether,
659 4194 43 25 or
725 4179 80 41 eke
830 4176 53 41 !Lt.
906 4189 44 26 us
972 4172 234 54 IC:igious4
1231 4170 146 40 refrain
1398 4172 109 39 from
1532 4172 69 40 !es-

2738 64 158 51 FEB.
2942 65 77 50 le.

1656 198 142 50 sealing
1818 197 51 38 its
1889 196 215 51 authority
2133 195 98 39 with
2263 193 69 41 the
2363 207 103 27 mass
2498 194 52 40 of
2574 194 71 39 the
2675 193 158 52 people.
2894 195 38 34 Is
2952 196 74 34 not

1658 253 69 38 the
1744 249 215 51 authority
1982 248 51 40 of
2046 261 80 26 our
2146 248 201 39 Common
2370 246 111 40 Bible
2504 246 257 53 impeached,
2793 243 78 39 and
2893 243 52 39 its
2963 244 40 38 in-

1656 305 157 41 fluence
1835 301 190 44 affected,
2056 301 53 53 by
2130 313 120 39 every
2282 313 268 39 unnecessary
2582 304 174 46 a:tempt
2777 302 44 34 to
2859 295 167 53 explain

1656 358 50 38 its
1721 354 203 56 supposed
1945 353 249 46 diffiebilties,
2217 353 77 39 and
2314 357 165 34 correct
2500 353 51 38 its
2580 352 204 52 imagined
2806 352 193 38 inaccura-

1654 410 83 39 cies
1753 413 14 34 ?
1805 410 69 38 His
1906 406 234 52 Lordship's
2172 404 219 40 exordium
2424 417 81 25 was
2543 404 213 39 otherwise
2789 402 143 54 highly
2963 403 40 38 in-

1654 462 197 40 structive
1871 461 81 39 and
1972 458 252 52 interesting.
2285 458 87 39 The
2394 456 176 40 division
2591 456 50 39 of
2665 456 58 39 his
2751 456 161 51 subject
2943 468 79 27 was

1656 514 200 53 perfectly
1889 513 226 53 judicious,
2145 513 79 40 and
2257 511 61 39 his
2353 509 268 44 illustrations
2653 521 106 27 were
2794 506 227 54 strikingly

1655 568 203 53 apposite.

1714 620 72 40 His
1817 632 163 27 sermon
2017 631 99 40 very
2153 615 190 56 properly
2382 615 194 46 referred,
2620 613 278 52 immediately
2936 613 80 39 and

1658 671 260 56 principally,
1949 678 44 32 to
2026 671 71 39 the
2115 671 194 39 situation
2344 671 50 39 of
2421 671 78 38 this
2519 673 190 47 country.
2770 670 63 37 He
2854 666 66 39 did
2942 671 76 34 not

1656 731 177 47 attempt
1852 730 44 34 to
1915 724 152 40 discuss
2082 724 70 39 the
2171 730 148 33 nature
2339 723 50 39 of
2398 723 208 50 fast-days.
2647 719 109 40 With
2779 732 24 26 a
2824 718 197 54 precision

1656 780 151 52 always
1838 777 243 46 admirable,
2112 777 76 39 and
2223 789 53 26 an
2314 789 148 39 energy
2496 776 115 39 often
2631 772 307 51 commanding,
2970 770 52 43 he

1656 831 156 47 traced,
1866 830 110 40 from
2037 830 70 39 the
2169 828 137 41 cradle
2357 829 46 38 of
2460 826 298 54 philoscphical
2806 824 217 52 infidelity,

1658 886 70 38 the
1768 885 162 52 growth
1972 882 51 40 of
2065 882 91 41 that
2187 882 151 39 demon
2378 880 146 46 which,
2565 880 151 52 hiv.ing
2747 879 86 39 first
2874 878 126 38 tinder-

1833 939 69 37 th..!
1952 935 130 39 moral
2139 941 193 44 supports
2383 933 50 39 of
2483 932 171 53 society,
2707 937 69 34 has
2809 931 206 53 produced

1658 991 71 39 the
1763 990 235 40 subversion
2034 989 50 38 of
2106 987 227 53 legitimate
2370 998 257 41 supremacy,
2657 984 78 40 and
2776 985 67 39 the
2880 997 117 26 conse-

1656 1049 128 46 quent
1802 1042 226 40 desolation
2050 1041 50 39 of
2121 1041 175 51 empires
2314 1039 79 40 and
2413 1039 219 39 countries.
2693 1038 70 39 His
2784 1037 171 39 allusion
2978 1042 44 33 to

1659 1096 69 38 the
1746 1101 116 45 great
1885 1095 217 39 Frederick
2122 1095 48 37 of
2191 1093 172 44 Prussia,
2394 1093 191 52 together
2606 1089 94 40 with
2741 1091 59 37 his
2819 1089 174 52 exempli-

1658 1147 184 48 fication,
1863 1149 41 38 in
1924 1147 70 40 the
2024 1147 91 40 ruin
2135 1146 48 39 of
2212 1147 90 38 that
2322 1157 152 39 power,
2503 1142 52 40 of
2584 1143 67 39 the
2670 1142 137 39 effects
2826 1141 196 52 resulting

1657 1201 109 39 from
1785 1202 69 38 the
1871 1205 280 35 countenance
2171 1199 181 40 afforded
2373 1202 43 34 to
2446 1195 136 40 infidel
2619 1193 229 56 principles,
2878 1207 80 26 was
2980 1207 43 25 as

1651 1256 89 48 just
1757 1267 43 25 as
1820 1254 31 39 it
1867 1267 79 25 was
1964 1252 189 40 forcible.
2211 1251 40 40 if
2265 1264 77 40 any
2362 1256 89 47 part
2471 1248 50 40 of
2530 1252 71 37 the
2622 1248 158 52 picture
2798 1247 159 38 seemed
2976 1252 45 33 to

1661 1309 50 35 be
1731 1307 294 50 incongruous,
2037 1305 30 39 it
2087 1318 80 25 was
2185 1304 133 39 where
2337 1304 70 38 th.;
2425 1302 152 53 Bishop
2593 1300 126 39 found
2743 1300 30 38 it
2783 1299 247 39 incumbent:

1659 1374 52 24 on
1734 1359 83 39 him
1837 1365 44 32 to
1903 1358 215 40 introduce
2138 1358 70 37 the
2225 1356 239 52 corruption
2486 1356 79 37 and
2593 1354 248 52 degeneracy
2867 1354 47 37 of
2946 1352 72 38 the

1659 1411 163 51 highest
1843 1411 141 39 orders
2003 1410 50 40 of
2065 1409 182 43 civilized
2269 1408 299 40 cornmunitles.
2629 1408 120 45 Here,
2769 1408 15 35 I
2807 1403 141 48 think,
2967 1404 51 38 he

1659 1466 137 37 rather
1818 1463 187 41 softened
2027 1463 59 39 his
2104 1460 163 56 general
2288 1460 233 52 colouring.

1713 1519 39 37 It
1773 1517 85 40 well
1894 1518 167 38 became
2095 1518 70 38 the
2205 1514 150 51 Bishop
2392 1513 48 39 of
2456 1512 187 46 Carlisle,
2680 1524 43 26 as
2756 1524 22 25 a
2815 1508 198 41 christian

1661 1570 211 52 preacher,
1902 1574 45 33 to
1969 1570 128 46 insist,
2130 1570 37 37 in
2189 1569 69 38 the
2278 1578 165 28 manner
2464 1566 51 38 he
2535 1565 83 43 did,
2648 1578 51 26 on
2720 1563 70 40 the
2810 1563 98 52 folly
2931 1564 78 37 and

1659 1623 154 50 danger
1833 1623 77 38 and
1933 1623 185 51 impiety,
2135 1635 91 24 now
2246 1635 45 25 so
2310 1617 227 54 growingly
2559 1616 228 54 prevalent,
2805 1616 48 38 of
2869 1616 150 39 almost

1659 1675 221 52 excluding
1911 1676 71 39 the
2007 1676 145 38 Divine
2174 1675 171 38 Creator
2367 1671 107 39 from
2498 1669 240 52 interfering
2759 1669 37 38 in
2820 1669 69 38 the
2919 1681 74 25 con-

1661 1741 116 26 cerns
1795 1728 48 39 of
1872 1728 61 38 his
1954 1728 155 38 human
2139 1730 219 34 creatures.
2417 1726 103 37 How
2549 1720 240 54 deplorable
2822 1721 31 38 is
2872 1720 99 39 such
2998 1731 26 27 a

1662 1780 253 52 persuasion,
1944 1780 133 45 when,
2113 1792 43 25 as
2174 1780 71 37 the
2267 1779 148 50 Bishop
2443 1775 50 39 of
2519 1774 164 40 Carlisle
2713 1780 72 33 too
2816 1773 105 52 truly
2946 1773 51 38 ob-

1661 1834 155 44 served,
1896 1832 117 40 there
2040 1832 30 38 is
2095 1845 25 25 a
2148 1833 144 37 Power
2326 1828 126 40 raised
2597 1827 64 38 for
2693 1826 70 39 the
2794 1825 222 52 scourging

1662 1886 77 38 and
1760 1885 196 52 afflicting
1982 1885 50 39 of
2054 1884 70 39 the
2153 1884 159 39 nations
2329 1899 11 28 ;
2373 1883 77 38 and
2470 1883 135 43 when,
2637 1892 41 26 as
2711 1884 45 33 to
2793 1866 222 58 ourselves,

1713 1938 72 39 We
1805 1938 104 39 have
1929 1951 90 25 now
2039 1951 52 25 no
2115 1936 105 52 Ally,
2256 1936 35 38 if
2319 1950 59 24 we
2396 1935 105 39 have
2520 1939 72 33 not
2614 1933 89 37 God
2789 1932 90 44 We,
2902 1930 85 38 how-

1659 2003 113 32 ever,
1793 2003 104 26 seem
1916 1989 113 53 sadly
2052 1989 183 52 disposed
2252 1995 44 33 to
2314 1987 152 40 discard
2489 1987 70 38 the
2571 1985 213 39 assistance
2804 1983 47 38 of
2865 1982 70 39 the
2952 1982 47 39 Di-

1664 2046 91 35 vine
1778 2043 252 39 Providence
2046 2060 12 27 ;
2081 2041 78 39 and
2181 2042 92 45 this,
2296 2046 87 39 too,
2405 2047 40 32 at
2467 2040 72 38 the
2563 2041 149 50 precise
2732 2035 144 53 period
2898 2034 117 39 when

1663 2100 105 33 mast
1800 2109 59 25 we
1893 2096 100 40 need
2033 2095 51 39 its
2117 2093 283 54 interposition
2433 2092 79 40 and
2546 2089 230 56 protection
2797 2093 9 33 !
2850 2088 171 51 Happy,

1662 2148 151 53 happy,
1835 2153 109 35 most

1805 2219 165 44 llappy,
1991 2217 64 34 the
2074 2228 99 31 man,
2196 2217 84 33 who
2298 2226 78 24 secs
2394 2225 22 24 1
2435 2215 81 35 God
2538 2211 200 46 employed

1808 2267 44 34 In
1870 2267 51 33 all
1944 2267 63 33 the
2029 2267 98 41 good
2145 2265 70 33 and
2236 2265 40 33 ill
2298 2267 80 31 that
2399 2263 203 45 ehecquers
2622 2261 65 34 life
2705 2259 9 33 !

1806 2314 209 44 Resolving
2037 2314 48 33 all
2107 2320 141 34 events,
2265 2313 92 33 with
2378 2310 99 33 their
2493 2311 145 39 effects,

1809 2361 81 34 And
1912 2360 182 34 manifold
2115 2361 144 39 reults,
2281 2360 77 33 into
2378 2359 61 33 the
2459 2357 79 33 will

1804 2408 85 35 And
1906 2408 233 37 arbitration
2160 2408 89 33 wise
2267 2406 45 33 of
2324 2406 65 34 the
2409 2406 194 43 Supreme.

2691 2402 73 34 The
2783 2400 112 35 Task.

1713 2478 165 53 Really,
1899 2480 31 38 it
1964 2479 31 39 is
2011 2479 113 44 vain,
2154 2478 78 39 and
2254 2491 128 26 worse
2400 2476 98 40 than
2520 2474 111 46 vain,
2661 2478 44 34 to
2735 2472 119 39 boast
2876 2471 50 39 of
2944 2471 52 39 hu-

1659 2544 94 27 man
1791 2535 158 50 genius,
1980 2545 50 26 or
2049 2544 190 40 prowess,
2272 2544 45 25 as
2353 2530 117 39 alone
2493 2528 92 39 able
2621 2532 44 32 to
2683 2525 96 52 give
2799 2524 223 52 chit-ability

1659 2590 45 34 to
1726 2584 158 54 earthly
1906 2598 152 39 power.
2118 2585 103 51 Why
2259 2587 63 46 (as
2352 2582 69 39 the
2443 2582 150 50 Bishop
2611 2578 246 48 demanded)
2893 2577 33 38 if
2952 2577 71 38 the

1662 2639 275 38 continuance
1968 2637 52 40 of
2052 2637 152 39 human
2235 2635 213 52 authority
2469 2634 178 52 depends
2675 2630 145 51 wholly
2861 2642 53 26 on
2949 2630 70 38 the

1659 2692 183 39 exercise
1860 2688 48 41 of
1933 2691 154 39 human
2117 2689 161 43 ability,
2307 2688 104 38 have
2431 2700 44 25 so
2496 2698 122 39 many
2641 2682 197 53 powerful
2868 2682 155 51 dynast.

1662 2745 91 45 ties,
1775 2744 38 39 in
1835 2744 168 39 various
2022 2744 151 51 epochs
2193 2743 47 37 of
2264 2741 71 39 the
2354 2739 139 45 world,
2530 2751 89 26 rose
2640 2737 76 39 and
2740 2735 81 44 fell,
2844 2734 177 39 without

1662 2809 79 25 one
1762 2796 47 39 of
1834 2796 110 39 them
1967 2796 204 51 attaining
2189 2799 44 32 to
2250 2806 76 39 any
2352 2793 115 46 thin:;
2489 2790 243 51 resembling
2750 2789 233 51 perpetuity
3004 2791 15 33 ?

1663 2848 89 39 And
1776 2850 90 37 how
1886 2861 139 26 comes
2057 2849 46 43 it,
2126 2861 59 26 we
2218 2846 132 51 might
2382 2845 91 45 add,
2505 2844 91 38 that
2626 2843 50 38 of
2702 2843 130 43 those,
2863 2852 137 26 succes-

1662 2901 124 43 sively
1805 2900 296 50 distinguished
2124 2900 107 39 from
2254 2911 151 34 among
2428 2896 105 40 their
2554 2895 154 39 several
2730 2901 266 44 contempora-

1665 2954 92 43 ries,
1780 2954 89 38 who
1891 2953 103 39 alter
2015 2953 76 38 and
2121 2953 154 43 decide,
2329 2949 191 40 humaniv
2555 2948 211 52 s;:eaking,
2798 2947 71 38 the
2903 2946 100 39 desti-

1663 3009 84 35 nies
1779 3007 44 38 cif
1858 3005 431 40 communitieshow
2321 3004 181 51 happens
2533 3004 31 37 it
2593 3001 105 44 that,
2727 3000 50 39 of
2804 3000 97 39 such
2924 2999 71 39 cha-

1665 3065 169 39 racters,
1856 3071 79 26 one
1954 3071 78 38 age
2054 3059 30 38 is
2105 3071 116 26 more
2241 3057 161 51 prolific
2430 3057 98 38 than
2559 3054 171 40 another
2753 3069 11 28 ;
2797 3052 78 38 and
2906 3052 109 44 that,

1665 3113 37 37 in
1727 3124 119 31 many
1877 3112 217 44 instances,
2115 3110 96 39 such
2231 3110 231 39 characters
2492 3119 152 41 appear
2673 3104 93 53 only
2792 3105 38 38 in
2861 3105 159 38 certain

1665 3177 110 39 ages,
1796 3164 78 39 and
1897 3164 39 38 in
1957 3163 224 52 particular
2194 3162 207 40 countries
2417 3167 12 33 ?
2461 3162 133 39 While
2616 3174 58 24 we
2692 3163 145 34 cannot
2858 3157 163 52 dispute

1665 3219 70 38 the
1752 3217 119 40 effect
1892 3216 51 39 of
1959 3217 79 38 this
2065 3216 294 52 dispensation,
2391 3228 60 26 we
2471 3215 155 53 persist,
2657 3211 287 47 nevertheless,
2975 3209 41 39 in

1667 3269 167 52 wilfully
1857 3269 185 51 resisting
2062 3269 69 38 the
2147 3282 136 26 cause.

1721 3326 15 37 I
1760 3337 78 25 was
1860 3322 118 39 much
2010 3321 189 52 gratified
2231 3327 44 32 to
2295 3320 83 40 find
2408 3320 69 39 the
2502 3319 154 52 Bishop
2679 3318 47 39 of
2756 3315 168 41 Carlisle
2952 3328 46 27 en-

1667 3376 117 52 tirely
1806 3377 236 38 consistent.
2101 3376 167 50 Taught
2285 3374 50 38 of
2359 3377 117 35 Jesus
2497 3374 148 43 Christ,
2662 3385 41 25 as
2724 3372 87 38 well
2833 3384 44 25 as
2894 3371 100 38 disci-

1668 3429 129 51 plined
1820 3430 51 51 by
2135 3429 51 38 he
2207 3428 178 41 insisted,
2406 3428 92 37 wi!li
2524 3428 120 37 much
2665 3429 250 34 earnestness
2934 3422 81 39 and

1665 3482 211 41 devotion,
1905 3495 53 26 on
1980 3482 72 38 the
2081 3478 223 54 important
2334 3481 185 39 doctrine
2539 3478 51 39 of
2616 3478 69 39 the
2705 3476 139 40 divine
2872 3482 123 32 atone-

1667 3541 126 33 ment.
1852 3535 63 39 He
1931 3534 204 39 disdained
2170 3540 43 33 to
2233 3534 86 39 halt
2340 3534 177 38 between
2541 3531 233 48 orthodoxy
2796 3528 77 39 and
2895 3527 99 40 theo-

1667 3587 119 52 loLty;
1819 3587 154 52 resting
2004 3587 60 39 his
2091 3587 106 52 hope
2229 3587 51 39 of
2301 3586 156 40 eternal
2494 3585 220 44 salvation,
2743 3580 171 52 directly
2937 3579 81 40 and

1667 3639 247 46 absolutely,
1943 3653 53 25 on
2021 3639 59 39 his
2109 3645 242 46 acceptance
2383 3639 181 51 through
2602 3638 70 38 the
2706 3633 139 40 merits
2878 3632 51 40 of
2960 3632 63 39 his

1667 3693 195 52 heavenly
1897 3693 202 38 mediator
2119 3693 76 38 and
2220 3693 204 38 redeemer
2441 3697 8 33 !
2483 3693 76 37 Let
2595 3703 47 27 us
2679 3687 98 40 look
2810 3685 65 40 for
2907 3697 116 28 some

1668 3746 109 52 good
1796 3748 110 38 from
1928 3746 80 38 this
2027 3745 206 52 episcopal
2252 3744 203 53 example.

1724 3801 66 50 Aly
1813 3806 161 45 present
1993 3798 124 39 limits
2135 3797 188 53 preclude
2340 3813 64 25 me
2422 3797 109 39 from
2546 3794 213 51 following
2779 3791 70 40 the
2868 3790 152 61 Bishop

1667 3853 51 39 of
1742 3854 164 39 Carlisle
1926 3852 180 52 through
2130 3853 118 38 other
2267 3853 156 50 topics;
2453 3862 63 31 or,
2550 3853 11 34 I
2585 3847 144 40 should
2748 3844 136 53 gladly
2910 3843 112 41 avail

1669 3906 150 52 myself
1843 3906 50 39 of
1916 3906 78 38 this
2016 3905 188 40 occasion
2237 3909 43 33 to
2301 3905 163 43 discuss,
2493 3902 97 38 with
2615 3900 98 44 him,
2735 3900 69 38 the
2823 3898 196 53 necessity

1668 3958 51 39 of
1741 3960 181 50 erecting
1949 3958 135 52 places
2117 3959 50 38 of
2189 3958 176 52 worship
2386 3958 64 38 for
2483 3956 71 39 the
2574 3951 233 56 agreeable,
2829 3956 69 47 yet
2923 3963 73 41 gra-

1670 4013 170 41 tuitous,
1871 4011 357 41 accommodation
2259 4011 48 39 of
2334 4011 69 39 the
2435 4007 162 52 people.
2654 4006 89 39 The
2776 4017 185 27 measure
2992 4004 31 39 is

1668 4065 169 40 entitled
1870 4070 43 34 to
1946 4063 314 41 consideration.
2322 4065 14 37 I
2368 4063 100 39 shall
2507 4063 176 51 perhaps
2704 4063 185 39 venture,
2921 4063 44 33 at
2993 4070 25 26 a

1670 4133 113 25 more
1802 4119 244 39 convenient
2083 4117 293 54 opportunity,
2405 4121 43 34 to
2484 4121 168 46 suggest
2687 4124 115 28 some
2828 4110 175 41 observa

1670 4174 107 39 tioes
1801 4172 228 51 respecting
2055 4172 41 39 it.

100 1735 15 19 v

135 2232 46 30 ii*;ts
181 2232 8 30 ,

139 2372 5 20 :
