3461 4453
211 126 78 48 '9B

1117 124 150 51 TIIE
1305 120 384 52 NATIONAL
1728 120 385 52 REGISTER.

219 287 183 35 suppose,
419 279 100 39 that,
542 276 93 33 after
658 278 61 32 the
739 281 96 28 most
850 274 158 47 spirited
1029 272 217 40 resistance,
1273 270 63 34 the
1355 268 230 35 inhabitants

223 333 47 35 of
285 333 76 35 this
379 334 118 34 island
519 346 31 22 w
557 344 61 25 ere
648 333 129 34 forced
806 337 40 31 to
861 331 141 35 submit
1029 334 38 30 to
1091 339 27 24 a
1133 327 149 45 foreign
1299 334 176 37 usurper,
1491 322 99 34 after

224 390 144 47 baying
385 392 93 34 been
496 390 183 46 deprived
698 389 43 34 of
756 389 100 34 their
870 392 150 41 present
1039 385 208 44 Sovereign
1266 384 50 44 by
1338 392 47 25 an
1415 378 156 48 unparal-

226 449 104 37 leled
347 454 59 30 act
424 448 45 35 of
482 454 159 39 outrage
659 446 70 35 and
751 445 163 47 perfidy,
935 445 30 34 is
984 454 73 35 any
1076 454 84 24 man
1179 442 89 34 base
1285 451 44 24 or
1344 443 246 39 extravagant

230 506 148 46 enough
402 517 40 24 as
459 511 44 30 to
523 506 162 45 imagine
702 506 90 45 they
819 502 109 37 could
965 503 45 33 be
1045 498 196 47 prevailed
1270 508 63 32 on,
1361 497 47 44 by
1433 495 100 34 force
1551 504 43 21 or

234 565 235 46 persuasion,
490 569 40 28 to
550 563 135 33 submit
706 569 40 27 to
768 562 64 33 the
849 557 236 47 usurpation.
1139 555 84 35 The
1247 552 236 47 supposition
1509 552 27 33 is
1554 561 40 22 so

234 626 289 38 moostrousoo
554 619 202 44 revolting,
775 617 85 35 that
888 628 54 22 we
965 617 72 33 feel
1058 626 24 22 a
1106 613 102 45 glow
1235 609 45 35 of
1299 608 230 46 indignation
1560 607 34 34 in

236 679 158 46 making
412 679 41 35 it.
513 678 84 37 The
626 689 99 24 same
761 684 234 38 repugnance
1024 673 30 34 is
1080 680 170 26 common
1281 673 40 28 to
1344 669 51 33 all
1426 665 143 35 nations
1585 677 9 28 ;

241 736 76 35 and
335 736 181 35 however
534 741 106 39 great
657 733 63 34 the
737 733 139 34 defl.cts
887 731 44 35 of
945 730 100 35 their
1055 731 241 43 government
1315 735 84 34 may
1421 724 61 40 be,
1501 720 96 35 their

240 793 204 47 antipathy
472 798 44 30 to
543 793 64 34 the
633 791 100 45 yoke
752 789 46 35 of
823 801 22 25 a
873 788 203 45 foreigner,
1104 782 169 48 imposed
1290 787 40 30 at
1352 781 64 34 the
1434 780 110 46 point
1560 777 41 34 of

241 852 69 37 the
327 852 183 45 bayonet,
531 850 33 35 is
583 847 359 48 inextinguishable.

294 934 54 34 As
366 943 87 25 soon
467 943 44 25 as
531 943 56 24 we
604 935 119 30 assent
739 938 38 25 to
796 930 61 32 the
876 925 195 44 foregoing
1093 922 113 41 facts,
1235 930 70 26 our
1330 919 126 50 futiqw
1473 917 128 46 policy

244 992 33 34 is
295 990 172 34 obvious.
524 989 44 35 If
583 989 27 34 it
630 989 45 32 be
690 985 165 35 adhered
875 990 51 37 to,
946 983 65 34 the
1028 978 241 47 subjugation
1286 969 184 59 oidipailh
1489 976 28 33 is
1537 974 45 33 im-

244 1046 183 47 possible.
483 1044 144 35 Should
646 1044 61 34 the
724 1046 128 41 tyrant
865 1050 91 25 even
976 1038 105 46 plant
1101 1036 57 34 his
1175 1035 135 45 Eagles
1320 1028 57 39 WR
1389 1032 63 34 the
1470 1036 133 31 towers:

247 1106 47 34 of
320 1106 149 39 Lisbon,
488 1103 73 34 and
581 1114 46 22 on
646 1101 61 34 the
730 1100 109 34 walls
868 1098 45 33 of
938 1095 139 40 Cadiz,
1110 1095 220 43 Saragossa,
1354 1090 157 40 Seville,
1535 1085 70 37 and

249 1163 202 39 Valencia,
472 1161 58 33 his
547 1160 236 44 sovereignty
806 1167 90 24 over
917 1155 63 33 the
1002 1156 156 39 country
1178 1152 32 33 is
1226 1160 41 24 as
1292 1147 217 47 precarious
1522 1155 39 24 as
1579 1146 27 33 it

252 1221 77 34 had
347 1221 86 32 been
452 1219 60 34 six
535 1217 142 35 months
694 1227 89 32 ago.
837 1214 209 37 Ilowe‘er,
1076 1208 35 34 if
1139 1218 71 25 our
1239 1208 246 34 Government
1506 1204 63 32 has
1586 1213 22 22 a

244 1277 170 47 tparticle
431 1276 45 34 of
489 1285 137 34 energy
646 1273 81 39 left,
746 1272 76 34 this
841 1270 184 44 calamity
1050 1278 86 35 may
1166 1269 45 32 he
1230 1263 169 37 averted.

1446 1261 84 46 .But
1548 1260 59 33 the

254 1333 227 37 misconduct
498 1333 72 33 and
593 1331 187 35 weakness
798 1329 45 34 of
859 1328 189 35 Ministers
1067 1325 96 33 have
1182 1324 90 33 been
1285 1332 40 24 so
1341 1329 89 37 very
1450 1317 157 45 glaring,

248 1396 94 34 .that
361 1404 57 24 we
433 1403 67 25 are
519 1393 125 34 afraid
661 1391 45 33 of
722 1388 295 43 recommending
1035 1393 187 27 measures
1235 1393 103 25 more
1356 1384 197 32 consonant
1571 1384 38 28 to

257 1463 73 24 our
345 1452 131 34 wishes
494 1449 72 34 and
585 1450 61 33 the
667 1457 189 25 resources
881 1444 46 34 of
952 1444 63 33 the
1041 1442 163 44 empire.
1256 1439 54 35 As
1336 1449 57 25 we
1406 1437 151 45 despair
1574 1435 41 35 of

252 1518 19 39 -
270 1518 96 39 great
397 1522 44 22 or
467 1509 210 34 edicacious
705 1508 193 34 exertions
930 1515 50 24 on
1005 1504 102 34 their
1134 1504 104 43 part,
1273 1509 58 25 we
1367 1498 78 34 will
1470 1496 142 35 confine

260 1571 184 33 ourselves
462 1573 39 28 to
519 1577 26 25 a
562 1567 73 34 line
656 1565 41 33 of
715 1565 128 45 policy
863 1573 100 24 more
981 1558 256 38 conformable
1256 1561 39 28 to
1320 1556 99 33 their
1435 1554 175 44 capacity

257 1628 73 34 and
350 1629 58 32 the
425 1625 159 34 conduct
604 1624 85 44 they
707 1626 96 32 have
824 1623 167 33 hitherto
1011 1617 176 50 pursued.
1244 1617 38 33 A
1300 1616 92 33 Bun
1403 1623 69 25 Let
1483 1623 59 24 OH
1570 1623 45 24 or

259 1698 27 22 a
307 1684 152 34 CHATH
472 1691 79 32 Am,
573 1693 56 24 we
648 1681 112 34 know
778 1681 66 33 full
869 1680 102 40 well,
993 1676 122 35 would
1144 1683 155 34 manage
1316 1682 70 24 our
1396 1670 126 34 affairs
1540 1671 34 34 in
1590 1681 24 22 a

260 1742 168 34 different
446 1748 176 30 manner;
648 1739 70 33 and
738 1739 115 33 under
870 1736 63 34 the
951 1734 183 45 guidance
1152 1731 45 33 of
1211 1729 98 34 their
1326 1728 141 46 genius,
1482 1727 130 45 eighty

260 1796 181 38 thousand
477 1794 145 35 British
647 1795 172 40 soldier;,
854 1804 39 24 at
922 1792 60 34 the
1012 1791 80 33 foot
1123 1787 45 35 of
1196 1786 65 34 the
1292 1785 126 33 Sierra
1444 1783 168 40 Morena,

265 1856 131 35 would
428 1856 89 46 give
556 1852 182 34 BONAPA
754 1861 80 24 RTC
865 1859 98 25 some
990 1845 243 46 occupation,
1263 1841 71 34 and
1361 1840 103 35 force
1483 1839 73 35 him
1578 1846 37 27 to

262 1915 96 44 fitht
376 1924 109 34 many
498 1923 25 24 a
542 1911 91 34 hard
648 1910 131 40 blttle,
802 1907 128 33 before
961 1906 46 34 he
1033 1904 132 34 should
1199 1904 45 31 be
1272 1900 87 33 able
1378 1905 40 28 to
1439 1898 103 45 plant
1563 1898 54 34 his

270 1971 136 43 Eagles
420 1981 46 24 on
484 1980 25 24 a
524 1968 137 44 village
674 1967 139 44 steeple
834 1970 37 27 to
891 1963 63 33 the
970 1962 110 34 south
1097 1959 46 34 of
1157 1959 106 33 those
1283 1956 223 34 mountains.
1545 1954 71 34 But

269 2035 70 26 our
363 2028 151 33 modern
543 2031 193 27 statesmen
755 2033 64 22 arc
839 2026 59 30 not
917 2020 45 34 of
984 2019 80 33 that
1087 2017 162 44 fighting
1272 2013 250 45 disposition;
1548 2011 70 33 and

268 2083 98 35 with
385 2093 43 25 an
446 2093 111 34 army
575 2080 45 35 of
647 2085 74 30 two
743 2078 161 34 hundred
930 2075 71 34 and
1029 2079 143 39 twenty
1192 2070 178 35 thousand
1391 2067 45 35 of
1459 2069 60 33 the
1543 2068 77 33 hest

268 2141 154 35 soldiers
435 2141 37 33 in
491 2141 66 32 the
574 2139 184 37 universe,
777 2135 69 34 and
867 2135 63 33 the
944 2134 124 33 immen
1068 2134 25 33 ,
1093 2134 25 33 e
1135 2140 78 25 sum
1232 2128 44 33 of
1289 2131 152 38 seventy
1462 2125 159 34 millions

272 2199 155 43 sterling
441 2203 41 28 at
500 2196 103 35 their
618 2194 181 45 disposal,
817 2192 85 44 they
926 2196 111 27 vaunt
1063 2189 102 33 their
1194 2186 161 34 services
1372 2183 70 34 and
1469 2193 152 33 energy,

274 2256 64 33 for
365 2254 138 44 having
529 2256 79 31 sent
630 2263 25 21 a
679 2250 105 35 sixth
814 2255 84 38 part
918 2246 47 33 of
989 2256 69 24 our
1082 2244 122 39 force,
1234 2242 106 32 when
1367 2241 63 32 the
1450 2239 117 33 battle
1584 2237 41 34 of

278 2311 116 45 Spain
412 2322 78 33 was
507 2310 135 33 almost
656 2317 107 28 over,
776 2311 38 27 to
833 2303 156 35 contend
1009 2301 143 44 against
1170 2298 64 34 the
1246 2295 198 37 undivided
1461 2294 162 43 str.ngth

276 2370 46 33 of
335 2368 58 34 the
411 2378 148 34 enemy.
613 2366 69 33 We
702 2365 80 33 will
803 2369 60 27 not
882 2361 112 34 touch
1013 2360 129 41 longer
1160 2367 47 22 on
1227 2355 80 33 that
1323 2349 146 47 grating
1485 2352 139 44 string;

278 2426 73 35 and
367 2435 39 24 as
420 2424 100 34 their
537 2422 185 34 exertions
735 2430 146 34 appear
893 2422 38 28 to
956 2418 46 33 be
1019 2413 165 37 confined
1202 2419 39 25 to
1261 2411 81 33 that
1362 2408 263 45 unanspicions

281 2483 91 34 trial
397 2481 44 33 of
461 2480 103 34 their
579 2489 152 33 energy,
754 2487 56 24 we
872 2476 43 33 ill
940 2483 85 25 now
1049 2469 174 38 consider
1248 2466 105 34 what
1378 2466 116 41 ought
1519 2470 38 27 to
1581 2463 44 33 be

279 2541 112 39 done,
405 2537 136 35 should
570 2537 59 34 Bo
639 2545 52 25 NA
703 2543 51 27 PA
767 2542 81 25 ttzu
866 2530 152 35 succeed
1037 2528 37 35 iu
1089 2523 247 45 overrunning
1359 2520 63 35 the
1443 2519 182 35 Southern

282 2596 257 43 departments

334 2679 161 45 Though
516 2678 187 35 Ministers
720 2685 87 35 may
829 2673 71 33 feel
920 2682 25 24 a
961 2667 279 38 disinclination
1259 2670 39 30 to
1315 2665 84 45 give
1419 2675 40 22 us
1475 2662 158 34 another

283 2739 187 46 specimen
485 2737 45 32 of
544 2735 98 33 their
657 2743 137 33 energy
813 2730 69 35 and
900 2727 196 41 foresight,
1124 2726 48 45 by
1194 2722 149 44 sending
1356 2721 156 34 another
1527 2730 106 33 army

285 2796 162 43 directly
467 2799 40 28 to
528 2792 131 43 Spain,
689 2802 57 21 we
765 2791 91 30 trust
874 2786 98 33 their
984 2784 125 33 efforts
1130 2781 79 33 win
1245 2785 63 28 not
1336 2780 44 32 be
1411 2776 164 35 confined
1596 2783 38 26 to

285 2854 67 33 the
367 2854 76 32 late
463 2848 168 37 ill-fated
656 2846 237 44 expedition.
946 2841 107 44 They
1083 2850 86 32 may
1189 2842 60 30 not
1280 2837 45 32 be
1350 2844 89 32 very
1467 2831 167 46 splendid

283 2909 216 40 tacticians,
527 2916 70 25 nor
625 2913 138 39 possess
790 2900 106 35 much
927 2893 295 50 topographical
1254 2890 236 44 knowledge,
1515 2888 120 34 either

287 2968 38 33 in
343 2978 24 22 a
397 2965 190 44 military,
613 2972 43 25 or
672 2970 73 34 any
767 2957 110 34 other
895 2956 93 32 view
1012 2965 9 26 ;
1051 2953 65 32 but
1134 2952 91 43 they
1247 2950 77 32 will
1356 2953 65 30 not
1452 2946 96 34 have
1574 2944 60 33 the

287 3033 158 34 courage
467 3027 39 28 to
520 3030 148 37 appear
683 3017 131 34 before
836 3014 64 33 the
918 3013 71 31 bar
1002 3009 45 33 of
1067 3008 100 34 their
1185 3013 175 35 country,
1385 3004 71 33 and
1474 3013 81 34 say,
1584 3012 56 22 we

291 3081 97 33 have
411 3079 109 35 made
547 3090 24 22 a
598 3085 139 38 proper
764 3083 61 25 use
853 3071 41 34 of
917 3071 44 32 its
994 3074 188 27 resources
1209 3063 70 34 and
1309 3061 227 40 confidence,
1570 3059 70 33 and

291 3137 98 35 have
407 3135 215 47 performed
640 3143 113 33 every
771 3130 105 43 thing
896 3124 125 37 which
1041 3120 110 38 could
1178 3122 46 32 he
1258 3120 93 32 done
1372 3125 39 26 to
1440 3116 106 34 assist
1581 3115 59 33 the

292 3193 206 47 Spaniards
514 3190 229 44 effectually.
796 3187 107 38 They
939 3181 165 47 promise
1136 3178 72 33 and
1244 3177 139 33 bluster
1409 3172 124 40 much,
1566 3172 28 33 it
1615 3172 27 33 is

291 3260 106 25 true;
424 3250 72 33 and
519 3247 222 35 formidable
767 3241 242 47 expeditions
1026 3247 64 24 are
1116 3244 115 33 every
1253 3233 71 44 day
1346 3230 152 34 orderc,l
1518 3237 38 25 to
1574 3230 66 32 sail

292 3313 65 34 for
376 3309 141 40 Cadiz,
546 3318 44 25 or
608 3318 96 24 some
733 3304 111 35 other
865 3306 85 43 port
985 3300 35 32 in
1051 3296 61 33 the
1146 3295 131 33 South.
1331 3291 124 34 There
1473 3301 65 21 are
1570 3291 71 32 few

292 3372 182 32 instances
508 3364 46 34 of
576 3358 209 50 braggarts;
831 3363 86 32 who
950 3356 169 46 perform
1157 3350 107 35 much
1283 3360 12 28 ;
1343 3346 72 34 and
1453 3345 33 34 if
1507 3346 139 34 serious

295 3425 135 34 wishes
451 3433 103 22 were
569 3418 230 37 entertained
822 3422 35 27 to
889 3416 111 33 make
1018 3423 22 22 a
1056 3407 194 37 diversion
1283 3406 35 33 in
1346 3404 137 33 favour
1513 3403 45 33 of
1585 3404 61 33 the

298 3480 207 48 `:paniards
523 3478 45 34 of
583 3480 59 32 the
664 3475 135 40 South,
821 3484 56 22 we
891 3472 118 41 really
1033 3470 78 32 fear
1131 3467 84 33 that
1235 3472 69 24 our
1320 3461 222 45 expedition
1564 3471 77 22 may

296 3540 142 43 arrive,
464 3542 41 30 at
535 3537 64 33 the
618 3544 87 33 very
724 3537 161 28 montent
909 3529 59 33 Bo
981 3535 115 24 N.IPA
1108 3534 50 24 KT
1213 3520 71 34 had
1302 3517 202 35 succeeded
1524 3517 34 33 in
1577 3519 57 33 dis

299 3601 149 47 persing
464 3599 67 33 the
544 3598 69 33 last
625 3606 106 33 army
746 3593 39 34 of
803 3592 61 34 the
883 3588 97 35 l'atri
980 3588 15 35 ,
996 3588 33 35 it
1038 3596 26 24 s.
1120 3585 72 32 We
1208 3592 79 31 arc,
1309 3578 204 39 therefore,
1530 3578 120 34 afraid

300 3661 44 33 rif
359 3660 97 34 their
475 3657 196 45 activity,*
685 3653 70 35 and
778 3652 154 35 tremble
950 3656 39 27 at
1009 3648 63 33 the
1089 3652 265 37 consequences
1372 3640 44 34 of
1430 3640 96 33 their
1541 3640 93 33 inter-

301 3720 159 34 ference.
520 3715 77 34 But
626 3710 210 44 something
868 3712 93 30 must
997 3706 44 32 he
1058 3702 93 34 done
1187 3705 40 28 to
1257 3707 89 25 save
1372 3697 63 33 the
1455 3696 142 34 honour
1615 3696 43 33 of

299 3777 67 34 the
383 3777 177 37 country,
593 3769 70 35 and
700 3767 33 37 if
758 3767 90 45 they
867 3775 64 24 are
959 3759 202 46 incapable
1193 3757 44 34 of
1267 3754 191 45 rendering
1478 3754 177 45 positive,

300 3835 58 34 Jet
390 3831 100 33 them
526 3829 87 45 give
643 3839 24 22 a
694 3826 91 35 kind
823 3824 41 33 of
894 3821 172 45 negative
1101 3816 217 35 assistance.
1385 3811 109 45 They
1524 3817 130 27 cannot

302 3889 191 46 complain
529 3885 48 34 of
604 3883 163 44 scarcity
795 3880 44 37 of
870 3878 191 46 shipping.
1120 3872 142 45 Flying
1294 3867 202 48 squadrons
1524 3867 132 34 should

304 3951 197 38 therefore
544 3948 48 33 be
639 3943 261 45 immediately
943 3937 182 37 detached
1162 3944 38 25 to
1252 3932 63 35 the
1348 3935 119 30 coat-ts
1513 3928 45 35 of
1597 3930 61 33 the

306 4015 176 39 Atlantic
516 4010 72 34 aryl
625 4007 319 37 MelPterrancan,
971 4002 91 32 with
1098 4002 133 35 stores,
1266 4004 113 30 arms,
1398 3992 170 40 soldiers,
1587 3992 70 34 and

305 4084 150 34 xnoney.
495 4067 182 45 Through
697 4065 60 33 the
775 4062 157 34 medium
951 4057 46 35 of
1007 4055 124 35 active
1149 4057 141 40 agents,
1309 4050 27 35 it
1354 4062 25 24 vt
1391 4050 40 34 ill
1452 4052 45 32 be
1513 4059 86 34 easy
1619 4052 40 28 to

308 4139 99 41 Keep
438 4142 53 34 up
526 4139 50 24 on
606 4126 177 33 inees,ant
816 4111 314 40 connon&cation
1149 4110 96 35 With
1272 4108 63 34 the
1359 4107 189 34 maritime
1576 4116 85 34 pro-

309 4194 124 33 Ninces
461 4187 120 35 under
612 4183 64 33 the
707 4175 171 39 controul
914 4172 46 35 of
990 4172 63 34 the
1081 4178 132 35 enemy
1230 4179 8 24 :
1266 4165 71 35 and
1369 4162 116 47 every
1509 4162 149 46 facility

311 4247 155 47 granted
485 4253 40 28 to
548 4244 61 37 the
626 4232 272 45 di*coutented,
925 4230 87 37 who
1041 4238 61 26 arc
1122 4227 64 34 the
1202 4230 105 41 great
1333 4221 180 47 majority
1530 4220 44 37 of
1599 4221 61 34 the

2702 119 138 50 FEB
2908 120 89 54 12.

1656 269 96 34 male
1783 267 244 47 population,
2056 272 40 30 to
2125 265 172 35 abandon
2316 262 65 37 ihe
2399 270 169 39 country.
2621 265 119 34 Thee
2770 270 84 26 men
2874 260 131 35 should

1657 327 47 34 be
1723 324 253 45 immediately
2003 328 77 30 sent
2107 327 38 30 to
2166 322 64 35 the
2252 322 177 34 Balearic
2451 320 161 44 Islam's,
2630 320 71 35 and
2719 319 196 44 organised
2931 318 72 34 and

1656 381 190 47 equipped
1859 391 41 25 as
1917 379 292 47 expeditiously
2225 389 39 26 as
2277 379 178 45 possible.
2510 379 60 43 By
2590 387 119 24 means
2730 376 43 34 of
2787 373 141 47 partial
2944 373 41 34 de-

1658 446 132 34 scents,
1808 439 70 33 and
1896 436 293 47 overpowering
2199 436 106 35 small
2324 443 103 38 posts
2437 435 43 35 of
2492 435 63 34 the
2569 444 128 34 enemy
2717 432 64 34 the
2796 432 215 33 confidence

1659 496 46 35 of
1719 497 61 34 the
1798 495 247 41 inhabitants,
2061 493 73 35 and
2157 493 100 34 their
2274 493 159 46 opinion
2448 491 44 34 of
2513 502 67 24 our
2597 500 152 34 energy,
2769 498 86 33 may
2872 488 45 33 be
2931 485 79 35 still

1664 554 91 44 kept
1770 552 113 35 alive.
1941 550 43 35 If
1996 550 74 34 this
2088 550 136 45 simple
2246 544 137 51 systeM
2402 549 43 34 of
2469 547 161 37 warfare
2654 546 70 34 and
2743 546 120 33 alarm
2884 544 47 33 be
2943 542 45 35 ad-

1665 609 110 34 hered
1793 614 54 37 to,
1869 619 57 24 we
1943 618 85 35 may
2049 617 91 34 pour
2160 607 54 41 in,
2235 606 109 34 when
2361 604 64 37 the
2444 604 170 37 invaders
2631 613 64 25 are
2713 602 94 34 least
2823 609 129 26 aware
2970 600 45 35 of

1667 667 44 40 it,
1743 666 39 35 an
1782 666 19 35 ,
1801 666 99 35 :ther
1930 664 104 35 force
2068 661 46 35 of
2135 672 47 24 an
2216 661 167 35 hundred
2415 661 69 34 and
2516 659 89 46 fifty
2636 657 178 38 thousand
2849 654 161 47 Spanish

1663 726 137 40 exiles,
1835 724 35 33 in
1904 722 64 34 the
2002 720 148 46 highest
2184 725 96 28 state
2309 718 45 35 of
2381 718 215 46 discipline,
2626 715 69 37 and
2730 715 159 44 burning
2920 712 91 34 with

1668 789 203 37 vengeance
1904 778 150 45 against
2082 778 64 33 the
2173 785 174 35 usurpers
2373 774 45 37 of
2439 775 99 34 their
2572 778 183 40 property
2774 771 72 33 and
2880 770 83 34 soil.
2967 788 47 6 —

1670 837 64 35 All
1754 847 58 25 we
1850 834 241 47 apprehend,
2131 835 31 33 is
2198 843 100 25 some
2340 831 117 35 South
2499 830 198 34 American
2735 827 169 41 bubble;
2944 826 70 34 and

1669 899 84 34 that
1782 896 190 37 Ministers
1998 905 86 35 may
2112 895 97 34 have
2236 894 144 35 formed
2399 893 63 34 the
2481 891 165 35 ill-fated
2665 888 145 47 project
2829 886 45 35 of
2902 892 97 30 trans-

1672 956 149 46 porting
1846 953 65 35 the
1911 953 174 35 Patriots
2102 952 146 45 beyond
2281 950 65 35 the
2365 950 178 34 Atlantic.
2598 948 78 33 For
2694 943 191 39 Heaven's
2903 945 104 39 sake,

1672 1015 53 33 let
1767 1011 61 35 the
1872 1011 96 34 fatal
2001 1009 84 35 idea
2119 1010 46 34 be
2200 1007 252 45 immediately
2483 1003 216 38 abandoned
2717 1015 11 30 ;
2769 1002 72 34 and
2872 1002 52 33 let
2954 1000 63 34 the

1676 1069 122 37 whole
1830 1078 92 25 mass
1941 1067 44 35 of
2007 1067 64 34 the
2089 1067 157 45 Spanish
2276 1065 72 34 and
2378 1065 229 43 Portuguese
2624 1061 118 35 exiles
2761 1061 46 32 be
2837 1058 181 34 collected

1674 1127 38 34 in
1729 1126 220 37 convenient
1967 1124 124 45 places
2109 1123 44 34 of
2174 1133 111 32 arms,
2311 1133 43 24 as
2389 1121 216 45 contiguous
2634 1129 38 24 as
2702 1117 164 46 possible
2885 1120 38 30 to
2956 1116 65 33 the

1677 1182 157 47 Spauish
1863 1186 122 31 coast.
2043 1180 128 45 Every
2194 1179 73 45 day
2296 1179 84 34 will
2396 1187 189 27 a-ncrease
2613 1175 97 34 their
2743 1174 184 40 numbers,
2952 1182 32 22 ai
2998 1170 25 34 d

1678 1244 98 35 their
1793 1244 137 33 horror
1946 1239 46 37 of
2006 1241 64 34 the
2096 1251 144 34 enemy.
2296 1239 43 35 If
2365 1248 56 25 we
2435 1248 65 24 are
2532 1238 124 33 active
2673 1234 71 34 and
2765 1233 253 44 persevering,

1676 1302 72 35 and
1768 1302 110 33 know
1902 1300 84 33 how
2001 1304 39 30 to
2055 1298 111 35 make
2178 1309 24 24 a
2218 1307 139 35 proper
2370 1306 64 25 use
2452 1294 41 34 of
2517 1296 64 33 the
2601 1292 129 35 rooted
2760 1289 202 45 antipathy
2981 1286 44 34 of

1680 1359 63 33 the
1763 1358 162 40 natives,
1961 1355 73 35 and
2068 1355 143 45 neglect
2244 1364 47 24 no
2327 1352 247 46 opportunity
2608 1350 45 34 of
2688 1349 204 41 fomenting
2928 1346 97 33 their

1678 1415 187 41 aversion,
1903 1423 60 24 we
1998 1422 102 34 may,
2141 1409 200 44 admitting
2370 1419 91 25 even
2481 1408 64 35 the
2563 1406 216 46 possibility
2798 1403 46 34 of
2867 1403 63 33 the
2944 1402 54 43 Ty-

1680 1470 111 35 rant's
1809 1469 298 44 overwhelming
2121 1468 60 34 the
2200 1472 146 40 present
2367 1466 111 45 spirit
2489 1465 45 35 of
2545 1465 197 34 resistance
2759 1463 35 32 in
2807 1462 64 34 the
2893 1459 132 40 South,

1680 1530 76 33 still
1791 1534 81 28 tear
1905 1526 97 34 from
2039 1525 53 34 his
2125 1535 128 33 grasp,
2280 1525 48 44 by
2359 1533 120 24 means
2504 1521 44 34 of
2570 1533 22 22 a
2611 1517 227 38 formidable
2870 1515 155 46 Spanish

1680 1596 123 34 army,
1830 1586 65 32 tho
1915 1581 203 46 possession
2148 1580 44 34 of
2213 1591 25 24 a
2254 1586 158 38 country
2433 1580 43 33 he
2493 1589 66 26 can
2580 1586 111 25 never
2709 1574 184 35 reconcile
2914 1579 37 28 to
2970 1572 54 33 his

1682 1641 231 46 usurpation.

1926 1756 319 48 NOTICES
2281 1754 93 50 OF
2574 1749 220 50 ALTY.

1736 1909 117 33 When
1872 1907 63 35 the
1955 1907 125 41 bright
2100 1905 122 35 future
2242 1905 47 33 ST
2298 1913 57 25 AR
2374 1911 56 25 or
2456 1900 56 35 EN
2523 1910 54 24 01,
2587 1910 19 24 A
2619 1909 21 25 N
2652 1898 53 35 D'S
2726 1898 217 39 TIIRONE,

1866 1969 123 43 magic
2008 1967 122 38 smile,
2159 1963 89 33 hath
2268 1959 80 34 o'er
2366 1959 64 33 the
2450 1958 162 45 banquet

1741 2024 175 43 Winning
1936 2028 163 39 respect,
2127 2030 66 22 nor
2212 2019 180 41 claiming
2452 2016 59 32 hat
2533 2015 45 32 he
2600 2024 98 28 won,

1742 2081 67 34 But
1834 2080 210 45 tempering
2062 2078 201 45 goodness;
2290 2073 83 34 like
2391 2083 45 21 an
2454 2072 151 41 evening
2624 2080 77 31 sun,

1744 2137 136 33 Whose
1899 2137 98 43 light
2017 2135 60 33 the
2092 2144 72 34 eye
2183 2143 65 22 eau
2270 2130 206 45 tranquilly
2497 2126 161 40 admire,

1740 2194 176 34 Gloriums
1938 2194 66 33 but
2023 2190 105 41 mild,
2154 2189 51 33 all
2228 2186 154 35 Ailtness
2400 2190 61 40 )et
2480 2184 48 34 ail
2552 2184 66 32 fire

2057 2244 162 38 .Mourc's
2241 2246 143 40 Epistle
2404 2246 33 30 to
2457 2243 56 31 the
2533 2241 103 44 Lady
2657 2238 189 34 Charlotte
2870 2235 172 35 Ramlon.

2108 2387 203 38 PRINCE
2343 2383 67 38 OF
2439 2381 198 40 WALES.

1747 2460 53 34 IT
1820 2460 28 33 is
1865 2461 126 41 pretty
2008 2456 191 46 generally
2216 2456 155 37 known,
2391 2448 79 35 that
2486 2450 57 33 his
2562 2446 125 47 Royal
2704 2443 189 47 Highness
2907 2443 144 45 George

1700 2518 181 43 Augustus
1902 2515 227 39 Frederick,
2156 2512 136 33 Prince
2307 2509 45 33 of
2380 2507 138 40 Wales,
2552 2517 74 24 was
2647 2507 89 33 born
2756 2515 46 24 on
2820 2503 65 34 the
2903 2502 146 34 twelfth

1697 2575 43 34 of
1756 2576 143 43 August
1920 2572 118 38 1762;
2065 2581 24 24 a
2107 2567 229 35 memorable
2349 2565 89 40 and,
2466 2564 180 45 perhaps,
2670 2559 242 37 remarkable
2929 2559 124 43 day—

1697 2642 41 22 as
1752 2631 63 33 the
1831 2631 242 40 anniversary
2093 2626 43 33 of
2161 2626 63 32 the
2244 2623 200 34 Accession
2461 2622 41 33 of
2526 2623 64 32 the
2610 2620 128 34 House
2756 2619 46 33 of
2830 2615 222 37 Brunswick

1701 2695 38 27 to
1769 2688 60 33 the
1867 2687 144 34 British
2033 2683 167 34 Throne.
2255 2682 63 33 lle
2344 2680 39 34 is
2414 2689 100 33 now,
2542 2676 203 44 therefore,
2773 2676 38 33 in
2846 2674 58 35 his
2931 2673 102 45 forty-

1701 2745 149 32 seventh
1872 2752 109 25 year.

1753 2802 112 43 Many
1885 2798 215 35 difficulties
2117 2794 126 35 attend
2263 2794 64 33 the
2352 2784 228 44 delineation
2610 2791 44 35 of
2683 2790 64 35 the
2772 2789 211 35 characters
3018 2787 45 34 of

1702 2858 151 34 exalted
1874 2867 235 35 personages.
2164 2852 97 34 Such
2295 2852 214 33 characters
2543 2859 66 25 are
2629 2848 188 45 variously
2846 2846 210 40 estimated,

1706 2919 169 35 because,
1902 2911 287 46 conspicuously
2207 2920 40 24 as
2275 2908 92 45 they
2400 2919 94 22 seem
2518 2913 38 28 to
2576 2908 46 32 be
2646 2904 229 41 exhibited,.
2888 2906 85 43 they
2991 2913 69 24 are

1706 2972 102 35 often
1828 2983 87 32 very
1942 2968 239 46 imperfectly
2204 2965 239 35 understood.
2498 2965 35 34 It
2568 2965 30 33 is
2633 2965 34 33 in
2695 2963 73 33 this
2805 2961 256 45 predicament

1710 3031 79 32 that
1809 3039 53 22 we
1880 3038 71 24 arc
1970 3026 77 34 still
2066 3024 210 45 compelled
2295 3030 37 27 to
2352 3022 254 45 contemplate
2624 3021 60 33 the
2711 3019 285 44 heir-apparent
3020 3022 41 27 to

1710 3086 60 33 the
1791 3087 130 32 throne
1941 3084 44 34 of
2001 3094 69 22 our
2087 3089 175 35 country.
2319 3079 119 34 What
2473 3079 44 33 he
2548 3078 119 44 might
2687 3077 96 34 have
2804 3076 158 45 proved,
2989 3074 73 33 had

1711 3143 27 32 it
1759 3144 89 32 been
1869 3141 202 46 permitted
2095 3139 89 40 him,
2212 3138 116 34 about
2348 3136 63 34 the
2430 3146 90 34 year
2538 3136 110 43 1788,
2673 3141 39 27 to
2732 3133 91 34 take
2841 3143 48 24 an
2906 3133 157 33 efficient

1714 3209 80 34 part
1822 3200 34 33 in
1880 3201 63 31 the
1963 3203 239 38 ;2;overnment
2220 3195 44 34 of
2290 3195 73 32 this
2394 3195 139 41 tuition,
2563 3194 31 33 it
2624 3203 100 24 were
2760 3191 135 34 useless
2922 3200 80 25 now
3024 3194 39 30 to

1713 3257 183 43 imagine;
1928 3257 66 32 but
2027 3254 30 33 it
2088 3259 92 27 must
2202 3253 45 32 be
2264 3249 203 43 confessed,
2493 3261 40 22 as
2563 3252 30 32 it
2622 3249 116 45 ought
2765 3253 40 28 to
2837 3248 47 33 be
2911 3256 130 24 remem-

1714 3314 124 40 bered,
1869 3312 81 34 that
1970 3311 63 34 the
2053 3314 145 41 present
2222 3308 133 34 Prince
2374 3307 44 34 of
2446 3307 123 34 Wales
2591 3307 65 34 has
2686 3311 81 37 not,
2792 3305 102 34 since
2913 3304 61 33 the
2991 3314 77 22 me-

1717 3371 142 35 Laichol
1869 3381 20 33 y
1926 3369 132 45 period
2078 3365 81 47 just
2192 3365 162 43 noticed,
2401 3370 71 28 met
2504 3376 19 21 v
2542 3365 56 32 its
2633 3373 72 34 any
2731 3361 253 46 opportunity
3005 3359 63 35 for

1713 3430 124 43 acting,
1856 3438 51 34 up
1928 3433 38 27 to
1984 3425 104 33 those
2106 3423 128 46 public
2251 3422 202 45 principles
2469 3420 124 35 which
2613 3420 43 34 lie
2676 3422 27 33 is
2722 3420 171 33 believed
2915 3426 37 27 to
2972 3418 97 33 have

1716 3485 209 40 cherished,
1951 3494 44 22 or
2014 3482 58 33 for
2086 3480 215 45 displaying
2317 3480 107 33 those
2439 3480 170 33 abilities
2620 3478 44 34 of
2680 3477 124 35 which
2824 3478 46 33 he
2884 3487 27 24 is
2931 3476 137 33 known

1720 3553 37 25 to
1791 3544 45 32 be
1864 3539 203 47 possessed.
2121 3539 73 33 His
2226 3536 180 34 laudable
2435 3536 110 46 spirit
2582 3534 44 35 of
2647 3534 208 35 emulation
2885 3531 61 34 has
2976 3531 93 33 been

1719 3599 182 41 checked,
1926 3598 71 34 and
2017 3594 190 48 repressed
2224 3607 11 28 ;
2265 3594 54 33 his
2348 3593 119 45 hopes
2492 3592 98 35 have
2620 3593 92 33 bees
2725 3589 169 41 excited,
2920 3588 86 45 only
3030 3592 40 30 to

1721 3660 44 30 he
1783 3656 265 46 disappointed
2065 3666 11 28 ;
2113 3652 71 37 and
2219 3652 56 34 his
2304 3651 181 46 patriotic
2502 3651 247 41 endeavours,
2776 3654 38 27 to
2843 3656 141 25 assume
3007 3644 65 35 the

1720 3715 136 33 station
1876 3712 195 43 becoming
2085 3710 56 34 his
2160 3710 93 33 rank
2270 3707 37 34 in
2320 3707 162 46 society,
2510 3707 97 33 have
2624 3706 85 45 only
2728 3702 190 47 subjected
2939 3703 72 33 him
3030 3706 43 28 to

1723 3770 219 45 mortifying
1961 3768 178 46 repulses,
2165 3767 71 34 and
2254 3777 45 22 an
2316 3765 172 34 absolute
2516 3770 89 28 veto
2621 3772 100 37 upon
2741 3762 56 34 his
2828 3767 94 28 most
2948 3759 103 45 digni-

1726 3828 66 33 fied
1830 3827 193 45 proposal.
2073 3824 83 34 The
2185 3823 132 34 second
2353 3833 133 35 person
2519 3822 35 33 in
2588 3820 65 37 the
2686 3819 196 46 kingdom,
2926 3817 74 34 hint
3031 3822 41 30 to

1727 3883 122 35 whom
1869 3883 64 33 the
1957 3881 262 46 expectations
2236 3879 44 34 of
2295 3879 64 34 the
2392 3879 136 45 people
2559 3888 99 24 were
2685 3876 188 41 directed,
2896 3875 69 34 and
2983 3874 90 35 who

1727 3943 135 46 panted
1891 3941 61 34 for
1969 3940 155 41 nothing
2140 3948 39 22 so
2202 3937 104 34 much
2326 3947 43 24 as
2395 3943 40 27 to
2450 3934 141 47 justify
2623 3935 60 33 the
2715 3933 91 34 fund
2836 3932 156 46 opinion
3009 3943 43 25 en-

1727 4000 181 35 tertained
1928 3998 43 33 of
1990 3997 74 33 him
2086 3997 48 44 by
2156 3994 56 33 his
2229 3999 259 40 countrymen,
2516 3992 61 43 he,
2611 3991 72 35 and
2700 3991 45 35 be
2769 3991 109 45 only,
2904 4000 112 24 seems
3034 3996 39 27 to

1728 4059 92 33 have
1835 4057 92 34 been
1944 4052 243 35 necessitated
2206 4058 37 27 to
2259 4051 115 34 make
2394 4050 57 34 his
2476 4054 242 31 amusements
2737 4046 58 35 his
2824 4046 246 46 occupation,

1726 4115 67 35 and
1814 4120 35 28 to
1876 4111 150 35 shrowd
2044 4109 151 35 himself
2210 4108 110 35 under
2337 4119 48 24 an
2408 4108 191 44 obscurity
2620 4106 94 35 with
2734 4104 126 35 which
2889 4103 45 34 he
2953 4103 28 34 is

1726 4170 136 47 gusted.
1919 4169 73 35 His
2019 4167 110 35 noble
2156 4166 171 44 demand,
2353 4165 133 45 during
2515 4165 65 34 the
2607 4174 90 35 year
2722 4165 65 39 ISO
2787 4165 44 39 3,
2867 4168 38 27 to
2931 4161 43 33 be
2998 4170 51 24 cm-

1726 4228 181 48 powered
1928 4234 35 28 to
1982 4222 96 39 head
2094 4234 100 26 some
2212 4224 154 46 portiog
2383 4222 45 37 of
2441 4222 59 35 the
2528 4222 120 35 forces
2673 4220 45 35 of
2741 4220 57 35 his
2816 4224 174 43 country,
3017 4217 57 47 his

0 0 11 41 I
