3461 4453
233 120 156 52 FEB.
437 117 76 47 12.

288 247 87 34 The
405 253 178 31 sermon,
614 239 128 38 winch
781 239 124 38 forms
943 236 67 38 the
1042 233 152 50 subject
1231 233 50 38 of
1304 244 65 39 my
1408 235 165 46 pre4ent

237 308 143 40 paper,
412 306 79 25 was
510 291 195 53 preached
722 304 53 25 on
796 287 265 50 Wednesday,
1091 286 202 50 February
1317 289 40 38 8,
1380 287 116 39 1809,
1519 283 50 50 by

241 348 71 40 the
334 346 150 52 Bishop
498 344 50 40 of
572 343 162 40 Carlisle
767 345 92 47 (Dr.
895 338 317 52 Goodenough),
1241 335 39 40 in
1299 334 276 41 Westminster

246 402 162 52 Abbey.

301 458 191 39 Ftbruarg
514 454 58 40 11,
601 452 90 34 1809

1296 442 125 35 ONES!
1428 451 30 25 31
1465 451 57 24 us.

383 544 270 37 FASHIONS
683 544 107 33 FON,
819 530 107 47 TILE
958 536 243 38 PRESENT
1231 531 207 37 MONTH.

770 678 120 25 HALF
921 673 145 27 Imrss.

296 724 59 35 An
376 720 195 46 Egyptian
591 717 214 35 head-dress
831 715 43 33 of
898 715 110 32 silver
1025 710 67 34 and
1110 707 138 46 pearls,
1274 715 67 25 one
1359 704 106 44 point
1492 702 73 33 fall-

252 775 60 43 ing
330 783 46 22 on
397 770 61 33 the
478 769 65 33 left
563 767 185 39 shoulder,
770 762 150 35 finished
943 772 22 21 w
978 759 54 34 ith
1049 770 22 22 a
1088 758 106 33 tassel
1211 768 9 24 ;
1248 754 61 32 the
1331 752 80 33 hair
1430 754 34 30 In
1482 750 102 33 loose

250 821 181 44 tinglets;
462 816 104 46 pearl
586 814 197 43 ear-rings,
801 810 194 37 bracelets,
1022 806 71 34 and
1111 803 196 35 necklace;
1335 810 22 22 a
1376 798 94 33 train
1487 796 100 33 dres

252 870 44 33 of
309 865 184 35 brocaded
520 867 175 37 sarsenet,
723 857 167 34 trimmed
912 855 28 35 v.
940 855 14 35 -
954 855 45 35 ith
1020 855 112 33 silver
1162 850 70 33 and
1260 844 193 45 vanlyked
1469 857 11 26 ;
1506 843 81 33 lace

254 915 115 34 round
390 914 63 32 the
470 911 92 37 neck
599 909 33 33 in
652 909 92 32 form
765 906 43 33 of
821 917 21 21 a
865 904 143 39 tucker,
1035 904 84 35 lent;
1149 900 130 31 •lee%cs
1305 894 41 34 of
1363 891 162 34 Mecklin
1543 900 43 22 or

257 961 168 37 Brussels
442 961 103 34 lace;
586 957 113 33 white
729 954 126 44 gloves
881 951 67 34 avid
981 950 64 32 fan
1062 960 11 28 ;
1100 948 103 32 shoes
1235 944 61 33 the
1331 950 94 25 saute
1454 948 38 22 as
1525 937 63 33 the

255 1012 115 39 dress,
397 1007 44 34 of
458 1004 184 37 brocaded
660 1003 90 40 silk,
781 999 92 35 with
893 999 109 33 silver
1023 997 115 32 bows.

741 1078 196 27 DANCING
969 1072 144 27 DRESS.

741 1107 109 0 ......_
969 1107 9 0 _

306 1135 83 35 The
417 1131 94 34 head
534 1127 233 38 ornamented
789 1126 91 33 wilt
915 1121 183 35 bandeaus
1123 1117 43 34 of
1195 1114 138 37 frosted
1367 1111 109 45 gold;
1502 1107 85 45 gold

256 1183 197 38 necklace,
471 1180 197 40 ear-rings,
687 1175 69 34 and
774 1173 175 37 armlets;
978 1169 115 33 white
1111 1176 111 33 opera
1243 1165 97 32 dress
1357 1157 168 37 trimmed
1540 1155 50 33 all

265 1230 115 34 round
407 1230 90 32 with
531 1226 102 43 gold,
660 1224 73 34 tied
769 1222 35 32 in
839 1220 94 32 front
954 1217 91 33 with
1071 1225 25 22 a
1127 1213 83 41 gold
1240 1211 87 33 cord
1359 1208 66 34 and
1459 1204 103 34 tassel
1581 1214 11 24 ;

305 1280 77 31 hire
399 1277 96 32 satin
511 1276 122 38 shoes,
648 1269 164 37 trimmed
833 1267 89 34 with
939 1263 100 45 gold,
1065 1261 70 33 and
1153 1258 84 45 gold
1252 1259 129 32 button
1411 1256 35 33 in
1475 1251 117 34 front;

269 1338 26 22 w
308 1328 76 32 bite
402 1324 143 43 gloves,
570 1322 70 33 and
661 1319 59 34 fan
738 1316 115 44 edged
874 1313 87 34 with
981 1310 104 44 gold.

656 1390 214 27 GRNEKAI.
896 1380 344 32 011SERNATIONS.

317 1439 83 35 The
418 1434 213 47 prevailing
664 1431 145 33 colours
839 1427 59 32 for
930 1424 155 32 mantles
1117 1419 67 33 and
1221 1415 150 44 pelisses
1398 1422 65 24 are
1495 1409 104 45 gold,

268 1495 154 34 orange,
448 1483 70 33 and
542 1478 170 45 Bishop's
742 1478 109 35 blue;
880 1473 58 32 for
965 1470 76 33 ball
1062 1466 70 35 and
1162 1465 65 33 full
1248 1465 112 39 dress,
1385 1460 125 38 satins,
1538 1457 48 32 tis-

266 1545 97 27 sues,
389 1530 191 34 brocaded
598 1527 105 40 silks,
729 1524 70 34 and
821 1522 149 38 velvets,
997 1526 64 22 are
1077 1512 185 43 generally
1286 1519 117 28 worn,
1430 1504 170 34 trimmed

274 1581 93 33 with
389 1578 84 44 gold
494 1576 71 34 and
583 1576 125 32 silver.
762 1571 129 40 Henry
915 1566 48 33 VI
978 1565 12 32 l
1005 1565 28 32 1..
1070 1563 94 38 hats,
1191 1557 169 34 trimmed
1380 1565 40 22 or
1444 1550 138 35 embroi-

272 1628 111 34 dered
410 1626 89 33 with
515 1623 126 38 beads,
667 1620 126 38 silver,
822 1628 43 21 or
880 1612 174 35 chenille,
1078 1618 64 24 are
1160 1605 188 41 becoming
1359 1602 67 33 and
1443 1599 142 33 fashion-

272 1677 90 33 able
377 1687 12 26 ;
418 1672 162 34 feathers
609 1668 44 33 of
678 1667 150 33 various
844 1663 143 34 colours
1017 1664 39 26 to
1083 1651 221 46 correspond
1335 1659 64 24 arc
1434 1645 171 34 likewi•se

274 1724 107 33 much
405 1730 116 24 worn.
579 1717 74 34 For
669 1713 168 41 morning
853 1710 133 33 dresses
1005 1706 244 32 boinbazeens
1274 1708 66 24 are
1368 1693 143 44 coining
1530 1693 76 33 into

274 1770 146 35 fashion
436 1780 13 30 ;
477 1767 61 34 the
566 1762 210 47 prevailing
789 1759 144 38 colour,
958 1752 96 35 dark
1075 1750 148 45 purple,
1248 1756 43 24 or
1311 1739 178 48 Bishop's
1507 1740 98 33 blue.

660 1902 146 52 TIIE
837 1893 392 54 TIEEATRES.

605 2028 364 43 DRURY-LANE
996 2021 280 39 THEATRE.

716 2106 77 24 MR.
826 2086 162 40 WRIGHT
987 2086 27 40 '
1015 2086 27 40 S
1068 2095 123 24 CATO.

332 2171 59 31 On
407 2165 165 44 Monday
583 2159 104 46 night
705 2158 72 34 Mr.
809 2152 162 43 Wright,
1006 2148 97 34 from
1128 2146 61 34 the
1212 2138 210 45 Edinburgh
1440 2135 181 38 Theatre,

283 2217 111 46 pupil
415 2215 43 32 of
469 2216 59 31 the
555 2206 209 39 celeorated
787 2203 70 32 Mr.
882 2198 149 40 hough,
1050 2194 103 35 made
1172 2193 56 32 his
1243 2189 132 34 second
1388 2190 233 40 appearance

285 2274 41 25 at
348 2261 261 45 Drury-Lane,
622 2256 34 32 in
672 2255 63 32 the
754 2255 81 41 part
855 2246 43 33 of
912 2246 110 32 Cato.

337 2311 93 32 This
454 2306 130 41 tragedy
583 2306 19 41 .
626 2309 172 35 possesses
813 2296 84 32 few'
912 2293 126 33 claims
1057 2295 39 28 to
1111 2284 239 38 admirltion,
1375 2290 39 22 as
1431 2288 46 24 an
1496 2275 126 38 acting

289 2357 109 45 play.
454 2355 37 32 It
523 2353 28 32 is
582 2350 67 33 full
679 2347 40 33 of
743 2344 267 35 declamatory,
1046 2342 63 28 not
1139 2331 144 35 natural
1303 2328 222 33 sentiments,
1552 2322 69 30 and

288 2409 128 28 events
433 2400 131 43 highly
580 2392 233 47 improbable
830 2388 67 33 and
912 2388 33 31 in
959 2395 97 22 some
1080 2383 171 33 instances
1267 2378 132 32 almost
1419 2370 201 33 ludicrous.

294 2452 145 40 Among
458 2448 61 32 the
539 2446 123 35 latter,
680 2450 84 32 may
780 2439 45 30 he
844 2432 145 46 pointed
1004 2435 63 27 out
1080 2431 63 31 the
1154 2425 156 40 disguise
1320 2420 41 34 of
1374 2417 250 44 Sempranins,

296 2499 85 33 who
397 2503 156 26 assumes
568 2492 61 32 the
647 2489 111 32 attire
783 2483 44 32 of
844 2483 60 31 the
978 2477 161 34 umidian
1169 2476 128 30 Prince
1319 2469 117 34 Juba,
1465 2461 157 33 without

293 2545 183 40 assuming
489 2542 54 31 his
561 2545 122 34 tawny
698 2529 252 46 complexion,
965 2524 70 34 anti
1049 2529 60 38 yet
1129 2519 137 34 though
1287 2519 93 28 most
1393 2511 126 34 unlike
1545 2507 79 33 that

296 2603 124 34 young
441 2587 175 37 warrior,
633 2582 164 34 deceives
821 2576 56 33 his
909 2571 131 46 gnards
1067 2568 72 34 and
1170 2567 58 32 his
1259 2563 170 33 mistress.
1480 2556 81 33 The
1576 2555 35 31 ri-

296 2640 125 33 dicule
449 2636 44 33 of
509 2634 71 32 this
595 2633 203 33 character,
829 2633 74 24 was
922 2621 64 33 felt
1006 2620 48 40 by
1085 2616 60 33 the
1165 2611 124 37 whole
1310 2611 124 33 house,
1452 2604 59 32 for
1527 2602 100 31 when

304 2686 235 44 Sc►apro►►ills
568 2680 83 33 falls
669 2679 46 40 by
748 2675 59 31 the
837 2668 118 35 sword
991 2665 44 33 of
1067 2665 116 35 Juba,
1208 2657 70 35 and
1298 2657 35 32 in
1350 2655 61 32 the
1427 2650 152 44 agonies
1594 2647 40 32 of

302 2745 92 31 rage
441 2727 224 38 exclaimed,
861 2725 97 35 grow
994 2706 221 41 distracted,
1215 2706 20 41 -
1286 2714 24 22 a
1345 2698 142 45 general
1520 2694 109 40 laugh

306 2791 37 25 at
353 2779 128 35 tended
526 2776 91 32 with
661 2773 110 31 hisses
819 2767 100 31 burst
959 2761 94 33 from
1106 2766 105 30 every
1254 2756 99 40 part.
1439 2745 27 33 II
1476 2744 44 33 ad
1571 2748 11 26 t

305 2829 113 35 shade
441 2828 40 32 of
493 2825 59 34 the
572 2820 136 44 mighty
733 2813 148 38 Dennis,
904 2809 79 34 who
994 2820 39 20 so
1046 2805 116 46 justly
1182 2800 67 33 alai
1270 2794 162 35 severely
1448 2789 184 38 criticised

308 2878 76 32 this
403 2872 152 43 tragnaly
578 2878 44 22 oa
648 2869 45 31 its
719 2863 74 34 first
828 2865 246 39 appearance,
1102 2854 89 31 been
1227 2844 174 41 hovering
1431 2838 113 34 round
1574 2837 59 31 the

309 2931 103 33 stage
435 2929 35 26 at
493 2920 76 33 that
589 2917 170 34 moment,
789 2910 83 31 ho%c
893 2909 26 30 it
941 2902 119 34 would
1090 2900 92 33 have
1215 2891 165 35 exulted.
1433 2888 80 32 The
1522 2884 106 43 judg•

309 2979 99 27 inont
429 2969 11 33 i
439 2969 33 33 n.'
489 2968 59 32 Cie
570 2965 20 33 M
591 2965 40 33 at
631 2965 40 33 r:
671 2965 20 33 L
691 2965 83 33 ers,
803 2957 63 31 has
892 2954 187 32 however.
1106 2948 46 30 by
1173 2944 48 32 al!
1241 2953 39 20 tyv
1292 2941 57 39 *nig
1378 2948 21 21 a
1434 2935 137 34 chatiee

1599 2928 43 33 of

311 3028 149 33 scenery
480 3011 175 37 obviated
673 3018 66 22 one
768 3004 43 33 of
826 3004 54 32 his
896 2998 102 35 chid'
1020 2994 176 45 objection
1196 2994 20 45 ,
1217 2994 20 45 ,
1271 2987 70 34 vend
1369 2979 183 38 itiereased
1581 2978 58 32 the

317 3065 208 48 probabilit
537 3074 15 17 v
572 3060 43 30 o!
630 3058 59 32 the
707 3056 115 43 piece.

367 3115 86 32 Ilad
477 3113 71 31 Jir.
568 3105 146 41 Wright
730 3096 187 50 appeared
932 3104 44 24 on
990 3092 64 33 the
1071 3087 131 35 French
1219 3091 115 33 stage,
1349 3079 44 33 he
1410 3072 120 35 would
1551 3071 91 33 have
1665 3074 12 21 .;

318 3172 85 24 icon
424 3165 196 37 rapturous
637 3148 240 38 admiration,
904 3143 56 32 for
978 3141 44 33 he
1041 3148 65 24 cao
1126 3141 78 26 rant
1224 3130 69 33 and
1317 3124 216 46 gesticulate
1554 3119 87 32 wita
1667 3119 5 83 ;

318 3222 40 22 DS
379 3209 106 33 much
504 3200 190 39 unnatural
712 3195 169 34 bombast
956 3189 102 32 voice
1069 3184 67 33 mei
1148 3182 138 32 action,
1302 3185 39 21 as
1357 3183 69 31 any
1443 3168 203 46 perforonn•

320 3269 47 24 on
402 3257 64 32 the
503 3252 168 34 Parisian
704 3246 177 32 theatres.
935 3237 71 32 Mr.
1046 3233 27 32 V
1075 3248 6 17 t
1098 3227 123 44 ii,Jit•s
1251 3222 97 47 gruff
1376 3219 170 33 thunders
1579 3211 67 34 and

320 3302 198 38 awl;.ward
537 3298 69 33 and
627 3302 58 26 too
704 3285 210 48 multiplied
934 3291 174 35 gestures,
1139 3272 159 46 inspired
1332 3278 35 24 us
1398 3265 124 33 lather
1558 3260 90 32 with
1671 3257 5 83 I

321 3354 139 34 (!!,gust
488 3348 86 33 than
600 3339 38 48 ;I
638 3339 19 48 N
657 3339 210 48 A-obit:Jun.
1019 3331 242 31 count.alance
1289 3324 176 38 posse-,es

420 3412 9 24 ;
461 3398 45 32 its
531 3391 215 45 exprt!,,ion
777 3387 27 31 is
831 3381 122 34 rather
981 3376 200 35 ludieroas,
1209 3369 67 33 ea
1307 3364 50 33 all
1390 3363 58 31 Cie
1478 3364 86 27 time
1600 3356 53 30 his

325 3446 260 47 performaoce
604 3437 131 39 ;asted,
767 3443 52 24 we
839 3429 104 34 could
961 3431 64 28 not
1045 3422 85 43 help
1152 3416 209 37 recollene
1362 3413 50 32 eti
1411 3407 111 33 t!ta
1522 3405 154 31 e
1676 3396 1 98 I

1478 3412 8 25 t

1522 3413 67 21 (ear
1617 3399 41 33 of

327 3506 71 25 oar
411 3496 76 31 best
507 3489 119 35 comic
645 3491 136 28 actors,
814 3480 70 32 Mr.
908 3477 135 32 l.istop,
1062 3469 17 34 t
1078 3469 86 34 aa.le
1195 3465 53 31 his
1269 3462 74 32 first
1361 3459 164 40 appeara
1525 3459 71 40 nce
1623 3448 32 32 in
1676 3448 1 83 ;

328 3542 176 44 tragedy,
622 3544 72 22 wai
711 3539 35 25 at
769 3531 70 31 lag
861 3537 22 20 ‘k
961 3517 143 43 ctiottl;it
1133 3521 35 26 to
1195 3511 105 33 listen
1331 3513 35 26 ti)
1401 3506 59 30 the
1491 3501 104 31 voice
1620 3497 41 30 of

330 3600 132 26 reason
478 3586 70 35 and
566 3583 78 45 quit
664 3591 22 22 a
707 3578 87 45 path
819 3572 119 35 which
957 3566 123 37 would
1096 3570 105 26 never
1221 3560 91 31 have
1329 3554 40 32 le
1369 3552 17 32 :I
1407 3552 71 32 hint
1496 3552 38 27 to
1548 3544 111 37 fame,

331 3640 63 34 for
418 3635 171 37 another,
618 3626 157 44 threngli
797 3624 41 32 v
839 3620 78 34 hid'
937 3619 43 30 he
1007 3615 63 32 has
1100 3606 162 38 attained
1289 3614 22 21 a
1338 3598 126 45 highly
1491 3589 169 38 de.A!rved

1602 3638 63 33 the

334 3686 21 43 h
356 3686 21 43 e
377 3686 90 43 ight
493 3683 43 32 of
565 3686 161 27 renown.
785 3671 47 34 Ac
865 3676 6 26 I
882 3664 69 39 hou
951 3664 24 39 g
974 3664 24 39 h
1033 3660 163 34 desirous
1228 3658 38 28 to
1294 3650 102 34 show
1494 3648 9 27 t
1514 3643 61 31 hat

331 3733 129 44 length
478 3731 41 33 of
534 3730 54 32 hi;
604 3733 91 25 arms
711 3720 107 46 ecinat
829 3717 54 34 led
900 3715 76 33 that
996 3709 43 32 of
1055 3707 56 33 his
1129 3704 109 41 hotly.
1271 3700 71 32 Mr.
1376 3691 144 43 Wright
1551 3689 93 32 inces-

334 3783 120 35 santly'
474 3776 136 47 spread
630 3774 93 32 them
742 3777 97 34 open
859 3772 34 24 to
915 3761 93 34 tht.ir
1030 3755 65 34 fall
1117 3756 141 32 extent,
1286 3746 34 32 in
1346 3754 21 22 a
1393 3736 157 44 straight
1577 3733 89 38 line,

335 3830 159 35 bending
515 3827 54 31 his
588 3823 58 31 chr
646 3823 19 31 ,
665 3823 20 31 t
704 3830 21 21 a
745 3816 97 33 little
861 3807 175 38 forward.
1098 3800 53 34 if..
1172 3800 83 30 then
1280 3789 135 37 leaked
1434 3784 20 41 e
1454 3784 149 41 xactly,
1628 3791 39 21 as

339 3878 35 35 if
397 3879 45 32 he
475 3885 73 22 was
583 3872 111 32 about
730 3860 221 43 attempting
976 3865 35 21 to
1041 3852 51 32 tiv
1120 3846 156 33 without
1307 3839 124 41 wings.
1487 3833 51 33 At
1561 3828 106 35 other

339 3930 125 34 times,
493 3925 44 31 he
693 3915 97 31 them
810 3917 86 26 °vet•
1127 3906 39 22 or
1186 3889 97 35 fixed
1304 3889 94 31 them
1427 3880 89 35 both
1543 3888 46 22 on
1617 3874 53 33 his

340 3976 103 43 hips,
470 3972 35 32 in
526 3981 19 20 a
566 3972 143 28 wanner
722 3958 150 47 equally
893 3952 184 34 ludierous
1096 3943 67 34 and
1183 3934 207 40 unnatural.
1447 3930 40 32 la
1504 3925 110 34 order
1629 3927 39 28 to

340 4022 71 35 add
431 4020 174 39 elegaece
624 4020 35 26 to
679 4011 54 31 hi;
751 4007 243 41 nepartnteut,
1025 3997 41 31 he
1085 3987 163 38 stiffened
1278 3984 56 33 his
1364 3981 32 33 ha
1397 3990 6 22 e
1404 3987 51 22 ve
1473 3974 135 45 joints,
1633 3980 37 21 so

337 4071 91 33 'that
445 4067 56 34 his
519 4067 73 39 legs
609 4059 66 34 and
702 4055 119 38 thiehs
839 4046 19 37 ,
857 4046 119 37 seemed
996 4044 51 32 all
1064 4041 41 33 of
1115 4050 22 21 at
1155 4037 120 43 piece,
1302 4030 85 34 then
1407 4020 131 46 Wrappk
1538 4020 21 46 i
1559 4020 45 46 .;
1620 4016 52 34 his

347 4119 64 34 red
431 4115 136 34 reantle
586 4106 109 38 !wind
715 4106 53 31 hi,
788 4100 115 40 hon.,v,
922 4096 39 31 hi'
981 4088 155 37 stratted
1154 4083 51 34 la
1220 4083 60 32 tile
1299 4084 111 34 stage.

397 4165 70 32 We
487 4163 93 33 have
601 4160 87 31 been
718 4154 80 30 taes
820 4153 124 27 severe
960 4150 46 22 on
1041 4139 99 31 what
1174 4141 53 21 we
1256 4124 172 33 conceive
1462 4124 38 27 to
1526 4116 47 32 be
1602 4113 71 32 .V.e•

420 4209 18 46 i
438 4209 37 46 ;;
475 4209 56 46 hes
548 4204 103 39 chief
843 4195 151 33 :Jecattiv
1015 4187 79 41 Ow)
1127 4191 63 26 are
1416 4163 171 37 e:yettion
1613 4168 64 26 can

1111 105 144 51 THE
1291 102 376 52 NATIONAL
1704 102 371 52 REGISTER.

2842 89 85 48 111

1638 237 139 32 amend.
1831 235 34 34 It
1880 236 27 32 is
1920 235 176 40 certainly
2117 234 35 32 in
2166 231 56 33 his
2241 242 125 33 power
2391 235 39 28 to
2452 227 116 35 check
2593 226 63 32 the
2670 223 130 43 agility
2825 220 43 34 of
2890 221 57 33 his

1641 293 107 30 arias,
1761 283 69 32 and
1840 291 37 24 to
1891 282 112 33 allow
2026 281 52 32 his
2096 280 109 33 knees
2220 285 37 26 to
2277 288 57 21 use
2349 278 93 32 their
2464 273 142 34 wonted
2622 269 203 47 pliability.
2880 265 71 34 His

1642 330 103 32 voice
1772 330 120 33 which
1912 330 45 32 he
1972 327 198 44 constantly
2192 326 129 37 strains
2352 326 46 41 by
2430 319 190 37 unnatural
2652 318 118 33 bursts
2796 314 77 34 into
2900 320 51 26 as

1643 378 208 43 unpleasant
1872 376 222 38 hoarseness,
2121 373 45 33 he
2183 383 66 24 can
2276 371 129 39 soften,
2430 378 40 24 as
2489 367 45 33 he
2552 367 60 32 has
2640 361 137 46 proved
2797 361 35 33 in
2852 366 100 27 some

1646 433 175 33 passages,
1848 425 74 31 into
1954 422 141 43 melody
2106 433 13 33 ;
2146 420 70 33 and
2233 429 39 22 as
2297 429 22 22 a
2343 419 69 31 few
2434 415 125 41 timely
2583 412 107 33 hisses
2709 406 150 35 induced
2878 405 76 34 hint

1643 477 37 27 to
1700 471 129 33 reduce
1848 471 64 31 the
1929 468 217 35 luxuriancv
2165 467 44 32 of
2233 467 52 32 his
2303 462 288 46 gesticulations,
2620 467 56 24 we
2701 455 97 44 hope
2824 454 81 32 that
2928 459 27 24 a

1645 517 70 34 few
1735 524 94 33 true,
1856 516 137 43 though
2007 526 136 28 severe,
2161 511 178 39 remarks,
2367 510 78 33 will
2461 506 81 37 lead
2558 506 76 33 hint
2659 508 40 30 to
2715 501 73 35 still
2807 502 144 43 greater

1646 566 291 43 improvements.
1995 563 57 32 lie
2067 570 110 24 seems
2203 560 34 31 in
2256 557 143 43 general
2420 562 37 27 to
2479 554 93 33 have
2587 549 139 35 formed
2743 546 110 46 ajust
2868 553 64 27 con-

1646 612 144 44 ception
1809 611 41 33 of
1861 611 63 33 the
1938 609 197 34 character.
2190 607 80 33 Yet
2287 605 52 32 his
2350 604 177 43 grinning
2538 599 69 44 joy
2626 596 104 33 when
2745 594 60 34 the
2822 600 130 35 corpse

1646 659 41 33 of
1711 660 53 32 his
1781 669 77 30 son,
1893 657 117 33 killed
2027 657 34 32 in
2075 656 131 37 battle,
2233 656 30 30 is
2280 650 157 44 brought
2456 659 46 21 on
2522 646 60 32 the
2597 648 115 38 stage,
2738 648 74 26 was
2841 640 65 32 bat
2928 646 27 24 a

1646 705 176 44 degraded
1852 705 207 37 substitute,
2085 702 56 33 for
2166 702 83 32 that
2275 698 93 33 calm
2386 696 70 33 and
2473 689 237 50 philosophic
2727 686 229 38 exultation,

1650 754 77 32 that
1742 754 109 40 ought
1871 758 37 26 to
1936 752 92 32 have
2056 746 182 35 animated
2256 751 63 28 not
2346 741 178 35 distorted
2550 738 58 33 the
2639 736 162 33 features
2828 731 44 34 of
2885 730 64 33 the

1651 800 172 44 patriotic
1843 798 99 33 hero.
1996 797 69 33 His
2078 795 184 43 soliloquy
2282 801 76 25 was
2373 784 189 39 delivered
2582 781 302 46 withjudgesenti
2898 778 63 43 yet

1652 848 40 33 lie
1709 846 228 46 pronounced
1957 843 71 34 this
2044 844 85 39 line,

1892 907 90 32 This
2004 904 115 34 world
2141 912 73 24 was
2233 899 103 35 made
2354 898 56 32 for

1655 970 89 32 with
1763 979 20 22 a
1800 969 128 43 degree
1943 966 41 33 of
1998 963 131 47 pettish
2157 972 126 33 anger,
2311 958 120 34 which
2450 954 123 34 belied
2589 948 124 38 Cato's
2730 944 213 50 phitosophi

1654 1018 54 33 cal
1723 1015 231 45 resignation,
1974 1015 100 31 when
2094 1013 41 30 he
2154 1007 177 35 exehlitn9

1848 1075 73 33 But
1933 1072 105 39 thou,
2055 1071 92 32 shalt
2166 1067 146 35 flourish
2334 1067 35 32 in
2387 1061 184 37 immortal
2763 1054 66 33 &c.

1735 1136 81 33 held
1850 1135 61 33 the
1942 1131 100 34 book
2076 1131 83 40 high
2179 1128 126 33 before
2322 1126 90 39 him,
2438 1135 39 21 as
2497 1121 33 33 if
2546 1121 43 32 he
2607 1127 97 26 were
2720 1110 228 48 congratulgt-

1706 1196 12 30 ;
1737 1187 43 38 it,
1806 1181 69 34 and
1892 1187 61 27 not
1972 1179 54 33 his
2052 1188 81 22 own
2152 1176 96 39 soul,
2274 1183 45 22 on
2353 1173 44 31 it;
2428 1166 255 41 immortality.
2735 1161 79 33 The
2833 1163 72 27 rest
2931 1153 44 34 of

1700 1244 20 21 e
1734 1230 184 44 soliloquy
1941 1237 72 24 was
2031 1222 197 37 unmarked
2245 1224 44 40 by
2306 1219 138 33 similar
2463 1211 296 47 imperfections;
2786 1207 64 32 but
2862 1200 113 37 4ben

1680 1279 38 33 is
1740 1289 61 22 son
1822 1281 118 27 enters
1959 1272 191 39 unbidden,
2189 1269 54 33 his
2263 1266 189 46 petulance
2476 1272 74 24 was
2569 1265 61 28 too
2649 1251 235 40 undignified,
2906 1247 71 34 and

1665 1328 54 32 gar
1733 1325 117 33 below
1872 1322 61 33 the
1954 1320 152 32 heroism
2122 1317 43 32 of
2180 1316 61 32 the
2259 1315 202 32 character.
2518 1309 43 32 In
2578 1307 61 32 the
2657 1302 112 45 dying
2787 1307 117 27 scene,
2930 1294 45 33 ke

1664 1383 78 22 rose
1760 1369 168 45 superior
1946 1372 39 27 to
2006 1363 157 41 himself,
2190 1362 133 41 feeling
2348 1358 67 34 and
2434 1355 190 45 judgment
2652 1351 150 33 became
2826 1344 54 33 his
2903 1341 78 35 sole

1664 1419 217 34 attributes;
1963 1415 98 39 lting
2073 1410 67 34 and
2158 1406 197 38 awkward
2380 1400 273 48 gesticulations
2670 1404 97 26 were
2785 1398 105 30 over;
2911 1385 70 34 and

1667 1468 44 32 he
1730 1465 157 45 expired
1910 1462 89 33 with
2026 1460 61 33 the
2114 1454 171 37 deserved
2317 1449 250 47 approbation
2584 1444 41 34 of
2640 1444 63 33 the
2720 1439 123 37 whole
2859 1436 122 34 house.

1933 1559 89 27 THE
2049 1551 295 31 UNCONSCIOUS
2373 1543 324 30 COUNTERFEIT.

1715 1618 57 33 On
1791 1612 193 43 Thursday
2002 1611 85 35 last,
2104 1618 22 22 a
2144 1616 79 25 new
2244 1603 113 38 farce,
2375 1600 34 32 in
2427 1603 77 28 two
2522 1600 90 33 acts,
2628 1586 167 41 entitled,
2818 1586 72 34 The
2911 1580 50 34 Un-

1670 1667 174 31 conscious
2152 1663 73 22 was
2246 1645 181 48 produced
2446 1651 38 26 at
2506 1643 124 41 Drury
2652 1639 113 33 Lane.
2806 1632 81 34 The
2907 1629 83 44 plot

1671 1711 40 33 of
1726 1711 70 33 this
1809 1708 223 44 after-piece
2050 1704 103 30 hears
2171 1709 40 22 so
2233 1695 102 35 much
2357 1690 242 35 resemblance
2619 1691 38 27 to
2676 1683 78 35 that
2779 1678 45 35 of
2846 1677 39 34 Is
2903 1677 41 31 he

2965 1683 25 22 s

1674 1757 141 39 Prince,
1843 1756 80 32 that
1954 1762 57 22 we
2042 1747 161 43 strongly
2233 1746 142 39 suspect
2404 1737 91 33 both
2516 1736 98 32 'have
2644 1739 131 37 sprung
2802 1726 96 33 from
2926 1720 63 33 the

1672 1817 97 26 same
1787 1814 81 34 pen.
1920 1801 81 33 The
2030 1794 154 35 mistake
2207 1804 25 20 vs
2245 1791 81 33 Welt
2344 1787 98 41 gives
2460 1781 98 35 birth
2577 1786 37 27 to
2631 1778 61 34 the
2712 1772 122 38 whole
2850 1767 141 39 action,

1677 1851 168 51 prore•Nls
1878 1848 96 33 from
2006 1856 24 22 a
2053 1845 109 31 letter
2191 1835 137 35 instead
2359 1831 44 34 of
2425 1843 24 21 a
2467 1830 152 45 picture.
2670 1822 79 34 The
2766 1827 102 26 scene
2897 1814 31 34 is
2953 1812 40 34 in

1683 1900 119 34 Wales
1819 1894 136 35 instead
1976 1891 44 34 of
2042 1891 181 31 Cermanv
2241 1898 11 25 ;
2278 1885 60 31 but
2370 1879 60 33 the
2458 1878 208 31 characters
2681 1878 64 25 are
2773 1863 124 44 nearly
2917 1869 78 27 ens.

1678 1952 34 31 in
1731 1946 59 33 the
1808 1954 96 25 sante
1922 1938 136 35 mould.
2096 1935 70 32 We
2184 1932 72 33 find
2278 1931 33 32 in
2331 1930 26 31 it
2375 1937 21 22 a
2417 1916 283 51 good-natured,
2712 1905 287 54 open-heartedt

1680 1997 67 34 and
1767 1991 189 34 credulous
1975 1982 129 37 Welch
2122 1980 141 46 srinire,
2290 1987 22 22 a
2341 1972 156 41 dashing
2528 1964 164 47 captain,
2711 1961 84 33 who
2824 1957 174 34 however

1682 2054 79 24 rims
1778 2048 105 33 away
1906 2037 93 32 from
2029 2031 53 33 his
2101 2027 195 37 creditors,
2324 2017 135 37 instead
2489 2015 77 34 like
2584 2008 161 47 Captain
2767 2000 164 39 Llndorf,
2957 1997 46 34 of

1682 2087 194 40 travelling
1907 2091 37 26 to
1972 2089 57 24 see
2057 2078 52 32 his
2139 2076 80 34 love
2219 2076 20 34 ,
2270 2082 21 21 a
2317 2066 104 35 timid
2451 2062 70 34 and
2556 2056 178 37 romantic
2761 2050 132 38 swain,

2916 2044 84 33 who

1684 2135 141 35 finishes
1852 2133 47 30 by
1920 2125 183 44 marrying
2128 2122 60 32 the
2205 2124 122 39 •younz
2343 2114 104 41 lady,
2466 2108 69 34 and
2561 2117 44 22 an
2623 2104 61 34 old
2704 2107 137 31 usurer,
2862 2094 83 35 who
2965 2092 38 33 in

1703 2186 41 32 he
1770 2181 105 33 othor
1894 2177 117 35 farce,
2039 2173 28 31 is
2087 2166 171 46 replaced
2289 2166 47 41 by
2355 2172 22 21 a
2404 2157 78 35 rich
2511 2153 154 35 banker.
2717 2147 78 34 The
2824 2141 176 35 incidents

1688 2230 89 34 with
1799 2225 119 34 which
1937 2222 73 33 this
2030 2219 99 44 piece
2148 2212 164 34 abounds
2331 2209 91 32 have
2443 2212 98 26 some
2558 2199 125 35 claims
2696 2200 39 28 to
2754 2204 33 32 pi
2797 2187 204 41 obability,

1696 2278 56 33 old
1781 2285 61 21 are
1863 2270 98 41 highl
1974 2280 19 22 v
2011 2265 184 33 ludicrous
2215 2271 19 21 a
2241 2270 17 21 n
2263 2259 19 32 d
2298 2251 255 40 entertaining.
2606 2245 79 32 The
2709 2239 90 34 total
2818 2231 168 39 unconsci-

1685 2331 139 26 ousnes:
1843 2319 41 32 of
1904 2319 113 40 ('apt.
2042 2307 283 38 Dashwood.or
2344 2301 59 33 the
2419 2293 247 39 Counterfeit,
2685 2287 145 34 renders
2846 2283 56 32 his
2921 2285 83 38 part

1687 2380 98 25 more
1798 2365 224 38 interesting,
2036 2357 67 33 and
2120 2355 61 33 the
2194 2350 298 35 embarrassment
2511 2342 35 32 in
2564 2337 119 37 which
2700 2336 44 32 he

2753 2331 94 80 buds
2861 2323 149 39 himself

2445 2400 37 24 re

1690 2419 103 32 when
1809 2409 171 38 suddenly
2010 2404 156 40 meeting
2186 2399 92 34 with
2296 2398 63 32 the
2375 2400 131 27 usurer

2538 2394 35 26 to
2603 2386 119 31 whion
2804 2385 99 25 owes
2930 2378 77 27 two

1689 2461 174 37 thoturand
1884 2453 154 48 pounds,
2055 2450 66 34 and
2143 2448 86 33 who
2258 2456 73 21 was
2361 2443 35 32 in
2425 2434 129 38 search
2572 2432 41 35 of
2629 2430 74 33 hint
2724 2425 89 33 with
2830 2434 22 21 a
2869 2417 136 40 bailiff,

1691 2511 176 45 produces
1898 2512 100 24 some
2031 2498 116 43 really
2172 2493 120 34 comic
2323 2497 132 26 scenes.
2507 2481 78 33 The
2614 2484 103 34 story
2748 2473 30 34 is
2811 2469 85 35 well
2923 2474 65 25 con-

1693 2557 150 35 ducted;
1871 2552 63 33 the
1952 2546 184 41 dialogue,
2170 2539 122 34 which
2314 2539 27 31 is
2367 2539 59 28 not
2446 2526 148 40 crushed
2613 2526 50 40 by
2682 2532 24 24 a
2731 2516 217 39 Inxttriancy
2969 2509 45 35 of

1694 2616 103 35 puns,
1824 2604 26 31 is
1869 2596 163 37 natural,
2057 2591 206 34 somm.itnes
2289 2584 124 33 rather
2432 2581 91 37 low,
2550 2576 63 30 but
2635 2574 34 30 in
2686 2564 145 47 general
2849 2563 161 39 elegant.

1695 2654 79 32 The
1791 2644 210 38 conclusion
2021 2642 26 31 is
2067 2649 67 21 mol
2156 2647 9 11 .
2185 2633 180 45 probable
2383 2628 85 33 than
2481 2626 78 32 that
2575 2619 41 34 of
2679 2619 37 31 h
2735 2617 40 27 he

1703 2700 89 35 And,
1811 2704 96 34 upon
1937 2691 63 32 the
2031 2698 21 19 w
2067 2686 97 37 ii,;lo,
2185 2682 60 31 the
2267 2680 102 44 pieu
2388 2676 28 31 is
2441 2672 76 34 still
2537 2676 100 26 more
2653 2659 152 38 entitled
2824 2662 37 27 to
2881 2654 59 33 the
2957 2650 40 33 fat

2104 2730 91 33 wi:h
2218 2727 120 32 which
2367 2724 30 32 it
2426 2724 90 37 met,
2546 2717 85 33 than
2657 2709 80 35 that
2756 2704 163 40 amusing
2950 2699 64 32 but

1698 2803 61 24 too
1779 2787 233 38 incunti,tent
2027 2779 220 43 afivrpioce.

2023 2902 200 39 DAYMA
2274 2898 33 33 K
2502 2885 98 37 EAT
2608 2881 83 35 RE.

2222 2970 60 25 111:
2311 2968 21 22 A
2378 2948 195 40 PRINCE.?

1754 3043 56 34 On
1835 3035 171 40 Tuesday
2026 3033 20 35 h
2046 3033 21 35 ,
2067 3033 43 35 a,
2134 3039 21 21 a
2176 3035 78 21 tic.w
2272 3014 222 46 after-piece
2512 2994 129 48 iiitwo
2657 3005 91 33 acts.
2773 2992 152 39 entitled

2993 2989 43 34 It

1710 3094 38 31 he
1768 3103 18 20 a
1807 3091 126 32 Prinrc
2026 3089 77 24 was
2138 3067 184 51 produced
2350 3069 34 28 at
2419 3060 71 33 thi.
2519 3056 174 33 Theatre.
2750 3047 38 33 It
2806 3045 28 33 is
2854 3044 91 32 fiom
2967 3044 9 26 t

1710 3149 67 35 pen
1796 3137 40 32 cf
1847 3137 60 32 the
1928 3128 193 38 trarAzifor
2139 3120 110 32 ufGe
2274 3110 165 38 Portrtilt
2458 3105 46 44 e.f
2520 3100 151 35 Michael
2691 3081 345 48 Ceroonle,,whbh

1795 3181 157 43 lirought
1968 3171 159 37 forward
2148 3172 34 27 at
2210 3158 182 38 \lli;hden'r
2405 3151 149 38 benefit,
2571 3146 69 34 and
2656 3146 103 32 went
2777 3138 76 35 Hist
2870 3136 144 43 suspect-

1713 3235 43 32 ed
1776 3235 28 31 it
1833 3236 135 37 sprung
1989 3222 94 32 front
2102 3219 60 30 the
2334 3206 81 33 soil.
2476 3198 65 33 We
2563 3197 174 30 however
2753 3189 45 31 do
2825 3189 63 30 nut
2916 3180 100 33 recol-

1715 3283 69 32 lect
1817 3287 71 32 any
1918 3273 106 44 piece
2056 3278 44 21 on
2213 3254 139 38 French
2375 3257 119 34 stage,
2525 3241 119 37 which
2678 3239 104 32 bears
2802 3242 71 33 any
2902 3236 115 26 resein-

1717 3331 126 31 iiiaine
1863 3330 38 27 to
1917 3322 43 32 it.
2011 3314 79 34 The
2109 3309 79 45 plot
2210 3309 27 30 k
2267 3307 60 30 not
2348 3309 81 31 very
2452 3291 161 39 natural,
2640 3288 67 32 but
2728 3283 81 33 who
2826 3280 155 41 expect?:
3000 3281 41 25 to

1719 3376 69 34 find
1807 3377 126 30 naitire
1949 3369 37 31 in
2006 3376 20 20 a
2044 3361 98 33 farce
2157 3357 12 32 ?
2226 3353 33 34 It
2291 3346 157 35 branclie
2481 3345 15 33 t
2497 3345 50 33 ilt
2565 3337 74 32 into
2660 3341 109 34 many

2776 3385 21 22 lt
2796 3327 66 33 ent
2862 3321 183 80 ertaaining

3004 3377 21 24 n-

1866 3416 67 34 and
1949 3412 182 34 Indicrons
2151 3402 189 34 incidents,
2369 3389 119 37 which
2515 3387 94 40 keep
2634 3381 63 33 the
2714 3378 102 33 Ho
2816 3384 20 24 e
2868 3374 33 31 in
2957 3380 31 21 1.7(

1720 3469 115 35 tintial
1854 3472 83 26 roar
1951 3459 41 33 of
2008 3455 182 44 laoghter,
2216 3446 70 33 and
2304 3439 187 38 therefore
2515 3431 129 35 fulfills
2672 3426 65 33 the
2752 3426 104 40 great
2872 3417 67 34 end
2970 3413 44 34 of
3022 3424 25 22 a

1723 3519 113 35 farce,
1861 3511 234 33 amusement.
2148 3498 84 33 The
2259 3481 262 45 unintentional
2554 3476 189 39 exchange
2777 3469 46 33 of
2846 3477 24 24 a
2898 3465 150 44 picture

1724 3561 170 43 suddenly
1915 3560 104 37 el:ang
2019 3560 17 37 .
2035 3560 35 37 es
2091 3559 21 22 a
2139 3553 125 38 young
2284 3537 148 35 Officer,
2460 3531 35 33 in
2510 3527 64 35 the
2593 3521 154 46 opinion
2773 3516 44 34 of
2841 3526 24 22 a
2893 3510 53 34 Ge

2897 3519 83 73 swellnt
2980 3519 72 73 iatted

1731 3612 133 38 Baron,
1893 3618 22 21 a
1946 3606 104 40 great
2076 3605 80 34 spot
2169 3599 130 26 isman,
2328 3583 56 33 his
2413 3578 145 35 maiden
2590 3572 123 38 sister,
2737 3576 25 22 a
2791 3561 87 44 lady

1730 3658 87 37 with
1847 3644 248 54 vn:.-alogical
2114 3640 124 46 pride,
2264 3633 69 35 and
2349 3643 20 21 a
2391 3630 136 32 Count,
2552 3618 99 38 filled
2683 3613 90 35 with
2793 3607 98 47 good
2906 3611 146 32 nalure,

1729 3710 65 31 but
1822 3702 84 34 void
1928 3699 41 33 of
1989 3702 113 30 sense,
2130 3691 76 31 into
2241 3683 63 34 the
2322 3679 102 35 Duke
2453 3673 45 38 of
2520 3670 34 35 A
2563 3666 115 37 &pall,
2704 3659 98 35 their
2832 3658 73 77 Soil

1735 3751 194 38 ;Notating
1946 3746 46 32 hv
2015 3741 72 35 this
2108 3733 154 37 mistake
2262 3733 22 37 ,
2310 3728 60 32 the
2391 3731 124 35 young
2541 3715 133 37 Officer
2701 3706 143 35 obtaini
2920 3711 20 22 e

1731 3802 41 33 of
1788 3803 60 31 the
1871 3790 159 40 Baron's
2046 3784 198 43 daughter,
2272 3775 81 34 who
2383 3770 69 34 had
2472 3769 90 32 been
2591 3755 157 51 pledged
2780 3759 37 26 to
2836 3750 63 33 the
2922 3746 133 35 Count,

1731 3849 69 34 and
1812 3847 107 39 being
1944 3831 211 43 disco%ered
2176 3830 48 41 by
2238 3826 64 33 tike
2316 3817 176 40 untimely
2512 3808 141 38 arrival
2669 3804 43 33 of
2727 3801 54 34 his
2794 3796 120 37 uncle,
2936 3793 28 33 is
2982 3791 59 33 for-

1731 3898 104 44 given
1856 3894 46 32 by
1922 3889 51 33 ail
1990 3883 151 47 parties,
2166 3876 71 33 and
2256 3870 188 35 abdicates
2465 3863 56 32 his
2536 3854 231 43 sovereignty
2781 3853 39 28 to
2835 3850 143 27 assume
2996 3839 63 33 the

1736 3944 79 34 title
1830 3941 41 34 of
1881 3930 201 44 Carofine's
2101 3922 178 39 hu-band.

1782 3990 79 35 The
1894 3985 208 33 characters
2131 3977 48 31 do
2215 3976 63 28 not
2309 3970 136 40 possess
2478 3958 104 33 an
2582 3947 168 46 novelty,
2773 3943 50 33 bu

2819 3943 96 78 visiblet
2916 3945 40 26 are
3002 3931 51 33 ell

3030 3979 32 32 It

1739 4037 155 37 brom.lit
1924 4033 76 31 into
2019 4028 137 32 action.
2210 4020 107 30 Some
2335 3966 289 91 inconsiteynriis
2642 4005 64 24 use
2722 3992 77 33 atm)
2963 4007 7 7 .
2966 3944 30 24 w

1737 4093 158 39 apvari
1915 4085 143 34 strzinge
2076 4072 79 33 that
2173 4078 24 22 a
2215 4063 141 35 bankcr
2369 4054 131 38 shonid
2520 4049 85 34 take
2621 4044 63 35 the
2701 4041 137 39 liberty
2856 4031 43 34 of
2922 4038 120 27 rrionn-

1739 4133 151 40 smiting
1911 4126 92 37 with
2019 4123 56 33 hi-a
2092 4113 201 45 6overeign
2309 4119 45 26 on
2375 4106 54 34 bit;
2447 4097 20 43 t
2467 4097 170 43 uarringe
2653 4093 37 34 w
2689 4088 59 35 hit
2761 4084 57 34 his
2831 4077 158 50 subject?
3012 4087 35 21 cp-

2880 4165 4 2 .

3208 0 60 257 T
3268 0 60 257 .
3330 0 65 135 1
3394 0 65 135 .

3215 320 15 66 111
3236 320 5 66 b

3223 459 13 33 I,

3219 521 21 84 t

3211 619 21 69 It
3233 619 11 69 t

3233 689 12 24 )

3221 733 24 44 11

3224 873 21 32 It

3224 921 24 40 ill

3226 978 24 43 M
3454 1000 6 21 a

3231 1351 22 39 I

3230 1324 7 27 c
3237 1324 17 27 ..

3233 1394 14 35 11
3437 1390 6 13 ,

3231 1470 19 31 .t

3236 1746 11 19 A
3425 1743 17 37 ,11
3442 1743 6 37 .
3448 1743 12 37 ..

3234 1835 22 32 !i‘

3378 1919 4 34 '
3430 1919 19 34 4.
3449 1919 11 34 .

3413 1990 30 15 t„

3252 2000 5 30 1
3429 2008 18 21 1

3448 2029 8 26 1

3409 2091 5 17 .
3449 2091 8 12 ,

3244 2198 11 65 1

3242 2264 13 37 1
3357 2277 8 14 `
3374 2285 8 18 f

3354 2321 9 21 ;
3379 2304 9 24 t

3249 2374 8 30 1
3381 2380 9 11 ,

3231 2408 34 90 It

3248 2522 5 31 I
3394 2522 4 31 .

3240 2688 4 19 1

3269 2794 15 8 '.
3308 2789 15 26 '.'''
3338 2789 5 26 •

3269 2817 26 24 ..-I
3295 2817 7 24 .
3302 2817 7 24 f

3260 3008 5 27 ,
3279 3008 8 18 /

3261 3210 2 12 '

3236 3296 8 39 I
3330 3301 11 19 t

3234 3335 11 46 1
3276 3344 11 25 4

3287 3428 7 39 {

3213 3482 12 12 6
3236 3497 6 27 /
3337 3481 30 27 ''i

3237 3579 5 89 s
3306 3606 58 61 .:3,,,.,

3239 3969 7 26 i

3237 3999 11 148 I
3265 4080 6 22 :

3241 4147 7 22 i

3234 4170 17 46 1

3359 4224 5 12 ,
3391 4224 5 12 .
3432 4224 7 12 I.

0 86 17 45 i'

22 4176 50 37 re.
