3461 4453
214 233 28 18 66
266 240 92 26 most
377 234 168 44 heartily
573 231 208 41 coincided,
810 231 94 33 with
928 230 100 34 what
1059 226 73 37 had
1142 227 84 43 just
1251 223 117 37 fallen
1398 217 86 39 from
1485 217 21 39 .
1506 217 65 39 his

216 280 130 35 Noble
364 281 72 34 and
458 281 162 34 Learned
638 280 119 34 friend
776 289 99 34 upon
899 278 64 34 the

667 380 211 34 THURSDA
970 378 105 34 FEB.
1093 378 40 34 9.
1305 378 4 37 •

231 415 1 59 •
270 430 84 35 The
383 430 145 44 Report
554 428 45 35 of
622 428 97 37 Lord
742 423 249 48 Boringdon's
1011 425 169 35 Divorce
1199 420 78 38 Bill
1296 430 77 25 was
1391 415 185 43 received,

220 478 72 35 and
312 478 61 33 the
393 478 177 44 Standing
596 476 124 35 Order
749 476 109 44 being
883 472 222 47 suspended,
1131 471 65 34 the
1225 470 78 35 Bill
1331 478 78 26 was
1440 465 87 34 read
1552 474 25 24 a

222 527 100 34 third
343 526 105 43 time,
477 526 69 34 and
563 523 156 37 ordered
739 529 37 28 to
793 523 60 34 the
876 522 211 34 Commons.

273 574 79 34 The
373 574 89 34 Earl
480 573 44 34 of
541 575 112 33 MOIR
666 582 39 30 t,
732 574 180 41 pursuant
931 575 37 27 to
989 569 58 33 his
1062 567 139 39 notice,
1227 574 83 25 rose
1324 568 40 28 to
1380 569 109 26 move
1512 559 65 35 the

223 621 266 45 appointment
507 621 44 33 of
562 632 22 22 a
601 619 220 37 Committee
840 625 39 26 to
898 615 170 38 consider
1081 615 45 33 of
1140 615 61 33 the
1222 613 102 34 State
1338 608 45 38 of
1390 609 63 34 the
1470 608 107 34 Laws

227 670 158 34 relative
402 676 46 39 t*
464 671 145 33 Debtor
626 667 70 33 and
715 666 194 34 Creditor.
961 660 74 40 Mis
1057 663 187 44 Lordship
1264 658 154 48 pointed
1437 661 65 30 out
1517 656 63 33 the

224 718 99 34 evils
344 717 144 41 which,
516 718 37 33 in
574 716 53 34 his
644 715 171 45 opinion,
842 712 128 35 attach
1006 717 39 28 to
1077 712 60 33 the
1157 713 142 43 present
1319 712 161 39 system;
1505 703 72 34 and

228 765 196 40 observed,
451 765 81 35 that
546 765 30 32 it
592 775 72 22 was
683 768 63 30 not
765 762 52 34 his
837 758 182 37 intention
1039 765 40 27 to
1096 768 161 37 propose
1276 756 84 34 that
1369 754 64 33 the
1449 761 130 37 power

229 814 44 33 of
287 820 113 27 arrest
418 811 132 35 should
570 813 43 33 he
631 810 209 43 altogether
857 810 93 33 done
970 819 131 28 away,
1128 807 66 33 but
1215 804 43 32 he
1283 801 142 35 wished
1453 808 37 26 to
1520 809 39 22 re-

229 860 190 34 commend
442 860 63 32 the
521 859 145 34 ancient
689 857 162 45 practice
868 856 45 34 of
927 856 63 33 the
1020 855 105 38 Law,
1153 850 124 35 which
1307 860 93 30 was,
1437 848 74 34 first
1543 852 37 28 to

229 919 167 22 summon
429 907 61 34 the
523 907 145 37 debtor,
696 905 128 33 before
855 904 57 34 his
940 913 132 34 person
1102 900 110 35 could
1248 901 45 32 be
1323 895 143 37 seizeti.
1520 894 61 34 lie

231 957 87 33 then
337 956 128 32 moved
488 954 61 32 the
561 954 254 44 appointment
836 952 46 33 of
892 961 24 24 a
937 951 237 35 Committee,
1192 956 38 25 to
1248 946 132 34 consist
1401 944 100 32 °fall
1518 943 64 32 the

235 1003 116 35 Lords
365 1004 85 31 who
470 1003 92 32 have
580 999 171 35 attended
768 999 129 41 during
913 999 59 33 the
991 1004 150 40 present
1161 996 170 40 Session;
1359 992 126 34 which
1506 999 76 25 was

233 1051 137 44 agreed
390 1058 37 26 to
448 1062 90 22 nem.
559 1046 351 44 di,;.--Adjourned.

704 1147 201 39 FRIDAY,
935 1146 104 35 FFn.
1064 1146 59 35 10.

797 1218 221 25 AMEILICA.

288 1260 81 35 The
386 1259 91 35 Earl
497 1258 43 34 of
555 1258 118 34 Mom
728 1257 188 44 presented
934 1267 22 21 a
980 1254 165 35 Petition
1167 1254 34 34 in
1221 1253 135 35 behalf
1369 1252 45 34 of
1424 1252 60 34 tl-e
1501 1248 64 37 Pri-

240 1319 118 24 soners
377 1307 165 33 confined
562 1306 33 33 in
625 1306 63 32 the
709 1304 115 34 Gaols
849 1304 45 33 of
912 1304 217 43 Liverpool'.

292 1356 96 34 Lord
411 1356 27 32 A
449 1364 80 24 yet:
542 1365 19 20 t.
601 1363 18 22 s
633 1363 22 24 n
676 1352 144 39 moved,
847 1352 84 32 that
948 1352 103 32 there
1068 1352 45 31 be
1133 1350 74 33 laid
1228 1349 126 34 before
1372 1349 61 32 the
1457 1346 125 33 House

240 1416 46 24 an
308 1404 167 33 Account
493 1401 44 33 of
559 1401 59 32 the
641 1401 159 43 Imports
819 1398 71 34 and
913 1400 170 44 Exports
1103 1396 43 34 of
1162 1397 143 39 Ireland
1305 1397 21 39 s
1355 1396 60 33 for
1436 1395 60 33 the
1515 1394 70 32 last

241 1454 105 32 three
370 1461 123 34 years,
517 1460 40 21 as
589 1448 58 33 far
677 1457 40 22 as
752 1447 60 33 the
839 1456 99 24 same
954 1446 110 34 could
1097 1444 46 32 he
1162 1444 103 33 male
1287 1455 64 33 up.
1407 1443 105 38 Also,
1539 1450 46 22 an

242 1502 167 32 Account
436 1496 44 32 of
503 1495 60 33 the
588 1495 161 43 Imports
783 1494 76 33 into
899 1494 150 34 Ireland
1084 1492 94 33 from
1213 1492 190 37 America,
1430 1489 70 32 and
1521 1489 61 32 the

246 1548 167 43 Exports
429 1550 38 28 to
488 1543 175 34 Atnerica
680 1540 94 34 from
795 1541 169 39 Ireland,
990 1541 70 32 avid
1081 1540 43 33 of
1149 1541 59 32 the
1227 1539 191 46 principle
1436 1537 150 34 articles

241 1594 137 40 chiefly
397 1591 187 44 imported
599 1589 70 35 and
687 1599 46 21 ex
743 1589 129 44 virteti
892 1589 133 44 during
1044 1587 64 34 the
1127 1597 98 24 same
1246 1586 145 45 period.

295 1641 93 33 Lord
406 1639 87 33 Acc
502 1648 116 24 KLAN
630 1646 22 25 n
673 1637 72 32 had
765 1636 156 33 another
956 1636 142 33 motion
1129 1642 37 25 to
1187 1635 122 33 [mike.
1362 1632 81 33 The
1463 1631 122 44 object

242 1691 44 32 of
312 1691 24 31 it
352 1685 122 37 would
495 1688 60 38 he,
582 1691 37 27 to
640 1684 94 33 have
755 1684 73 33 laid
849 1694 45 24 on
915 1683 63 33 the
996 1684 104 32 table
1114 1682 43 32 of
1172 1683 61 32 the
1251 1683 125 33 House
1397 1678 191 34 whatever

240 1741 172 30 accounts
442 1733 46 34 of
509 1733 64 34 the
599 1730 239 46 proceedings
867 1730 45 33 of
932 1730 63 33 the
1019 1730 196 32 American
1247 1730 246 32 Government
1518 1727 69 32 and

246 1787 194 38 Congress,
469 1779 123 35 which
626 1789 86 31 may
735 1779 91 33 base
859 1779 92 33 been
971 1778 230 33 transmitted
1231 1785 38 25 to
1303 1776 56 32 his
1391 1773 191 44 Majesty's

244 1831 202 40 Alinisters,
474 1828 50 45 by
559 1828 60 32 the
652 1826 141 33 British
829 1826 172 32 Minister
1036 1825 34 32 in
1094 1811 470 57 America.---Ailjourned.

613 1929 174 38 110UsE
815 1930 70 37 OF
915 1928 274 39 COMMONS.

707 2040 221 38 MONDIY,
959 2037 103 34 r1,:11.
1085 2037 32 34 6.

536 2111 138 26 curcr
881 2108 83 26 I,RY
1080 2108 221 26 zitr,T.tNn.

295 2167 74 34 Mr.
409 2166 285 33 WHITBREAD
749 2161 86 45 paid
885 2172 98 22 some
1018 2160 198 34 handsome
1259 2161 257 45 compliments
1552 2164 38 28 to

246 2215 63 35 the
344 2215 167 34 military
540 2212 129 33 talents
703 2211 71 33 and
806 2210 158 34 eminent
983 2209 161 34 services
1179 2209 43 32 of
1250 2210 60 33 the
1342 2211 66 41 Itig
1408 2211 17 41 -
1424 2211 33 41 ht
1487 2209 102 33 Hon.

246 2264 157 33 General
429 2262 33 32 in
478 2261 61 32 the
559 2258 98 39 field,
674 2258 70 33 and
763 2264 38 27 at
820 2258 63 33 the
904 2268 97 22 same
1019 2258 87 31 time
1127 2258 171 33 declared
1320 2257 54 33 his
1395 2264 91 25 inost
1508 2267 61 34 per-

244 2310 73 33 fect
338 2308 210 35 conviction
567 2306 43 33 of
637 2306 53 32 his
711 2306 117 35 fitness
847 2310 39 26 to
907 2306 50 32 till
979 2304 60 32 the
1057 2304 104 33 office
1181 2304 45 32 of
1257 2304 118 34 Chief
1391 2308 190 40 Secretor)

244 2359 58 31 for
325 2356 171 38 Ireland;
527 2356 63 31 but
621 2362 38 24 as
693 2353 44 32 he
755 2352 111 34 could
899 2361 60 25 nut
990 2353 44 31 be
1067 2352 90 33 both
1192 2352 33 33 in
1246 2352 181 34 Portufral
1449 2350 69 33 and
1548 2357 35 26 at

250 2405 139 34 Dublin
405 2409 37 26 at
463 2406 59 30 the
541 2411 97 24 same
657 2401 104 39 time,
787 2400 86 39 and,
891 2400 34 32 in
945 2400 54 33 his
1018 2400 172 43 opinion,
1220 2400 60 32 the
1296 2411 21 22 a
1325 2400 77 32 tiice
1419 2399 43 33 of
1479 2398 115 34 Chief

247 2460 193 26 :...ecretary
459 2451 34 32 in
519 2447 145 34 Ireland
683 2458 77 22 was
777 2457 43 24 an
835 2447 158 33 efficient
1013 2447 119 39 o!lice,
1161 2446 44 34 he
1224 2448 112 38 ought
1352 2453 63 27 not
1435 2453 38 27 to
1494 2446 92 33 have

244 2499 92 33 been
357 2498 87 45 paid
462 2498 57 33 for
534 2497 63 32 the
609 2494 157 33 services
784 2493 41 33 of
834 2494 45 39 it,
908 2493 104 34 when
1033 2494 104 32 there
1160 2505 72 21 was
1247 2506 44 20 no
1312 2493 216 46 po-sibility
1550 2493 43 33 of

246 2546 56 32 his
333 2545 178 43 executing
511 2545 20 43 .
561 2544 109 33 them.
728 2542 58 34 He
804 2541 71 34 had
896 2552 44 24 no
958 2539 189 44 objection
1179 2546 37 28 to
1252 2543 63 32 the
1349 2542 115 41 MO(
1488 2542 94 33 lion.

246 2594 161 34 General
429 2591 110 44 being
569 2591 85 44 paid
687 2589 60 34 for
781 2590 52 33 his
869 2589 157 34 services.
1104 2589 17 46 a
1137 2589 18 46 3
1172 2589 137 46 otlicer,
1337 2591 64 31 but
1426 2590 43 31 he
1499 2601 67 21 con

242 2640 129 35 ceived
396 2641 43 32 he
467 2639 112 41 ought
607 2643 63 27 not
687 2643 40 26 to
749 2637 91 33 have
859 2636 92 34 been
971 2636 89 46 paid
1095 2636 57 33 for
1170 2636 118 34 duties
1309 2636 125 34 which
1454 2636 31 34 it
1512 2647 76 22 was

241 2689 104 33 clear
366 2688 44 33 he
429 2686 107 35 ccfdd
556 2691 60 27 not
633 2689 174 28 execute.

292 2735 58 33 Sir
380 2735 146 32 Artint
618 2733 279 33 NVE.:LLEsir.vr
931 2732 97 40 said,
1062 2732 83 34 that
1187 2732 64 33 the
1293 2733 76 32 real
1414 2731 70 34 and
1511 2732 77 33 sole

240 2784 142 35 motive
419 2783 46 32 he
495 2781 71 32 had
613 2779 59 33 for
709 2780 202 43 remaining
954 2780 34 32 in
1022 2780 104 32 oqice
1159 2780 111 32 while
1313 2780 43 32 he
1406 2779 24 44 W
1452 2779 24 44 0
1498 2779 46 44 em

241 2830 139 47 plowed
400 2830 143 33 abcoad
567 2839 89 30 waf.,
683 2826 81 33 that
796 2826 28 33 it
857 2838 74 20 was
952 2828 61 32 the
1036 2828 92 33 wi,:h
1149 2826 44 33 of
1212 2828 60 32 the
1294 2826 126 33 Noble
1455 2828 74 31 Iler
1530 2828 19 31 ,
1548 2828 38 31 on

240 2884 39 28 at
312 2878 61 33 the
402 2877 92 33 head
515 2877 43 32 of
586 2876 58 33 the
669 2874 96 34 Irish
785 2874 250 35 Government
1067 2876 81 32 that
1186 2876 44 33 hey
1247 2875 32 33 sh
1279 2875 48 33 lt:
1328 2875 15 33 l
1343 2875 17 33 4
1359 2875 33 33 L.
1453 2875 19 33 A
1472 2875 19 33 l
1491 2875 39 33 la
1553 2874 34 32 in

240 2928 130 41 regard
390 2930 38 27 to
449 2924 63 34 the
528 2923 240 33 emoluments
784 2921 43 34 of
841 2922 84 33 that
944 2923 119 37 ()thee,
1101 2923 44 33 he
1166 2923 136 43 bepx.l
1332 2923 107 33 leave
1468 2929 34 25 to
1522 2923 45 30 ob-

239 2983 117 32 serve,
385 2973 81 33 that
488 2973 137 43 though
657 2969 91 45 they
769 2979 97 24 were
892 2969 117 43 large,
1037 2981 40 21 as
1095 2970 104 43 large
1227 2981 38 21 as
1286 2970 104 32 those
1411 2969 41 33 of
1467 2969 122 33 offices

241 3021 44 33 of
299 3030 99 25 more
416 3020 242 44 importance,
680 3022 61 38 yet
758 3018 105 33 there
880 3027 97 22 were
992 3028 187 33 expences
1196 3018 174 33 attached
1394 3027 34 22 to
1450 3017 61 33 the
1531 3017 38 32 of-

239 3070 70 32 fice
326 3069 41 33 of
386 3067 116 33 Chief
527 3067 196 43 Secretary
743 3064 44 34 of
803 3065 163 39 Ireland,
999 3077 26 20 w
1038 3066 85 33 hich
1141 3065 64 33 did
1237 3072 60 27 not
1317 3076 38 21 so
1377 3066 211 43 peculiarly

240 3116 70 34 fall
345 3126 45 22 on
429 3116 60 32 the
520 3113 222 35 i.ecretaries
775 3112 44 33 of
859 3113 105 32 State
1002 3113 34 32 in
1087 3112 183 44 En::land.
1342 3113 84 32 The
1474 3112 112 43 Right

240 3164 103 33 lion.
365 3163 156 34 General
555 3159 203 37 concluded
791 3158 90 34 with
917 3159 214 45 observing,
1159 3162 83 32 that
1273 3171 39 21 50
1349 3161 87 41 long
1470 3171 37 20 as
1527 3159 61 33 the

240 3211 32 34 MI
307 3210 60 33 hle
390 3210 111 33 Duke
526 3215 40 28 at
585 3209 60 34 the
666 3208 91 33 head
781 3208 44 33 of
839 3209 61 32 the
931 3209 249 32 Government
1209 3209 33 33 in
1279 3208 148 33 Ireland
1448 3207 59 33 did
1527 3214 60 27 not

237 3259 109 34 think
370 3268 142 34 proper
530 3262 37 27 to
587 3262 129 27 vacate
748 3256 59 33 the
836 3256 283 44 appointment,
1149 3256 44 32 he
1213 3255 67 33 felt
1302 3256 151 32 himself
1468 3256 119 32 bound

235 3312 43 27 to
299 3307 94 43 keep
413 3315 48 33 up
494 3305 54 34 his
574 3302 19 34 c
593 3302 19 34 ,
612 3302 256 34 tabli-liments
899 3307 123 33 there,
1051 3302 124 33 which
1204 3302 43 33 he
1270 3302 111 34 could
1413 3308 65 28 not
1495 3302 93 34 have

239 3354 96 33 done
353 3353 71 33 had
444 3354 44 32 he
504 3351 248 45 relinquish:A
774 3352 58 32 the
847 3352 247 33 emoluments
1111 3350 45 34 of
1170 3350 63 34 the
1251 3351 117 33 office.

291 3402 73 32 Mr.
391 3400 221 34 WIIITBR!:
622 3409 18 24 A
653 3410 22 22 o
693 3399 170 33 obtained
886 3399 93 33 from
1003 3399 60 32 Sir
1093 3398 145 34 Arthur
1263 3399 203 43 ‘Vellesley
1483 3409 22 24 a
1522 3399 44 32 de-

236 3449 202 40 claration,
461 3449 79 33 that
566 3450 39 30 he
632 3446 124 33 would
784 3452 61 27 not
866 3446 91 32 take
983 3446 111 34 a2ain
1127 3445 56 33 his
1209 3445 89 33 civil
1329 3448 256 44 employment

240 3497 107 32 when
367 3497 43 32 he
432 3507 73 22 was
520 3495 141 34 abroad
683 3504 45 22 on
749 3493 167 44 military
937 3496 118 31 dude-
1075 3507 8 24 ;
1111 3495 71 32 and
1208 3495 71 32 Mr.
1307 3495 59 31 W.
1388 3506 19 21 e
1419 3494 167 44 xpre.sed

237 3543 58 34 his
312 3543 213 34 conNiction
546 3543 93 35 that,
657 3541 100 34 after
781 3543 96 31 what
908 3541 71 33 had
1002 3553 76 21 nos
1107 3542 54 44 pa.
1161 3542 18 44 ,
1179 3542 56 44 :ed
1257 3542 33 33 in
1309 3543 66 32 the
1400 3543 7 31 I
1420 3543 67 38 lont
1487 3543 17 38 ,
1504 3543 35 38 e,
1559 3542 27 33 it

235 3592 125 33 would
390 3592 46 33 he
464 3591 73 41 lon;,
537 3591 15 41 ,
581 3589 129 32 before
737 3599 70 27 any
843 3589 113 33 Mini,
964 3595 69 26 ter:
1068 3589 176 34 ventured
1273 3596 38 26 to
1342 3591 155 33 commit
1525 3591 64 32 the

236 3640 244 41 irregularity
502 3638 45 34 of
563 3638 119 32 which
707 3638 44 31 he
772 3637 67 33 had
857 3638 254 43 complained.
1434 3680 12 1 _

282 3687 80 32 The
385 3686 129 33 House
534 3686 132 40 having
685 3685 164 33 resolved
873 3685 105 33 itself
1004 3686 79 32 into
1101 3697 22 21 a
1146 3685 227 34 Committee
1402 3685 45 33 of
1475 3685 112 33 IVavip

228 3733 73 37 and
327 3735 139 40 Means,
494 3733 63 33 the
579 3733 130 34 Duties
730 3744 45 21 titi
800 3733 90 32 Malt
906 3733 69 32 awl
993 3735 133 40 Sitg:sr,
1152 3735 70 32 ai):1
1245 3735 60 32 the
1322 3735 83 32 'faN

229 3783 115 39 Pions,
365 3791 98 24 were
478 3783 133 40 agreed
633 3788 37 25 to
690 3782 46 33 be
749 3781 197 34 cominued
964 3781 57 33 for
1042 3788 8 21 t
1042 3784 21 25 I
1064 3794 39 21 ..'l*
1123 3794 18 20 It
1153 3783 72 31 :11.11
1243 3787 109 27 (PIAUI
1371 3782 45 32 Ilf
1427 3782 61 33 Ole
1505 3793 83 32 pre-

227 3836 81 27 Wilt
324 3830 70 32 Will
412 3830 152 40 enituing
578 3839 87 34 year
679 3841 11 24 ;
717 3840 38 22 a.
775 3841 73 21 was
866 3830 61 32 the
946 3840 76 22 slim
1042 3830 313 38 ot1(000,000,.
1378 3835 38 26 to
1437 3830 45 31 be
1499 3830 89 32 rai,:-

227 3879 46 32 ed
293 3889 44 20 on
361 3878 224 45 Exchequer
746 3876 58 34 for
834 3878 64 34 Cie
925 3878 143 33 service
1093 3878 40 32 of
1149 3880 117 32 Gicat

693 4037 35 37 T
768 4048 65 24 ESD
951 4036 99 37 FEB.
1075 4039 38 32 7.

651 4116 22 21 0
686 4116 21 21 R
751 4113 51 25 1:11
833 4115 22 21 0
1081 4113 51 24 IY
1143 4127 9 9 .

274 4159 74 34 Mr.
372 4157 235 33 WHARTON.'
634 4156 32 31 in
685 4155 63 33 the
771 4154 118 35 Chair
1063 4152 103 45 Ptigh
1204 4162 72 24 w;:s
1304 4150 123 37 called
1462 4156 35 31 to
1522 4149 60 35 the

227 4208 58 39 Ea
299 4219 20 32 ••
337 4207 69 34 ;tad
425 4205 213 35 examine/.

1683 230 51 41 Q,
1760 230 83 46 (By
1860 231 66 34 the
1945 230 115 35 ATTO
2134 230 383 43 EY-GENERAL).—
2533 230 109 32 What
2670 228 164 34 business
2852 228 48 32 do
2919 236 77 35 you

1637 289 109 34 carry
1763 289 47 25 on
1824 280 120 33 ?—A.
1970 279 99 35 That
2089 278 44 34 of
2144 288 47 25 an
2209 278 333 40 auctioneer.—Q.
2565 276 76 34 Did
2661 276 91 34 Mrs.
2774 273 143 35 Clarke
2935 283 43 24 or-

1638 328 66 33 der
1717 337 74 34 any
1809 326 185 35 furniture
2010 326 96 34 from
2125 337 74 34 you
2216 327 14 33 ?
2285 327 51 33 A.
2367 326 72 34 She
2456 326 122 34 called
2597 330 38 30 at
2660 334 58 34 my
2744 324 116 32 house
2876 321 119 34 about

1639 385 100 26 some
1770 374 313 45 looking-glasses
2112 373 73 39 az4
2213 384 26 24 a
2269 373 217 45 hall-lamp,
2516 373 72 33 and
2621 372 19 34 I
2667 369 149 37 waited
2843 380 53 21 on.
2927 369 67 37 her

1642 425 34 32 in
1701 432 267 34 consequence.
2052 422 73 35 She
2154 419 236 44 represented
2420 419 142 34 herself
2588 430 40 24 as
2668 417 216 35 unmarried
2921 416 72 34 and

1642 470 128 34 talked
1799 470 45 34 of
1870 471 66 33 her
1962 471 76 33 late
2066 469 180 41 husband,
2281 469 71 33 and
2381 469 64 34 her
2472 469 109 34 three
2607 467 169 35 children
2811 464 112 45 being
2953 470 41 27 at

1639 519 246 40 school.—Q.
1918 517 76 37 Did
2014 519 63 33 she
2093 517 84 45 give
2196 529 76 33 you
2294 527 72 35 any
2386 516 110 34 order
2513 517 13 32 ?
2582 515 50 34 A.
2661 513 80 37 Yes
2797 510 60 35 for
2875 521 22 22 a
2916 510 79 34 hall

1642 567 102 44 lamp
1759 567 71 33 and
1846 576 102 26 some
1965 566 151 45 glasses,
2144 565 219 45 amounting
2386 563 34 34 in
2438 565 61 33 the
2517 563 129 33 whole
2670 568 38 27 to
2728 562 120 32 about
2865 559 132 35 271.

1643 615 45 39 Q.
1720 614 111 33 Were
1857 625 74 35 you
1954 615 86 44 paid
2076 612 61 35 for
2169 624 98 35 your
2290 612 113 46 goods
2420 613 47 44 by
2486 612 93 34 Mrs.
2598 609 139 35 Clarke
2757 606 15 35 ?
2825 608 50 34 A.
2903 607 61 34 No
2981 619 14 30 ;

1646 663 18 34 I
1696 672 78 24 was
1802 663 151 44 obliged
1996 669 39 27 to
2069 660 107 45 bring
2211 672 63 33 my
2307 660 124 34 action
2467 666 41 27 at
2537 660 76 33 law
2657 663 39 30 to
2743 665 155 26 recover
2933 654 65 34 the

1642 715 151 30 amount
1811 722 9 22 :
1865 711 69 32 but
1965 709 17 35 I
2014 719 76 25 was
2120 707 210 37 nonsoited.
2343 707 106 40 —Q.
2490 706 91 34 Was
2610 706 30 34 It
2672 716 53 24 om
2747 706 66 32 the
2852 702 144 47 ground

1643 758 44 33 of
1714 758 65 33 her
1814 758 110 44 being
1950 768 25 24 a
2003 756 161 35 married
2194 768 144 24 woman
2354 756 13 34 ?
2399 756 47 34 A.
2478 755 19 34 I
2526 754 111 34 think
2656 752 28 34 it
2705 762 94 25 was.

1694 804 76 35 Mr.
1792 806 163 33 Stowers
1977 804 200 35 examined
2204 807 50 43 by
2285 804 64 32 the
2381 797 615 41 ATroasEv-firNritAL.—Q.

1649 852 76 35 Did
1743 863 73 34 you
1838 854 111 33 know
1968 853 86 35 Mrs.
2069 854 144 34 Clarke
2225 850 102 37 after
2340 852 64 34 her
2418 850 185 45 marriage
2622 848 90 34 with
2732 849 78 33 Mr.
2826 846 175 35 Clarke?

1650 902 44 33 A.
1726 901 17 33 I
1768 901 183 39 did.—Q.,
1980 901 112 33 What
2122 902 162 32 business
2316 900 63 34 did
2412 900 71 34 Mr.
2505 898 145 35 Clarke
2683 907 110 33 carry
2816 906 46 22 on
2880 895 12 32 ?
2946 892 52 37 A.

1651 950 31 32 A
1701 948 364 40 stone-mason.—Q.
2088 948 74 34 Dal
2200 950 46 32 he
2275 957 110 35 carry
2419 957 47 24 on
2499 946 65 34 the
2595 946 162 33 bwinegri
2776 941 45 35 of
2838 954 24 21 a
2878 948 100 28 stone-

1646 1006 126 25 mason
1808 1007 24 22 vi
1846 997 77 34 hile
1950 998 65 33 she
2033 996 98 35 lived
2161 996 93 34 with
2277 996 74 33 him
2369 996 13 32 ?
2435 994 48 34 A.
2517 994 63 33 lie
2609 1004 52 24 cci
2673 993 117 41 taint)
2815 991 61 34 did
2895 1002 12 30 ;
2934 993 65 30 not

1646 1045 69 33 1•••;';
1734 1045 90 33 than
1845 1045 106 33 three
1976 1055 44 24 or
2046 1045 85 33 four
2158 1044 221 45 years.—Q.
2409 1042 86 34 Had
2517 1042 90 44 they
2622 1051 72 33 any
2715 1038 172 37 children
2907 1039 12 32 ?
2953 1039 46 32 A.

1651 1091 76 35 Not
1746 1093 67 33 less
1831 1095 87 31 than
1938 1091 215 39 three.—Q.
2173 1091 111 33 Were
2302 1091 102 32 these
2421 1090 171 33 children
2617 1090 93 33 born
2730 1087 115 34 while
2864 1084 46 34 he
2926 1095 74 22 was

1649 1140 176 45 carrying
1850 1150 46 25 on
1925 1141 60 33 the
2004 1140 161 34 business
2183 1137 46 35 of
2249 1149 25 24 a
2293 1143 254 30 stone-mason
2562 1136 13 33 ?
2629 1136 50 33 A.
2707 1136 113 33 Sonic
2839 1133 44 35 of
2898 1133 99 34 them

1651 1196 110 25 were.

1701 1237 72 33 NIT.
1807 1234 133 35 Pi..•ree
1963 1234 197 35 examined
2192 1235 52 45 by
2269 1234 78 34 Mr.
2370 1231 318 40 WARDLr.—Q.
2719 1228 83 37 Did
2832 1239 74 34 you
2924 1228 79 34 live

1652 1284 91 33 with
1769 1285 87 32 Mrs.
1881 1284 141 33 Clarke
2040 1289 40 30 at
2100 1281 364 45 Gloucester-Oace,
2481 1292 41 21 as
2541 1280 65 32 her
2622 1279 141 39 butler,
2794 1277 124 34 whilst
2937 1283 74 27 tit_e•

1655 1342 72 22 was
1744 1331 115 34 under
1877 1331 63 34 the
1957 1332 213 45 protection
2202 1330 45 34 of
2269 1331 58 33 his
2362 1329 120 44 Royal
2506 1326 185 45 Highness
2725 1326 65 32 the
2823 1325 112 33 Duke
2959 1322 47 35 of

1656 1378 110 34 York
1786 1380 12 32 ?
1831 1378 47 33 A.
1903 1378 12 33 I
1931 1378 178 39 did.—Q.
2141 1380 59 33 Do
2222 1389 72 34 you
2311 1377 189 40 recollect,
2519 1376 85 33 that
2634 1375 34 33 in
2698 1372 64 33 the
2783 1382 92 35 year
2894 1371 111 40 1805„

1727 1424 123 45 Royal
1870 1427 183 43 Ilighnes
2066 1427 63 33 the
2151 1426 113 34 Duke
2287 1424 45 34 of
2348 1424 109 35 York
2485 1429 96 27 went
2601 1429 39 27 to
2665 1421 243 44 Weymouth,
2927 1419 77 34 and

1655 1476 87 32 Mrs.
1762 1476 141 32 Clarke
1922 1480 38 28 to
1983 1475 219 41 Worthing?
2231 1474 48 33 A.
2306 1474 11 33 I
2341 1472 165 39 do.—Q.
2542 1470 59 34 Do
2630 1479 72 34 you
2735 1468 175 34 recollect
2930 1476 71 24 one

1656 1521 221 40 Lodowick,
1893 1532 22 24 a
1932 1528 159 33 servant,
2113 1522 86 33 who
2217 1521 86 33 used
2337 1527 37 27 to
2402 1519 126 34 attend
2545 1518 63 34 the
2628 1515 112 35 Duke
2759 1515 44 33 of
2828 1514 111 34 York
2959 1520 45 28 gt

1655 1570 369 45 Gloucester-place?
2053 1569 51 35 A.
2146 1570 12 33 I
2196 1567 163 39 (lo.—Q.
2391 1567 57 34 Do
2471 1577 72 22 you
2562 1566 177 33 recollect
2759 1574 73 25 any
2854 1569 148 28 servant

1655 1619 132 39 having
1804 1619 89 31 been
1910 1618 156 34 ordered
2100 1619 47 43 by
2166 1618 63 32 the
2252 1617 113 34 Duke
2396 1615 43 33 of
2464 1604 113 46 York
2598 1619 37 27 to
2654 1612 90 33 take
2764 1616 65 27 out
2848 1619 22 25 a
2893 1607 117 38 Bank.

1652 1671 83 26 note
1753 1671 38 26 to
1812 1665 46 33 be
1873 1665 215 44 exchanged
2107 1665 11 32 ?
2151 1665 50 33 4.
2229 1665 15 32 I
2281 1664 182 33 recollect
2489 1662 66 35 the
2589 1659 291 44 house-keeper,
2908 1661 91 31 Mrs.

1656 1714 157 43 Taylor,
1833 1711 85 33 who
1941 1723 73 22 was
2033 1723 22 22 a
2073 1713 202 35 favourite,
2306 1710 145 43 coining
2483 1710 129 39 down,
2636 1707 69 34 and
2725 1708 132 43 giving
2875 1716 24 22 a
2915 1710 87 28 note

1655 1767 34 26 to
1710 1761 206 34 Lodowick
1938 1767 35 27 to
1993 1766 60 38 get
2085 1760 180 44 changed,
2285 1760 106 32 when
2422 1756 206 35 Lodowick
2649 1761 99 28 went
2763 1760 81 34 out,
2864 1754 71 33 and
2954 1762 50 24 on

1655 1808 53 33 his
1727 1815 124 26 return
1877 1818 94 34 gave
1997 1807 61 34 the
2092 1807 137 45 change
2249 1814 39 26 to
2310 1808 87 32 Mrs.
2418 1806 161 44 Taylor,
2608 1802 64 34 the
2693 1801 307 40 favourite.—Q,

1661 1857 54 32 Do
1737 1867 73 22 Yon
1825 1856 171 33 recollect
2017 1854 81 35 that
2112 1867 70 22 any
2202 1854 111 33 other
2327 1860 148 27 servant
2494 1854 72 32 had
2583 1853 90 32 been
2692 1848 158 34 ordered
2870 1848 50 44 by
2937 1847 64 33 the

1663 1892 110 45 Duke
1792 1904 44 34 of
1850 1903 113 35 York
1997 1910 41 28 to
2070 1909 59 38 get
2164 1903 63 34 the
2244 1909 86 28 note
2349 1900 162 44 changed
2529 1900 12 33 ?
2572 1896 263 38 A.../sio.—Do
2852 1906 74 34 you
2947 1906 39 22 re-

1655 1946 135 40 collect
1820 1952 207 33 Lodowick
2049 1952 137 41 having
2206 1957 66 38 got
2308 1950 59 33 the
2401 1955 63 27 not
2491 1945 216 46 exchanged
2726 1945 12 33 ?
2770 1945 50 33 A.
2843 1944 19 34 I
2890 1944 115 32 do.—

1703 2000 46 38 Q.
1780 2000 80 44 (By
1883 1998 72 33 Mr.
1994 2000 72 32 lit:..
2094 1998 92 43 ,n,)
2220 2000 60 33 Do
2311 2008 73 35 you
2415 1997 176 33 recollect
2611 1993 171 35 whether
2802 1993 64 33 the
2888 1990 117 35 Duke

1658 2057 73 22 nas
1750 2048 35 33 in
1812 2049 85 32 Nils.
1922 2044 169 35 Clarke's
2112 2047 112 33 house
2252 2052 40 28 at
2327 2046 61 32 the
2415 2044 87 33 time
2531 2044 63 32 the
2624 2047 85 28 note
2741 2050 78 26 was
2837 2039 109 45 given
2966 2047 39 26 to

1659 2095 203 33 Lodowick
1887 2100 35 27 to
1942 2102 59 33 get
2015 2094 164 44 changed
2239 2094 48 34 A.
2310 2093 60 34 He
2392 2102 74 24 was
2483 2102 53 33 up
2554 2089 122 34 stairs.

1701 2144 162 44 Captain
1883 2141 157 45 Ituxley
2067 2143 138 33 Sandell
2224 2140 195 34 examined
2438 2139 51 44 by
2507 2140 73 33 Mr.
2602 2135 319 38 WARDLE.—Q.
2940 2134 65 34 Do

1655 2202 73 31 you
1761 2192 111 34 know
1909 2192 89 34 Mrs.
2033 2191 142 34 Clarke
2192 2190 14 33 ?
2239 2190 45 33 A.
2320 2191 13 33 I
2363 2187 164 39 do.—Q.
2561 2186 74 34 Did
2669 2194 80 34 you.
2772 2193 44 25 or
2848 2181 157 37 Colonel

1662 2239 138 32 French
1819 2251 90 22 ever
1929 2239 122 45 apply
2085 2242 38 30 to
2154 2238 90 33 Mrs.
2268 2237 142 34 Clarke
2427 2242 38 27 to
2480 2245 64 24 use
2569 2235 66 33 her
2659 2232 157 33 interest
2833 2230 90 35 with
2940 2230 66 33 the

1662 2288 250 35 Commander
1939 2289 32 33 in
2007 2284 118 35 Chief
2146 2285 34 33 in
2223 2284 111 34 order
2372 2291 37 26 to
2444 2284 97 33 have
2571 2281 57 34 his
2655 2281 87 43 levy
2773 2278 206 45 expedited
2993 2277 13 33 ?

1659 2334 97 32 Who
1788 2346 96 32 gave
1918 2346 73 35 you
2027 2334 60 34 the
2132 2333 241 33 information
2417 2330 210 45 respecting
2654 2329 64 32 the
2753 2336 136 35 person
2921 2324 85 33 who

1655 2381 69 33 had
1744 2382 63 33 the
1828 2383 7 32 i
1843 2395 19 20 n
1869 2389 109 30 terest
1994 2386 39 30 to
2055 2387 171 39 promote
2246 2391 94 32 your
2368 2378 239 46 application
2621 2376 13 32 ?
2668 2374 100 34 Who
2803 2374 94 33 took
2930 2381 74 34 you

1654 2428 72 32 first
1744 2435 38 26 to
1807 2431 89 33 Mrs.
1923 2430 165 34 Clarke?
2145 2431 46 30 A.
2219 2428 69 32 Mr.
2310 2428 220 40 Cockayne,
2550 2434 59 33 my
2629 2428 193 38 attorney,
2835 2420 79 33 told
2933 2430 73 30 me,

1650 2486 40 22 as
1713 2477 14 33 I
1753 2487 73 24 was
1843 2490 18 21 a
1881 2480 169 39 military
2069 2486 98 28 man,
2199 2476 96 40 that,
2333 2474 33 34 if
2386 2473 17 34 I
2435 2473 70 33 had
2533 2481 73 32 any
2627 2470 105 44 thing
2759 2476 39 26 to
2816 2469 47 31 do
2881 2472 38 27 at
2939 2466 65 33 the

1658 2524 89 33 War
1767 2526 168 40 Office,
1935 2538 41 21 or
2011 2526 34 32 in
2075 2525 63 33 the
2169 2523 116 33 Office
2310 2523 44 35 of
2378 2522 60 33 the
2459 2519 248 37 Commander
2734 2518 38 32 in
2796 2515 128 40 Chief,
2960 2515 45 33 he

1656 2572 122 32 would
1799 2574 228 33 recommend
2061 2583 56 21 me
2134 2578 38 26 to
2193 2582 22 22 a
2233 2581 130 34 person
2386 2568 84 35 who
2492 2568 72 33 had
2585 2567 149 33 interest
2757 2571 38 26 to
2812 2571 107 26 serve
2934 2572 71 22 me..

1655 2617 59 34 lie
1731 2621 216 34 introdtseed
1968 2633 52 22 me
2042 2627 37 25 to
2096 2620 64 32 her
2178 2624 126 38 agent,
2334 2613 72 38 Mr.
2427 2616 128 38 Corri,
2575 2624 24 22 a
2616 2610 391 39 musie-master.—Q.

1659 2667 115 33 When
1791 2669 63 33 did
1873 2681 69 21 you
1962 2669 78 33 first
2059 2668 118 44 speak
2200 2673 38 26 to
2261 2666 78 34 Mrs
2370 2665 138 37 Clarke
2526 2673 100 33 upon
2644 2661 61 33 the
2725 2657 143 45 subject
2888 2657 40 32 of
2944 2659 63 34 the

1658 2715 123 43 Levy?
1838 2715 46 35 A.
1913 2718 11 32 I
1949 2717 117 43 really
2083 2715 47 32 do
2150 2721 60 26 not
2231 2715 129 33 know.
2394 2712 80 34 The
2493 2711 159 33 business
2675 2708 70 33 had
2766 2708 93 32 been
2875 2707 139 32 settled.

1654 2761 165 34 between
1866 2764 157 33 Colonel
2078 2760 145 35 French
2275 2760 69 33 and
2389 2760 89 33 Mrs.
2541 2756 152 37 Clarke.
2709 2756 117 38 —Q.
2894 2754 33 32 IN
2941 2753 74 34 hat.

1655 2819 119 24 means
1789 2811 69 33 dill~
1869 2823 73 32 you
1961 2812 87 32 take
2068 2817 38 27 to
2117 2816 60 37 get
2196 2810 65 34 the
2281 2809 105 44 point
2405 2805 164 40 carried,
2595 2816 39 22 so
2653 2813 38 22 as
2709 2807 40 28 to
2772 2811 161 37 procure
2944 2802 63 34 the

1654 2857 124 34 letters
1807 2858 44 32 of
1871 2859 143 33 service
2029 2858 157 41 through
2212 2857 90 33 Mrs.
2328 2854 168 37 Clarke?
2554 2852 48 35 A.
2628 2852 12 34 I
2660 2849 224 35 understood
2910 2848 97 34 from

1656 2904 154 35 Colton.,
1833 2907 143 34 French
1996 2907 84 32 that
2102 2904 41 32 he
2166 2904 71 32 had
2255 2903 161 44 engaged
2435 2908 35 27 to
2490 2902 87 43 give
2600 2901 97 33 Mrs..
2712 2897 144 34 Clarke
2881 2907 25 24 a
2927 2907 61 24 cer-

1654 2953 74 33 tain
1753 2965 74 21 sum
1857 2954 46 33 of
1918 2953 242 38 monev.—Q.
2190 2953 117 32 What
2324 2949 125 44 !sassed
2471 2950 171 32 between
2662 2956 73 34 you
2753 2946 72 34 and
2849 2944 156 34 Colonel

1658 3001 138 33 French
1814 3013 98 32 upon
1933 3002 71 32 this
2020 3000 139 45 subject
2176 3000 12 33 ?
2228 2999 48 34 A.
2304 2999 57 34 Ile
2379 2998 76 34 told
2477 3008 59 21 me
2558 2996 105 33 when
2686 2995 14 33 I
2718 3004 78 25 saw
2816 2993 91 41 him,
2927 2995 71 33 that-

1654 3048 43 32 he
1717 3048 69 34 had
1807 3050 131 34 settled
1958 3060 113 24 every
2092 3048 103 41 thing
2216 3047 91 33 «ith
2330 3047 86 33 Mrs.
2444 3045 161 34 Clarke.
2656 3043 103 34 That
2789 3041 46 33 he
2868 3052 76 21 was
2970 3047 43 27 to

1650 3096 84 40 give
1756 3099 65 31 her
1833 3098 73 33 S(X)
1923 3098 159 43 guineas.
2088 3097 96 38 —Q.
2207 3096 77 32 Are
2300 3106 73 32 you
2389 3093 41 33 of
2438 3103 97 34 your
2549 3102 85 25 own
2646 3090 224 43 knowledge
2881 3099 130 22 aware

1652 3143 43 33 of
1703 3154 71 34 any
1792 3145 107 33 other
1922 3145 154 41 bargain
2099 3156 24 22 w
2137 3145 53 32 ilk
2213 3144 91 32 Mrs.
2327 3142 154 39 Clarke,
2507 3142 67 32 but
2596 3139 90 34 with
2706 3142 146 40 respect
2881 3144 38 27 to
2946 3136 63 34 the

1651 3191 72 34 300
1753 3193 151 43 guineas
1919 3194 12 32 ?
1988 3193 45 34 A.
2067 3194 17 34 1
2119 3203 74 21 was
2224 3196 80 33 not,
2333 3191 126 32 before
2485 3189 156 35 Colonel
2674 3184 145 37 French
2846 3189 94 30 went
2969 3191 39 26 to

1879 3241 180 34 Previous
2096 3246 37 28 to
2172 3239 53 34 his
2255 3239 215 45 departure,
2499 3236 48 33 he
2576 3235 146 34 desired
2753 3243 71 32 me,
2855 3231 34 34 if
2915 3234 93 33 Mrs.

1656 3287 143 34 Clarke
1811 3289 131 32 Arnold
1963 3294 98 27 want
2078 3299 149 26 money,
2255 3293 39 26 to
2308 3288 163 33 advance
2492 3285 28 32 it
2542 3289 39 30 to
2601 3282 182 39 her.—Q.
2822 3281 57 34 To
2906 3281 104 34 what

1654 3341 149 27 amount
1815 3337 11 31 ?
1883 3337 51 34 A.
1957 3339 50 32 As
2024 3335 57 34 far
2099 3347 39 22 as
2157 3337 39 31 ti;
2206 3347 35 24 e,
2270 3334 83 39 six,.
2376 3344 44 24 or
2438 3343 109 24 seven
2569 3331 159 35 hundred
2750 3328 259 46 pounds.—Q.

1659 3381 57 34 Do
1748 3393 73 32 you
1854 3385 176 33 recollect
2059 3393 72 32 any
2158 3383 241 45 applicarion
2435 3380 137 44 having
2601 3380 91 33 been
2722 3378 109 33 made
2850 3380 38 28 to
2911 3377 93 33 Mrs.

1657 3431 142 33 Clarke
1825 3430 58 35 for
1912 3443 45 22 an
1983 3431 202 34 alteration
2205 3430 45 32 of
2265 3430 61 33 the
2346 3429 157 43 original
2528 3429 126 32 letters
2672 3425 229 34 otiscrvice?
2954 3425 51 32 A.

1655 3478 122 34 There
1799 3488 97 25 were
1917 3480 149 33 various
2083 3478 219 33 alteratiow.
2324 3478 32 32 in
2378 3478 58 32 the
2454 3475 165 45 original
2642 3475 143 33 letters.
2842 3471 80 34 The
2950 3482 40 22 re-

1654 3527 162 43 cruiting
1845 3529 137 43 bounty
2007 3527 70 33 had
2112 3527 91 32 been
2235 3526 119 33 raised
2386 3531 34 25 to
2445 3523 169 33 nineteen
2631 3522 169 44 guineas.
2856 3520 71 33 We
2954 3530 39 21 re-

1652 3575 143 33 cruited
1809 3582 39 25 at
1870 3576 74 32 fiat
1963 3581 35 27 at
2017 3575 157 33 thirteen
2194 3575 151 40 guineas
2361 3574 109 31 hount
2478 3582 18 21 v
2507 3595 9 15 ,
2531 3570 71 33 and
2616 3580 39 22 as
2669 3580 56 22 we
2744 3575 11 27 t
2764 3567 143 41 bought
2924 3578 69 26 Our-

1654 3622 113 32 selves
1786 3621 154 34 entitlezi
1961 3630 35 26 to
2019 3622 60 32 the
2096 3621 185 40 addition,
2314 3631 53 21 we
2392 3608 142 54 applied
2533 3608 21 54 .
2571 3624 38 27 to
2630 3619 91 32 MN.
2743 3617 158 34 Clarke,
2928 3615 84 37 that

1657 3680 52 22 we
1731 3669 119 45 might
1874 3680 52 27 :et
1946 3671 157 40 thee:dm
2104 3671 22 40 -
2126 3671 157 40 gement,
2298 3679 41 21 as
2396 3678 15 21 e
2433 3666 110 34 could
2556 3672 58 34 get
2635 3677 44 22 no
2693 3674 81 22 men
2794 3667 39 28 at
2851 3663 161 34 thirteen

1654 3719 163 39 guineas,
1846 3730 26 22 vs
1887 3719 85 33 hii.l
1994 3719 59 32 the
2091 3719 71 31 Ho:•
2202 3726 73 22 was
2311 3716 180 33 r.-eruited
2524 3720 39 26 at
2590 3713 169 32 nineteen
2790 3711 221 41 guineas.—

1701 3770 48 34 Q.
1787 3767 57 32 To
1874 3769 120 31 whom
2023 3765 59 33 did
2115 3776 70 32 you
2216 3765 119 43 apply
2353 3764 12 31 ?
2438 3763 46 33 A.
2513 3763 59 32 To
2601 3761 60 32 the
2691 3758 249 35 Commander
2973 3758 39 35 iql

1656 3815 117 33 Chief'
1800 3815 44 31 of
1874 3815 242 38 course.--Q.
2159 3811 74 35 Did
2281 3823 17 33 y
2308 3822 45 21 nit
2392 3816 63 27 not
2491 3809 123 45 apply
2646 3815 38 27 to
2717 3809 90 32 Mrs.
2836 3807 142 33 Clarke

1664 3865 37 32 A.
1735 3862 123 33 There
1896 3874 74 21 «a,
2003 3873 45 22 no
2083 3862 171 33 occasion
2291 3861 58 32 for
2381 3857 142 39 it.—Q.
2564 3856 76 33 Did
2666 3867 73 33 you
2767 3865 89 24 ever
2888 3856 117 43 apply

1655 3919 35 26 to
1853 3912 138 33 Clar;;e.
2036 3920 97 33 upon
2171 3920 73 21 ;my
2284 3908 107 32 ot!wr
2426 3905 172 34 occasion
2614 3906 12 32 I
2682 3905 45 32 A.
2764 3902 172 33 Relative

2966 3908 48 39 ,tu

1655 3960 60 33 tttr
1740 3960 216 41 Levy.--Q.
1995 3959 71 32 Did
2100 3969 70 22 you
2199 3967 104 27 ever,
2330 3961 37 27 at
2399 3964 67 33 any
2494 3954 106 39 time,
2640 3954 86 32 wait
2747 3961 47 22 on
2815 3953 63 31 the
2898 3952 90 32 Coni-

1655 4007 150 33 m.tiokr
1825 4009 32 31 in
2004 4006 90 33 with
2113 4018 20 20 a
2157 4016 163 30 message
2340 4004 91 32 Iron
2458 4003 91 32 Airs.
2572 4000 141 33 Clarke
2728 3999 14 33 I
2800 3999 48 33 A.
2885 3998 13 34 I
2920 4009 91 22 once

1662 4056 130 32 oains:l
1813 4065 44 20 en
1890 4055 63 33 the
1982 4054 247 33 Coottoooder
2470 4050 83 33 %%iuh
2552 4050 17 33 ,
2594 4046 154 35 Colonel
2783 4045 161 41 French,
2973 4054 39 26 to

1890 4103 56 32 for
1965 4103 135 35 having
2118 4101 152 43 granted
2297 4100 61 33 the
2386 4098 204 44 levy.—Q.
2624 4097 112 32 What
2757 4104 139 26 sumor
2916 4106 94 22 sums

1655 4163 98 25 were
1770 4150 106 46 given
1896 4159 37 26 to
1955 4150 30 35 ..
1984 4150 14 35 1
1998 4150 46 35 31.
2069 4149 141 37 Clarke
2231 4149 46 44 by
2301 4156 87 35 you,
2408 4156 41 25 or
2463 4154 37 26 to
2520 4155 98 37 your
2633 4144 109 33 knotv
2751 4143 105 46 ledge
2872 4143 47 45 by
2937 4152 74 34 any

176 141 4 5 .

1103 94 150 52 THE
1290 86 385 58 NATIONAL
1708 83 389 54 REGISTER,

2695 79 161 54 FEW
2907 84 77 47 12.
