3461 4453
263 94 27 76 *
291 94 136 76 TiEB.
476 112 76 47 12.

1140 113 144 51 THE
1319 116 371 51 NATIONAL
1726 116 366 51 REGISTER.
2870 109 90 51 107

275 248 41 37 7,
350 250 39 27 at
415 252 76 33 ten,
516 244 70 33 and
618 244 64 40 25,
707 252 40 27 at
777 247 141 40 eleven,
947 255 39 27 at
1020 249 61 33 the
1114 249 240 43 Jerningham
1390 250 106 33 Arms
1518 248 77 39 Inn,

278 292 184 38 Shiffnall.
482 293 236 43 Shropshire.
772 294 203 43 Attornies,
993 296 70 33 Mr.
1089 296 143 40 hiddle,
1251 296 344 46 Wolverhampton;

276 340 72 35 and
371 340 145 34 Messrs.
539 343 117 31 Smart
670 340 71 34 and
759 343 175 41 Thomas,
951 343 158 45 Staple's
1127 344 72 34 Inn.

328 387 164 33 Thomas
526 390 117 38 Scott,
672 389 248 45 Thaningtou,
956 391 111 40 Kent,
1101 391 210 39 victualler,
1346 392 94 34 Feb.
1468 392 61 40 23,
1560 396 37 30 at

278 445 124 28 seven,
413 433 61 41 2.1,
496 437 69 31 and
586 436 126 33 March
765 438 38 34 ?*),
829 445 34 25 at
893 439 142 39 eleven,
1067 448 37 25 at
1127 439 204 41 Guildhall,
1352 441 242 41 Canterbury.

281 483 207 40 Attornie:i,
519 483 73 35 Mr.
617 484 152 45 Elwyn,
795 487 227 45 Canterbury
1039 498 12 28 ;
1076 487 67 33 and
1161 487 72 34 Mr.
1257 487 117 44 Dyne,
1391 485 206 46 Sedeant's-

331 578 143 45 Joseph
491 578 152 45 Connop
661 579 69 34 and
751 579 175 37 Coleman
947 581 100 44 Levy
1067 582 176 38 Newton,
1265 582 77 34 Red
1367 582 233 39 Lion-street,

280 625 197 45 Spitaltield
477 625 18 45 ,
495 625 163 45 :,d3ers.,
684 628 90 33 Feb.
798 628 54 39 18,
870 635 39 26 at
925 630 144 40 eleven,
1083 630 69 37 28,
1166 630 70 33 and
1253 630 125 34 March
1397 630 61 39 25,
1476 635 37 26 at
1530 634 70 33 ten,

276 679 41 28 at
334 673 209 35 Guildhall.
596 676 198 45 Attorney,
822 676 74 34 Mr.
919 676 177 41 Alliston,
1117 676 346 43 Freeman's-court,
1486 676 91 35 Corn-

280 720 86 34 hill.

335 770 167 34 William
549 770 168 41 Enstace,
768 770 113 34 Little
922 772 248 38 Carter-lane,
1209 770 392 35 Doctor's-Commons.

280 819 314 38 cabinet-maker,
619 819 89 33 Feb.
728 819 65 40 21,
819 820 61 38 28,
900 820 70 33 and
999 820 126 33 Mardi
1149 820 63 35 23.
1247 826 37 26 at
1307 829 81 28 one,
1416 826 37 26 at
1478 819 99 33 GLOW-

283 866 93 34 hall.
455 867 200 43 Attorney,
686 866 76 33 Mr.
800 865 128 35 White
978 868 138 37 Sweet,
1161 865 441 45 King's-Bench-Walks,

282 913 171 45 Temple.

335 961 165 33 William
520 960 154 41 Brown,
691 960 385 41 Wormwood-street,
1097 961 282 41 London-Wall,
1396 960 206 39 victualler,

286 1009 93 34 Feb.
404 1007 56 37 15.
484 1010 15 37 2
500 1010 15 37 ,
515 1010 31 37 1,
566 1007 69 33 and
669 1009 128 33 March
827 1009 61 39 25,
920 1017 39 26 at
986 1015 73 38 ten,
1087 1017 40 26 at
1153 1009 202 33 Guildhall.
1408 1007 194 44 Attorney,

285 1057 74 34 Mr.
377 1057 159 44 Taylor,
557 1057 289 34 Craven-street.

335 1103 100 34 John
459 1104 126 33 Horne
607 1103 131 41 Clark,
776 1106 102 33 Saint
904 1103 302 38 James's-street,
1235 1103 172 40 milliner,
1430 1102 92 34 Feb.
1546 1101 56 38 18,

283 1152 65 39 21,
372 1152 69 33 and
480 1152 129 32 Mardi
635 1150 63 40 25,
728 1156 38 28 at
797 1152 139 44 eleven,
966 1157 40 28 at
1039 1152 201 34 Guildhall.
1292 1152 198 41 Attorney,
1527 1149 69 33 Mr.

283 1199 221 41 Chambers,
526 1196 312 37 l'urnival's-Inn.

1707 246 79 34 The
1811 246 120 45 object
1955 247 44 33 of
2019 248 61 33 the
2102 248 234 44 Proprietors
2366 248 27 32 is
2412 255 37 24 to
2469 253 63 37 put
2551 246 60 32 the
2633 242 138 35 British
2793 244 144 32 Commu-

1659 292 76 44 nity
1765 294 33 32 in
1833 296 194 41 possession
2055 295 44 33 of
2126 291 150 38 faithful
2301 295 177 32 Portraits
2502 292 69 34 and
2593 292 221 32 Characters
2829 288 45 33 of
2901 287 64 34 the

1662 340 181 44 principal
1880 341 216 41 l't•rronages
2122 341 44 34 of
2200 341 60 33 the.
2297 339 352 35 ILLUSTRIOUS
2687 335 175 34 HOUSE
2893 334 70 34 OF

1665 386 313 37 BRUNSWICK
1997 400 11 26 ;
2036 390 60 32 but
2115 399 39 21 as
2171 389 98 32 their
2285 389 48 40 103
2334 389 17 40 -
2350 389 33 40 al
2405 386 191 33 intentions
2611 389 131 30 cannot
2760 383 45 33 be
2822 390 124 25 accom-

1664 433 138 44 plished
1817 435 85 33 with
1918 436 94 32 their
2026 435 159 33 confined
2202 445 191 26 resonrces,
2409 433 85 41 they
2517 435 92 32 have
2628 429 180 38 resolved,
2820 428 141 43 though

1663 481 73 32 still
1761 482 227 44 abandoning
2017 483 47 32 all
2086 482 83 33 idea
2183 482 44 32 of
2243 482 122 44 profit,
2386 488 37 26 to
2440 480 132 43 charge
2603 481 172 40 Sixpence
2794 476 60 33 for
2871 475 92 33 each

1664 529 224 41 impression,
1915 536 38 25 to
1980 529 98 33 those
2096 530 83 31 who
2207 529 144 33 become
2370 527 230 33 Subscribers
2629 535 44 22 or
2701 523 182 44 purchase
2907 523 60 31 the

1669 574 171 34 National
1872 576 176 40 Register.
2115 576 214 33 Immediate
2360 574 123 32 orders
2506 570 130 34 should
2666 572 44 32 be
2733 576 77 26 sent
2836 574 39 27 to
2903 567 65 35 the

1665 622 126 39 Office,
1814 622 67 33 No.
1913 622 58 39 11,
1982 622 337 39 Catherine-stre:q,
2341 620 145 38 Strand,
2505 630 41 22 or
2571 619 109 43 given
2699 622 38 26 to
2756 617 59 32 the
2833 615 106 33 News-

1663 679 93 31 men,
1775 669 242 39 Booksellers,
2029 680 41 21 or
2080 669 129 35 Clerks
2224 667 43 34 of
2280 669 59 32 the
2359 667 136 38 Roads,
2507 676 39 22 so
2561 665 83 32 that
2657 664 60 33 the
2733 661 236 45 Proprietors

1665 726 81 33 may
1768 717 43 32 he
1831 717 83 33 able
1933 720 35 27 to
1987 717 163 32 estimate
2169 716 60 34 the
2246 715 150 34 number
2414 713 43 33 of
2474 712 234 44 impressious
2725 709 120 44 likely
2865 715 40 27 to
2923 707 46 33 be

1668 762 154 33 wanted.

1711 810 90 33 This
1833 811 119 32 Series
1980 810 77 33 will
2083 809 92 34 form
2197 820 24 24 a
2245 810 60 31 Set
2337 806 43 34 of
2411 806 167 34 Pictures
2603 803 44 34 of
2665 802 63 34 the
2760 801 213 35 Illustrious

1668 857 123 33 House
1819 857 43 33 of
1880 857 228 38 Brunswick,
2141 857 143 43 worthy
2315 856 60 32 the
2396 852 180 41 Drawing
2601 852 122 32 Room
2756 860 41 22 or
2823 848 64 34 the
2902 848 48 34 Ca-

1667 905 115 39 binet,
1808 904 66 32 and
1906 904 74 33 will
2011 904 122 32 render
2166 905 58 31 the
2255 902 175 33 National
2451 899 168 41 Register
2637 895 247 45 particularly
2911 905 43 24 va-

1667 952 137 39 luable,
1827 961 38 21 as
1883 951 201 44 presenting
2100 954 58 28 the
2180 952 80 40 only
2285 950 170 41 complete
2480 944 73 34 and
2583 945 181 31 authen;i::
2781 941 193 33 Collection

1667 999 45 43 of
1728 999 180 32 Portraits
1922 998 45 43 of
1974 998 57 31 the
2049 998 116 41 Royal
2186 998 138 39 Family
2343 996 143 37 extant,
2511 992 60 32 the
2590 989 168 44 Original
2781 989 189 44 Paintings

1667 1035 132 52 having
1817 1045 86 32 been
1925 1045 73 31 lent
2013 1044 45 41 by
2079 1054 96 22 some
2189 1043 44 32 of
2246 1042 60 34 the
2326 1041 197 34 Princesses
2541 1043 39 28 to
2593 1037 63 32 the
2675 1035 231 45 Proprietors
2919 1033 56 33 for

1667 1093 97 33 their
1779 1101 59 24 use
1851 1091 120 32 alone.
2022 1090 35 32 A
2068 1090 73 41 few
2156 1090 115 43 proof
2280 1089 228 43 imprevvions
2520 1095 44 21 on
2584 1084 106 32 India
2702 1093 116 33 paper
2836 1093 78 32 may
2931 1081 39 31 he

1667 1139 85 39 had,
1788 1139 94 43 price
1932 1137 94 32 I'►►ur
2056 1139 195 41 Shillings:
2297 1134 124 34 second
2456 1130 124 46 proof
2602 1130 246 43 impressions,
2891 1127 79 35 Tees

1668 1187 172 40 Shillings
1858 1183 70 33 and
1946 1183 183 43 Sixpence,

1780 1319 161 52 THE
1987 1315 410 53 NATIONAL
2437 1307 417 57 REGISTER.

2194 1473 47 51 IL
2249 1474 133 48 onba
2388 1480 35 46 il
2424 1480 19 46 l

1920 1564 226 41 SUNDAY,
2178 1561 291 39 FEBRUARY
2502 1565 60 40 12,
2595 1561 112 35 1809.

1933 1700 222 27 POLITIC4L
2174 1698 171 26 EVENTS
2367 1697 53 25 OF
2448 1697 92 27 THE
2556 1695 146 27 WEEK.

1715 1794 73 38 We
1843 1791 177 41 received
2066 1789 210 53 yesterday
2322 1788 145 38 Lisbon
2509 1787 149 50 Papers
2693 1789 44 33 to
2772 1783 70 39 the
2877 1779 97 43 29tfi

1670 1859 152 39 ultimo.
1902 1859 120 38 Their
2049 1860 181 35 contents
2262 1866 66 26 arc
2357 1851 246 52 interesting.
2659 1850 86 39 The
2763 1852 149 37 retreat
2931 1847 51 40 of

1670 1924 64 38 the
1757 1923 135 39 British
1925 1922 77 39 and
2028 1920 161 52 Spanish
2212 1917 143 41 armies
2383 1929 78 25 was
2480 1915 146 39 known
2647 1913 142 44 there;
2807 1907 93 43 'and
2928 1897 52 51 an

1670 1989 172 39 invasion
1860 1989 105 38 from
1985 1985 66 41 the
2073 1985 155 40 French
2246 1998 79 24 was
2344 1980 282 52 consequently
2650 1980 196 52 expected
2863 1994 13 31 ;
2906 1976 74 40 but

1670 2057 67 38 the
1756 2055 240 40 inhabitants
2015 2065 149 40 appear
2197 2056 44 33 to
2278 2052 50 37 be
2348 2047 200 40 animated
2570 2047 94 38 with
2685 2057 25 26 a
2727 2044 90 39 firm
2832 2040 130 44 resolu-

1671 2122 81 40 tion
1775 2128 41 33 to
1844 2132 149 41 oppose
2013 2120 65 38 the
2107 2122 104 34 most
2232 2117 191 52 vigorous
2443 2113 224 40 resistance.
2725 2109 61 41 AU
2806 2109 72 40 the
2893 2122 69 39 pro-

1671 2189 131 39 vinces
1819 2199 100 26 were
1937 2185 155 50 arming
2112 2184 64 38 for
2197 2181 87 39 that
2304 2192 197 40 purpose;
2539 2177 78 39 and
2648 2177 69 39 the
2733 2174 247 40 enthusiasm

1672 2254 47 39 of
1729 2254 67 39 the
1814 2252 242 39 inhabitants
2078 2262 72 25 was
2169 2261 44 26 so
2232 2252 130 47 great,
2383 2246 89 38 that
2502 2244 66 38 the
2585 2242 128 54 single
2733 2241 193 53 province
2939 2238 48 40 of

1674 2319 112 39 Beisa
1799 2319 76 39 had
1893 2315 157 51 already
2070 2313 191 40 collected
2296 2324 47 26 an
2365 2309 136 40 armed
2519 2308 111 40 force
2662 2307 48 39 of
2739 2319 117 26 more
2885 2304 102 40 than

1671 2385 145 41 70,000
1850 2393 113 26 men:
1995 2378 79 39 viz.
2105 2380 144 41 30,975
2285 2365 178 50 fusiieers
2477 2391 12 27 ;
2517 2378 148 41 39,803
2683 2370 207 52 pikemen,
2906 2365 78 43 and

1678 2450 67 34 118
1761 2444 175 52 cavalry.
1993 2443 85 39 The
2114 2441 178 39 fortified
2324 2439 130 54 places
2481 2451 53 26 on
2570 2435 70 40 the
2670 2434 194 40 frontiers
2881 2444 103 26 were

1674 2522 72 47 put
1765 2516 39 39 in
1820 2529 24 25 a
1860 2511 242 56 respectable
2121 2515 104 35 state
2244 2510 48 39 of
2306 2509 181 44 defence,
2515 2506 78 39 and
2620 2516 103 27 were
2740 2502 137 53 amply
2898 2515 67 39 sup-

1677 2581 103 52 plied
1812 2580 92 39 with
1936 2576 165 40 warlike
2134 2581 125 33 stores
2295 2572 76 40 and
2391 2571 235 54 provisions.
2681 2568 96 39 This
2794 2567 196 53 generoul

1678 2646 211 41 resolution
1910 2642 50 40 of
1970 2642 211 50 defending
2203 2641 104 39 their
2326 2644 169 46 country
2513 2639 30 38 is
2557 2642 73 33 not
2644 2634 185 41 confined
2846 2639 44 33 to
2910 2642 78 41 any

1680 2711 213 56 particular
1910 2709 180 45 district;
2112 2709 71 37 but
2205 2718 165 41 appears
2385 2709 45 33 to
2450 2705 51 38 be
2520 2702 172 52 adopted
2711 2702 51 51 by
2781 2700 70 39 the
2862 2696 129 39 whole

1680 2781 150 39 nation.
1886 2778 85 38 The
1995 2776 112 39 cities
2137 2773 48 40 of
2213 2776 154 50 Oporto
2401 2771 78 39 and
2516 2769 146 40 Lisbon
2689 2767 92 53 give
2802 2778 24 25 a
2845 2764 125 52 praise-

1681 2846 149 51 worthy
1847 2841 183 54 example
2062 2846 44 33 to
2143 2839 70 38 the
2250 2843 78 34 rest
2347 2837 50 39 of
2422 2836 67 40 the
2522 2833 214 52 kingdom,
2774 2829 78 41 and
2872 2839 122 41 every

1680 2913 118 39 effort
1818 2924 77 25 was
1915 2908 117 39 made
2060 2913 44 33 to
2125 2906 142 39 render
2297 2904 67 38 the
2383 2901 191 53 positions
2606 2900 39 39 in
2666 2898 65 39 the
2747 2896 224 53 neighbour-

1683 2978 106 40 hood
1807 2976 47 39 of
1876 2976 69 38 the
1975 2970 145 56 capital
2157 2983 43 26 as
2218 2967 239 45 formidable
2476 2980 41 25 as
2550 2963 196 53 possible;
2778 2963 65 38 for
2864 2957 132 41 which

1684 3056 168 41 purpose
1881 3047 52 34 70
1954 3040 126 53 pieces
2109 3037 48 39 of
2187 3048 155 27 cannon
2378 3034 76 39 had
2491 3034 98 37 been
2627 3028 124 40 taken
2787 3028 111 40 from
2928 3026 72 39 the

1684 3107 168 48 arsenal,
1872 3115 43 32 to
1936 3107 50 39 be
2006 3103 189 41 mounted
2216 3116 51 26 on
2287 3102 69 39 the
2388 3104 103 37 most
2526 3100 224 48 important
2784 3092 139 56 points
2956 3089 50 44 of

1685 3177 175 41 defence.
1917 3177 63 35 No
2000 3171 176 40 mention
2207 3170 33 38 is
2259 3168 112 39 made
2391 3167 48 39 of
2469 3165 66 39 the
2557 3163 144 40 British
2733 3162 113 39 fume
2880 3159 124 40 under

1688 3243 58 39 Sir
1776 3244 109 37 JoaN
1917 3241 230 38 CRADDOCK
2169 3252 9 28 ;
2207 3235 72 38 but
2315 3246 56 25 we
2401 3237 103 33 trust
2539 3242 78 26 our
2648 3233 138 46 troops
2820 3224 80 40 will
2931 3226 73 38 not

1688 3308 183 40 abandon
1889 3307 71 38 the
1977 3308 165 46 country
2164 3315 41 25 as
2236 3299 92 52 long
2344 3312 40 24 as
2405 3298 69 39 the
2494 3299 254 50 Portuguese
2776 3291 188 41 manifest
2979 3302 27 27 a

1691 3373 214 41 resolution
1930 3371 50 39 of
1991 3369 210 48 defending
2217 3364 252 39 themselves.

3432 865 26 28 -;

3415 979 6 6 •

3200 3242 18 50 1

1742 3439 85 39 The
1838 3441 184 48 Regency
2039 3435 102 38 have
2161 3430 206 54 published
2389 3442 21 25 a
2434 3432 103 34 most
2556 3424 204 41 animated
2781 3420 200 56 proclama-

1693 3507 83 39 tion
1807 3502 204 41 addressed
2049 3506 43 33 to
2122 3498 66 39 the
2215 3500 247 47 Portuguese
2489 3493 158 53 people.
2704 3491 113 50 They
2850 3488 56 41 do
2933 3491 73 37 not

1691 3568 159 43 conceal
1872 3569 69 38 the
1975 3568 168 50 dangers
2164 3569 41 33 to
2228 3562 126 38 which
2378 3561 66 38 the

2456 3565 24 46 .
2479 3565 165 46 country
2666 3556 31 40 is
2713 3554 194 56 exposed,
2933 3567 77 27 nor

1695 3639 65 38 the
1779 3635 157 46 talents,
1967 3633 162 52 vigour,
2160 3630 78 39 and
2259 3626 172 53 rapidity
2459 3625 47 39 of
2516 3625 69 38 the
2602 3622 158 53 enemy.
2818 3620 100 41 This
2935 3619 57 53 spi-

1695 3702 99 40 rited
1815 3699 139 54 appeal
1984 3704 43 34 to
2044 3699 67 37 the
2131 3694 168 52 feelings
2317 3692 76 39 and
2413 3691 159 39 honour
2590 3689 51 41 of
2652 3689 66 39 the
2744 3687 144 39 nation
2911 3685 100 40 Thus

1695 3767 535 50 concludes:—Portuguese
2258 3759 50 39 be
2327 3757 182 44 soldiers,
2606 3754 155 53 repulse
2792 3754 71 39 the
2885 3749 103 44 Satei-

1697 3843 28 18 •'
1755 3835 85 40 lites
1852 3833 48 40 of
1911 3833 67 39 the
1996 3835 149 50 tyrant,
2167 3828 105 43 who,
2302 3826 38 38 in
2356 3836 188 27 common
2564 3822 98 40 with
2685 3822 66 38 the
2772 3824 135 48 tyg-er,
2940 3810 74 47 can

1755 3913 120 27 never
1894 3901 51 37 be
1965 3895 168 41 satiated
2153 3894 93 38 with
2270 3891 118 40 blood
2404 3891 76 39 and
2496 3901 193 40 courage.
2719 3888 53 39 Be
2781 3885 99 40 deaf
2894 3891 41 33 to
2950 3883 66 40 the

1757 3967 250 40 intimations
2042 3963 48 40 of
2114 3964 168 48 corrupt
2302 3957 234 45 emissaries,
2565 3956 91 39 who
2672 3951 348 43 endeavovred,to

1767 4045 174 27 unnerve
1972 4042 102 41 your
2108 4038 165 40 energy,
2303 4023 74 39 and
2409 4022 141 40 diffuse
2582 4025 142 46 terr.;r_
2745 4018 78 40 and
2842 4018 178 39 distrust.

1702 4108 11 19 6
1719 4107 12 19 4
1755 4098 149 40 Valour
1925 4097 77 39 and
2022 4093 149 52 fidelity
2190 4093 105 38 form
2316 4089 70 39 the
2421 4085 227 44 distinctive
2667 4085 209 40 character
2896 4083 48 41 of
2957 4078 66 44 the

2026 4165 53 52 Dy
2095 4173 100 43 your
2212 4156 150 53 fidelity
2378 4167 84 43 you
2480 4153 103 43 have
2598 4152 226 57 preserved,
2838 4152 104 41 since
2957 4150 66 40 the

3365 1662 4 24 '
3379 1662 5 24 1
3384 1662 6 24 1

3385 1687 5 7 ,

3360 1696 4 12 ,
3376 1698 13 9 ,

3357 1727 21 19 .i
3378 1727 11 19 .
3405 1724 18 39 \

3452 1952 6 12 1

3435 1985 5 7 '

3410 2006 5 13 +
3428 2015 6 4 ,

3420 2044 39 24 ,'"•,'

3411 2059 19 223 ti..
3430 2059 9 223 „,
3439 2059 9 223 ,t
3449 2059 11 223 tl

3402 2337 58 70 /j

3418 2408 27 54 ii
3445 2408 14 54 e

3433 2512 6 34 ,
3439 2512 6 34 t
3445 2512 14 34 /1

3445 2549 14 39 ..,,.'

3446 2588 13 12 11

3410 2682 50 64 \k

3405 2767 7 12 ~
3429 2741 26 66 V

3450 2819 9 27 P

3433 2803 26 18 ..11

3420 2835 6 12 :
3435 2822 9 19 )

3413 2846 7 22 ,
3420 2846 22 22 ‘fl
3443 2846 7 22 .
3450 2846 8 22 '

3450 2868 2 2 .

3381 2898 44 17 ./.:1:.

3417 2965 43 32 C'

3400 3020 2 15 '
3412 3020 4 15 •

3403 3034 57 47 ..,,,f

3405 3078 9 56 t
3415 3078 9 56 t
3424 3078 19 56 i'

3384 3120 35 26 ..,z

3383 3241 6 11 .{
3439 3240 9 22 ,.
3450 3240 4 22 ...

3371 3246 71 71 fi4C

3404 3381 15 19 "'...

3407 3444 30 44 :4

3422 3488 32 21 ~,

3424 3568 17 28 '.'

3405 3625 44 39 %,

3420 3665 1 60 '
3433 3665 19 60 til
3452 3665 7 60 •

3389 4026 71 77 :/)

3369 4119 2 33 ,
3392 4119 9 33 ?:.

3377 4176 34 32 f.,..,

790 1261 322 33 DIVIDENDS.

335 1307 128 35 March
483 1306 64 40 25,
576 1307 126 34 James
724 1309 256 39 Sommervail,
1015 1307 215 45 Liverpool,
1256 1304 201 38 merchant,
1474 1307 38 32 at
1530 1309 72 37 ten,

282 1363 41 30 at
344 1355 208 40 Guildhall,
573 1355 346 35 London.---March
944 1356 58 40 11,
1029 1356 99 33 John
1155 1356 139 34 Newill
1328 1354 67 34 and
1431 1354 170 41 Sampson

289 1403 156 40 Newill,
467 1403 133 39 Stoke,
620 1403 270 41 Statli►rdshire,
915 1403 172 40 carriers,
1113 1408 38 28 at
1170 1403 146 38 twelve,
1341 1407 35 28 at
1397 1398 204 39 Guildhall,

286 1450 337 38 Liindon.--March
645 1450 38 40 T,
718 1452 191 43 Shepherd
940 1452 117 39 Scott,
1085 1452 288 33 Cannon-street,
1402 1446 133 39 factor,
1564 1452 34 27 at

283 1506 77 35 ten,
376 1504 38 28 at
428 1496 378 34 Guildhall—March
826 1498 37 39 6,
888 1498 165 33 Thomas
1072 1496 178 44 Simpson,
1270 1495 163 33 William
1450 1495 73 39 Tai
1535 1494 50 32 ler-

283 1559 83 27 son,
398 1545 69 34 and
498 1545 21 34 J
531 1554 86 34 osep
626 1545 18 32 h
678 1545 180 39 Gran.4er,
878 1546 211 43 Stokesley,
1109 1543 224 39 Yorkshire,
1367 1541 169 37 bankers,
1564 1546 34 26 at

283 1606 85 28 one,
387 1597 39 30 at
444 1593 63 32 the
533 1592 113 33 Black
669 1593 87 32 Lion
780 1592 79 40 Inn,
879 1592 193 38 Stockton,
1094 1589 350 35 Durham—March
1455 1587 35 40 6,
1511 1587 67 33 Wil-

283 1645 92 33 liam
393 1639 152 40 Atkins,
573 1641 122 38 Stone,
715 1641 175 39 Stafford,
908 1641 178 38 maltster,
1115 1643 37 28 at
1179 1646 73 30 ten,
1277 1641 38 30 at
1333 1635 60 34 the
1414 1635 185 33 Crown—

286 1689 115 46 April
415 1689 38 33 3.
481 1687 142 45 Joseph
648 1687 92 41 Gill,
771 1687 237 39 Brownshill,
1031 1684 322 39 Gloucestershire,
1372 1682 172 37 clothier,
1564 1688 33 25 at

287 1746 79 33 ten,
392 1740 38 30 at
467 1734 65 34 the
562 1734 141 43 George
737 1733 81 41 Inn,
855 1731 315 35 Stroud—March
1193 1731 35 33 6.
1260 1731 123 41 Henry

291 1785 221 44 Chepstow,
536 1770 334 48 Minuouthshire,
900 1780 201 40 merchant,
1120 1783 37 28 at
1174 1780 141 37 eleven,
1336 1783 39 26 at
1402 1776 63 33 the
1487 1775 90 33 Beau-

285 1833 77 34 fort
376 1832 106 33 Arms
498 1830 79 38 Inn,
600 1827 389 45 Chepstow---March
1007 1827 53 32 11.
1095 1826 111 33 Mark
1226 1826 206 33 Clemence,
1446 1824 135 33 Craven-

286 1884 129 34 street,
429 1876 149 40 Strand,
596 1876 137 45 taylor,
765 1881 39 27 at
821 1886 83 28 one,
921 1879 39 28 at
976 1870 380 38 Guildhall---March
1372 1870 60 35 23.
1467 1869 135 33 Robert

292 1925 226 41 Farbridge,
553 1923 309 44 Paragon-place,
893 1922 99 34 Kent
1029 1920 120 39 Road,
1181 1916 359 39 timber-merchant,
1565 1920 37 28 at

291 1984 85 31 one,
403 1977 39 30 at
480 1970 379 34 Guildhall—March
878 1969 35 33 4.
958 1968 104 34 John
1093 1967 143 45 Collip,
1261 1965 111 33 Great
1410 1962 170 35 Portland-

287 2024 129 37 street,
445 2019 252 46 upholsterer,
744 2022 39 28 at
819 2022 72 33 ten,
924 2020 40 30 at
994 2011 372 41 Guildhall—March
1381 2011 39 33 7.
1466 2010 136 33 Robert

291 2072 150 37 Soanes,
463 2065 231 40 Mark-lane,
725 2063 162 40 London,
925 2074 20 33 p
954 2073 63 22 rov
1025 2062 26 33 is
1059 2056 426 46 ion-Merchant—April
1504 2057 35 33 8.
1558 2055 39 35 C.

291 2115 168 44 Wright,
480 2113 176 43 Aldgate,
672 2111 247 38 tobacconist,
937 2113 39 30 at
998 2119 84 30 one,
1098 2114 37 27 at
1152 2105 206 37 Guildhall.

611 2169 535 35 CERTIFICATES.-MA
1157 2176 87 26 Reif
1259 2166 34 34 4.

339 2222 103 34 Mark
465 2220 163 39 Brooks,
643 2218 246 45 Shepperton,
904 2217 33 33 M
947 2216 132 34 iddlese
1089 2228 17 20 x
1115 2210 491 44 ,corn-dealer.—Tristram

294 2270 132 43 Squire
443 2269 72 34 and
529 2267 177 34 Tristram
722 2265 148 44 Squire,
887 2263 83 45 jun.
1002 2264 116 32 Stoke
1135 2261 204 40 Damerell,
1368 2261 144 37 Devon,
1539 2258 52 31 tin-

291 2311 461 50 plate-workers.—John
767 2311 176 39 Tennant,
965 2311 244 37 Manchester,
1230 2304 377 35 hutcher.—Michael

295 2365 182 32 Franklin
517 2360 156 40 Brooks,
728 2357 204 44 Horsleydo
1055 2354 390 35 mariner.—William
1485 2352 120 39 Henry

491 2406 221 37 Darmouth,
742 2402 431 45 spirit-dealer,---John
1222 2404 155 40 Cappyr
1409 2396 72 35 and
1509 2396 98 33 John

296 2457 202 45 Bathgate,
548 2451 296 45 Smedley-Hall,
893 2450 209 40 Lancaster,
1146 2443 462 39 victuallers.---Franklin

294 2505 177 39 Gardner,
498 2502 202 39 Butt-lane,
736 2496 203 47 Deptford,
967 2494 311 37 mariner.---Ives:
1306 2494 144 41 Hurry,
1475 2493 111 32 Grace-

295 2552 287 37 church-street,
600 2546 198 35 merchant.

347 2644 32 34 A
420 2646 125 33 Letter
580 2642 90 34 from
707 2639 97 35 Lord
841 2639 141 44 George
1010 2639 138 38 Stuart,
1174 2636 44 34 of
1239 2635 52 34 his
1310 2631 194 47 Majesty's
1530 2630 83 45 ship

300 2692 236 39 L'Aintable,
563 2695 106 28 states
703 2688 57 32 his
778 2687 132 43 having
930 2687 90 32 been
1037 2686 125 32 driven
1180 2685 46 32 by
1257 2683 58 33 the
1335 2683 72 32 late
1422 2683 171 39 tempestu-

298 2753 66 22 ous
392 2740 164 34 weather
587 2737 91 33 from
705 2735 54 40 off
797 2734 59 33 the
879 2733 117 34 Texel
1017 2743 61 24 -on
1109 2732 59 32 the
1207 2722 209 39 Wellbank.
1489 2727 46 32 At
1572 2725 35 33 11

371 2789 38 33 M
446 2787 46 33 he
510 2783 210 35 discovered
738 2793 22 21 a
777 2786 144 39 strange
946 2779 85 41 sail,
1059 2779 67 33 and
1144 2777 98 34 after
1259 2787 22 22 a
1299 2778 111 32 chace
1424 2773 43 34 of
1480 2778 132 38 twenty

296 2836 106 44 eight
436 2835 128 39 hours,
591 2832 44 32 he
664 2839 104 25 came
793 2828 188 44 alongside
1015 2825 44 34 of
1095 2826 77 38 her,
1198 2824 71 34 and
1298 2823 132 43 having
1455 2819 159 44 changed

301 2882 228 39 broadsides,
555 2878 191 34 continued
778 2887 24 24 a
831 2874 150 44 running
1013 2872 105 45 fight,
1144 2872 69 33 and
1246 2871 34 33 in
1311 2881 22 24 a
1359 2869 71 34 few
1467 2867 149 33 minutes

299 2931 142 33 struck.
496 2928 74 33 She
600 2924 136 46 proved
771 2928 39 28 to
839 2924 46 32 be
909 2921 136 40 L'lris,
1074 2919 139 34 French
1243 2916 174 35 National
1449 2914 47 37 24
1531 2923 65 33 gun-

298 2978 102 45 ship,
426 2978 65 32 but
510 2973 158 45 capable
685 2970 44 34 of
743 2969 229 43 carrring32
989 2978 103 32 wins,
1119 2966 69 33 had
1206 2966 85 43 only
1307 2965 46 34 24
1374 2963 104 33 when
1494 2961 123 37 taken,

300 3026 71 33 and
392 3025 63 34 140
485 3033 92 22 men.
631 3020 71 33 She
716 3018 116 34 sailed
857 3017 93 32 from
976 3013 175 35 Dunkirk
1168 3022 46 22 on
1232 3012 59 33 the
1306 3009 86 37 29th
1411 3009 67 33 ult.
1502 3006 113 34 hound

298 3079 43 28 to
361 3071 227 44 Martinique
609 3069 89 33 with
715 3066 74 35 640
801 3066 105 33 casks
922 3061 44 34 of
987 3061 109 40 flour,
1121 3060 67 33 and
1209 3057 196 35 victualled
1420 3056 71 33 and
1502 3053 115 35 stored

301 3119 60 34 for
381 3119 79 32 four
482 3116 152 34 mouths.
686 3115 94 32 Two
802 3111 43 34 of
866 3111 61 33 the
944 3109 148 45 English
1121 3117 96 24 were
1238 3104 189 39 wounded,
1454 3102 69 34 and
1543 3107 74 26 two

298 3167 119 34 killed
436 3165 70 33 and
524 3164 100 41 eight
648 3159 177 37 wounded
842 3157 44 34 of
907 3157 60 33 the
984 3167 142 32 enemy.
1149 3159 9 8 '
1183 3154 92 32 Lord
1294 3154 48 33 G.
1367 3152 123 32 Stuart
1519 3148 98 35 adds,

304 3214 80 33 that
405 3214 51 31 his
472 3211 85 43 ship
575 3208 152 35 suffered
748 3206 104 34 much
883 3206 33 33 in
941 3206 64 32 her
1025 3207 103 28 masts
1142 3201 67 33 and
1232 3200 141 45 rigging
1393 3209 8 22 :
1427 3197 61 33 the
1512 3195 85 34 main-

299 3267 94 28 rrnst
420 3261 83 31 shot
535 3259 35 32 in
604 3257 58 33 the
681 3255 107 39 head,
817 3250 189 35 mainvari
1036 3250 76 33 shot
1131 3257 110 30 away
1263 3249 32 31 in
1316 3246 60 33 the
1403 3244 124 40 slings,
1559 3242 58 32 the

301 3308 250 33 inizen-mast-
562 3304 89 33 head
670 3302 69 33 and
765 3301 315 41 mizen-tup-mast
1106 3296 83 33 shot
1206 3304 124 33 away,
1356 3292 79 33 also
1455 3291 61 32 the
1543 3295 57 38 try-

302 3356 180 33 sail-mast
498 3352 71 34 and
588 3353 60 31 the
666 3350 141 41 rigging
819 3347 69 34 and
905 3346 87 33 sails
1007 3344 143 44 greatly
1169 3348 60 27 cut
1250 3352 63 32 up.

423 3480 71 33 TO
516 3478 112 33 OUit
645 3477 63 34 SU
722 3472 289 38 lISCEtIBLRS
1032 3469 64 34 AN
1111 3469 30 33 D
1161 3467 109 34 THE
1293 3464 208 34 PUBLIC.

357 3536 38 34 It
413 3536 28 33 is
459 3535 65 33 the
543 3534 175 34 intention
733 3531 45 33 of
793 3530 60 34 the
879 3529 235 41 Proprietors
1129 3526 45 44 of
1186 3526 59 32 the
1263 3520 181 38 National
1465 3520 164 41 Register

307 3589 40 31 to
380 3588 145 41 present
554 3582 96 33 their
669 3578 233 37 Subscribers
926 3575 69 34 and
1015 3574 63 34 the
1098 3572 132 34 Public
1263 3570 33 33 in
1322 3566 146 47 general
1494 3565 89 33 with
1603 3575 24 22 a

309 3633 60 34 Co
381 3643 22 22 m
416 3639 138 26 PLETE
572 3631 155 32 SERIES
748 3635 56 25 OF
826 3626 253 33 PORTRAITS
1096 3619 43 34 of
1149 3620 63 32 the
1232 3619 119 32 whole
1368 3617 43 32 of
1424 3614 63 34 the
1502 3612 126 33 MALI:

311 3679 244 35 BRANCHES
586 3676 41 34 of
654 3676 60 33 the
738 3676 161 39 KOVAL
922 3670 197 40 FAMILY,
1149 3666 96 34 from
1276 3663 188 41 Paintings
1496 3661 47 43 by
1570 3659 60 33 the

308 3733 91 28 most
428 3723 265 44 distinguished
719 3723 168 37 Masters,
917 3718 33 33 in
977 3718 59 32 the
1054 3726 93 22 same
1170 3711 164 45 splendid
1363 3709 73 34 and
1455 3707 37 33 be
1496 3707 74 33 auti
1572 3706 44 43 fu

1623 3707 11 28 l

308 3785 150 24 manner
468 3783 43 24 as
524 3774 61 32 the
596 3772 52 33 PO
658 3780 81 25 RTR
752 3780 20 25 A
784 3778 37 24 IT
834 3767 43 33 of
886 3765 53 33 his
956 3765 31 32 M
999 3774 47 24 AJ
1196 3759 119 33 which
1331 3768 73 25 was
1417 3752 214 35 distributed

313 3822 164 34 GRATIS
498 3829 58 24 ON
576 3821 177 31 SUNDAY
778 3816 22 34 .1
815 3824 69 25 AN.
904 3813 59 34 29.
993 3811 80 33 The
1085 3810 128 34 choice
1227 3808 70 32 and
1315 3806 71 33 tirst
1406 3802 228 44 impressions

312 3870 45 33 of
380 3870 59 32 the
462 3868 126 34 Plates
604 3865 74 34 will
707 3867 60 37 be,
785 3862 45 34 of
844 3870 144 28 course,
1005 3856 157 35 selected
1191 3855 58 33 for
1265 3854 61 33 the
1344 3850 234 34 Subscribers
1597 3854 37 26 to

313 3917 76 35 this
422 3917 128 43 Paper
565 3926 12 30 ;
608 3912 184 35 therefore
809 3909 102 41 early
931 3905 253 47 applications
1205 3902 78 33 will
1310 3909 125 24 secure
1456 3896 60 43 the
1543 3901 91 27 most

309 3964 175 34 valuable
509 3961 193 34 Portraits.
764 3959 71 33 The
849 3956 178 35 National
1048 3953 170 41 Register
1232 3948 76 33 will
1329 3945 148 37 contain
1493 3954 24 21 a
1540 3943 93 33 810-

385 4020 81 24 APH
481 4020 25 22 Y
536 4019 54 24 OF
618 4018 78 24 run
723 4006 207 35 PRINCES,
960 4002 48 44 by
1031 3994 274 39 ONIiSIMUS
1322 4006 12 27 ;
1359 4004 24 24 a
1410 3992 83 33 task
1514 3989 119 35 which

313 4059 65 34 the
396 4058 237 44 Proprietors
653 4057 93 32 have
767 4051 157 46 happily
945 4046 190 47 prevailed
1156 4055 98 34 upon
1274 4042 73 34 him
1365 4046 38 27 to
1422 4037 215 39 undertake,

313 4107 70 34 and
405 4106 124 34 which
552 4106 77 33 will
646 4104 45 33 be
710 4100 187 45 regularly
917 4093 274 47 accomplished
1224 4102 41 24 so
1290 4098 39 25 as
1354 4093 39 28 to
1406 4094 224 35 accompany

314 4154 64 34 the
404 4153 143 34 several
582 4149 185 35 Portraits
800 4147 35 34 in
857 4143 217 37 succession.
1126 4141 97 33 TUE
1243 4137 216 34 LIKENIAS
1479 4142 54 28 OF
1552 4139 87 30 THE

315 4200 172 37 raixci;
509 4209 56 27 or
583 4199 157 37 IVALLs
759 4196 30 35 is
808 4204 81 28 uow
909 4191 113 46 ready
1039 4189 57 37 for
1113 4180 182 52 delivery.

35 4243 14 40 I
