3461 4453
374 89 358 125 THE
839 92 869 112 NATIONAL
1814 73 933 122 REGISTER.

3237 171 9 24 ti

3203 291 8 26 1
3211 291 8 26 0
3220 291 8 26 '

3207 317 35 100 111
3242 317 12 100 .

3241 418 4 6 '

1108 358 38 32 .4%
1160 359 48 37 ur
1228 345 135 57 fttug,
1387 346 327 48 Cam:Mutton.
1736 348 77 40 ant
1847 339 165 51 tatt34.

833 519 17 20 '
931 507 399 66 SUNDAY,
1378 498 517 66 FEBRUARY
1942 498 86 61 12,
2080 491 155 58 1809,

2627 477 190 54 PRICE
2842 467 91 61 M.

1606 674 111 46 perils
1735 674 89 44 they
1844 669 161 39 subdued
2026 681 11 26 ;
2067 676 53 26 we
2139 663 78 35 will
2237 667 125 40 repeat
2380 666 39 28 to
2445 658 105 32 them
2565 653 102 31 what
2688 648 151 33 Britons
2856 640 61 38 for-

1606 731 110 44 merly
1737 728 193 40 achieved,
1954 726 74 33 and
2057 725 77 33 bow
2157 723 107 41 they,
2282 722 47 41 by
2359 720 164 38 euarage
2545 710 70 33 and
2652 707 286 43 persevelaoces

1606 783 208 48 triumphed
1833 790 87 28 over
1946 780 209 37 difficulties
2184 785 98 26 wore
2301 772 123 45 trying
2450 769 71 33 and
2548 764 165 46 periloos
2732 761 86 32 thau
2833 754 107 37 those

1611 849 54 28 we
1682 850 65 27 are
1761 852 22 26 e
1814 839 110 47 posed
1939 844 57 28 to.
2049 834 118 37 These
2184 839 67 28 are
2267 829 64 35 the
2341 829 214 34 sentituents
2564 820 44 35 fit
2622 828 39 25 to
2679 817 47 34 be
2740 826 44 22 ex
2796 798 145 59 preasect

1609 905 38 30 to
1676 907 57 27 me
1835 896 89 33 hire
1952 889 128 39 annals
2104 891 146 35 CORtaio
2274 893 39 28 so
2341 892 107 34 many
2481 875 168 48 splendid
2678 870 198 43 examples
2903 859 44 44 of

1610 953 102 35 what
1744 964 21 25 o
1806 978 7 6 .
1899 952 83 43 lury
2002 947 70 35 and
2087 948 81 33 love
2187 937 43 41 of
2258 939 159 37 freedom
2444 946 66 22 rare
2526 931 158 45 capable
2705 926 44 35 of
2763 926 91 43 iuspi
2863 922 83 48 ring

1607 1010 71 35 and
1700 1009 125 46 perfor
1879 1018 45 34 ag
1938 1017 12 28 ;
1983 1005 122 33 whose
2117 1004 156 39 country
2291 997 66 34 his
2374 996 92 33 been
2484 985 214 43 invariably
2728 976 219 41 cosisidered

1610 1076 38 24 as
1676 1067 63 33 the
1755 1065 143 33 natural
1917 1061 151 46 sojourn
2086 1057 40 35 of
2141 1054 117 38 morel
2282 1054 71 33 and
2373 1049 133 46 politic
2520 1046 24 33 al
2565 1041 285 45 independence,
2876 1033 71 35 and

1613 1121 125 35 whose
1755 1119 142 35 fathers
1916 1119 94 32 have
2033 1117 143 39 always
2191 1107 189 48 appeared
2401 1107 35 32 in
2458 1104 61 32 the
2537 1098 244 43 conspicuous
2793 1094 156 33 characis

1611 1183 58 30 ter
1688 1178 40 34 of
1737 1183 174 37 avengers
1925 1174 72 33 and
2015 1172 201 34 deliverers
2235 1165 43 35 of
2285 1161 180 44 outraged
2478 1157 70 33 and
2567 1152 201 46 oppressed
2785 1148 162 35 noticing.

1619 1235 71 33 But
1709 1232 33 35 if
1757 1232 97 34 their
1870 1228 152 43 feelings
2044 1237 63 25 are
2126 1226 149 34 become
2289 1231 39 25 so
2347 1215 125 45 torpid
2496 1221 41 25 as
2556 1218 37 27 to
2619 1211 48 33 be
2696 1204 197 38 insensible
2909 1209 38 27 to

1613 1293 63 33 the
1693 1291 71 35 call
1782 1289 44 34 of
1841 1289 141 34 honour
2008 1283 72 35 and
2108 1281 180 39 freedom,
2311 1285 47 24 an
2380 1272 141 45 appeal
2545 1276 38 26 to
2615 1266 102 34 their
2746 1261 98 34 WES
2861 1266 92 27 oleos

1616 1346 69 34 and
1701 1346 148 34 avarice
1867 1344 27 34 is
1915 1341 224 41 unasiailin,
2158 1337 156 34 because
2329 1343 24 21 a
2370 1330 154 44 people,
2543 1320 188 38 animated
2748 1320 81 40 only
2856 1317 96 33 *with

1617 1404 87 34 such
1719 1403 221 34 sentiments,
1965 1407 71 25 are
2054 1393 195 45 Incapable
2265 1387 69 37 and
2352 1384 196 41 unworthy
2570 1380 40 35 of
2627 1383 112 38 bcitig
2751 1372 126 35 saved.

1667 1457 72 35 We
1765 1457 93 33 have
1883 1457 81 32 thus
1980 1452 155 44 thought
2154 1455 141 39 proper
2310 1453 37 25 to
2363 1439 150 48 preface
2530 1436 59 34 the
2608 1434 126 34 follow
2746 1431 59 41 log
2824 1431 107 33 obser-

1618 1517 159 39 vatious,
1806 1524 44 24 on
1866 1512 64 33 the
1945 1509 156 34 conduct
2120 1517 58 24 we
2200 1504 113 43 ought
2331 1507 37 26 to
2387 1504 137 39 pursue
2537 1491 156 37 relative
2713 1495 39 25 to
2770 1486 69 45 Sp.
2838 1486 117 45 A...â€”

1623 1572 152 35 Heaven
1789 1570 143 38 knows,
1959 1569 30 33 it
2008 1567 32 33 is
2059 1559 217 46 mortifying
2291 1556 142 43 enough
2448 1557 40 30 to
2507 1554 44 31 be
2572 1543 151 47 obliged
2745 1550 38 27 to
2797 1543 155 44 employ

1619 1643 41 24 so
1678 1642 102 33 many
1802 1635 206 38 arguments
2039 1626 35 33 in
2105 1628 159 39 support
2293 1615 44 38 of
2357 1615 198 34 tneasures,
2576 1610 123 31 wliose
2718 1613 152 32 urgency
2897 1609 57 26 we

1623 1688 163 33 consider
1805 1693 39 26 as
1859 1681 257 39 self-evident;
2138 1680 64 31 but
2217 1676 63 32 the
2295 1670 183 41 alarming
2493 1663 234 35 iudiffereece
2747 1658 120 33 which
2891 1658 65 33 Las
3039 1658 4 63 .

1623 1743 211 38 succeeded,
1851 1741 130 32 within
1997 1749 22 21 a
2041 1736 70 33 few
2126 1734 139 37 weeks,
2281 1736 34 26 to
2327 1729 59 31 the
2402 1724 154 33 Alaimo
2556 1719 66 33 and
2641 1716 81 33 zeal
2740 1711 219 46 previously

1628 1799 210 37 manifested
1871 1798 47 43 by
1937 1796 60 33 the
2020 1791 142 47 public,
2190 1791 27 32 is
2245 1785 176 35 sudicient
2450 1788 37 24 to
2511 1773 135 50 justify
2676 1783 65 31 any
2769 1772 132 43 degree
2919 1767 45 37 of

1626 1853 269 48 apprehension
1930 1859 59 27 we
2017 1858 84 33 may
2137 1845 72 34 feel
2238 1843 38 33 in
2302 1833 291 41 recommending
2623 1830 64 33 the
2721 1827 172 33 necessity
2917 1822 44 34 of

1626 1911 184 44 energetic
1827 1904 182 39 memurea
2044 1907 34 31 in
2106 1902 157 45 support
2289 1894 43 37 of
2347 1896 59 33 the
2426 1887 215 47 Spaniards,
2670 1885 35 32 in
2731 1881 156 44 support
2920 1878 45 37 of

1635 1969 165 44 Europe,
1826 1965 34 33 in
1891 1967 161 43 support
2069 1954 41 40 of
2124 1954 197 39 ourselves.
2374 1948 35 35 A
2443 1948 280 33 cirouinstance,
2748 1937 126 35 which
2908 1936 38 34 in-

1631 2037 142 26 creases
1800 2035 66 25 our
1891 2023 175 41 anxiety,
2092 2019 28 33 is
2148 2016 64 34 the
2230 2011 91 37 fatal
2339 2007 157 48 opinion
2516 2001 122 37 which
2667 1998 124 44 begins
2819 2002 40 30 to
2876 1996 89 43 grtia

1633 2087 155 46 ground,
1813 2085 80 34 that
1917 2091 93 26 even
2028 2081 64 32 the
2107 2078 69 33 full
2193 2073 146 45 display
2369 2067 44 35 of
2428 2074 70 26 our
2525 2060 177 44 streugth,
2728 2055 167 35 directed
2914 2054 53 43 by

1612 2118 2 61 i
1636 2146 60 33 the
1715 2148 92 30 most
1822 2137 248 39 consummate
2094 2133 169 35 wisdom,
2289 2128 28 32 is
2334 2134 81 27 now
2439 2118 214 38 insuflicieut
2672 2120 40 27 to
2732 2121 124 26 secure
2876 2118 91 25 e.en

1636 2217 21 24 a
1676 2204 111 43 single
1802 2202 133 44 village
1952 2194 46 39 of
2015 2196 64 35 the
2096 2192 198 35 Continent
2313 2185 59 34 the
2391 2179 210 47 enjoyment
2616 2174 43 35 df
2682 2172 285 43 inclependeore.

1642 2261 96 34 How
1755 2257 162 35 variable
1937 2256 66 32 has
2021 2252 63 33 the
2098 2248 126 47 public
2244 2241 152 47 opinion
2415 2243 91 28 been
2528 2243 46 24 on
2606 2231 63 34 the
2698 2238 99 25 :aloe
2824 2228 52 31 .i.!
2876 2228 13 31 ,
2908 2236 30 20 râ€¢
2954 2228 14 28 t

1639 2319 37 33 in
1693 2319 63 33 the
1770 2315 102 33 sport
1890 2317 111 40 space
2019 2306 44 37 of
2082 2307 56 32 six
2177 2300 142 37 mouths
2334 2309 12 25 ;
2375 2298 64 30 but
2472 2300 58 25 we
2563 2290 109 31 kousa
2692 2287 64 31 the
2785 2281 185 38 revuliiag

1641 2383 106 25 cause
1780 2370 41 33 of
1848 2369 73 33 this
1951 2362 266 39 inconsistency
2236 2355 72 35 and
2327 2350 242 34 vacillation-
2585 2344 45 31 .it
2661 2340 71 34 lies
2752 2339 34 32 in
2805 2336 64 33 the
2889 2344 84 22 iet)-

1643 2428 262 41 m4eagenient,
1936 2419 203 37 weakness,
2173 2412 70 37 awl
2264 2412 213 41 ignorauce,
2505 2400 41 33 of
2564 2400 58 33 the
2642 2393 226 37 individuals
2889 2401 26 19 v.
2928 2391 46 32 iso

1645 2486 69 33 had
1735 2484 58 32 the
1813 2481 248 35 inauicezneco
2080 2485 40 21 of
2141 2481 46 21 ou
2196 2480 17 21 r
2231 2473 182 28 eVactrot:.
2477 2458 66 31 We
2567 2450 276 39 o.â€¢ul.ladvise,
2870 2447 80 33 how-

1643 2552 102 28 ever,
1772 2541 59 32 the
1859 2535 129 46 public
2019 2536 65 28 nut
2100 2533 37 27 to
2154 2525 172 34 abaudou
2348 2529 24 25 a
2394 2516 97 45 good
2519 2522 122 28 c0a,...,
2669 2515 59 26 too
2753 2513 37 25 to
2810 2502 168 34 zrhie..don

1648 2595 230 37 themselves,
1899 2589 70 37 and
2001 2587 63 34 the
2080 2584 122 34 future
2220 2580 165 32 interests
2404 2571 44 34 of
2474 2569 94 34 their
2588 2565 182 35 chil.lren,
2798 2562 35 31 in
2854 2567 105 26 coat-
2959 2567 21 26 ,

1649 2662 137 38 quence
1798 2649 41 34 of
1852 2650 60 31 the
1928 2647 278 39 incompetency
2218 2635 46 33 of
2280 2633 84 39 this,
2380 2639 39 25 ur
2440 2624 194 46 preceding;
2648 2619 229 34 admioistrat
2888 2615 91 31 ions.

1654 2714 35 32 A
1707 2717 90 28 mass
1813 2705 41 35 of
1867 2704 150 39 talents,
2050 2699 136 35 virtue,
2213 2691 70 35 and
2308 2696 150 33 energy,
2494 2691 63 25 are
2574 2678 119 43 surely
2730 2679 38 30 to
2798 2674 45 31 Le
2871 2666 112 38 fi..ii.d

1652 2776 132 32 among
1814 2763 146 33 sixteen
1993 2756 159 35 millions
2171 2748 44 37 of
2244 2745 241 37 iallohitatits,
2515 2728 181 51 adequate
2714 2738 39 26 to
2772 2730 60 33 the
2850 2735 137 26 caeca.

1656 2825 76 34 Lion
1746 2820 41 33 of
1802 2825 97 27 more
1917 2813 159 34 arduous
2093 2805 165 48 projects
2272 2802 84 33 than
2374 2807 56 24 we
2445 2806 64 21 are
2530 2791 112 34 called
2667 2798 97 34 upon
2784 2792 35 26 to
2839 2791 122 25 accom-

1658 2878 96 47 plish
1770 2890 9 26 ;
1808 2872 67 35 and
1894 2872 60 32 the
1976 2867 143 37 British
2141 2862 204 38 character
2365 2858 65 31 Las
2463 2858 110 27 never
2603 2850 90 30 been
2726 2839 155 45 thought
2898 2837 71 33 defi-

1657 2940 97 35 cient
1782 2936 37 32 iu
1839 2931 102 34 those
1958 2926 189 46 qualities,
2167 2916 122 38 which
2315 2911 131 37 enable
2465 2921 22 22 a
2504 2906 133 47 people
2660 2911 35 26 to
2713 2904 61 31 act
2793 2909 24 24 a
2835 2896 155 35 dl.fieult

1659 3006 41 24 or
1719 3002 87 27 even
1826 2986 208 48 proinioeut
2054 2983 98 40 part.

1708 3050 80 34 The
1804 3044 124 41 utility
1956 3038 45 35 of
2019 3034 167 43 al-sisting
2204 3022 243 45 efficaciously
2470 3020 60 34 the
2559 3013 216 48 Spaniards,
2800 3011 30 32 is
2856 3020 40 22 so
2927 3009 44 32 ob-

1663 3110 120 37 vious,
1800 3102 70 35 and
1891 3099 65 33 has
1972 3096 92 34 been
2081 3102 38 24 so
2137 3085 209 46 frequeatly
2361 3077 130 45 urged,
2506 3076 84 52 that
2611 3073 27 32 it
2660 3072 28 32 i.;
2706 3066 32 46 su
2738 3066 17 46 l
2754 3066 182 46 .efl.i.or.,
2955 3070 39 27 to

1664 3163 109 35 make
1789 3168 71 34 any
1878 3164 78 27 new
1977 3146 253 40 observations
2242 3154 43 22 on
2304 3141 76 32 that
2400 3133 158 44 subject.
2614 3129 73 35 But
2704 3128 149 39 doubts,
2882 3125 25 30 it
2929 3130 47 34 ap-

1669 3228 122 40 pears,
1820 3216 92 34 have
1937 3210 120 34 arisen
2074 3214 39 25 as
2131 3207 39 30 to
2199 3200 60 33 the
2285 3190 283 51 practicat.ility
2589 3185 44 37 of
2649 3185 110 40 doing
2780 3185 41 30 it.
2877 3176 40 35 If
2930 3178 73 34 disc

1669 3281 77 41 gust
1765 3278 37 31 at
1831 3265 197 41 reiterated
2048 3256 343 47 disappointments,
2407 3257 34 24 al
2467 3265 13 9 -
2504 3244 59 33 :he
2594 3239 249 46 improvident
2861 3234 70 35 Dud
2950 3235 35 30 in-

1670 3333 181 43 adequate
1866 3334 61 26 use
1956 3318 123 38 which
2100 3315 64 33 has
2192 3314 90 32 been
2311 3306 103 35 made
2445 3304 45 34 of
2522 3301 61 33 the
2608 3295 167 38 national
2806 3296 201 33 resources,

1675 3392 93 32 have
1787 3381 130 39 caused
1935 3380 77 34 this
2029 3365 294 44 unwarrantable
2341 3360 257 46 despondency
2627 3356 34 33 in
2686 3354 64 33 the
2770 3350 125 45 public
2913 3359 12 28 ;
2954 3350 56 28 we

1677 3446 97 44 hope
1792 3442 93 35 their
1902 3435 99 48 good
2015 3441 96 27 sense
2127 3428 69 35 and
2212 3429 157 30 :.rinness
2386 3415 78 39 will
2480 3415 125 43 finally
2623 3409 165 44 triumph
2804 3415 87 26 over
2914 3403 99 32 these

1678 3500 194 39 obstacles,
1889 3493 71 35 and
1984 3487 213 39 counteract
2224 3483 64 31 the
2315 3475 163 37 delusive
2503 3468 226 47 soggestions
2747 3464 41 33 of
2806 3462 206 33 iudolence.

1682 3561 34 35 A
1741 3557 99 34 little
1870 3547 206 39 reflection,
2104 3553 22 24 a
2145 3544 209 31 recurrence
2382 3539 39 27 to
2441 3529 138 35 forcer
2595 3528 139 32 event:,
2753 3528 99 26 some
2887 3519 131 32 know.

1682 3615 104 46 ledge
1801 3609 45 38 of
1871 3609 63 34 the
1956 3604 144 45 springs
2126 3596 43 38 of
2196 3598 130 32 huiran
2352 3588 139 38 action,
2522 3581 70 37 and
2621 3592 45 24 an
2696 3579 185 34 attentiea
2897 3578 40 28 to
2954 3570 65 33 the

1682 3672 123 35 effects
1830 3666 43 35 of
1897 3661 165 47 popular
2093 3656 150 41 feeling,
2276 3643 119 39 wou'd
2433 3643 107 46 point
2564 3644 63 30 out
2649 3637 65 33 the
2741 3635 132 33 a1,?;41,t
2903 3631 117 32 tu.ttro

1689 3722 207 44 mountable
1926 3715 209 39 difficulties
2166 3706 132 38 BuNA.I
2298 3706 21 38 -
2320 3706 112 38 AItTE
2471 3699 64 33 has
2568 3700 38 30 to
2634 3694 217 33 encoulitcr,
2893 3679 130 40 before

1691 3788 43 33 be
1753 3781 139 38 obtains
1910 3769 220 50 undisputed
2151 3763 54 48 poo
2205 3763 18 48 ,
2223 3763 128 48 e:ssiou
2375 3754 45 39 of
2432 3755 64 35 the
2530 3749 210 38 !et:bifida.
2797 3741 131 45 Vague
2953 3737 73 37 and

1690 3835 211 48 undigested
1928 3827 164 39 theories
2119 3831 65 26 are
2212 3823 66 30 not
2302 3813 174 39 sufficient
2513 3814 37 31 to
2582 3806 216 35 overtlirost
2829 3800 61 33 the
2908 3803 122 38 exves

1695 3899 120 35 rience
1833 3891 46 37 of
1900 3898 85 35 ages
2001 3899 11 27 ;
2040 3880 67 37 and
2125 3876 152 44 nothing
2295 3875 30 33 is
2349 3878 104 27 more
2480 3865 135 38 absurd
2633 3863 73 33 and
2721 3862 201 32 errotieous
2940 3855 90 32 than

1700 3956 57 35 the
1775 3951 84 35 idea
1877 3947 81 34 that
1978 3938 177 51 proinises
2173 3934 69 34 and
2262 3940 22 25 a
2302 3926 215 43 ambiance
2535 3922 40 33 of
2589 3915 20 39 i
2609 3915 211 39 nioieâ€¢afto
2850 3919 66 27 are
2944 3905 30 38 a
2974 3905 59 38 we

1700 4018 37 30 to
1756 4004 177 40 reconcile
1954 4015 22 20 a
1994 3997 132 47 people
2141 4000 38 26 to
2200 3989 63 35 the
2294 3986 99 45 yoke
2415 3979 44 37 of
2471 3991 25 24 a
2517 3979 220 43 cotiqu,â€Or.
2790 3966 246 39 Generations

1702 4069 91 34 'bust
1820 4069 84 39 pass
1928 4064 132 34 away,
2086 4049 67 37 and
2174 4054 115 35 every
2306 4043 143 44 vestige
2466 4033 44 39 of
2525 4036 64 32 the
2603 4029 172 48 injustice
2804 4026 47 32 he
2876 4019 159 40 effaced.,

1703 4122 125 38 before
1845 4128 25 25 a
1884 4114 145 38 cordial
2047 4108 71 37 and
2138 4103 191 41 voluntary
2347 4094 222 38 iubmission
2582 4098 65 27 can
2667 4089 46 32 be
2728 4093 22 26 t
2758 4094 15 22 x
2783 4080 145 48 protest.
2981 4074 58 38 To

1704 4180 100 37 she*
1824 4166 61 45 the
1885 4166 20 45 -
1905 4166 103 45 trutb
2028 4165 45 38 of
2079 4162 79 39 Usti
2184 4157 149 38 racsaris
2352 4155 38 34 Its
2419 4157 27 28 lb
2477 4155 99 30 more
2597 4144 162 40 Ã¼bviap
2784 4139 118 45 light,
2933 4134 52 38 ant
3004 4139 39 28 ma

215 516 107 59 No.
352 511 91 59 59.

454 678 353 48 POLI'T'ICAL
837 677 44 44 D
893 678 91 51 ISQ
1042 673 256 46 ISITION.

607 808 58 31 Xt
673 810 118 27 ABER
821 808 22 28 I
854 806 280 31 IFTYâ€¢SEV/BX.

813 869 171 27 -â€¢â€¢â– 410...

626 922 233 39 SPANISH
887 913 249 46 AFFAIRS.

270 1054 35 39 A
322 1048 217 44 cetebrated
556 1048 281 45 reaoldtlonary
854 1045 241 46 demagogue,
1119 1043 94 37 after
1226 1042 65 38 the
1303 1041 189 37 atrocities
1507 1032 45 40 of

221 1115 66 37 the
306 1113 210 37 revolution
535 1109 73 35 had
626 1107 196 46 destroyed
850 1115 113 37 every
978 1115 100 26 trace
1095 1106 44 35 of
1160 1106 241 46 predllectiou
1424 1100 60 34 for
1502 1101 46 32 its

221 1172 227 50 'principles,
472 1170 32 33 is
517 1167 174 47 reported
703 1170 40 32 to
758 1165 96 35 have
867 1165 94 40 said,
984 1165 33 32 it
1032 1165 81 37 held
1131 1167 61 30 out
1206 1165 110 43 great
1326 1160 224 41 advantages

222 1233 40 31 to
283 1227 190 41 mankind,
500 1226 61 34 but
576 1226 31 33 it
613 1222 76 47 felt
705 1224 76 34 into
797 1222 60 33 the
874 1220 113 34 hands
1010 1219 48 46 of
1081 1230 85 33 very
1187 1217 70 35 bad
1271 1227 96 24 men.
1416 1214 90 34 This
1521 1213 30 32 is

233 1284 217 48 impremely
468 1289 80 30 true
568 1280 92 34 with
678 1279 130 45 regard
824 1284 41 31 to
882 1276 63 37 the
959 1276 224 41 unforeseen,
1212 1276 63 32 the
1285 1270 170 45 unboped
1474 1269 78 41 for,

227 1350 237 28 occurrences
482 1341 35 33 is
531 1336 116 48 Spain
659 1348 13 30 ;
684 1336 85 44 they
787 1331 182 48 promised
981 1330 244 38 Incalculable
1237 1330 236 41 advaotages,
1491 1325 63 33 but

226 1400 86 45 they
328 1408 94 26 were
443 1394 211 48 frustrated
681 1393 43 44 by
751 1393 59 33 the
834 1389 234 46 interference
1085 1389 71 33 and
1183 1385 317 44 mismanagement
1515 1380 46 46 of

223 1456 90 45 wry
326 1454 74 37 bad
418 1450 72 38 and
506 1461 86 35 very
606 1452 98 33 weak
717 1457 89 25 men.
860 1447 113 35 Their
991 1441 77 38 Gist
1084 1452 235 39 appearance
1341 1450 73 24 was
1431 1439 123 34 bailed

229 1509 51 46 by
300 1509 59 35 the
378 1507 98 48 good
493 1507 72 35 and
580 1502 231 48 enlightened
828 1499 35 38 in
880 1511 109 35 every
1004 1506 85 41 part
1107 1499 43 35 of
1160 1499 164 44 Europe,
1348 1498 67 33 and
1434 1499 100 44 parti-

228 1569 145 45 cularly
393 1567 40 35 in
451 1566 74 35 this
536 1569 174 39 country,
732 1571 39 25 as
789 1559 64 35 the
866 1559 137 35 certain
1024 1557 118 45 signal
1160 1554 44 35 of
1214 1556 233 34 deliverance
1460 1553 98 35 from

231 1624 227 41 calamities,
482 1620 130 35 which
646 1628 80 25 men
756 1626 102 26 were
893 1615 200 45 preparing
1121 1618 37 28 to
1187 1610 137 37 submit
1339 1615 39 30 to
1406 1620 40 22 as
1469 1620 63 24 una-

230 1682 189 37 voidable.
474 1680 81 34 The
585 1674 184 38 universal
796 1671 223 35 enthdsiasm
1049 1669 87 43 they
1154 1667 149 35 excited
1330 1667 39 33 In
1385 1668 60 32 the
1460 1675 76 26 com-

230 1742 241 35 mencement,
488 1734 110 40 could
614 1733 93 34 have
724 1734 90 32 been
829 1730 109 34 alone
956 1726 187 47 produced
1161 1726 46 43 by
1224 1734 24 25 a
1265 1730 128 37 strong
1407 1730 98 27 sense
1522 1722 44 33 of

233 1801 190 34 imminent
439 1798 149 43 danger,
613 1794 71 34 and
703 1793 59 33 the
778 1787 221 47 unexpected
1013 1782 184 47 certainty
1217 1783 44 34 of
1272 1783 177 44 escaping
1467 1782 98 34 it.--

236 1857 71 35 We
328 1852 255 50 participated
602 1851 161 43 strongly
791 1845 37 35 in
847 1845 63 45 the
928 1843 154 45 feelings
1100 1835 43 40 of
1155 1848 67 27 our
1240 1839 322 44 cotemporaries;

234 1915 65 34 but
319 1923 40 24 as
380 1920 57 25 we
450 1918 111 26 never
574 1904 222 47 desponded,
821 1900 74 35 and
913 1906 109 27 never
1038 1894 209 39 harboured
1265 1903 50 26 an
1330 1894 85 33 idea
1429 1893 45 34 of
1481 1894 86 33 sub.-

230 1969 148 44 witting
404 1967 90 34 with
517 1961 223 46 resignation
757 1967 40 26 to
815 1959 65 33 the
908 1961 164 41 pressure
1104 1952 43 34 of
1174 1946 128 51 public
1319 1946 248 44 misfortunes,

234 2029 180 35 however
436 2026 196 43 alarming,
664 2031 57 25 we
750 2019 70 35 felt
837 2027 46 26 no
902 2017 105 34 other
1036 2011 184 37 Sensation
1239 2020 47 25 on
1304 2011 65 33 the
1385 2009 185 43 occasion,

234 2085 66 38 bat
319 2085 85 35 that
423 2082 233 44 triumphant
672 2081 69 31 one
758 2075 125 34 which
914 2079 77 31 men
1010 2068 43 35 of
1063 2078 26 27 a
1111 2065 141 39 certain
1271 2066 189 34 character
1481 2065 90 39 feel,

239 2143 106 34 wben
365 2140 87 44 they
472 2148 58 26 see
557 2135 100 37 their
671 2130 248 51 speculations
937 2130 34 34 in
987 2126 136 35 favour
1139 2122 44 37 of
1212 2122 136 34 human
1365 2122 119 33 virtue
1500 2119 71 37 and

236 2207 138 35 energy
394 2194 162 38 realised
585 2194 48 44 by
652 2194 253 33 occurrences.
954 2184 79 37 Our
1043 2181 74 46 joy
1146 2179 184 45 belrayed
1349 2178 139 35 neither
1506 2187 47 21 ex-

240 2255 241 43 traordinary
494 2249 279 39 zuituoisbnient,
795 2254 70 26 nor
880 2246 203 40 symptoms
1100 2233 43 39 of
1154 2233 138 39 fOrmer
1306 2235 269 45 despondency,

241 2313 66 34 bat
337 2311 28 33 it
391 2306 137 38 Rowed
555 2303 97 39 from
670 2301 64 37 the
748 2298 292 45 colremplatian
1058 2293 44 34 of
1115 2294 195 33 innocence
1328 2290 70 33 and
1413 2289 163 34 freedom

241 2367 128 43 totally
387 2361 338 47 triumphiagavor
737 2355 172 48 injustice
924 2352 67 37 and
1010 2349 185 35 violence.

221 2401 5 58 â€¢
296 2422 71 34 We
387 2428 97 27 were
502 2418 78 41 far,
606 2417 190 38 however,
815 2411 99 35 from
932 2408 109 45 being
1059 2404 193 38 insensible
1271 2408 39 27 to
1324 2401 104 34 those
1443 2401 116 33 alarm-

246 2481 61 45 lag
324 2477 126 38 marks
478 2473 44 39 of
543 2470 174 51 !Wildcat
733 2469 146 47 apathy
896 2466 70 35 add
994 2461 204 40 indivialual
1212 2459 216 39 selfishoets,
1454 2456 125 35 which

247 2536 111 48 begin
376 2541 41 27 to
435 2538 111 40 Creep
567 2531 78 35 into
670 2528 141 43 society
842 2523 38 35 in
898 2522 60 37 the
976 2520 98 35 train
1090 2517 45 37 of
1156 2524 221 37 overgrown
1403 2513 178 45 opulence

224 2609 6 22 :
247 2594 73 38 Sind
339 2593 164 43 luxury;
530 2587 71 37 and
635 2595 56 27 we
709 2581 138 38 looked
867 2580 91 34 with
984 2585 102 26 some
1115 2575 152 43 anxiety
1286 2577 40 28 to
1345 2571 63 34 the
1437 2578 146 35 persons

253 2662 48 24 on
333 2649 130 35 whose
490 2643 194 47 capacity,
710 2640 177 38 firniness,
911 2634 67 35 and
997 2631 207 43 versatility
1222 2629 44 33 of
1280 2626 98 35 mind
1398 2624 185 45 depeudtal

253 2709 64 35 the
333 2708 188 35 fortunate
540 2702 93 33 issue
647 2698 43 37 of
704 2695 157 48 Spanish
889 2693 211 34 resistance.
1154 2687 65 33 We
1239 2683 122 44 might
1387 2683 90 33 have
1496 2681 90 34 been

254 2761 244 46 discouraged
528 2760 94 34 from
647 2753 246 41 entertaining
921 2758 87 26 over
1043 2743 176 46 sanguine
1245 2739 261 45 expectations
1539 2737 48 45 by

256 2826 65 33 the
348 2818 228 48 experience
609 2811 43 37 of
678 2812 63 34 the
774 2807 219 45 inadequate
1011 2810 178 28 measures
1206 2797 164 45 adopted
1390 2798 44 43 by
1454 2803 118 25 nieces
1572 2803 20 25 ,

256 2882 78 35 sive
347 2872 318 40 admiuistrations
681 2867 58 35 for
756 2867 65 33 the
841 2865 70 32 last
928 2861 163 34 fourteen
1108 2865 104 35 years
1227 2867 12 30 ;
1267 2855 69 33 but
1350 2862 57 24 we
1427 2859 96 26 were
1539 2849 35 34 in-

257 2939 139 41 clined,
424 2942 41 30 at
497 2934 64 35 the
579 2936 99 31 same
697 2930 102 39 time,
834 2931 40 30 to
907 2927 104 34 trust,
1037 2920 85 34 that
1154 2913 176 47 repeated
1363 2910 210 45 disappoint-

260 3004 116 30 ments
391 2993 72 37 and
482 2995 168 31 reverses
684 2985 69 37 had
782 2980 215 43 sufficieatly
1017 2973 195 47 impressed
1231 2970 64 35 the
1330 2968 266 46 inexpediency

260 3056 46 35 of
320 3054 100 34 their
437 3057 200 32 measures,
661 3043 70 35 and
758 3043 84 33 that
867 3048 25 25 a
906 3043 131 38 system
1067 3030 45 37 of
1136 3031 174 44 vigorous
1329 3027 123 43 policy
1473 3022 123 35 would

266 3110 171 41 succeed,
464 3115 35 27 at
521 3107 85 39 last,
633 3107 39 31 to
706 3102 60 33 the
785 3092 211 41 miserable,
1022 3087 182 44 shuffling,
1226 3084 72 35 and
1316 3081 178 46 spiritless
1524 3079 80 35 half

269 3177 202 30 measurta,
539 3163 104 39 hich,
667 3158 131 43 during
831 3154 81 35 that
945 3146 175 40 interval,
1144 3141 152 38 marked
1326 3139 70 34 and
1413 3133 189 46 disgraced

226 3249 7 5 -
262 3237 70 27 our
347 3224 206 35 exertion&
609 3217 70 34 We
710 3222 98 27 were
826 3215 65 31 nut
921 3198 266 52 unaequaiuted
1215 3196 94 35 with
1342 3195 60 35 the
1421 3200 183 27 resources

265 3285 71 35 and
352 3282 142 35 former
510 3286 141 27 success
684 3273 41 35 of
752 3270 64 35 the
834 3275 126 34 enemy
976 3276 11 28 ;
1018 3270 58 26 we
1108 3256 72 37 bad
1209 3246 180 45 followed
1420 3250 74 33 him
1514 3247 90 37 with

269 3343 150 52 painful
438 3339 184 37 attention
651 3335 35 35 in
705 3335 64 33 the
784 3333 129 34 career
944 3321 46 40 or
1017 3322 57 34 his
1090 3317 176 39 victories
1294 3309 73 39 and
1390 3313 216 43 conquests;

269 3405 70 38 and
360 3402 94 45 bad,
471 3404 50 43 by
537 3407 50 27 no
600 3406 136 31 means,
759 3393 129 44 forgot
913 3389 79 34 that
1010 3381 138 38 former
1165 3378 139 39 efforts,
1330 3384 46 24 on
1394 3372 60 34 the
1472 3374 89 40 rata
1572 3366 41 35 of

273 3468 110 37 other
399 3468 130 38 states,
557 3467 39 27 to
631 3463 81 39 stop
732 3454 76 35 him
841 3454 38 32 in
908 3448 60 37 the
985 3444 169 47 rapidity
1173 3438 44 35 of
1243 3437 57 34 his
1318 3437 142 35 course,
1487 3428 103 35 termi-

281 3523 110 38 nated
425 3517 38 39 In
493 3517 100 37 their
609 3515 209 35 abasement
846 3517 46 26 or
922 3500 249 51 subjugation.
1225 3494 69 35 We
1312 3491 107 34 knew
1439 3489 51 32 all
1513 3485 100 34 these

280 3583 285 34 circueastatees
580 3586 13 31 ;
620 3574 65 34 but
716 3578 54 26 we
794 3562 123 39 would
938 3562 124 34 rather
1078 3562 158 39 appear,
1269 3559 35 25 in
1325 3548 61 34 the
1408 3542 208 37 estimation

281 3638 45 38 of
351 3643 72 32 our
437 3626 308 52 cotemporaries,
770 3633 43 26 as
841 3619 168 38 senseless
1042 3612 194 38 drivellers
1266 3604 74 38 and
1374 3604 243 40 extravagant

275 3693 246 40 visionaries,
547 3690 92 34 than
665 3685 65 44 lay
750 3681 133 37 claims
917 3683 35 28 to
983 3671 172 48 soperior
1174 3661 240 51 penetration
1430 3657 66 35 ana
1507 3656 90 46 judg-

285 3762 113 38 ment,
426 3751 37 39 if
476 3751 74 38 this
562 3746 214 50 reputation
795 3748 102 31 were
917 3737 87 44 only
1024 3743 40 25 to
1082 3733 47 33 be
1143 3724 175 48 acquired
1342 3723 47 44 by
1408 3715 215 48 expressing

289 3824 69 26 our
370 3814 191 41 contempt
580 3802 44 39 of
638 3801 222 47 thepresent
875 3790 228 53 generation,
1122 3785 65 35 auts
1204 3770 379 59 proclaitntogtheft.
1583 3770 21 59 l
1604 3770 21 59 4

287 3870 43 38 of
352 3868 208 48 expecting
592 3863 98 37 from
718 3855 99 40 their
835 3854 126 37 efforts
989 3859 47 26 an
1063 3841 170 40 effectual
1261 3833 219 51 opposition
1511 3835 39 30 to
1566 3827 60 35 the

293 3924 299 45 Overwhelming
608 3915 148 40 inroads
775 3912 45 37 of
844 3906 215 48 usurpation
1076 3899 70 38 and
1166 3904 177 39 tyranny.
1395 3887 124 38 Never
1532 3881 96 40 Will

293 3992 25 30 II
346 3984 217 38 sentiment,
600 3976 182 47 implying
810 3980 41 25 so
887 3958 263 50 contemptible
1181 3965 45 25 an
1259 3948 158 47 opinion
1450 3944 45 37 of
1532 3948 74 27 man-

296 4039 107 40 kind.
431 4039 206 35 dishonour
660 4033 64 35 the
755 4028 164 39 columns
935 4022 43 35 of
1000 4019 78 35 this
1102 4022 137 39 paper;
1267 4011 69 33 but
1364 4013 46 26 an
1441 4006 194 37 unceasing

298 4097 143 48 appeal
461 4095 84 37 Mill
563 4093 50 39 6a
630 4089 106 39 made
750 4093 41 32 to
811 4083 63 37 the
892 4072 275 45 characteristic
1191 4074 138 37 energy
1342 4058 71 39 aad
1426 4056 211 50 patriotism

300 4155 45 38 of
352 4165 71 26 our
439 4159 260 32 countrymen.
750 4144 72 34 We
841 4137 78 38 will
939 4130 136 41 remind
1094 4129 99 35 them
1207 4122 41 38 of
1253 4121 67 37 the
1337 4119 135 33 virtues
1488 4110 67 34 and
1572 4116 46 26 ex-

299 4214 118 46 ploits
435 4209 41 38 of
490 4209 103 35 their
606 4208 203 35 ancestor,
836 4195 44 39 of
896 4194 65 38 the
978 4188 106 40 trials
1101 4187 89 52 tbel
1213 4170 262 46 eateostatasedp
1493 4165 77 44 awl.
1581 4165 57 34 the

341 4267 97 46 ;4!..
671 4257 162 58 PIA%

3221 976 15 48 #
3236 976 15 48 9
3252 976 15 48 O

3226 1015 15 83 11
3241 1015 8 83 1
3249 1015 8 83 /
3257 1015 8 83 4

3221 1098 7 105 1
3228 1098 22 105 111
3250 1098 7 105 1
3257 1098 8 105 1

3234 1463 7 22 5

3221 1491 20 51 51

3221 1622 5 20 ti

3235 1693 6 13 â€¢

3248 1760 6 13 â€¢

3269 1775 4 4 â€¢

3229 2430 6 13 â€¢
3268 2405 13 76 1

3243 2483 4 12 ;

3230 2676 5 61 /
3235 2676 5 61 0
3240 2676 9 61 1.
3272 2676 4 61 â€¢

3313 2940 5 17 â€ž
3404 2940 5 17 â€¢

3272 3244 6 12 e

3407 3305 9 28 f,

3404 3478 43 34 â€¢Sle

3391 3523 20 15 .â€ž
3430 3523 4 15 .

3417 3544 4 5 â€¢

3365 3583 7 9 .
3389 3573 32 25 lit

3455 3828 5 15 5

3276 4056 15 14 r
