<?xml version="1.0" encoding="UTF-8"?>
<alto xmlns:xsi="http://www.w3.org/2001/XMLSchema-instance" xsi:noNamespaceSchemaLocation="http://schema.ccs-gmbh.com/docworks/alto-1-4.xsd" xmlns:xlink="http://www.w3.org/1999/xlink">
	<Description>
		<MeasurementUnit>pixel</MeasurementUnit>
		<sourceImageInformation>
			<fileName>//NP1-STOR2/data01/blend6/2019-08-02_09_02/2019-08-02_09_02_00989.tif</fileName>
		</sourceImageInformation>
		<OCRProcessing ID="OCRPROCESSING_1">
			<preProcessingStep>
				<processingSoftware>
					<softwareCreator>CCS Content Conversion Specialists GmbH, Hamburg, Germany</softwareCreator>
					<softwareName>CCS docWorks</softwareName>
					<softwareVersion>7.0-1.47</softwareVersion>
				</processingSoftware>
			</preProcessingStep>
			<ocrProcessingStep>
				<processingStepSettings>Character Count: 8440 
Predicted Word Accuracy: 80.2% 
Suspicious Character Count: 506 
Word Count: 1499 
Suspicious Word Count: 472 
width: 3461 
height: 4453 
xdpi: 300 
ydpi: 300 
source-image: //NP1-STOR2/data01/blend6/2019-08-02_09_02/2019-08-02_09_02_00989.tif</processingStepSettings>
				<processingSoftware>
					<softwareCreator>Nuance Communications, Inc.</softwareCreator>
					<softwareName>OmniPage</softwareName>
					<softwareVersion>20</softwareVersion>
				</processingSoftware>
			</ocrProcessingStep>
		</OCRProcessing>
	</Description>
	<Styles>
		<TextStyle ID="TXT_0" FONTSIZE="0" FONTFAMILY="" FONTSTYLE="bold"/>
		<TextStyle ID="TXT_1" FONTSIZE="0" FONTFAMILY="" FONTSTYLE="bold"/>
		<TextStyle ID="TXT_2" FONTSIZE="0" FONTFAMILY="" FONTSTYLE="bold italics"/>
		<TextStyle ID="TXT_3" FONTSIZE="0" FONTFAMILY=""/>
		<TextStyle ID="TXT_4" FONTSIZE="0" FONTFAMILY=""/>
		<TextStyle ID="TXT_5" FONTSIZE="0" FONTFAMILY="" FONTSTYLE="italics"/>
		<TextStyle ID="TXT_6" FONTSIZE="0" FONTFAMILY="" FONTSTYLE="bold italics"/>
		<TextStyle ID="TXT_7" FONTSIZE="0" FONTFAMILY="" FONTSTYLE="bold"/>
		<ParagraphStyle ID="PAR_LEFT" ALIGN="Left"/>
		<ParagraphStyle ID="PAR_BLOCK" ALIGN="Block"/>
		<ParagraphStyle ID="PAR_RIGHT" ALIGN="Right"/>
	</Styles>
	<Layout>
		<Page ID="P3" PHYSICAL_IMG_NR="3" HEIGHT="4453" WIDTH="3461" PC="0.802">
			<TopMargin ID="P3_TM00001" HPOS="0" VPOS="0" WIDTH="3461" HEIGHT="0"/>
			<LeftMargin ID="P3_LM00001" HPOS="0" VPOS="0" WIDTH="0" HEIGHT="4265"/>
			<RightMargin ID="P3_RM00001" HPOS="3459" VPOS="0" WIDTH="1" HEIGHT="4265"/>
			<BottomMargin ID="P3_BM00001" HPOS="0" VPOS="4265" WIDTH="3461" HEIGHT="188"/>
			<PrintSpace ID="P3_PS00001" HPOS="0" VPOS="0" WIDTH="3460" HEIGHT="4265">
				<TextBlock ID="pa0003001" HPOS="236" VPOS="76" WIDTH="296" HEIGHT="61" STYLEREFS="TXT_0 PAR_LEFT">
					<TextLine ID="P3_TL00001" HPOS="237" VPOS="77" WIDTH="295" HEIGHT="60">
						<String ID="word000001" HPOS="237" VPOS="81" WIDTH="157" HEIGHT="56" CONTENT="FEB." WC="0.81" CC="3130"/>
						<SP ID="P3_SP00001" HPOS="394" VPOS="137" WIDTH="46"/>
						<String ID="word000002" HPOS="441" VPOS="77" WIDTH="91" HEIGHT="47" CONTENT="12." WC="0.74" CC="142"/>
						<SP ID="P3_SP00002" HPOS="531" VPOS="137" WIDTH="0"/>
					</TextLine>
				</TextBlock>
				<TextBlock ID="pa0003002" HPOS="236" VPOS="198" WIDTH="1366" HEIGHT="1713" STYLEREFS="TXT_1 PAR_BLOCK">
					<Shape>
						<Polygon POINTS="236,1911 236,198 1602,198 1602,1857 639,1857 639,1911"/>
					</Shape>
					<TextLine ID="P3_TL00002" HPOS="236" VPOS="200" WIDTH="1337" HEIGHT="54">
						<String ID="word000003" HPOS="236" VPOS="223" WIDTH="149" HEIGHT="31" CONTENT="earnest" WC="1.00" CC="0000000"/>
						<SP ID="P3_SP00003" HPOS="385" VPOS="254" WIDTH="32"/>
						<String ID="word000004" HPOS="417" VPOS="211" WIDTH="72" HEIGHT="38" CONTENT="and" WC="1.00" CC="000"/>
						<SP ID="P3_SP00004" HPOS="489" VPOS="254" WIDTH="32"/>
						<String ID="word000005" HPOS="521" VPOS="211" WIDTH="31" HEIGHT="19" CONTENT="46" STYLE="superscript" WC="0.33" CC="66"/>
						<SP ID="P3_SP00005" HPOS="552" VPOS="254" WIDTH="19"/>
						<String ID="word000006" HPOS="570" VPOS="210" WIDTH="201" HEIGHT="43" CONTENT="voluntary" WC="0.94" CC="101030000"/>
						<SP ID="P3_SP00006" HPOS="771" VPOS="254" WIDTH="20"/>
						<String ID="word000007" HPOS="791" VPOS="206" WIDTH="168" HEIGHT="43" CONTENT='tender,"' WC="0.96" CC="00110001"/>
						<SP ID="P3_SP00007" HPOS="959" VPOS="254" WIDTH="28"/>
						<String ID="word000008" HPOS="987" VPOS="206" WIDTH="35" HEIGHT="34" CONTENT="in" WC="1.00" CC="00"/>
						<SP ID="P3_SP00008" HPOS="1023" VPOS="254" WIDTH="27"/>
						<String ID="word000009" HPOS="1050" VPOS="204" WIDTH="81" HEIGHT="35" CONTENT="that" WC="1.00" CC="0000"/>
						<SP ID="P3_SP00009" HPOS="1131" VPOS="254" WIDTH="33"/>
						<String ID="word000010" HPOS="1165" VPOS="206" WIDTH="122" HEIGHT="44" CONTENT="trying" WC="0.96" CC="000011"/>
						<SP ID="P3_SP00010" HPOS="1286" VPOS="254" WIDTH="19"/>
						<String ID="word000011" HPOS="1305" VPOS="203" WIDTH="117" HEIGHT="40" CONTENT="crisis," WC="0.98" CC="0000100"/>
						<SP ID="P3_SP00011" HPOS="1422" VPOS="254" WIDTH="30"/>
						<String ID="word000012" HPOS="1452" VPOS="201" WIDTH="43" HEIGHT="34" CONTENT="of" WC="1.00" CC="00"/>
						<SP ID="P3_SP00012" HPOS="1494" VPOS="254" WIDTH="26"/>
						<String ID="word000013" HPOS="1520" VPOS="200" WIDTH="53" HEIGHT="33" CONTENT="his" WC="1.00" CC="000"/>
						<SP ID="P3_SP00013" HPOS="1573" VPOS="254" WIDTH="0"/>
					</TextLine>
					<TextLine ID="P3_TL00003" HPOS="239" VPOS="262" WIDTH="1332" HEIGHT="66">
						<String ID="word000014" HPOS="239" VPOS="282" WIDTH="15" HEIGHT="24" CONTENT="0" STYLE="superscript" WC="0.50" CC="7"/>
						<String ID="word000015" HPOS="254" VPOS="282" WIDTH="17" HEIGHT="24" CONTENT="'" WC="0.50" CC="2"/>
						<SP ID="P3_SP00014" HPOS="270" VPOS="306" WIDTH="22"/>
						<String ID="word000016" HPOS="293" VPOS="272" WIDTH="174" HEIGHT="56" CONTENT="personal" WC="0.82" CC="01033303"/>
						<SP ID="P3_SP00015" HPOS="467" VPOS="327" WIDTH="32"/>
						<String ID="word000017" HPOS="498" VPOS="270" WIDTH="203" HEIGHT="43" CONTENT='services,"' WC="0.99" CC="1000000000"/>
						<SP ID="P3_SP00016" HPOS="702" VPOS="327" WIDTH="37"/>
						<String ID="word000018" HPOS="738" VPOS="265" WIDTH="217" HEIGHT="51" CONTENT="sufficiently" WC="0.68" CC="322552222532"/>
						<SP ID="P3_SP00017" HPOS="956" VPOS="327" WIDTH="28"/>
						<String ID="word000019" HPOS="984" VPOS="267" WIDTH="195" HEIGHT="35" CONTENT="evidenced" WC="0.99" CC="000000001"/>
						<SP ID="P3_SP00018" HPOS="1179" VPOS="327" WIDTH="35"/>
						<String ID="word000020" HPOS="1214" VPOS="267" WIDTH="59" HEIGHT="33" CONTENT="the" WC="0.93" CC="002"/>
						<SP ID="P3_SP00019" HPOS="1273" VPOS="327" WIDTH="28"/>
						<String ID="word000021" HPOS="1302" VPOS="265" WIDTH="163" HEIGHT="45" CONTENT="princely" WC="0.99" CC="10000000"/>
						<SP ID="P3_SP00020" HPOS="1465" VPOS="327" WIDTH="19"/>
						<String ID="word000022" HPOS="1483" VPOS="262" WIDTH="71" HEIGHT="34" CONTENT="feel" SUBS_TYPE="HypPart1" SUBS_CONTENT="feelings" WC="1.00" CC="0000"/>
						<HYP HPOS="1554" VPOS="262" WIDTH="17" CONTENT="-"/>
					</TextLine>
					<TextLine ID="P3_TL00004" HPOS="242" VPOS="322" WIDTH="1316" HEIGHT="62">
						<String ID="word000023" HPOS="242" VPOS="341" WIDTH="81" HEIGHT="43" CONTENT="ings" SUBS_TYPE="HypPart2" SUBS_CONTENT="feelings" WC="1.00" CC="0000"/>
						<SP ID="P3_SP00021" HPOS="324" VPOS="384" WIDTH="14"/>
						<String ID="word000024" HPOS="338" VPOS="337" WIDTH="51" HEIGHT="41" CONTENT="by" WC="1.00" CC="00"/>
						<SP ID="P3_SP00022" HPOS="389" VPOS="384" WIDTH="20"/>
						<String ID="word000025" HPOS="409" VPOS="330" WIDTH="195" HEIGHT="39" CONTENT="which-he" WC="0.69" CC="22223722"/>
						<SP ID="P3_SP00023" HPOS="604" VPOS="384" WIDTH="19"/>
						<String ID="word000026" HPOS="622" VPOS="339" WIDTH="76" HEIGHT="25" CONTENT="was" WC="1.00" CC="000"/>
						<SP ID="P3_SP00024" HPOS="698" VPOS="384" WIDTH="17"/>
						<String ID="word000027" HPOS="715" VPOS="326" WIDTH="187" HEIGHT="37" CONTENT="actuated." WC="0.96" CC="100110000"/>
						<SP ID="P3_SP00025" HPOS="901" VPOS="384" WIDTH="53"/>
						<String ID="word000028" HPOS="954" VPOS="326" WIDTH="41" HEIGHT="34" CONTENT="If" WC="0.94" CC="10"/>
						<SP ID="P3_SP00026" HPOS="996" VPOS="384" WIDTH="18"/>
						<String ID="word000029" HPOS="1013" VPOS="335" WIDTH="71" HEIGHT="34" CONTENT="any" WC="1.00" CC="000"/>
						<SP ID="P3_SP00027" HPOS="1084" VPOS="384" WIDTH="18"/>
						<String ID="word000030" HPOS="1102" VPOS="322" WIDTH="280" HEIGHT="37" CONTENT="corroboration" WC="0.96" CC="0000013000100"/>
						<SP ID="P3_SP00028" HPOS="1382" VPOS="384" WIDTH="25"/>
						<String ID="word000031" HPOS="1407" VPOS="330" WIDTH="97" HEIGHT="26" CONTENT="were" WC="1.00" CC="0000"/>
						<SP ID="P3_SP00029" HPOS="1504" VPOS="384" WIDTH="18"/>
						<String ID="word000032" HPOS="1521" VPOS="330" WIDTH="37" HEIGHT="25" CONTENT="re" WC="0.94" CC="10"/>
						<SP ID="P3_SP00030" HPOS="1558" VPOS="384" WIDTH="0"/>
					</TextLine>
					<TextLine ID="P3_TL00005" HPOS="242" VPOS="376" WIDTH="1334" HEIGHT="65">
						<String ID="word000033" HPOS="242" VPOS="392" WIDTH="135" HEIGHT="48" CONTENT="quired" WC="0.98" CC="100000"/>
						<SP ID="P3_SP00031" HPOS="377" VPOS="441" WIDTH="15"/>
						<String ID="word000034" HPOS="392" VPOS="402" WIDTH="43" HEIGHT="25" CONTENT="as" WC="1.00" CC="00"/>
						<SP ID="P3_SP00032" HPOS="435" VPOS="441" WIDTH="18"/>
						<String ID="word000035" HPOS="452" VPOS="396" WIDTH="38" HEIGHT="28" CONTENT="to" WC="1.00" CC="00"/>
						<SP ID="P3_SP00033" HPOS="490" VPOS="441" WIDTH="17"/>
						<String ID="word000036" HPOS="507" VPOS="381" WIDTH="77" HEIGHT="59" CONTENT="this" WC="0.61" CC="0770"/>
						<SP ID="P3_SP00034" HPOS="583" VPOS="441" WIDTH="19"/>
						<String ID="word000037" HPOS="602" VPOS="389" WIDTH="91" HEIGHT="32" CONTENT="trait" WC="1.00" CC="00000"/>
						<SP ID="P3_SP00035" HPOS="693" VPOS="441" WIDTH="34"/>
						<String ID="word000038" HPOS="728" VPOS="385" WIDTH="37" HEIGHT="34" CONTENT="in" WC="1.00" CC="00"/>
						<SP ID="P3_SP00036" HPOS="764" VPOS="441" WIDTH="15"/>
						<String ID="word000039" HPOS="780" VPOS="383" WIDTH="65" HEIGHT="35" CONTENT="the" WC="1.00" CC="000"/>
						<SP ID="P3_SP00037" HPOS="844" VPOS="441" WIDTH="17"/>
						<String ID="word000040" HPOS="861" VPOS="381" WIDTH="219" HEIGHT="46" CONTENT="disposition" WC="0.72" CC="04414111417"/>
						<SP ID="P3_SP00038" HPOS="1080" VPOS="441" WIDTH="22"/>
						<String ID="word000041" HPOS="1102" VPOS="380" WIDTH="43" HEIGHT="34" CONTENT="of" WC="1.00" CC="00"/>
						<SP ID="P3_SP00039" HPOS="1144" VPOS="441" WIDTH="26"/>
						<String ID="word000042" HPOS="1170" VPOS="381" WIDTH="53" HEIGHT="33" CONTENT="his" WC="0.96" CC="010"/>
						<SP ID="P3_SP00040" HPOS="1224" VPOS="441" WIDTH="21"/>
						<String ID="word000043" HPOS="1245" VPOS="378" WIDTH="122" HEIGHT="45" CONTENT="Royal" WC="0.98" CC="00001"/>
						<SP ID="P3_SP00041" HPOS="1367" VPOS="441" WIDTH="18"/>
						<String ID="word000044" HPOS="1384" VPOS="376" WIDTH="191" HEIGHT="45" CONTENT="Highness," WC="0.99" CC="100000000"/>
						<SP ID="P3_SP00042" HPOS="1576" VPOS="441" WIDTH="0"/>
					</TextLine>
					<TextLine ID="P3_TL00006" HPOS="244" VPOS="435" WIDTH="1332" HEIGHT="57">
						<String ID="word000045" HPOS="244" VPOS="454" WIDTH="131" HEIGHT="38" CONTENT="it•was" WC="0.59" CC="346333"/>
						<SP ID="P3_SP00043" HPOS="376" VPOS="491" WIDTH="15"/>
						<String ID="word000046" HPOS="391" VPOS="456" WIDTH="38" HEIGHT="31" CONTENT="to" WC="1.00" CC="00"/>
						<SP ID="P3_SP00044" HPOS="429" VPOS="491" WIDTH="17"/>
						<String ID="word000047" HPOS="445" VPOS="451" WIDTH="47" HEIGHT="34" CONTENT="be" WC="1.00" CC="00"/>
						<SP ID="P3_SP00045" HPOS="493" VPOS="491" WIDTH="17"/>
						<String ID="word000048" HPOS="509" VPOS="459" WIDTH="86" HEIGHT="24" CONTENT="seen" WC="1.00" CC="0000"/>
						<SP ID="P3_SP00046" HPOS="595" VPOS="491" WIDTH="14"/>
						<String ID="word000049" HPOS="609" VPOS="446" WIDTH="89" HEIGHT="34" CONTENT="when" WC="0.82" CC="0002"/>
						<String ID="word000050" HPOS="698" VPOS="446" WIDTH="22" HEIGHT="34" CONTENT="." STYLE="superscript" WC="0.82" CC="6"/>
						<SP ID="P3_SP00047" HPOS="720" VPOS="491" WIDTH="17"/>
						<String ID="word000051" HPOS="737" VPOS="445" WIDTH="47" HEIGHT="34" CONTENT="he" WC="1.00" CC="00"/>
						<SP ID="P3_SP00048" HPOS="784" VPOS="491" WIDTH="17"/>
						<String ID="word000052" HPOS="801" VPOS="443" WIDTH="168" HEIGHT="37" CONTENT="attended" WC="0.97" CC="11000000"/>
						<SP ID="P3_SP00049" HPOS="969" VPOS="491" WIDTH="19"/>
						<String ID="word000053" HPOS="987" VPOS="443" WIDTH="64" HEIGHT="33" CONTENT="the" WC="1.00" CC="000"/>
						<SP ID="P3_SP00050" HPOS="1051" VPOS="491" WIDTH="21"/>
						<String ID="word000054" HPOS="1072" VPOS="441" WIDTH="255" HEIGHT="34" CONTENT="embarkation" WC="0.97" CC="00100110000"/>
						<SP ID="P3_SP00051" HPOS="1328" VPOS="491" WIDTH="18"/>
						<String ID="word000055" HPOS="1345" VPOS="438" WIDTH="40" HEIGHT="34" CONTENT="of" WC="1.00" CC="00"/>
						<SP ID="P3_SP00052" HPOS="1385" VPOS="491" WIDTH="27"/>
						<String ID="word000056" HPOS="1413" VPOS="437" WIDTH="54" HEIGHT="33" CONTENT="his" WC="1.00" CC="000"/>
						<SP ID="P3_SP00053" HPOS="1467" VPOS="491" WIDTH="17"/>
						<String ID="word000057" HPOS="1483" VPOS="435" WIDTH="74" HEIGHT="44" CONTENT="regi" SUBS_TYPE="HypPart1" SUBS_CONTENT="regiment," WC="1.00" CC="0000"/>
						<HYP HPOS="1558" VPOS="435" WIDTH="18" CONTENT="-"/>
					</TextLine>
					<TextLine ID="P3_TL00007" HPOS="246" VPOS="491" WIDTH="1332" HEIGHT="62">
						<String ID="word000058" HPOS="246" VPOS="514" WIDTH="117" HEIGHT="39" CONTENT="ment," SUBS_TYPE="HypPart2" SUBS_CONTENT="regiment," WC="0.89" CC="11300"/>
						<SP ID="P3_SP00054" HPOS="363" VPOS="553" WIDTH="33"/>
						<String ID="word000059" HPOS="396" VPOS="508" WIDTH="59" HEIGHT="35" CONTENT="for" WC="1.00" CC="000"/>
						<SP ID="P3_SP00055" HPOS="455" VPOS="553" WIDTH="19"/>
						<String ID="word000060" HPOS="474" VPOS="506" WIDTH="144" HEIGHT="46" CONTENT="Spain:" WC="0.85" CC="100025"/>
						<SP ID="P3_SP00056" HPOS="618" VPOS="553" WIDTH="28"/>
						<String ID="word000061" HPOS="646" VPOS="503" WIDTH="35" HEIGHT="34" CONTENT="in" WC="1.00" CC="00"/>
						<SP ID="P3_SP00057" HPOS="681" VPOS="553" WIDTH="20"/>
						<String ID="word000062" HPOS="702" VPOS="501" WIDTH="58" HEIGHT="35" CONTENT="his" WC="1.00" CC="000"/>
						<SP ID="P3_SP00058" HPOS="759" VPOS="553" WIDTH="30"/>
						<String ID="word000063" HPOS="789" VPOS="500" WIDTH="200" HEIGHT="35" CONTENT="unaffected" WC="0.97" CC="0011100000"/>
						<SP ID="P3_SP00059" HPOS="989" VPOS="553" WIDTH="31"/>
						<String ID="word000064" HPOS="1019" VPOS="497" WIDTH="223" HEIGHT="35" CONTENT="declaration" WC="0.99" CC="00000000100"/>
						<SP ID="P3_SP00060" HPOS="1243" VPOS="553" WIDTH="19"/>
						<String ID="word000065" HPOS="1261" VPOS="495" WIDTH="43" HEIGHT="34" CONTENT="of" WC="1.00" CC="00"/>
						<SP ID="P3_SP00061" HPOS="1304" VPOS="553" WIDTH="14"/>
						<String ID="word000066" HPOS="1318" VPOS="494" WIDTH="53" HEIGHT="34" CONTENT="his" WC="1.00" CC="000"/>
						<SP ID="P3_SP00062" HPOS="1371" VPOS="553" WIDTH="15"/>
						<String ID="word000067" HPOS="1387" VPOS="503" WIDTH="84" HEIGHT="24" CONTENT="own" WC="0.96" CC="010"/>
						<SP ID="P3_SP00063" HPOS="1470" VPOS="553" WIDTH="26"/>
						<String ID="word000068" HPOS="1496" VPOS="491" WIDTH="61" HEIGHT="34" CONTENT="wil" SUBS_TYPE="HypPart1" SUBS_CONTENT="willingness" WC="0.72" CC="116"/>
						<HYP HPOS="1558" VPOS="491" WIDTH="20" CONTENT="-"/>
					</TextLine>
					<TextLine ID="P3_TL00008" HPOS="244" VPOS="549" WIDTH="1333" HEIGHT="64">
						<String ID="word000069" HPOS="244" VPOS="573" WIDTH="161" HEIGHT="40" CONTENT="lingness" SUBS_TYPE="HypPart2" SUBS_CONTENT="willingness" WC="0.78" CC="41310160"/>
						<SP ID="P3_SP00064" HPOS="405" VPOS="613" WIDTH="11"/>
						<String ID="word000070" HPOS="416" VPOS="570" WIDTH="39" HEIGHT="30" CONTENT="to" WC="1.00" CC="00"/>
						<SP ID="P3_SP00065" HPOS="455" VPOS="613" WIDTH="20"/>
						<String ID="word000071" HPOS="475" VPOS="565" WIDTH="97" HEIGHT="33" CONTENT="have" WC="0.97" CC="0100"/>
						<SP ID="P3_SP00066" HPOS="572" VPOS="613" WIDTH="14"/>
						<String ID="word000072" HPOS="586" VPOS="559" WIDTH="266" HEIGHT="46" CONTENT="accompanied" WC="1.00" CC="00000000000"/>
						<SP ID="P3_SP00067" HPOS="852" VPOS="613" WIDTH="19"/>
						<String ID="word000073" HPOS="870" VPOS="559" WIDTH="111" HEIGHT="39" CONTENT="them," WC="1.00" CC="00000"/>
						<SP ID="P3_SP00068" HPOS="981" VPOS="613" WIDTH="20"/>
						<String ID="word000074" HPOS="1002" VPOS="557" WIDTH="38" HEIGHT="33" CONTENT="in" WC="1.00" CC="00"/>
						<SP ID="P3_SP00069" HPOS="1039" VPOS="613" WIDTH="11"/>
						<String ID="word000075" HPOS="1050" VPOS="556" WIDTH="60" HEIGHT="34" CONTENT="the" WC="1.00" CC="000"/>
						<SP ID="P3_SP00070" HPOS="1110" VPOS="613" WIDTH="12"/>
						<String ID="word000076" HPOS="1122" VPOS="555" WIDTH="230" HEIGHT="35" CONTENT="affectionate" WC="0.98" CC="100000000100"/>
						<SP ID="P3_SP00071" HPOS="1352" VPOS="613" WIDTH="9"/>
						<String ID="word000077" HPOS="1362" VPOS="549" WIDTH="215" HEIGHT="35" CONTENT="enthusiasm" WC="0.99" CC="0000000100"/>
						<SP ID="P3_SP00072" HPOS="1577" VPOS="613" WIDTH="0"/>
					</TextLine>
					<TextLine ID="P3_TL00009" HPOS="248" VPOS="606" WIDTH="1330" HEIGHT="57">
						<String ID="word000078" HPOS="248" VPOS="625" WIDTH="98" HEIGHT="38" CONTENT="with" WC="0.97" CC="1000"/>
						<SP ID="P3_SP00073" HPOS="346" VPOS="663" WIDTH="34"/>
						<String ID="word000079" HPOS="380" VPOS="622" WIDTH="123" HEIGHT="34" CONTENT="which" WC="0.87" CC="00240"/>
						<SP ID="P3_SP00074" HPOS="503" VPOS="663" WIDTH="35"/>
						<String ID="word000080" HPOS="539" VPOS="621" WIDTH="46" HEIGHT="33" CONTENT="he" WC="1.00" CC="00"/>
						<SP ID="P3_SP00075" HPOS="585" VPOS="663" WIDTH="31"/>
						<String ID="word000081" HPOS="615" VPOS="630" WIDTH="72" HEIGHT="24" CONTENT="was" WC="1.00" CC="000"/>
						<SP ID="P3_SP00076" HPOS="687" VPOS="663" WIDTH="19"/>
						<String ID="word000082" HPOS="706" VPOS="617" WIDTH="86" HEIGHT="34" CONTENT="then" WC="1.00" CC="0000"/>
						<SP ID="P3_SP00077" HPOS="793" VPOS="663" WIDTH="27"/>
						<String ID="word000083" HPOS="820" VPOS="614" WIDTH="150" HEIGHT="35" CONTENT="cheered" WC="0.98" CC="0000001"/>
						<SP ID="P3_SP00078" HPOS="970" VPOS="663" WIDTH="27"/>
						<String ID="word000084" HPOS="997" VPOS="614" WIDTH="48" HEIGHT="44" CONTENT="by" WC="1.00" CC="00"/>
						<SP ID="P3_SP00079" HPOS="1045" VPOS="663" WIDTH="30"/>
						<String ID="word000085" HPOS="1075" VPOS="613" WIDTH="57" HEIGHT="33" CONTENT="his" WC="1.00" CC="000"/>
						<SP ID="P3_SP00080" HPOS="1131" VPOS="663" WIDTH="25"/>
						<String ID="word000086" HPOS="1156" VPOS="611" WIDTH="141" HEIGHT="44" CONTENT="soldiery" WC="0.91" CC="00100000"/>
						<String ID="word000087" HPOS="1297" VPOS="611" WIDTH="18" HEIGHT="44" CONTENT="." STYLE="superscript" WC="0.91" CC="7"/>
						<String ID="word000088" HPOS="1315" VPOS="611" WIDTH="18" HEIGHT="44" CONTENT="," WC="0.91" CC="0"/>
						<SP ID="P3_SP00081" HPOS="1332" VPOS="663" WIDTH="22"/>
						<String ID="word000089" HPOS="1355" VPOS="608" WIDTH="69" HEIGHT="34" CONTENT="and" WC="1.00" CC="000"/>
						<SP ID="P3_SP00082" HPOS="1423" VPOS="663" WIDTH="34"/>
						<String ID="word000090" HPOS="1457" VPOS="608" WIDTH="33" HEIGHT="33" CONTENT="in" WC="0.94" CC="01"/>
						<SP ID="P3_SP00083" HPOS="1491" VPOS="663" WIDTH="27"/>
						<String ID="word000091" HPOS="1518" VPOS="606" WIDTH="60" HEIGHT="33" CONTENT="the" WC="1.00" CC="000"/>
						<SP ID="P3_SP00084" HPOS="1578" VPOS="663" WIDTH="0"/>
					</TextLine>
					<TextLine ID="P3_TL00010" HPOS="248" VPOS="664" WIDTH="1328" HEIGHT="66">
						<String ID="word000092" HPOS="248" VPOS="683" WIDTH="191" HEIGHT="47" CONTENT="gallantry" WC="0.96" CC="101001000"/>
						<SP ID="P3_SP00085" HPOS="439" VPOS="730" WIDTH="31"/>
						<String ID="word000093" HPOS="470" VPOS="677" WIDTH="97" HEIGHT="37" CONTENT="with" WC="0.81" CC="0124"/>
						<SP ID="P3_SP00086" HPOS="567" VPOS="730" WIDTH="40"/>
						<String ID="word000094" HPOS="607" VPOS="674" WIDTH="120" HEIGHT="34" CONTENT="which" WC="0.89" CC="40100"/>
						<SP ID="P3_SP00087" HPOS="728" VPOS="730" WIDTH="28"/>
						<String ID="word000095" HPOS="756" VPOS="672" WIDTH="93" HEIGHT="45" CONTENT="they" WC="1.00" CC="0000"/>
						<SP ID="P3_SP00088" HPOS="849" VPOS="730" WIDTH="28"/>
						<String ID="word000096" HPOS="878" VPOS="669" WIDTH="219" HEIGHT="38" CONTENT="afterwards" WC="1.00" CC="0000000000"/>
						<SP ID="P3_SP00089" HPOS="1096" VPOS="730" WIDTH="30"/>
						<String ID="word000097" HPOS="1126" VPOS="666" WIDTH="200" HEIGHT="37" CONTENT="conducted" WC="1.00" CC="000000000"/>
						<SP ID="P3_SP00090" HPOS="1325" VPOS="730" WIDTH="26"/>
						<String ID="word000098" HPOS="1351" VPOS="664" WIDTH="224" HEIGHT="35" CONTENT="themselves." WC="1.00" CC="00000000000"/>
						<SP ID="P3_SP00091" HPOS="1576" VPOS="730" WIDTH="0"/>
					</TextLine>
					<TextLine ID="P3_TL00011" HPOS="252" VPOS="720" WIDTH="1196" HEIGHT="60">
						<String ID="word000099" HPOS="252" VPOS="742" WIDTH="84" HEIGHT="35" CONTENT="One" WC="1.00" CC="000"/>
						<SP ID="P3_SP00092" HPOS="335" VPOS="777" WIDTH="20"/>
						<String ID="word000100" HPOS="356" VPOS="737" WIDTH="44" HEIGHT="35" CONTENT="of" WC="1.00" CC="00"/>
						<SP ID="P3_SP00093" HPOS="399" VPOS="777" WIDTH="13"/>
						<String ID="word000101" HPOS="412" VPOS="736" WIDTH="64" HEIGHT="35" CONTENT="the" WC="0.96" CC="001"/>
						<SP ID="P3_SP00094" HPOS="476" VPOS="777" WIDTH="19"/>
						<String ID="word000102" HPOS="495" VPOS="733" WIDTH="181" HEIGHT="46" CONTENT="privates," WC="0.96" CC="100010010"/>
						<SP ID="P3_SP00095" HPOS="676" VPOS="780" WIDTH="27"/>
						<String ID="word000103" HPOS="703" VPOS="732" WIDTH="37" HEIGHT="34" CONTENT="in" WC="1.00" CC="00"/>
						<SP ID="P3_SP00096" HPOS="739" VPOS="780" WIDTH="13"/>
						<String ID="word000104" HPOS="752" VPOS="730" WIDTH="72" HEIGHT="35" CONTENT="this" WC="0.92" CC="0300"/>
						<SP ID="P3_SP00097" HPOS="824" VPOS="780" WIDTH="19"/>
						<String ID="word000105" HPOS="843" VPOS="729" WIDTH="190" HEIGHT="44" CONTENT="regiment," WC="0.99" CC="010000000"/>
						<SP ID="P3_SP00098" HPOS="1033" VPOS="780" WIDTH="31"/>
						<String ID="word000106" HPOS="1064" VPOS="725" WIDTH="172" HEIGHT="45" CONTENT="captured" WC="0.96" CC="01100001"/>
						<SP ID="P3_SP00099" HPOS="1237" VPOS="780" WIDTH="24"/>
						<String ID="word000107" HPOS="1260" VPOS="720" WIDTH="188" HEIGHT="37" CONTENT="Lefebvre." WC="0.90" CC="002141000"/>
						<SP ID="P3_SP00100" HPOS="1448" VPOS="780" WIDTH="0"/>
					</TextLine>
					<TextLine ID="P3_TL00012" HPOS="304" VPOS="775" WIDTH="1277" HEIGHT="56">
						<String ID="word000108" HPOS="304" VPOS="795" WIDTH="132" HEIGHT="35" CONTENT="While" WC="0.95" CC="20000"/>
						<SP ID="P3_SP00101" HPOS="436" VPOS="830" WIDTH="18"/>
						<String ID="word000109" HPOS="454" VPOS="793" WIDTH="63" HEIGHT="34" CONTENT="the" WC="1.00" CC="000"/>
						<SP ID="P3_SP00102" HPOS="516" VPOS="830" WIDTH="18"/>
						<String ID="word000110" HPOS="534" VPOS="790" WIDTH="128" HEIGHT="35" CONTENT="merits" WC="1.00" CC="000000"/>
						<SP ID="P3_SP00103" HPOS="661" VPOS="830" WIDTH="17"/>
						<String ID="word000111" HPOS="678" VPOS="788" WIDTH="44" HEIGHT="35" CONTENT="of" WC="1.00" CC="00"/>
						<SP ID="P3_SP00104" HPOS="722" VPOS="830" WIDTH="15"/>
						<String ID="word000112" HPOS="737" VPOS="785" WIDTH="67" HEIGHT="35" CONTENT="the" WC="1.00" CC="000"/>
						<SP ID="P3_SP00105" HPOS="804" VPOS="830" WIDTH="21"/>
						<String ID="word000113" HPOS="826" VPOS="785" WIDTH="129" HEIGHT="34" CONTENT="Prince" WC="1.00" CC="000000"/>
						<SP ID="P3_SP00106" HPOS="954" VPOS="830" WIDTH="25"/>
						<String ID="word000114" HPOS="979" VPOS="783" WIDTH="45" HEIGHT="35" CONTENT="of" WC="1.00" CC="00"/>
						<SP ID="P3_SP00107" HPOS="1024" VPOS="830" WIDTH="20"/>
						<String ID="word000115" HPOS="1044" VPOS="782" WIDTH="124" HEIGHT="34" CONTENT="Wales" WC="0.95" CC="20000"/>
						<SP ID="P3_SP00108" HPOS="1168" VPOS="830" WIDTH="15"/>
						<String ID="word000116" HPOS="1183" VPOS="791" WIDTH="63" HEIGHT="24" CONTENT="are" WC="1.00" CC="000"/>
						<SP ID="P3_SP00109" HPOS="1246" VPOS="830" WIDTH="15"/>
						<String ID="word000117" HPOS="1261" VPOS="776" WIDTH="203" HEIGHT="46" CONTENT="attempted" WC="0.99" CC="000000001"/>
						<SP ID="P3_SP00110" HPOS="1465" VPOS="830" WIDTH="19"/>
						<String ID="word000118" HPOS="1483" VPOS="780" WIDTH="35" HEIGHT="31" CONTENT="to" WC="1.00" CC="00"/>
						<SP ID="P3_SP00111" HPOS="1519" VPOS="830" WIDTH="17"/>
						<String ID="word000119" HPOS="1535" VPOS="775" WIDTH="45" HEIGHT="33" CONTENT="be" WC="1.00" CC="00"/>
						<SP ID="P3_SP00112" HPOS="1580" VPOS="830" WIDTH="0"/>
					</TextLine>
					<TextLine ID="P3_TL00013" HPOS="254" VPOS="831" WIDTH="1327" HEIGHT="60">
						<String ID="word000120" HPOS="254" VPOS="850" WIDTH="250" HEIGHT="40" CONTENT="ascertained," WC="0.99" CC="000000010000"/>
						<SP ID="P3_SP00113" HPOS="504" VPOS="891" WIDTH="28"/>
						<String ID="word000121" HPOS="533" VPOS="848" WIDTH="32" HEIGHT="34" CONTENT="it" WC="1.00" CC="00"/>
						<SP ID="P3_SP00114" HPOS="565" VPOS="891" WIDTH="21"/>
						<String ID="word000122" HPOS="586" VPOS="846" WIDTH="76" HEIGHT="34" CONTENT="will" WC="0.94" CC="1100"/>
						<SP ID="P3_SP00115" HPOS="661" VPOS="891" WIDTH="20"/>
						<String ID="word000123" HPOS="681" VPOS="846" WIDTH="47" HEIGHT="33" CONTENT="be" WC="1.00" CC="00"/>
						<SP ID="P3_SP00116" HPOS="729" VPOS="891" WIDTH="18"/>
						<String ID="word000124" HPOS="746" VPOS="841" WIDTH="183" HEIGHT="47" CONTENT="expected" WC="0.99" CC="00100000"/>
						<SP ID="P3_SP00117" HPOS="930" VPOS="891" WIDTH="35"/>
						<String ID="word000125" HPOS="965" VPOS="840" WIDTH="84" HEIGHT="34" CONTENT="that" WC="1.00" CC="0000"/>
						<SP ID="P3_SP00118" HPOS="1049" VPOS="891" WIDTH="32"/>
						<String ID="word000126" HPOS="1081" VPOS="848" WIDTH="97" HEIGHT="25" CONTENT="some" WC="0.97" CC="0100"/>
						<SP ID="P3_SP00119" HPOS="1178" VPOS="891" WIDTH="31"/>
						<String ID="word000127" HPOS="1208" VPOS="836" WIDTH="156" HEIGHT="34" CONTENT="allusion" WC="0.99" CC="10000000"/>
						<SP ID="P3_SP00120" HPOS="1364" VPOS="891" WIDTH="15"/>
						<String ID="word000128" HPOS="1380" VPOS="831" WIDTH="130" HEIGHT="35" CONTENT="should" WC="0.94" CC="000111"/>
						<SP ID="P3_SP00121" HPOS="1509" VPOS="891" WIDTH="28"/>
						<String ID="word000129" HPOS="1538" VPOS="831" WIDTH="43" HEIGHT="32" CONTENT="he" WC="1.00" CC="00"/>
						<SP ID="P3_SP00122" HPOS="1580" VPOS="891" WIDTH="0"/>
					</TextLine>
					<TextLine ID="P3_TL00014" HPOS="254" VPOS="887" WIDTH="1329" HEIGHT="59">
						<String ID="word000130" HPOS="254" VPOS="909" WIDTH="111" HEIGHT="37" CONTENT="made" WC="1.00" CC="0000"/>
						<SP ID="P3_SP00123" HPOS="365" VPOS="946" WIDTH="18"/>
						<String ID="word000131" HPOS="383" VPOS="915" WIDTH="39" HEIGHT="27" CONTENT="to" WC="1.00" CC="00"/>
						<SP ID="P3_SP00124" HPOS="422" VPOS="946" WIDTH="28"/>
						<String ID="word000132" HPOS="450" VPOS="906" WIDTH="104" HEIGHT="34" CONTENT="what" WC="0.97" CC="1000"/>
						<SP ID="P3_SP00125" HPOS="554" VPOS="946" WIDTH="30"/>
						<String ID="word000133" HPOS="583" VPOS="914" WIDTH="65" HEIGHT="24" CONTENT="are" WC="1.00" CC="000"/>
						<SP ID="P3_SP00126" HPOS="648" VPOS="946" WIDTH="17"/>
						<String ID="word000134" HPOS="665" VPOS="899" WIDTH="213" HEIGHT="38" CONTENT="considered" WC="0.98" CC="0010010000"/>
						<SP ID="P3_SP00127" HPOS="878" VPOS="946" WIDTH="26"/>
						<String ID="word000135" HPOS="904" VPOS="909" WIDTH="39" HEIGHT="22" CONTENT="as" WC="0.94" CC="10"/>
						<SP ID="P3_SP00128" HPOS="943" VPOS="946" WIDTH="28"/>
						<String ID="word000136" HPOS="971" VPOS="896" WIDTH="57" HEIGHT="34" CONTENT="his" WC="0.85" CC="301"/>
						<SP ID="P3_SP00129" HPOS="1028" VPOS="946" WIDTH="15"/>
						<String ID="word000137" HPOS="1043" VPOS="895" WIDTH="184" HEIGHT="34" CONTENT="demerits." WC="1.00" CC="000000000"/>
						<SP ID="P3_SP00130" HPOS="1227" VPOS="946" WIDTH="54"/>
						<String ID="word000138" HPOS="1281" VPOS="891" WIDTH="145" HEIGHT="35" CONTENT="Liberal" WC="0.98" CC="0010000"/>
						<SP ID="P3_SP00131" HPOS="1427" VPOS="946" WIDTH="18"/>
						<String ID="word000139" HPOS="1444" VPOS="888" WIDTH="67" HEIGHT="34" CONTENT="and" WC="1.00" CC="000"/>
						<SP ID="P3_SP00132" HPOS="1512" VPOS="946" WIDTH="19"/>
						<String ID="word000140" HPOS="1531" VPOS="887" WIDTH="35" HEIGHT="33" CONTENT="in" SUBS_TYPE="HypPart1" SUBS_CONTENT="ingenuous," WC="0.81" CC="02"/>
						<HYP HPOS="1566" VPOS="887" WIDTH="17" CONTENT="-"/>
					</TextLine>
					<TextLine ID="P3_TL00015" HPOS="255" VPOS="943" WIDTH="1329" HEIGHT="72">
						<String ID="word000141" HPOS="255" VPOS="976" WIDTH="180" HEIGHT="39" CONTENT="genuous," SUBS_TYPE="HypPart2" SUBS_CONTENT="ingenuous," WC="0.86" CC="00011161"/>
						<SP ID="P3_SP00133" HPOS="435" VPOS="1015" WIDTH="26"/>
						<String ID="word000142" HPOS="461" VPOS="965" WIDTH="67" HEIGHT="33" CONTENT="but" WC="0.96" CC="010"/>
						<SP ID="P3_SP00134" HPOS="528" VPOS="1015" WIDTH="30"/>
						<String ID="word000143" HPOS="557" VPOS="961" WIDTH="93" HEIGHT="34" CONTENT="with" WC="0.81" CC="4300"/>
						<SP ID="P3_SP00135" HPOS="651" VPOS="1015" WIDTH="35"/>
						<String ID="word000144" HPOS="686" VPOS="967" WIDTH="187" HEIGHT="26" CONTENT="resources" WC="0.84" CC="000140305"/>
						<SP ID="P3_SP00136" HPOS="873" VPOS="1015" WIDTH="30"/>
						<String ID="word000145" HPOS="902" VPOS="957" WIDTH="46" HEIGHT="44" CONTENT="by" WC="1.00" CC="00"/>
						<SP ID="P3_SP00137" HPOS="948" VPOS="1015" WIDTH="33"/>
						<String ID="word000146" HPOS="981" VPOS="965" WIDTH="46" HEIGHT="24" CONTENT="no" WC="1.00" CC="00"/>
						<SP ID="P3_SP00138" HPOS="1028" VPOS="1015" WIDTH="31"/>
						<String ID="word000147" HPOS="1058" VPOS="963" WIDTH="118" HEIGHT="24" CONTENT="means" WC="0.98" CC="01000"/>
						<SP ID="P3_SP00139" HPOS="1176" VPOS="1015" WIDTH="27"/>
						<String ID="word000148" HPOS="1204" VPOS="947" WIDTH="224" HEIGHT="37" CONTENT="answerable" WC="0.94" CC="1101001100"/>
						<SP ID="P3_SP00140" HPOS="1428" VPOS="1015" WIDTH="34"/>
						<String ID="word000149" HPOS="1462" VPOS="951" WIDTH="37" HEIGHT="28" CONTENT="to" WC="1.00" CC="00"/>
						<SP ID="P3_SP00141" HPOS="1499" VPOS="1015" WIDTH="25"/>
						<String ID="word000150" HPOS="1524" VPOS="943" WIDTH="60" HEIGHT="34" CONTENT="the" WC="1.00" CC="000"/>
						<SP ID="P3_SP00142" HPOS="1584" VPOS="1015" WIDTH="0"/>
					</TextLine>
					<TextLine ID="P3_TL00016" HPOS="257" VPOS="999" WIDTH="1329" HEIGHT="73">
						<String ID="word000151" HPOS="257" VPOS="1022" WIDTH="172" HEIGHT="50" CONTENT="splendid" WC="0.94" CC="02000101"/>
						<SP ID="P3_SP00143" HPOS="430" VPOS="1071" WIDTH="19"/>
						<String ID="word000152" HPOS="449" VPOS="1019" WIDTH="184" HEIGHT="35" CONTENT="situation" WC="1.00" CC="000000000"/>
						<SP ID="P3_SP00144" HPOS="633" VPOS="1071" WIDTH="19"/>
						<String ID="word000153" HPOS="652" VPOS="1017" WIDTH="43" HEIGHT="34" CONTENT="he" WC="1.00" CC="00"/>
						<SP ID="P3_SP00145" HPOS="694" VPOS="1071" WIDTH="21"/>
						<String ID="word000154" HPOS="716" VPOS="1025" WIDTH="79" HEIGHT="26" CONTENT="was" WC="0.96" CC="010"/>
						<SP ID="P3_SP00146" HPOS="795" VPOS="1071" WIDTH="17"/>
						<String ID="word000155" HPOS="811" VPOS="1011" WIDTH="164" HEIGHT="35" CONTENT="destined" WC="0.90" CC="10301110"/>
						<SP ID="P3_SP00147" HPOS="976" VPOS="1071" WIDTH="26"/>
						<String ID="word000156" HPOS="1002" VPOS="1016" WIDTH="38" HEIGHT="28" CONTENT="to" WC="0.67" CC="51"/>
						<SP ID="P3_SP00148" HPOS="1039" VPOS="1071" WIDTH="18"/>
						<String ID="word000157" HPOS="1057" VPOS="1009" WIDTH="69" HEIGHT="39" CONTENT="fill," WC="0.98" CC="00100"/>
						<SP ID="P3_SP00149" HPOS="1126" VPOS="1071" WIDTH="33"/>
						<String ID="word000158" HPOS="1159" VPOS="1010" WIDTH="30" HEIGHT="32" CONTENT="is" WC="1.00" CC="00"/>
						<SP ID="P3_SP00150" HPOS="1188" VPOS="1071" WIDTH="27"/>
						<String ID="word000159" HPOS="1215" VPOS="1007" WIDTH="27" HEIGHT="33" CONTENT="it" WC="1.00" CC="00"/>
						<SP ID="P3_SP00151" HPOS="1243" VPOS="1071" WIDTH="32"/>
						<String ID="word000160" HPOS="1274" VPOS="1010" WIDTH="39" HEIGHT="28" CONTENT="to" WC="1.00" CC="00"/>
						<SP ID="P3_SP00152" HPOS="1313" VPOS="1071" WIDTH="18"/>
						<String ID="word000161" HPOS="1331" VPOS="1004" WIDTH="44" HEIGHT="32" CONTENT="be" WC="1.00" CC="00"/>
						<SP ID="P3_SP00153" HPOS="1375" VPOS="1071" WIDTH="18"/>
						<String ID="word000162" HPOS="1393" VPOS="999" WIDTH="193" HEIGHT="35" CONTENT="wondered" WC="0.94" CC="00300010"/>
						<SP ID="P3_SP00154" HPOS="1585" VPOS="1071" WIDTH="0"/>
					</TextLine>
					<TextLine ID="P3_TL00017" HPOS="259" VPOS="1055" WIDTH="1326" HEIGHT="67">
						<String ID="word000163" HPOS="259" VPOS="1088" WIDTH="58" HEIGHT="34" CONTENT="at," WC="1.00" CC="000"/>
						<SP ID="P3_SP00155" HPOS="317" VPOS="1122" WIDTH="25"/>
						<String ID="word000164" HPOS="341" VPOS="1080" WIDTH="105" HEIGHT="34" CONTENT="when" WC="1.00" CC="0000"/>
						<SP ID="P3_SP00156" HPOS="446" VPOS="1122" WIDTH="19"/>
						<String ID="word000165" HPOS="465" VPOS="1074" WIDTH="204" HEIGHT="45" CONTENT="reviewing" WC="1.00" CC="000000000"/>
						<SP ID="P3_SP00157" HPOS="670" VPOS="1122" WIDTH="19"/>
						<String ID="word000166" HPOS="689" VPOS="1072" WIDTH="64" HEIGHT="33" CONTENT="the" WC="1.00" CC="000"/>
						<SP ID="P3_SP00158" HPOS="752" VPOS="1122" WIDTH="21"/>
						<String ID="word000167" HPOS="774" VPOS="1080" WIDTH="125" HEIGHT="26" CONTENT="career" WC="0.98" CC="010000"/>
						<SP ID="P3_SP00159" HPOS="899" VPOS="1122" WIDTH="14"/>
						<String ID="word000168" HPOS="913" VPOS="1067" WIDTH="43" HEIGHT="35" CONTENT="of" WC="1.00" CC="00"/>
						<SP ID="P3_SP00160" HPOS="956" VPOS="1122" WIDTH="24"/>
						<String ID="word000169" HPOS="979" VPOS="1067" WIDTH="74" HEIGHT="33" CONTENT="this" WC="1.00" CC="0000"/>
						<SP ID="P3_SP00161" HPOS="1054" VPOS="1122" WIDTH="20"/>
						<String ID="word000170" HPOS="1074" VPOS="1059" WIDTH="144" HEIGHT="45" CONTENT="Prince," WC="1.00" CC="0000000"/>
						<SP ID="P3_SP00162" HPOS="1218" VPOS="1122" WIDTH="31"/>
						<String ID="word000171" HPOS="1248" VPOS="1061" WIDTH="84" HEIGHT="34" CONTENT="that" WC="0.97" CC="0010"/>
						<SP ID="P3_SP00163" HPOS="1332" VPOS="1122" WIDTH="17"/>
						<String ID="word000172" HPOS="1349" VPOS="1069" WIDTH="56" HEIGHT="24" CONTENT="we" WC="1.00" CC="00"/>
						<SP ID="P3_SP00164" HPOS="1404" VPOS="1122" WIDTH="18"/>
						<String ID="word000173" HPOS="1422" VPOS="1057" WIDTH="71" HEIGHT="33" CONTENT="find" WC="1.00" CC="0000"/>
						<SP ID="P3_SP00165" HPOS="1493" VPOS="1122" WIDTH="21"/>
						<String ID="word000174" HPOS="1514" VPOS="1055" WIDTH="71" HEIGHT="33" CONTENT="him" WC="0.93" CC="101"/>
						<SP ID="P3_SP00166" HPOS="1585" VPOS="1122" WIDTH="0"/>
					</TextLine>
					<TextLine ID="P3_TL00018" HPOS="260" VPOS="1115" WIDTH="1329" HEIGHT="68">
						<String ID="word000175" HPOS="260" VPOS="1139" WIDTH="110" HEIGHT="44" CONTENT="early" WC="0.98" CC="00010"/>
						<SP ID="P3_SP00167" HPOS="370" VPOS="1182" WIDTH="19"/>
						<String ID="word000176" HPOS="389" VPOS="1134" WIDTH="189" HEIGHT="43" CONTENT="incurring" WC="0.94" CC="102000011"/>
						<SP ID="P3_SP00168" HPOS="578" VPOS="1182" WIDTH="19"/>
						<String ID="word000177" HPOS="596" VPOS="1130" WIDTH="202" HEIGHT="47" CONTENT="pecuniary" WC="0.96" CC="000201000"/>
						<SP ID="P3_SP00169" HPOS="798" VPOS="1182" WIDTH="13"/>
						<String ID="word000178" HPOS="811" VPOS="1126" WIDTH="230" HEIGHT="39" CONTENT="difficulties;" WC="0.90" CC="0004501100010"/>
						<SP ID="P3_SP00170" HPOS="1042" VPOS="1182" WIDTH="26"/>
						<String ID="word000179" HPOS="1068" VPOS="1122" WIDTH="69" HEIGHT="34" CONTENT="and" WC="1.00" CC="000"/>
						<SP ID="P3_SP00171" HPOS="1136" VPOS="1182" WIDTH="19"/>
						<String ID="word000180" HPOS="1155" VPOS="1119" WIDTH="151" HEIGHT="43" CONTENT="frankly" WC="0.98" CC="0000100"/>
						<SP ID="P3_SP00172" HPOS="1306" VPOS="1182" WIDTH="17"/>
						<String ID="word000181" HPOS="1323" VPOS="1115" WIDTH="200" HEIGHT="45" CONTENT="applying," WC="0.93" CC="101111010"/>
						<SP ID="P3_SP00173" HPOS="1522" VPOS="1182" WIDTH="26"/>
						<String ID="word000182" HPOS="1548" VPOS="1119" WIDTH="40" HEIGHT="26" CONTENT="to" WC="1.00" CC="00"/>
						<SP ID="P3_SP00174" HPOS="1589" VPOS="1182" WIDTH="0"/>
					</TextLine>
					<TextLine ID="P3_TL00019" HPOS="263" VPOS="1169" WIDTH="1323" HEIGHT="71">
						<String ID="word000183" HPOS="263" VPOS="1196" WIDTH="65" HEIGHT="34" CONTENT="the" WC="1.00" CC="000"/>
						<SP ID="P3_SP00175" HPOS="328" VPOS="1231" WIDTH="20"/>
						<String ID="word000184" HPOS="348" VPOS="1202" WIDTH="141" HEIGHT="38" CONTENT="proper" WC="1.00" CC="000000"/>
						<SP ID="P3_SP00176" HPOS="489" VPOS="1240" WIDTH="18"/>
						<String ID="word000185" HPOS="507" VPOS="1194" WIDTH="169" HEIGHT="41" CONTENT="quarter," WC="0.97" CC="10100000"/>
						<SP ID="P3_SP00177" HPOS="676" VPOS="1240" WIDTH="27"/>
						<String ID="word000186" HPOS="703" VPOS="1186" WIDTH="60" HEIGHT="34" CONTENT="for" WC="1.00" CC="000"/>
						<SP ID="P3_SP00178" HPOS="763" VPOS="1240" WIDTH="14"/>
						<String ID="word000187" HPOS="777" VPOS="1185" WIDTH="191" HEIGHT="34" CONTENT="assistance" WC="0.83" CC="3140101131"/>
						<SP ID="P3_SP00179" HPOS="969" VPOS="1240" WIDTH="14"/>
						<String ID="word000188" HPOS="983" VPOS="1182" WIDTH="13" HEIGHT="32" CONTENT="I" WC="0.56" CC="4"/>
						<SP ID="P3_SP00180" HPOS="996" VPOS="1240" WIDTH="53"/>
						<String ID="word000189" HPOS="1049" VPOS="1178" WIDTH="80" HEIGHT="37" CONTENT="The" WC="1.00" CC="000"/>
						<SP ID="P3_SP00181" HPOS="1129" VPOS="1240" WIDTH="25"/>
						<String ID="word000190" HPOS="1154" VPOS="1178" WIDTH="137" HEIGHT="33" CONTENT="income" WC="0.94" CC="001101"/>
						<SP ID="P3_SP00182" HPOS="1291" VPOS="1240" WIDTH="17"/>
						<String ID="word000191" HPOS="1307" VPOS="1172" WIDTH="43" HEIGHT="35" CONTENT="of" WC="1.00" CC="00"/>
						<SP ID="P3_SP00183" HPOS="1350" VPOS="1240" WIDTH="31"/>
						<String ID="word000192" HPOS="1381" VPOS="1172" WIDTH="57" HEIGHT="33" CONTENT="his" WC="0.93" CC="002"/>
						<SP ID="P3_SP00184" HPOS="1437" VPOS="1240" WIDTH="30"/>
						<String ID="word000193" HPOS="1467" VPOS="1169" WIDTH="119" HEIGHT="44" CONTENT="Royal" WC="0.89" CC="30011"/>
						<SP ID="P3_SP00185" HPOS="1586" VPOS="1240" WIDTH="0"/>
					</TextLine>
					<TextLine ID="P3_TL00020" HPOS="265" VPOS="1226" WIDTH="1324" HEIGHT="70">
						<String ID="word000194" HPOS="265" VPOS="1245" WIDTH="156" HEIGHT="51" CONTENT="Highness" WC="0.66" CC="30421414"/>
						<String ID="word000195" HPOS="420" VPOS="1245" WIDTH="19" HEIGHT="51" CONTENT="." STYLE="superscript" WC="0.66" CC="5"/>
						<String ID="word000196" HPOS="439" VPOS="1245" WIDTH="20" HEIGHT="51" CONTENT="'" WC="0.66" CC="7"/>
						<SP ID="P3_SP00186" HPOS="459" VPOS="1296" WIDTH="12"/>
						<String ID="word000197" HPOS="471" VPOS="1258" WIDTH="80" HEIGHT="24" CONTENT="was" WC="0.81" CC="410"/>
						<SP ID="P3_SP00187" HPOS="552" VPOS="1296" WIDTH="17"/>
						<String ID="word000198" HPOS="568" VPOS="1243" WIDTH="176" HEIGHT="43" CONTENT="allowed," WC="0.97" CC="01100000"/>
						<SP ID="P3_SP00188" HPOS="744" VPOS="1296" WIDTH="32"/>
						<String ID="word000199" HPOS="776" VPOS="1243" WIDTH="94" HEIGHT="33" CONTENT="from" WC="1.00" CC="0000"/>
						<SP ID="P3_SP00189" HPOS="870" VPOS="1296" WIDTH="32"/>
						<String ID="word000200" HPOS="902" VPOS="1239" WIDTH="54" HEIGHT="34" CONTENT="his" WC="0.96" CC="001"/>
						<SP ID="P3_SP00190" HPOS="957" VPOS="1296" WIDTH="25"/>
						<String ID="word000201" HPOS="981" VPOS="1234" WIDTH="274" HEIGHT="37" CONTENT="establishment" WC="0.93" CC="0001301110100"/>
						<SP ID="P3_SP00191" HPOS="1256" VPOS="1296" WIDTH="26"/>
						<String ID="word000202" HPOS="1281" VPOS="1232" WIDTH="35" HEIGHT="32" CONTENT="in" WC="1.00" CC="00"/>
						<SP ID="P3_SP00192" HPOS="1317" VPOS="1296" WIDTH="31"/>
						<String ID="word000203" HPOS="1348" VPOS="1228" WIDTH="106" HEIGHT="38" CONTENT="1783," WC="0.87" CC="05010"/>
						<SP ID="P3_SP00193" HPOS="1454" VPOS="1296" WIDTH="30"/>
						<String ID="word000204" HPOS="1483" VPOS="1232" WIDTH="37" HEIGHT="28" CONTENT="to" WC="0.94" CC="01"/>
						<SP ID="P3_SP00194" HPOS="1520" VPOS="1296" WIDTH="27"/>
						<String ID="word000205" HPOS="1547" VPOS="1226" WIDTH="41" HEIGHT="32" CONTENT="be" WC="1.00" CC="00"/>
						<SP ID="P3_SP00195" HPOS="1589" VPOS="1296" WIDTH="0"/>
					</TextLine>
					<TextLine ID="P3_TL00021" HPOS="254" VPOS="1283" WIDTH="1337" HEIGHT="71">
						<String ID="word000206" HPOS="254" VPOS="1309" WIDTH="236" HEIGHT="45" CONTENT="'inadequate" WC="0.94" CC="60000000000"/>
						<SP ID="P3_SP00196" HPOS="490" VPOS="1354" WIDTH="19"/>
						<String ID="word000207" HPOS="509" VPOS="1310" WIDTH="39" HEIGHT="30" CONTENT="to" WC="1.00" CC="00"/>
						<SP ID="P3_SP00197" HPOS="548" VPOS="1354" WIDTH="18"/>
						<String ID="word000208" HPOS="566" VPOS="1304" WIDTH="64" HEIGHT="34" CONTENT="the" WC="1.00" CC="000"/>
						<SP ID="P3_SP00198" HPOS="630" VPOS="1354" WIDTH="14"/>
						<String ID="word000209" HPOS="644" VPOS="1299" WIDTH="248" HEIGHT="46" CONTENT="expenditure" WC="0.89" CC="11122201001"/>
						<SP ID="P3_SP00199" HPOS="892" VPOS="1354" WIDTH="18"/>
						<String ID="word000210" HPOS="909" VPOS="1297" WIDTH="45" HEIGHT="33" CONTENT="he" WC="1.00" CC="00"/>
						<SP ID="P3_SP00200" HPOS="954" VPOS="1354" WIDTH="20"/>
						<String ID="word000211" HPOS="974" VPOS="1293" WIDTH="120" HEIGHT="34" CONTENT="would" WC="0.98" CC="00010"/>
						<SP ID="P3_SP00201" HPOS="1095" VPOS="1354" WIDTH="19"/>
						<String ID="word000212" HPOS="1114" VPOS="1291" WIDTH="70" HEIGHT="34" CONTENT="find" WC="0.86" CC="1130"/>
						<SP ID="P3_SP00202" HPOS="1183" VPOS="1354" WIDTH="19"/>
						<String ID="word000213" HPOS="1202" VPOS="1287" WIDTH="146" HEIGHT="35" CONTENT="himself" WC="0.98" CC="0000010"/>
						<SP ID="P3_SP00203" HPOS="1349" VPOS="1354" WIDTH="12"/>
						<String ID="word000214" HPOS="1361" VPOS="1283" WIDTH="118" HEIGHT="38" CONTENT="called" WC="0.98" CC="000100"/>
						<SP ID="P3_SP00204" HPOS="1479" VPOS="1354" WIDTH="17"/>
						<String ID="word000215" HPOS="1495" VPOS="1291" WIDTH="96" HEIGHT="35" CONTENT="upon" WC="0.97" CC="0001"/>
						<SP ID="P3_SP00205" HPOS="1591" VPOS="1354" WIDTH="0"/>
					</TextLine>
					<TextLine ID="P3_TL00022" HPOS="265" VPOS="1337" WIDTH="1328" HEIGHT="73">
						<String ID="word000216" HPOS="265" VPOS="1372" WIDTH="44" HEIGHT="28" CONTENT="to" WC="1.00" CC="00"/>
						<SP ID="P3_SP00206" HPOS="308" VPOS="1401" WIDTH="32"/>
						<String ID="word000217" HPOS="340" VPOS="1367" WIDTH="156" HEIGHT="43" CONTENT="support" WC="0.97" CC="0000002"/>
						<SP ID="P3_SP00207" HPOS="496" VPOS="1409" WIDTH="17"/>
						<String ID="word000218" HPOS="513" VPOS="1372" WIDTH="12" HEIGHT="28" CONTENT=";" WC="0.78" CC="2"/>
						<SP ID="P3_SP00208" HPOS="524" VPOS="1409" WIDTH="38"/>
						<String ID="word000219" HPOS="562" VPOS="1358" WIDTH="89" HEIGHT="40" CONTENT="and," WC="1.00" CC="0000"/>
						<SP ID="P3_SP00209" HPOS="651" VPOS="1409" WIDTH="26"/>
						<String ID="word000220" HPOS="677" VPOS="1354" WIDTH="141" HEIGHT="45" CONTENT="though" WC="0.96" CC="010010"/>
						<SP ID="P3_SP00210" HPOS="817" VPOS="1409" WIDTH="27"/>
						<String ID="word000221" HPOS="844" VPOS="1354" WIDTH="96" HEIGHT="34" CONTENT="since" WC="1.00" CC="00000"/>
						<SP ID="P3_SP00211" HPOS="940" VPOS="1409" WIDTH="25"/>
						<String ID="word000222" HPOS="965" VPOS="1350" WIDTH="109" HEIGHT="35" CONTENT="ailed" WC="0.71" CC="07600"/>
						<SP ID="P3_SP00212" HPOS="1074" VPOS="1409" WIDTH="33"/>
						<String ID="word000223" HPOS="1107" VPOS="1348" WIDTH="51" HEIGHT="44" CONTENT="by" WC="0.94" CC="01"/>
						<SP ID="P3_SP00213" HPOS="1157" VPOS="1409" WIDTH="34"/>
						<String ID="word000224" HPOS="1192" VPOS="1345" WIDTH="234" HEIGHT="46" CONTENT="parliament," WC="1.00" CC="00000000000"/>
						<SP ID="P3_SP00214" HPOS="1426" VPOS="1409" WIDTH="28"/>
						<String ID="word000225" HPOS="1454" VPOS="1341" WIDTH="43" HEIGHT="32" CONTENT="he" WC="1.00" CC="00"/>
						<SP ID="P3_SP00215" HPOS="1496" VPOS="1409" WIDTH="33"/>
						<String ID="word000226" HPOS="1530" VPOS="1337" WIDTH="63" HEIGHT="33" CONTENT="has" WC="1.00" CC="000"/>
						<SP ID="P3_SP00216" HPOS="1592" VPOS="1409" WIDTH="0"/>
					</TextLine>
					<TextLine ID="P3_TL00023" HPOS="266" VPOS="1398" WIDTH="1146" HEIGHT="65">
						<String ID="word000227" HPOS="266" VPOS="1433" WIDTH="116" HEIGHT="26" CONTENT="never" WC="1.00" CC="00000"/>
						<SP ID="P3_SP00217" HPOS="381" VPOS="1459" WIDTH="18"/>
						<String ID="word000228" HPOS="399" VPOS="1422" WIDTH="90" HEIGHT="34" CONTENT="been" WC="0.97" CC="0100"/>
						<SP ID="P3_SP00218" HPOS="489" VPOS="1459" WIDTH="21"/>
						<String ID="word000229" HPOS="510" VPOS="1415" WIDTH="132" HEIGHT="48" CONTENT="placed" WC="0.98" CC="010000"/>
						<SP ID="P3_SP00219" HPOS="643" VPOS="1463" WIDTH="19"/>
						<String ID="word000230" HPOS="661" VPOS="1415" WIDTH="35" HEIGHT="33" CONTENT="in" WC="1.00" CC="00"/>
						<SP ID="P3_SP00220" HPOS="697" VPOS="1463" WIDTH="18"/>
						<String ID="word000231" HPOS="715" VPOS="1413" WIDTH="278" HEIGHT="34" CONTENT="circumstances" WC="0.98" CC="0100000010000"/>
						<SP ID="P3_SP00221" HPOS="992" VPOS="1463" WIDTH="18"/>
						<String ID="word000232" HPOS="1010" VPOS="1403" WIDTH="221" HEIGHT="47" CONTENT="completely" WC="1.00" CC="0000000000"/>
						<SP ID="P3_SP00222" HPOS="1231" VPOS="1463" WIDTH="18"/>
						<String ID="word000233" HPOS="1248" VPOS="1398" WIDTH="163" HEIGHT="46" CONTENT="eligible." WC="0.97" CC="000101000"/>
						<SP ID="P3_SP00223" HPOS="1411" VPOS="1463" WIDTH="0"/>
					</TextLine>
					<TextLine ID="P3_TL00024" HPOS="318" VPOS="1452" WIDTH="1274" HEIGHT="71">
						<String ID="word000234" HPOS="318" VPOS="1481" WIDTH="129" HEIGHT="41" CONTENT="Every" WC="1.00" CC="00000"/>
						<SP ID="P3_SP00224" HPOS="446" VPOS="1522" WIDTH="19"/>
						<String ID="word000235" HPOS="465" VPOS="1487" WIDTH="67" HEIGHT="22" CONTENT="one" WC="0.96" CC="001"/>
						<SP ID="P3_SP00225" HPOS="533" VPOS="1522" WIDTH="20"/>
						<String ID="word000236" HPOS="553" VPOS="1478" WIDTH="145" HEIGHT="39" CONTENT="regrets" WC="0.92" CC="0000122"/>
						<SP ID="P3_SP00226" HPOS="698" VPOS="1522" WIDTH="14"/>
						<String ID="word000237" HPOS="712" VPOS="1470" WIDTH="66" HEIGHT="33" CONTENT="the" WC="1.00" CC="000"/>
						<SP ID="P3_SP00227" HPOS="778" VPOS="1522" WIDTH="20"/>
						<String ID="word000238" HPOS="798" VPOS="1468" WIDTH="209" HEIGHT="35" CONTENT="differences" WC="0.86" CC="13330110110"/>
						<SP ID="P3_SP00228" HPOS="1007" VPOS="1522" WIDTH="14"/>
						<String ID="word000239" HPOS="1022" VPOS="1462" WIDTH="161" HEIGHT="41" CONTENT="existing" WC="0.96" CC="10110000"/>
						<SP ID="P3_SP00229" HPOS="1182" VPOS="1522" WIDTH="9"/>
						<String ID="word000240" HPOS="1192" VPOS="1460" WIDTH="165" HEIGHT="33" CONTENT="between" WC="0.84" CC="0022123"/>
						<SP ID="P3_SP00230" HPOS="1357" VPOS="1522" WIDTH="14"/>
						<String ID="word000241" HPOS="1371" VPOS="1454" WIDTH="73" HEIGHT="35" CONTENT="this" WC="1.00" CC="0000"/>
						<SP ID="P3_SP00231" HPOS="1444" VPOS="1522" WIDTH="19"/>
						<String ID="word000242" HPOS="1463" VPOS="1452" WIDTH="129" HEIGHT="35" CONTENT="Prince" WC="1.00" CC="000000"/>
						<SP ID="P3_SP00232" HPOS="1592" VPOS="1522" WIDTH="0"/>
					</TextLine>
					<TextLine ID="P3_TL00025" HPOS="269" VPOS="1513" WIDTH="1325" HEIGHT="59">
						<String ID="word000243" HPOS="269" VPOS="1538" WIDTH="74" HEIGHT="34" CONTENT="and" WC="0.70" CC="017"/>
						<SP ID="P3_SP00233" HPOS="344" VPOS="1572" WIDTH="30"/>
						<String ID="word000244" HPOS="373" VPOS="1535" WIDTH="54" HEIGHT="33" CONTENT="his" WC="1.00" CC="000"/>
						<SP ID="P3_SP00234" HPOS="428" VPOS="1572" WIDTH="32"/>
						<String ID="word000245" HPOS="459" VPOS="1528" WIDTH="133" HEIGHT="40" CONTENT="'Lova" WC="0.60" CC="61164"/>
						<SP ID="P3_SP00235" HPOS="593" VPOS="1572" WIDTH="12"/>
						<String ID="word000246" HPOS="605" VPOS="1530" WIDTH="174" HEIGHT="33" CONTENT="Consort." WC="0.89" CC="11111111"/>
						<SP ID="P3_SP00236" HPOS="778" VPOS="1572" WIDTH="53"/>
						<String ID="word000247" HPOS="831" VPOS="1524" WIDTH="104" HEIGHT="44" CONTENT="They" WC="1.00" CC="0000"/>
						<SP ID="P3_SP00237" HPOS="935" VPOS="1572" WIDTH="20"/>
						<String ID="word000248" HPOS="956" VPOS="1530" WIDTH="98" HEIGHT="25" CONTENT="were" WC="1.00" CC="0000"/>
						<SP ID="P3_SP00238" HPOS="1054" VPOS="1572" WIDTH="32"/>
						<String ID="word000249" HPOS="1085" VPOS="1517" WIDTH="171" HEIGHT="39" CONTENT="married," WC="0.99" CC="00000010"/>
						<SP ID="P3_SP00239" HPOS="1257" VPOS="1572" WIDTH="21"/>
						<String ID="word000250" HPOS="1278" VPOS="1513" WIDTH="89" HEIGHT="35" CONTENT="with" WC="0.94" CC="1100"/>
						<SP ID="P3_SP00240" HPOS="1367" VPOS="1572" WIDTH="19"/>
						<String ID="word000251" HPOS="1385" VPOS="1517" WIDTH="209" HEIGHT="28" CONTENT="uncommon" WC="0.96" CC="00002001"/>
						<SP ID="P3_SP00241" HPOS="1594" VPOS="1572" WIDTH="0"/>
					</TextLine>
					<TextLine ID="P3_TL00026" HPOS="270" VPOS="1561" WIDTH="1326" HEIGHT="75">
						<String ID="word000252" HPOS="270" VPOS="1591" WIDTH="285" HEIGHT="45" CONTENT="magnificence," WC="0.98" CC="1000000000001"/>
						<SP ID="P3_SP00242" HPOS="555" VPOS="1636" WIDTH="27"/>
						<String ID="word000253" HPOS="582" VPOS="1590" WIDTH="38" HEIGHT="30" CONTENT="at" WC="1.00" CC="00"/>
						<SP ID="P3_SP00243" HPOS="620" VPOS="1636" WIDTH="21"/>
						<String ID="word000254" HPOS="641" VPOS="1586" WIDTH="54" HEIGHT="32" CONTENT="St." WC="0.96" CC="100"/>
						<SP ID="P3_SP00244" HPOS="696" VPOS="1636" WIDTH="13"/>
						<String ID="word000255" HPOS="709" VPOS="1578" WIDTH="159" HEIGHT="39" CONTENT="James's" WC="0.94" CC="0111010"/>
						<SP ID="P3_SP00245" HPOS="868" VPOS="1636" WIDTH="22"/>
						<String ID="word000256" HPOS="891" VPOS="1578" WIDTH="154" HEIGHT="39" CONTENT="Palace," WC="0.97" CC="0101000"/>
						<SP ID="P3_SP00246" HPOS="1044" VPOS="1636" WIDTH="27"/>
						<String ID="word000257" HPOS="1071" VPOS="1585" WIDTH="44" HEIGHT="22" CONTENT="on" WC="1.00" CC="00"/>
						<SP ID="P3_SP00247" HPOS="1115" VPOS="1636" WIDTH="19"/>
						<String ID="word000258" HPOS="1134" VPOS="1573" WIDTH="61" HEIGHT="33" CONTENT="the" WC="1.00" CC="000"/>
						<SP ID="P3_SP00248" HPOS="1195" VPOS="1636" WIDTH="13"/>
						<String ID="word000259" HPOS="1208" VPOS="1571" WIDTH="61" HEIGHT="37" CONTENT="Bth" WC="0.93" CC="101"/>
						<SP ID="P3_SP00249" HPOS="1270" VPOS="1636" WIDTH="21"/>
						<String ID="word000260" HPOS="1291" VPOS="1569" WIDTH="43" HEIGHT="33" CONTENT="of" WC="0.72" CC="14"/>
						<SP ID="P3_SP00250" HPOS="1333" VPOS="1636" WIDTH="15"/>
						<String ID="word000261" HPOS="1349" VPOS="1565" WIDTH="110" HEIGHT="47" CONTENT="April" WC="1.00" CC="00000"/>
						<SP ID="P3_SP00251" HPOS="1459" VPOS="1636" WIDTH="21"/>
						<String ID="word000262" HPOS="1480" VPOS="1561" WIDTH="89" HEIGHT="37" CONTENT="1795" WC="0.69" CC="4115"/>
						<SP ID="P3_SP00252" HPOS="1569" VPOS="1636" WIDTH="17"/>
						<String ID="word000263" HPOS="1585" VPOS="1573" WIDTH="11" HEIGHT="27" CONTENT=";" WC="0.67" CC="3"/>
						<SP ID="P3_SP00253" HPOS="1596" VPOS="1636" WIDTH="0"/>
					</TextLine>
					<TextLine ID="P3_TL00027" HPOS="273" VPOS="1620" WIDTH="1325" HEIGHT="68">
						<String ID="word000264" HPOS="273" VPOS="1646" WIDTH="129" HEIGHT="39" CONTENT="*which" WC="0.72" CC="550131"/>
						<SP ID="P3_SP00254" HPOS="402" VPOS="1685" WIDTH="19"/>
						<String ID="word000265" HPOS="420" VPOS="1646" WIDTH="113" HEIGHT="34" CONTENT="union" WC="1.00" CC="00000"/>
						<SP ID="P3_SP00255" HPOS="534" VPOS="1685" WIDTH="21"/>
						<String ID="word000266" HPOS="555" VPOS="1639" WIDTH="204" HEIGHT="48" CONTENT="produced," WC="0.97" CC="100000001"/>
						<SP ID="P3_SP00256" HPOS="759" VPOS="1688" WIDTH="34"/>
						<String ID="word000267" HPOS="794" VPOS="1646" WIDTH="47" HEIGHT="24" CONTENT="on" WC="1.00" CC="00"/>
						<SP ID="P3_SP00257" HPOS="841" VPOS="1688" WIDTH="18"/>
						<String ID="word000268" HPOS="859" VPOS="1635" WIDTH="61" HEIGHT="34" CONTENT="the" WC="1.00" CC="000"/>
						<SP ID="P3_SP00258" HPOS="920" VPOS="1688" WIDTH="15"/>
						<String ID="word000269" HPOS="935" VPOS="1633" WIDTH="66" HEIGHT="34" CONTENT="7th" WC="0.78" CC="501"/>
						<SP ID="P3_SP00259" HPOS="1002" VPOS="1688" WIDTH="26"/>
						<String ID="word000270" HPOS="1028" VPOS="1631" WIDTH="45" HEIGHT="34" CONTENT="of" WC="1.00" CC="00"/>
						<SP ID="P3_SP00260" HPOS="1072" VPOS="1688" WIDTH="13"/>
						<String ID="word000271" HPOS="1085" VPOS="1631" WIDTH="164" HEIGHT="40" CONTENT="January" WC="1.00" CC="0000000"/>
						<SP ID="P3_SP00261" HPOS="1250" VPOS="1688" WIDTH="20"/>
						<String ID="word000272" HPOS="1270" VPOS="1625" WIDTH="105" HEIGHT="37" CONTENT="1796," WC="0.93" CC="11001"/>
						<SP ID="P3_SP00262" HPOS="1375" VPOS="1688" WIDTH="27"/>
						<String ID="word000273" HPOS="1402" VPOS="1620" WIDTH="63" HEIGHT="34" CONTENT="the" WC="1.00" CC="000"/>
						<SP ID="P3_SP00263" HPOS="1465" VPOS="1688" WIDTH="18"/>
						<String ID="word000274" HPOS="1482" VPOS="1628" WIDTH="116" HEIGHT="35" CONTENT="young" WC="0.95" CC="10001"/>
						<SP ID="P3_SP00264" HPOS="1598" VPOS="1688" WIDTH="0"/>
					</TextLine>
					<TextLine ID="P3_TL00028" HPOS="275" VPOS="1674" WIDTH="1326" HEIGHT="71">
						<String ID="word000275" HPOS="275" VPOS="1707" WIDTH="172" HEIGHT="38" CONTENT="Princess" WC="0.99" CC="00000001"/>
						<SP ID="P3_SP00265" HPOS="448" VPOS="1744" WIDTH="30"/>
						<String ID="word000276" HPOS="477" VPOS="1700" WIDTH="214" HEIGHT="39" CONTENT="Charlotte." WC="0.94" CC="0100310000"/>
						<SP ID="P3_SP00266" HPOS="691" VPOS="1744" WIDTH="56"/>
						<String ID="word000277" HPOS="746" VPOS="1693" WIDTH="170" HEIGHT="46" CONTENT="Dryden," WC="0.98" CC="0100000"/>
						<SP ID="P3_SP00267" HPOS="917" VPOS="1744" WIDTH="26"/>
						<String ID="word000278" HPOS="943" VPOS="1698" WIDTH="97" HEIGHT="27" CONTENT="were" WC="1.00" CC="0000"/>
						<SP ID="P3_SP00268" HPOS="1039" VPOS="1744" WIDTH="20"/>
						<String ID="word000279" HPOS="1059" VPOS="1688" WIDTH="43" HEIGHT="33" CONTENT="he" WC="1.00" CC="00"/>
						<SP ID="P3_SP00269" HPOS="1102" VPOS="1744" WIDTH="26"/>
						<String ID="word000280" HPOS="1128" VPOS="1685" WIDTH="129" HEIGHT="41" CONTENT="living," WC="1.00" CC="0000000"/>
						<SP ID="P3_SP00270" HPOS="1257" VPOS="1744" WIDTH="30"/>
						<String ID="word000281" HPOS="1286" VPOS="1681" WIDTH="115" HEIGHT="45" CONTENT="might" WC="0.98" CC="00100"/>
						<SP ID="P3_SP00271" HPOS="1401" VPOS="1744" WIDTH="18"/>
						<String ID="word000282" HPOS="1419" VPOS="1674" WIDTH="182" HEIGHT="38" CONTENT="therefore" WC="1.00" CC="000000000"/>
						<SP ID="P3_SP00272" HPOS="1600" VPOS="1744" WIDTH="0"/>
					</TextLine>
					<TextLine ID="P3_TL00029" HPOS="273" VPOS="1733" WIDTH="1329" HEIGHT="71">
						<String ID="word000283" HPOS="273" VPOS="1766" WIDTH="157" HEIGHT="38" CONTENT="lament," WC="0.95" CC="1020000"/>
						<SP ID="P3_SP00273" HPOS="430" VPOS="1804" WIDTH="28"/>
						<String ID="word000284" HPOS="458" VPOS="1767" WIDTH="39" HEIGHT="27" CONTENT="to" WC="0.94" CC="01"/>
						<SP ID="P3_SP00274" HPOS="497" VPOS="1804" WIDTH="20"/>
						<String ID="word000285" HPOS="517" VPOS="1757" WIDTH="151" HEIGHT="33" CONTENT="borrow" WC="0.98" CC="100000"/>
						<SP ID="P3_SP00275" HPOS="669" VPOS="1804" WIDTH="34"/>
						<String ID="word000286" HPOS="703" VPOS="1757" WIDTH="79" HEIGHT="28" CONTENT="two" WC="1.00" CC="000"/>
						<SP ID="P3_SP00276" HPOS="782" VPOS="1804" WIDTH="35"/>
						<String ID="word000287" HPOS="817" VPOS="1750" WIDTH="43" HEIGHT="33" CONTENT="of" WC="1.00" CC="00"/>
						<SP ID="P3_SP00277" HPOS="860" VPOS="1804" WIDTH="30"/>
						<String ID="word000288" HPOS="889" VPOS="1748" WIDTH="53" HEIGHT="33" CONTENT="his" WC="1.00" CC="000"/>
						<SP ID="P3_SP00278" HPOS="943" VPOS="1804" WIDTH="26"/>
						<String ID="word000289" HPOS="969" VPOS="1744" WIDTH="307" HEIGHT="46" CONTENT="complimentary" WC="0.99" CC="0000100000000"/>
						<SP ID="P3_SP00279" HPOS="1276" VPOS="1804" WIDTH="18"/>
						<String ID="word000290" HPOS="1293" VPOS="1739" WIDTH="91" HEIGHT="32" CONTENT="lines" WC="1.00" CC="00000"/>
						<SP ID="P3_SP00280" HPOS="1384" VPOS="1804" WIDTH="19"/>
						<String ID="word000291" HPOS="1403" VPOS="1746" WIDTH="45" HEIGHT="22" CONTENT="on" WC="1.00" CC="00"/>
						<SP ID="P3_SP00281" HPOS="1448" VPOS="1804" WIDTH="15"/>
						<String ID="word000292" HPOS="1463" VPOS="1733" WIDTH="61" HEIGHT="34" CONTENT="the" WC="1.00" CC="000"/>
						<SP ID="P3_SP00282" HPOS="1525" VPOS="1804" WIDTH="18"/>
						<String ID="word000293" HPOS="1543" VPOS="1741" WIDTH="40" HEIGHT="24" CONTENT="co" SUBS_TYPE="HypPart1" SUBS_CONTENT="coronation" WC="0.93" CC="20"/>
						<HYP HPOS="1583" VPOS="1741" WIDTH="19" CONTENT="-"/>
					</TextLine>
					<TextLine ID="P3_TL00030" HPOS="275" VPOS="1788" WIDTH="1327" HEIGHT="70">
						<String ID="word000294" HPOS="275" VPOS="1819" WIDTH="171" HEIGHT="39" CONTENT="ronation" SUBS_TYPE="HypPart2" SUBS_CONTENT="coronation" WC="1.00" CC="00000000"/>
						<SP ID="P3_SP00283" HPOS="446" VPOS="1858" WIDTH="19"/>
						<String ID="word000295" HPOS="465" VPOS="1815" WIDTH="43" HEIGHT="33" CONTENT="of" WC="1.00" CC="00"/>
						<SP ID="P3_SP00284" HPOS="508" VPOS="1858" WIDTH="13"/>
						<String ID="word000296" HPOS="521" VPOS="1812" WIDTH="155" HEIGHT="35" CONTENT="Charles" WC="1.00" CC="0000000"/>
						<SP ID="P3_SP00285" HPOS="676" VPOS="1858" WIDTH="14"/>
						<String ID="word000297" HPOS="690" VPOS="1809" WIDTH="64" HEIGHT="33" CONTENT="the" WC="1.00" CC="000"/>
						<SP ID="P3_SP00286" HPOS="754" VPOS="1858" WIDTH="17"/>
						<String ID="word000298" HPOS="770" VPOS="1807" WIDTH="64" HEIGHT="38" CONTENT="2d," WC="0.85" CC="112"/>
						<SP ID="P3_SP00287" HPOS="834" VPOS="1858" WIDTH="26"/>
						<String ID="word000299" HPOS="860" VPOS="1806" WIDTH="58" HEIGHT="34" CONTENT="the" WC="1.00" CC="000"/>
						<SP ID="P3_SP00288" HPOS="918" VPOS="1858" WIDTH="17"/>
						<String ID="word000300" HPOS="934" VPOS="1796" WIDTH="223" HEIGHT="53" CONTENT="apparently" WC="0.99" CC="0000000010"/>
						<SP ID="P3_SP00289" HPOS="1157" VPOS="1858" WIDTH="19"/>
						<String ID="word000301" HPOS="1176" VPOS="1793" WIDTH="231" HEIGHT="44" CONTENT="melancholy" WC="0.99" CC="0000000100"/>
						<SP ID="P3_SP00290" HPOS="1408" VPOS="1858" WIDTH="20"/>
						<String ID="word000302" HPOS="1428" VPOS="1788" WIDTH="174" HEIGHT="35" CONTENT="situation" WC="1.00" CC="000000000"/>
						<SP ID="P3_SP00291" HPOS="1602" VPOS="1858" WIDTH="0"/>
					</TextLine>
					<TextLine ID="P3_TL00031" HPOS="278" VPOS="1872" WIDTH="363" HEIGHT="39">
						<String ID="word000303" HPOS="278" VPOS="1877" WIDTH="47" HEIGHT="34" CONTENT="of" WC="1.00" CC="00"/>
						<SP ID="P3_SP00292" HPOS="325" VPOS="1911" WIDTH="12"/>
						<String ID="word000304" HPOS="337" VPOS="1884" WIDTH="67" HEIGHT="27" CONTENT="our" WC="1.00" CC="000"/>
						<SP ID="P3_SP00293" HPOS="404" VPOS="1911" WIDTH="19"/>
						<String ID="word000305" HPOS="423" VPOS="1872" WIDTH="217" HEIGHT="35" CONTENT="Princess—" WC="0.97" CC="000000002"/>
					</TextLine>
				</TextBlock>
				<TextBlock ID="pa0003003" HPOS="276" VPOS="1907" WIDTH="1391" HEIGHT="1997" STYLEREFS="TXT_1 PAR_LEFT">
					<Shape>
						<Polygon POINTS="276,2135 280,2052 281,2049 287,2046 547,1933 567,1932 731,1924 1383,1907 1385,1907 1420,1915 1442,1918 1446,1920 1604,2023 1607,2029 1609,2081 1645,3043 1657,3385 1663,3615 1667,3831 1667,3904 276,3904"/>
					</Shape>
					<TextLine ID="P3_TL00032" HPOS="542" VPOS="1909" WIDTH="923" HEIGHT="57">
						<String ID="word000306" HPOS="542" VPOS="1933" WIDTH="28" HEIGHT="19" CONTENT='"' WC="0.67" CC="3"/>
						<SP ID="P3_SP00294" HPOS="570" VPOS="1952" WIDTH="20"/>
						<String ID="word000307" HPOS="591" VPOS="1938" WIDTH="86" HEIGHT="27" CONTENT="near" WC="0.97" CC="0010"/>
						<SP ID="P3_SP00295" HPOS="677" VPOS="1965" WIDTH="13"/>
						<String ID="word000308" HPOS="690" VPOS="1925" WIDTH="129" HEIGHT="35" CONTENT="whose" WC="0.91" CC="10111"/>
						<SP ID="P3_SP00296" HPOS="819" VPOS="1965" WIDTH="18"/>
						<String ID="word000309" HPOS="836" VPOS="1923" WIDTH="124" HEIGHT="35" CONTENT="chaste" WC="0.96" CC="002000"/>
						<SP ID="P3_SP00297" HPOS="960" VPOS="1965" WIDTH="15"/>
						<String ID="word000310" HPOS="976" VPOS="1920" WIDTH="136" HEIGHT="39" CONTENT="womb," WC="1.00" CC="00000"/>
						<SP ID="P3_SP00298" HPOS="1111" VPOS="1965" WIDTH="17"/>
						<String ID="word000311" HPOS="1128" VPOS="1913" WIDTH="170" HEIGHT="38" CONTENT="ordain'd" WC="1.00" CC="00000000"/>
						<SP ID="P3_SP00299" HPOS="1298" VPOS="1965" WIDTH="11"/>
						<String ID="word000312" HPOS="1309" VPOS="1913" WIDTH="51" HEIGHT="43" CONTENT="by" WC="1.00" CC="00"/>
						<SP ID="P3_SP00300" HPOS="1359" VPOS="1965" WIDTH="14"/>
						<String ID="word000313" HPOS="1374" VPOS="1909" WIDTH="91" HEIGHT="41" CONTENT="fate," WC="0.95" CC="01010"/>
						<SP ID="P3_SP00301" HPOS="1465" VPOS="1965" WIDTH="0"/>
					</TextLine>
					<TextLine ID="P3_TL00033" HPOS="426" VPOS="1957" WIDTH="965" HEIGHT="62">
						<String ID="word000314" HPOS="426" VPOS="1984" WIDTH="27" HEIGHT="19" CONTENT='"' WC="1.00" CC="0"/>
						<SP ID="P3_SP00302" HPOS="454" VPOS="2003" WIDTH="19"/>
						<String ID="word000315" HPOS="472" VPOS="1981" WIDTH="85" HEIGHT="38" CONTENT="The" WC="1.00" CC="000"/>
						<SP ID="P3_SP00303" HPOS="557" VPOS="2019" WIDTH="15"/>
						<String ID="word000316" HPOS="573" VPOS="1978" WIDTH="97" HEIGHT="35" CONTENT="souls" WC="1.00" CC="00000"/>
						<SP ID="P3_SP00304" HPOS="670" VPOS="2019" WIDTH="18"/>
						<String ID="word000317" HPOS="687" VPOS="1975" WIDTH="45" HEIGHT="34" CONTENT="of" WC="1.00" CC="00"/>
						<SP ID="P3_SP00305" HPOS="732" VPOS="2019" WIDTH="15"/>
						<String ID="word000318" HPOS="748" VPOS="1974" WIDTH="107" HEIGHT="43" CONTENT="kings" WC="0.98" CC="00010"/>
						<SP ID="P3_SP00306" HPOS="855" VPOS="2019" WIDTH="17"/>
						<String ID="word000319" HPOS="872" VPOS="1971" WIDTH="139" HEIGHT="34" CONTENT="unborn" WC="1.00" CC="000000"/>
						<SP ID="P3_SP00307" HPOS="1011" VPOS="2019" WIDTH="18"/>
						<String ID="word000320" HPOS="1029" VPOS="1967" WIDTH="58" HEIGHT="33" CONTENT="for" WC="0.96" CC="010"/>
						<SP ID="P3_SP00308" HPOS="1087" VPOS="2019" WIDTH="17"/>
						<String ID="word000321" HPOS="1103" VPOS="1964" WIDTH="128" HEIGHT="34" CONTENT="bodies" WC="0.98" CC="100000"/>
						<SP ID="P3_SP00309" HPOS="1231" VPOS="2019" WIDTH="18"/>
						<String ID="word000322" HPOS="1248" VPOS="1961" WIDTH="92" HEIGHT="35" CONTENT="wait" WC="1.00" CC="0000"/>
						<SP ID="P3_SP00310" HPOS="1341" VPOS="2019" WIDTH="13"/>
						<String ID="word000323" HPOS="1354" VPOS="1957" WIDTH="37" HEIGHT="35" CONTENT='!"' WC="0.67" CC="33"/>
						<SP ID="P3_SP00311" HPOS="1390" VPOS="2019" WIDTH="0"/>
					</TextLine>
					<TextLine ID="P3_TL00034" HPOS="281" VPOS="2011" WIDTH="1327" HEIGHT="78">
						<String ID="word000324" HPOS="281" VPOS="2046" WIDTH="104" HEIGHT="43" CONTENT="Still," WC="1.00" CC="000000"/>
						<SP ID="P3_SP00312" HPOS="385" VPOS="2088" WIDTH="26"/>
						<String ID="word000325" HPOS="411" VPOS="2044" WIDTH="32" HEIGHT="33" CONTENT="it" WC="1.00" CC="00"/>
						<SP ID="P3_SP00313" HPOS="443" VPOS="2088" WIDTH="17"/>
						<String ID="word000326" HPOS="459" VPOS="2044" WIDTH="30" HEIGHT="33" CONTENT="is" WC="1.00" CC="00"/>
						<SP ID="P3_SP00314" HPOS="489" VPOS="2088" WIDTH="19"/>
						<String ID="word000327" HPOS="508" VPOS="2039" WIDTH="93" HEIGHT="37" CONTENT="with" WC="0.97" CC="1000"/>
						<SP ID="P3_SP00315" HPOS="601" VPOS="2088" WIDTH="31"/>
						<String ID="word000328" HPOS="632" VPOS="2036" WIDTH="189" HEIGHT="35" CONTENT="reference" WC="0.99" CC="000001000"/>
						<SP ID="P3_SP00316" HPOS="821" VPOS="2088" WIDTH="17"/>
						<String ID="word000329" HPOS="837" VPOS="2037" WIDTH="38" HEIGHT="28" CONTENT="to" WC="1.00" CC="00"/>
						<SP ID="P3_SP00317" HPOS="875" VPOS="2088" WIDTH="20"/>
						<String ID="word000330" HPOS="895" VPOS="2030" WIDTH="53" HEIGHT="34" CONTENT="his" WC="1.00" CC="000"/>
						<SP ID="P3_SP00318" HPOS="948" VPOS="2088" WIDTH="20"/>
						<String ID="word000331" HPOS="969" VPOS="2027" WIDTH="130" HEIGHT="44" CONTENT="higher" WC="1.00" CC="000000"/>
						<SP ID="P3_SP00319" HPOS="1098" VPOS="2088" WIDTH="24"/>
						<String ID="word000332" HPOS="1122" VPOS="2024" WIDTH="154" HEIGHT="39" CONTENT="station," WC="1.00" CC="00000000"/>
						<SP ID="P3_SP00320" HPOS="1276" VPOS="2088" WIDTH="26"/>
						<String ID="word000333" HPOS="1302" VPOS="2019" WIDTH="67" HEIGHT="35" CONTENT="and" WC="0.78" CC="501"/>
						<SP ID="P3_SP00321" HPOS="1369" VPOS="2088" WIDTH="18"/>
						<String ID="word000334" HPOS="1387" VPOS="2020" WIDTH="112" HEIGHT="43" CONTENT="apart" WC="0.84" CC="60100"/>
						<SP ID="P3_SP00322" HPOS="1499" VPOS="2088" WIDTH="18"/>
						<String ID="word000335" HPOS="1517" VPOS="2011" WIDTH="91" HEIGHT="35" CONTENT="from" WC="1.00" CC="0000"/>
						<SP ID="P3_SP00323" HPOS="1607" VPOS="2088" WIDTH="0"/>
					</TextLine>
					<TextLine ID="P3_TL00035" HPOS="276" VPOS="2070" WIDTH="1334" HEIGHT="70">
						<String ID="word000336" HPOS="276" VPOS="2102" WIDTH="183" HEIGHT="38" CONTENT="domestic" WC="0.82" CC="52300120"/>
						<SP ID="P3_SP00324" HPOS="459" VPOS="2140" WIDTH="18"/>
						<String ID="word000337" HPOS="477" VPOS="2095" WIDTH="226" HEIGHT="39" CONTENT="difficulties," WC="0.86" CC="0055500010000"/>
						<SP ID="P3_SP00325" HPOS="703" VPOS="2140" WIDTH="26"/>
						<String ID="word000338" HPOS="729" VPOS="2092" WIDTH="84" HEIGHT="34" CONTENT="that" WC="0.97" CC="0010"/>
						<SP ID="P3_SP00326" HPOS="813" VPOS="2140" WIDTH="21"/>
						<String ID="word000339" HPOS="834" VPOS="2091" WIDTH="59" HEIGHT="32" CONTENT="the" WC="0.96" CC="001"/>
						<SP ID="P3_SP00327" HPOS="893" VPOS="2140" WIDTH="17"/>
						<String ID="word000340" HPOS="909" VPOS="2086" WIDTH="138" HEIGHT="46" CONTENT="people" WC="0.96" CC="010010"/>
						<SP ID="P3_SP00328" HPOS="1048" VPOS="2140" WIDTH="15"/>
						<String ID="word000341" HPOS="1063" VPOS="2081" WIDTH="122" HEIGHT="35" CONTENT="would" WC="0.98" CC="00100"/>
						<SP ID="P3_SP00329" HPOS="1185" VPOS="2140" WIDTH="25"/>
						<String ID="word000342" HPOS="1209" VPOS="2080" WIDTH="47" HEIGHT="33" CONTENT="do" WC="0.94" CC="01"/>
						<SP ID="P3_SP00330" HPOS="1257" VPOS="2140" WIDTH="22"/>
						<String ID="word000343" HPOS="1279" VPOS="2078" WIDTH="81" HEIGHT="33" CONTENT="well" WC="1.00" CC="0000"/>
						<SP ID="P3_SP00331" HPOS="1361" VPOS="2140" WIDTH="31"/>
						<String ID="word000344" HPOS="1391" VPOS="2081" WIDTH="38" HEIGHT="27" CONTENT="to" WC="1.00" CC="00"/>
						<SP ID="P3_SP00332" HPOS="1429" VPOS="2140" WIDTH="17"/>
						<String ID="word000345" HPOS="1446" VPOS="2070" WIDTH="164" HEIGHT="37" CONTENT="consider" WC="0.94" CC="31000000"/>
						<SP ID="P3_SP00333" HPOS="1610" VPOS="2140" WIDTH="0"/>
					</TextLine>
					<TextLine ID="P3_TL00036" HPOS="282" VPOS="2126" WIDTH="1330" HEIGHT="79">
						<String ID="word000346" HPOS="282" VPOS="2160" WIDTH="67" HEIGHT="34" CONTENT="the" WC="1.00" CC="000"/>
						<SP ID="P3_SP00334" HPOS="350" VPOS="2194" WIDTH="19"/>
						<String ID="word000347" HPOS="369" VPOS="2154" WIDTH="254" HEIGHT="51" CONTENT="presumptive" WC="0.97" CC="10000010100"/>
						<SP ID="P3_SP00335" HPOS="622" VPOS="2205" WIDTH="15"/>
						<String ID="word000348" HPOS="638" VPOS="2157" WIDTH="185" HEIGHT="28" CONTENT="successor" WC="1.00" CC="000000000"/>
						<SP ID="P3_SP00336" HPOS="823" VPOS="2205" WIDTH="17"/>
						<String ID="word000349" HPOS="840" VPOS="2151" WIDTH="38" HEIGHT="30" CONTENT="to" WC="1.00" CC="00"/>
						<SP ID="P3_SP00337" HPOS="878" VPOS="2205" WIDTH="17"/>
						<String ID="word000350" HPOS="894" VPOS="2144" WIDTH="60" HEIGHT="34" CONTENT="the" WC="1.00" CC="000"/>
						<SP ID="P3_SP00338" HPOS="954" VPOS="2205" WIDTH="18"/>
						<String ID="word000351" HPOS="972" VPOS="2150" WIDTH="123" HEIGHT="26" CONTENT="crown" WC="0.80" CC="43101"/>
						<SP ID="P3_SP00339" HPOS="1095" VPOS="2205" WIDTH="17"/>
						<String ID="word000352" HPOS="1111" VPOS="2138" WIDTH="45" HEIGHT="34" CONTENT="of" WC="1.00" CC="00"/>
						<SP ID="P3_SP00340" HPOS="1156" VPOS="2205" WIDTH="22"/>
						<String ID="word000353" HPOS="1179" VPOS="2135" WIDTH="72" HEIGHT="34" CONTENT="this" WC="1.00" CC="0000"/>
						<SP ID="P3_SP00341" HPOS="1251" VPOS="2205" WIDTH="26"/>
						<String ID="word000354" HPOS="1277" VPOS="2137" WIDTH="169" HEIGHT="39" CONTENT="country." WC="1.00" CC="00000000"/>
						<SP ID="P3_SP00342" HPOS="1446" VPOS="2205" WIDTH="53"/>
						<String ID="word000355" HPOS="1499" VPOS="2127" WIDTH="60" HEIGHT="34" CONTENT="He" WC="0.83" CC="30"/>
						<SP ID="P3_SP00343" HPOS="1559" VPOS="2205" WIDTH="26"/>
						<String ID="word000356" HPOS="1585" VPOS="2126" WIDTH="27" HEIGHT="32" CONTENT="is" WC="0.94" CC="01"/>
						<SP ID="P3_SP00344" HPOS="1612" VPOS="2205" WIDTH="0"/>
					</TextLine>
					<TextLine ID="P3_TL00037" HPOS="283" VPOS="2184" WIDTH="1328" HEIGHT="83">
						<String ID="word000357" HPOS="283" VPOS="2219" WIDTH="138" HEIGHT="47" CONTENT="purely" WC="0.96" CC="010010"/>
						<SP ID="P3_SP00345" HPOS="422" VPOS="2267" WIDTH="21"/>
						<String ID="word000358" HPOS="443" VPOS="2213" WIDTH="168" HEIGHT="46" CONTENT="English." WC="0.96" CC="10110000"/>
						<SP ID="P3_SP00346" HPOS="611" VPOS="2267" WIDTH="51"/>
						<String ID="word000359" HPOS="661" VPOS="2211" WIDTH="61" HEIGHT="34" CONTENT="He" WC="0.89" CC="11"/>
						<SP ID="P3_SP00347" HPOS="723" VPOS="2267" WIDTH="32"/>
						<String ID="word000360" HPOS="755" VPOS="2207" WIDTH="28" HEIGHT="34" CONTENT="is" WC="0.83" CC="30"/>
						<SP ID="P3_SP00348" HPOS="783" VPOS="2267" WIDTH="22"/>
						<String ID="word000361" HPOS="806" VPOS="2203" WIDTH="177" HEIGHT="48" CONTENT="rerfectly" WC="0.64" CC="533333333"/>
						<SP ID="P3_SP00349" HPOS="983" VPOS="2267" WIDTH="19"/>
						<String ID="word000362" HPOS="1002" VPOS="2196" WIDTH="220" HEIGHT="47" CONTENT="acquainted" WC="0.95" CC="0013000000"/>
						<SP ID="P3_SP00350" HPOS="1221" VPOS="2267" WIDTH="20"/>
						<String ID="word000363" HPOS="1241" VPOS="2192" WIDTH="90" HEIGHT="35" CONTENT="with" WC="0.94" CC="1100"/>
						<SP ID="P3_SP00351" HPOS="1331" VPOS="2267" WIDTH="19"/>
						<String ID="word000364" HPOS="1350" VPOS="2200" WIDTH="67" HEIGHT="25" CONTENT="our" WC="1.00" CC="000"/>
						<SP ID="P3_SP00352" HPOS="1417" VPOS="2267" WIDTH="25"/>
						<String ID="word000365" HPOS="1442" VPOS="2184" WIDTH="169" HEIGHT="50" CONTENT="political" WC="0.97" CC="000000002"/>
						<SP ID="P3_SP00353" HPOS="1611" VPOS="2267" WIDTH="0"/>
					</TextLine>
					<TextLine ID="P3_TL00038" HPOS="286" VPOS="2243" WIDTH="1328" HEIGHT="69">
						<String ID="word000366" HPOS="286" VPOS="2274" WIDTH="228" HEIGHT="38" CONTENT="institutions" WC="0.94" CC="110010100110"/>
						<SP ID="P3_SP00354" HPOS="514" VPOS="2311" WIDTH="15"/>
						<String ID="word000367" HPOS="529" VPOS="2284" WIDTH="12" HEIGHT="27" CONTENT=";" WC="1.00" CC="0"/>
						<SP ID="P3_SP00355" HPOS="541" VPOS="2311" WIDTH="28"/>
						<String ID="word000368" HPOS="569" VPOS="2269" WIDTH="70" HEIGHT="35" CONTENT="and" WC="1.00" CC="000"/>
						<SP ID="P3_SP00356" HPOS="639" VPOS="2311" WIDTH="18"/>
						<String ID="word000369" HPOS="657" VPOS="2268" WIDTH="81" HEIGHT="38" CONTENT="has," WC="1.00" CC="0000"/>
						<SP ID="P3_SP00357" HPOS="738" VPOS="2311" WIDTH="26"/>
						<String ID="word000370" HPOS="764" VPOS="2272" WIDTH="47" HEIGHT="25" CONTENT="on" WC="1.00" CC="00"/>
						<SP ID="P3_SP00358" HPOS="811" VPOS="2311" WIDTH="18"/>
						<String ID="word000371" HPOS="829" VPOS="2271" WIDTH="99" HEIGHT="25" CONTENT="more" WC="1.00" CC="0000"/>
						<SP ID="P3_SP00359" HPOS="928" VPOS="2311" WIDTH="33"/>
						<String ID="word000372" HPOS="961" VPOS="2258" WIDTH="85" HEIGHT="34" CONTENT="than" WC="1.00" CC="0000"/>
						<SP ID="P3_SP00360" HPOS="1046" VPOS="2311" WIDTH="20"/>
						<String ID="word000373" HPOS="1067" VPOS="2265" WIDTH="66" HEIGHT="24" CONTENT="one" WC="1.00" CC="000"/>
						<SP ID="P3_SP00361" HPOS="1133" VPOS="2311" WIDTH="18"/>
						<String ID="word000374" HPOS="1150" VPOS="2252" WIDTH="184" HEIGHT="38" CONTENT="occasion," WC="0.99" CC="000000010"/>
						<SP ID="P3_SP00362" HPOS="1335" VPOS="2311" WIDTH="25"/>
						<String ID="word000375" HPOS="1359" VPOS="2244" WIDTH="176" HEIGHT="41" CONTENT="solemnly" WC="0.99" CC="00000010"/>
						<SP ID="P3_SP00363" HPOS="1535" VPOS="2311" WIDTH="19"/>
						<String ID="word000376" HPOS="1554" VPOS="2243" WIDTH="40" HEIGHT="32" CONTENT="de" SUBS_TYPE="HypPart1" SUBS_CONTENT="declared" WC="0.93" CC="01"/>
						<HYP HPOS="1594" VPOS="2243" WIDTH="19" CONTENT="-"/>
					</TextLine>
					<TextLine ID="P3_TL00039" HPOS="288" VPOS="2302" WIDTH="1329" HEIGHT="67">
						<String ID="word000377" HPOS="288" VPOS="2331" WIDTH="130" HEIGHT="38" CONTENT="clared" SUBS_TYPE="HypPart2" SUBS_CONTENT="declared" WC="0.98" CC="010000"/>
						<SP ID="P3_SP00364" HPOS="418" VPOS="2369" WIDTH="19"/>
						<String ID="word000378" HPOS="437" VPOS="2329" WIDTH="56" HEIGHT="35" CONTENT="his" WC="1.00" CC="000"/>
						<SP ID="P3_SP00365" HPOS="493" VPOS="2369" WIDTH="17"/>
						<String ID="word000379" HPOS="509" VPOS="2323" WIDTH="194" HEIGHT="46" CONTENT="unfeigned" WC="0.97" CC="010000010"/>
						<SP ID="P3_SP00366" HPOS="703" VPOS="2369" WIDTH="20"/>
						<String ID="word000380" HPOS="723" VPOS="2323" WIDTH="145" HEIGHT="41" CONTENT="respect" WC="0.94" CC="0111100"/>
						<SP ID="P3_SP00367" HPOS="868" VPOS="2369" WIDTH="17"/>
						<String ID="word000381" HPOS="885" VPOS="2316" WIDTH="57" HEIGHT="34" CONTENT="for" WC="1.00" CC="000"/>
						<SP ID="P3_SP00368" HPOS="941" VPOS="2369" WIDTH="14"/>
						<String ID="word000382" HPOS="956" VPOS="2315" WIDTH="64" HEIGHT="33" CONTENT="the" WC="1.00" CC="000"/>
						<SP ID="P3_SP00369" HPOS="1019" VPOS="2369" WIDTH="19"/>
						<String ID="word000383" HPOS="1038" VPOS="2310" WIDTH="202" HEIGHT="47" CONTENT="principles" WC="0.97" CC="0000011010"/>
						<SP ID="P3_SP00370" HPOS="1240" VPOS="2369" WIDTH="15"/>
						<String ID="word000384" HPOS="1256" VPOS="2311" WIDTH="39" HEIGHT="28" CONTENT="to" WC="1.00" CC="00"/>
						<SP ID="P3_SP00371" HPOS="1294" VPOS="2369" WIDTH="22"/>
						<String ID="word000385" HPOS="1317" VPOS="2303" WIDTH="119" HEIGHT="35" CONTENT="which" WC="1.00" CC="00000"/>
						<SP ID="P3_SP00372" HPOS="1436" VPOS="2369" WIDTH="20"/>
						<String ID="word000386" HPOS="1456" VPOS="2302" WIDTH="45" HEIGHT="33" CONTENT="he" WC="1.00" CC="00"/>
						<SP ID="P3_SP00373" HPOS="1501" VPOS="2369" WIDTH="19"/>
						<String ID="word000387" HPOS="1520" VPOS="2307" WIDTH="97" HEIGHT="25" CONTENT="owes" WC="1.00" CC="0000"/>
						<SP ID="P3_SP00374" HPOS="1617" VPOS="2369" WIDTH="0"/>
					</TextLine>
					<TextLine ID="P3_TL00040" HPOS="291" VPOS="2355" WIDTH="1328" HEIGHT="67">
						<String ID="word000388" HPOS="291" VPOS="2389" WIDTH="59" HEIGHT="33" CONTENT="his" WC="1.00" CC="000"/>
						<SP ID="P3_SP00375" HPOS="350" VPOS="2422" WIDTH="19"/>
						<String ID="word000389" HPOS="369" VPOS="2396" WIDTH="85" HEIGHT="26" CONTENT="own" WC="0.96" CC="010"/>
						<SP ID="P3_SP00376" HPOS="454" VPOS="2422" WIDTH="15"/>
						<String ID="word000390" HPOS="469" VPOS="2382" WIDTH="204" HEIGHT="35" CONTENT="illustrious" WC="0.99" CC="00100000000"/>
						<SP ID="P3_SP00377" HPOS="673" VPOS="2422" WIDTH="15"/>
						<String ID="word000391" HPOS="689" VPOS="2375" WIDTH="206" HEIGHT="37" CONTENT="elevation." WC="0.99" CC="0000100000"/>
						<SP ID="P3_SP00378" HPOS="894" VPOS="2422" WIDTH="52"/>
						<String ID="word000392" HPOS="946" VPOS="2370" WIDTH="61" HEIGHT="34" CONTENT="He" WC="0.89" CC="20"/>
						<SP ID="P3_SP00379" HPOS="1007" VPOS="2422" WIDTH="20"/>
						<String ID="word000393" HPOS="1028" VPOS="2369" WIDTH="65" HEIGHT="33" CONTENT="has" WC="1.00" CC="000"/>
						<SP ID="P3_SP00380" HPOS="1093" VPOS="2422" WIDTH="13"/>
						<String ID="word000394" HPOS="1106" VPOS="2378" WIDTH="40" HEIGHT="22" CONTENT="so" WC="1.00" CC="00"/>
						<SP ID="P3_SP00381" HPOS="1146" VPOS="2422" WIDTH="20"/>
						<String ID="word000395" HPOS="1166" VPOS="2366" WIDTH="84" HEIGHT="43" CONTENT="long" WC="0.97" CC="1000"/>
						<SP ID="P3_SP00382" HPOS="1250" VPOS="2422" WIDTH="18"/>
						<String ID="word000396" HPOS="1267" VPOS="2360" WIDTH="123" HEIGHT="35" CONTENT="mixed" WC="0.98" CC="00001"/>
						<SP ID="P3_SP00383" HPOS="1390" VPOS="2422" WIDTH="18"/>
						<String ID="word000397" HPOS="1408" VPOS="2357" WIDTH="89" HEIGHT="34" CONTENT="with" WC="0.97" CC="1000"/>
						<SP ID="P3_SP00384" HPOS="1496" VPOS="2422" WIDTH="20"/>
						<String ID="word000398" HPOS="1517" VPOS="2355" WIDTH="102" HEIGHT="34" CONTENT="those" WC="0.95" CC="00011"/>
						<SP ID="P3_SP00385" HPOS="1618" VPOS="2422" WIDTH="0"/>
					</TextLine>
					<TextLine ID="P3_TL00041" HPOS="292" VPOS="2409" WIDTH="1324" HEIGHT="76">
						<String ID="word000399" HPOS="292" VPOS="2444" WIDTH="129" HEIGHT="35" CONTENT="whose" WC="0.98" CC="10000"/>
						<SP ID="P3_SP00386" HPOS="420" VPOS="2479" WIDTH="27"/>
						<String ID="word000400" HPOS="448" VPOS="2444" WIDTH="146" HEIGHT="41" CONTENT="scepter" WC="0.98" CC="0010000"/>
						<SP ID="P3_SP00387" HPOS="594" VPOS="2485" WIDTH="32"/>
						<String ID="word000401" HPOS="626" VPOS="2435" WIDTH="43" HEIGHT="33" CONTENT="he" WC="1.00" CC="00"/>
						<SP ID="P3_SP00388" HPOS="669" VPOS="2485" WIDTH="34"/>
						<String ID="word000402" HPOS="703" VPOS="2434" WIDTH="33" HEIGHT="33" CONTENT="is" WC="1.00" CC="00"/>
						<SP ID="P3_SP00389" HPOS="736" VPOS="2485" WIDTH="17"/>
						<String ID="word000403" HPOS="752" VPOS="2428" WIDTH="184" HEIGHT="47" CONTENT="expected" WC="1.00" CC="00000000"/>
						<SP ID="P3_SP00390" HPOS="937" VPOS="2485" WIDTH="37"/>
						<String ID="word000404" HPOS="973" VPOS="2431" WIDTH="39" HEIGHT="28" CONTENT="to" WC="1.00" CC="00"/>
						<SP ID="P3_SP00391" HPOS="1012" VPOS="2485" WIDTH="33"/>
						<String ID="word000405" HPOS="1045" VPOS="2434" WIDTH="118" HEIGHT="32" CONTENT="sway," WC="1.00" CC="00000"/>
						<SP ID="P3_SP00392" HPOS="1163" VPOS="2485" WIDTH="26"/>
						<String ID="word000406" HPOS="1189" VPOS="2420" WIDTH="70" HEIGHT="34" CONTENT="and" WC="0.96" CC="001"/>
						<SP ID="P3_SP00393" HPOS="1259" VPOS="2485" WIDTH="28"/>
						<String ID="word000407" HPOS="1287" VPOS="2418" WIDTH="27" HEIGHT="33" CONTENT="is" WC="1.00" CC="00"/>
						<SP ID="P3_SP00394" HPOS="1315" VPOS="2485" WIDTH="28"/>
						<String ID="word000408" HPOS="1343" VPOS="2427" WIDTH="38" HEIGHT="22" CONTENT="so" WC="1.00" CC="00"/>
						<SP ID="P3_SP00395" HPOS="1381" VPOS="2485" WIDTH="30"/>
						<String ID="word000409" HPOS="1410" VPOS="2409" WIDTH="206" HEIGHT="50" CONTENT="personally" WC="0.97" CC="0100000011"/>
						<SP ID="P3_SP00396" HPOS="1616" VPOS="2485" WIDTH="0"/>
					</TextLine>
					<TextLine ID="P3_TL00042" HPOS="293" VPOS="2466" WIDTH="1328" HEIGHT="73">
						<String ID="word000410" HPOS="293" VPOS="2503" WIDTH="141" HEIGHT="34" CONTENT="known" WC="1.00" CC="00000"/>
						<SP ID="P3_SP00397" HPOS="433" VPOS="2537" WIDTH="26"/>
						<String ID="word000411" HPOS="459" VPOS="2505" WIDTH="135" HEIGHT="34" CONTENT="among" WC="1.00" CC="00000"/>
						<SP ID="P3_SP00398" HPOS="594" VPOS="2539" WIDTH="28"/>
						<String ID="word000412" HPOS="622" VPOS="2492" WIDTH="60" HEIGHT="35" CONTENT="the" WC="1.00" CC="000"/>
						<SP ID="P3_SP00399" HPOS="683" VPOS="2539" WIDTH="18"/>
						<String ID="word000413" HPOS="700" VPOS="2486" WIDTH="171" HEIGHT="38" CONTENT="elevated" WC="1.00" CC="00000000"/>
						<SP ID="P3_SP00400" HPOS="872" VPOS="2539" WIDTH="19"/>
						<String ID="word000414" HPOS="891" VPOS="2484" WIDTH="130" HEIGHT="35" CONTENT="circles" WC="1.00" CC="0000000"/>
						<SP ID="P3_SP00401" HPOS="1020" VPOS="2539" WIDTH="30"/>
						<String ID="word000415" HPOS="1050" VPOS="2480" WIDTH="43" HEIGHT="34" CONTENT="of" WC="1.00" CC="00"/>
						<SP ID="P3_SP00402" HPOS="1093" VPOS="2539" WIDTH="19"/>
						<String ID="word000416" HPOS="1111" VPOS="2477" WIDTH="141" HEIGHT="44" CONTENT="society" WC="0.98" CC="0000010"/>
						<SP ID="P3_SP00403" HPOS="1252" VPOS="2539" WIDTH="30"/>
						<String ID="word000417" HPOS="1281" VPOS="2476" WIDTH="35" HEIGHT="32" CONTENT="in" WC="1.00" CC="00"/>
						<SP ID="P3_SP00404" HPOS="1317" VPOS="2539" WIDTH="26"/>
						<String ID="word000418" HPOS="1343" VPOS="2472" WIDTH="72" HEIGHT="34" CONTENT="this" WC="1.00" CC="0000"/>
						<SP ID="P3_SP00405" HPOS="1415" VPOS="2539" WIDTH="19"/>
						<String ID="word000419" HPOS="1434" VPOS="2466" WIDTH="187" HEIGHT="44" CONTENT="kingdom," WC="1.00" CC="00000000"/>
						<SP ID="P3_SP00406" HPOS="1620" VPOS="2539" WIDTH="0"/>
					</TextLine>
					<TextLine ID="P3_TL00043" HPOS="295" VPOS="2520" WIDTH="1330" HEIGHT="74">
						<String ID="word000420" HPOS="295" VPOS="2559" WIDTH="85" HEIGHT="34" CONTENT="that" WC="0.97" CC="0010"/>
						<SP ID="P3_SP00407" HPOS="380" VPOS="2594" WIDTH="18"/>
						<String ID="word000421" HPOS="398" VPOS="2555" WIDTH="194" HEIGHT="37" CONTENT="whenever" WC="1.00" CC="00000000"/>
						<SP ID="P3_SP00408" HPOS="592" VPOS="2594" WIDTH="25"/>
						<String ID="word000422" HPOS="617" VPOS="2550" WIDTH="52" HEIGHT="34" CONTENT="hi.;" WC="0.81" CC="0034"/>
						<SP ID="P3_SP00409" HPOS="669" VPOS="2594" WIDTH="20"/>
						<String ID="word000423" HPOS="689" VPOS="2545" WIDTH="130" HEIGHT="46" CONTENT="Royal" WC="1.00" CC="00000"/>
						<SP ID="P3_SP00410" HPOS="819" VPOS="2594" WIDTH="22"/>
						<String ID="word000424" HPOS="841" VPOS="2542" WIDTH="195" HEIGHT="44" CONTENT="Highness," WC="0.94" CC="400000001"/>
						<SP ID="P3_SP00411" HPOS="1036" VPOS="2594" WIDTH="27"/>
						<String ID="word000425" HPOS="1063" VPOS="2537" WIDTH="35" HEIGHT="34" CONTENT="in" WC="0.94" CC="01"/>
						<SP ID="P3_SP00412" HPOS="1098" VPOS="2594" WIDTH="27"/>
						<String ID="word000426" HPOS="1126" VPOS="2535" WIDTH="64" HEIGHT="33" CONTENT="the" WC="1.00" CC="000"/>
						<SP ID="P3_SP00413" HPOS="1189" VPOS="2594" WIDTH="28"/>
						<String ID="word000427" HPOS="1218" VPOS="2541" WIDTH="128" HEIGHT="26" CONTENT="course" WC="1.00" CC="000000"/>
						<SP ID="P3_SP00414" HPOS="1345" VPOS="2594" WIDTH="13"/>
						<String ID="word000428" HPOS="1358" VPOS="2528" WIDTH="43" HEIGHT="34" CONTENT="of" WC="1.00" CC="00"/>
						<SP ID="P3_SP00415" HPOS="1401" VPOS="2594" WIDTH="22"/>
						<String ID="word000429" HPOS="1423" VPOS="2528" WIDTH="131" HEIGHT="32" CONTENT="human" WC="1.00" CC="00000"/>
						<SP ID="P3_SP00416" HPOS="1554" VPOS="2594" WIDTH="15"/>
						<String ID="word000430" HPOS="1570" VPOS="2520" WIDTH="38" HEIGHT="34" CONTENT="af" SUBS_TYPE="HypPart1" SUBS_CONTENT="affairs," WC="1.00" CC="00"/>
						<HYP HPOS="1607" VPOS="2520" WIDTH="18" CONTENT="-"/>
					</TextLine>
					<TextLine ID="P3_TL00044" HPOS="295" VPOS="2577" WIDTH="1331" HEIGHT="78">
						<String ID="word000431" HPOS="295" VPOS="2616" WIDTH="112" HEIGHT="39" CONTENT="fairs," SUBS_TYPE="HypPart2" SUBS_CONTENT="affairs," WC="0.98" CC="010000"/>
						<SP ID="P3_SP00417" HPOS="407" VPOS="2655" WIDTH="25"/>
						<String ID="word000432" HPOS="432" VPOS="2610" WIDTH="93" HEIGHT="34" CONTENT="shall" WC="0.98" CC="00010"/>
						<SP ID="P3_SP00418" HPOS="526" VPOS="2655" WIDTH="19"/>
						<String ID="word000433" HPOS="544" VPOS="2604" WIDTH="131" HEIGHT="38" CONTENT="ascend" WC="1.00" CC="000000"/>
						<SP ID="P3_SP00419" HPOS="676" VPOS="2655" WIDTH="17"/>
						<String ID="word000434" HPOS="692" VPOS="2604" WIDTH="66" HEIGHT="34" CONTENT="the" WC="1.00" CC="000"/>
						<SP ID="P3_SP00420" HPOS="758" VPOS="2655" WIDTH="19"/>
						<String ID="word000435" HPOS="777" VPOS="2602" WIDTH="128" HEIGHT="33" CONTENT="throne" WC="0.98" CC="000100"/>
						<SP ID="P3_SP00421" HPOS="905" VPOS="2655" WIDTH="18"/>
						<String ID="word000436" HPOS="922" VPOS="2596" WIDTH="43" HEIGHT="37" CONTENT="of" WC="1.00" CC="00"/>
						<SP ID="P3_SP00422" HPOS="965" VPOS="2655" WIDTH="24"/>
						<String ID="word000437" HPOS="989" VPOS="2595" WIDTH="57" HEIGHT="34" CONTENT="his" WC="0.93" CC="011"/>
						<SP ID="P3_SP00423" HPOS="1045" VPOS="2655" WIDTH="15"/>
						<String ID="word000438" HPOS="1061" VPOS="2596" WIDTH="132" HEIGHT="40" CONTENT="august" WC="0.98" CC="100000"/>
						<SP ID="P3_SP00424" HPOS="1193" VPOS="2655" WIDTH="24"/>
						<String ID="word000439" HPOS="1217" VPOS="2591" WIDTH="200" HEIGHT="34" CONTENT="ancestors," WC="0.98" CC="0000010010"/>
						<SP ID="P3_SP00425" HPOS="1416" VPOS="2655" WIDTH="26"/>
						<String ID="word000440" HPOS="1442" VPOS="2582" WIDTH="61" HEIGHT="33" CONTENT="the" WC="1.00" CC="000"/>
						<SP ID="P3_SP00426" HPOS="1504" VPOS="2655" WIDTH="19"/>
						<String ID="word000441" HPOS="1522" VPOS="2577" WIDTH="84" HEIGHT="34" CONTENT="nobi" SUBS_TYPE="HypPart1" SUBS_CONTENT="nobility" WC="1.00" CC="0000"/>
						<HYP HPOS="1606" VPOS="2577" WIDTH="20" CONTENT="-"/>
					</TextLine>
					<TextLine ID="P3_TL00045" HPOS="299" VPOS="2634" WIDTH="1329" HEIGHT="83">
						<String ID="word000442" HPOS="299" VPOS="2674" WIDTH="74" HEIGHT="43" CONTENT="lity" SUBS_TYPE="HypPart2" SUBS_CONTENT="nobility" WC="1.00" CC="0000"/>
						<SP ID="P3_SP00427" HPOS="373" VPOS="2717" WIDTH="19"/>
						<String ID="word000443" HPOS="392" VPOS="2669" WIDTH="41" HEIGHT="34" CONTENT="of" WC="1.00" CC="00"/>
						<SP ID="P3_SP00428" HPOS="433" VPOS="2717" WIDTH="14"/>
						<String ID="word000444" HPOS="448" VPOS="2667" WIDTH="80" HEIGHT="41" CONTENT=",this" WC="0.69" CC="62222"/>
						<SP ID="P3_SP00429" HPOS="528" VPOS="2717" WIDTH="17"/>
						<String ID="word000445" HPOS="544" VPOS="2668" WIDTH="157" HEIGHT="38" CONTENT="country" WC="1.00" CC="0000000"/>
						<SP ID="P3_SP00430" HPOS="702" VPOS="2717" WIDTH="22"/>
						<String ID="word000446" HPOS="724" VPOS="2659" WIDTH="84" HEIGHT="34" CONTENT="will" WC="0.89" CC="0310"/>
						<SP ID="P3_SP00431" HPOS="808" VPOS="2717" WIDTH="18"/>
						<String ID="word000447" HPOS="826" VPOS="2653" WIDTH="176" HEIGHT="38" CONTENT="surround" WC="0.99" CC="00000100"/>
						<SP ID="P3_SP00432" HPOS="1002" VPOS="2717" WIDTH="18"/>
						<String ID="word000448" HPOS="1019" VPOS="2652" WIDTH="72" HEIGHT="32" CONTENT="him" WC="0.96" CC="001"/>
						<SP ID="P3_SP00433" HPOS="1091" VPOS="2717" WIDTH="20"/>
						<String ID="word000449" HPOS="1111" VPOS="2659" WIDTH="40" HEIGHT="22" CONTENT="as" WC="0.94" CC="10"/>
						<SP ID="P3_SP00434" HPOS="1152" VPOS="2717" WIDTH="19"/>
						<String ID="word000450" HPOS="1170" VPOS="2657" WIDTH="67" HEIGHT="22" CONTENT="one" WC="0.96" CC="001"/>
						<SP ID="P3_SP00435" HPOS="1238" VPOS="2717" WIDTH="14"/>
						<String ID="word000451" HPOS="1252" VPOS="2643" WIDTH="128" HEIGHT="41" CONTENT="family" WC="0.96" CC="000110"/>
						<SP ID="P3_SP00436" HPOS="1380" VPOS="2717" WIDTH="20"/>
						<String ID="word000452" HPOS="1400" VPOS="2652" WIDTH="11" HEIGHT="25" CONTENT=";" WC="1.00" CC="0"/>
						<SP ID="P3_SP00437" HPOS="1410" VPOS="2717" WIDTH="28"/>
						<String ID="word000453" HPOS="1439" VPOS="2637" WIDTH="112" HEIGHT="33" CONTENT="while" WC="0.73" CC="46011"/>
						<SP ID="P3_SP00438" HPOS="1551" VPOS="2717" WIDTH="18"/>
						<String ID="word000454" HPOS="1569" VPOS="2634" WIDTH="59" HEIGHT="33" CONTENT="the" WC="1.00" CC="000"/>
						<SP ID="P3_SP00439" HPOS="1628" VPOS="2717" WIDTH="0"/>
					</TextLine>
					<TextLine ID="P3_TL00046" HPOS="298" VPOS="2692" WIDTH="1335" HEIGHT="73">
						<String ID="word000455" HPOS="298" VPOS="2727" WIDTH="228" HEIGHT="38" CONTENT="commonest" WC="1.00" CC="000000000"/>
						<SP ID="P3_SP00440" HPOS="526" VPOS="2765" WIDTH="13"/>
						<String ID="word000456" HPOS="539" VPOS="2721" WIDTH="45" HEIGHT="34" CONTENT="of" WC="0.94" CC="10"/>
						<SP ID="P3_SP00441" HPOS="583" VPOS="2765" WIDTH="20"/>
						<String ID="word000457" HPOS="604" VPOS="2719" WIDTH="64" HEIGHT="35" CONTENT="the" WC="1.00" CC="000"/>
						<SP ID="P3_SP00442" HPOS="667" VPOS="2765" WIDTH="13"/>
						<String ID="word000458" HPOS="680" VPOS="2715" WIDTH="143" HEIGHT="47" CONTENT="people" WC="1.00" CC="000000"/>
						<SP ID="P3_SP00443" HPOS="823" VPOS="2765" WIDTH="32"/>
						<String ID="word000459" HPOS="855" VPOS="2715" WIDTH="89" HEIGHT="31" CONTENT="must" WC="1.00" CC="0000"/>
						<SP ID="P3_SP00444" HPOS="944" VPOS="2765" WIDTH="21"/>
						<String ID="word000460" HPOS="965" VPOS="2708" WIDTH="90" HEIGHT="39" CONTENT="feel," WC="0.98" CC="00010"/>
						<SP ID="P3_SP00445" HPOS="1055" VPOS="2765" WIDTH="27"/>
						<String ID="word000461" HPOS="1082" VPOS="2705" WIDTH="96" HEIGHT="34" CONTENT="from" WC="1.00" CC="0000"/>
						<SP ID="P3_SP00446" HPOS="1178" VPOS="2765" WIDTH="18"/>
						<String ID="word000462" HPOS="1195" VPOS="2702" WIDTH="61" HEIGHT="33" CONTENT="the" WC="1.00" CC="000"/>
						<SP ID="P3_SP00447" HPOS="1257" VPOS="2765" WIDTH="15"/>
						<String ID="word000463" HPOS="1272" VPOS="2696" WIDTH="221" HEIGHT="46" CONTENT="experience" WC="0.95" CC="0110010001"/>
						<SP ID="P3_SP00448" HPOS="1493" VPOS="2765" WIDTH="20"/>
						<String ID="word000464" HPOS="1513" VPOS="2694" WIDTH="41" HEIGHT="31" CONTENT="he" WC="0.94" CC="01"/>
						<SP ID="P3_SP00449" HPOS="1554" VPOS="2765" WIDTH="14"/>
						<String ID="word000465" HPOS="1569" VPOS="2692" WIDTH="64" HEIGHT="31" CONTENT="has" WC="0.96" CC="010"/>
						<SP ID="P3_SP00450" HPOS="1632" VPOS="2765" WIDTH="0"/>
					</TextLine>
					<TextLine ID="P3_TL00047" HPOS="301" VPOS="2746" WIDTH="1332" HEIGHT="85">
						<String ID="word000466" HPOS="301" VPOS="2781" WIDTH="181" HEIGHT="50" CONTENT="auquired" WC="0.96" CC="01001010"/>
						<SP ID="P3_SP00451" HPOS="482" VPOS="2831" WIDTH="37"/>
						<String ID="word000467" HPOS="519" VPOS="2780" WIDTH="37" HEIGHT="33" CONTENT="in" WC="1.00" CC="00"/>
						<SP ID="P3_SP00452" HPOS="555" VPOS="2831" WIDTH="27"/>
						<String ID="word000468" HPOS="582" VPOS="2776" WIDTH="98" HEIGHT="35" CONTENT="their" WC="1.00" CC="00000"/>
						<SP ID="P3_SP00453" HPOS="680" VPOS="2831" WIDTH="25"/>
						<String ID="word000469" HPOS="705" VPOS="2769" WIDTH="244" HEIGHT="39" CONTENT="transactions" WC="0.99" CC="000000000010"/>
						<SP ID="P3_SP00454" HPOS="950" VPOS="2831" WIDTH="35"/>
						<String ID="word000470" HPOS="985" VPOS="2763" WIDTH="71" HEIGHT="35" CONTENT="and" WC="0.93" CC="101"/>
						<SP ID="P3_SP00455" HPOS="1056" VPOS="2831" WIDTH="18"/>
						<String ID="word000471" HPOS="1074" VPOS="2760" WIDTH="282" HEIGHT="34" CONTENT="concernments," WC="0.59" CC="3333333535743"/>
						<SP ID="P3_SP00456" HPOS="1356" VPOS="2831" WIDTH="24"/>
						<String ID="word000472" HPOS="1380" VPOS="2752" WIDTH="84" HEIGHT="34" CONTENT="that" WC="0.92" CC="0300"/>
						<SP ID="P3_SP00457" HPOS="1463" VPOS="2831" WIDTH="32"/>
						<String ID="word000473" HPOS="1495" VPOS="2748" WIDTH="34" HEIGHT="33" CONTENT="in" WC="1.00" CC="00"/>
						<SP ID="P3_SP00458" HPOS="1530" VPOS="2831" WIDTH="32"/>
						<String ID="word000474" HPOS="1561" VPOS="2746" WIDTH="72" HEIGHT="34" CONTENT="this" WC="1.00" CC="0000"/>
						<SP ID="P3_SP00459" HPOS="1633" VPOS="2831" WIDTH="0"/>
					</TextLine>
					<TextLine ID="P3_TL00048" HPOS="306" VPOS="2805" WIDTH="1331" HEIGHT="75">
						<String ID="word000475" HPOS="306" VPOS="2843" WIDTH="154" HEIGHT="37" CONTENT="Prince," WC="0.98" CC="1000000"/>
						<SP ID="P3_SP00460" HPOS="459" VPOS="2880" WIDTH="26"/>
						<String ID="word000476" HPOS="485" VPOS="2837" WIDTH="176" HEIGHT="33" CONTENT="however" WC="0.98" CC="0010000"/>
						<SP ID="P3_SP00461" HPOS="661" VPOS="2880" WIDTH="18"/>
						<String ID="word000477" HPOS="679" VPOS="2828" WIDTH="175" HEIGHT="38" CONTENT="removed" WC="0.98" CC="0000010"/>
						<SP ID="P3_SP00462" HPOS="854" VPOS="2880" WIDTH="28"/>
						<String ID="word000478" HPOS="882" VPOS="2825" WIDTH="91" HEIGHT="33" CONTENT="from" WC="0.97" CC="0001"/>
						<SP ID="P3_SP00463" HPOS="973" VPOS="2880" WIDTH="28"/>
						<String ID="word000479" HPOS="1002" VPOS="2820" WIDTH="99" HEIGHT="33" CONTENT="them" WC="1.00" CC="0000"/>
						<SP ID="P3_SP00464" HPOS="1101" VPOS="2880" WIDTH="18"/>
						<String ID="word000480" HPOS="1119" VPOS="2818" WIDTH="48" HEIGHT="41" CONTENT="by" WC="1.00" CC="00"/>
						<SP ID="P3_SP00465" HPOS="1167" VPOS="2880" WIDTH="21"/>
						<String ID="word000481" HPOS="1188" VPOS="2820" WIDTH="187" HEIGHT="33" CONTENT="necessary" WC="0.97" CC="100000100"/>
						<SP ID="P3_SP00466" HPOS="1375" VPOS="2880" WIDTH="18"/>
						<String ID="word000482" HPOS="1393" VPOS="2805" WIDTH="244" HEIGHT="37" CONTENT="distinctions," WC="0.85" CC="2131330011200"/>
						<SP ID="P3_SP00467" HPOS="1637" VPOS="2880" WIDTH="0"/>
					</TextLine>
					<TextLine ID="P3_TL00049" HPOS="305" VPOS="2861" WIDTH="1332" HEIGHT="84">
						<String ID="word000483" HPOS="305" VPOS="2901" WIDTH="93" HEIGHT="44" CONTENT="they" WC="1.00" CC="0000"/>
						<SP ID="P3_SP00468" HPOS="398" VPOS="2944" WIDTH="20"/>
						<String ID="word000484" HPOS="418" VPOS="2896" WIDTH="77" HEIGHT="35" CONTENT="will" WC="1.00" CC="0000"/>
						<SP ID="P3_SP00469" HPOS="495" VPOS="2944" WIDTH="24"/>
						<String ID="word000485" HPOS="519" VPOS="2893" WIDTH="96" HEIGHT="33" CONTENT="have" WC="0.97" CC="0100"/>
						<SP ID="P3_SP00470" HPOS="614" VPOS="2944" WIDTH="25"/>
						<String ID="word000486" HPOS="639" VPOS="2898" WIDTH="115" HEIGHT="33" CONTENT="every" WC="1.00" CC="00000"/>
						<SP ID="P3_SP00471" HPOS="754" VPOS="2944" WIDTH="20"/>
						<String ID="word000487" HPOS="774" VPOS="2884" WIDTH="104" HEIGHT="41" CONTENT="thing" WC="0.84" CC="03031"/>
						<SP ID="P3_SP00472" HPOS="878" VPOS="2944" WIDTH="19"/>
						<String ID="word000488" HPOS="896" VPOS="2887" WIDTH="35" HEIGHT="27" CONTENT="to" WC="0.94" CC="01"/>
						<SP ID="P3_SP00473" HPOS="932" VPOS="2944" WIDTH="32"/>
						<String ID="word000489" HPOS="964" VPOS="2878" WIDTH="102" HEIGHT="43" CONTENT="hope" WC="0.92" CC="3000"/>
						<SP ID="P3_SP00474" HPOS="1065" VPOS="2944" WIDTH="20"/>
						<String ID="word000490" HPOS="1085" VPOS="2872" WIDTH="94" HEIGHT="34" CONTENT="from" WC="0.97" CC="0001"/>
						<SP ID="P3_SP00475" HPOS="1180" VPOS="2944" WIDTH="18"/>
						<String ID="word000491" HPOS="1198" VPOS="2869" WIDTH="61" HEIGHT="34" CONTENT="the" WC="1.00" CC="000"/>
						<SP ID="P3_SP00476" HPOS="1259" VPOS="2944" WIDTH="33"/>
						<String ID="word000492" HPOS="1292" VPOS="2875" WIDTH="136" HEIGHT="37" CONTENT="proper" WC="0.98" CC="000100"/>
						<SP ID="P3_SP00477" HPOS="1428" VPOS="2944" WIDTH="22"/>
						<String ID="word000493" HPOS="1450" VPOS="2861" WIDTH="164" HEIGHT="34" CONTENT="combina" SUBS_TYPE="HypPart1" SUBS_CONTENT="combination" WC="0.92" CC="1011030"/>
						<HYP HPOS="1615" VPOS="2861" WIDTH="22" CONTENT="-"/>
					</TextLine>
					<TextLine ID="P3_TL00050" HPOS="304" VPOS="2919" WIDTH="1335" HEIGHT="72">
						<String ID="word000494" HPOS="304" VPOS="2957" WIDTH="85" HEIGHT="33" CONTENT="tion" SUBS_TYPE="HypPart2" SUBS_CONTENT="combination" WC="1.00" CC="0000"/>
						<SP ID="P3_SP00478" HPOS="389" VPOS="2991" WIDTH="18"/>
						<String ID="word000495" HPOS="406" VPOS="2953" WIDTH="44" HEIGHT="35" CONTENT="of" WC="1.00" CC="00"/>
						<SP ID="P3_SP00479" HPOS="450" VPOS="2991" WIDTH="22"/>
						<String ID="word000496" HPOS="472" VPOS="2947" WIDTH="191" HEIGHT="44" CONTENT="humanity" WC="0.99" CC="00000100"/>
						<SP ID="P3_SP00480" HPOS="664" VPOS="2991" WIDTH="22"/>
						<String ID="word000497" HPOS="686" VPOS="2943" WIDTH="92" HEIGHT="34" CONTENT="with" WC="0.89" CC="1003"/>
						<SP ID="P3_SP00481" HPOS="778" VPOS="2991" WIDTH="27"/>
						<String ID="word000498" HPOS="806" VPOS="2939" WIDTH="164" HEIGHT="45" CONTENT="royalty." WC="0.85" CC="02402201"/>
						<SP ID="P3_SP00482" HPOS="970" VPOS="2991" WIDTH="59"/>
						<String ID="word000499" HPOS="1029" VPOS="2928" WIDTH="293" HEIGHT="40" CONTENT="Disadvantages" WC="0.78" CC="5102111404124"/>
						<SP ID="P3_SP00483" HPOS="1322" VPOS="2991" WIDTH="11"/>
						<String ID="word000500" HPOS="1332" VPOS="2919" WIDTH="203" HEIGHT="37" CONTENT="sometimes" WC="0.86" CC="111111221"/>
						<SP ID="P3_SP00484" HPOS="1535" VPOS="2991" WIDTH="18"/>
						<String ID="word000501" HPOS="1553" VPOS="2926" WIDTH="64" HEIGHT="33" CONTENT="pro" SUBS_TYPE="HypPart1" SUBS_CONTENT="produce" WC="0.94" CC="001"/>
						<HYP HPOS="1617" VPOS="2926" WIDTH="21" CONTENT="-"/>
					</TextLine>
					<TextLine ID="P3_TL00051" HPOS="308" VPOS="2975" WIDTH="1336" HEIGHT="73">
						<String ID="word000502" HPOS="308" VPOS="3015" WIDTH="94" HEIGHT="33" CONTENT="duce" SUBS_TYPE="HypPart2" SUBS_CONTENT="produce" WC="0.94" CC="0101"/>
						<SP ID="P3_SP00485" HPOS="403" VPOS="3048" WIDTH="18"/>
						<String ID="word000503" HPOS="420" VPOS="3009" WIDTH="237" HEIGHT="39" CONTENT="advantages." WC="0.92" CC="00003001004"/>
						<SP ID="P3_SP00486" HPOS="658" VPOS="3048" WIDTH="54"/>
						<String ID="word000504" HPOS="712" VPOS="2999" WIDTH="45" HEIGHT="37" CONTENT="If" WC="0.78" CC="40"/>
						<SP ID="P3_SP00487" HPOS="757" VPOS="3048" WIDTH="24"/>
						<String ID="word000505" HPOS="781" VPOS="2996" WIDTH="71" HEIGHT="34" CONTENT="this" WC="0.94" CC="0011"/>
						<SP ID="P3_SP00488" HPOS="852" VPOS="3048" WIDTH="31"/>
						<String ID="word000506" HPOS="882" VPOS="2993" WIDTH="132" HEIGHT="35" CONTENT="Prince" WC="0.98" CC="100000"/>
						<SP ID="P3_SP00489" HPOS="1015" VPOS="3048" WIDTH="34"/>
						<String ID="word000507" HPOS="1049" VPOS="2989" WIDTH="129" HEIGHT="33" CONTENT="knows" WC="0.95" CC="01010"/>
						<SP ID="P3_SP00490" HPOS="1178" VPOS="3048" WIDTH="33"/>
						<String ID="word000508" HPOS="1211" VPOS="2982" WIDTH="61" HEIGHT="33" CONTENT="the" WC="0.96" CC="001"/>
						<SP ID="P3_SP00491" HPOS="1272" VPOS="3048" WIDTH="20"/>
						<String ID="word000509" HPOS="1292" VPOS="2978" WIDTH="149" HEIGHT="46" CONTENT="people," WC="0.95" CC="1001010"/>
						<SP ID="P3_SP00492" HPOS="1441" VPOS="3048" WIDTH="28"/>
						<String ID="word000510" HPOS="1469" VPOS="2975" WIDTH="43" HEIGHT="33" CONTENT="he" WC="0.94" CC="01"/>
						<SP ID="P3_SP00493" HPOS="1512" VPOS="3048" WIDTH="33"/>
						<String ID="word000511" HPOS="1545" VPOS="2981" WIDTH="99" HEIGHT="25" CONTENT="owes" WC="0.72" CC="1540"/>
						<SP ID="P3_SP00494" HPOS="1644" VPOS="3048" WIDTH="0"/>
					</TextLine>
					<TextLine ID="P3_TL00052" HPOS="311" VPOS="3027" WIDTH="1335" HEIGHT="78">
						<String ID="word000512" HPOS="311" VPOS="3070" WIDTH="77" HEIGHT="35" CONTENT="this" WC="1.00" CC="0000"/>
						<SP ID="P3_SP00495" HPOS="387" VPOS="3105" WIDTH="28"/>
						<String ID="word000513" HPOS="416" VPOS="3061" WIDTH="240" HEIGHT="44" CONTENT="knowledge," WC="0.97" CC="0300000000"/>
						<SP ID="P3_SP00496" HPOS="656" VPOS="3105" WIDTH="27"/>
						<String ID="word000514" HPOS="683" VPOS="3056" WIDTH="124" HEIGHT="37" CONTENT="which" WC="0.98" CC="10000"/>
						<SP ID="P3_SP00497" HPOS="807" VPOS="3105" WIDTH="22"/>
						<String ID="word000515" HPOS="829" VPOS="3053" WIDTH="28" HEIGHT="33" CONTENT="is" WC="1.00" CC="00"/>
						<SP ID="P3_SP00498" HPOS="857" VPOS="3105" WIDTH="27"/>
						<String ID="word000516" HPOS="885" VPOS="3056" WIDTH="38" HEIGHT="28" CONTENT="to" WC="1.00" CC="00"/>
						<SP ID="P3_SP00499" HPOS="922" VPOS="3105" WIDTH="20"/>
						<String ID="word000517" HPOS="943" VPOS="3048" WIDTH="76" HEIGHT="33" CONTENT="him" WC="0.56" CC="444"/>
						<SP ID="P3_SP00500" HPOS="1018" VPOS="3105" WIDTH="34"/>
						<String ID="word000518" HPOS="1052" VPOS="3043" WIDTH="43" HEIGHT="34" CONTENT="of" WC="1.00" CC="00"/>
						<SP ID="P3_SP00501" HPOS="1095" VPOS="3105" WIDTH="24"/>
						<String ID="word000519" HPOS="1119" VPOS="3037" WIDTH="228" HEIGHT="39" CONTENT="inestimable" WC="0.97" CC="00000030000"/>
						<SP ID="P3_SP00502" HPOS="1346" VPOS="3105" WIDTH="19"/>
						<String ID="word000520" HPOS="1365" VPOS="3033" WIDTH="122" HEIGHT="39" CONTENT="value," WC="0.96" CC="001010"/>
						<SP ID="P3_SP00503" HPOS="1487" VPOS="3105" WIDTH="26"/>
						<String ID="word000521" HPOS="1513" VPOS="3035" WIDTH="37" HEIGHT="27" CONTENT="to" WC="1.00" CC="00"/>
						<SP ID="P3_SP00504" HPOS="1550" VPOS="3105" WIDTH="33"/>
						<String ID="word000522" HPOS="1583" VPOS="3027" WIDTH="63" HEIGHT="34" CONTENT="the" WC="0.85" CC="031"/>
						<SP ID="P3_SP00505" HPOS="1645" VPOS="3105" WIDTH="0"/>
					</TextLine>
					<TextLine ID="P3_TL00053" HPOS="313" VPOS="3090" WIDTH="1328" HEIGHT="87">
						<String ID="word000523" HPOS="313" VPOS="3129" WIDTH="176" HEIGHT="48" CONTENT="political" WC="0.96" CC="000100002"/>
						<SP ID="P3_SP00506" HPOS="489" VPOS="3177" WIDTH="21"/>
						<String ID="word000524" HPOS="510" VPOS="3120" WIDTH="197" HEIGHT="44" CONTENT="inactivity" WC="0.99" CC="0010000000"/>
						<SP ID="P3_SP00507" HPOS="707" VPOS="3177" WIDTH="21"/>
						<String ID="word000525" HPOS="729" VPOS="3122" WIDTH="41" HEIGHT="28" CONTENT="to" WC="1.00" CC="00"/>
						<SP ID="P3_SP00508" HPOS="770" VPOS="3177" WIDTH="20"/>
						<String ID="word000526" HPOS="790" VPOS="3111" WIDTH="122" HEIGHT="37" CONTENT="which" WC="0.93" CC="10110"/>
						<SP ID="P3_SP00509" HPOS="912" VPOS="3177" WIDTH="22"/>
						<String ID="word000527" HPOS="934" VPOS="3109" WIDTH="45" HEIGHT="34" CONTENT="he" WC="1.00" CC="00"/>
						<SP ID="P3_SP00510" HPOS="979" VPOS="3177" WIDTH="19"/>
						<String ID="word000528" HPOS="998" VPOS="3107" WIDTH="64" HEIGHT="33" CONTENT="has" WC="0.96" CC="010"/>
						<SP ID="P3_SP00511" HPOS="1062" VPOS="3177" WIDTH="17"/>
						<String ID="word000529" HPOS="1078" VPOS="3105" WIDTH="92" HEIGHT="33" CONTENT="been" WC="0.94" CC="1100"/>
						<SP ID="P3_SP00512" HPOS="1170" VPOS="3177" WIDTH="19"/>
						<String ID="word000530" HPOS="1189" VPOS="3111" WIDTH="38" HEIGHT="22" CONTENT="so" WC="1.00" CC="00"/>
						<SP ID="P3_SP00513" HPOS="1227" VPOS="3177" WIDTH="20"/>
						<String ID="word000531" HPOS="1247" VPOS="3100" WIDTH="86" HEIGHT="40" CONTENT="long" WC="0.94" CC="0002"/>
						<SP ID="P3_SP00514" HPOS="1333" VPOS="3177" WIDTH="13"/>
						<String ID="word000532" HPOS="1346" VPOS="3090" WIDTH="203" HEIGHT="39" CONTENT="restricted." WC="0.96" CC="01000110100"/>
						<SP ID="P3_SP00515" HPOS="1550" VPOS="3177" WIDTH="89"/>
						<String ID="word000533" HPOS="1638" VPOS="3090" WIDTH="2" HEIGHT="87" CONTENT="." WC="0.44" CC="5"/>
						<SP ID="P3_SP00516" HPOS="1641" VPOS="3177" WIDTH="0"/>
					</TextLine>
					<TextLine ID="P3_TL00054" HPOS="366" VPOS="3144" WIDTH="1284" HEIGHT="80">
						<String ID="word000534" HPOS="366" VPOS="3184" WIDTH="172" HEIGHT="34" CONTENT="Without" WC="0.98" CC="1000000"/>
						<SP ID="P3_SP00517" HPOS="539" VPOS="3219" WIDTH="37"/>
						<String ID="word000535" HPOS="575" VPOS="3172" WIDTH="265" HEIGHT="52" CONTENT="paoegyrising" WC="0.56" CC="057065334383"/>
						<SP ID="P3_SP00518" HPOS="840" VPOS="3224" WIDTH="30"/>
						<String ID="word000536" HPOS="869" VPOS="3167" WIDTH="60" HEIGHT="34" CONTENT="the" WC="0.89" CC="030"/>
						<SP ID="P3_SP00519" HPOS="930" VPOS="3224" WIDTH="24"/>
						<String ID="word000537" HPOS="953" VPOS="3163" WIDTH="136" HEIGHT="35" CONTENT="Prince" WC="0.96" CC="100010"/>
						<SP ID="P3_SP00520" HPOS="1089" VPOS="3224" WIDTH="30"/>
						<String ID="word000538" HPOS="1119" VPOS="3158" WIDTH="41" HEIGHT="34" CONTENT="of" WC="1.00" CC="00"/>
						<SP ID="P3_SP00521" HPOS="1160" VPOS="3224" WIDTH="28"/>
						<String ID="word000539" HPOS="1188" VPOS="3157" WIDTH="175" HEIGHT="35" CONTENT="WALES," WC="0.50" CC="745551"/>
						<SP ID="P3_SP00522" HPOS="1363" VPOS="3224" WIDTH="28"/>
						<String ID="word000540" HPOS="1391" VPOS="3149" WIDTH="54" HEIGHT="34" CONTENT="his" WC="1.00" CC="000"/>
						<SP ID="P3_SP00523" HPOS="1446" VPOS="3224" WIDTH="19"/>
						<String ID="word000541" HPOS="1465" VPOS="3144" WIDTH="163" HEIGHT="45" CONTENT="magnani" SUBS_TYPE="HypPart1" SUBS_CONTENT="magnanimous" WC="0.88" CC="3301200"/>
						<HYP HPOS="1628" VPOS="3144" WIDTH="22" CONTENT="-"/>
					</TextLine>
					<TextLine ID="P3_TL00055" HPOS="313" VPOS="3198" WIDTH="1335" HEIGHT="80">
						<String ID="word000542" HPOS="313" VPOS="3252" WIDTH="107" HEIGHT="26" CONTENT="mous" SUBS_TYPE="HypPart2" SUBS_CONTENT="magnanimous" WC="0.89" CC="3010"/>
						<SP ID="P3_SP00524" HPOS="420" VPOS="3278" WIDTH="25"/>
						<String ID="word000543" HPOS="445" VPOS="3239" WIDTH="235" HEIGHT="35" CONTENT="indifference" WC="0.82" CC="320133101311"/>
						<SP ID="P3_SP00525" HPOS="680" VPOS="3278" WIDTH="27"/>
						<String ID="word000544" HPOS="707" VPOS="3236" WIDTH="43" HEIGHT="28" CONTENT="to" WC="0.94" CC="10"/>
						<SP ID="P3_SP00526" HPOS="750" VPOS="3278" WIDTH="22"/>
						<String ID="word000545" HPOS="772" VPOS="3227" WIDTH="56" HEIGHT="34" CONTENT="his" WC="0.96" CC="001"/>
						<SP ID="P3_SP00527" HPOS="828" VPOS="3278" WIDTH="25"/>
						<String ID="word000546" HPOS="853" VPOS="3222" WIDTH="156" HEIGHT="35" CONTENT="enemies" WC="1.00" CC="0000000"/>
						<SP ID="P3_SP00528" HPOS="1009" VPOS="3278" WIDTH="25"/>
						<String ID="word000547" HPOS="1033" VPOS="3219" WIDTH="168" HEIGHT="33" CONTENT="deserves" WC="0.47" CC="36555554"/>
						<SP ID="P3_SP00529" HPOS="1201" VPOS="3278" WIDTH="28"/>
						<String ID="word000548" HPOS="1230" VPOS="3219" WIDTH="38" HEIGHT="26" CONTENT="to" WC="0.61" CC="34"/>
						<SP ID="P3_SP00530" HPOS="1267" VPOS="3278" WIDTH="31"/>
						<String ID="word000549" HPOS="1298" VPOS="3210" WIDTH="45" HEIGHT="33" CONTENT="be" WC="0.50" CC="54"/>
						<SP ID="P3_SP00531" HPOS="1343" VPOS="3278" WIDTH="31"/>
						<String ID="word000550" HPOS="1374" VPOS="3198" WIDTH="274" HEIGHT="47" CONTENT="distinguished." WC="0.56" CC="33333373336663"/>
						<SP ID="P3_SP00532" HPOS="1648" VPOS="3278" WIDTH="0"/>
					</TextLine>
					<TextLine ID="P3_TL00056" HPOS="318" VPOS="3256" WIDTH="1335" HEIGHT="80">
						<String ID="word000551" HPOS="318" VPOS="3299" WIDTH="118" HEIGHT="37" CONTENT="Often" WC="0.98" CC="00010"/>
						<SP ID="P3_SP00533" HPOS="436" VPOS="3335" WIDTH="15"/>
						<String ID="word000552" HPOS="451" VPOS="3306" WIDTH="40" HEIGHT="24" CONTENT="as" WC="0.94" CC="01"/>
						<SP ID="P3_SP00534" HPOS="491" VPOS="3335" WIDTH="19"/>
						<String ID="word000553" HPOS="510" VPOS="3295" WIDTH="47" HEIGHT="32" CONTENT="he" WC="1.00" CC="00"/>
						<SP ID="P3_SP00535" HPOS="557" VPOS="3335" WIDTH="14"/>
						<String ID="word000554" HPOS="572" VPOS="3293" WIDTH="31" HEIGHT="33" CONTENT="is" WC="1.00" CC="00"/>
						<SP ID="P3_SP00536" HPOS="602" VPOS="3335" WIDTH="15"/>
						<String ID="word000555" HPOS="618" VPOS="3286" WIDTH="162" HEIGHT="39" CONTENT="assailed" WC="0.99" CC="00010000"/>
						<SP ID="P3_SP00537" HPOS="780" VPOS="3335" WIDTH="18"/>
						<String ID="word000556" HPOS="797" VPOS="3282" WIDTH="70" HEIGHT="35" CONTENT="and" WC="1.00" CC="000"/>
						<SP ID="P3_SP00538" HPOS="867" VPOS="3335" WIDTH="20"/>
						<String ID="word000557" HPOS="887" VPOS="3274" WIDTH="209" HEIGHT="40" CONTENT="threatened" WC="0.81" CC="2111111135"/>
						<SP ID="P3_SP00539" HPOS="1096" VPOS="3335" WIDTH="14"/>
						<String ID="word000558" HPOS="1110" VPOS="3270" WIDTH="69" HEIGHT="35" CONTENT="and" WC="0.74" CC="511"/>
						<SP ID="P3_SP00540" HPOS="1179" VPOS="3335" WIDTH="18"/>
						<String ID="word000559" HPOS="1196" VPOS="3265" WIDTH="170" HEIGHT="40" CONTENT="libelled," WC="0.84" CC="000015520"/>
						<SP ID="P3_SP00541" HPOS="1367" VPOS="3335" WIDTH="17"/>
						<String ID="word000560" HPOS="1383" VPOS="3270" WIDTH="110" HEIGHT="26" CONTENT="never" WC="0.98" CC="01000"/>
						<SP ID="P3_SP00542" HPOS="1493" VPOS="3335" WIDTH="18"/>
						<String ID="word000561" HPOS="1511" VPOS="3259" WIDTH="85" HEIGHT="32" CONTENT="does" WC="0.89" CC="0400"/>
						<SP ID="P3_SP00543" HPOS="1596" VPOS="3335" WIDTH="13"/>
						<String ID="word000562" HPOS="1609" VPOS="3256" WIDTH="44" HEIGHT="33" CONTENT="he" WC="0.94" CC="01"/>
						<SP ID="P3_SP00544" HPOS="1652" VPOS="3335" WIDTH="0"/>
					</TextLine>
					<TextLine ID="P3_TL00057" HPOS="319" VPOS="3313" WIDTH="1337" HEIGHT="80">
						<String ID="word000563" HPOS="319" VPOS="3351" WIDTH="244" HEIGHT="41" CONTENT="condescend," WC="0.99" CC="10000000000"/>
						<SP ID="P3_SP00545" HPOS="563" VPOS="3392" WIDTH="28"/>
						<String ID="word000564" HPOS="592" VPOS="3348" WIDTH="48" HEIGHT="44" CONTENT="by" WC="1.00" CC="00"/>
						<SP ID="P3_SP00546" HPOS="640" VPOS="3392" WIDTH="21"/>
						<String ID="word000565" HPOS="661" VPOS="3343" WIDTH="155" HEIGHT="50" CONTENT="penally" WC="0.98" CC="0010000"/>
						<SP ID="P3_SP00547" HPOS="816" VPOS="3392" WIDTH="20"/>
						<String ID="word000566" HPOS="836" VPOS="3337" WIDTH="146" HEIGHT="41" CONTENT="visiting;" WC="0.84" CC="030200026"/>
						<SP ID="P3_SP00548" HPOS="983" VPOS="3392" WIDTH="32"/>
						<String ID="word000567" HPOS="1015" VPOS="3333" WIDTH="57" HEIGHT="33" CONTENT="his" WC="1.00" CC="000"/>
						<SP ID="P3_SP00549" HPOS="1071" VPOS="3392" WIDTH="31"/>
						<String ID="word000568" HPOS="1102" VPOS="3324" WIDTH="241" HEIGHT="39" CONTENT="adversaries," WC="0.99" CC="000000000100"/>
						<SP ID="P3_SP00550" HPOS="1343" VPOS="3392" WIDTH="27"/>
						<String ID="word000569" HPOS="1370" VPOS="3328" WIDTH="38" HEIGHT="25" CONTENT="to" WC="1.00" CC="00"/>
						<SP ID="P3_SP00551" HPOS="1408" VPOS="3392" WIDTH="18"/>
						<String ID="word000570" HPOS="1426" VPOS="3319" WIDTH="118" HEIGHT="33" CONTENT="lower" WC="0.98" CC="10000"/>
						<SP ID="P3_SP00552" HPOS="1544" VPOS="3392" WIDTH="20"/>
						<String ID="word000571" HPOS="1564" VPOS="3313" WIDTH="70" HEIGHT="33" CONTENT="him" SUBS_TYPE="HypPart1" SUBS_CONTENT="himself" WC="0.97" CC="010"/>
						<HYP HPOS="1633" VPOS="3313" WIDTH="22" CONTENT="-"/>
					</TextLine>
					<TextLine ID="P3_TL00058" HPOS="317" VPOS="3376" WIDTH="1342" HEIGHT="72">
						<String ID="word000572" HPOS="317" VPOS="3412" WIDTH="78" HEIGHT="35" CONTENT="self" SUBS_TYPE="HypPart2" SUBS_CONTENT="himself" WC="0.92" CC="1110"/>
						<SP ID="P3_SP00553" HPOS="394" VPOS="3448" WIDTH="28"/>
						<String ID="word000573" HPOS="423" VPOS="3416" WIDTH="39" HEIGHT="30" CONTENT="to" WC="1.00" CC="00"/>
						<SP ID="P3_SP00554" HPOS="462" VPOS="3448" WIDTH="19"/>
						<String ID="word000574" HPOS="481" VPOS="3407" WIDTH="100" HEIGHT="37" CONTENT="their" WC="1.00" CC="00000"/>
						<SP ID="P3_SP00555" HPOS="581" VPOS="3448" WIDTH="28"/>
						<String ID="word000575" HPOS="609" VPOS="3403" WIDTH="111" HEIGHT="38" CONTENT="level," WC="0.98" CC="000010" STYLEREFS="TXT_2"/>
						<SP ID="P3_SP00556" HPOS="720" VPOS="3448" WIDTH="28"/>
						<String ID="word000576" HPOS="749" VPOS="3398" WIDTH="71" HEIGHT="37" CONTENT="and" WC="1.00" CC="000"/>
						<SP ID="P3_SP00557" HPOS="820" VPOS="3448" WIDTH="20"/>
						<String ID="word000577" HPOS="840" VPOS="3397" WIDTH="81" HEIGHT="44" CONTENT="give" WC="0.97" CC="1000"/>
						<SP ID="P3_SP00558" HPOS="921" VPOS="3448" WIDTH="17"/>
						<String ID="word000578" HPOS="938" VPOS="3393" WIDTH="106" HEIGHT="33" CONTENT="effect" WC="0.74" CC="144131"/>
						<SP ID="P3_SP00559" HPOS="1044" VPOS="3448" WIDTH="21"/>
						<String ID="word000579" HPOS="1065" VPOS="3394" WIDTH="35" HEIGHT="27" CONTENT="to" WC="1.00" CC="00"/>
						<SP ID="P3_SP00560" HPOS="1101" VPOS="3448" WIDTH="20"/>
						<String ID="word000580" HPOS="1121" VPOS="3387" WIDTH="60" HEIGHT="33" CONTENT="the" WC="0.96" CC="001"/>
						<SP ID="P3_SP00561" HPOS="1181" VPOS="3448" WIDTH="17"/>
						<String ID="word000581" HPOS="1198" VPOS="3380" WIDTH="169" HEIGHT="37" CONTENT="effusions" WC="0.69" CC="115342333"/>
						<SP ID="P3_SP00562" HPOS="1367" VPOS="3448" WIDTH="31"/>
						<String ID="word000582" HPOS="1397" VPOS="3376" WIDTH="44" HEIGHT="33" CONTENT="of" WC="1.00" CC="00"/>
						<SP ID="P3_SP00563" HPOS="1441" VPOS="3448" WIDTH="24"/>
						<String ID="word000583" HPOS="1465" VPOS="3376" WIDTH="194" HEIGHT="41" CONTENT="ignorance" WC="0.96" CC="000012000"/>
						<SP ID="P3_SP00564" HPOS="1658" VPOS="3448" WIDTH="0"/>
					</TextLine>
					<TextLine ID="P3_TL00059" HPOS="320" VPOS="3429" WIDTH="1338" HEIGHT="77">
						<String ID="word000584" HPOS="320" VPOS="3481" WIDTH="46" HEIGHT="25" CONTENT="or" WC="1.00" CC="00"/>
						<SP ID="P3_SP00565" HPOS="366" VPOS="3506" WIDTH="17"/>
						<String ID="word000585" HPOS="383" VPOS="3464" WIDTH="266" HEIGHT="39" CONTENT="malevolence." WC="0.94" CC="010000100005"/>
						<SP ID="P3_SP00566" HPOS="648" VPOS="3506" WIDTH="56"/>
						<String ID="word000586" HPOS="704" VPOS="3459" WIDTH="61" HEIGHT="33" CONTENT="He" WC="0.61" CC="70"/>
						<SP ID="P3_SP00567" HPOS="765" VPOS="3506" WIDTH="18"/>
						<String ID="word000587" HPOS="783" VPOS="3454" WIDTH="119" HEIGHT="47" CONTENT="justly" WC="0.89" CC="031011"/>
						<SP ID="P3_SP00568" HPOS="902" VPOS="3506" WIDTH="20"/>
						<String ID="word000588" HPOS="922" VPOS="3448" WIDTH="162" HEIGHT="35" CONTENT="disdains" WC="0.65" CC="33303346"/>
						<SP ID="P3_SP00569" HPOS="1084" VPOS="3506" WIDTH="14"/>
						<String ID="word000589" HPOS="1098" VPOS="3450" WIDTH="9" HEIGHT="28" CONTENT="t" WC="0.44" CC="5"/>
						<String ID="word000590" HPOS="1117" VPOS="3444" WIDTH="19" HEIGHT="33" CONTENT="k" WC="0.33" CC="6" STYLEREFS="TXT_3"/>
						<SP ID="P3_SP00570" HPOS="1136" VPOS="3506" WIDTH="44"/>
						<String ID="word000591" HPOS="1180" VPOS="3445" WIDTH="105" HEIGHT="40" CONTENT="petty" WC="1.00" CC="00000"/>
						<SP ID="P3_SP00571" HPOS="1285" VPOS="3506" WIDTH="22"/>
						<String ID="word000592" HPOS="1307" VPOS="3432" WIDTH="162" HEIGHT="37" CONTENT="warfare" WC="0.97" CC="0001100"/>
						<SP ID="P3_SP00572" HPOS="1469" VPOS="3506" WIDTH="19"/>
						<String ID="word000593" HPOS="1488" VPOS="3429" WIDTH="41" HEIGHT="33" CONTENT="of" WC="1.00" CC="00"/>
						<SP ID="P3_SP00573" HPOS="1530" VPOS="3506" WIDTH="13"/>
						<String ID="word000594" HPOS="1543" VPOS="3436" WIDTH="93" HEIGHT="25" CONTENT="news" SUBS_TYPE="HypPart1" SUBS_CONTENT="newswriters" WC="0.94" CC="0002"/>
						<HYP HPOS="1636" VPOS="3436" WIDTH="22" CONTENT="-"/>
					</TextLine>
					<TextLine ID="P3_TL00060" HPOS="321" VPOS="3481" WIDTH="1337" HEIGHT="84">
						<String ID="word000595" HPOS="321" VPOS="3526" WIDTH="151" HEIGHT="37" CONTENT="writers" SUBS_TYPE="HypPart2" SUBS_CONTENT="newswriters" WC="0.63" CC="5555111"/>
						<SP ID="P3_SP00574" HPOS="472" VPOS="3562" WIDTH="15"/>
						<String ID="word000596" HPOS="488" VPOS="3520" WIDTH="73" HEIGHT="35" CONTENT="and" WC="0.96" CC="100"/>
						<SP ID="P3_SP00575" HPOS="561" VPOS="3562" WIDTH="20"/>
						<String ID="word000597" HPOS="581" VPOS="3515" WIDTH="292" HEIGHT="50" CONTENT="pamphleteers." WC="0.78" CC="0130244113133"/>
						<SP ID="P3_SP00576" HPOS="873" VPOS="3565" WIDTH="53"/>
						<String ID="word000598" HPOS="926" VPOS="3506" WIDTH="60" HEIGHT="34" CONTENT="Ile" WC="0.67" CC="450"/>
						<SP ID="P3_SP00577" HPOS="986" VPOS="3565" WIDTH="32"/>
						<String ID="word000599" HPOS="1018" VPOS="3498" WIDTH="178" HEIGHT="51" CONTENT="properly" WC="0.96" CC="10110000"/>
						<SP ID="P3_SP00578" HPOS="1196" VPOS="3565" WIDTH="21"/>
						<String ID="word000600" HPOS="1218" VPOS="3491" WIDTH="237" HEIGHT="48" CONTENT="appreciates" WC="0.98" CC="00001100000"/>
						<SP ID="P3_SP00579" HPOS="1455" VPOS="3565" WIDTH="28"/>
						<String ID="word000601" HPOS="1483" VPOS="3481" WIDTH="150" HEIGHT="38" CONTENT="himself" WC="0.97" CC="0000002"/>
						<SP ID="P3_SP00580" HPOS="1633" VPOS="3565" WIDTH="13"/>
						<String ID="word000602" HPOS="1646" VPOS="3493" WIDTH="12" HEIGHT="28" CONTENT=";" WC="0.78" CC="2"/>
						<SP ID="P3_SP00581" HPOS="1658" VPOS="3565" WIDTH="0"/>
					</TextLine>
					<TextLine ID="P3_TL00061" HPOS="318" VPOS="3537" WIDTH="1343" HEIGHT="86">
						<String ID="word000603" HPOS="318" VPOS="3578" WIDTH="187" HEIGHT="45" CONTENT="'knowing" WC="0.96" CC="10010001"/>
						<SP ID="P3_SP00582" HPOS="504" VPOS="3622" WIDTH="17"/>
						<String ID="word000604" HPOS="521" VPOS="3575" WIDTH="98" HEIGHT="37" CONTENT="tkat," WC="0.53" CC="57333"/>
						<SP ID="P3_SP00583" HPOS="619" VPOS="3622" WIDTH="30"/>
						<String ID="word000605" HPOS="648" VPOS="3572" WIDTH="105" HEIGHT="35" CONTENT="when" WC="1.00" CC="0000"/>
						<SP ID="P3_SP00584" HPOS="754" VPOS="3622" WIDTH="19"/>
						<String ID="word000606" HPOS="772" VPOS="3568" WIDTH="279" HEIGHT="35" CONTENT="circumstances" WC="0.96" CC="0000020011010"/>
						<SP ID="P3_SP00585" HPOS="1051" VPOS="3622" WIDTH="19"/>
						<String ID="word000607" HPOS="1070" VPOS="3556" WIDTH="94" HEIGHT="34" CONTENT="shall" WC="0.91" CC="13000"/>
						<SP ID="P3_SP00586" HPOS="1165" VPOS="3622" WIDTH="28"/>
						<String ID="word000608" HPOS="1193" VPOS="3561" WIDTH="96" HEIGHT="35" CONTENT="open" WC="1.00" CC="0000"/>
						<SP ID="P3_SP00587" HPOS="1289" VPOS="3622" WIDTH="34"/>
						<String ID="word000609" HPOS="1323" VPOS="3553" WIDTH="37" HEIGHT="28" CONTENT="to" WC="0.94" CC="01"/>
						<SP ID="P3_SP00588" HPOS="1359" VPOS="3622" WIDTH="38"/>
						<String ID="word000610" HPOS="1397" VPOS="3544" WIDTH="77" HEIGHT="33" CONTENT="him" WC="0.96" CC="100"/>
						<SP ID="P3_SP00589" HPOS="1474" VPOS="3622" WIDTH="28"/>
						<String ID="word000611" HPOS="1502" VPOS="3541" WIDTH="59" HEIGHT="32" CONTENT="the" WC="1.00" CC="000"/>
						<SP ID="P3_SP00590" HPOS="1561" VPOS="3622" WIDTH="26"/>
						<String ID="word000612" HPOS="1587" VPOS="3537" WIDTH="73" HEIGHT="33" CONTENT="fair" WC="0.97" CC="0100"/>
						<SP ID="P3_SP00591" HPOS="1661" VPOS="3622" WIDTH="0"/>
					</TextLine>
					<TextLine ID="P3_TL00062" HPOS="326" VPOS="3594" WIDTH="1339" HEIGHT="83">
						<String ID="word000613" HPOS="326" VPOS="3646" WIDTH="131" HEIGHT="30" CONTENT="career" WC="1.00" CC="000000"/>
						<SP ID="P3_SP00592" HPOS="457" VPOS="3676" WIDTH="14"/>
						<String ID="word000614" HPOS="471" VPOS="3633" WIDTH="44" HEIGHT="35" CONTENT="of" WC="1.00" CC="00"/>
						<SP ID="P3_SP00593" HPOS="515" VPOS="3676" WIDTH="20"/>
						<String ID="word000615" HPOS="535" VPOS="3632" WIDTH="124" HEIGHT="45" CONTENT="glory," WC="1.00" CC="000000"/>
						<SP ID="P3_SP00594" HPOS="659" VPOS="3677" WIDTH="27"/>
						<String ID="word000616" HPOS="686" VPOS="3630" WIDTH="30" HEIGHT="32" CONTENT="it" WC="1.00" CC="00"/>
						<SP ID="P3_SP00595" HPOS="716" VPOS="3677" WIDTH="33"/>
						<String ID="word000617" HPOS="749" VPOS="3625" WIDTH="83" HEIGHT="37" CONTENT="will" WC="0.72" CC="3115"/>
						<SP ID="P3_SP00596" HPOS="831" VPOS="3677" WIDTH="33"/>
						<String ID="word000618" HPOS="865" VPOS="3622" WIDTH="44" HEIGHT="33" CONTENT="be" WC="0.94" CC="10"/>
						<SP ID="P3_SP00597" HPOS="908" VPOS="3677" WIDTH="31"/>
						<String ID="word000619" HPOS="939" VPOS="3619" WIDTH="59" HEIGHT="34" CONTENT="for" WC="0.96" CC="010"/>
						<SP ID="P3_SP00598" HPOS="998" VPOS="3677" WIDTH="35"/>
						<String ID="word000620" HPOS="1033" VPOS="3615" WIDTH="56" HEIGHT="33" CONTENT="his" WC="0.67" CC="324"/>
						<SP ID="P3_SP00599" HPOS="1089" VPOS="3677" WIDTH="32"/>
						<String ID="word000621" HPOS="1121" VPOS="3608" WIDTH="187" HEIGHT="37" CONTENT="evertions" WC="0.62" CC="333335335"/>
						<SP ID="P3_SP00600" HPOS="1307" VPOS="3677" WIDTH="30"/>
						<String ID="word000622" HPOS="1337" VPOS="3609" WIDTH="35" HEIGHT="28" CONTENT="to" WC="0.89" CC="02"/>
						<SP ID="P3_SP00601" HPOS="1372" VPOS="3677" WIDTH="19"/>
						<String ID="word000623" HPOS="1391" VPOS="3596" WIDTH="183" HEIGHT="39" CONTENT="confound" WC="0.69" CC="33433330"/>
						<SP ID="P3_SP00602" HPOS="1574" VPOS="3677" WIDTH="33"/>
						<String ID="word000624" HPOS="1607" VPOS="3594" WIDTH="58" HEIGHT="34" CONTENT="his" WC="0.96" CC="001"/>
						<SP ID="P3_SP00603" HPOS="1665" VPOS="3677" WIDTH="0"/>
					</TextLine>
					<TextLine ID="P3_TL00063" HPOS="331" VPOS="3691" WIDTH="296" HEIGHT="40">
						<String ID="word000625" HPOS="331" VPOS="3691" WIDTH="296" HEIGHT="40" CONTENT="calumniators." WC="0.84" CC="1121003203132"/>
						<SP ID="P3_SP00604" HPOS="627" VPOS="3731" WIDTH="0"/>
					</TextLine>
					<TextLine ID="P3_TL00064" HPOS="381" VPOS="3704" WIDTH="1286" HEIGHT="89">
						<String ID="word000626" HPOS="381" VPOS="3751" WIDTH="72" HEIGHT="35" CONTENT="His" WC="0.56" CC="552"/>
						<SP ID="P3_SP00605" HPOS="454" VPOS="3787" WIDTH="33"/>
						<String ID="word000627" HPOS="487" VPOS="3746" WIDTH="125" HEIGHT="46" CONTENT="Royal" WC="0.98" CC="00100"/>
						<SP ID="P3_SP00606" HPOS="612" VPOS="3793" WIDTH="35"/>
						<String ID="word000628" HPOS="647" VPOS="3741" WIDTH="187" HEIGHT="45" CONTENT="Highness" WC="0.93" CC="40010000"/>
						<SP ID="P3_SP00607" HPOS="834" VPOS="3793" WIDTH="26"/>
						<String ID="word000629" HPOS="860" VPOS="3735" WIDTH="63" HEIGHT="34" CONTENT="has" WC="1.00" CC="000"/>
						<SP ID="P3_SP00608" HPOS="922" VPOS="3793" WIDTH="28"/>
						<String ID="word000630" HPOS="951" VPOS="3726" WIDTH="89" HEIGHT="48" CONTENT="freqn" WC="0.44" CC="33358"/>
						<String ID="word000631" HPOS="1039" VPOS="3726" WIDTH="18" HEIGHT="48" CONTENT="," STYLE="superscript" WC="0.44" CC="8"/>
						<String ID="word000632" HPOS="1057" VPOS="3726" WIDTH="107" HEIGHT="48" CONTENT="..ntly" WC="0.44" CC="883353"/>
						<SP ID="P3_SP00609" HPOS="1165" VPOS="3793" WIDTH="19"/>
						<String ID="word000633" HPOS="1183" VPOS="3717" WIDTH="167" HEIGHT="40" CONTENT="received" WC="0.64" CC="35333333"/>
						<SP ID="P3_SP00610" HPOS="1350" VPOS="3793" WIDTH="20"/>
						<String ID="word000634" HPOS="1370" VPOS="3715" WIDTH="61" HEIGHT="35" CONTENT="the" WC="0.78" CC="123"/>
						<SP ID="P3_SP00611" HPOS="1431" VPOS="3793" WIDTH="14"/>
						<String ID="word000635" HPOS="1446" VPOS="3713" WIDTH="157" HEIGHT="40" CONTENT="homage" WC="0.85" CC="212111"/>
						<SP ID="P3_SP00612" HPOS="1603" VPOS="3793" WIDTH="27"/>
						<String ID="word000636" HPOS="1630" VPOS="3704" WIDTH="37" HEIGHT="37" CONTENT="of" WC="0.94" CC="10"/>
						<SP ID="P3_SP00613" HPOS="1667" VPOS="3793" WIDTH="0"/>
					</TextLine>
					<TextLine ID="P3_TL00065" HPOS="334" VPOS="3762" WIDTH="1333" HEIGHT="84">
						<String ID="word000637" HPOS="334" VPOS="3810" WIDTH="135" HEIGHT="35" CONTENT="talents" WC="0.95" CC="0100002"/>
						<SP ID="P3_SP00614" HPOS="469" VPOS="3846" WIDTH="14"/>
						<String ID="word000638" HPOS="483" VPOS="3819" WIDTH="12" HEIGHT="27" CONTENT=";" WC="0.89" CC="1"/>
						<SP ID="P3_SP00615" HPOS="495" VPOS="3846" WIDTH="28"/>
						<String ID="word000639" HPOS="523" VPOS="3804" WIDTH="90" HEIGHT="40" CONTENT="and," WC="0.94" CC="1010"/>
						<SP ID="P3_SP00616" HPOS="613" VPOS="3846" WIDTH="27"/>
						<String ID="word000640" HPOS="640" VPOS="3802" WIDTH="35" HEIGHT="33" CONTENT="in" WC="0.89" CC="11"/>
						<SP ID="P3_SP00617" HPOS="676" VPOS="3846" WIDTH="33"/>
						<String ID="word000641" HPOS="709" VPOS="3804" WIDTH="145" HEIGHT="32" CONTENT="return," WC="0.98" CC="0100000"/>
						<SP ID="P3_SP00618" HPOS="854" VPOS="3846" WIDTH="28"/>
						<String ID="word000642" HPOS="882" VPOS="3793" WIDTH="41" HEIGHT="33" CONTENT="he" WC="0.94" CC="10"/>
						<SP ID="P3_SP00619" HPOS="924" VPOS="3846" WIDTH="20"/>
						<String ID="word000643" HPOS="944" VPOS="3790" WIDTH="64" HEIGHT="33" CONTENT="has" WC="1.00" CC="000"/>
						<SP ID="P3_SP00620" HPOS="1007" VPOS="3846" WIDTH="22"/>
						<String ID="word000644" HPOS="1030" VPOS="3785" WIDTH="122" HEIGHT="34" CONTENT="sheen" WC="0.84" CC="00151"/>
						<SP ID="P3_SP00621" HPOS="1152" VPOS="3846" WIDTH="20"/>
						<String ID="word000645" HPOS="1172" VPOS="3775" WIDTH="151" HEIGHT="38" CONTENT="himself" WC="0.97" CC="0000200"/>
						<SP ID="P3_SP00622" HPOS="1323" VPOS="3846" WIDTH="19"/>
						<String ID="word000646" HPOS="1342" VPOS="3769" WIDTH="156" HEIGHT="39" CONTENT="entitled" WC="0.47" CC="45545546"/>
						<SP ID="P3_SP00623" HPOS="1498" VPOS="3846" WIDTH="19"/>
						<String ID="word000647" HPOS="1517" VPOS="3776" WIDTH="38" HEIGHT="24" CONTENT="to" WC="1.00" CC="00"/>
						<SP ID="P3_SP00624" HPOS="1554" VPOS="3846" WIDTH="27"/>
						<String ID="word000648" HPOS="1581" VPOS="3762" WIDTH="85" HEIGHT="37" CONTENT="such" WC="1.00" CC="0000"/>
						<SP ID="P3_SP00625" HPOS="1667" VPOS="3846" WIDTH="0"/>
					</TextLine>
					<TextLine ID="P3_TL00066" HPOS="334" VPOS="3824" WIDTH="1333" HEIGHT="80">
						<String ID="word000649" HPOS="334" VPOS="3865" WIDTH="239" HEIGHT="39" CONTENT="distinction," WC="0.93" CC="110110000310"/>
						<SP ID="P3_SP00626" HPOS="573" VPOS="3904" WIDTH="43"/>
						<String ID="word000650" HPOS="615" VPOS="3860" WIDTH="48" HEIGHT="44" CONTENT="by" WC="1.00" CC="00"/>
						<SP ID="P3_SP00627" HPOS="664" VPOS="3904" WIDTH="35"/>
						<String ID="word000651" HPOS="699" VPOS="3856" WIDTH="60" HEIGHT="34" CONTENT="his" WC="1.00" CC="000"/>
						<SP ID="P3_SP00628" HPOS="759" VPOS="3904" WIDTH="39"/>
						<String ID="word000652" HPOS="798" VPOS="3849" WIDTH="213" HEIGHT="38" CONTENT="munificent" WC="0.77" CC="3131513130"/>
						<SP ID="P3_SP00629" HPOS="1011" VPOS="3904" WIDTH="47"/>
						<String ID="word000653" HPOS="1058" VPOS="3844" WIDTH="203" HEIGHT="45" CONTENT="patronage" WC="1.00" CC="000000000"/>
						<SP ID="P3_SP00630" HPOS="1261" VPOS="3904" WIDTH="43"/>
						<String ID="word000654" HPOS="1304" VPOS="3831" WIDTH="43" HEIGHT="33" CONTENT="of" WC="1.00" CC="00"/>
						<SP ID="P3_SP00631" HPOS="1346" VPOS="3904" WIDTH="39"/>
						<String ID="word000655" HPOS="1385" VPOS="3829" WIDTH="60" HEIGHT="33" CONTENT="the" WC="0.96" CC="001"/>
						<SP ID="P3_SP00632" HPOS="1446" VPOS="3904" WIDTH="53"/>
						<String ID="word000656" HPOS="1499" VPOS="3824" WIDTH="168" HEIGHT="40" CONTENT="Literary" WC="0.94" CC="00011002"/>
						<SP ID="P3_SP00633" HPOS="1667" VPOS="3904" WIDTH="0"/>
					</TextLine>
				</TextBlock>
				<TextBlock ID="pa0003004" HPOS="340" VPOS="3920" WIDTH="1288" HEIGHT="276" STYLEREFS="TXT_1 PAR_LEFT">
					<TextLine ID="P3_TL00067" HPOS="340" VPOS="3922" WIDTH="191" HEIGHT="38">
						<String ID="word000657" HPOS="340" VPOS="3922" WIDTH="107" HEIGHT="38" CONTENT="Fund" WC="0.78" CC="3014"/>
						<SP ID="P3_SP00634" HPOS="448" VPOS="3960" WIDTH="20"/>
						<String ID="word000658" HPOS="468" VPOS="3930" WIDTH="63" HEIGHT="22" CONTENT=":" WC="0.67" CC="3"/>
					</TextLine>
					<TextLine ID="P3_TL00068" HPOS="483" VPOS="3934" WIDTH="936" HEIGHT="69">
						<String ID="word000659" HPOS="483" VPOS="3965" WIDTH="94" HEIGHT="37" CONTENT="See!" WC="0.92" CC="3000"/>
						<SP ID="P3_SP00635" HPOS="578" VPOS="4002" WIDTH="28"/>
						<String ID="word000660" HPOS="606" VPOS="3964" WIDTH="77" HEIGHT="34" CONTENT="first" WC="0.95" CC="00110"/>
						<SP ID="P3_SP00636" HPOS="683" VPOS="4002" WIDTH="22"/>
						<String ID="word000661" HPOS="705" VPOS="3959" WIDTH="74" HEIGHT="35" CONTENT="and" WC="0.93" CC="101"/>
						<SP ID="P3_SP00637" HPOS="780" VPOS="4002" WIDTH="18"/>
						<String ID="word000662" HPOS="797" VPOS="3956" WIDTH="174" HEIGHT="47" CONTENT="greatest," WC="0.81" CC="001001337"/>
						<SP ID="P3_SP00638" HPOS="971" VPOS="4003" WIDTH="30"/>
						<String ID="word000663" HPOS="1000" VPOS="3950" WIDTH="34" HEIGHT="33" CONTENT="in" WC="0.78" CC="13"/>
						<SP ID="P3_SP00639" HPOS="1035" VPOS="4003" WIDTH="20"/>
						<String ID="word000664" HPOS="1055" VPOS="3956" WIDTH="69" HEIGHT="25" CONTENT="our" WC="0.96" CC="010"/>
						<SP ID="P3_SP00640" HPOS="1123" VPOS="4003" WIDTH="17"/>
						<String ID="word000665" HPOS="1140" VPOS="3938" WIDTH="148" HEIGHT="39" CONTENT="records" WC="1.00" CC="0000000"/>
						<SP ID="P3_SP00641" HPOS="1287" VPOS="4003" WIDTH="14"/>
						<String ID="word000666" HPOS="1302" VPOS="3934" WIDTH="117" HEIGHT="39" CONTENT=",hive," WC="0.67" CC="711531"/>
						<SP ID="P3_SP00642" HPOS="1419" VPOS="4003" WIDTH="0"/>
					</TextLine>
					<TextLine ID="P3_TL00069" HPOS="489" VPOS="3979" WIDTH="1003" HEIGHT="79">
						<String ID="word000667" HPOS="489" VPOS="4016" WIDTH="85" HEIGHT="35" CONTENT="The" WC="0.96" CC="001"/>
						<SP ID="P3_SP00643" HPOS="574" VPOS="4051" WIDTH="19"/>
						<String ID="word000668" HPOS="593" VPOS="4011" WIDTH="170" HEIGHT="47" CONTENT="princely" WC="0.92" CC="10210110"/>
						<SP ID="P3_SP00644" HPOS="763" VPOS="4058" WIDTH="22"/>
						<String ID="word000669" HPOS="785" VPOS="4005" WIDTH="79" HEIGHT="34" CONTENT="heir" WC="0.97" CC="0001"/>
						<SP ID="P3_SP00645" HPOS="865" VPOS="4058" WIDTH="18"/>
						<String ID="word000670" HPOS="882" VPOS="4002" WIDTH="41" HEIGHT="33" CONTENT="of" WC="1.00" CC="00"/>
						<SP ID="P3_SP00646" HPOS="924" VPOS="4058" WIDTH="28"/>
						<String ID="word000671" HPOS="952" VPOS="3987" WIDTH="300" HEIGHT="46" CONTENT="BRUNSWICK'S" WC="0.43" CC="65544565646"/>
						<SP ID="P3_SP00647" HPOS="1252" VPOS="4058" WIDTH="28"/>
						<String ID="word000672" HPOS="1280" VPOS="3983" WIDTH="118" HEIGHT="37" CONTENT="(Oval" WC="0.33" CC="76746"/>
						<SP ID="P3_SP00648" HPOS="1398" VPOS="4058" WIDTH="21"/>
						<String ID="word000673" HPOS="1420" VPOS="3979" WIDTH="72" HEIGHT="34" CONTENT="tine" WC="1.00" CC="0000"/>
						<SP ID="P3_SP00649" HPOS="1492" VPOS="4058" WIDTH="0"/>
					</TextLine>
					<TextLine ID="P3_TL00070" HPOS="491" VPOS="4028" WIDTH="996" HEIGHT="78">
						<String ID="word000674" HPOS="491" VPOS="4063" WIDTH="85" HEIGHT="35" CONTENT="Awl" WC="0.78" CC="132"/>
						<SP ID="P3_SP00650" HPOS="576" VPOS="4098" WIDTH="14"/>
						<String ID="word000675" HPOS="591" VPOS="4057" WIDTH="163" HEIGHT="48" CONTENT="grateful" WC="0.96" CC="10010001" STYLEREFS="TXT_3"/>
						<SP ID="P3_SP00651" HPOS="754" VPOS="4106" WIDTH="19"/>
						<String ID="word000676" HPOS="772" VPOS="4054" WIDTH="139" HEIGHT="33" CONTENT="science" WC="0.97" CC="0100001"/>
						<SP ID="P3_SP00652" HPOS="912" VPOS="4106" WIDTH="17"/>
						<String ID="word000677" HPOS="928" VPOS="4046" WIDTH="110" HEIGHT="38" CONTENT="hails," WC="0.80" CC="231311"/>
						<SP ID="P3_SP00653" HPOS="1038" VPOS="4106" WIDTH="28"/>
						<String ID="word000678" HPOS="1067" VPOS="4041" WIDTH="91" HEIGHT="35" CONTENT="with" WC="0.53" CC="6362"/>
						<SP ID="P3_SP00654" HPOS="1157" VPOS="4106" WIDTH="24"/>
						<String ID="word000679" HPOS="1181" VPOS="4033" WIDTH="118" HEIGHT="47" CONTENT="proud" WC="0.67" CC="32352"/>
						<SP ID="P3_SP00655" HPOS="1299" VPOS="4106" WIDTH="15"/>
						<String ID="word000680" HPOS="1315" VPOS="4028" WIDTH="172" HEIGHT="39" CONTENT="acclaim," WC="0.93" CC="10101011"/>
						<SP ID="P3_SP00656" HPOS="1487" VPOS="4106" WIDTH="0"/>
					</TextLine>
					<TextLine ID="P3_TL00071" HPOS="485" VPOS="4088" WIDTH="905" HEIGHT="67">
						<String ID="word000681" HPOS="485" VPOS="4110" WIDTH="85" HEIGHT="37" CONTENT="The" WC="0.85" CC="220"/>
						<SP ID="P3_SP00657" HPOS="570" VPOS="4147" WIDTH="19"/>
						<String ID="word000682" HPOS="589" VPOS="4102" WIDTH="191" HEIGHT="53" CONTENT="patrJn..uf" WC="0.50" CC="3335754753"/>
						<SP ID="P3_SP00658" HPOS="781" VPOS="4155" WIDTH="24"/>
						<String ID="word000683" HPOS="804" VPOS="4101" WIDTH="64" HEIGHT="34" CONTENT="her" WC="0.89" CC="300"/>
						<SP ID="P3_SP00659" HPOS="868" VPOS="4155" WIDTH="14"/>
						<String ID="word000684" HPOS="882" VPOS="4107" WIDTH="78" HEIGHT="25" CONTENT="sons" WC="0.81" CC="3211"/>
						<SP ID="P3_SP00660" HPOS="960" VPOS="4155" WIDTH="20"/>
						<String ID="word000685" HPOS="980" VPOS="4095" WIDTH="34" HEIGHT="32" CONTENT="in" WC="0.61" CC="16"/>
						<SP ID="P3_SP00661" HPOS="1015" VPOS="4155" WIDTH="20"/>
						<String ID="word000686" HPOS="1035" VPOS="4093" WIDTH="87" HEIGHT="33" CONTENT="Uco" WC="0.26" CC="767"/>
						<SP ID="P3_SP00662" HPOS="1122" VPOS="4155" WIDTH="12"/>
						<String ID="word000687" HPOS="1134" VPOS="4096" WIDTH="54" HEIGHT="24" CONTENT="RG" WC="0.39" CC="56"/>
						<SP ID="P3_SP00663" HPOS="1188" VPOS="4155" WIDTH="86"/>
						<String ID="word000688" HPOS="1274" VPOS="4088" WIDTH="116" HEIGHT="26" CONTENT="MUIR!." WC="0.19" CC="887885"/>
						<SP ID="P3_SP00664" HPOS="1390" VPOS="4155" WIDTH="0"/>
					</TextLine>
					<TextLine ID="P3_TL00072" HPOS="1032" VPOS="4129" WIDTH="596" HEIGHT="67">
						<String ID="word000689" HPOS="1032" VPOS="4146" WIDTH="106" HEIGHT="50" CONTENT="Pyc's" WC="0.53" CC="35553" STYLEREFS="TXT_2"/>
						<SP ID="P3_SP00665" HPOS="1139" VPOS="4195" WIDTH="15"/>
						<String ID="word000690" HPOS="1154" VPOS="4146" WIDTH="105" HEIGHT="41" CONTENT="Lines" WC="0.78" CC="11111" STYLEREFS="TXT_2"/>
						<String ID="word000691" HPOS="1259" VPOS="4146" WIDTH="21" HEIGHT="41" CONTENT=")" STYLE="subscript" WC="0.78" CC="7" STYLEREFS="TXT_2"/>
						<SP ID="P3_SP00666" HPOS="1280" VPOS="4195" WIDTH="27"/>
						<String ID="word000692" HPOS="1307" VPOS="4139" WIDTH="116" HEIGHT="45" CONTENT="April" WC="0.71" CC="32233" STYLEREFS="TXT_2"/>
						<SP ID="P3_SP00667" HPOS="1423" VPOS="4195" WIDTH="14"/>
						<String ID="word000693" HPOS="1437" VPOS="4136" WIDTH="59" HEIGHT="41" CONTENT="IS," WC="0.37" CC="773" STYLEREFS="TXT_2"/>
						<SP ID="P3_SP00668" HPOS="1496" VPOS="4195" WIDTH="26"/>
						<String ID="word000694" HPOS="1522" VPOS="4129" WIDTH="105" HEIGHT="38" CONTENT="1807." WC="0.89" CC="13010"/>
						<SP ID="P3_SP00669" HPOS="1628" VPOS="4195" WIDTH="0"/>
					</TextLine>
				</TextBlock>
				<TextBlock ID="pa0003005" HPOS="0" VPOS="0" WIDTH="155" HEIGHT="54" STYLEREFS="TXT_0 PAR_LEFT">
					<TextLine ID="P3_TL00073" HPOS="0" VPOS="0" WIDTH="155" HEIGHT="54">
						<String ID="word000695" HPOS="0" VPOS="0" WIDTH="155" HEIGHT="54" CONTENT="gm" WC="0.78" CC="22"/>
						<SP ID="P3_SP00670" HPOS="155" VPOS="54" WIDTH="0"/>
					</TextLine>
				</TextBlock>
				<TextBlock ID="pa0003006" HPOS="1124" VPOS="64" WIDTH="953" HEIGHT="50" STYLEREFS="TXT_1 PAR_LEFT">
					<TextLine ID="P3_TL00074" HPOS="1124" VPOS="64" WIDTH="953" HEIGHT="50">
						<String ID="word000696" HPOS="1124" VPOS="76" WIDTH="161" HEIGHT="38" CONTENT="THIS'" WC="0.40" CC="65655"/>
						<SP ID="P3_SP00671" HPOS="1285" VPOS="113" WIDTH="19"/>
						<String ID="word000697" HPOS="1304" VPOS="76" WIDTH="43" HEIGHT="37" CONTENT="IN" WC="0.39" CC="56"/>
						<SP ID="P3_SP00672" HPOS="1346" VPOS="113" WIDTH="64"/>
						<String ID="word000698" HPOS="1410" VPOS="69" WIDTH="21" HEIGHT="44" CONTENT="1" WC="0.26" CC="7"/>
						<String ID="word000699" HPOS="1431" VPOS="69" WIDTH="21" HEIGHT="44" CONTENT="1" STYLE="superscript" WC="0.26" CC="8"/>
						<String ID="word000700" HPOS="1453" VPOS="69" WIDTH="224" HEIGHT="44" CONTENT="1111111'.3" WC="0.26" CC="8776667666"/>
						<SP ID="P3_SP00673" HPOS="1677" VPOS="113" WIDTH="31"/>
						<String ID="word000701" HPOS="1708" VPOS="64" WIDTH="369" HEIGHT="46" CONTENT="irißriltelTlßß" WC="0.23" CC="78856678887784"/>
						<SP ID="P3_SP00674" HPOS="2076" VPOS="113" WIDTH="0"/>
					</TextLine>
				</TextBlock>
				<TextBlock ID="pa0003007" HPOS="2864" VPOS="35" WIDTH="83" HEIGHT="65" STYLEREFS="TXT_0 PAR_RIGHT">
					<TextLine ID="P3_TL00075" HPOS="2867" VPOS="37" WIDTH="80" HEIGHT="63">
						<String ID="word000702" HPOS="2867" VPOS="37" WIDTH="80" HEIGHT="63" CONTENT="IQI" WC="0.33" CC="738"/>
						<SP ID="P3_SP00675" HPOS="2947" VPOS="99" WIDTH="0"/>
					</TextLine>
				</TextBlock>
				<TextBlock ID="pa0003008" HPOS="1633" VPOS="185" WIDTH="1352" HEIGHT="2035" STYLEREFS="TXT_1 PAR_BLOCK">
					<TextLine ID="P3_TL00076" HPOS="1635" VPOS="185" WIDTH="1312" HEIGHT="60">
						<String ID="word000703" HPOS="1635" VPOS="202" WIDTH="115" HEIGHT="43" CONTENT="Here," WC="0.91" CC="40000"/>
						<SP ID="P3_SP00676" HPOS="1749" VPOS="244" WIDTH="24"/>
						<String ID="word000704" HPOS="1773" VPOS="211" WIDTH="38" HEIGHT="25" CONTENT="as" WC="1.00" CC="00"/>
						<SP ID="P3_SP00677" HPOS="1811" VPOS="244" WIDTH="31"/>
						<String ID="word000705" HPOS="1841" VPOS="202" WIDTH="53" HEIGHT="34" CONTENT="his" WC="1.00" CC="000"/>
						<SP ID="P3_SP00678" HPOS="1894" VPOS="244" WIDTH="26"/>
						<String ID="word000706" HPOS="1920" VPOS="201" WIDTH="120" HEIGHT="44" CONTENT="Royal" WC="0.95" CC="01001"/>
						<SP ID="P3_SP00679" HPOS="2041" VPOS="244" WIDTH="21"/>
						<String ID="word000707" HPOS="2062" VPOS="200" WIDTH="180" HEIGHT="45" CONTENT="Highness" WC="0.90" CC="40100110"/>
						<SP ID="P3_SP00680" HPOS="2242" VPOS="244" WIDTH="25"/>
						<String ID="word000708" HPOS="2267" VPOS="196" WIDTH="195" HEIGHT="40" CONTENT="observed," WC="0.95" CC="030000100"/>
						<SP ID="P3_SP00681" HPOS="2461" VPOS="244" WIDTH="27"/>
						<String ID="word000709" HPOS="2489" VPOS="193" WIDTH="106" HEIGHT="35" CONTENT="when" WC="1.00" CC="0000"/>
						<SP ID="P3_SP00682" HPOS="2595" VPOS="244" WIDTH="18"/>
						<String ID="word000710" HPOS="2613" VPOS="188" WIDTH="125" HEIGHT="44" CONTENT="vainly" WC="0.89" CC="013101"/>
						<SP ID="P3_SP00683" HPOS="2738" VPOS="244" WIDTH="19"/>
						<String ID="word000711" HPOS="2757" VPOS="185" WIDTH="190" HEIGHT="41" CONTENT="soliciting" WC="0.95" CC="0010100101"/>
						<SP ID="P3_SP00684" HPOS="2947" VPOS="244" WIDTH="0"/>
					</TextLine>
					<TextLine ID="P3_TL00077" HPOS="1633" VPOS="249" WIDTH="1314" HEIGHT="55">
						<String ID="word000712" HPOS="1633" VPOS="259" WIDTH="162" HEIGHT="45" CONTENT="military" WC="0.96" CC="01100100"/>
						<SP ID="P3_SP00685" HPOS="1795" VPOS="304" WIDTH="32"/>
						<String ID="word000713" HPOS="1827" VPOS="257" WIDTH="210" HEIGHT="46" CONTENT="promotion" WC="0.95" CC="000030001"/>
						<SP ID="P3_SP00686" HPOS="2037" VPOS="304" WIDTH="32"/>
						<String ID="word000714" HPOS="2069" VPOS="253" WIDTH="132" HEIGHT="45" CONTENT="among" WC="0.71" CC="25222"/>
						<SP ID="P3_SP00687" HPOS="2202" VPOS="304" WIDTH="43"/>
						<String ID="word000715" HPOS="2244" VPOS="253" WIDTH="54" HEIGHT="34" CONTENT="his" WC="1.00" CC="000"/>
						<SP ID="P3_SP00688" HPOS="2298" VPOS="304" WIDTH="25"/>
						<String ID="word000716" HPOS="2323" VPOS="257" WIDTH="253" HEIGHT="33" CONTENT="conntrvruen," WC="0.53" CC="336333577353"/>
						<SP ID="P3_SP00689" HPOS="2576" VPOS="304" WIDTH="41"/>
						<String ID="word000717" HPOS="2617" VPOS="256" WIDTH="96" HEIGHT="25" CONTENT="were" WC="0.97" CC="1000"/>
						<SP ID="P3_SP00690" HPOS="2713" VPOS="304" WIDTH="37"/>
						<String ID="word000718" HPOS="2750" VPOS="254" WIDTH="90" HEIGHT="24" CONTENT="soon" WC="0.97" CC="0010"/>
						<SP ID="P3_SP00691" HPOS="2839" VPOS="304" WIDTH="27"/>
						<String ID="word000719" HPOS="2867" VPOS="249" WIDTH="80" HEIGHT="28" CONTENT="seep" WC="0.83" CC="1023"/>
						<SP ID="P3_SP00692" HPOS="2947" VPOS="304" WIDTH="0"/>
					</TextLine>
					<TextLine ID="P3_TL00078" HPOS="1635" VPOS="300" WIDTH="1315" HEIGHT="61">
						<String ID="word000720" HPOS="1635" VPOS="320" WIDTH="26" HEIGHT="18" CONTENT='"' WC="0.44" CC="5"/>
						<SP ID="P3_SP00693" HPOS="1661" VPOS="338" WIDTH="31"/>
						<String ID="word000721" HPOS="1691" VPOS="318" WIDTH="99" HEIGHT="33" CONTENT="those" WC="0.82" CC="11231"/>
						<SP ID="P3_SP00694" HPOS="1791" VPOS="351" WIDTH="22"/>
						<String ID="word000722" HPOS="1813" VPOS="318" WIDTH="219" HEIGHT="43" CONTENT="advantages" WC="0.99" CC="0000100000"/>
						<SP ID="P3_SP00695" HPOS="2031" VPOS="360" WIDTH="27"/>
						<String ID="word000723" HPOS="2059" VPOS="314" WIDTH="122" HEIGHT="34" CONTENT="which" WC="0.93" CC="10110"/>
						<SP ID="P3_SP00696" HPOS="2180" VPOS="360" WIDTH="21"/>
						<String ID="word000724" HPOS="2202" VPOS="313" WIDTH="56" HEIGHT="33" CONTENT="his" WC="1.00" CC="000"/>
						<SP ID="P3_SP00697" HPOS="2257" VPOS="360" WIDTH="30"/>
						<String ID="word000725" HPOS="2287" VPOS="312" WIDTH="172" HEIGHT="44" CONTENT="example" WC="0.97" CC="0010010"/>
						<SP ID="P3_SP00698" HPOS="2459" VPOS="360" WIDTH="30"/>
						<String ID="word000726" HPOS="2489" VPOS="308" WIDTH="117" HEIGHT="45" CONTENT="might" WC="0.95" CC="20000"/>
						<SP ID="P3_SP00699" HPOS="2606" VPOS="360" WIDTH="18"/>
						<String ID="word000727" HPOS="2623" VPOS="306" WIDTH="164" HEIGHT="45" CONTENT="produce" WC="0.95" CC="0010002"/>
						<SP ID="P3_SP00700" HPOS="2787" VPOS="360" WIDTH="13"/>
						<String ID="word000728" HPOS="2800" VPOS="300" WIDTH="40" HEIGHT="35" CONTENT=':"' WC="0.83" CC="21"/>
						<SP ID="P3_SP00701" HPOS="2841" VPOS="360" WIDTH="33"/>
						<String ID="word000729" HPOS="2874" VPOS="300" WIDTH="76" HEIGHT="38" CONTENT="far," WC="0.92" CC="0111"/>
						<SP ID="P3_SP00702" HPOS="2949" VPOS="360" WIDTH="0"/>
					</TextLine>
					<TextLine ID="P3_TL00079" HPOS="1633" VPOS="356" WIDTH="1317" HEIGHT="61">
						<String ID="word000730" HPOS="1633" VPOS="373" WIDTH="28" HEIGHT="18" CONTENT='"' WC="0.44" CC="5"/>
						<SP ID="P3_SP00703" HPOS="1662" VPOS="391" WIDTH="28"/>
						<String ID="word000731" HPOS="1690" VPOS="373" WIDTH="61" HEIGHT="34" CONTENT="the" WC="0.96" CC="001"/>
						<SP ID="P3_SP00704" HPOS="1752" VPOS="407" WIDTH="18"/>
						<String ID="word000732" HPOS="1769" VPOS="372" WIDTH="161" HEIGHT="35" CONTENT="Prince's" WC="0.99" CC="00010000"/>
						<SP ID="P3_SP00705" HPOS="1930" VPOS="407" WIDTH="28"/>
						<String ID="word000733" HPOS="1958" VPOS="371" WIDTH="240" HEIGHT="46" CONTENT='patronage,"' WC="0.96" CC="01000010011"/>
						<SP ID="P3_SP00706" HPOS="2198" VPOS="417" WIDTH="25"/>
						<String ID="word000734" HPOS="2223" VPOS="381" WIDTH="80" HEIGHT="33" CONTENT="says" WC="0.92" CC="0120"/>
						<SP ID="P3_SP00707" HPOS="2303" VPOS="417" WIDTH="18"/>
						<String ID="word000735" HPOS="2321" VPOS="371" WIDTH="63" HEIGHT="33" CONTENT="the" WC="0.96" CC="001"/>
						<SP ID="P3_SP00708" HPOS="2383" VPOS="417" WIDTH="17"/>
						<String ID="word000736" HPOS="2400" VPOS="371" WIDTH="154" HEIGHT="31" CONTENT="account" WC="0.97" CC="0100010"/>
						<SP ID="P3_SP00709" HPOS="2554" VPOS="417" WIDTH="14"/>
						<String ID="word000737" HPOS="2568" VPOS="363" WIDTH="44" HEIGHT="33" CONTENT="of" WC="1.00" CC="00"/>
						<SP ID="P3_SP00710" HPOS="2611" VPOS="417" WIDTH="27"/>
						<String ID="word000738" HPOS="2639" VPOS="361" WIDTH="64" HEIGHT="33" CONTENT="the" WC="0.89" CC="030"/>
						<SP ID="P3_SP00711" HPOS="2702" VPOS="417" WIDTH="19"/>
						<String ID="word000739" HPOS="2721" VPOS="356" WIDTH="229" HEIGHT="39" CONTENT="Institution," WC="0.81" CC="132111103331"/>
						<SP ID="P3_SP00712" HPOS="2950" VPOS="417" WIDTH="0"/>
					</TextLine>
					<TextLine ID="P3_TL00080" HPOS="1635" VPOS="416" WIDTH="1318" HEIGHT="52">
						<String ID="word000740" HPOS="1635" VPOS="430" WIDTH="27" HEIGHT="18" CONTENT='"' WC="0.44" CC="5"/>
						<SP ID="P3_SP00713" HPOS="1662" VPOS="448" WIDTH="27"/>
						<String ID="word000741" HPOS="1689" VPOS="429" WIDTH="98" HEIGHT="34" CONTENT="drew" WC="0.97" CC="0001"/>
						<SP ID="P3_SP00714" HPOS="1787" VPOS="463" WIDTH="32"/>
						<String ID="word000742" HPOS="1819" VPOS="429" WIDTH="63" HEIGHT="39" CONTENT="the" WC="0.96" CC="010"/>
						<SP ID="P3_SP00715" HPOS="1881" VPOS="468" WIDTH="30"/>
						<String ID="word000743" HPOS="1911" VPOS="428" WIDTH="180" HEIGHT="34" CONTENT="attention" WC="1.00" CC="000000000"/>
						<SP ID="P3_SP00716" HPOS="2091" VPOS="468" WIDTH="19"/>
						<String ID="word000744" HPOS="2109" VPOS="428" WIDTH="45" HEIGHT="34" CONTENT="of" WC="1.00" CC="00"/>
						<SP ID="P3_SP00717" HPOS="2154" VPOS="468" WIDTH="21"/>
						<String ID="word000745" HPOS="2176" VPOS="428" WIDTH="58" HEIGHT="34" CONTENT="Sir" WC="0.96" CC="001"/>
						<SP ID="P3_SP00718" HPOS="2233" VPOS="468" WIDTH="19"/>
						<String ID="word000746" HPOS="2252" VPOS="429" WIDTH="185" HEIGHT="32" CONTENT="TIiOSIAS" WC="0.42" CC="37838544"/>
						<SP ID="P3_SP00719" HPOS="2438" VPOS="468" WIDTH="28"/>
						<String ID="word000747" HPOS="2466" VPOS="422" WIDTH="215" HEIGHT="34" CONTENT="NEWTON," WC="0.92" CC="0120011"/>
						<SP ID="P3_SP00720" HPOS="2681" VPOS="468" WIDTH="28"/>
						<String ID="word000748" HPOS="2709" VPOS="416" WIDTH="87" HEIGHT="44" CONTENT="Esq." WC="0.86" CC="0311"/>
						<SP ID="P3_SP00721" HPOS="2797" VPOS="468" WIDTH="21"/>
						<String ID="word000749" HPOS="2818" VPOS="420" WIDTH="112" HEIGHT="34" CONTENT="repre" SUBS_TYPE="HypPart1" SUBS_CONTENT="representative" WC="0.96" CC="01100"/>
						<HYP HPOS="2930" VPOS="420" WIDTH="22" CONTENT="-"/>
					</TextLine>
					<TextLine ID="P3_TL00081" HPOS="1633" VPOS="468" WIDTH="1318" HEIGHT="54">
						<String ID="word000750" HPOS="1633" VPOS="485" WIDTH="175" HEIGHT="33" CONTENT="sentative" SUBS_TYPE="HypPart2" SUBS_CONTENT="representative" WC="0.97" CC="010010000"/>
						<SP ID="P3_SP00722" HPOS="1808" VPOS="519" WIDTH="15"/>
						<String ID="word000751" HPOS="1824" VPOS="485" WIDTH="44" HEIGHT="33" CONTENT="of" WC="1.00" CC="00"/>
						<SP ID="P3_SP00723" HPOS="1867" VPOS="519" WIDTH="21"/>
						<String ID="word000752" HPOS="1889" VPOS="485" WIDTH="59" HEIGHT="33" CONTENT="Sir" WC="1.00" CC="000"/>
						<SP ID="P3_SP00724" HPOS="1948" VPOS="519" WIDTH="22"/>
						<String ID="word000753" HPOS="1970" VPOS="485" WIDTH="37" HEIGHT="33" CONTENT="Is" WC="0.56" CC="35"/>
						<SP ID="P3_SP00725" HPOS="2007" VPOS="519" WIDTH="11"/>
						<String ID="word000754" HPOS="2017" VPOS="493" WIDTH="77" HEIGHT="26" CONTENT="Asc" WC="0.41" CC="583"/>
						<SP ID="P3_SP00726" HPOS="2094" VPOS="519" WIDTH="30"/>
						<String ID="word000755" HPOS="2124" VPOS="483" WIDTH="191" HEIGHT="34" CONTENT="NEWTON" WC="0.83" CC="033030"/>
						<SP ID="P3_SP00727" HPOS="2315" VPOS="519" WIDTH="22"/>
						<String ID="word000756" HPOS="2337" VPOS="494" WIDTH="11" HEIGHT="28" CONTENT=";" WC="1.00" CC="0"/>
						<SP ID="P3_SP00728" HPOS="2348" VPOS="522" WIDTH="17"/>
						<String ID="word000757" HPOS="2365" VPOS="481" WIDTH="61" HEIGHT="33" CONTENT="the" WC="1.00" CC="000"/>
						<SP ID="P3_SP00729" HPOS="2426" VPOS="522" WIDTH="25"/>
						<String ID="word000758" HPOS="2451" VPOS="483" WIDTH="103" HEIGHT="39" CONTENT="great" WC="0.98" CC="01000"/>
						<SP ID="P3_SP00730" HPOS="2554" VPOS="522" WIDTH="19"/>
						<String ID="word000759" HPOS="2572" VPOS="469" WIDTH="260" HEIGHT="50" CONTENT="philosopher," WC="0.98" CC="000010000001"/>
						<SP ID="P3_SP00731" HPOS="2832" VPOS="522" WIDTH="28"/>
						<String ID="word000760" HPOS="2861" VPOS="468" WIDTH="69" HEIGHT="32" CONTENT="hav" SUBS_TYPE="HypPart1" SUBS_CONTENT="having" WC="0.81" CC="003"/>
						<HYP HPOS="2929" VPOS="468" WIDTH="22" CONTENT="-"/>
					</TextLine>
					<TextLine ID="P3_TL00082" HPOS="1638" VPOS="521" WIDTH="1314" HEIGHT="64">
						<String ID="word000761" HPOS="1638" VPOS="543" WIDTH="60" HEIGHT="41" CONTENT="ing" SUBS_TYPE="HypPart2" SUBS_CONTENT="having" WC="0.67" CC="450"/>
						<SP ID="P3_SP00732" HPOS="1698" VPOS="585" WIDTH="24"/>
						<String ID="word000762" HPOS="1722" VPOS="552" WIDTH="44" HEIGHT="25" CONTENT="no" WC="1.00" CC="00"/>
						<SP ID="P3_SP00733" HPOS="1766" VPOS="585" WIDTH="31"/>
						<String ID="word000763" HPOS="1796" VPOS="542" WIDTH="242" HEIGHT="34" CONTENT="descendants." WC="0.94" CC="030000110010"/>
						<SP ID="P3_SP00734" HPOS="2039" VPOS="585" WIDTH="51"/>
						<String ID="word000764" HPOS="2089" VPOS="540" WIDTH="51" HEIGHT="33" CONTENT="At" WC="1.00" CC="00"/>
						<SP ID="P3_SP00735" HPOS="2140" VPOS="585" WIDTH="30"/>
						<String ID="word000765" HPOS="2170" VPOS="540" WIDTH="63" HEIGHT="33" CONTENT="the" WC="0.96" CC="001"/>
						<SP ID="P3_SP00736" HPOS="2232" VPOS="585" WIDTH="15"/>
						<String ID="word000766" HPOS="2248" VPOS="550" WIDTH="65" HEIGHT="32" CONTENT="age" WC="1.00" CC="000"/>
						<SP ID="P3_SP00737" HPOS="2313" VPOS="585" WIDTH="21"/>
						<String ID="word000767" HPOS="2334" VPOS="537" WIDTH="44" HEIGHT="33" CONTENT="of" WC="0.83" CC="12"/>
						<SP ID="P3_SP00738" HPOS="2378" VPOS="585" WIDTH="19"/>
						<String ID="word000768" HPOS="2396" VPOS="531" WIDTH="224" HEIGHT="46" CONTENT="eighty-six," WC="0.80" CC="13511330021"/>
						<SP ID="P3_SP00739" HPOS="2621" VPOS="585" WIDTH="28"/>
						<String ID="word000769" HPOS="2649" VPOS="528" WIDTH="44" HEIGHT="34" CONTENT="he" WC="1.00" CC="00"/>
						<SP ID="P3_SP00740" HPOS="2693" VPOS="585" WIDTH="30"/>
						<String ID="word000770" HPOS="2722" VPOS="521" WIDTH="229" HEIGHT="40" CONTENT="exclaimed," WC="0.98" CC="0001100000"/>
						<SP ID="P3_SP00741" HPOS="2952" VPOS="585" WIDTH="0"/>
					</TextLine>
					<TextLine ID="P3_TL00083" HPOS="1641" VPOS="581" WIDTH="1313" HEIGHT="57">
						<String ID="word000771" HPOS="1641" VPOS="599" WIDTH="90" HEIGHT="33" CONTENT="with" WC="1.00" CC="0000"/>
						<SP ID="P3_SP00742" HPOS="1730" VPOS="632" WIDTH="15"/>
						<String ID="word000772" HPOS="1746" VPOS="599" WIDTH="231" HEIGHT="39" CONTENT="enthusiasm," WC="0.96" CC="00000001030"/>
						<SP ID="P3_SP00743" HPOS="1977" VPOS="638" WIDTH="54"/>
						<String ID="word000773" HPOS="2031" VPOS="596" WIDTH="91" HEIGHT="33" CONTENT="This" WC="0.92" CC="2001"/>
						<SP ID="P3_SP00744" HPOS="2122" VPOS="638" WIDTH="18"/>
						<String ID="word000774" HPOS="2140" VPOS="596" WIDTH="28" HEIGHT="33" CONTENT="is" WC="1.00" CC="00"/>
						<SP ID="P3_SP00745" HPOS="2169" VPOS="638" WIDTH="18"/>
						<String ID="word000775" HPOS="2186" VPOS="595" WIDTH="61" HEIGHT="34" CONTENT="the" WC="1.00" CC="000"/>
						<SP ID="P3_SP00746" HPOS="2248" VPOS="638" WIDTH="32"/>
						<String ID="word000776" HPOS="2280" VPOS="591" WIDTH="213" HEIGHT="38" CONTENT="Institution" WC="0.90" CC="32301010000"/>
						<SP ID="P3_SP00747" HPOS="2492" VPOS="638" WIDTH="28"/>
						<String ID="word000777" HPOS="2520" VPOS="587" WIDTH="58" HEIGHT="34" CONTENT="for" WC="0.96" CC="001"/>
						<SP ID="P3_SP00748" HPOS="2578" VPOS="638" WIDTH="33"/>
						<String ID="word000778" HPOS="2611" VPOS="585" WIDTH="60" HEIGHT="33" CONTENT="the" WC="1.00" CC="000"/>
						<SP ID="P3_SP00749" HPOS="2672" VPOS="638" WIDTH="32"/>
						<String ID="word000779" HPOS="2704" VPOS="581" WIDTH="228" HEIGHT="45" CONTENT="Representa" SUBS_TYPE="HypPart1" SUBS_CONTENT="Representative" WC="0.98" CC="0000010010"/>
						<HYP HPOS="2931" VPOS="581" WIDTH="22" CONTENT="-"/>
					</TextLine>
					<TextLine ID="P3_TL00084" HPOS="1639" VPOS="634" WIDTH="1315" HEIGHT="60">
						<String ID="word000780" HPOS="1639" VPOS="656" WIDTH="76" HEIGHT="33" CONTENT="tive" SUBS_TYPE="HypPart2" SUBS_CONTENT="Representative" WC="1.00" CC="0000"/>
						<SP ID="P3_SP00750" HPOS="1715" VPOS="689" WIDTH="17"/>
						<String ID="word000781" HPOS="1731" VPOS="656" WIDTH="43" HEIGHT="33" CONTENT="of" WC="1.00" CC="00"/>
						<SP ID="P3_SP00751" HPOS="1774" VPOS="689" WIDTH="19"/>
						<String ID="word000782" HPOS="1793" VPOS="656" WIDTH="190" HEIGHT="33" CONTENT="NEWTON" WC="0.91" CC="100112"/>
						<SP ID="P3_SP00752" HPOS="1983" VPOS="689" WIDTH="21"/>
						<String ID="word000783" HPOS="2004" VPOS="653" WIDTH="24" HEIGHT="33" CONTENT="!'" WC="0.67" CC="33"/>
						<SP ID="P3_SP00753" HPOS="2028" VPOS="689" WIDTH="22"/>
						<String ID="word000784" HPOS="2050" VPOS="650" WIDTH="72" HEIGHT="37" CONTENT="and" WC="0.93" CC="110"/>
						<SP ID="P3_SP00754" HPOS="2122" VPOS="689" WIDTH="18"/>
						<String ID="word000785" HPOS="2140" VPOS="652" WIDTH="46" HEIGHT="33" CONTENT="he" WC="1.00" CC="00"/>
						<SP ID="P3_SP00755" HPOS="2186" VPOS="689" WIDTH="15"/>
						<String ID="word000786" HPOS="2202" VPOS="648" WIDTH="228" HEIGHT="46" CONTENT="bequeathed" WC="0.95" CC="0011000002"/>
						<SP ID="P3_SP00756" HPOS="2430" VPOS="694" WIDTH="15"/>
						<String ID="word000787" HPOS="2445" VPOS="646" WIDTH="54" HEIGHT="33" CONTENT="his" WC="0.96" CC="100"/>
						<SP ID="P3_SP00757" HPOS="2499" VPOS="694" WIDTH="15"/>
						<String ID="word000788" HPOS="2515" VPOS="643" WIDTH="181" HEIGHT="45" CONTENT="property" WC="0.94" CC="10111000"/>
						<SP ID="P3_SP00758" HPOS="2695" VPOS="694" WIDTH="21"/>
						<String ID="word000789" HPOS="2717" VPOS="643" WIDTH="37" HEIGHT="28" CONTENT="to" WC="1.00" CC="00"/>
						<SP ID="P3_SP00759" HPOS="2753" VPOS="694" WIDTH="17"/>
						<String ID="word000790" HPOS="2770" VPOS="635" WIDTH="63" HEIGHT="34" CONTENT="the" WC="0.96" CC="001"/>
						<SP ID="P3_SP00760" HPOS="2832" VPOS="694" WIDTH="21"/>
						<String ID="word000791" HPOS="2854" VPOS="634" WIDTH="80" HEIGHT="34" CONTENT="Lite" SUBS_TYPE="HypPart1" SUBS_CONTENT="Literary" WC="1.00" CC="0000"/>
						<HYP HPOS="2934" VPOS="634" WIDTH="20" CONTENT="-"/>
					</TextLine>
					<TextLine ID="P3_TL00085" HPOS="1642" VPOS="691" WIDTH="1315" HEIGHT="65">
						<String ID="word000792" HPOS="1642" VPOS="722" WIDTH="85" HEIGHT="34" CONTENT="rary" SUBS_TYPE="HypPart2" SUBS_CONTENT="Literary" WC="0.92" CC="3000"/>
						<SP ID="P3_SP00761" HPOS="1727" VPOS="756" WIDTH="21"/>
						<String ID="word000793" HPOS="1748" VPOS="709" WIDTH="143" HEIGHT="37" CONTENT='Fund."' WC="0.94" CC="300000"/>
						<SP ID="P3_SP00762" HPOS="1891" VPOS="756" WIDTH="34"/>
						<String ID="word000794" HPOS="1925" VPOS="709" WIDTH="89" HEIGHT="34" CONTENT="This" WC="0.72" CC="4123"/>
						<SP ID="P3_SP00763" HPOS="2014" VPOS="756" WIDTH="17"/>
						<String ID="word000795" HPOS="2030" VPOS="707" WIDTH="190" HEIGHT="35" CONTENT="extension" WC="0.97" CC="100000100"/>
						<SP ID="P3_SP00764" HPOS="2220" VPOS="756" WIDTH="14"/>
						<String ID="word000796" HPOS="2235" VPOS="706" WIDTH="44" HEIGHT="34" CONTENT="of" WC="1.00" CC="00"/>
						<SP ID="P3_SP00765" HPOS="2278" VPOS="756" WIDTH="26"/>
						<String ID="word000797" HPOS="2304" VPOS="706" WIDTH="54" HEIGHT="32" CONTENT="his" WC="0.81" CC="311"/>
						<SP ID="P3_SP00766" HPOS="2359" VPOS="756" WIDTH="22"/>
						<String ID="word000798" HPOS="2381" VPOS="705" WIDTH="155" HEIGHT="33" CONTENT="ROYAL" WC="0.71" CC="33322"/>
						<SP ID="P3_SP00767" HPOS="2536" VPOS="756" WIDTH="20"/>
						<String ID="word000799" HPOS="2556" VPOS="691" WIDTH="252" HEIGHT="41" CONTENT="HIGHNESS'S" WC="0.71" CC="3535224101"/>
						<SP ID="P3_SP00768" HPOS="2807" VPOS="756" WIDTH="20"/>
						<String ID="word000800" HPOS="2828" VPOS="694" WIDTH="107" HEIGHT="40" CONTENT="patro" SUBS_TYPE="HypPart1" SUBS_CONTENT="patronage" WC="0.94" CC="00003"/>
						<HYP HPOS="2935" VPOS="694" WIDTH="21" CONTENT="-"/>
					</TextLine>
					<TextLine ID="P3_TL00086" HPOS="1641" VPOS="750" WIDTH="1316" HEIGHT="61">
						<String ID="word000801" HPOS="1641" VPOS="778" WIDTH="91" HEIGHT="33" CONTENT="nage" SUBS_TYPE="HypPart2" SUBS_CONTENT="patronage" WC="1.00" CC="0000"/>
						<SP ID="P3_SP00769" HPOS="1731" VPOS="811" WIDTH="18"/>
						<String ID="word000802" HPOS="1749" VPOS="778" WIDTH="70" HEIGHT="22" CONTENT="was" WC="0.96" CC="100"/>
						<SP ID="P3_SP00770" HPOS="1819" VPOS="811" WIDTH="17"/>
						<String ID="word000803" HPOS="1835" VPOS="776" WIDTH="46" HEIGHT="24" CONTENT="no" WC="1.00" CC="00"/>
						<SP ID="P3_SP00771" HPOS="1881" VPOS="811" WIDTH="32"/>
						<String ID="word000804" HPOS="1913" VPOS="767" WIDTH="67" HEIGHT="33" CONTENT="less" WC="0.94" CC="0110"/>
						<SP ID="P3_SP00772" HPOS="1981" VPOS="811" WIDTH="18"/>
						<String ID="word000805" HPOS="1998" VPOS="764" WIDTH="131" HEIGHT="46" CONTENT="politic" WC="0.97" CC="1000100"/>
						<SP ID="P3_SP00773" HPOS="2130" VPOS="811" WIDTH="18"/>
						<String ID="word000806" HPOS="2147" VPOS="764" WIDTH="87" HEIGHT="32" CONTENT="than" WC="1.00" CC="0000"/>
						<SP ID="P3_SP00774" HPOS="2235" VPOS="811" WIDTH="19"/>
						<String ID="word000807" HPOS="2254" VPOS="761" WIDTH="181" HEIGHT="45" CONTENT="princely." WC="0.96" CC="000111000"/>
						<SP ID="P3_SP00775" HPOS="2434" VPOS="811" WIDTH="57"/>
						<String ID="word000808" HPOS="2491" VPOS="755" WIDTH="37" HEIGHT="33" CONTENT="W" WC="0.67" CC="3"/>
						<SP ID="P3_SP00776" HPOS="2528" VPOS="811" WIDTH="13"/>
						<String ID="word000809" HPOS="2541" VPOS="754" WIDTH="78" HEIGHT="33" CONTENT="bile" WC="0.53" CC="7334"/>
						<SP ID="P3_SP00777" HPOS="2619" VPOS="811" WIDTH="26"/>
						<String ID="word000810" HPOS="2644" VPOS="750" WIDTH="125" HEIGHT="34" CONTENT="others" WC="1.00" CC="000000"/>
						<SP ID="P3_SP00778" HPOS="2770" VPOS="811" WIDTH="18"/>
						<String ID="word000811" HPOS="2787" VPOS="756" WIDTH="65" HEIGHT="24" CONTENT="arc" WC="0.81" CC="104"/>
						<SP ID="P3_SP00779" HPOS="2852" VPOS="811" WIDTH="20"/>
						<String ID="word000812" HPOS="2872" VPOS="754" WIDTH="64" HEIGHT="37" CONTENT="per" SUBS_TYPE="HypPart1" SUBS_CONTENT="persecuting" WC="1.00" CC="000"/>
						<HYP HPOS="2936" VPOS="754" WIDTH="20" CONTENT="-"/>
					</TextLine>
					<TextLine ID="P3_TL00087" HPOS="1646" VPOS="801" WIDTH="1304" HEIGHT="66">
						<String ID="word000813" HPOS="1646" VPOS="823" WIDTH="161" HEIGHT="44" CONTENT="secuting" SUBS_TYPE="HypPart2" SUBS_CONTENT="persecuting" WC="0.97" CC="00000110"/>
						<SP ID="P3_SP00780" HPOS="1807" VPOS="867" WIDTH="22"/>
						<String ID="word000814" HPOS="1830" VPOS="823" WIDTH="195" HEIGHT="33" CONTENT="literature" WC="0.97" CC="1000020000"/>
						<SP ID="P3_SP00781" HPOS="2024" VPOS="867" WIDTH="14"/>
						<String ID="word000815" HPOS="2039" VPOS="826" WIDTH="34" HEIGHT="28" CONTENT="in" WC="0.94" CC="10"/>
						<SP ID="P3_SP00782" HPOS="2073" VPOS="867" WIDTH="34"/>
						<String ID="word000816" HPOS="2107" VPOS="821" WIDTH="45" HEIGHT="32" CONTENT="its" WC="1.00" CC="000"/>
						<SP ID="P3_SP00783" HPOS="2152" VPOS="867" WIDTH="34"/>
						<String ID="word000817" HPOS="2186" VPOS="819" WIDTH="214" HEIGHT="45" CONTENT="professors," WC="0.80" CC="00113333033"/>
						<SP ID="P3_SP00784" HPOS="2400" VPOS="867" WIDTH="34"/>
						<String ID="word000818" HPOS="2434" VPOS="814" WIDTH="51" HEIGHT="33" CONTENT="let" WC="0.96" CC="010"/>
						<SP ID="P3_SP00785" HPOS="2485" VPOS="867" WIDTH="19"/>
						<String ID="word000819" HPOS="2504" VPOS="810" WIDTH="92" HEIGHT="40" CONTENT="him," WC="0.97" CC="0010"/>
						<SP ID="P3_SP00786" HPOS="2596" VPOS="867" WIDTH="31"/>
						<String ID="word000820" HPOS="2627" VPOS="808" WIDTH="48" HEIGHT="44" CONTENT="by" WC="1.00" CC="00"/>
						<SP ID="P3_SP00787" HPOS="2675" VPOS="867" WIDTH="20"/>
						<String ID="word000821" HPOS="2695" VPOS="803" WIDTH="177" HEIGHT="41" CONTENT="fostering" WC="0.97" CC="001010000"/>
						<SP ID="P3_SP00788" HPOS="2872" VPOS="867" WIDTH="32"/>
						<String ID="word000822" HPOS="2904" VPOS="801" WIDTH="46" HEIGHT="33" CONTENT="its" WC="0.89" CC="003"/>
						<SP ID="P3_SP00789" HPOS="2950" VPOS="867" WIDTH="0"/>
					</TextLine>
					<TextLine ID="P3_TL00088" HPOS="1643" VPOS="872" WIDTH="817" HEIGHT="52">
						<String ID="word000823" HPOS="1643" VPOS="891" WIDTH="119" HEIGHT="32" CONTENT="cause," WC="0.85" CC="102041"/>
						<SP ID="P3_SP00790" HPOS="1762" VPOS="922" WIDTH="25"/>
						<String ID="word000824" HPOS="1787" VPOS="880" WIDTH="214" HEIGHT="44" CONTENT="generously" WC="0.99" CC="1000000000"/>
						<SP ID="P3_SP00791" HPOS="2001" VPOS="924" WIDTH="18"/>
						<String ID="word000825" HPOS="2019" VPOS="889" WIDTH="24" HEIGHT="20" CONTENT="s:" WC="0.44" CC="46"/>
						<SP ID="P3_SP00792" HPOS="2042" VPOS="924" WIDTH="18"/>
						<String ID="word000826" HPOS="2060" VPOS="887" WIDTH="80" HEIGHT="22" CONTENT="-Lire" WC="0.49" CC="76811"/>
						<SP ID="P3_SP00793" HPOS="2140" VPOS="924" WIDTH="18"/>
						<String ID="word000827" HPOS="2158" VPOS="875" WIDTH="46" HEIGHT="34" CONTENT="its" WC="1.00" CC="000"/>
						<SP ID="P3_SP00794" HPOS="2204" VPOS="924" WIDTH="17"/>
						<String ID="word000828" HPOS="2220" VPOS="872" WIDTH="240" HEIGHT="35" CONTENT="attachment." WC="0.97" CC="10001010000"/>
						<SP ID="P3_SP00795" HPOS="2460" VPOS="924" WIDTH="0"/>
					</TextLine>
					<TextLine ID="P3_TL00089" HPOS="1695" VPOS="913" WIDTH="1262" HEIGHT="63">
						<String ID="word000829" HPOS="1695" VPOS="937" WIDTH="162" HEIGHT="33" CONTENT="Easiness" WC="0.67" CC="34431333"/>
						<SP ID="P3_SP00796" HPOS="1857" VPOS="970" WIDTH="31"/>
						<String ID="word000830" HPOS="1887" VPOS="944" WIDTH="111" HEIGHT="25" CONTENT="seems" WC="0.76" CC="31133"/>
						<SP ID="P3_SP00797" HPOS="1998" VPOS="970" WIDTH="33"/>
						<String ID="word000831" HPOS="2031" VPOS="934" WIDTH="61" HEIGHT="33" CONTENT="time" WC="0.72" CC="0460"/>
						<SP ID="P3_SP00798" HPOS="2093" VPOS="970" WIDTH="30"/>
						<String ID="word000832" HPOS="2122" VPOS="930" WIDTH="183" HEIGHT="46" CONTENT="principal" WC="0.96" CC="100001010"/>
						<SP ID="P3_SP00799" HPOS="2306" VPOS="976" WIDTH="20"/>
						<String ID="word000833" HPOS="2326" VPOS="927" WIDTH="123" HEIGHT="34" CONTENT="defect" WC="0.76" CC="331312"/>
						<SP ID="P3_SP00800" HPOS="2448" VPOS="976" WIDTH="32"/>
						<String ID="word000834" HPOS="2480" VPOS="924" WIDTH="35" HEIGHT="33" CONTENT="in" WC="1.00" CC="00"/>
						<SP ID="P3_SP00801" HPOS="2516" VPOS="976" WIDTH="32"/>
						<String ID="word000835" HPOS="2548" VPOS="921" WIDTH="57" HEIGHT="33" CONTENT="his" WC="0.96" CC="010"/>
						<SP ID="P3_SP00802" HPOS="2604" VPOS="976" WIDTH="21"/>
						<String ID="word000836" HPOS="2626" VPOS="919" WIDTH="94" HEIGHT="33" CONTENT="ROY" WC="1.00" CC="000"/>
						<SP ID="P3_SP00803" HPOS="2720" VPOS="976" WIDTH="11"/>
						<String ID="word000837" HPOS="2731" VPOS="925" WIDTH="24" HEIGHT="25" CONTENT="A" WC="0.78" CC="2"/>
						<SP ID="P3_SP00804" HPOS="2754" VPOS="976" WIDTH="11"/>
						<String ID="word000838" HPOS="2765" VPOS="925" WIDTH="22" HEIGHT="24" CONTENT="L" WC="0.78" CC="2"/>
						<SP ID="P3_SP00805" HPOS="2787" VPOS="976" WIDTH="27"/>
						<String ID="word000839" HPOS="2815" VPOS="913" WIDTH="35" HEIGHT="34" CONTENT="H" WC="0.56" CC="4"/>
						<SP ID="P3_SP00806" HPOS="2850" VPOS="976" WIDTH="11"/>
						<String ID="word000840" HPOS="2861" VPOS="922" WIDTH="96" HEIGHT="25" CONTENT="IGH•" WC="0.33" CC="5865"/>
						<SP ID="P3_SP00807" HPOS="2956" VPOS="976" WIDTH="0"/>
					</TextLine>
					<TextLine ID="P3_TL00090" HPOS="1648" VPOS="969" WIDTH="1313" HEIGHT="58">
						<String ID="word000841" HPOS="1648" VPOS="991" WIDTH="130" HEIGHT="35" CONTENT="NESS'S" WC="0.48" CC="638353"/>
						<SP ID="P3_SP00808" HPOS="1778" VPOS="1026" WIDTH="15"/>
						<String ID="word000842" HPOS="1793" VPOS="993" WIDTH="207" HEIGHT="33" CONTENT="character." WC="0.91" CC="0010510010"/>
						<SP ID="P3_SP00809" HPOS="2000" VPOS="1026" WIDTH="56"/>
						<String ID="word000843" HPOS="2055" VPOS="989" WIDTH="66" HEIGHT="33" CONTENT="His" WC="0.67" CC="441"/>
						<SP ID="P3_SP00810" HPOS="2121" VPOS="1026" WIDTH="21"/>
						<String ID="word000844" HPOS="2143" VPOS="989" WIDTH="133" HEIGHT="32" CONTENT="virtues" WC="1.00" CC="0000000"/>
						<SP ID="P3_SP00811" HPOS="2276" VPOS="1026" WIDTH="17"/>
						<String ID="word000845" HPOS="2293" VPOS="994" WIDTH="64" HEIGHT="24" CONTENT="arc" WC="0.78" CC="105"/>
						<SP ID="P3_SP00812" HPOS="2356" VPOS="1026" WIDTH="22"/>
						<String ID="word000846" HPOS="2379" VPOS="981" WIDTH="54" HEIGHT="33" CONTENT="his" WC="0.96" CC="001"/>
						<SP ID="P3_SP00813" HPOS="2433" VPOS="1026" WIDTH="14"/>
						<String ID="word000847" HPOS="2447" VPOS="989" WIDTH="133" HEIGHT="24" CONTENT="errors." WC="1.00" CC="0000000"/>
						<SP ID="P3_SP00814" HPOS="2581" VPOS="1026" WIDTH="58"/>
						<String ID="word000848" HPOS="2639" VPOS="976" WIDTH="34" HEIGHT="32" CONTENT="It" WC="0.94" CC="10"/>
						<SP ID="P3_SP00815" HPOS="2673" VPOS="1026" WIDTH="20"/>
						<String ID="word000849" HPOS="2693" VPOS="970" WIDTH="122" HEIGHT="38" CONTENT="would" WC="0.67" CC="33333"/>
						<SP ID="P3_SP00816" HPOS="2815" VPOS="1026" WIDTH="20"/>
						<String ID="word000850" HPOS="2835" VPOS="973" WIDTH="63" HEIGHT="30" CONTENT="not" WC="1.00" CC="000"/>
						<SP ID="P3_SP00817" HPOS="2897" VPOS="1026" WIDTH="17"/>
						<String ID="word000851" HPOS="2914" VPOS="969" WIDTH="47" HEIGHT="33" CONTENT="he" WC="0.72" CC="50"/>
						<SP ID="P3_SP00818" HPOS="2961" VPOS="1026" WIDTH="0"/>
					</TextLine>
					<TextLine ID="P3_TL00091" HPOS="1646" VPOS="1024" WIDTH="1316" HEIGHT="63">
						<String ID="word000852" HPOS="1646" VPOS="1049" WIDTH="64" HEIGHT="33" CONTENT="dill" WC="0.64" CC="0076"/>
						<String ID="word000853" HPOS="1710" VPOS="1049" WIDTH="21" HEIGHT="32" CONTENT="-" STYLE="superscript" WC="0.39" CC="6"/>
						<String ID="word000854" HPOS="1731" VPOS="1049" WIDTH="65" HEIGHT="32" CONTENT="16H" WC="0.39" CC="664"/>
						<SP ID="P3_SP00819" HPOS="1796" VPOS="1082" WIDTH="18"/>
						<String ID="word000855" HPOS="1814" VPOS="1054" WIDTH="38" HEIGHT="27" CONTENT="to" WC="1.00" CC="00"/>
						<SP ID="P3_SP00820" HPOS="1852" VPOS="1082" WIDTH="20"/>
						<String ID="word000856" HPOS="1872" VPOS="1048" WIDTH="182" HEIGHT="33" CONTENT="illustrate" WC="0.85" CC="1213100113"/>
						<SP ID="P3_SP00821" HPOS="2054" VPOS="1082" WIDTH="20"/>
						<String ID="word000857" HPOS="2074" VPOS="1044" WIDTH="72" HEIGHT="33" CONTENT="this" WC="1.00" CC="0000"/>
						<SP ID="P3_SP00822" HPOS="2146" VPOS="1082" WIDTH="19"/>
						<String ID="word000858" HPOS="2165" VPOS="1041" WIDTH="161" HEIGHT="46" CONTENT="position" WC="0.76" CC="13321340"/>
						<SP ID="P3_SP00823" HPOS="2326" VPOS="1087" WIDTH="19"/>
						<String ID="word000859" HPOS="2344" VPOS="1041" WIDTH="50" HEIGHT="40" CONTENT="by" WC="1.00" CC="00"/>
						<SP ID="P3_SP00824" HPOS="2394" VPOS="1087" WIDTH="27"/>
						<String ID="word000860" HPOS="2421" VPOS="1036" WIDTH="92" HEIGHT="33" CONTENT="facts" WC="0.93" CC="00003"/>
						<SP ID="P3_SP00825" HPOS="2513" VPOS="1087" WIDTH="15"/>
						<String ID="word000861" HPOS="2529" VPOS="1046" WIDTH="12" HEIGHT="27" CONTENT=";" WC="0.89" CC="1"/>
						<SP ID="P3_SP00826" HPOS="2541" VPOS="1087" WIDTH="33"/>
						<String ID="word000862" HPOS="2574" VPOS="1033" WIDTH="64" HEIGHT="31" CONTENT="but" WC="0.96" CC="100"/>
						<SP ID="P3_SP00827" HPOS="2637" VPOS="1087" WIDTH="20"/>
						<String ID="word000863" HPOS="2657" VPOS="1030" WIDTH="59" HEIGHT="33" CONTENT="the" WC="1.00" CC="000"/>
						<SP ID="P3_SP00828" HPOS="2717" VPOS="1087" WIDTH="19"/>
						<String ID="word000864" HPOS="2735" VPOS="1024" WIDTH="227" HEIGHT="35" CONTENT="elucidation" WC="0.71" CC="23522222432"/>
						<SP ID="P3_SP00829" HPOS="2962" VPOS="1087" WIDTH="0"/>
					</TextLine>
					<TextLine ID="P3_TL00092" HPOS="1651" VPOS="1082" WIDTH="1303" HEIGHT="66">
						<String ID="word000865" HPOS="1651" VPOS="1104" WIDTH="119" HEIGHT="34" CONTENT="would" WC="0.76" CC="33320"/>
						<SP ID="P3_SP00830" HPOS="1770" VPOS="1139" WIDTH="26"/>
						<String ID="word000866" HPOS="1796" VPOS="1113" WIDTH="111" HEIGHT="35" CONTENT="prove" WC="0.98" CC="10000"/>
						<SP ID="P3_SP00831" HPOS="1907" VPOS="1148" WIDTH="19"/>
						<String ID="word000867" HPOS="1926" VPOS="1109" WIDTH="60" HEIGHT="26" CONTENT="too" WC="1.00" CC="000"/>
						<SP ID="P3_SP00832" HPOS="1987" VPOS="1148" WIDTH="22"/>
						<String ID="word000868" HPOS="2009" VPOS="1098" WIDTH="139" HEIGHT="46" CONTENT="painful" WC="0.90" CC="0001230"/>
						<SP ID="P3_SP00833" HPOS="2148" VPOS="1148" WIDTH="35"/>
						<String ID="word000869" HPOS="2184" VPOS="1103" WIDTH="37" HEIGHT="28" CONTENT="to" WC="1.00" CC="00"/>
						<SP ID="P3_SP00834" HPOS="2220" VPOS="1148" WIDTH="19"/>
						<String ID="word000870" HPOS="2239" VPOS="1095" WIDTH="137" HEIGHT="34" CONTENT="certain" WC="0.97" CC="1001000"/>
						<SP ID="P3_SP00835" HPOS="2376" VPOS="1148" WIDTH="32"/>
						<String ID="word000871" HPOS="2408" VPOS="1088" WIDTH="236" HEIGHT="38" CONTENT="inlivifinals," WC="0.38" CC="5585548884553"/>
						<SP ID="P3_SP00836" HPOS="2644" VPOS="1148" WIDTH="26"/>
						<String ID="word000872" HPOS="2670" VPOS="1084" WIDTH="66" HEIGHT="34" CONTENT="and" WC="0.96" CC="001"/>
						<SP ID="P3_SP00837" HPOS="2737" VPOS="1148" WIDTH="22"/>
						<String ID="word000873" HPOS="2759" VPOS="1083" WIDTH="43" HEIGHT="33" CONTENT="he" WC="0.83" CC="30"/>
						<SP ID="P3_SP00838" HPOS="2802" VPOS="1148" WIDTH="19"/>
						<String ID="word000874" HPOS="2820" VPOS="1082" WIDTH="133" HEIGHT="32" CONTENT="cannot" WC="0.78" CC="113340"/>
						<SP ID="P3_SP00839" HPOS="2954" VPOS="1148" WIDTH="0"/>
					</TextLine>
					<TextLine ID="P3_TL00093" HPOS="1652" VPOS="1139" WIDTH="1314" HEIGHT="58">
						<String ID="word000875" HPOS="1652" VPOS="1160" WIDTH="145" HEIGHT="37" CONTENT="himself" WC="0.94" CC="0120010"/>
						<SP ID="P3_SP00840" HPOS="1798" VPOS="1196" WIDTH="21"/>
						<String ID="word000876" HPOS="1819" VPOS="1161" WIDTH="43" HEIGHT="31" CONTENT="be" WC="0.67" CC="51"/>
						<SP ID="P3_SP00841" HPOS="1861" VPOS="1196" WIDTH="21"/>
						<String ID="word000877" HPOS="1883" VPOS="1157" WIDTH="188" HEIGHT="34" CONTENT="insensible" WC="0.78" CC="0330031343"/>
						<SP ID="P3_SP00842" HPOS="2070" VPOS="1196" WIDTH="30"/>
						<String ID="word000878" HPOS="2100" VPOS="1157" WIDTH="35" HEIGHT="31" CONTENT="to" WC="1.00" CC="00"/>
						<SP ID="P3_SP00843" HPOS="2135" VPOS="1196" WIDTH="21"/>
						<String ID="word000879" HPOS="2157" VPOS="1154" WIDTH="63" HEIGHT="34" CONTENT="the" WC="0.96" CC="100"/>
						<SP ID="P3_SP00844" HPOS="2219" VPOS="1196" WIDTH="12"/>
						<String ID="word000880" HPOS="2231" VPOS="1152" WIDTH="135" HEIGHT="45" CONTENT="justice" WC="0.78" CC="3333200"/>
						<SP ID="P3_SP00845" HPOS="2366" VPOS="1196" WIDTH="19"/>
						<String ID="word000881" HPOS="2385" VPOS="1148" WIDTH="44" HEIGHT="34" CONTENT="of" WC="1.00" CC="00"/>
						<SP ID="P3_SP00846" HPOS="2428" VPOS="1196" WIDTH="21"/>
						<String ID="word000882" HPOS="2450" VPOS="1146" WIDTH="61" HEIGHT="34" CONTENT="the" WC="0.74" CC="223"/>
						<SP ID="P3_SP00847" HPOS="2511" VPOS="1196" WIDTH="21"/>
						<String ID="word000883" HPOS="2532" VPOS="1142" WIDTH="161" HEIGHT="37" CONTENT="remlirk." WC="0.51" CC="33388433"/>
						<SP ID="P3_SP00848" HPOS="2693" VPOS="1196" WIDTH="53"/>
						<String ID="word000884" HPOS="2746" VPOS="1139" WIDTH="61" HEIGHT="34" CONTENT="He" WC="0.94" CC="10"/>
						<SP ID="P3_SP00849" HPOS="2807" VPOS="1196" WIDTH="26"/>
						<String ID="word000885" HPOS="2833" VPOS="1139" WIDTH="132" HEIGHT="32" CONTENT="cannot" WC="0.93" CC="011110"/>
						<SP ID="P3_SP00850" HPOS="2966" VPOS="1196" WIDTH="0"/>
					</TextLine>
					<TextLine ID="P3_TL00094" HPOS="1654" VPOS="1191" WIDTH="1311" HEIGHT="71">
						<String ID="word000886" HPOS="1654" VPOS="1219" WIDTH="91" HEIGHT="33" CONTENT="have" WC="0.94" CC="0110"/>
						<SP ID="P3_SP00851" HPOS="1744" VPOS="1252" WIDTH="17"/>
						<String ID="word000887" HPOS="1761" VPOS="1218" WIDTH="185" HEIGHT="44" CONTENT="fs:rgotten" WC="0.48" CC="3863333378"/>
						<SP ID="P3_SP00852" HPOS="1946" VPOS="1261" WIDTH="17"/>
						<String ID="word000888" HPOS="1963" VPOS="1214" WIDTH="48" HEIGHT="33" CONTENT="all" WC="0.93" CC="101"/>
						<SP ID="P3_SP00853" HPOS="2011" VPOS="1261" WIDTH="20"/>
						<String ID="word000889" HPOS="2031" VPOS="1212" WIDTH="128" HEIGHT="43" CONTENT="family" WC="0.98" CC="010000"/>
						<SP ID="P3_SP00854" HPOS="2159" VPOS="1261" WIDTH="20"/>
						<String ID="word000890" HPOS="2179" VPOS="1207" WIDTH="247" HEIGHT="47" CONTENT="oppositions," WC="0.94" CC="100000100121"/>
						<SP ID="P3_SP00855" HPOS="2426" VPOS="1261" WIDTH="34"/>
						<String ID="word000891" HPOS="2460" VPOS="1202" WIDTH="139" HEIGHT="41" CONTENT="readily" WC="0.92" CC="0011003"/>
						<SP ID="P3_SP00856" HPOS="2600" VPOS="1261" WIDTH="22"/>
						<String ID="word000892" HPOS="2622" VPOS="1193" WIDTH="174" HEIGHT="38" CONTENT="followed" WC="0.99" CC="00001000"/>
						<SP ID="P3_SP00857" HPOS="2796" VPOS="1261" WIDTH="35"/>
						<String ID="word000893" HPOS="2831" VPOS="1204" WIDTH="50" HEIGHT="32" CONTENT="up" WC="1.00" CC="00"/>
						<SP ID="P3_SP00858" HPOS="2881" VPOS="1261" WIDTH="33"/>
						<String ID="word000894" HPOS="2914" VPOS="1191" WIDTH="51" HEIGHT="43" CONTENT="by" WC="0.94" CC="10"/>
						<SP ID="P3_SP00859" HPOS="2965" VPOS="1261" WIDTH="0"/>
					</TextLine>
					<TextLine ID="P3_TL00095" HPOS="1652" VPOS="1245" WIDTH="1318" HEIGHT="70">
						<String ID="word000895" HPOS="1652" VPOS="1273" WIDTH="198" HEIGHT="35" CONTENT="unmerited" WC="0.95" CC="011100010"/>
						<SP ID="P3_SP00860" HPOS="1851" VPOS="1309" WIDTH="31"/>
						<String ID="word000896" HPOS="1881" VPOS="1271" WIDTH="259" HEIGHT="44" CONTENT="forgivenesses" WC="0.54" CC="3333385735533"/>
						<SP ID="P3_SP00861" HPOS="2140" VPOS="1315" WIDTH="15"/>
						<String ID="word000897" HPOS="2156" VPOS="1279" WIDTH="13" HEIGHT="25" CONTENT=";" WC="1.00" CC="0"/>
						<SP ID="P3_SP00862" HPOS="2169" VPOS="1315" WIDTH="33"/>
						<String ID="word000898" HPOS="2202" VPOS="1274" WIDTH="64" HEIGHT="25" CONTENT="nor" WC="1.00" CC="000"/>
						<SP ID="P3_SP00863" HPOS="2265" VPOS="1315" WIDTH="17"/>
						<String ID="word000899" HPOS="2282" VPOS="1274" WIDTH="66" HEIGHT="21" CONTENT="can" WC="1.00" CC="000"/>
						<SP ID="P3_SP00864" HPOS="2348" VPOS="1315" WIDTH="22"/>
						<String ID="word000900" HPOS="2370" VPOS="1263" WIDTH="44" HEIGHT="32" CONTENT="Ise" WC="0.52" CC="661"/>
						<SP ID="P3_SP00865" HPOS="2414" VPOS="1315" WIDTH="24"/>
						<String ID="word000901" HPOS="2438" VPOS="1259" WIDTH="92" HEIGHT="33" CONTENT="have" WC="1.00" CC="0000"/>
						<SP ID="P3_SP00866" HPOS="2530" VPOS="1315" WIDTH="14"/>
						<String ID="word000902" HPOS="2544" VPOS="1250" WIDTH="223" HEIGHT="39" CONTENT="obliterated" WC="0.92" CC="04111000010"/>
						<SP ID="P3_SP00867" HPOS="2767" VPOS="1315" WIDTH="19"/>
						<String ID="word000903" HPOS="2786" VPOS="1247" WIDTH="94" HEIGHT="34" CONTENT="from" WC="1.00" CC="0000"/>
						<SP ID="P3_SP00868" HPOS="2881" VPOS="1315" WIDTH="33"/>
						<String ID="word000904" HPOS="2914" VPOS="1245" WIDTH="56" HEIGHT="34" CONTENT="his" WC="0.96" CC="100"/>
						<SP ID="P3_SP00869" HPOS="2969" VPOS="1315" WIDTH="0"/>
					</TextLine>
					<TextLine ID="P3_TL00096" HPOS="1655" VPOS="1300" WIDTH="1315" HEIGHT="64">
						<String ID="word000905" HPOS="1655" VPOS="1331" WIDTH="94" HEIGHT="33" CONTENT="mind" WC="0.92" CC="3000"/>
						<SP ID="P3_SP00870" HPOS="1749" VPOS="1364" WIDTH="17"/>
						<String ID="word000906" HPOS="1766" VPOS="1331" WIDTH="51" HEIGHT="33" CONTENT="all" WC="0.93" CC="110"/>
						<SP ID="P3_SP00871" HPOS="1817" VPOS="1364" WIDTH="27"/>
						<String ID="word000907" HPOS="1844" VPOS="1326" WIDTH="235" HEIGHT="37" CONTENT="recollection" WC="0.93" CC="003001010003"/>
						<SP ID="P3_SP00872" HPOS="2079" VPOS="1364" WIDTH="30"/>
						<String ID="word000908" HPOS="2108" VPOS="1322" WIDTH="44" HEIGHT="33" CONTENT="of" WC="1.00" CC="00"/>
						<SP ID="P3_SP00873" HPOS="2152" VPOS="1364" WIDTH="30"/>
						<String ID="word000909" HPOS="2181" VPOS="1320" WIDTH="61" HEIGHT="34" CONTENT="the" WC="1.00" CC="000"/>
						<SP ID="P3_SP00874" HPOS="2243" VPOS="1364" WIDTH="18"/>
						<String ID="word000910" HPOS="2261" VPOS="1312" WIDTH="257" HEIGHT="50" CONTENT="unprincipled" WC="0.97" CC="000001000110"/>
						<SP ID="P3_SP00875" HPOS="2518" VPOS="1364" WIDTH="17"/>
						<String ID="word000911" HPOS="2535" VPOS="1309" WIDTH="187" HEIGHT="38" CONTENT="defreion" WC="0.47" CC="34368635"/>
						<SP ID="P3_SP00876" HPOS="2721" VPOS="1364" WIDTH="33"/>
						<String ID="word000912" HPOS="2754" VPOS="1306" WIDTH="44" HEIGHT="33" CONTENT="he" WC="0.83" CC="30"/>
						<SP ID="P3_SP00877" HPOS="2798" VPOS="1364" WIDTH="18"/>
						<String ID="word000913" HPOS="2816" VPOS="1315" WIDTH="46" HEIGHT="21" CONTENT="ex" WC="0.67" CC="33" STYLEREFS="TXT_2"/>
						<SP ID="P3_SP00878" HPOS="2862" VPOS="1364" WIDTH="11"/>
						<String ID="word000914" HPOS="2872" VPOS="1300" WIDTH="97" HEIGHT="46" CONTENT="perk" WC="0.64" CC="3325"/>
						<SP ID="P3_SP00879" HPOS="2969" VPOS="1364" WIDTH="0"/>
					</TextLine>
					<TextLine ID="P3_TL00097" HPOS="1654" VPOS="1359" WIDTH="1315" HEIGHT="68">
						<String ID="word000915" HPOS="1654" VPOS="1388" WIDTH="110" HEIGHT="34" CONTENT="enced" WC="1.00" CC="00000"/>
						<SP ID="P3_SP00880" HPOS="1763" VPOS="1422" WIDTH="28"/>
						<String ID="word000916" HPOS="1792" VPOS="1385" WIDTH="131" HEIGHT="41" CONTENT="during" WC="0.98" CC="000001"/>
						<SP ID="P3_SP00881" HPOS="1923" VPOS="1427" WIDTH="25"/>
						<String ID="word000917" HPOS="1948" VPOS="1383" WIDTH="61" HEIGHT="34" CONTENT="the" WC="1.00" CC="000"/>
						<SP ID="P3_SP00882" HPOS="2009" VPOS="1427" WIDTH="19"/>
						<String ID="word000918" HPOS="2028" VPOS="1380" WIDTH="128" HEIGHT="46" CONTENT="public" WC="0.94" CC="001020"/>
						<SP ID="P3_SP00883" HPOS="2156" VPOS="1427" WIDTH="35"/>
						<String ID="word000919" HPOS="2191" VPOS="1375" WIDTH="200" HEIGHT="35" CONTENT="discussion" WC="0.80" CC="0012543030"/>
						<SP ID="P3_SP00884" HPOS="2391" VPOS="1427" WIDTH="33"/>
						<String ID="word000920" HPOS="2424" VPOS="1370" WIDTH="45" HEIGHT="34" CONTENT="of" WC="1.00" CC="00"/>
						<SP ID="P3_SP00885" HPOS="2469" VPOS="1427" WIDTH="28"/>
						<String ID="word000921" HPOS="2497" VPOS="1370" WIDTH="54" HEIGHT="31" CONTENT="his" WC="0.85" CC="301"/>
						<SP ID="P3_SP00886" HPOS="2551" VPOS="1427" WIDTH="19"/>
						<String ID="word000922" HPOS="2570" VPOS="1367" WIDTH="128" HEIGHT="33" CONTENT="claims" WC="0.78" CC="041331"/>
						<SP ID="P3_SP00887" HPOS="2698" VPOS="1427" WIDTH="28"/>
						<String ID="word000923" HPOS="2726" VPOS="1367" WIDTH="41" HEIGHT="30" CONTENT="to" WC="1.00" CC="00"/>
						<SP ID="P3_SP00888" HPOS="2767" VPOS="1427" WIDTH="33"/>
						<String ID="word000924" HPOS="2800" VPOS="1359" WIDTH="168" HEIGHT="40" CONTENT="military" WC="0.97" CC="00100100"/>
						<SP ID="P3_SP00889" HPOS="2968" VPOS="1427" WIDTH="0"/>
					</TextLine>
					<TextLine ID="P3_TL00098" HPOS="1655" VPOS="1413" WIDTH="1316" HEIGHT="69">
						<String ID="word000925" HPOS="1655" VPOS="1442" WIDTH="184" HEIGHT="35" CONTENT="command" WC="0.97" CC="0000110"/>
						<SP ID="P3_SP00890" HPOS="1839" VPOS="1478" WIDTH="18"/>
						<String ID="word000926" HPOS="1857" VPOS="1441" WIDTH="9" HEIGHT="34" CONTENT="!" WC="1.00" CC="0"/>
						<SP ID="P3_SP00891" HPOS="1866" VPOS="1478" WIDTH="35"/>
						<String ID="word000927" HPOS="1902" VPOS="1440" WIDTH="27" HEIGHT="18" CONTENT='"' WC="1.00" CC="0"/>
						<SP ID="P3_SP00892" HPOS="1929" VPOS="1478" WIDTH="37"/>
						<String ID="word000928" HPOS="1965" VPOS="1439" WIDTH="182" HEIGHT="43" CONTENT="Separate" WC="1.00" CC="00000000"/>
						<SP ID="P3_SP00893" HPOS="2147" VPOS="1481" WIDTH="35"/>
						<String ID="word000929" HPOS="2183" VPOS="1429" WIDTH="141" HEIGHT="47" CONTENT="thyself" WC="0.94" CC="0003100"/>
						<SP ID="P3_SP00894" HPOS="2323" VPOS="1481" WIDTH="26"/>
						<String ID="word000930" HPOS="2349" VPOS="1429" WIDTH="93" HEIGHT="33" CONTENT="from" WC="1.00" CC="0000"/>
						<SP ID="P3_SP00895" HPOS="2443" VPOS="1481" WIDTH="35"/>
						<String ID="word000931" HPOS="2478" VPOS="1426" WIDTH="67" HEIGHT="43" CONTENT="thy" WC="1.00" CC="000"/>
						<SP ID="P3_SP00896" HPOS="2545" VPOS="1481" WIDTH="30"/>
						<String ID="word000932" HPOS="2575" VPOS="1416" WIDTH="200" HEIGHT="44" CONTENT='enemies,"' WC="0.99" CC="000000010"/>
						<SP ID="P3_SP00897" HPOS="2774" VPOS="1481" WIDTH="33"/>
						<String ID="word000933" HPOS="2807" VPOS="1426" WIDTH="85" HEIGHT="34" CONTENT="says" WC="1.00" CC="0000"/>
						<SP ID="P3_SP00898" HPOS="2893" VPOS="1481" WIDTH="14"/>
						<String ID="word000934" HPOS="2907" VPOS="1413" WIDTH="64" HEIGHT="34" CONTENT="the" WC="1.00" CC="000"/>
						<SP ID="P3_SP00899" HPOS="2970" VPOS="1481" WIDTH="0"/>
					</TextLine>
					<TextLine ID="P3_TL00099" HPOS="1661" VPOS="1478" WIDTH="925" HEIGHT="61">
						<String ID="word000935" HPOS="1661" VPOS="1499" WIDTH="87" HEIGHT="34" CONTENT="wise" WC="1.00" CC="0000"/>
						<SP ID="P3_SP00900" HPOS="1748" VPOS="1533" WIDTH="22"/>
						<String ID="word000936" HPOS="1770" VPOS="1509" WIDTH="94" HEIGHT="30" CONTENT="man," WC="0.92" CC="3000"/>
						<SP ID="P3_SP00901" HPOS="1865" VPOS="1539" WIDTH="33"/>
						<String ID="word000937" HPOS="1898" VPOS="1496" WIDTH="28" HEIGHT="19" CONTENT='"' WC="0.89" CC="1"/>
						<SP ID="P3_SP00902" HPOS="1926" VPOS="1539" WIDTH="20"/>
						<String ID="word000938" HPOS="1946" VPOS="1494" WIDTH="67" HEIGHT="35" CONTENT="and" WC="0.96" CC="001"/>
						<SP ID="P3_SP00903" HPOS="2014" VPOS="1539" WIDTH="18"/>
						<String ID="word000939" HPOS="2031" VPOS="1492" WIDTH="89" HEIGHT="34" CONTENT="take" WC="0.97" CC="0100"/>
						<SP ID="P3_SP00904" HPOS="2120" VPOS="1539" WIDTH="25"/>
						<String ID="word000940" HPOS="2145" VPOS="1488" WIDTH="89" HEIGHT="34" CONTENT="heed" WC="0.97" CC="0010"/>
						<SP ID="P3_SP00905" HPOS="2233" VPOS="1539" WIDTH="20"/>
						<String ID="word000941" HPOS="2254" VPOS="1486" WIDTH="43" HEIGHT="34" CONTENT="of" WC="1.00" CC="00"/>
						<SP ID="P3_SP00906" HPOS="2296" VPOS="1539" WIDTH="25"/>
						<String ID="word000942" HPOS="2321" VPOS="1485" WIDTH="65" HEIGHT="44" CONTENT="thy" WC="0.96" CC="010"/>
						<SP ID="P3_SP00907" HPOS="2386" VPOS="1539" WIDTH="21"/>
						<String ID="word000943" HPOS="2407" VPOS="1478" WIDTH="178" HEIGHT="39" CONTENT='friends."' WC="0.97" CC="010001000"/>
						<SP ID="P3_SP00908" HPOS="2585" VPOS="1539" WIDTH="0"/>
					</TextLine>
					<TextLine ID="P3_TL00100" HPOS="1707" VPOS="1524" WIDTH="1265" HEIGHT="71">
						<String ID="word000944" HPOS="1707" VPOS="1554" WIDTH="159" HEIGHT="40" CONTENT="Britain," WC="0.94" CC="10201000"/>
						<SP ID="P3_SP00909" HPOS="1866" VPOS="1594" WIDTH="28"/>
						<String ID="word000945" HPOS="1894" VPOS="1551" WIDTH="188" HEIGHT="35" CONTENT="whatever" WC="0.97" CC="01100000"/>
						<SP ID="P3_SP00910" HPOS="2082" VPOS="1594" WIDTH="14"/>
						<String ID="word000946" HPOS="2096" VPOS="1556" WIDTH="65" HEIGHT="25" CONTENT="are" WC="0.96" CC="100"/>
						<SP ID="P3_SP00911" HPOS="2161" VPOS="1594" WIDTH="20"/>
						<String ID="word000947" HPOS="2181" VPOS="1543" WIDTH="53" HEIGHT="35" CONTENT="his" WC="0.67" CC="054"/>
						<SP ID="P3_SP00912" HPOS="2235" VPOS="1594" WIDTH="25"/>
						<String ID="word000948" HPOS="2259" VPOS="1541" WIDTH="150" HEIGHT="39" CONTENT="defects," WC="0.96" CC="02000100"/>
						<SP ID="P3_SP00913" HPOS="2409" VPOS="1594" WIDTH="31"/>
						<String ID="word000949" HPOS="2440" VPOS="1537" WIDTH="113" HEIGHT="43" CONTENT="ought" WC="0.95" CC="00200"/>
						<SP ID="P3_SP00914" HPOS="2554" VPOS="1594" WIDTH="19"/>
						<String ID="word000950" HPOS="2572" VPOS="1539" WIDTH="39" HEIGHT="30" CONTENT="to" WC="1.00" CC="00"/>
						<SP ID="P3_SP00915" HPOS="2611" VPOS="1594" WIDTH="17"/>
						<String ID="word000951" HPOS="2628" VPOS="1534" WIDTH="47" HEIGHT="32" CONTENT="be" WC="1.00" CC="00"/>
						<SP ID="P3_SP00916" HPOS="2675" VPOS="1594" WIDTH="14"/>
						<String ID="word000952" HPOS="2689" VPOS="1528" WIDTH="120" HEIGHT="47" CONTENT="proud" WC="1.00" CC="00000"/>
						<SP ID="P3_SP00917" HPOS="2810" VPOS="1594" WIDTH="28"/>
						<String ID="word000953" HPOS="2838" VPOS="1525" WIDTH="45" HEIGHT="35" CONTENT="of" WC="1.00" CC="00"/>
						<SP ID="P3_SP00918" HPOS="2883" VPOS="1594" WIDTH="27"/>
						<String ID="word000954" HPOS="2910" VPOS="1524" WIDTH="61" HEIGHT="35" CONTENT="the" WC="0.96" CC="001"/>
						<SP ID="P3_SP00919" HPOS="2972" VPOS="1594" WIDTH="0"/>
					</TextLine>
					<TextLine ID="P3_TL00101" HPOS="1662" VPOS="1584" WIDTH="1312" HEIGHT="63">
						<String ID="word000955" HPOS="1662" VPOS="1611" WIDTH="73" HEIGHT="34" CONTENT="real" WC="0.97" CC="0001"/>
						<SP ID="P3_SP00920" HPOS="1735" VPOS="1645" WIDTH="27"/>
						<String ID="word000956" HPOS="1762" VPOS="1610" WIDTH="191" HEIGHT="33" CONTENT="character" WC="1.00" CC="000000000"/>
						<SP ID="P3_SP00921" HPOS="1954" VPOS="1645" WIDTH="18"/>
						<String ID="word000957" HPOS="1971" VPOS="1603" WIDTH="41" HEIGHT="35" CONTENT="of" WC="1.00" CC="00"/>
						<SP ID="P3_SP00922" HPOS="2013" VPOS="1645" WIDTH="24"/>
						<String ID="word000958" HPOS="2036" VPOS="1603" WIDTH="60" HEIGHT="34" CONTENT="the" WC="1.00" CC="000"/>
						<SP ID="P3_SP00923" HPOS="2096" VPOS="1645" WIDTH="18"/>
						<String ID="word000959" HPOS="2114" VPOS="1602" WIDTH="145" HEIGHT="45" CONTENT="present" WC="1.00" CC="0000000"/>
						<SP ID="P3_SP00924" HPOS="2259" VPOS="1646" WIDTH="27"/>
						<String ID="word000960" HPOS="2287" VPOS="1596" WIDTH="133" HEIGHT="35" CONTENT="Prince" WC="1.00" CC="000000"/>
						<SP ID="P3_SP00925" HPOS="2420" VPOS="1646" WIDTH="17"/>
						<String ID="word000961" HPOS="2437" VPOS="1592" WIDTH="43" HEIGHT="34" CONTENT="of" WC="1.00" CC="00"/>
						<SP ID="P3_SP00926" HPOS="2479" VPOS="1646" WIDTH="33"/>
						<String ID="word000962" HPOS="2512" VPOS="1591" WIDTH="40" HEIGHT="33" CONTENT="W" WC="0.67" CC="3"/>
						<SP ID="P3_SP00927" HPOS="2552" VPOS="1646" WIDTH="11"/>
						<String ID="word000963" HPOS="2563" VPOS="1599" WIDTH="20" HEIGHT="24" CONTENT="A" WC="0.78" CC="2"/>
						<SP ID="P3_SP00928" HPOS="2583" VPOS="1646" WIDTH="12"/>
						<String ID="word000964" HPOS="2595" VPOS="1597" WIDTH="87" HEIGHT="25" CONTENT="LEs." WC="0.50" CC="3555"/>
						<SP ID="P3_SP00929" HPOS="2682" VPOS="1646" WIDTH="53"/>
						<String ID="word000965" HPOS="2735" VPOS="1584" WIDTH="70" HEIGHT="34" CONTENT="His" WC="0.93" CC="101"/>
						<SP ID="P3_SP00930" HPOS="2805" VPOS="1646" WIDTH="32"/>
						<String ID="word000966" HPOS="2837" VPOS="1589" WIDTH="137" HEIGHT="32" CONTENT="errors," WC="0.98" CC="0000010"/>
						<SP ID="P3_SP00931" HPOS="2974" VPOS="1646" WIDTH="0"/>
					</TextLine>
					<TextLine ID="P3_TL00102" HPOS="1664" VPOS="1638" WIDTH="1309" HEIGHT="73">
						<String ID="word000967" HPOS="1664" VPOS="1669" WIDTH="119" HEIGHT="35" CONTENT="which" WC="0.98" CC="00100"/>
						<SP ID="P3_SP00932" HPOS="1783" VPOS="1704" WIDTH="31"/>
						<String ID="word000968" HPOS="1814" VPOS="1670" WIDTH="65" HEIGHT="31" CONTENT="are" WC="0.96" CC="010"/>
						<SP ID="P3_SP00933" HPOS="1879" VPOS="1704" WIDTH="24"/>
						<String ID="word000969" HPOS="1903" VPOS="1667" WIDTH="201" HEIGHT="44" CONTENT="apparent," WC="0.85" CC="114101013"/>
						<SP ID="P3_SP00934" HPOS="2104" VPOS="1710" WIDTH="32"/>
						<String ID="word000970" HPOS="2135" VPOS="1659" WIDTH="77" HEIGHT="33" CONTENT="will" WC="0.97" CC="1000"/>
						<SP ID="P3_SP00935" HPOS="2212" VPOS="1710" WIDTH="27"/>
						<String ID="word000971" HPOS="2239" VPOS="1658" WIDTH="45" HEIGHT="32" CONTENT="be" WC="0.94" CC="10"/>
						<SP ID="P3_SP00936" HPOS="2284" VPOS="1710" WIDTH="32"/>
						<String ID="word000972" HPOS="2316" VPOS="1654" WIDTH="126" HEIGHT="40" CONTENT="found," WC="0.94" CC="111000"/>
						<SP ID="P3_SP00937" HPOS="2443" VPOS="1710" WIDTH="47"/>
						<String ID="word000973" HPOS="2490" VPOS="1650" WIDTH="33" HEIGHT="34" CONTENT="if" WC="1.00" CC="00"/>
						<SP ID="P3_SP00938" HPOS="2523" VPOS="1710" WIDTH="32"/>
						<String ID="word000974" HPOS="2555" VPOS="1646" WIDTH="171" HEIGHT="43" CONTENT="candidly" WC="0.93" CC="00100130"/>
						<SP ID="P3_SP00939" HPOS="2726" VPOS="1710" WIDTH="39"/>
						<String ID="word000975" HPOS="2765" VPOS="1638" WIDTH="208" HEIGHT="41" CONTENT="estimated," WC="0.87" CC="0512021010"/>
						<SP ID="P3_SP00940" HPOS="2973" VPOS="1710" WIDTH="0"/>
					</TextLine>
					<TextLine ID="P3_TL00103" HPOS="1664" VPOS="1693" WIDTH="1311" HEIGHT="67">
						<String ID="word000976" HPOS="1664" VPOS="1736" WIDTH="98" HEIGHT="24" CONTENT="more" WC="1.00" CC="0000"/>
						<SP ID="P3_SP00941" HPOS="1762" VPOS="1760" WIDTH="15"/>
						<String ID="word000977" HPOS="1778" VPOS="1724" WIDTH="86" HEIGHT="33" CONTENT="than" WC="1.00" CC="0000"/>
						<SP ID="P3_SP00942" HPOS="1864" VPOS="1760" WIDTH="28"/>
						<String ID="word000978" HPOS="1892" VPOS="1714" WIDTH="331" HEIGHT="41" CONTENT="counterbalanced" WC="0.98" CC="010000000010100"/>
						<SP ID="P3_SP00943" HPOS="2223" VPOS="1760" WIDTH="33"/>
						<String ID="word000979" HPOS="2256" VPOS="1714" WIDTH="48" HEIGHT="44" CONTENT="by" WC="1.00" CC="00"/>
						<SP ID="P3_SP00944" HPOS="2304" VPOS="1760" WIDTH="26"/>
						<String ID="word000980" HPOS="2330" VPOS="1711" WIDTH="63" HEIGHT="33" CONTENT="the" WC="1.00" CC="000"/>
						<SP ID="P3_SP00945" HPOS="2393" VPOS="1760" WIDTH="30"/>
						<String ID="word000981" HPOS="2422" VPOS="1706" WIDTH="144" HEIGHT="46" CONTENT="general" WC="0.92" CC="0030110"/>
						<SP ID="P3_SP00946" HPOS="2567" VPOS="1760" WIDTH="34"/>
						<String ID="word000982" HPOS="2601" VPOS="1702" WIDTH="72" HEIGHT="37" CONTENT="and" WC="0.96" CC="100"/>
						<SP ID="P3_SP00947" HPOS="2673" VPOS="1760" WIDTH="17"/>
						<String ID="word000983" HPOS="2689" VPOS="1693" WIDTH="286" HEIGHT="46" CONTENT="acknowledgsd" WC="0.57" CC="333333334873"/>
						<SP ID="P3_SP00948" HPOS="2975" VPOS="1760" WIDTH="0"/>
					</TextLine>
					<TextLine ID="P3_TL00104" HPOS="1665" VPOS="1756" WIDTH="1315" HEIGHT="63">
						<String ID="word000984" HPOS="1665" VPOS="1782" WIDTH="237" HEIGHT="37" CONTENT="excellencies" WC="0.96" CC="200100000010"/>
						<SP ID="P3_SP00949" HPOS="1903" VPOS="1819" WIDTH="17"/>
						<String ID="word000985" HPOS="1919" VPOS="1778" WIDTH="44" HEIGHT="35" CONTENT="of" WC="1.00" CC="00"/>
						<SP ID="P3_SP00950" HPOS="1963" VPOS="1819" WIDTH="28"/>
						<String ID="word000986" HPOS="1991" VPOS="1778" WIDTH="53" HEIGHT="33" CONTENT="his" WC="1.00" CC="000"/>
						<SP ID="P3_SP00951" HPOS="2044" VPOS="1819" WIDTH="30"/>
						<String ID="word000987" HPOS="2074" VPOS="1773" WIDTH="235" HEIGHT="45" CONTENT="disposition." WC="0.97" CC="001110000000"/>
						<SP ID="P3_SP00952" HPOS="2309" VPOS="1819" WIDTH="56"/>
						<String ID="word000988" HPOS="2365" VPOS="1768" WIDTH="67" HEIGHT="34" CONTENT="His" WC="0.85" CC="400"/>
						<SP ID="P3_SP00953" HPOS="2432" VPOS="1819" WIDTH="24"/>
						<String ID="word000989" HPOS="2456" VPOS="1763" WIDTH="163" HEIGHT="47" CONTENT="personal" WC="0.71" CC="33133323"/>
						<SP ID="P3_SP00954" HPOS="2619" VPOS="1819" WIDTH="21"/>
						<String ID="word000990" HPOS="2640" VPOS="1756" WIDTH="340" HEIGHT="46" CONTENT="accomplishments" WC="0.93" CC="100001101200301"/>
						<SP ID="P3_SP00955" HPOS="2980" VPOS="1819" WIDTH="0"/>
					</TextLine>
					<TextLine ID="P3_TL00105" HPOS="1667" VPOS="1806" WIDTH="1313" HEIGHT="70">
						<String ID="word000991" HPOS="1667" VPOS="1843" WIDTH="92" HEIGHT="33" CONTENT="have" WC="1.00" CC="0000"/>
						<SP ID="P3_SP00956" HPOS="1759" VPOS="1876" WIDTH="17"/>
						<String ID="word000992" HPOS="1775" VPOS="1835" WIDTH="174" HEIGHT="39" CONTENT="obtained" WC="0.96" CC="11000100"/>
						<SP ID="P3_SP00957" HPOS="1949" VPOS="1876" WIDTH="27"/>
						<String ID="word000993" HPOS="1976" VPOS="1835" WIDTH="74" HEIGHT="33" CONTENT="him" WC="1.00" CC="000"/>
						<SP ID="P3_SP00958" HPOS="2050" VPOS="1876" WIDTH="22"/>
						<String ID="word000994" HPOS="2073" VPOS="1830" WIDTH="184" HEIGHT="35" CONTENT="universal" WC="1.00" CC="000000000"/>
						<SP ID="P3_SP00959" HPOS="2257" VPOS="1876" WIDTH="17"/>
						<String ID="word000995" HPOS="2274" VPOS="1822" WIDTH="239" HEIGHT="39" CONTENT="admiration," WC="0.99" CC="00000000010"/>
						<SP ID="P3_SP00960" HPOS="2512" VPOS="1876" WIDTH="28"/>
						<String ID="word000996" HPOS="2541" VPOS="1819" WIDTH="70" HEIGHT="33" CONTENT="and" WC="0.89" CC="111"/>
						<SP ID="P3_SP00961" HPOS="2610" VPOS="1876" WIDTH="21"/>
						<String ID="word000997" HPOS="2631" VPOS="1817" WIDTH="52" HEIGHT="32" CONTENT="his" WC="1.00" CC="000"/>
						<SP ID="P3_SP00962" HPOS="2683" VPOS="1876" WIDTH="17"/>
						<String ID="word000998" HPOS="2700" VPOS="1812" WIDTH="131" HEIGHT="35" CONTENT="mental" WC="0.96" CC="011000"/>
						<SP ID="P3_SP00963" HPOS="2831" VPOS="1876" WIDTH="19"/>
						<String ID="word000999" HPOS="2850" VPOS="1806" WIDTH="109" HEIGHT="50" CONTENT="acqui" SUBS_TYPE="HypPart1" SUBS_CONTENT="acquisitions" WC="0.89" CC="00003"/>
						<HYP HPOS="2959" VPOS="1806" WIDTH="21" CONTENT="-"/>
					</TextLine>
					<TextLine ID="P3_TL00106" HPOS="1667" VPOS="1866" WIDTH="1317" HEIGHT="69">
						<String ID="word001000" HPOS="1667" VPOS="1899" WIDTH="123" HEIGHT="34" CONTENT="sitions" SUBS_TYPE="HypPart2" SUBS_CONTENT="acquisitions" WC="1.00" CC="0000000"/>
						<SP ID="P3_SP00964" HPOS="1789" VPOS="1933" WIDTH="15"/>
						<String ID="word001001" HPOS="1805" VPOS="1904" WIDTH="65" HEIGHT="25" CONTENT="are" WC="1.00" CC="000"/>
						<SP ID="P3_SP00965" HPOS="1870" VPOS="1933" WIDTH="31"/>
						<String ID="word001002" HPOS="1900" VPOS="1891" WIDTH="129" HEIGHT="44" CONTENT="highly" WC="0.98" CC="000100"/>
						<SP ID="P3_SP00966" HPOS="2029" VPOS="1935" WIDTH="18"/>
						<String ID="word001003" HPOS="2047" VPOS="1885" WIDTH="242" HEIGHT="47" CONTENT="respectable." WC="0.96" CC="010000000111"/>
						<SP ID="P3_SP00967" HPOS="2289" VPOS="1935" WIDTH="53"/>
						<String ID="word001004" HPOS="2342" VPOS="1881" WIDTH="59" HEIGHT="33" CONTENT="He" WC="0.83" CC="21"/>
						<SP ID="P3_SP00968" HPOS="2401" VPOS="1935" WIDTH="18"/>
						<String ID="word001005" HPOS="2419" VPOS="1880" WIDTH="102" HEIGHT="32" CONTENT="loves" WC="0.98" CC="10000"/>
						<SP ID="P3_SP00969" HPOS="2520" VPOS="1935" WIDTH="26"/>
						<String ID="word001006" HPOS="2546" VPOS="1876" WIDTH="56" HEIGHT="32" CONTENT="his" WC="0.96" CC="100"/>
						<SP ID="P3_SP00970" HPOS="2602" VPOS="1935" WIDTH="25"/>
						<String ID="word001007" HPOS="2627" VPOS="1876" WIDTH="168" HEIGHT="37" CONTENT="country," WC="0.97" CC="00101000"/>
						<SP ID="P3_SP00971" HPOS="2794" VPOS="1935" WIDTH="28"/>
						<String ID="word001008" HPOS="2823" VPOS="1866" WIDTH="161" HEIGHT="34" CONTENT="without" WC="0.98" CC="0000100"/>
						<SP ID="P3_SP00972" HPOS="2983" VPOS="1935" WIDTH="0"/>
					</TextLine>
					<TextLine ID="P3_TL00107" HPOS="1670" VPOS="1925" WIDTH="1314" HEIGHT="69">
						<String ID="word001009" HPOS="1670" VPOS="1959" WIDTH="59" HEIGHT="33" CONTENT="the" WC="1.00" CC="000"/>
						<SP ID="P3_SP00973" HPOS="1729" VPOS="1993" WIDTH="15"/>
						<String ID="word001010" HPOS="1744" VPOS="1958" WIDTH="91" HEIGHT="33" CONTENT="least" WC="0.91" CC="30010"/>
						<SP ID="P3_SP00974" HPOS="1835" VPOS="1993" WIDTH="13"/>
						<String ID="word001011" HPOS="1848" VPOS="1954" WIDTH="105" HEIGHT="40" CONTENT="alloy" WC="0.93" CC="00120"/>
						<SP ID="P3_SP00975" HPOS="1954" VPOS="1994" WIDTH="19"/>
						<String ID="word001012" HPOS="1972" VPOS="1949" WIDTH="41" HEIGHT="35" CONTENT="of" WC="1.00" CC="00"/>
						<SP ID="P3_SP00976" HPOS="2014" VPOS="1994" WIDTH="26"/>
						<String ID="word001013" HPOS="2040" VPOS="1944" WIDTH="221" HEIGHT="38" CONTENT="continental" WC="0.97" CC="00010010001"/>
						<SP ID="P3_SP00977" HPOS="2261" VPOS="1994" WIDTH="19"/>
						<String ID="word001014" HPOS="2280" VPOS="1937" WIDTH="296" HEIGHT="50" CONTENT="prepossession;" WC="0.94" CC="10000001100022"/>
						<SP ID="P3_SP00978" HPOS="2576" VPOS="1994" WIDTH="27"/>
						<String ID="word001015" HPOS="2603" VPOS="1932" WIDTH="86" HEIGHT="37" CONTENT="and," WC="0.89" CC="0031"/>
						<SP ID="P3_SP00979" HPOS="2689" VPOS="1994" WIDTH="28"/>
						<String ID="word001016" HPOS="2718" VPOS="1928" WIDTH="112" HEIGHT="34" CONTENT="while" WC="0.98" CC="00010"/>
						<SP ID="P3_SP00980" HPOS="2830" VPOS="1994" WIDTH="19"/>
						<String ID="word001017" HPOS="2849" VPOS="1925" WIDTH="45" HEIGHT="33" CONTENT="he" WC="0.94" CC="01"/>
						<SP ID="P3_SP00981" HPOS="2894" VPOS="1994" WIDTH="18"/>
						<String ID="word001018" HPOS="2911" VPOS="1925" WIDTH="54" HEIGHT="32" CONTENT="sin" SUBS_TYPE="HypPart1" SUBS_CONTENT="sincerely" WC="0.89" CC="002"/>
						<HYP HPOS="2966" VPOS="1925" WIDTH="18" CONTENT="-"/>
					</TextLine>
					<TextLine ID="P3_TL00108" HPOS="1670" VPOS="1980" WIDTH="1315" HEIGHT="77">
						<String ID="word001019" HPOS="1670" VPOS="2013" WIDTH="117" HEIGHT="44" CONTENT="cerely" SUBS_TYPE="HypPart2" SUBS_CONTENT="sincerely" WC="0.63" CC="340166"/>
						<SP ID="P3_SP00982" HPOS="1787" VPOS="2056" WIDTH="20"/>
						<String ID="word001020" HPOS="1807" VPOS="2011" WIDTH="161" HEIGHT="41" CONTENT="respects" WC="0.75" CC="01533303"/>
						<SP ID="P3_SP00983" HPOS="1968" VPOS="2056" WIDTH="17"/>
						<String ID="word001021" HPOS="1984" VPOS="2006" WIDTH="60" HEIGHT="33" CONTENT="the" WC="1.00" CC="000"/>
						<SP ID="P3_SP00984" HPOS="2044" VPOS="2056" WIDTH="20"/>
						<String ID="word001022" HPOS="2065" VPOS="2000" WIDTH="169" HEIGHT="48" CONTENT="political" WC="0.95" CC="000300001"/>
						<SP ID="P3_SP00985" HPOS="2233" VPOS="2056" WIDTH="24"/>
						<String ID="word001023" HPOS="2257" VPOS="1996" WIDTH="197" HEIGHT="47" CONTENT="privileges" WC="0.97" CC="0000101010"/>
						<SP ID="P3_SP00986" HPOS="2454" VPOS="2056" WIDTH="27"/>
						<String ID="word001024" HPOS="2481" VPOS="1991" WIDTH="44" HEIGHT="33" CONTENT="of" WC="1.00" CC="00"/>
						<SP ID="P3_SP00987" HPOS="2525" VPOS="2056" WIDTH="21"/>
						<String ID="word001025" HPOS="2546" VPOS="1989" WIDTH="61" HEIGHT="35" CONTENT="the" WC="1.00" CC="000"/>
						<SP ID="P3_SP00988" HPOS="2608" VPOS="2056" WIDTH="26"/>
						<String ID="word001026" HPOS="2634" VPOS="1985" WIDTH="156" HEIGHT="44" CONTENT="People," WC="0.95" CC="1101000"/>
						<SP ID="P3_SP00989" HPOS="2790" VPOS="2056" WIDTH="25"/>
						<String ID="word001027" HPOS="2815" VPOS="1982" WIDTH="46" HEIGHT="33" CONTENT="he" WC="1.00" CC="00"/>
						<SP ID="P3_SP00990" HPOS="2861" VPOS="2056" WIDTH="30"/>
						<String ID="word001028" HPOS="2890" VPOS="1980" WIDTH="94" HEIGHT="37" CONTENT="will," WC="0.73" CC="42312"/>
						<SP ID="P3_SP00991" HPOS="2985" VPOS="2056" WIDTH="0"/>
					</TextLine>
					<TextLine ID="P3_TL00109" HPOS="1672" VPOS="2036" WIDTH="1313" HEIGHT="68">
						<String ID="word001029" HPOS="1672" VPOS="2070" WIDTH="33" HEIGHT="33" CONTENT="if" WC="1.00" CC="00"/>
						<SP ID="P3_SP00992" HPOS="1706" VPOS="2104" WIDTH="21"/>
						<String ID="word001030" HPOS="1727" VPOS="2070" WIDTH="30" HEIGHT="33" CONTENT="it" WC="1.00" CC="00"/>
						<SP ID="P3_SP00993" HPOS="1756" VPOS="2104" WIDTH="28"/>
						<String ID="word001031" HPOS="1785" VPOS="2068" WIDTH="45" HEIGHT="32" CONTENT="be" WC="1.00" CC="00"/>
						<SP ID="P3_SP00994" HPOS="1830" VPOS="2104" WIDTH="19"/>
						<String ID="word001032" HPOS="1848" VPOS="2067" WIDTH="61" HEIGHT="31" CONTENT="the" WC="1.00" CC="000"/>
						<SP ID="P3_SP00995" HPOS="1910" VPOS="2104" WIDTH="31"/>
						<String ID="word001033" HPOS="1941" VPOS="2057" WIDTH="227" HEIGHT="46" CONTENT="designation" WC="0.89" CC="00041030111"/>
						<SP ID="P3_SP00996" HPOS="2167" VPOS="2104" WIDTH="34"/>
						<String ID="word001034" HPOS="2202" VPOS="2055" WIDTH="43" HEIGHT="34" CONTENT="of" WC="1.00" CC="00"/>
						<SP ID="P3_SP00997" HPOS="2244" VPOS="2104" WIDTH="39"/>
						<String ID="word001035" HPOS="2283" VPOS="2052" WIDTH="243" HEIGHT="35" CONTENT="Providence," WC="0.98" CC="00000101000"/>
						<SP ID="P3_SP00998" HPOS="2526" VPOS="2104" WIDTH="34"/>
						<String ID="word001036" HPOS="2561" VPOS="2053" WIDTH="117" HEIGHT="37" CONTENT="prove" WC="0.53" CC="34545"/>
						<SP ID="P3_SP00999" HPOS="2678" VPOS="2104" WIDTH="26"/>
						<String ID="word001037" HPOS="2704" VPOS="2037" WIDTH="148" HEIGHT="35" CONTENT="himself" WC="0.98" CC="0000001"/>
						<SP ID="P3_SP01000" HPOS="2851" VPOS="2104" WIDTH="21"/>
						<String ID="word001038" HPOS="2872" VPOS="2043" WIDTH="38" HEIGHT="26" CONTENT="to" WC="0.94" CC="10"/>
						<SP ID="P3_SP01001" HPOS="2910" VPOS="2104" WIDTH="33"/>
						<String ID="word001039" HPOS="2943" VPOS="2036" WIDTH="41" HEIGHT="31" CONTENT="he" WC="1.00" CC="00"/>
						<SP ID="P3_SP01002" HPOS="2985" VPOS="2104" WIDTH="0"/>
					</TextLine>
					<TextLine ID="P3_TL00110" HPOS="1672" VPOS="2091" WIDTH="1313" HEIGHT="78">
						<String ID="word001040" HPOS="1672" VPOS="2124" WIDTH="131" HEIGHT="45" CONTENT="deeply" WC="1.00" CC="000000"/>
						<SP ID="P3_SP01003" HPOS="1804" VPOS="2169" WIDTH="13"/>
						<String ID="word001041" HPOS="1817" VPOS="2120" WIDTH="156" HEIGHT="35" CONTENT="sensible" WC="0.86" CC="10413010"/>
						<SP ID="P3_SP01004" HPOS="1972" VPOS="2169" WIDTH="13"/>
						<String ID="word001042" HPOS="1985" VPOS="2117" WIDTH="44" HEIGHT="33" CONTENT="of" WC="1.00" CC="00"/>
						<SP ID="P3_SP01005" HPOS="2029" VPOS="2169" WIDTH="12"/>
						<String ID="word001043" HPOS="2041" VPOS="2117" WIDTH="60" HEIGHT="32" CONTENT="the" WC="0.96" CC="001"/>
						<SP ID="P3_SP01006" HPOS="2101" VPOS="2169" WIDTH="8"/>
						<String ID="word001044" HPOS="2109" VPOS="2118" WIDTH="105" HEIGHT="40" CONTENT="great" WC="0.98" CC="00100"/>
						<SP ID="P3_SP01007" HPOS="2215" VPOS="2169" WIDTH="11"/>
						<String ID="word001045" HPOS="2225" VPOS="2109" WIDTH="119" HEIGHT="34" CONTENT="duties" WC="1.00" CC="000000"/>
						<SP ID="P3_SP01008" HPOS="2344" VPOS="2169" WIDTH="13"/>
						<String ID="word001046" HPOS="2357" VPOS="2102" WIDTH="231" HEIGHT="48" CONTENT="inseparable" WC="0.97" CC="00010010010"/>
						<SP ID="P3_SP01009" HPOS="2589" VPOS="2169" WIDTH="19"/>
						<String ID="word001047" HPOS="2608" VPOS="2099" WIDTH="94" HEIGHT="34" CONTENT="from" WC="0.64" CC="4063"/>
						<SP ID="P3_SP01010" HPOS="2702" VPOS="2169" WIDTH="14"/>
						<String ID="word001048" HPOS="2717" VPOS="2096" WIDTH="60" HEIGHT="33" CONTENT="the" WC="1.00" CC="000"/>
						<SP ID="P3_SP01011" HPOS="2777" VPOS="2169" WIDTH="19"/>
						<String ID="word001049" HPOS="2796" VPOS="2091" WIDTH="189" HEIGHT="39" CONTENT="Monarch." WC="1.00" CC="00000000"/>
						<SP ID="P3_SP01012" HPOS="2985" VPOS="2169" WIDTH="0"/>
					</TextLine>
					<TextLine ID="P3_TL00111" HPOS="1726" VPOS="2151" WIDTH="1219" HEIGHT="69">
						<String ID="word001050" HPOS="1726" VPOS="2181" WIDTH="84" HEIGHT="33" CONTENT="Feb'" WC="0.75" CC="0126" STYLEREFS="TXT_2"/>
						<SP ID="P3_SP01013" HPOS="1809" VPOS="2215" WIDTH="24"/>
						<String ID="word001051" HPOS="1833" VPOS="2179" WIDTH="59" HEIGHT="40" CONTENT="10," WC="0.85" CC="310"/>
						<SP ID="P3_SP01014" HPOS="1892" VPOS="2219" WIDTH="30"/>
						<String ID="word001052" HPOS="1922" VPOS="2174" WIDTH="104" HEIGHT="33" CONTENT="1809." WC="0.98" CC="01000"/>
						<SP ID="P3_SP01015" HPOS="2026" VPOS="2219" WIDTH="691"/>
						<String ID="word001053" HPOS="2717" VPOS="2151" WIDTH="228" HEIGHT="35" CONTENT="ONESIMUS•" WC="0.32" CC="476773777" STYLEREFS="TXT_2"/>
						<SP ID="P3_SP01016" HPOS="2944" VPOS="2219" WIDTH="0"/>
					</TextLine>
				</TextBlock>
				<TextBlock ID="pa0003009" HPOS="1939" VPOS="2268" WIDTH="798" HEIGHT="65" STYLEREFS="TXT_1 PAR_RIGHT">
					<TextLine ID="P3_TL00112" HPOS="1939" VPOS="2269" WIDTH="798" HEIGHT="64">
						<String ID="word001054" HPOS="1939" VPOS="2285" WIDTH="321" HEIGHT="47" CONTENT="IMPERIAL" WC="0.88" CC="10003230"/>
						<SP ID="P3_SP01017" HPOS="2261" VPOS="2333" WIDTH="32"/>
						<String ID="word001055" HPOS="2293" VPOS="2269" WIDTH="444" HEIGHT="57" CONTENT="PARLIAMENT." WC="0.98" CC="01001000000"/>
						<SP ID="P3_SP01018" HPOS="2737" VPOS="2333" WIDTH="0"/>
					</TextLine>
				</TextBlock>
				<TextBlock ID="pa0003010" HPOS="2099" VPOS="2404" WIDTH="490" HEIGHT="52" STYLEREFS="TXT_1 PAR_RIGHT">
					<TextLine ID="P3_TL00113" HPOS="2099" VPOS="2405" WIDTH="490" HEIGHT="51">
						<String ID="word001056" HPOS="2099" VPOS="2415" WIDTH="174" HEIGHT="40" CONTENT="lIOCSE" WC="0.37" CC="663838"/>
						<SP ID="P3_SP01019" HPOS="2272" VPOS="2456" WIDTH="30"/>
						<String ID="word001057" HPOS="2302" VPOS="2412" WIDTH="66" HEIGHT="39" CONTENT="OF" WC="1.00" CC="00"/>
						<SP ID="P3_SP01020" HPOS="2368" VPOS="2456" WIDTH="31"/>
						<String ID="word001058" HPOS="2399" VPOS="2405" WIDTH="190" HEIGHT="44" CONTENT="LORDS." WC="1.00" CC="000000"/>
						<SP ID="P3_SP01021" HPOS="2589" VPOS="2456" WIDTH="0"/>
					</TextLine>
				</TextBlock>
				<TextBlock ID="pa0003011" HPOS="1693" VPOS="2512" WIDTH="1326" HEIGHT="599" STYLEREFS="TXT_1 PAR_LEFT">
					<Shape>
						<Polygon POINTS="1693,3111 1693,2512 3019,2512 3019,3063 1794,3063 1794,3109 1779,3109 1779,3111"/>
					</Shape>
					<TextLine ID="P3_TL00114" HPOS="2145" VPOS="2512" WIDTH="696" HEIGHT="46">
						<String ID="word001059" HPOS="2145" VPOS="2524" WIDTH="229" HEIGHT="34" CONTENT="TUESDAY," WC="0.76" CC="14341013"/>
						<SP ID="P3_SP01022" HPOS="2374" VPOS="2558" WIDTH="20"/>
						<String ID="word001060" HPOS="2394" VPOS="2516" WIDTH="31" HEIGHT="34" CONTENT="1?" WC="0.44" CC="37"/>
						<SP ID="P3_SP01023" HPOS="2425" VPOS="2558" WIDTH="8"/>
						<String ID="word001061" HPOS="2433" VPOS="2525" WIDTH="63" HEIGHT="24" CONTENT="Ea." WC="0.48" CC="662"/>
						<SP ID="P3_SP01024" HPOS="2496" VPOS="2558" WIDTH="13"/>
						<String ID="word001062" HPOS="2509" VPOS="2513" WIDTH="40" HEIGHT="35" CONTENT="1." WC="0.72" CC="41" STYLEREFS="TXT_2"/>
						<SP ID="P3_SP01025" HPOS="2549" VPOS="2558" WIDTH="283"/>
						<String ID="word001063" HPOS="2832" VPOS="2512" WIDTH="8" HEIGHT="7" CONTENT="•" WC="0.22" CC="7"/>
						<SP ID="P3_SP01026" HPOS="2841" VPOS="2558" WIDTH="0"/>
					</TextLine>
					<TextLine ID="P3_TL00115" HPOS="2098" VPOS="2574" WIDTH="501" HEIGHT="44">
						<String ID="word001064" HPOS="2098" VPOS="2589" WIDTH="92" HEIGHT="28" CONTENT="THE" WC="0.30" CC="766"/>
						<SP ID="P3_SP01027" HPOS="2190" VPOS="2617" WIDTH="28"/>
						<String ID="word001065" HPOS="2218" VPOS="2584" WIDTH="120" HEIGHT="27" CONTENT="DUKE" WC="0.92" CC="1110"/>
						<SP ID="P3_SP01028" HPOS="2339" VPOS="2617" WIDTH="30"/>
						<String ID="word001066" HPOS="2368" VPOS="2583" WIDTH="54" HEIGHT="22" CONTENT="OF" WC="1.00" CC="00"/>
						<SP ID="P3_SP01029" HPOS="2422" VPOS="2617" WIDTH="32"/>
						<String ID="word001067" HPOS="2454" VPOS="2574" WIDTH="144" HEIGHT="31" CONTENT="YORK." WC="0.73" CC="43311"/>
						<SP ID="P3_SP01030" HPOS="2598" VPOS="2617" WIDTH="0"/>
					</TextLine>
					<TextLine ID="P3_TL00116" HPOS="1739" VPOS="2616" WIDTH="1271" HEIGHT="70">
						<String ID="word001068" HPOS="1739" VPOS="2650" WIDTH="78" HEIGHT="35" CONTENT="The" WC="0.96" CC="001"/>
						<SP ID="P3_SP01031" HPOS="1817" VPOS="2686" WIDTH="14"/>
						<String ID="word001069" HPOS="1831" VPOS="2648" WIDTH="116" HEIGHT="35" CONTENT="Duke" WC="0.89" CC="4000"/>
						<SP ID="P3_SP01032" HPOS="1946" VPOS="2686" WIDTH="18"/>
						<String ID="word001070" HPOS="1964" VPOS="2644" WIDTH="43" HEIGHT="34" CONTENT="of" WC="0.94" CC="01"/>
						<SP ID="P3_SP01033" HPOS="2007" VPOS="2686" WIDTH="11"/>
						<String ID="word001071" HPOS="2017" VPOS="2644" WIDTH="94" HEIGHT="34" CONTENT="Kent" WC="0.81" CC="4120"/>
						<SP ID="P3_SP01034" HPOS="2112" VPOS="2686" WIDTH="14"/>
						<String ID="word001072" HPOS="2126" VPOS="2641" WIDTH="92" HEIGHT="39" CONTENT="said," WC="0.71" CC="31351"/>
						<SP ID="P3_SP01035" HPOS="2218" VPOS="2686" WIDTH="28"/>
						<String ID="word001073" HPOS="2246" VPOS="2639" WIDTH="77" HEIGHT="33" CONTENT="that" WC="0.94" CC="0101"/>
						<SP ID="P3_SP01036" HPOS="2323" VPOS="2686" WIDTH="20"/>
						<String ID="word001074" HPOS="2343" VPOS="2631" WIDTH="190" HEIGHT="40" CONTENT="observing" WC="0.72" CC="150415331"/>
						<SP ID="P3_SP01037" HPOS="2533" VPOS="2686" WIDTH="13"/>
						<String ID="word001075" HPOS="2546" VPOS="2639" WIDTH="47" HEIGHT="24" CONTENT="an" WC="0.50" CC="54"/>
						<SP ID="P3_SP01038" HPOS="2594" VPOS="2686" WIDTH="14"/>
						<String ID="word001076" HPOS="2608" VPOS="2622" WIDTH="213" HEIGHT="48" CONTENT="imprevion" WC="0.54" CC="333338833"/>
						<SP ID="P3_SP01039" HPOS="2820" VPOS="2686" WIDTH="13"/>
						<String ID="word001077" HPOS="2833" VPOS="2616" WIDTH="71" HEIGHT="37" CONTENT="had" WC="0.89" CC="030"/>
						<SP ID="P3_SP01040" HPOS="2904" VPOS="2686" WIDTH="14"/>
						<String ID="word001078" HPOS="2919" VPOS="2626" WIDTH="91" HEIGHT="37" CONTENT="gone" WC="1.00" CC="0000"/>
						<SP ID="P3_SP01041" HPOS="3009" VPOS="2686" WIDTH="0"/>
					</TextLine>
					<TextLine ID="P3_TL00117" HPOS="1693" VPOS="2665" WIDTH="1318" HEIGHT="74">
						<String ID="word001079" HPOS="1693" VPOS="2699" WIDTH="135" HEIGHT="35" CONTENT="abroad" WC="0.93" CC="110011"/>
						<SP ID="P3_SP01042" HPOS="1827" VPOS="2734" WIDTH="20"/>
						<String ID="word001080" HPOS="1847" VPOS="2695" WIDTH="204" HEIGHT="44" CONTENT="respecting" WC="0.89" CC="0330010021"/>
						<SP ID="P3_SP01043" HPOS="2052" VPOS="2739" WIDTH="22"/>
						<String ID="word001081" HPOS="2074" VPOS="2702" WIDTH="22" HEIGHT="21" CONTENT="a" WC="0.89" CC="1"/>
						<SP ID="P3_SP01044" HPOS="2096" VPOS="2739" WIDTH="28"/>
						<String ID="word001082" HPOS="2125" VPOS="2688" WIDTH="209" HEIGHT="34" CONTENT="daerence," WC="0.47" CC="455547553"/>
						<SP ID="P3_SP01045" HPOS="2334" VPOS="2739" WIDTH="26"/>
						<String ID="word001083" HPOS="2360" VPOS="2676" WIDTH="181" HEIGHT="48" CONTENT="suppw•eil" WC="0.41" CC="553488555"/>
						<SP ID="P3_SP01046" HPOS="2541" VPOS="2739" WIDTH="27"/>
						<String ID="word001084" HPOS="2568" VPOS="2682" WIDTH="37" HEIGHT="25" CONTENT="to" WC="1.00" CC="00"/>
						<SP ID="P3_SP01047" HPOS="2604" VPOS="2739" WIDTH="18"/>
						<String ID="word001085" HPOS="2622" VPOS="2672" WIDTH="129" HEIGHT="34" CONTENT="subsist" WC="0.82" CC="3300311"/>
						<SP ID="P3_SP01048" HPOS="2751" VPOS="2739" WIDTH="18"/>
						<String ID="word001086" HPOS="2769" VPOS="2670" WIDTH="163" HEIGHT="32" CONTENT="between" WC="0.95" CC="0100011"/>
						<SP ID="P3_SP01049" HPOS="2931" VPOS="2739" WIDTH="17"/>
						<String ID="word001087" HPOS="2948" VPOS="2665" WIDTH="63" HEIGHT="32" CONTENT="the" WC="0.78" CC="600"/>
						<SP ID="P3_SP01050" HPOS="3011" VPOS="2739" WIDTH="0"/>
					</TextLine>
					<TextLine ID="P3_TL00118" HPOS="1698" VPOS="2713" WIDTH="1312" HEIGHT="69">
						<String ID="word001088" HPOS="1698" VPOS="2744" WIDTH="239" HEIGHT="38" CONTENT="Commander" WC="0.73" CC="415330033"/>
						<SP ID="P3_SP01051" HPOS="1937" VPOS="2781" WIDTH="19"/>
						<String ID="word001089" HPOS="1956" VPOS="2743" WIDTH="34" HEIGHT="32" CONTENT="in" WC="0.94" CC="01"/>
						<SP ID="P3_SP01052" HPOS="1990" VPOS="2781" WIDTH="21"/>
						<String ID="word001090" HPOS="2011" VPOS="2737" WIDTH="111" HEIGHT="34" CONTENT="Chief" WC="0.82" CC="11330"/>
						<SP ID="P3_SP01053" HPOS="2122" VPOS="2781" WIDTH="20"/>
						<String ID="word001091" HPOS="2143" VPOS="2735" WIDTH="70" HEIGHT="33" CONTENT="and" WC="0.89" CC="111"/>
						<SP ID="P3_SP01054" HPOS="2212" VPOS="2781" WIDTH="33"/>
						<String ID="word001092" HPOS="2245" VPOS="2727" WIDTH="164" HEIGHT="39" CONTENT="himself;" WC="0.72" CC="12435320"/>
						<SP ID="P3_SP01055" HPOS="2409" VPOS="2781" WIDTH="30"/>
						<String ID="word001093" HPOS="2439" VPOS="2728" WIDTH="44" HEIGHT="31" CONTENT="he" WC="0.94" CC="10"/>
						<SP ID="P3_SP01056" HPOS="2483" VPOS="2781" WIDTH="28"/>
						<String ID="word001094" HPOS="2511" VPOS="2720" WIDTH="138" HEIGHT="35" CONTENT="wished" WC="0.96" CC="110000"/>
						<SP ID="P3_SP01057" HPOS="2649" VPOS="2781" WIDTH="28"/>
						<String ID="word001095" HPOS="2678" VPOS="2718" WIDTH="79" HEIGHT="33" CONTENT="thus" WC="1.00" CC="0000"/>
						<SP ID="P3_SP01058" HPOS="2757" VPOS="2781" WIDTH="31"/>
						<String ID="word001096" HPOS="2787" VPOS="2713" WIDTH="164" HEIGHT="46" CONTENT="publicly" WC="0.96" CC="03000000"/>
						<SP ID="P3_SP01059" HPOS="2952" VPOS="2781" WIDTH="20"/>
						<String ID="word001097" HPOS="2972" VPOS="2715" WIDTH="38" HEIGHT="27" CONTENT="to" WC="1.00" CC="00"/>
						<SP ID="P3_SP01060" HPOS="3009" VPOS="2781" WIDTH="0"/>
					</TextLine>
					<TextLine ID="P3_TL00119" HPOS="1697" VPOS="2756" WIDTH="1317" HEIGHT="78">
						<String ID="word001098" HPOS="1697" VPOS="2802" WIDTH="105" HEIGHT="32" CONTENT="state," WC="0.65" CC="113275"/>
						<SP ID="P3_SP01061" HPOS="1802" VPOS="2833" WIDTH="25"/>
						<String ID="word001099" HPOS="1827" VPOS="2793" WIDTH="98" HEIGHT="32" CONTENT="that." WC="0.71" CC="13225"/>
						<SP ID="P3_SP01062" HPOS="1925" VPOS="2833" WIDTH="28"/>
						<String ID="word001100" HPOS="1954" VPOS="2792" WIDTH="170" HEIGHT="28" CONTENT="however" WC="0.63" CC="3235442"/>
						<SP ID="P3_SP01063" HPOS="2124" VPOS="2833" WIDTH="24"/>
						<String ID="word001101" HPOS="2147" VPOS="2783" WIDTH="104" HEIGHT="33" CONTENT="there" WC="1.00" CC="00000"/>
						<SP ID="P3_SP01064" HPOS="2251" VPOS="2833" WIDTH="34"/>
						<String ID="word001102" HPOS="2285" VPOS="2777" WIDTH="115" HEIGHT="41" CONTENT="might" WC="0.76" CC="23330"/>
						<SP ID="P3_SP01065" HPOS="2400" VPOS="2833" WIDTH="22"/>
						<String ID="word001103" HPOS="2422" VPOS="2774" WIDTH="92" HEIGHT="32" CONTENT="have" WC="0.94" CC="0101"/>
						<SP ID="P3_SP01066" HPOS="2515" VPOS="2833" WIDTH="19"/>
						<String ID="word001104" HPOS="2533" VPOS="2770" WIDTH="90" HEIGHT="32" CONTENT="been" WC="0.94" CC="1100"/>
						<SP ID="P3_SP01067" HPOS="2623" VPOS="2833" WIDTH="17"/>
						<String ID="word001105" HPOS="2640" VPOS="2777" WIDTH="24" HEIGHT="22" CONTENT="a" WC="1.00" CC="0"/>
						<SP ID="P3_SP01068" HPOS="2663" VPOS="2833" WIDTH="25"/>
						<String ID="word001106" HPOS="2688" VPOS="2759" WIDTH="234" HEIGHT="50" CONTENT="professional" WC="0.91" CC="001131011110"/>
						<SP ID="P3_SP01069" HPOS="2922" VPOS="2833" WIDTH="19"/>
						<String ID="word001107" HPOS="2941" VPOS="2756" WIDTH="73" HEIGHT="33" CONTENT="(lir." WC="0.56" CC="75233"/>
						<SP ID="P3_SP01070" HPOS="3014" VPOS="2833" WIDTH="0"/>
					</TextLine>
					<TextLine ID="P3_TL00120" HPOS="1701" VPOS="2804" WIDTH="1311" HEIGHT="72">
						<String ID="word001108" HPOS="1701" VPOS="2843" WIDTH="151" HEIGHT="33" CONTENT="fei%.nce." WC="0.34" CC="488875355"/>
						<SP ID="P3_SP01071" HPOS="1852" VPOS="2876" WIDTH="26"/>
						<String ID="word001109" HPOS="1878" VPOS="2838" WIDTH="103" HEIGHT="33" CONTENT="there" WC="0.89" CC="03200"/>
						<SP ID="P3_SP01072" HPOS="1981" VPOS="2876" WIDTH="19"/>
						<String ID="word001110" HPOS="2000" VPOS="2845" WIDTH="73" HEIGHT="22" CONTENT="was" WC="0.56" CC="624"/>
						<SP ID="P3_SP01073" HPOS="2073" VPOS="2876" WIDTH="13"/>
						<String ID="word001111" HPOS="2086" VPOS="2843" WIDTH="45" HEIGHT="21" CONTENT="no" WC="0.72" CC="14"/>
						<SP ID="P3_SP01074" HPOS="2131" VPOS="2876" WIDTH="18"/>
						<String ID="word001112" HPOS="2148" VPOS="2829" WIDTH="131" HEIGHT="34" CONTENT="schism" WC="0.67" CC="233343"/>
						<SP ID="P3_SP01075" HPOS="2280" VPOS="2876" WIDTH="17"/>
						<String ID="word001113" HPOS="2296" VPOS="2828" WIDTH="165" HEIGHT="30" CONTENT="between" WC="0.62" CC="1135545"/>
						<SP ID="P3_SP01076" HPOS="2461" VPOS="2876" WIDTH="15"/>
						<String ID="word001114" HPOS="2477" VPOS="2819" WIDTH="113" HEIGHT="34" CONTENT="them," WC="0.80" CC="00441"/>
						<SP ID="P3_SP01077" HPOS="2590" VPOS="2876" WIDTH="20"/>
						<String ID="word001115" HPOS="2610" VPOS="2815" WIDTH="99" HEIGHT="32" CONTENT="there" WC="0.98" CC="00100"/>
						<SP ID="P3_SP01078" HPOS="2709" VPOS="2876" WIDTH="20"/>
						<String ID="word001116" HPOS="2730" VPOS="2820" WIDTH="73" HEIGHT="21" CONTENT="was" WC="0.67" CC="135"/>
						<SP ID="P3_SP01079" HPOS="2803" VPOS="2876" WIDTH="18"/>
						<String ID="word001117" HPOS="2820" VPOS="2818" WIDTH="46" HEIGHT="22" CONTENT="no" WC="0.78" CC="13"/>
						<SP ID="P3_SP01080" HPOS="2867" VPOS="2876" WIDTH="17"/>
						<String ID="word001118" HPOS="2883" VPOS="2804" WIDTH="129" HEIGHT="34" CONTENT="schism" WC="0.59" CC="333364"/>
						<SP ID="P3_SP01081" HPOS="3012" VPOS="2876" WIDTH="0"/>
					</TextLine>
					<TextLine ID="P3_TL00121" HPOS="1703" VPOS="2850" WIDTH="1314" HEIGHT="74">
						<String ID="word001119" HPOS="1703" VPOS="2893" WIDTH="33" HEIGHT="31" CONTENT="in" WC="0.61" CC="25"/>
						<SP ID="P3_SP01082" HPOS="1736" VPOS="2923" WIDTH="18"/>
						<String ID="word001120" HPOS="1754" VPOS="2888" WIDTH="57" HEIGHT="33" CONTENT="tit:," WC="0.38" CC="55666"/>
						<SP ID="P3_SP01083" HPOS="1811" VPOS="2923" WIDTH="304"/>
						<String ID="word001121" HPOS="2114" VPOS="2872" WIDTH="175" HEIGHT="46" CONTENT="regarded" WC="0.72" CC="24112334"/>
						<SP ID="P3_SP01084" HPOS="2289" VPOS="2923" WIDTH="30"/>
						<String ID="word001122" HPOS="2319" VPOS="2871" WIDTH="59" HEIGHT="32" CONTENT="the" WC="0.67" CC="423"/>
						<SP ID="P3_SP01085" HPOS="2378" VPOS="2923" WIDTH="21"/>
						<String ID="word001123" HPOS="2399" VPOS="2862" WIDTH="241" HEIGHT="39" CONTENT="Commander" WC="0.74" CC="233333031"/>
						<SP ID="P3_SP01086" HPOS="2640" VPOS="2923" WIDTH="25"/>
						<String ID="word001124" HPOS="2665" VPOS="2859" WIDTH="34" HEIGHT="32" CONTENT="in" WC="1.00" CC="00"/>
						<SP ID="P3_SP01087" HPOS="2699" VPOS="2923" WIDTH="15"/>
						<String ID="word001125" HPOS="2714" VPOS="2854" WIDTH="117" HEIGHT="39" CONTENT="Chief" WC="1.00" CC="00000"/>
						<SP ID="P3_SP01088" HPOS="2831" VPOS="2923" WIDTH="15"/>
						<String ID="word001126" HPOS="2846" VPOS="2851" WIDTH="87" HEIGHT="34" CONTENT="with" WC="0.92" CC="2100"/>
						<SP ID="P3_SP01089" HPOS="2934" VPOS="2923" WIDTH="19"/>
						<String ID="word001127" HPOS="2953" VPOS="2850" WIDTH="64" HEIGHT="33" CONTENT="the" WC="1.00" CC="000"/>
						<SP ID="P3_SP01090" HPOS="3017" VPOS="2923" WIDTH="0"/>
					</TextLine>
					<TextLine ID="P3_TL00122" HPOS="1704" VPOS="2897" WIDTH="1314" HEIGHT="81">
						<String ID="word001128" HPOS="1704" VPOS="2937" WIDTH="144" HEIGHT="40" CONTENT="feelings" WC="0.74" CC="44340211"/>
						<SP ID="P3_SP01091" HPOS="1848" VPOS="2978" WIDTH="19"/>
						<String ID="word001129" HPOS="1867" VPOS="2931" WIDTH="41" HEIGHT="33" CONTENT="of" WC="0.56" CC="44"/>
						<SP ID="P3_SP01092" HPOS="1909" VPOS="2978" WIDTH="15"/>
						<String ID="word001130" HPOS="1924" VPOS="2943" WIDTH="22" HEIGHT="21" CONTENT="a" WC="0.89" CC="1"/>
						<SP ID="P3_SP01093" HPOS="1946" VPOS="2978" WIDTH="25"/>
						<String ID="word001131" HPOS="1971" VPOS="2927" WIDTH="117" HEIGHT="38" CONTENT="friend" WC="0.74" CC="053330"/>
						<SP ID="P3_SP01094" HPOS="2088" VPOS="2978" WIDTH="27"/>
						<String ID="word001132" HPOS="2115" VPOS="2924" WIDTH="72" HEIGHT="34" CONTENT="and" WC="0.81" CC="104"/>
						<SP ID="P3_SP01095" HPOS="2187" VPOS="2978" WIDTH="27"/>
						<String ID="word001133" HPOS="2215" VPOS="2931" WIDTH="24" HEIGHT="24" CONTENT="a" WC="0.89" CC="1"/>
						<SP ID="P3_SP01096" HPOS="2238" VPOS="2978" WIDTH="28"/>
						<String ID="word001134" HPOS="2267" VPOS="2919" WIDTH="167" HEIGHT="35" CONTENT="brother," WC="0.78" CC="30622201"/>
						<SP ID="P3_SP01097" HPOS="2433" VPOS="2978" WIDTH="27"/>
						<String ID="word001135" HPOS="2460" VPOS="2911" WIDTH="69" HEIGHT="33" CONTENT="and" WC="0.96" CC="100"/>
						<SP ID="P3_SP01098" HPOS="2529" VPOS="2978" WIDTH="33"/>
						<String ID="word001136" HPOS="2562" VPOS="2910" WIDTH="44" HEIGHT="32" CONTENT="he" WC="0.67" CC="51"/>
						<SP ID="P3_SP01099" HPOS="2606" VPOS="2978" WIDTH="20"/>
						<String ID="word001137" HPOS="2626" VPOS="2904" WIDTH="136" HEIGHT="35" CONTENT="wished" WC="0.80" CC="313031"/>
						<SP ID="P3_SP01100" HPOS="2761" VPOS="2978" WIDTH="19"/>
						<String ID="word001138" HPOS="2780" VPOS="2909" WIDTH="37" HEIGHT="26" CONTENT="to" WC="1.00" CC="00"/>
						<SP ID="P3_SP01101" HPOS="2817" VPOS="2978" WIDTH="24"/>
						<String ID="word001139" HPOS="2841" VPOS="2900" WIDTH="81" HEIGHT="40" CONTENT="give" WC="0.94" CC="1100"/>
						<SP ID="P3_SP01102" HPOS="2922" VPOS="2978" WIDTH="19"/>
						<String ID="word001140" HPOS="2941" VPOS="2897" WIDTH="77" HEIGHT="32" CONTENT="him" WC="0.52" CC="157"/>
						<SP ID="P3_SP01103" HPOS="3018" VPOS="2978" WIDTH="0"/>
					</TextLine>
					<TextLine ID="P3_TL00123" HPOS="1704" VPOS="2944" WIDTH="1315" HEIGHT="81">
						<String ID="word001141" HPOS="1704" VPOS="2993" WIDTH="106" HEIGHT="24" CONTENT="every" WC="0.87" CC="03201"/>
						<SP ID="P3_SP01104" HPOS="1811" VPOS="3017" WIDTH="21"/>
						<String ID="word001142" HPOS="1832" VPOS="2978" WIDTH="161" HEIGHT="47" CONTENT="possible" WC="0.69" CC="13333333"/>
						<SP ID="P3_SP01105" HPOS="1993" VPOS="3025" WIDTH="15"/>
						<String ID="word001143" HPOS="2008" VPOS="2979" WIDTH="171" HEIGHT="39" CONTENT="support." WC="0.89" CC="11111111"/>
						<SP ID="P3_SP01106" HPOS="2179" VPOS="3025" WIDTH="57"/>
						<String ID="word001144" HPOS="2236" VPOS="2968" WIDTH="57" HEIGHT="33" CONTENT="lie" WC="0.93" CC="110"/>
						<SP ID="P3_SP01107" HPOS="2293" VPOS="3025" WIDTH="13"/>
						<String ID="word001145" HPOS="2306" VPOS="2974" WIDTH="73" HEIGHT="22" CONTENT="was" WC="0.96" CC="001"/>
						<SP ID="P3_SP01108" HPOS="2379" VPOS="3025" WIDTH="13"/>
						<String ID="word001146" HPOS="2392" VPOS="2960" WIDTH="119" HEIGHT="41" CONTENT="firmly" WC="0.72" CC="331341"/>
						<SP ID="P3_SP01109" HPOS="2511" VPOS="3025" WIDTH="15"/>
						<String ID="word001147" HPOS="2526" VPOS="2952" WIDTH="195" HEIGHT="39" CONTENT="convinced" WC="0.96" CC="100010010"/>
						<SP ID="P3_SP01110" HPOS="2721" VPOS="3025" WIDTH="15"/>
						<String ID="word001148" HPOS="2737" VPOS="2950" WIDTH="78" HEIGHT="33" CONTENT="that" WC="0.97" CC="0010"/>
						<SP ID="P3_SP01111" HPOS="2815" VPOS="3025" WIDTH="18"/>
						<String ID="word001149" HPOS="2832" VPOS="2946" WIDTH="60" HEIGHT="34" CONTENT="the" WC="1.00" CC="000"/>
						<SP ID="P3_SP01112" HPOS="2893" VPOS="3025" WIDTH="17"/>
						<String ID="word001150" HPOS="2909" VPOS="2944" WIDTH="83" HEIGHT="33" CONTENT="Com" SUBS_TYPE="HypPart1" SUBS_CONTENT="Commander" WC="0.81" CC="005"/>
						<HYP HPOS="2992" VPOS="2944" WIDTH="27" CONTENT="-"/>
					</TextLine>
					<TextLine ID="P3_TL00124" HPOS="1708" VPOS="2993" WIDTH="1311" HEIGHT="71">
						<String ID="word001151" HPOS="1708" VPOS="3030" WIDTH="139" HEIGHT="34" CONTENT="mander" SUBS_TYPE="HypPart2" SUBS_CONTENT="Commander" WC="0.81" CC="313300"/>
						<SP ID="P3_SP01113" HPOS="1847" VPOS="3064" WIDTH="28"/>
						<String ID="word001152" HPOS="1876" VPOS="3028" WIDTH="34" HEIGHT="33" CONTENT="in" WC="0.78" CC="04"/>
						<SP ID="P3_SP01114" HPOS="1910" VPOS="3064" WIDTH="13"/>
						<String ID="word001153" HPOS="1923" VPOS="3022" WIDTH="113" HEIGHT="38" CONTENT="Chief" WC="0.98" CC="10000"/>
						<SP ID="P3_SP01115" HPOS="2036" VPOS="3064" WIDTH="15"/>
						<String ID="word001154" HPOS="2052" VPOS="3031" WIDTH="73" HEIGHT="25" CONTENT="was" WC="0.78" CC="510"/>
						<SP ID="P3_SP01116" HPOS="2125" VPOS="3064" WIDTH="17"/>
						<String ID="word001155" HPOS="2141" VPOS="3017" WIDTH="103" HEIGHT="46" CONTENT="quite" WC="0.98" CC="01000"/>
						<SP ID="P3_SP01117" HPOS="2244" VPOS="3064" WIDTH="31"/>
						<String ID="word001156" HPOS="2275" VPOS="3008" WIDTH="198" HEIGHT="46" CONTENT="incapable" WC="0.74" CC="131531133"/>
						<SP ID="P3_SP01118" HPOS="2473" VPOS="3064" WIDTH="12"/>
						<String ID="word001157" HPOS="2485" VPOS="3004" WIDTH="44" HEIGHT="34" CONTENT="of" WC="0.83" CC="30"/>
						<SP ID="P3_SP01119" HPOS="2529" VPOS="3064" WIDTH="14"/>
						<String ID="word001158" HPOS="2543" VPOS="3004" WIDTH="61" HEIGHT="33" CONTENT="the" WC="1.00" CC="000"/>
						<SP ID="P3_SP01120" HPOS="2604" VPOS="3064" WIDTH="15"/>
						<String ID="word001159" HPOS="2620" VPOS="2996" WIDTH="156" HEIGHT="39" CONTENT="conduct" WC="0.95" CC="0110100"/>
						<SP ID="P3_SP01121" HPOS="2776" VPOS="3064" WIDTH="17"/>
						<String ID="word001160" HPOS="2792" VPOS="2993" WIDTH="164" HEIGHT="45" CONTENT="imputed" WC="0.92" CC="0131000"/>
						<SP ID="P3_SP01122" HPOS="2956" VPOS="3064" WIDTH="25"/>
						<String ID="word001161" HPOS="2981" VPOS="2995" WIDTH="38" HEIGHT="28" CONTENT="to" WC="1.00" CC="00"/>
						<SP ID="P3_SP01123" HPOS="3019" VPOS="3064" WIDTH="0"/>
					</TextLine>
					<TextLine ID="P3_TL00125" HPOS="1693" VPOS="3079" WIDTH="103" HEIGHT="32">
						<String ID="word001162" HPOS="1693" VPOS="3079" WIDTH="1" HEIGHT="32" CONTENT="I" WC="0.44" CC="5"/>
						<SP ID="P3_SP01124" HPOS="1694" VPOS="3111" WIDTH="18"/>
						<String ID="word001163" HPOS="1711" VPOS="3079" WIDTH="84" HEIGHT="32" CONTENT="him." WC="0.97" CC="0010"/>
						<SP ID="P3_SP01125" HPOS="1795" VPOS="3111" WIDTH="0"/>
					</TextLine>
				</TextBlock>
				<TextBlock ID="pa0003012" HPOS="1719" VPOS="3104" WIDTH="1349" HEIGHT="1054" STYLEREFS="TXT_4 PAR_BLOCK">
					<Shape>
						<Polygon POINTS="1719,3281 1719,3226 1760,3172 1761,3172 2096,3124 2215,3118 2546,3104 3067,3104 3067,4157 1719,4157"/>
					</Shape>
					<TextLine ID="P3_TL00126" HPOS="2094" VPOS="3104" WIDTH="545" HEIGHT="45">
						<String ID="word001164" HPOS="2094" VPOS="3124" WIDTH="41" HEIGHT="25" CONTENT="ST" WC="0.83" CC="03" STYLEREFS="TXT_0"/>
						<SP ID="P3_SP01126" HPOS="2135" VPOS="3149" WIDTH="13"/>
						<String ID="word001165" HPOS="2148" VPOS="3120" WIDTH="76" HEIGHT="26" CONTENT="NTS" WC="0.52" CC="706" STYLEREFS="TXT_0"/>
						<SP ID="P3_SP01127" HPOS="2224" VPOS="3149" WIDTH="28"/>
						<String ID="word001166" HPOS="2252" VPOS="3117" WIDTH="54" HEIGHT="26" CONTENT="Or" WC="0.72" CC="14" STYLEREFS="TXT_0"/>
						<SP ID="P3_SP01128" HPOS="2307" VPOS="3149" WIDTH="28"/>
						<String ID="word001167" HPOS="2335" VPOS="3112" WIDTH="87" HEIGHT="28" CONTENT="TJLF" WC="0.53" CC="4445" STYLEREFS="TXT_0"/>
						<SP ID="P3_SP01129" HPOS="2422" VPOS="3149" WIDTH="32"/>
						<String ID="word001168" HPOS="2454" VPOS="3104" WIDTH="184" HEIGHT="30" CONTENT="Nartos." WC="0.30" CC="3878783"/>
						<SP ID="P3_SP01130" HPOS="2639" VPOS="3149" WIDTH="0"/>
					</TextLine>
					<TextLine ID="P3_TL00127" HPOS="1760" VPOS="3125" WIDTH="1272" HEIGHT="81">
						<String ID="word001169" HPOS="1760" VPOS="3171" WIDTH="86" HEIGHT="34" CONTENT="Earl" WC="0.61" CC="6602"/>
						<SP ID="P3_SP01131" HPOS="1846" VPOS="3206" WIDTH="31"/>
						<String ID="word001170" HPOS="1877" VPOS="3170" WIDTH="60" HEIGHT="34" CONTENT="On" WC="0.39" CC="83"/>
						<SP ID="P3_SP01132" HPOS="1937" VPOS="3206" WIDTH="9"/>
						<String ID="word001171" HPOS="1946" VPOS="3175" WIDTH="74" HEIGHT="25" CONTENT="oSV" WC="0.56" CC="488"/>
						<SP ID="P3_SP01133" HPOS="2021" VPOS="3206" WIDTH="11"/>
						<String ID="word001172" HPOS="2031" VPOS="3172" WIDTH="51" HEIGHT="27" CONTENT="EN" WC="0.44" CC="73" STYLEREFS="TXT_0"/>
						<SP ID="P3_SP01134" HPOS="2082" VPOS="3206" WIDTH="45"/>
						<String ID="word001173" HPOS="2127" VPOS="3172" WIDTH="22" HEIGHT="21" CONTENT="11." WC="0.15" CC="788" STYLEREFS="TXT_0"/>
						<SP ID="P3_SP01135" HPOS="2150" VPOS="3206" WIDTH="32"/>
						<String ID="word001174" HPOS="2181" VPOS="3156" WIDTH="123" HEIGHT="37" CONTENT="WOUid" WC="0.35" CC="66674" STYLEREFS="TXT_0"/>
						<SP ID="P3_SP01136" HPOS="2304" VPOS="3206" WIDTH="34"/>
						<String ID="word001175" HPOS="2339" VPOS="3154" WIDTH="152" HEIGHT="32" CONTENT="observe" WC="0.43" CC="5764086" STYLEREFS="TXT_0"/>
						<SP ID="P3_SP01137" HPOS="2491" VPOS="3206" WIDTH="24"/>
						<String ID="word001176" HPOS="2515" VPOS="3156" WIDTH="39" HEIGHT="22" CONTENT="aS" WC="0.39" CC="47" STYLEREFS="TXT_0"/>
						<SP ID="P3_SP01138" HPOS="2554" VPOS="3206" WIDTH="18"/>
						<String ID="word001177" HPOS="2571" VPOS="3155" WIDTH="22" HEIGHT="21" CONTENT="a" WC="0.89" CC="1"/>
						<SP ID="P3_SP01139" HPOS="2594" VPOS="3206" WIDTH="19"/>
						<String ID="word001178" HPOS="2613" VPOS="3138" WIDTH="259" HEIGHT="47" CONTENT="preliminary," WC="0.94" CC="000110100012"/>
						<SP ID="P3_SP01140" HPOS="2871" VPOS="3206" WIDTH="24"/>
						<String ID="word001179" HPOS="2895" VPOS="3132" WIDTH="80" HEIGHT="35" CONTENT="that" WC="0.97" CC="0100"/>
						<SP ID="P3_SP01141" HPOS="2975" VPOS="3206" WIDTH="21"/>
						<String ID="word001180" HPOS="2996" VPOS="3125" WIDTH="35" HEIGHT="40" CONTENT="it" WC="0.67" CC="06"/>
						<SP ID="P3_SP01142" HPOS="3032" VPOS="3206" WIDTH="0"/>
					</TextLine>
					<TextLine ID="P3_TL00128" HPOS="1719" VPOS="3180" WIDTH="1312" HEIGHT="78">
						<String ID="word001181" HPOS="1719" VPOS="3221" WIDTH="89" HEIGHT="33" CONTENT="their" WC="0.73" CC="10452"/>
						<SP ID="P3_SP01143" HPOS="1807" VPOS="3254" WIDTH="21"/>
						<String ID="word001182" HPOS="1828" VPOS="3214" WIDTH="200" HEIGHT="44" CONTENT="Lordships" WC="0.88" CC="200142010"/>
						<SP ID="P3_SP01144" HPOS="2028" VPOS="3257" WIDTH="24"/>
						<String ID="word001183" HPOS="2052" VPOS="3207" WIDTH="130" HEIGHT="37" CONTENT="should" WC="0.70" CC="132460"/>
						<SP ID="P3_SP01145" HPOS="2181" VPOS="3257" WIDTH="25"/>
						<String ID="word001184" HPOS="2206" VPOS="3202" WIDTH="132" HEIGHT="37" CONTENT="accede" WC="0.91" CC="110021"/>
						<SP ID="P3_SP01146" HPOS="2339" VPOS="3257" WIDTH="19"/>
						<String ID="word001185" HPOS="2357" VPOS="3206" WIDTH="35" HEIGHT="26" CONTENT="to" WC="0.89" CC="20"/>
						<SP ID="P3_SP01147" HPOS="2393" VPOS="3257" WIDTH="20"/>
						<String ID="word001186" HPOS="2413" VPOS="3198" WIDTH="60" HEIGHT="31" CONTENT="the" WC="0.63" CC="253"/>
						<SP ID="P3_SP01148" HPOS="2473" VPOS="3257" WIDTH="20"/>
						<String ID="word001187" HPOS="2493" VPOS="3193" WIDTH="155" HEIGHT="37" CONTENT="motion," WC="0.59" CC="4735421"/>
						<SP ID="P3_SP01149" HPOS="2648" VPOS="3257" WIDTH="25"/>
						<String ID="word001188" HPOS="2673" VPOS="3187" WIDTH="67" HEIGHT="33" CONTENT="and" WC="0.93" CC="110"/>
						<SP ID="P3_SP01150" HPOS="2740" VPOS="3257" WIDTH="21"/>
						<String ID="word001189" HPOS="2761" VPOS="3185" WIDTH="27" HEIGHT="33" CONTENT="it" WC="0.89" CC="11"/>
						<SP ID="P3_SP01151" HPOS="2789" VPOS="3257" WIDTH="18"/>
						<String ID="word001190" HPOS="2806" VPOS="3180" WIDTH="132" HEIGHT="38" CONTENT="should" WC="0.91" CC="101300"/>
						<SP ID="P3_SP01152" HPOS="2939" VPOS="3257" WIDTH="22"/>
						<String ID="word001191" HPOS="2961" VPOS="3187" WIDTH="47" HEIGHT="35" CONTENT="ap" SUBS_TYPE="HypPart1" SUBS_CONTENT="appear" WC="0.85" CC="02"/>
						<HYP HPOS="3008" VPOS="3187" WIDTH="22" CONTENT="-"/>
					</TextLine>
					<TextLine ID="P3_TL00129" HPOS="1719" VPOS="3227" WIDTH="1316" HEIGHT="84">
						<String ID="word001192" HPOS="1719" VPOS="3278" WIDTH="85" HEIGHT="33" CONTENT="pear" SUBS_TYPE="HypPart2" SUBS_CONTENT="appear" WC="0.67" CC="1164"/>
						<SP ID="P3_SP01153" HPOS="1804" VPOS="3311" WIDTH="14"/>
						<String ID="word001193" HPOS="1818" VPOS="3274" WIDTH="100" HEIGHT="35" CONTENT="upon" WC="0.72" CC="3241"/>
						<SP ID="P3_SP01154" HPOS="1918" VPOS="3311" WIDTH="19"/>
						<String ID="word001194" HPOS="1937" VPOS="3261" WIDTH="61" HEIGHT="34" CONTENT="the" WC="0.96" CC="001"/>
						<SP ID="P3_SP01155" HPOS="1998" VPOS="3311" WIDTH="13"/>
						<String ID="word001195" HPOS="2011" VPOS="3257" WIDTH="144" HEIGHT="45" CONTENT="inquiry" WC="0.87" CC="0111302"/>
						<SP ID="P3_SP01156" HPOS="2156" VPOS="3311" WIDTH="20"/>
						<String ID="word001196" HPOS="2176" VPOS="3250" WIDTH="119" HEIGHT="35" CONTENT="which" WC="0.76" CC="32330"/>
						<SP ID="P3_SP01157" HPOS="2295" VPOS="3311" WIDTH="21"/>
						<String ID="word001197" HPOS="2316" VPOS="3252" WIDTH="90" HEIGHT="28" CONTENT="must" WC="0.72" CC="3340"/>
						<SP ID="P3_SP01158" HPOS="2406" VPOS="3311" WIDTH="19"/>
						<String ID="word001198" HPOS="2425" VPOS="3243" WIDTH="85" HEIGHT="33" CONTENT="then" WC="1.00" CC="0000"/>
						<SP ID="P3_SP01159" HPOS="2510" VPOS="3311" WIDTH="19"/>
						<String ID="word001199" HPOS="2529" VPOS="3239" WIDTH="89" HEIGHT="33" CONTENT="take" WC="0.78" CC="0143"/>
						<SP ID="P3_SP01160" HPOS="2617" VPOS="3311" WIDTH="20"/>
						<String ID="word001200" HPOS="2637" VPOS="3236" WIDTH="120" HEIGHT="44" CONTENT="place," WC="0.96" CC="110000"/>
						<SP ID="P3_SP01161" HPOS="2758" VPOS="3311" WIDTH="25"/>
						<String ID="word001201" HPOS="2783" VPOS="3231" WIDTH="81" HEIGHT="33" CONTENT="that" WC="0.94" CC="0020"/>
						<SP ID="P3_SP01162" HPOS="2864" VPOS="3311" WIDTH="13"/>
						<String ID="word001202" HPOS="2877" VPOS="3228" WIDTH="54" HEIGHT="33" CONTENT="his" WC="0.96" CC="100"/>
						<SP ID="P3_SP01163" HPOS="2931" VPOS="3311" WIDTH="20"/>
						<String ID="word001203" HPOS="2952" VPOS="3227" WIDTH="83" HEIGHT="32" CONTENT="Ma*" WC="0.63" CC="118"/>
						<SP ID="P3_SP01164" HPOS="3034" VPOS="3311" WIDTH="0"/>
					</TextLine>
					<TextLine ID="P3_TL00130" HPOS="1719" VPOS="3272" WIDTH="1317" HEIGHT="89">
						<String ID="word001204" HPOS="1719" VPOS="3313" WIDTH="122" HEIGHT="47" CONTENT="jestv's" WC="0.54" CC="5553713"/>
						<SP ID="P3_SP01165" HPOS="1840" VPOS="3360" WIDTH="39"/>
						<String ID="word001205" HPOS="1879" VPOS="3309" WIDTH="200" HEIGHT="33" CONTENT="Ministers," WC="0.82" CC="3110010127"/>
						<SP ID="P3_SP01166" HPOS="2079" VPOS="3360" WIDTH="17"/>
						<String ID="word001206" HPOS="2095" VPOS="3302" WIDTH="85" HEIGHT="40" CONTENT="had," WC="0.89" CC="1030"/>
						<SP ID="P3_SP01167" HPOS="2180" VPOS="3360" WIDTH="27"/>
						<String ID="word001207" HPOS="2207" VPOS="3301" WIDTH="47" HEIGHT="41" CONTENT="by" WC="0.78" CC="31"/>
						<SP ID="P3_SP01168" HPOS="2255" VPOS="3360" WIDTH="32"/>
						<String ID="word001208" HPOS="2287" VPOS="3294" WIDTH="96" HEIGHT="35" CONTENT="their" WC="0.98" CC="00100"/>
						<SP ID="P3_SP01169" HPOS="2382" VPOS="3360" WIDTH="34"/>
						<String ID="word001209" HPOS="2417" VPOS="3286" WIDTH="241" HEIGHT="37" CONTENT="misconduct," WC="0.71" CC="33333333311"/>
						<SP ID="P3_SP01170" HPOS="2657" VPOS="3360" WIDTH="22"/>
						<String ID="word001210" HPOS="2680" VPOS="3274" WIDTH="259" HEIGHT="50" CONTENT="disappointed" WC="0.75" CC="333313313103"/>
						<SP ID="P3_SP01171" HPOS="2939" VPOS="3360" WIDTH="34"/>
						<String ID="word001211" HPOS="2973" VPOS="3272" WIDTH="63" HEIGHT="33" CONTENT="the" WC="1.00" CC="000"/>
						<SP ID="P3_SP01172" HPOS="3035" VPOS="3360" WIDTH="0"/>
					</TextLine>
					<TextLine ID="P3_TL00131" HPOS="1721" VPOS="3318" WIDTH="1316" HEIGHT="89">
						<String ID="word001212" HPOS="1721" VPOS="3364" WIDTH="110" HEIGHT="43" CONTENT="hopes" WC="0.95" CC="00020"/>
						<SP ID="P3_SP01173" HPOS="1831" VPOS="3406" WIDTH="17"/>
						<String ID="word001213" HPOS="1847" VPOS="3358" WIDTH="70" HEIGHT="35" CONTENT="and" WC="0.93" CC="101"/>
						<SP ID="P3_SP01174" HPOS="1917" VPOS="3406" WIDTH="19"/>
						<String ID="word001214" HPOS="1936" VPOS="3352" WIDTH="256" HEIGHT="47" CONTENT="expectation;" WC="0.65" CC="542241114446"/>
						<SP ID="P3_SP01175" HPOS="2192" VPOS="3406" WIDTH="28"/>
						<String ID="word001215" HPOS="2220" VPOS="3344" WIDTH="39" HEIGHT="34" CONTENT="of" WC="1.00" CC="00"/>
						<SP ID="P3_SP01176" HPOS="2259" VPOS="3406" WIDTH="26"/>
						<String ID="word001216" HPOS="2285" VPOS="3343" WIDTH="59" HEIGHT="33" CONTENT="the" WC="0.52" CC="256"/>
						<SP ID="P3_SP01177" HPOS="2344" VPOS="3406" WIDTH="20"/>
						<String ID="word001217" HPOS="2365" VPOS="3338" WIDTH="141" HEIGHT="35" CONTENT="nation," WC="0.70" CC="3323431"/>
						<SP ID="P3_SP01178" HPOS="2505" VPOS="3406" WIDTH="27"/>
						<String ID="word001218" HPOS="2532" VPOS="3334" WIDTH="44" HEIGHT="33" CONTENT="he" WC="0.94" CC="10"/>
						<SP ID="P3_SP01179" HPOS="2576" VPOS="3406" WIDTH="17"/>
						<String ID="word001219" HPOS="2593" VPOS="3328" WIDTH="131" HEIGHT="37" CONTENT="should" WC="0.67" CC="513333"/>
						<SP ID="P3_SP01180" HPOS="2724" VPOS="3406" WIDTH="25"/>
						<String ID="word001220" HPOS="2748" VPOS="3327" WIDTH="84" HEIGHT="34" CONTENT="then" WC="0.78" CC="3410"/>
						<SP ID="P3_SP01181" HPOS="2832" VPOS="3406" WIDTH="19"/>
						<String ID="word001221" HPOS="2851" VPOS="3322" WIDTH="124" HEIGHT="33" CONTENT="follow" WC="0.72" CC="153330"/>
						<SP ID="P3_SP01182" HPOS="2975" VPOS="3406" WIDTH="31"/>
						<String ID="word001222" HPOS="3006" VPOS="3318" WIDTH="31" HEIGHT="32" CONTENT="it" WC="1.00" CC="00"/>
						<SP ID="P3_SP01183" HPOS="3037" VPOS="3406" WIDTH="0"/>
					</TextLine>
					<TextLine ID="P3_TL00132" HPOS="1721" VPOS="3365" WIDTH="1319" HEIGHT="89">
						<String ID="word001223" HPOS="1721" VPOS="3420" WIDTH="46" HEIGHT="33" CONTENT="up" WC="0.67" CC="42"/>
						<SP ID="P3_SP01184" HPOS="1767" VPOS="3454" WIDTH="21"/>
						<String ID="word001224" HPOS="1788" VPOS="3410" WIDTH="46" HEIGHT="41" CONTENT="by" WC="1.00" CC="00"/>
						<SP ID="P3_SP01185" HPOS="1834" VPOS="3454" WIDTH="30"/>
						<String ID="word001225" HPOS="1864" VPOS="3418" WIDTH="24" HEIGHT="22" CONTENT="a" WC="0.89" CC="1"/>
						<SP ID="P3_SP01186" HPOS="1887" VPOS="3454" WIDTH="18"/>
						<String ID="word001226" HPOS="1905" VPOS="3404" WIDTH="138" HEIGHT="34" CONTENT="motion" WC="0.81" CC="320113"/>
						<SP ID="P3_SP01187" HPOS="2043" VPOS="3454" WIDTH="18"/>
						<String ID="word001227" HPOS="2061" VPOS="3409" WIDTH="37" HEIGHT="24" CONTENT="to" WC="1.00" CC="00"/>
						<SP ID="P3_SP01188" HPOS="2098" VPOS="3454" WIDTH="19"/>
						<String ID="word001228" HPOS="2117" VPOS="3398" WIDTH="148" HEIGHT="33" CONTENT="addre-s" WC="0.43" CC="5565456"/>
						<SP ID="P3_SP01189" HPOS="2264" VPOS="3454" WIDTH="22"/>
						<String ID="word001229" HPOS="2287" VPOS="3391" WIDTH="56" HEIGHT="32" CONTENT="his" WC="0.89" CC="012"/>
						<SP ID="P3_SP01190" HPOS="2342" VPOS="3454" WIDTH="22"/>
						<String ID="word001230" HPOS="2365" VPOS="3385" WIDTH="157" HEIGHT="45" CONTENT=":%lajesty" WC="0.42" CC="875853533"/>
						<SP ID="P3_SP01191" HPOS="2522" VPOS="3454" WIDTH="22"/>
						<String ID="word001231" HPOS="2544" VPOS="3389" WIDTH="35" HEIGHT="25" CONTENT="to" WC="0.67" CC="24"/>
						<SP ID="P3_SP01192" HPOS="2580" VPOS="3454" WIDTH="19"/>
						<String ID="word001232" HPOS="2598" VPOS="3376" WIDTH="138" HEIGHT="35" CONTENT="ditamiss" WC="0.42" CC="36775473"/>
						<SP ID="P3_SP01193" HPOS="2737" VPOS="3454" WIDTH="19"/>
						<String ID="word001233" HPOS="2756" VPOS="3376" WIDTH="98" HEIGHT="32" CONTENT="them" WC="0.92" CC="0030"/>
						<SP ID="P3_SP01194" HPOS="2854" VPOS="3454" WIDTH="19"/>
						<String ID="word001234" HPOS="2872" VPOS="3370" WIDTH="91" HEIGHT="32" CONTENT="from" WC="0.97" CC="0010"/>
						<SP ID="P3_SP01195" HPOS="2963" VPOS="3454" WIDTH="19"/>
						<String ID="word001235" HPOS="2982" VPOS="3365" WIDTH="58" HEIGHT="33" CONTENT="his" WC="0.74" CC="133"/>
						<SP ID="P3_SP01196" HPOS="3040" VPOS="3454" WIDTH="0"/>
					</TextLine>
					<TextLine ID="P3_TL00133" HPOS="1722" VPOS="3413" WIDTH="1274" HEIGHT="78">
						<String ID="word001236" HPOS="1722" VPOS="3456" WIDTH="206" HEIGHT="35" CONTENT="confidence" WC="0.64" CC="1147143551"/>
						<SP ID="P3_SP01197" HPOS="1928" VPOS="3491" WIDTH="15"/>
						<String ID="word001237" HPOS="1943" VPOS="3449" WIDTH="69" HEIGHT="34" CONTENT="and" WC="0.96" CC="100"/>
						<SP ID="P3_SP01198" HPOS="2011" VPOS="3491" WIDTH="21"/>
						<String ID="word001238" HPOS="2033" VPOS="3445" WIDTH="185" HEIGHT="35" CONTENT="Councils." WC="0.89" CC="003330000"/>
						<SP ID="P3_SP01199" HPOS="2218" VPOS="3491" WIDTH="57"/>
						<String ID="word001239" HPOS="2275" VPOS="3439" WIDTH="31" HEIGHT="33" CONTENT="It" WC="1.00" CC="00"/>
						<SP ID="P3_SP01200" HPOS="2306" VPOS="3491" WIDTH="18"/>
						<String ID="word001240" HPOS="2323" VPOS="3436" WIDTH="69" HEIGHT="33" CONTENT="had" WC="0.78" CC="132"/>
						<SP ID="P3_SP01201" HPOS="2392" VPOS="3491" WIDTH="21"/>
						<String ID="word001241" HPOS="2413" VPOS="3436" WIDTH="89" HEIGHT="30" CONTENT="been" WC="0.75" CC="3330"/>
						<SP ID="P3_SP01202" HPOS="2502" VPOS="3491" WIDTH="18"/>
						<String ID="word001242" HPOS="2519" VPOS="3428" WIDTH="93" HEIGHT="38" CONTENT="sail," WC="0.98" CC="00010"/>
						<SP ID="P3_SP01203" HPOS="2613" VPOS="3491" WIDTH="28"/>
						<String ID="word001243" HPOS="2641" VPOS="3425" WIDTH="76" HEIGHT="31" CONTENT="that" WC="0.69" CC="4331"/>
						<SP ID="P3_SP01204" HPOS="2717" VPOS="3491" WIDTH="22"/>
						<String ID="word001244" HPOS="2739" VPOS="3422" WIDTH="50" HEIGHT="31" CONTENT="tht" WC="0.33" CC="558"/>
						<SP ID="P3_SP01205" HPOS="2789" VPOS="3491" WIDTH="13"/>
						<String ID="word001245" HPOS="2802" VPOS="3429" WIDTH="40" HEIGHT="24" CONTENT="re" WC="1.00" CC="00"/>
						<SP ID="P3_SP01206" HPOS="2842" VPOS="3491" WIDTH="15"/>
						<String ID="word001246" HPOS="2857" VPOS="3413" WIDTH="139" HEIGHT="38" CONTENT="existed" WC="0.71" CC="3433140"/>
						<SP ID="P3_SP01207" HPOS="2996" VPOS="3491" WIDTH="0"/>
					</TextLine>
					<TextLine ID="P3_TL00134" HPOS="3017" VPOS="3420" WIDTH="27" HEIGHT="29">
						<String ID="word001247" HPOS="3017" VPOS="3420" WIDTH="27" HEIGHT="28" CONTENT="st" WC="0.33" CC="66"/>
						<SP ID="P3_SP01208" HPOS="3044" VPOS="3449" WIDTH="0"/>
					</TextLine>
					<TextLine ID="P3_TL00135" HPOS="1723" VPOS="3463" WIDTH="1320" HEIGHT="83">
						<String ID="word001248" HPOS="1723" VPOS="3503" WIDTH="214" HEIGHT="43" CONTENT="conspiracy" WC="0.88" CC="0131120120"/>
						<SP ID="P3_SP01209" HPOS="1937" VPOS="3546" WIDTH="20"/>
						<String ID="word001249" HPOS="1957" VPOS="3503" WIDTH="39" HEIGHT="27" CONTENT="to" WC="0.83" CC="12"/>
						<SP ID="P3_SP01210" HPOS="1996" VPOS="3546" WIDTH="20"/>
						<String ID="word001250" HPOS="2016" VPOS="3495" WIDTH="103" HEIGHT="32" CONTENT="write" WC="0.95" CC="00002"/>
						<SP ID="P3_SP01211" HPOS="2119" VPOS="3546" WIDTH="18"/>
						<String ID="word001251" HPOS="2137" VPOS="3493" WIDTH="109" HEIGHT="30" CONTENT="down" WC="0.50" CC="2376"/>
						<SP ID="P3_SP01212" HPOS="2245" VPOS="3546" WIDTH="14"/>
						<String ID="word001252" HPOS="2259" VPOS="3484" WIDTH="202" HEIGHT="34" CONTENT="illustrious" WC="0.59" CC="41527253353"/>
						<SP ID="P3_SP01213" HPOS="2461" VPOS="3546" WIDTH="19"/>
						<String ID="word001253" HPOS="2480" VPOS="3484" WIDTH="164" HEIGHT="35" CONTENT="persons," WC="0.67" CC="15153333"/>
						<SP ID="P3_SP01214" HPOS="2644" VPOS="3546" WIDTH="25"/>
						<String ID="word001254" HPOS="2669" VPOS="3469" WIDTH="66" HEIGHT="34" CONTENT="and" WC="0.93" CC="110"/>
						<SP ID="P3_SP01215" HPOS="2735" VPOS="3546" WIDTH="20"/>
						<String ID="word001255" HPOS="2756" VPOS="3474" WIDTH="39" HEIGHT="27" CONTENT="to" WC="1.00" CC="00"/>
						<SP ID="P3_SP01216" HPOS="2794" VPOS="3546" WIDTH="19"/>
						<String ID="word001256" HPOS="2813" VPOS="3467" WIDTH="104" HEIGHT="32" CONTENT="wilte" WC="0.33" CC="87663"/>
						<SP ID="P3_SP01217" HPOS="2917" VPOS="3546" WIDTH="17"/>
						<String ID="word001257" HPOS="2934" VPOS="3463" WIDTH="109" HEIGHT="32" CONTENT="down" WC="0.94" CC="0110"/>
						<SP ID="P3_SP01218" HPOS="3043" VPOS="3546" WIDTH="0"/>
					</TextLine>
					<TextLine ID="P3_TL00136" HPOS="1726" VPOS="3513" WIDTH="1322" HEIGHT="73">
						<String ID="word001258" HPOS="1726" VPOS="3553" WIDTH="58" HEIGHT="33" CONTENT="the" WC="1.00" CC="000"/>
						<SP ID="P3_SP01219" HPOS="1783" VPOS="3586" WIDTH="26"/>
						<String ID="word001259" HPOS="1809" VPOS="3544" WIDTH="268" HEIGHT="40" CONTENT="Constitution;" WC="0.84" CC="1221021110242"/>
						<SP ID="P3_SP01220" HPOS="2078" VPOS="3586" WIDTH="30"/>
						<String ID="word001260" HPOS="2107" VPOS="3539" WIDTH="44" HEIGHT="33" CONTENT="he" WC="0.94" CC="01"/>
						<SP ID="P3_SP01221" HPOS="2151" VPOS="3586" WIDTH="18"/>
						<String ID="word001261" HPOS="2169" VPOS="3537" WIDTH="60" HEIGHT="32" CONTENT="did" WC="0.93" CC="011"/>
						<SP ID="P3_SP01222" HPOS="2229" VPOS="3586" WIDTH="21"/>
						<String ID="word001262" HPOS="2250" VPOS="3539" WIDTH="61" HEIGHT="28" CONTENT="not" WC="0.81" CC="230"/>
						<SP ID="P3_SP01223" HPOS="2311" VPOS="3586" WIDTH="20"/>
						<String ID="word001263" HPOS="2331" VPOS="3531" WIDTH="107" HEIGHT="33" CONTENT="know" WC="0.67" CC="2442"/>
						<SP ID="P3_SP01224" HPOS="2439" VPOS="3586" WIDTH="24"/>
						<String ID="word001264" HPOS="2463" VPOS="3527" WIDTH="78" HEIGHT="31" CONTENT="that" WC="0.69" CC="2531"/>
						<SP ID="P3_SP01225" HPOS="2541" VPOS="3586" WIDTH="18"/>
						<String ID="word001265" HPOS="2558" VPOS="3531" WIDTH="69" HEIGHT="31" CONTENT="any" WC="0.33" CC="567"/>
						<SP ID="P3_SP01226" HPOS="2627" VPOS="3586" WIDTH="19"/>
						<String ID="word001266" HPOS="2646" VPOS="3517" WIDTH="85" HEIGHT="34" CONTENT="such" WC="0.69" CC="3332"/>
						<SP ID="P3_SP01227" HPOS="2731" VPOS="3586" WIDTH="19"/>
						<String ID="word001267" HPOS="2750" VPOS="3513" WIDTH="216" HEIGHT="44" CONTENT="eonspiracy" WC="0.31" CC="7676585585"/>
						<SP ID="P3_SP01228" HPOS="2966" VPOS="3586" WIDTH="12"/>
						<String ID="word001268" HPOS="2978" VPOS="3516" WIDTH="47" HEIGHT="22" CONTENT="ex" SUBS_TYPE="HypPart1" SUBS_CONTENT="existed," WC="0.56" CC="45"/>
						<HYP HPOS="3025" VPOS="3516" WIDTH="22" CONTENT="-"/>
					</TextLine>
					<TextLine ID="P3_TL00137" HPOS="1729" VPOS="3556" WIDTH="1320" HEIGHT="83">
						<String ID="word001269" HPOS="1729" VPOS="3598" WIDTH="102" HEIGHT="41" CONTENT="isted," SUBS_TYPE="HypPart2" SUBS_CONTENT="existed," WC="0.83" CC="231030"/>
						<SP ID="P3_SP01229" HPOS="1831" VPOS="3639" WIDTH="26"/>
						<String ID="word001270" HPOS="1857" VPOS="3598" WIDTH="64" HEIGHT="32" CONTENT="but" WC="0.85" CC="310"/>
						<SP ID="P3_SP01230" HPOS="1920" VPOS="3639" WIDTH="14"/>
						<String ID="word001271" HPOS="1935" VPOS="3593" WIDTH="44" HEIGHT="33" CONTENT="he" WC="0.94" CC="01"/>
						<SP ID="P3_SP01231" HPOS="1978" VPOS="3639" WIDTH="20"/>
						<String ID="word001272" HPOS="1998" VPOS="3599" WIDTH="74" HEIGHT="24" CONTENT="was" WC="0.96" CC="010"/>
						<SP ID="P3_SP01232" HPOS="2073" VPOS="3639" WIDTH="17"/>
						<String ID="word001273" HPOS="2089" VPOS="3594" WIDTH="125" HEIGHT="27" CONTENT="aware" WC="0.82" CC="13301"/>
						<SP ID="P3_SP01233" HPOS="2215" VPOS="3639" WIDTH="19"/>
						<String ID="word001274" HPOS="2233" VPOS="3581" WIDTH="78" HEIGHT="32" CONTENT="that" WC="0.81" CC="1330"/>
						<SP ID="P3_SP01234" HPOS="2311" VPOS="3639" WIDTH="20"/>
						<String ID="word001275" HPOS="2331" VPOS="3583" WIDTH="87" HEIGHT="26" CONTENT="most" WC="0.53" CC="2672"/>
						<SP ID="P3_SP01235" HPOS="2419" VPOS="3639" WIDTH="19"/>
						<String ID="word001276" HPOS="2438" VPOS="3574" WIDTH="193" HEIGHT="40" CONTENT="improlser" WC="0.32" CC="467568883"/>
						<SP ID="P3_SP01236" HPOS="2630" VPOS="3639" WIDTH="15"/>
						<String ID="word001277" HPOS="2646" VPOS="3563" WIDTH="227" HEIGHT="46" CONTENT="paragraphs" WC="0.61" CC="2232513665"/>
						<SP ID="P3_SP01237" HPOS="2872" VPOS="3639" WIDTH="19"/>
						<String ID="word001278" HPOS="2891" VPOS="3556" WIDTH="66" HEIGHT="33" CONTENT="had" WC="0.59" CC="362"/>
						<SP ID="P3_SP01238" HPOS="2957" VPOS="3639" WIDTH="20"/>
						<String ID="word001279" HPOS="2978" VPOS="3565" WIDTH="47" HEIGHT="30" CONTENT="ap" SUBS_TYPE="HypPart1" SUBS_CONTENT="appeared" WC="0.48" CC="54"/>
						<HYP HPOS="3025" VPOS="3565" WIDTH="24" CONTENT="-"/>
					</TextLine>
					<TextLine ID="P3_TL00138" HPOS="1729" VPOS="3601" WIDTH="1319" HEIGHT="88">
						<String ID="word001280" HPOS="1729" VPOS="3644" WIDTH="131" HEIGHT="45" CONTENT="peared" SUBS_TYPE="HypPart2" SUBS_CONTENT="appeared" WC="0.80" CC="114140"/>
						<SP ID="P3_SP01239" HPOS="1860" VPOS="3689" WIDTH="31"/>
						<String ID="word001281" HPOS="1891" VPOS="3645" WIDTH="35" HEIGHT="30" CONTENT="in" WC="0.67" CC="33"/>
						<SP ID="P3_SP01240" HPOS="1926" VPOS="3689" WIDTH="27"/>
						<String ID="word001282" HPOS="1954" VPOS="3647" WIDTH="98" HEIGHT="25" CONTENT="some" WC="0.78" CC="1430"/>
						<SP ID="P3_SP01241" HPOS="2052" VPOS="3689" WIDTH="30"/>
						<String ID="word001283" HPOS="2081" VPOS="3634" WIDTH="41" HEIGHT="33" CONTENT="of" WC="1.00" CC="00"/>
						<SP ID="P3_SP01242" HPOS="2122" VPOS="3689" WIDTH="22"/>
						<String ID="word001284" HPOS="2145" VPOS="3634" WIDTH="63" HEIGHT="31" CONTENT="the" WC="0.89" CC="111"/>
						<SP ID="P3_SP01243" HPOS="2207" VPOS="3689" WIDTH="18"/>
						<String ID="word001285" HPOS="2225" VPOS="3627" WIDTH="125" HEIGHT="46" CONTENT="public" WC="0.65" CC="224425"/>
						<SP ID="P3_SP01244" HPOS="2350" VPOS="3689" WIDTH="22"/>
						<String ID="word001286" HPOS="2373" VPOS="3620" WIDTH="181" HEIGHT="44" CONTENT="innrhals." WC="0.26" CC="885678855"/>
						<SP ID="P3_SP01245" HPOS="2554" VPOS="3689" WIDTH="58"/>
						<String ID="word001287" HPOS="2611" VPOS="3617" WIDTH="56" HEIGHT="32" CONTENT="Ile" WC="0.44" CC="573"/>
						<SP ID="P3_SP01246" HPOS="2667" VPOS="3689" WIDTH="30"/>
						<String ID="word001288" HPOS="2696" VPOS="3608" WIDTH="155" HEIGHT="34" CONTENT="trastel," WC="0.53" CC="14653564"/>
						<SP ID="P3_SP01247" HPOS="2851" VPOS="3689" WIDTH="24"/>
						<String ID="word001289" HPOS="2875" VPOS="3606" WIDTH="79" HEIGHT="32" CONTENT="that" WC="0.92" CC="0210"/>
						<SP ID="P3_SP01248" HPOS="2954" VPOS="3689" WIDTH="30"/>
						<String ID="word001290" HPOS="2983" VPOS="3601" WIDTH="65" HEIGHT="34" CONTENT="the" WC="1.00" CC="000"/>
						<SP ID="P3_SP01249" HPOS="3048" VPOS="3689" WIDTH="0"/>
					</TextLine>
					<TextLine ID="P3_TL00139" HPOS="1728" VPOS="3648" WIDTH="1324" HEIGHT="81">
						<String ID="word001291" HPOS="1728" VPOS="3693" WIDTH="270" HEIGHT="35" CONTENT="licentiousness" WC="0.67" CC="41133313333355"/>
						<SP ID="P3_SP01250" HPOS="1998" VPOS="3729" WIDTH="27"/>
						<String ID="word001292" HPOS="2026" VPOS="3683" WIDTH="41" HEIGHT="33" CONTENT="of" WC="1.00" CC="00"/>
						<SP ID="P3_SP01251" HPOS="2067" VPOS="3729" WIDTH="24"/>
						<String ID="word001293" HPOS="2091" VPOS="3681" WIDTH="59" HEIGHT="33" CONTENT="the" WC="0.78" CC="033"/>
						<SP ID="P3_SP01252" HPOS="2150" VPOS="3729" WIDTH="38"/>
						<String ID="word001294" HPOS="2187" VPOS="3680" WIDTH="103" HEIGHT="33" CONTENT="Press" WC="0.40" CC="73566"/>
						<SP ID="P3_SP01253" HPOS="2290" VPOS="3729" WIDTH="24"/>
						<String ID="word001295" HPOS="2314" VPOS="3670" WIDTH="109" HEIGHT="38" CONTENT="could" WC="0.64" CC="23335"/>
						<SP ID="P3_SP01254" HPOS="2422" VPOS="3729" WIDTH="31"/>
						<String ID="word001296" HPOS="2453" VPOS="3671" WIDTH="44" HEIGHT="30" CONTENT="ho" WC="0.33" CC="57"/>
						<SP ID="P3_SP01255" HPOS="2497" VPOS="3729" WIDTH="25"/>
						<String ID="word001297" HPOS="2522" VPOS="3658" WIDTH="202" HEIGHT="40" CONTENT="restrained" WC="0.81" CC="1301121314"/>
						<SP ID="P3_SP01256" HPOS="2724" VPOS="3729" WIDTH="20"/>
						<String ID="word001298" HPOS="2744" VPOS="3660" WIDTH="46" HEIGHT="39" CONTENT="by" WC="0.78" CC="31"/>
						<SP ID="P3_SP01257" HPOS="2790" VPOS="3729" WIDTH="20"/>
						<String ID="word001299" HPOS="2810" VPOS="3656" WIDTH="64" HEIGHT="32" CONTENT="the" WC="0.96" CC="001"/>
						<SP ID="P3_SP01258" HPOS="2874" VPOS="3729" WIDTH="17"/>
						<String ID="word001300" HPOS="2890" VPOS="3648" WIDTH="162" HEIGHT="41" CONTENT="existift" WC="0.43" CC="35534588"/>
						<SP ID="P3_SP01259" HPOS="3052" VPOS="3729" WIDTH="0"/>
					</TextLine>
					<TextLine ID="P3_TL00140" HPOS="1731" VPOS="3704" WIDTH="1320" HEIGHT="74">
						<String ID="word001301" HPOS="1731" VPOS="3744" WIDTH="104" HEIGHT="34" CONTENT="laws," WC="0.95" CC="10010"/>
						<SP ID="P3_SP01260" HPOS="1835" VPOS="3778" WIDTH="24"/>
						<String ID="word001302" HPOS="1859" VPOS="3736" WIDTH="70" HEIGHT="35" CONTENT="and" WC="0.93" CC="200"/>
						<SP ID="P3_SP01261" HPOS="1929" VPOS="3778" WIDTH="20"/>
						<String ID="word001303" HPOS="1949" VPOS="3735" WIDTH="81" HEIGHT="32" CONTENT="that" WC="0.78" CC="2510"/>
						<SP ID="P3_SP01262" HPOS="2030" VPOS="3778" WIDTH="15"/>
						<String ID="word001304" HPOS="2046" VPOS="3741" WIDTH="45" HEIGHT="22" CONTENT="no" WC="0.50" CC="45"/>
						<SP ID="P3_SP01263" HPOS="2091" VPOS="3778" WIDTH="19"/>
						<String ID="word001305" HPOS="2109" VPOS="3730" WIDTH="159" HEIGHT="38" CONTENT="attempt" WC="0.81" CC="0521310"/>
						<SP ID="P3_SP01264" HPOS="2269" VPOS="3778" WIDTH="22"/>
						<String ID="word001306" HPOS="2291" VPOS="3719" WIDTH="118" HEIGHT="35" CONTENT="would" WC="0.58" CC="33346"/>
						<SP ID="P3_SP01265" HPOS="2409" VPOS="3778" WIDTH="20"/>
						<String ID="word001307" HPOS="2430" VPOS="3718" WIDTH="45" HEIGHT="30" CONTENT="btu" WC="0.26" CC="767"/>
						<SP ID="P3_SP01266" HPOS="2474" VPOS="3778" WIDTH="22"/>
						<String ID="word001308" HPOS="2497" VPOS="3716" WIDTH="104" HEIGHT="30" CONTENT="m:ote" WC="0.27" CC="65877"/>
						<SP ID="P3_SP01267" HPOS="2601" VPOS="3778" WIDTH="17"/>
						<String ID="word001309" HPOS="2617" VPOS="3717" WIDTH="37" HEIGHT="24" CONTENT="to" WC="0.89" CC="11"/>
						<SP ID="P3_SP01268" HPOS="2654" VPOS="3778" WIDTH="19"/>
						<String ID="word001310" HPOS="2673" VPOS="3705" WIDTH="188" HEIGHT="34" CONTENT="Mu-wince" WC="0.51" CC="56666600"/>
						<SP ID="P3_SP01269" HPOS="2861" VPOS="3778" WIDTH="19"/>
						<String ID="word001311" HPOS="2880" VPOS="3709" WIDTH="70" HEIGHT="32" CONTENT="any" WC="0.89" CC="102"/>
						<SP ID="P3_SP01270" HPOS="2949" VPOS="3778" WIDTH="20"/>
						<String ID="word001312" HPOS="2969" VPOS="3704" WIDTH="81" HEIGHT="26" CONTENT="new" WC="0.78" CC="312"/>
						<SP ID="P3_SP01271" HPOS="3051" VPOS="3778" WIDTH="0"/>
					</TextLine>
					<TextLine ID="P3_TL00141" HPOS="1733" VPOS="3744" WIDTH="1322" HEIGHT="77">
						<String ID="word001313" HPOS="1733" VPOS="3793" WIDTH="65" HEIGHT="28" CONTENT="law" WC="0.37" CC="755"/>
						<SP ID="P3_SP01272" HPOS="1798" VPOS="3821" WIDTH="25"/>
						<String ID="word001314" HPOS="1822" VPOS="3793" WIDTH="37" HEIGHT="28" CONTENT="to" WC="0.83" CC="03"/>
						<SP ID="P3_SP01273" HPOS="1859" VPOS="3821" WIDTH="19"/>
						<String ID="word001315" HPOS="1878" VPOS="3782" WIDTH="133" HEIGHT="34" CONTENT="curtail" WC="0.54" CC="6633344"/>
						<SP ID="P3_SP01274" HPOS="2011" VPOS="3821" WIDTH="28"/>
						<String ID="word001316" HPOS="2040" VPOS="3780" WIDTH="59" HEIGHT="32" CONTENT="the" WC="0.37" CC="557"/>
						<SP ID="P3_SP01275" HPOS="2099" VPOS="3821" WIDTH="25"/>
						<String ID="word001317" HPOS="2124" VPOS="3776" WIDTH="150" HEIGHT="32" CONTENT="Liberty" WC="0.63" CC="4333235"/>
						<SP ID="P3_SP01276" HPOS="2274" VPOS="3821" WIDTH="20"/>
						<String ID="word001318" HPOS="2294" VPOS="3768" WIDTH="45" HEIGHT="35" CONTENT="of" WC="1.00" CC="00"/>
						<SP ID="P3_SP01277" HPOS="2339" VPOS="3821" WIDTH="15"/>
						<String ID="word001319" HPOS="2354" VPOS="3767" WIDTH="61" HEIGHT="32" CONTENT="the" WC="0.67" CC="252"/>
						<SP ID="P3_SP01278" HPOS="2415" VPOS="3821" WIDTH="181"/>
						<String ID="word001320" HPOS="2596" VPOS="3765" WIDTH="94" HEIGHT="34" CONTENT="upon" WC="0.83" CC="5100"/>
						<SP ID="P3_SP01279" HPOS="2691" VPOS="3821" WIDTH="30"/>
						<String ID="word001321" HPOS="2720" VPOS="3748" WIDTH="123" HEIGHT="37" CONTENT="which" WC="0.98" CC="10000"/>
						<SP ID="P3_SP01280" HPOS="2843" VPOS="3821" WIDTH="28"/>
						<String ID="word001322" HPOS="2871" VPOS="3744" WIDTH="113" HEIGHT="35" CONTENT="rested" WC="0.85" CC="033110"/>
						<SP ID="P3_SP01281" HPOS="2985" VPOS="3821" WIDTH="26"/>
						<String ID="word001323" HPOS="3011" VPOS="3750" WIDTH="44" HEIGHT="28" CONTENT="sto" WC="0.37" CC="377"/>
						<SP ID="P3_SP01282" HPOS="3054" VPOS="3821" WIDTH="0"/>
					</TextLine>
					<TextLine ID="P3_TL00142" HPOS="1734" VPOS="3813" WIDTH="725" HEIGHT="58">
						<String ID="word001324" HPOS="1734" VPOS="3834" WIDTH="100" HEIGHT="37" CONTENT="much" WC="0.89" CC="0211"/>
						<SP ID="P3_SP01283" HPOS="1834" VPOS="3870" WIDTH="20"/>
						<String ID="word001325" HPOS="1854" VPOS="3831" WIDTH="46" HEIGHT="33" CONTENT="of" WC="1.00" CC="00"/>
						<SP ID="P3_SP01284" HPOS="1900" VPOS="3870" WIDTH="13"/>
						<String ID="word001326" HPOS="1913" VPOS="3830" WIDTH="60" HEIGHT="33" CONTENT="the" WC="0.96" CC="001"/>
						<SP ID="P3_SP01285" HPOS="1974" VPOS="3870" WIDTH="19"/>
						<String ID="word001327" HPOS="1993" VPOS="3824" WIDTH="158" HEIGHT="37" CONTENT="freedom" WC="0.68" CC="4334123"/>
						<SP ID="P3_SP01286" HPOS="2151" VPOS="3870" WIDTH="19"/>
						<String ID="word001328" HPOS="2170" VPOS="3820" WIDTH="45" HEIGHT="34" CONTENT="of" WC="0.89" CC="11"/>
						<SP ID="P3_SP01287" HPOS="2215" VPOS="3870" WIDTH="15"/>
						<String ID="word001329" HPOS="2230" VPOS="3819" WIDTH="60" HEIGHT="33" CONTENT="the" WC="0.96" CC="001"/>
						<SP ID="P3_SP01288" HPOS="2290" VPOS="3870" WIDTH="19"/>
						<String ID="word001330" HPOS="2309" VPOS="3813" WIDTH="150" HEIGHT="47" CONTENT="people." WC="0.86" CC="0330021"/>
						<SP ID="P3_SP01289" HPOS="2459" VPOS="3870" WIDTH="0"/>
					</TextLine>
					<TextLine ID="P3_TL00143" HPOS="1779" VPOS="3839" WIDTH="1280" HEIGHT="78">
						<String ID="word001331" HPOS="1779" VPOS="3883" WIDTH="80" HEIGHT="33" CONTENT="The" WC="0.70" CC="413"/>
						<SP ID="P3_SP01290" HPOS="1859" VPOS="3917" WIDTH="28"/>
						<String ID="word001332" HPOS="1887" VPOS="3876" WIDTH="137" HEIGHT="35" CONTENT="illation" WC="0.42" CC="76663356"/>
						<SP ID="P3_SP01291" HPOS="2024" VPOS="3917" WIDTH="18"/>
						<String ID="word001333" HPOS="2042" VPOS="3872" WIDTH="41" HEIGHT="33" CONTENT="of" WC="0.44" CC="55"/>
						<SP ID="P3_SP01292" HPOS="2083" VPOS="3917" WIDTH="19"/>
						<String ID="word001334" HPOS="2102" VPOS="3872" WIDTH="30" HEIGHT="32" CONTENT="L" WC="0.78" CC="2"/>
						<SP ID="P3_SP01293" HPOS="2132" VPOS="3917" WIDTH="17"/>
						<String ID="word001335" HPOS="2148" VPOS="3879" WIDTH="45" HEIGHT="24" CONTENT="tit" WC="0.48" CC="455"/>
						<SP ID="P3_SP01294" HPOS="2193" VPOS="3917" WIDTH="60"/>
						<String ID="word001336" HPOS="2254" VPOS="3867" WIDTH="92" HEIGHT="33" CONTENT="Ciao" WC="0.44" CC="6635"/>
						<SP ID="P3_SP01295" HPOS="2346" VPOS="3917" WIDTH="70"/>
						<String ID="word001337" HPOS="2415" VPOS="3869" WIDTH="46" HEIGHT="22" CONTENT="EN" WC="0.33" CC="75"/>
						<SP ID="P3_SP01296" HPOS="2461" VPOS="3917" WIDTH="14"/>
						<String ID="word001338" HPOS="2476" VPOS="3866" WIDTH="56" HEIGHT="25" CONTENT="or." WC="0.33" CC="666"/>
						<SP ID="P3_SP01297" HPOS="2531" VPOS="3917" WIDTH="57"/>
						<String ID="word001339" HPOS="2588" VPOS="3862" WIDTH="39" HEIGHT="24" CONTENT="aS" WC="0.22" CC="77" STYLEREFS="TXT_0"/>
						<SP ID="P3_SP01298" HPOS="2627" VPOS="3917" WIDTH="18"/>
						<String ID="word001340" HPOS="2644" VPOS="3843" WIDTH="191" HEIGHT="48" CONTENT="negatived" WC="0.85" CC="010003332" STYLEREFS="TXT_0"/>
						<SP ID="P3_SP01299" HPOS="2836" VPOS="3917" WIDTH="22"/>
						<String ID="word001341" HPOS="2858" VPOS="3852" WIDTH="27" HEIGHT="22" CONTENT="w" WC="0.78" CC="2" STYLEREFS="TXT_0"/>
						<String ID="word001342" HPOS="2896" VPOS="3839" WIDTH="119" HEIGHT="35" CONTENT="ithout" WC="0.76" CC="222232"/>
						<SP ID="P3_SP01300" HPOS="3015" VPOS="3917" WIDTH="18"/>
						<String ID="word001343" HPOS="3033" VPOS="3844" WIDTH="26" HEIGHT="26" CONTENT="a" WC="0.78" CC="2" STYLEREFS="TXT_0"/>
						<SP ID="P3_SP01301" HPOS="3059" VPOS="3917" WIDTH="0"/>
					</TextLine>
					<TextLine ID="P3_TL00144" HPOS="1961" VPOS="3889" WIDTH="1100" HEIGHT="67">
						<String ID="word001344" HPOS="1961" VPOS="3922" WIDTH="143" HEIGHT="33" CONTENT="I)uri'.i" WC="0.35" CC="77553668"/>
						<SP ID="P3_SP01302" HPOS="2104" VPOS="3956" WIDTH="15"/>
						<String ID="word001345" HPOS="2119" VPOS="3930" WIDTH="21" HEIGHT="20" CONTENT="a" WC="0.89" CC="1"/>
						<SP ID="P3_SP01303" HPOS="2140" VPOS="3956" WIDTH="19"/>
						<String ID="word001346" HPOS="2159" VPOS="3913" WIDTH="198" HEIGHT="35" CONTENT="disett.-4ion" WC="0.24" CC="857888777467"/>
						<SP ID="P3_SP01304" HPOS="2357" VPOS="3956" WIDTH="27"/>
						<String ID="word001347" HPOS="2385" VPOS="3907" WIDTH="45" HEIGHT="35" CONTENT="of" WC="0.22" CC="77"/>
						<SP ID="P3_SP01305" HPOS="2430" VPOS="3956" WIDTH="26"/>
						<String ID="word001348" HPOS="2456" VPOS="3908" WIDTH="45" HEIGHT="37" CONTENT="it," WC="0.81" CC="410"/>
						<SP ID="P3_SP01306" HPOS="2500" VPOS="3956" WIDTH="27"/>
						<String ID="word001349" HPOS="2528" VPOS="3905" WIDTH="190" HEIGHT="31" CONTENT="however," WC="0.72" CC="34411331"/>
						<SP ID="P3_SP01307" HPOS="2718" VPOS="3956" WIDTH="28"/>
						<String ID="word001350" HPOS="2746" VPOS="3894" WIDTH="120" HEIGHT="33" CONTENT="Loan" WC="0.61" CC="2354"/>
						<SP ID="P3_SP01308" HPOS="2867" VPOS="3956" WIDTH="22"/>
						<String ID="word001351" HPOS="2889" VPOS="3889" WIDTH="171" HEIGHT="33" CONTENT="ELDON," WC="0.69" CC="413054" STYLEREFS="TXT_0"/>
						<SP ID="P3_SP01309" HPOS="3060" VPOS="3956" WIDTH="0"/>
					</TextLine>
					<TextLine ID="P3_TL00145" HPOS="1737" VPOS="3934" WIDTH="1324" HEIGHT="78">
						<String ID="word001352" HPOS="1737" VPOS="3991" WIDTH="35" HEIGHT="21" CONTENT="its" WC="0.22" CC="777" STYLEREFS="TXT_0"/>
						<SP ID="P3_SP01310" HPOS="1773" VPOS="4012" WIDTH="17"/>
						<String ID="word001353" HPOS="1789" VPOS="3978" WIDTH="59" HEIGHT="33" CONTENT="the" WC="0.67" CC="630"/>
						<SP ID="P3_SP01311" HPOS="1848" VPOS="4012" WIDTH="167"/>
						<String ID="word001354" HPOS="2015" VPOS="3969" WIDTH="87" HEIGHT="34" CONTENT="Earl" WC="0.50" CC="3735"/>
						<SP ID="P3_SP01312" HPOS="2102" VPOS="4012" WIDTH="31"/>
						<String ID="word001355" HPOS="2133" VPOS="3964" WIDTH="69" HEIGHT="34" CONTENT="hal" WC="0.59" CC="416"/>
						<SP ID="P3_SP01313" HPOS="2202" VPOS="4012" WIDTH="19"/>
						<String ID="word001356" HPOS="2220" VPOS="3959" WIDTH="155" HEIGHT="39" CONTENT="thoul.,ht" WC="0.40" CC="455588833"/>
						<SP ID="P3_SP01314" HPOS="2375" VPOS="4012" WIDTH="21"/>
						<String ID="word001357" HPOS="2396" VPOS="3961" WIDTH="137" HEIGHT="39" CONTENT="pcorr" WC="0.40" CC="37665"/>
						<SP ID="P3_SP01315" HPOS="2533" VPOS="4012" WIDTH="27"/>
						<String ID="word001358" HPOS="2561" VPOS="3958" WIDTH="38" HEIGHT="24" CONTENT="to" WC="0.72" CC="14"/>
						<SP ID="P3_SP01316" HPOS="2598" VPOS="4012" WIDTH="25"/>
						<String ID="word001359" HPOS="2623" VPOS="3945" WIDTH="126" HEIGHT="34" CONTENT="advert" WC="0.48" CC="147574"/>
						<SP ID="P3_SP01317" HPOS="2750" VPOS="4012" WIDTH="24"/>
						<String ID="word001360" HPOS="2773" VPOS="3948" WIDTH="34" HEIGHT="25" CONTENT="to" WC="0.39" CC="65"/>
						<SP ID="P3_SP01318" HPOS="2807" VPOS="4012" WIDTH="104"/>
						<String ID="word001361" HPOS="2911" VPOS="3934" WIDTH="150" HEIGHT="41" CONTENT="Lithrtg" WC="0.38" CC="5358576" STYLEREFS="TXT_5"/>
						<SP ID="P3_SP01319" HPOS="3061" VPOS="4012" WIDTH="0"/>
					</TextLine>
					<TextLine ID="P3_TL00146" HPOS="1739" VPOS="3978" WIDTH="1328" HEIGHT="91">
						<String ID="word001362" HPOS="1739" VPOS="4026" WIDTH="44" HEIGHT="43" CONTENT="of" WC="0.56" CC="44" STYLEREFS="TXT_5"/>
						<SP ID="P3_SP01320" HPOS="1782" VPOS="4069" WIDTH="12"/>
						<String ID="word001363" HPOS="1794" VPOS="4026" WIDTH="57" HEIGHT="32" CONTENT="the" WC="0.26" CC="668" STYLEREFS="TXT_5"/>
						<SP ID="P3_SP01321" HPOS="1851" VPOS="4069" WIDTH="27"/>
						<String ID="word001364" HPOS="1878" VPOS="4023" WIDTH="89" HEIGHT="32" CONTENT="Pecs" WC="0.42" CC="8643" STYLEREFS="TXT_5"/>
						<String ID="word001365" HPOS="1975" VPOS="4030" WIDTH="9" HEIGHT="20" CONTENT="," WC="0.11" CC="8"/>
						<String ID="word001366" HPOS="1990" VPOS="4042" WIDTH="9" HEIGHT="14" CONTENT="," WC="0.67" CC="3" STYLEREFS="TXT_5"/>
						<SP ID="P3_SP01322" HPOS="2000" VPOS="4069" WIDTH="19"/>
						<String ID="word001367" HPOS="2019" VPOS="4015" WIDTH="89" HEIGHT="34" CONTENT="tank" WC="0.58" CC="1455"/>
						<SP ID="P3_SP01323" HPOS="2107" VPOS="4069" WIDTH="21"/>
						<String ID="word001368" HPOS="2128" VPOS="4015" WIDTH="60" HEIGHT="32" CONTENT="the" WC="0.89" CC="003"/>
						<SP ID="P3_SP01324" HPOS="2189" VPOS="4069" WIDTH="19"/>
						<String ID="word001369" HPOS="2207" VPOS="4007" WIDTH="84" HEIGHT="33" CONTENT="occa" WC="0.42" CC="6483"/>
						<String ID="word001370" HPOS="2291" VPOS="4007" WIDTH="20" HEIGHT="33" CONTENT="," STYLE="superscript" WC="0.42" CC="8"/>
						<String ID="word001371" HPOS="2311" VPOS="4007" WIDTH="64" HEIGHT="33" CONTENT="ion" WC="0.42" CC="355"/>
						<SP ID="P3_SP01325" HPOS="2375" VPOS="4069" WIDTH="28"/>
						<String ID="word001372" HPOS="2404" VPOS="4002" WIDTH="43" HEIGHT="33" CONTENT="of" WC="0.83" CC="21"/>
						<SP ID="P3_SP01326" HPOS="2446" VPOS="4069" WIDTH="19"/>
						<String ID="word001373" HPOS="2465" VPOS="3994" WIDTH="217" HEIGHT="47" CONTENT="expre;siag" WC="0.37" CC="5443678776"/>
						<SP ID="P3_SP01327" HPOS="2682" VPOS="4069" WIDTH="27"/>
						<String ID="word001374" HPOS="2709" VPOS="3990" WIDTH="53" HEIGHT="32" CONTENT="his" WC="0.41" CC="664"/>
						<SP ID="P3_SP01328" HPOS="2763" VPOS="4069" WIDTH="17"/>
						<String ID="word001375" HPOS="2779" VPOS="3984" WIDTH="172" HEIGHT="47" CONTENT="opinion," WC="0.64" CC="33333344"/>
						<SP ID="P3_SP01329" HPOS="2952" VPOS="4069" WIDTH="26"/>
						<String ID="word001376" HPOS="2978" VPOS="3978" WIDTH="89" HEIGHT="35" CONTENT="that" WC="0.56" CC="6451"/>
						<SP ID="P3_SP01330" HPOS="3066" VPOS="4069" WIDTH="0"/>
					</TextLine>
					<TextLine ID="P3_TL00147" HPOS="1740" VPOS="4029" WIDTH="1261" HEIGHT="79">
						<String ID="word001377" HPOS="1740" VPOS="4076" WIDTH="25" HEIGHT="17" CONTENT='"' WC="0.11" CC="8"/>
						<SP ID="P3_SP01331" HPOS="1765" VPOS="4093" WIDTH="14"/>
						<String ID="word001378" HPOS="1779" VPOS="4072" WIDTH="60" HEIGHT="33" CONTENT="the" WC="0.85" CC="013"/>
						<SP ID="P3_SP01332" HPOS="1839" VPOS="4106" WIDTH="20"/>
						<String ID="word001379" HPOS="1859" VPOS="4071" WIDTH="81" HEIGHT="37" CONTENT="/me," WC="0.47" CC="6571" STYLEREFS="TXT_5"/>
						<SP ID="P3_SP01333" HPOS="1941" VPOS="4108" WIDTH="22"/>
						<String ID="word001380" HPOS="1963" VPOS="4077" WIDTH="41" HEIGHT="22" CONTENT="113" WC="0.15" CC="887" STYLEREFS="TXT_0"/>
						<SP ID="P3_SP01334" HPOS="2004" VPOS="4108" WIDTH="30"/>
						<String ID="word001381" HPOS="2034" VPOS="4067" WIDTH="25" HEIGHT="31" CONTENT="it" WC="0.83" CC="30" STYLEREFS="TXT_0"/>
						<SP ID="P3_SP01335" HPOS="2059" VPOS="4108" WIDTH="31"/>
						<String ID="word001382" HPOS="2089" VPOS="4068" WIDTH="33" HEIGHT="26" CONTENT="at" WC="0.94" CC="10" STYLEREFS="TXT_0"/>
						<SP ID="P3_SP01336" HPOS="2122" VPOS="4108" WIDTH="346"/>
						<String ID="word001383" HPOS="2469" VPOS="4059" WIDTH="13" HEIGHT="20" CONTENT="1" STYLE="subscript" WC="0.16" CC="8" STYLEREFS="TXT_6"/>
						<String ID="word001384" HPOS="2481" VPOS="4059" WIDTH="41" HEIGHT="20" CONTENT=",-," WC="0.16" CC="887" STYLEREFS="TXT_6"/>
						<String ID="word001385" HPOS="2523" VPOS="4059" WIDTH="14" HEIGHT="20" CONTENT="0" STYLE="subscript" WC="0.16" CC="7" STYLEREFS="TXT_6"/>
						<SP ID="P3_SP01337" HPOS="2537" VPOS="4108" WIDTH="19"/>
						<String ID="word001386" HPOS="2556" VPOS="4045" WIDTH="19" HEIGHT="43" CONTENT="c" STYLE="subscript" WC="0.47" CC="4" STYLEREFS="TXT_6"/>
						<String ID="word001387" HPOS="2575" VPOS="4045" WIDTH="77" HEIGHT="43" CONTENT="rate" WC="0.47" CC="5555" STYLEREFS="TXT_6"/>
						<SP ID="P3_SP01338" HPOS="2652" VPOS="4108" WIDTH="20"/>
						<String ID="word001388" HPOS="2672" VPOS="4037" WIDTH="26" HEIGHT="46" CONTENT=":" STYLE="subscript" WC="0.53" CC="6" STYLEREFS="TXT_0"/>
						<String ID="word001389" HPOS="2698" VPOS="4037" WIDTH="78" HEIGHT="46" CONTENT="vat" WC="0.53" CC="533" STYLEREFS="TXT_0"/>
						<SP ID="P3_SP01339" HPOS="2776" VPOS="4108" WIDTH="15"/>
						<String ID="word001390" HPOS="2791" VPOS="4029" WIDTH="19" HEIGHT="79" CONTENT="t" WC="0.78" CC="2" STYLEREFS="TXT_0"/>
						<SP ID="P3_SP01340" HPOS="2810" VPOS="4108" WIDTH="18"/>
						<String ID="word001391" HPOS="2828" VPOS="4029" WIDTH="19" HEIGHT="79" CONTENT="4" WC="1.00" CC="0" STYLEREFS="TXT_0"/>
						<SP ID="P3_SP01341" HPOS="2846" VPOS="4108" WIDTH="18"/>
						<String ID="word001392" HPOS="2864" VPOS="4029" WIDTH="73" HEIGHT="79" CONTENT="curb" WC="0.64" CC="3055" STYLEREFS="TXT_5"/>
						<SP ID="P3_SP01342" HPOS="2937" VPOS="4108" WIDTH="17"/>
						<String ID="word001393" HPOS="2954" VPOS="4029" WIDTH="47" HEIGHT="32" CONTENT="its" WC="0.93" CC="110" STYLEREFS="TXT_6"/>
						<SP ID="P3_SP01343" HPOS="3001" VPOS="4108" WIDTH="0"/>
					</TextLine>
					<TextLine ID="P3_TL00148" HPOS="3021" VPOS="4028" WIDTH="46" HEIGHT="32">
						<String ID="word001394" HPOS="3021" VPOS="4028" WIDTH="31" HEIGHT="32" CONTENT="ii" SUBS_TYPE="HypPart1" SUBS_CONTENT="iimiliousness," WC="0.33" CC="66"/>
						<HYP HPOS="3052" VPOS="4028" WIDTH="15" CONTENT="-"/>
					</TextLine>
					<TextLine ID="P3_TL00149" HPOS="1740" VPOS="4078" WIDTH="1328" HEIGHT="80">
						<String ID="word001395" HPOS="1740" VPOS="4121" WIDTH="252" HEIGHT="37" CONTENT="miliousness," SUBS_TYPE="HypPart2" SUBS_CONTENT="iimiliousness," WC="0.42" CC="855556556553" STYLEREFS="TXT_5"/>
						<SP ID="P3_SP01344" HPOS="1991" VPOS="4157" WIDTH="19"/>
						<String ID="word001396" HPOS="2010" VPOS="4108" WIDTH="178" HEIGHT="50" CONTENT="pcJvided" WC="0.38" CC="58565655"/>
						<SP ID="P3_SP01345" HPOS="2189" VPOS="4157" WIDTH="27"/>
						<String ID="word001397" HPOS="2216" VPOS="4106" WIDTH="30" HEIGHT="33" CONTENT="it" WC="0.94" CC="10"/>
						<SP ID="P3_SP01346" HPOS="2245" VPOS="4157" WIDTH="21"/>
						<String ID="word001398" HPOS="2267" VPOS="4113" WIDTH="71" HEIGHT="25" CONTENT="was" WC="0.33" CC="756"/>
						<SP ID="P3_SP01347" HPOS="2337" VPOS="4157" WIDTH="18"/>
						<String ID="word001399" HPOS="2355" VPOS="4100" WIDTH="86" HEIGHT="43" CONTENT="duly" WC="0.81" CC="0133"/>
						<SP ID="P3_SP01348" HPOS="2441" VPOS="4157" WIDTH="20"/>
						<String ID="word001400" HPOS="2461" VPOS="4085" WIDTH="214" HEIGHT="45" CONTENT='chcortcd."' WC="0.35" CC="3888485347"/>
						<SP ID="P3_SP01349" HPOS="2675" VPOS="4157" WIDTH="53"/>
						<String ID="word001401" HPOS="2728" VPOS="4085" WIDTH="116" HEIGHT="34" CONTENT="LORD" WC="0.75" CC="2331" STYLEREFS="TXT_0"/>
						<SP ID="P3_SP01350" HPOS="2844" VPOS="4157" WIDTH="22"/>
						<String ID="word001402" HPOS="2867" VPOS="4078" WIDTH="201" HEIGHT="35" CONTENT="ERSICINS" WC="0.39" CC="37788335" STYLEREFS="TXT_0"/>
						<SP ID="P3_SP01351" HPOS="3067" VPOS="4157" WIDTH="0"/>
					</TextLine>
				</TextBlock>
				<ComposedBlock ID="pa0003013" HPOS="3206" VPOS="567" WIDTH="254" HEIGHT="3698" TYPE="Illustration">
					<TextBlock ID="P3_TB00013" HPOS="3206" VPOS="567" WIDTH="254" HEIGHT="3698" STYLEREFS="TXT_0 PAR_LEFT">
						<TextLine ID="P3_TL00150" HPOS="3381" VPOS="1717" WIDTH="41" HEIGHT="65">
							<String ID="word001403" HPOS="3381" VPOS="1769" WIDTH="6" HEIGHT="13" CONTENT="," WC="0.22" CC="7" STYLEREFS="TXT_5"/>
							<SP ID="P3_SP01352" HPOS="3387" VPOS="1782" WIDTH="7"/>
							<String ID="word001404" HPOS="3394" VPOS="1723" WIDTH="8" HEIGHT="58" CONTENT="i" WC="0.22" CC="7" STYLEREFS="TXT_5"/>
							<String ID="word001405" HPOS="3403" VPOS="1723" WIDTH="8" HEIGHT="58" CONTENT="," STYLE="superscript" WC="0.22" CC="7" STYLEREFS="TXT_5"/>
							<SP ID="P3_SP01353" HPOS="3411" VPOS="1782" WIDTH="7"/>
							<String ID="word001406" HPOS="3418" VPOS="1717" WIDTH="4" HEIGHT="65" CONTENT="•" WC="0.22" CC="7" STYLEREFS="TXT_5"/>
							<SP ID="P3_SP01354" HPOS="3422" VPOS="1782" WIDTH="0"/>
						</TextLine>
						<TextLine ID="P3_TL00151" HPOS="3437" VPOS="1710" WIDTH="15" HEIGHT="21">
							<String ID="word001407" HPOS="3437" VPOS="1710" WIDTH="2" HEIGHT="21" CONTENT="." WC="0.11" CC="8" STYLEREFS="TXT_5"/>
							<SP ID="P3_SP01355" HPOS="3439" VPOS="1731" WIDTH="1"/>
							<String ID="word001408" HPOS="3441" VPOS="1710" WIDTH="11" HEIGHT="21" CONTENT="i!" WC="0.11" CC="88" STYLEREFS="TXT_5"/>
							<SP ID="P3_SP01356" HPOS="3451" VPOS="1731" WIDTH="0"/>
						</TextLine>
						<TextLine ID="P3_TL00152" HPOS="3237" VPOS="567" WIDTH="10" HEIGHT="71">
							<String ID="word001409" HPOS="3237" VPOS="567" WIDTH="9" HEIGHT="71" CONTENT="1" WC="0.11" CC="8" STYLEREFS="TXT_5"/>
							<SP ID="P3_SP01357" HPOS="3247" VPOS="638" WIDTH="0"/>
						</TextLine>
						<TextLine ID="P3_TL00153" HPOS="3207" VPOS="698" WIDTH="11" HEIGHT="18">
							<String ID="word001410" HPOS="3207" VPOS="698" WIDTH="11" HEIGHT="18" CONTENT="1" WC="0.33" CC="6" STYLEREFS="TXT_5"/>
							<SP ID="P3_SP01358" HPOS="3217" VPOS="716" WIDTH="0"/>
						</TextLine>
						<TextLine ID="P3_TL00154" HPOS="3207" VPOS="715" WIDTH="76" HEIGHT="776">
							<String ID="word001411" HPOS="3207" VPOS="718" WIDTH="6" HEIGHT="44" CONTENT="1" WC="0.33" CC="6" STYLEREFS="TXT_5"/>
							<SP ID="P3_SP01359" HPOS="3213" VPOS="762" WIDTH="1"/>
							<String ID="word001412" HPOS="3214" VPOS="715" WIDTH="40" HEIGHT="776" CONTENT="1;1" WC="0.18" CC="878" STYLEREFS="TXT_5"/>
							<String ID="word001413" HPOS="3254" VPOS="715" WIDTH="14" HEIGHT="776" CONTENT="," STYLE="superscript" WC="0.18" CC="7" STYLEREFS="TXT_5"/>
							<String ID="word001414" HPOS="3268" VPOS="715" WIDTH="14" HEIGHT="776" CONTENT="1" WC="0.18" CC="7" STYLEREFS="TXT_5"/>
							<SP ID="P3_SP01360" HPOS="3282" VPOS="1491" WIDTH="0"/>
						</TextLine>
						<TextLine ID="P3_TL00155" HPOS="3209" VPOS="828" WIDTH="7" HEIGHT="12">
							<String ID="word001415" HPOS="3209" VPOS="828" WIDTH="7" HEIGHT="12" CONTENT="i" WC="0.11" CC="8" STYLEREFS="TXT_5"/>
							<SP ID="P3_SP01361" HPOS="3216" VPOS="840" WIDTH="0"/>
						</TextLine>
						<TextLine ID="P3_TL00156" HPOS="3211" VPOS="814" WIDTH="36" HEIGHT="51">
							<String ID="word001416" HPOS="3211" VPOS="843" WIDTH="7" HEIGHT="21" CONTENT="1" WC="0.33" CC="6" STYLEREFS="TXT_5"/>
							<SP ID="P3_SP01362" HPOS="3219" VPOS="865" WIDTH="22"/>
							<String ID="word001417" HPOS="3241" VPOS="814" WIDTH="6" HEIGHT="21" CONTENT="0" WC="0.22" CC="7" STYLEREFS="TXT_5"/>
							<SP ID="P3_SP01363" HPOS="3247" VPOS="865" WIDTH="0"/>
						</TextLine>
						<TextLine ID="P3_TL00157" HPOS="3206" VPOS="567" WIDTH="61" HEIGHT="365">
							<String ID="word001418" HPOS="3206" VPOS="567" WIDTH="61" HEIGHT="365" CONTENT="111" WC="0.19" CC="877" STYLEREFS="TXT_5"/>
							<SP ID="P3_SP01364" HPOS="3267" VPOS="932" WIDTH="0"/>
						</TextLine>
						<TextLine ID="P3_TL00158" HPOS="3376" VPOS="826" WIDTH="78" HEIGHT="46">
							<String ID="word001419" HPOS="3376" VPOS="826" WIDTH="4" HEIGHT="46" CONTENT="," WC="0.22" CC="7" STYLEREFS="TXT_5"/>
							<SP ID="P3_SP01365" HPOS="3379" VPOS="872" WIDTH="37"/>
							<String ID="word001420" HPOS="3416" VPOS="826" WIDTH="4" HEIGHT="46" CONTENT="." WC="0.22" CC="7" STYLEREFS="TXT_5"/>
							<SP ID="P3_SP01366" HPOS="3419" VPOS="872" WIDTH="27"/>
							<String ID="word001421" HPOS="3446" VPOS="827" WIDTH="7" HEIGHT="9" CONTENT="," WC="0.33" CC="6" STYLEREFS="TXT_5"/>
							<SP ID="P3_SP01367" HPOS="3454" VPOS="872" WIDTH="0"/>
						</TextLine>
						<TextLine ID="P3_TL00159" HPOS="3409" VPOS="840" WIDTH="51" HEIGHT="24">
							<String ID="word001422" HPOS="3409" VPOS="843" WIDTH="8" HEIGHT="20" CONTENT="1" WC="0.33" CC="6"/>
							<SP ID="P3_SP01368" HPOS="3417" VPOS="863" WIDTH="35"/>
							<String ID="word001423" HPOS="3452" VPOS="840" WIDTH="7" HEIGHT="14" CONTENT="," WC="0.33" CC="6"/>
							<SP ID="P3_SP01369" HPOS="3459" VPOS="863" WIDTH="0"/>
						</TextLine>
						<TextLine ID="P3_TL00160" HPOS="3439" VPOS="855" WIDTH="9" HEIGHT="20">
							<String ID="word001424" HPOS="3439" VPOS="855" WIDTH="8" HEIGHT="20" CONTENT="~" WC="0.22" CC="7"/>
							<SP ID="P3_SP01370" HPOS="3448" VPOS="875" WIDTH="0"/>
						</TextLine>
						<TextLine ID="P3_TL00161" HPOS="3387" VPOS="905" WIDTH="3" HEIGHT="5">
							<String ID="word001425" HPOS="3387" VPOS="905" WIDTH="2" HEIGHT="5" CONTENT="," WC="0.11" CC="8"/>
							<SP ID="P3_SP01371" HPOS="3390" VPOS="909" WIDTH="0"/>
						</TextLine>
						<TextLine ID="P3_TL00162" HPOS="3385" VPOS="935" WIDTH="56" HEIGHT="19">
							<String ID="word001426" HPOS="3385" VPOS="935" WIDTH="4" HEIGHT="19" CONTENT="," WC="0.22" CC="7"/>
							<SP ID="P3_SP01372" HPOS="3389" VPOS="954" WIDTH="26"/>
							<String ID="word001427" HPOS="3415" VPOS="935" WIDTH="26" HEIGHT="7" CONTENT="..." WC="0.22" CC="777"/>
							<SP ID="P3_SP01373" HPOS="3441" VPOS="954" WIDTH="0"/>
						</TextLine>
						<TextLine ID="P3_TL00163" HPOS="3400" VPOS="964" WIDTH="32" HEIGHT="11">
							<String ID="word001428" HPOS="3400" VPOS="964" WIDTH="4" HEIGHT="11" CONTENT="," WC="0.22" CC="7"/>
							<SP ID="P3_SP01374" HPOS="3404" VPOS="974" WIDTH="17"/>
							<String ID="word001429" HPOS="3420" VPOS="966" WIDTH="12" HEIGHT="8" CONTENT="," WC="0.11" CC="8"/>
							<SP ID="P3_SP01375" HPOS="3432" VPOS="974" WIDTH="0"/>
						</TextLine>
						<TextLine ID="P3_TL00164" HPOS="3255" VPOS="987" WIDTH="205" HEIGHT="63">
							<String ID="word001430" HPOS="3255" VPOS="987" WIDTH="18" HEIGHT="63" CONTENT="11" WC="0.11" CC="88"/>
							<SP ID="P3_SP01376" HPOS="3273" VPOS="1050" WIDTH="120"/>
							<String ID="word001431" HPOS="3393" VPOS="1005" WIDTH="40" HEIGHT="22" CONTENT="t.'i" WC="0.11" CC="8888"/>
							<SP ID="P3_SP01377" HPOS="3433" VPOS="1050" WIDTH="20"/>
							<String ID="word001432" HPOS="3454" VPOS="1005" WIDTH="6" HEIGHT="21" CONTENT="i" WC="0.11" CC="8"/>
							<SP ID="P3_SP01378" HPOS="3459" VPOS="1050" WIDTH="0"/>
						</TextLine>
						<TextLine ID="P3_TL00165" HPOS="3220" VPOS="1135" WIDTH="221" HEIGHT="48">
							<String ID="word001433" HPOS="3220" VPOS="1135" WIDTH="5" HEIGHT="48" CONTENT="'" WC="0.22" CC="7"/>
							<SP ID="P3_SP01379" HPOS="3224" VPOS="1183" WIDTH="24"/>
							<String ID="word001434" HPOS="3248" VPOS="1135" WIDTH="11" HEIGHT="48" CONTENT="1" WC="0.17" CC="8"/>
							<String ID="word001435" HPOS="3259" VPOS="1135" WIDTH="12" HEIGHT="48" CONTENT="1" STYLE="superscript" WC="0.17" CC="7"/>
							<SP ID="P3_SP01380" HPOS="3270" VPOS="1183" WIDTH="164"/>
							<String ID="word001436" HPOS="3435" VPOS="1159" WIDTH="6" HEIGHT="14" CONTENT="i" WC="0.11" CC="8"/>
							<SP ID="P3_SP01381" HPOS="3441" VPOS="1183" WIDTH="0"/>
						</TextLine>
						<TextLine ID="P3_TL00166" HPOS="3428" VPOS="1201" WIDTH="25" HEIGHT="31">
							<String ID="word001437" HPOS="3428" VPOS="1201" WIDTH="25" HEIGHT="31" CONTENT="1..'" WC="0.19" CC="8777"/>
							<SP ID="P3_SP01382" HPOS="3452" VPOS="1232" WIDTH="0"/>
						</TextLine>
						<TextLine ID="P3_TL00167" HPOS="3441" VPOS="1247" WIDTH="19" HEIGHT="17">
							<String ID="word001438" HPOS="3441" VPOS="1247" WIDTH="19" HEIGHT="17" CONTENT="‘1" WC="0.11" CC="88"/>
							<SP ID="P3_SP01383" HPOS="3459" VPOS="1264" WIDTH="0"/>
						</TextLine>
						<TextLine ID="P3_TL00168" HPOS="3433" VPOS="1271" WIDTH="26" HEIGHT="28">
							<String ID="word001439" HPOS="3433" VPOS="1271" WIDTH="4" HEIGHT="28" CONTENT="'" WC="0.22" CC="7"/>
							<SP ID="P3_SP01384" HPOS="3437" VPOS="1299" WIDTH="6"/>
							<String ID="word001440" HPOS="3443" VPOS="1271" WIDTH="9" HEIGHT="28" CONTENT="0" WC="0.11" CC="8"/>
							<SP ID="P3_SP01385" HPOS="3452" VPOS="1299" WIDTH="5"/>
							<String ID="word001441" HPOS="3457" VPOS="1271" WIDTH="2" HEIGHT="28" CONTENT="'" WC="0.22" CC="7"/>
							<SP ID="P3_SP01386" HPOS="3459" VPOS="1299" WIDTH="0"/>
						</TextLine>
						<TextLine ID="P3_TL00169" HPOS="3249" VPOS="1300" WIDTH="4" HEIGHT="5">
							<String ID="word001442" HPOS="3249" VPOS="1300" WIDTH="4" HEIGHT="5" CONTENT="." WC="0.11" CC="8"/>
							<SP ID="P3_SP01387" HPOS="3253" VPOS="1305" WIDTH="0"/>
						</TextLine>
						<TextLine ID="P3_TL00170" HPOS="3252" VPOS="1307" WIDTH="2" HEIGHT="8">
							<String ID="word001443" HPOS="3252" VPOS="1307" WIDTH="2" HEIGHT="7" CONTENT="." WC="0.11" CC="8"/>
							<SP ID="P3_SP01388" HPOS="3254" VPOS="1315" WIDTH="0"/>
						</TextLine>
						<TextLine ID="P3_TL00171" HPOS="3219" VPOS="1325" WIDTH="50" HEIGHT="642">
							<String ID="word001444" HPOS="3219" VPOS="1325" WIDTH="33" HEIGHT="641" CONTENT="11" WC="0.11" CC="88" STYLEREFS="TXT_7"/>
							<String ID="word001445" HPOS="3252" VPOS="1325" WIDTH="17" HEIGHT="641" CONTENT="," STYLE="superscript" WC="0.11" CC="8" STYLEREFS="TXT_7"/>
							<SP ID="P3_SP01389" HPOS="3268" VPOS="1967" WIDTH="0"/>
						</TextLine>
						<TextLine ID="P3_TL00172" HPOS="3249" VPOS="1730" WIDTH="25" HEIGHT="23">
							<String ID="word001446" HPOS="3249" VPOS="1730" WIDTH="6" HEIGHT="14" CONTENT="1" WC="0.22" CC="7"/>
							<SP ID="P3_SP01390" HPOS="3255" VPOS="1744" WIDTH="11"/>
							<String ID="word001447" HPOS="3266" VPOS="1737" WIDTH="8" HEIGHT="15" CONTENT="4" STYLE="subscript" WC="0.22" CC="7"/>
							<SP ID="P3_SP01391" HPOS="3274" VPOS="1753" WIDTH="0"/>
						</TextLine>
						<TextLine ID="P3_TL00173" HPOS="3266" VPOS="1754" WIDTH="9" HEIGHT="43">
							<String ID="word001448" HPOS="3266" VPOS="1754" WIDTH="9" HEIGHT="43" CONTENT="i" WC="0.11" CC="8"/>
							<SP ID="P3_SP01392" HPOS="3275" VPOS="1796" WIDTH="0"/>
						</TextLine>
						<TextLine ID="P3_TL00174" HPOS="3219" VPOS="1315" WIDTH="9" HEIGHT="26">
							<String ID="word001449" HPOS="3219" VPOS="1315" WIDTH="9" HEIGHT="26" CONTENT=".1:" STYLE="superscript" WC="0.11" CC="888"/>
							<SP ID="P3_SP01393" HPOS="3228" VPOS="1341" WIDTH="0"/>
						</TextLine>
						<TextLine ID="P3_TL00175" HPOS="3404" VPOS="1362" WIDTH="53" HEIGHT="549">
							<String ID="word001450" HPOS="3404" VPOS="1362" WIDTH="53" HEIGHT="549" CONTENT="...." WC="0.19" CC="8777"/>
							<SP ID="P3_SP01394" HPOS="3457" VPOS="1911" WIDTH="0"/>
						</TextLine>
						<TextLine ID="P3_TL00176" HPOS="3423" VPOS="1550" WIDTH="4" HEIGHT="7">
							<String ID="word001451" HPOS="3423" VPOS="1550" WIDTH="4" HEIGHT="7" CONTENT="," WC="0.11" CC="8"/>
							<SP ID="P3_SP01395" HPOS="3426" VPOS="1557" WIDTH="0"/>
						</TextLine>
						<TextLine ID="P3_TL00177" HPOS="3431" VPOS="1590" WIDTH="23" HEIGHT="19">
							<String ID="word001452" HPOS="3431" VPOS="1590" WIDTH="8" HEIGHT="19" CONTENT="i" WC="0.22" CC="7"/>
							<SP ID="P3_SP01396" HPOS="3439" VPOS="1609" WIDTH="7"/>
							<String ID="word001453" HPOS="3446" VPOS="1591" WIDTH="7" HEIGHT="18" CONTENT="t" WC="0.22" CC="7"/>
							<SP ID="P3_SP01397" HPOS="3454" VPOS="1609" WIDTH="0"/>
						</TextLine>
						<TextLine ID="P3_TL00178" HPOS="3454" VPOS="1617" WIDTH="6" HEIGHT="17">
							<String ID="word001454" HPOS="3454" VPOS="1617" WIDTH="6" HEIGHT="17" CONTENT="•.," WC="0.19" CC="778"/>
							<SP ID="P3_SP01398" HPOS="3459" VPOS="1633" WIDTH="0"/>
						</TextLine>
						<TextLine ID="P3_TL00179" HPOS="3443" VPOS="1655" WIDTH="17" HEIGHT="19">
							<String ID="word001455" HPOS="3443" VPOS="1655" WIDTH="17" HEIGHT="19" CONTENT="4" WC="0.11" CC="8"/>
							<SP ID="P3_SP01399" HPOS="3459" VPOS="1674" WIDTH="0"/>
						</TextLine>
						<TextLine ID="P3_TL00180" HPOS="3433" VPOS="1676" WIDTH="26" HEIGHT="39">
							<String ID="word001456" HPOS="3433" VPOS="1676" WIDTH="13" HEIGHT="39" CONTENT=":" WC="0.17" CC="7"/>
							<String ID="word001457" HPOS="3446" VPOS="1676" WIDTH="13" HEIGHT="39" CONTENT="4" STYLE="superscript" WC="0.17" CC="8"/>
							<SP ID="P3_SP01400" HPOS="3459" VPOS="1715" WIDTH="0"/>
						</TextLine>
						<TextLine ID="P3_TL00181" HPOS="3439" VPOS="1832" WIDTH="4" HEIGHT="6">
							<String ID="word001458" HPOS="3439" VPOS="1832" WIDTH="4" HEIGHT="6" CONTENT="'" WC="0.44" CC="5"/>
							<SP ID="P3_SP01401" HPOS="3443" VPOS="1838" WIDTH="0"/>
						</TextLine>
						<TextLine ID="P3_TL00182" HPOS="3405" VPOS="1893" WIDTH="50" HEIGHT="10">
							<String ID="word001459" HPOS="3405" VPOS="1893" WIDTH="6" HEIGHT="8" CONTENT="A" WC="0.11" CC="8" STYLEREFS="TXT_4"/>
							<SP ID="P3_SP01402" HPOS="3411" VPOS="1902" WIDTH="38"/>
							<String ID="word001460" HPOS="3449" VPOS="1894" WIDTH="6" HEIGHT="8" CONTENT="I" WC="0.22" CC="7" STYLEREFS="TXT_4"/>
							<SP ID="P3_SP01403" HPOS="3455" VPOS="1903" WIDTH="0"/>
						</TextLine>
						<TextLine ID="P3_TL00183" HPOS="3389" VPOS="1742" WIDTH="19" HEIGHT="181">
							<String ID="word001461" HPOS="3389" VPOS="1742" WIDTH="19" HEIGHT="181" CONTENT="'.." WC="0.15" CC="788" STYLEREFS="TXT_4"/>
							<SP ID="P3_SP01404" HPOS="3407" VPOS="1923" WIDTH="0"/>
						</TextLine>
						<TextLine ID="P3_TL00184" HPOS="3422" VPOS="1739" WIDTH="32" HEIGHT="184">
							<String ID="word001462" HPOS="3422" VPOS="1739" WIDTH="15" HEIGHT="184" CONTENT=":" STYLE="superscript" WC="0.22" CC="7" STYLEREFS="TXT_4"/>
							<String ID="word001463" HPOS="3437" VPOS="1739" WIDTH="17" HEIGHT="184" CONTENT="I" WC="0.22" CC="7" STYLEREFS="TXT_4"/>
							<SP ID="P3_SP01405" HPOS="3454" VPOS="1923" WIDTH="0"/>
						</TextLine>
						<TextLine ID="P3_TL00185" HPOS="3443" VPOS="1968" WIDTH="2" HEIGHT="4">
							<String ID="word001464" HPOS="3443" VPOS="1968" WIDTH="2" HEIGHT="4" CONTENT="." WC="0.22" CC="7" STYLEREFS="TXT_4"/>
							<SP ID="P3_SP01406" HPOS="3445" VPOS="1971" WIDTH="0"/>
						</TextLine>
						<TextLine ID="P3_TL00186" HPOS="3403" VPOS="2010" WIDTH="51" HEIGHT="37">
							<String ID="word001465" HPOS="3449" VPOS="2010" WIDTH="5" HEIGHT="37" CONTENT="t" STYLE="superscript" WC="0.11" CC="8" STYLEREFS="TXT_4"/>
							<SP ID="P3_SP01407" HPOS="3454" VPOS="2047" WIDTH="-50"/>
							<String ID="word001466" HPOS="3403" VPOS="2021" WIDTH="11" HEIGHT="17" CONTENT="r" WC="0.44" CC="5" STYLEREFS="TXT_4"/>
							<SP ID="P3_SP01408" HPOS="3454" VPOS="2047" WIDTH="-29"/>
							<String ID="word001467" HPOS="3424" VPOS="2013" WIDTH="15" HEIGHT="34" CONTENT="1" WC="0.11" CC="8" STYLEREFS="TXT_4"/>
							<SP ID="P3_SP01409" HPOS="3454" VPOS="2047" WIDTH="0"/>
						</TextLine>
						<TextLine ID="P3_TL00187" HPOS="3381" VPOS="2046" WIDTH="60" HEIGHT="18">
							<String ID="word001468" HPOS="3381" VPOS="2046" WIDTH="2" HEIGHT="18" CONTENT="." WC="0.22" CC="7" STYLEREFS="TXT_4"/>
							<SP ID="P3_SP01410" HPOS="3384" VPOS="2063" WIDTH="18"/>
							<String ID="word001469" HPOS="3402" VPOS="2046" WIDTH="5" HEIGHT="18" CONTENT="," STYLE="subscript" WC="0.22" CC="7" STYLEREFS="TXT_4"/>
							<SP ID="P3_SP01411" HPOS="3406" VPOS="2063" WIDTH="27"/>
							<String ID="word001470" HPOS="3433" VPOS="2047" WIDTH="7" HEIGHT="17" CONTENT="I" STYLE="subscript" WC="0.22" CC="7" STYLEREFS="TXT_4"/>
							<SP ID="P3_SP01412" HPOS="3441" VPOS="2063" WIDTH="0"/>
						</TextLine>
						<TextLine ID="P3_TL00188" HPOS="3441" VPOS="2069" WIDTH="6" HEIGHT="9">
							<String ID="word001471" HPOS="3441" VPOS="2069" WIDTH="6" HEIGHT="8" CONTENT="4" WC="0.56" CC="4" STYLEREFS="TXT_4"/>
							<SP ID="P3_SP01413" HPOS="3446" VPOS="2078" WIDTH="0"/>
						</TextLine>
						<TextLine ID="P3_TL00189" HPOS="3412" VPOS="2074" WIDTH="25" HEIGHT="20">
							<String ID="word001472" HPOS="3412" VPOS="2074" WIDTH="9" HEIGHT="18" CONTENT="i" WC="0.22" CC="7" STYLEREFS="TXT_4"/>
							<SP ID="P3_SP01414" HPOS="3422" VPOS="2092" WIDTH="11"/>
							<String ID="word001473" HPOS="3432" VPOS="2074" WIDTH="5" HEIGHT="20" CONTENT=")" WC="0.11" CC="8" STYLEREFS="TXT_4"/>
							<SP ID="P3_SP01415" HPOS="3437" VPOS="2094" WIDTH="0"/>
						</TextLine>
						<TextLine ID="P3_TL00190" HPOS="3381" VPOS="2119" WIDTH="65" HEIGHT="21">
							<String ID="word001474" HPOS="3381" VPOS="2134" WIDTH="8" HEIGHT="6" CONTENT="••" WC="0.39" CC="47" STYLEREFS="TXT_4"/>
							<SP ID="P3_SP01416" HPOS="3390" VPOS="2140" WIDTH="50"/>
							<String ID="word001475" HPOS="3439" VPOS="2119" WIDTH="7" HEIGHT="15" CONTENT="I" STYLE="superscript" WC="0.11" CC="8" STYLEREFS="TXT_4"/>
							<SP ID="P3_SP01417" HPOS="3446" VPOS="2140" WIDTH="0"/>
						</TextLine>
						<TextLine ID="P3_TL00191" HPOS="3387" VPOS="2179" WIDTH="43" HEIGHT="37">
							<String ID="word001476" HPOS="3387" VPOS="2179" WIDTH="5" HEIGHT="37" CONTENT=":" WC="0.11" CC="8" STYLEREFS="TXT_4"/>
							<SP ID="P3_SP01418" HPOS="3392" VPOS="2216" WIDTH="8"/>
							<String ID="word001477" HPOS="3400" VPOS="2179" WIDTH="5" HEIGHT="37" CONTENT="'" WC="0.11" CC="8" STYLEREFS="TXT_4"/>
							<SP ID="P3_SP01419" HPOS="3405" VPOS="2216" WIDTH="17"/>
							<String ID="word001478" HPOS="3422" VPOS="2205" WIDTH="8" HEIGHT="11" CONTENT="1.." WC="0.33" CC="855" STYLEREFS="TXT_4"/>
							<SP ID="P3_SP01420" HPOS="3430" VPOS="2216" WIDTH="0"/>
						</TextLine>
						<TextLine ID="P3_TL00192" HPOS="3231" VPOS="2204" WIDTH="29" HEIGHT="45">
							<String ID="word001479" HPOS="3231" VPOS="2204" WIDTH="5" HEIGHT="45" CONTENT="/" WC="0.33" CC="6" STYLEREFS="TXT_4"/>
							<SP ID="P3_SP01421" HPOS="3236" VPOS="2249" WIDTH="15"/>
							<String ID="word001480" HPOS="3252" VPOS="2204" WIDTH="8" HEIGHT="45" CONTENT="i" WC="0.22" CC="7" STYLEREFS="TXT_4"/>
							<SP ID="P3_SP01422" HPOS="3260" VPOS="2249" WIDTH="0"/>
						</TextLine>
						<TextLine ID="P3_TL00193" HPOS="3229" VPOS="2241" WIDTH="141" HEIGHT="45">
							<String ID="word001481" HPOS="3229" VPOS="2241" WIDTH="9" HEIGHT="45" CONTENT="i" STYLE="superscript" WC="0.15" CC="7" STYLEREFS="TXT_4"/>
							<String ID="word001482" HPOS="3239" VPOS="2241" WIDTH="21" HEIGHT="45" CONTENT="l)" WC="0.15" CC="88" STYLEREFS="TXT_4"/>
							<SP ID="P3_SP01423" HPOS="3260" VPOS="2285" WIDTH="83"/>
							<String ID="word001483" HPOS="3343" VPOS="2241" WIDTH="27" HEIGHT="38" CONTENT="i.'" WC="0.11" CC="887" STYLEREFS="TXT_5"/>
							<SP ID="P3_SP01424" HPOS="3370" VPOS="2285" WIDTH="0"/>
						</TextLine>
						<TextLine ID="P3_TL00194" HPOS="3239" VPOS="2281" WIDTH="124" HEIGHT="18">
							<String ID="word001484" HPOS="3239" VPOS="2285" WIDTH="11" HEIGHT="9" CONTENT="•••" WC="0.19" CC="787" STYLEREFS="TXT_4"/>
							<SP ID="P3_SP01425" HPOS="3249" VPOS="2295" WIDTH="6"/>
							<String ID="word001485" HPOS="3255" VPOS="2281" WIDTH="4" HEIGHT="18" CONTENT="/" WC="0.22" CC="7" STYLEREFS="TXT_4"/>
							<SP ID="P3_SP01426" HPOS="3259" VPOS="2298" WIDTH="98"/>
							<String ID="word001486" HPOS="3357" VPOS="2293" WIDTH="6" HEIGHT="6" CONTENT="4" WC="0.11" CC="8" STYLEREFS="TXT_4"/>
							<SP ID="P3_SP01427" HPOS="3363" VPOS="2298" WIDTH="0"/>
						</TextLine>
						<TextLine ID="P3_TL00195" HPOS="3242" VPOS="2298" WIDTH="17" HEIGHT="12">
							<String ID="word001487" HPOS="3242" VPOS="2298" WIDTH="7" HEIGHT="7" CONTENT="•" WC="0.22" CC="7" STYLEREFS="TXT_4"/>
							<SP ID="P3_SP01428" HPOS="3249" VPOS="2306" WIDTH="6"/>
							<String ID="word001488" HPOS="3255" VPOS="2298" WIDTH="4" HEIGHT="12" CONTENT="i" WC="0.22" CC="7" STYLEREFS="TXT_4"/>
							<SP ID="P3_SP01429" HPOS="3259" VPOS="2310" WIDTH="0"/>
						</TextLine>
						<TextLine ID="P3_TL00196" HPOS="3239" VPOS="2365" WIDTH="182" HEIGHT="32">
							<String ID="word001489" HPOS="3239" VPOS="2367" WIDTH="38" HEIGHT="30" CONTENT="4,," WC="0.37" CC="575" STYLEREFS="TXT_1"/>
							<SP ID="P3_SP01430" HPOS="3276" VPOS="2396" WIDTH="71"/>
							<String ID="word001490" HPOS="3347" VPOS="2365" WIDTH="6" HEIGHT="6" CONTENT="•" WC="0.56" CC="4" STYLEREFS="TXT_1"/>
							<SP ID="P3_SP01431" HPOS="3353" VPOS="2396" WIDTH="38"/>
							<String ID="word001491" HPOS="3391" VPOS="2368" WIDTH="20" HEIGHT="27" CONTENT="-:" WC="0.22" CC="77" STYLEREFS="TXT_1"/>
							<String ID="word001492" HPOS="3415" VPOS="2370" WIDTH="6" HEIGHT="26" CONTENT="i" WC="0.22" CC="7"/>
							<SP ID="P3_SP01432" HPOS="3420" VPOS="2396" WIDTH="0"/>
						</TextLine>
						<TextLine ID="P3_TL00197" HPOS="3369" VPOS="2737" WIDTH="31" HEIGHT="155">
							<String ID="word001493" HPOS="3369" VPOS="2737" WIDTH="15" HEIGHT="155" CONTENT="S" STYLE="subscript" WC="0.11" CC="8" STYLEREFS="TXT_4"/>
							<String ID="word001494" HPOS="3384" VPOS="2737" WIDTH="15" HEIGHT="155" CONTENT="." WC="0.11" CC="8"/>
							<SP ID="P3_SP01433" HPOS="3399" VPOS="2891" WIDTH="0"/>
						</TextLine>
						<TextLine ID="P3_TL00198" HPOS="3435" VPOS="2761" WIDTH="6" HEIGHT="5">
							<String ID="word001495" HPOS="3435" VPOS="2761" WIDTH="6" HEIGHT="5" CONTENT="-" WC="0.11" CC="8"/>
							<SP ID="P3_SP01434" HPOS="3441" VPOS="2766" WIDTH="0"/>
						</TextLine>
						<TextLine ID="P3_TL00199" HPOS="3369" VPOS="2926" WIDTH="54" HEIGHT="21">
							<String ID="word001496" HPOS="3369" VPOS="2926" WIDTH="1" HEIGHT="21" CONTENT="." WC="0.33" CC="6"/>
							<SP ID="P3_SP01435" HPOS="3370" VPOS="2947" WIDTH="45"/>
							<String ID="word001497" HPOS="3415" VPOS="2926" WIDTH="8" HEIGHT="21" CONTENT="i," WC="0.22" CC="77"/>
							<SP ID="P3_SP01436" HPOS="3423" VPOS="2947" WIDTH="0"/>
						</TextLine>
						<TextLine ID="P3_TL00200" HPOS="3221" VPOS="3033" WIDTH="207" HEIGHT="48">
							<String ID="word001498" HPOS="3221" VPOS="3033" WIDTH="8" HEIGHT="8" CONTENT="•" WC="0.22" CC="7"/>
							<SP ID="P3_SP01437" HPOS="3229" VPOS="3041" WIDTH="51"/>
							<String ID="word001499" HPOS="3280" VPOS="3060" WIDTH="7" HEIGHT="15" CONTENT="~" WC="0.22" CC="7"/>
							<SP ID="P3_SP01438" HPOS="3287" VPOS="3076" WIDTH="80"/>
							<String ID="word001500" HPOS="3367" VPOS="3033" WIDTH="5" HEIGHT="47" CONTENT="s" WC="0.22" CC="7"/>
							<String ID="word001501" HPOS="3372" VPOS="3033" WIDTH="5" HEIGHT="47" CONTENT=":" STYLE="subscript" WC="0.22" CC="7"/>
							<String ID="word001502" HPOS="3377" VPOS="3033" WIDTH="5" HEIGHT="47" CONTENT="," WC="0.22" CC="7"/>
							<SP ID="P3_SP01439" HPOS="3381" VPOS="3080" WIDTH="19"/>
							<String ID="word001503" HPOS="3400" VPOS="3038" WIDTH="13" HEIGHT="43" CONTENT="4" WC="0.22" CC="7" STYLEREFS="TXT_4"/>
							<SP ID="P3_SP01440" HPOS="3413" VPOS="3080" WIDTH="7"/>
							<String ID="word001504" HPOS="3420" VPOS="3041" WIDTH="7" HEIGHT="13" CONTENT="," WC="0.22" CC="7" STYLEREFS="TXT_4"/>
							<SP ID="P3_SP01441" HPOS="3428" VPOS="3080" WIDTH="0"/>
						</TextLine>
						<TextLine ID="P3_TL00201" HPOS="3255" VPOS="2576" WIDTH="82" HEIGHT="208">
							<String ID="word001505" HPOS="3255" VPOS="2576" WIDTH="20" HEIGHT="208" CONTENT="1i..." WC="0.20" CC="87777" STYLEREFS="TXT_4"/>
							<SP ID="P3_SP01442" HPOS="3275" VPOS="2784" WIDTH="59"/>
							<String ID="word001506" HPOS="3334" VPOS="2576" WIDTH="2" HEIGHT="208" CONTENT="." WC="0.22" CC="7" STYLEREFS="TXT_4"/>
							<SP ID="P3_SP01443" HPOS="3337" VPOS="2784" WIDTH="0"/>
						</TextLine>
						<TextLine ID="P3_TL00202" HPOS="3358" VPOS="2298" WIDTH="83" HEIGHT="724">
							<String ID="word001507" HPOS="3358" VPOS="2298" WIDTH="1" HEIGHT="724" CONTENT="~" WC="0.14" CC="8" STYLEREFS="TXT_4"/>
							<String ID="word001508" HPOS="3359" VPOS="2298" WIDTH="1" HEIGHT="724" CONTENT="," STYLE="subscript" WC="0.14" CC="8" STYLEREFS="TXT_4"/>
							<String ID="word001509" HPOS="3360" VPOS="2298" WIDTH="1" HEIGHT="724" CONTENT="," WC="0.14" CC="8" STYLEREFS="TXT_4"/>
							<String ID="word001510" HPOS="3361" VPOS="2298" WIDTH="6" HEIGHT="724" CONTENT=",..r" STYLE="subscript" WC="0.14" CC="8878" STYLEREFS="TXT_4"/>
							<String ID="word001511" HPOS="3367" VPOS="2298" WIDTH="1" HEIGHT="724" CONTENT="," WC="0.14" CC="8" STYLEREFS="TXT_4"/>
							<String ID="word001512" HPOS="3369" VPOS="2298" WIDTH="1" HEIGHT="724" CONTENT="." STYLE="subscript" WC="0.14" CC="8" STYLEREFS="TXT_4"/>
							<String ID="word001513" HPOS="3370" VPOS="2298" WIDTH="11" HEIGHT="724" CONTENT=".....," WC="0.14" CC="888887" STYLEREFS="TXT_4"/>
							<String ID="word001514" HPOS="3380" VPOS="2298" WIDTH="8" HEIGHT="724" CONTENT=",,,,." STYLE="subscript" WC="0.14" CC="77788" STYLEREFS="TXT_4"/>
							<String ID="word001515" HPOS="3389" VPOS="2298" WIDTH="5" HEIGHT="724" CONTENT="..," WC="0.14" CC="888" STYLEREFS="TXT_4"/>
							<String ID="word001516" HPOS="3393" VPOS="2298" WIDTH="35" HEIGHT="724" CONTENT=',,f,t.ti,...,,,,.,"' STYLE="subscript" WC="0.14" CC="8888888888777888777" STYLEREFS="TXT_4"/>
							<String ID="word001517" HPOS="3429" VPOS="2298" WIDTH="1" HEIGHT="724" CONTENT="," WC="0.14" CC="8" STYLEREFS="TXT_4"/>
							<String ID="word001518" HPOS="3430" VPOS="2298" WIDTH="11" HEIGHT="724" CONTENT=",1.:a" STYLE="subscript" WC="0.14" CC="88877" STYLEREFS="TXT_4"/>
							<SP ID="P3_SP01444" HPOS="3441" VPOS="3022" WIDTH="0"/>
						</TextLine>
						<TextLine ID="P3_TL00203" HPOS="3231" VPOS="2426" WIDTH="220" HEIGHT="287">
							<String ID="word001519" HPOS="3231" VPOS="2426" WIDTH="220" HEIGHT="287" CONTENT="I;1,.." STYLE="subscript" WC="0.20" CC="778777" STYLEREFS="TXT_4"/>
							<SP ID="P3_SP01445" HPOS="3451" VPOS="2713" WIDTH="0"/>
						</TextLine>
						<TextLine ID="P3_TL00204" HPOS="3275" VPOS="3076" WIDTH="115" HEIGHT="12">
							<String ID="word001520" HPOS="3275" VPOS="3077" WIDTH="8" HEIGHT="11" CONTENT="~" WC="0.22" CC="7" STYLEREFS="TXT_4"/>
							<SP ID="P3_SP01446" HPOS="3283" VPOS="3087" WIDTH="94"/>
							<String ID="word001521" HPOS="3378" VPOS="3076" WIDTH="12" HEIGHT="6" CONTENT=".." WC="0.17" CC="78" STYLEREFS="TXT_4"/>
							<SP ID="P3_SP01447" HPOS="3390" VPOS="3087" WIDTH="0"/>
						</TextLine>
						<TextLine ID="P3_TL00205" HPOS="3240" VPOS="3158" WIDTH="44" HEIGHT="37">
							<String ID="word001522" HPOS="3240" VPOS="3158" WIDTH="25" HEIGHT="37" CONTENT="1" WC="0.11" CC="8" STYLEREFS="TXT_4"/>
							<SP ID="P3_SP01448" HPOS="3265" VPOS="3195" WIDTH="14"/>
							<String ID="word001523" HPOS="3279" VPOS="3158" WIDTH="5" HEIGHT="37" CONTENT="'" WC="0.22" CC="7" STYLEREFS="TXT_4"/>
							<SP ID="P3_SP01449" HPOS="3283" VPOS="3195" WIDTH="0"/>
						</TextLine>
						<TextLine ID="P3_TL00206" HPOS="3328" VPOS="3221" WIDTH="37" HEIGHT="37">
							<String ID="word001524" HPOS="3328" VPOS="3221" WIDTH="2" HEIGHT="37" CONTENT="." WC="0.22" CC="7" STYLEREFS="TXT_4"/>
							<SP ID="P3_SP01450" HPOS="3331" VPOS="3257" WIDTH="31"/>
							<String ID="word001525" HPOS="3361" VPOS="3221" WIDTH="4" HEIGHT="37" CONTENT="•" WC="0.22" CC="7" STYLEREFS="TXT_4"/>
							<SP ID="P3_SP01451" HPOS="3365" VPOS="3257" WIDTH="0"/>
						</TextLine>
						<TextLine ID="P3_TL00207" HPOS="3261" VPOS="3376" WIDTH="26" HEIGHT="13">
							<String ID="word001526" HPOS="3261" VPOS="3376" WIDTH="8" HEIGHT="9" CONTENT="," WC="0.22" CC="7" STYLEREFS="TXT_4"/>
							<SP ID="P3_SP01452" HPOS="3269" VPOS="3385" WIDTH="14"/>
							<String ID="word001527" HPOS="3283" VPOS="3376" WIDTH="4" HEIGHT="13" CONTENT="." WC="0.22" CC="7" STYLEREFS="TXT_4"/>
							<SP ID="P3_SP01453" HPOS="3287" VPOS="3389" WIDTH="0"/>
						</TextLine>
						<TextLine ID="P3_TL00208" HPOS="3240" VPOS="3181" WIDTH="39" HEIGHT="221">
							<String ID="word001528" HPOS="3240" VPOS="3181" WIDTH="39" HEIGHT="221" CONTENT="it" STYLE="subscript" WC="0.11" CC="88" STYLEREFS="TXT_4"/>
							<SP ID="P3_SP01454" HPOS="3279" VPOS="3402" WIDTH="0"/>
						</TextLine>
						<TextLine ID="P3_TL00209" HPOS="3376" VPOS="3490" WIDTH="24" HEIGHT="21">
							<String ID="word001529" HPOS="3376" VPOS="3490" WIDTH="24" HEIGHT="21" CONTENT="~.4" WC="0.11" CC="888"/>
							<SP ID="P3_SP01455" HPOS="3399" VPOS="3511" WIDTH="0"/>
						</TextLine>
						<TextLine ID="P3_TL00210" HPOS="3242" VPOS="3392" WIDTH="40" HEIGHT="376">
							<String ID="word001530" HPOS="3242" VPOS="3392" WIDTH="5" HEIGHT="376" CONTENT="t" STYLE="superscript" WC="0.14" CC="8"/>
							<String ID="word001531" HPOS="3247" VPOS="3402" WIDTH="24" HEIGHT="366" CONTENT="‘.1.1" STYLE="subscript" WC="0.14" CC="87878"/>
							<String ID="word001532" HPOS="3270" VPOS="3402" WIDTH="6" HEIGHT="366" CONTENT="1" WC="0.14" CC="8"/>
							<SP ID="P3_SP01456" HPOS="3276" VPOS="3768" WIDTH="1"/>
							<String ID="word001533" HPOS="3278" VPOS="3392" WIDTH="4" HEIGHT="376" CONTENT="°:" WC="0.11" CC="88"/>
							<SP ID="P3_SP01457" HPOS="3281" VPOS="3768" WIDTH="0"/>
						</TextLine>
						<TextLine ID="P3_TL00211" HPOS="3280" VPOS="3389" WIDTH="8" HEIGHT="150">
							<String ID="word001534" HPOS="3280" VPOS="3389" WIDTH="4" HEIGHT="150" CONTENT="i" STYLE="subscript" WC="0.17" CC="8"/>
							<String ID="word001535" HPOS="3283" VPOS="3389" WIDTH="5" HEIGHT="150" CONTENT="i" WC="0.17" CC="7"/>
							<SP ID="P3_SP01458" HPOS="3288" VPOS="3539" WIDTH="0"/>
						</TextLine>
						<TextLine ID="P3_TL00212" HPOS="3360" VPOS="3420" WIDTH="37" HEIGHT="270">
							<String ID="word001536" HPOS="3360" VPOS="3420" WIDTH="37" HEIGHT="269" CONTENT='~i4t{r.".,' STYLE="subscript" WC="0.14" CC="6888878888"/>
							<SP ID="P3_SP01459" HPOS="3397" VPOS="3690" WIDTH="0"/>
						</TextLine>
						<TextLine ID="P3_TL00213" HPOS="3400" VPOS="3565" WIDTH="17" HEIGHT="191">
							<String ID="word001537" HPOS="3400" VPOS="3565" WIDTH="17" HEIGHT="191" CONTENT="~..ty" STYLE="subscript" WC="0.11" CC="88888"/>
							<SP ID="P3_SP01460" HPOS="3417" VPOS="3756" WIDTH="0"/>
						</TextLine>
						<TextLine ID="P3_TL00214" HPOS="3407" VPOS="3557" WIDTH="22" HEIGHT="201">
							<String ID="word001538" HPOS="3407" VPOS="3557" WIDTH="21" HEIGHT="201" CONTENT=":::" WC="0.19" CC="877"/>
							<SP ID="P3_SP01461" HPOS="3429" VPOS="3758" WIDTH="0"/>
						</TextLine>
						<TextLine ID="P3_TL00215" HPOS="3254" VPOS="3777" WIDTH="2" HEIGHT="3">
							<String ID="word001539" HPOS="3254" VPOS="3777" WIDTH="2" HEIGHT="2" CONTENT="." WC="0.22" CC="7"/>
							<SP ID="P3_SP01462" HPOS="3256" VPOS="3780" WIDTH="0"/>
						</TextLine>
						<TextLine ID="P3_TL00216" HPOS="3424" VPOS="3772" WIDTH="35" HEIGHT="28">
							<String ID="word001540" HPOS="3424" VPOS="3772" WIDTH="5" HEIGHT="27" CONTENT="...." WC="0.22" CC="7777"/>
							<SP ID="P3_SP01463" HPOS="3429" VPOS="3800" WIDTH="24"/>
							<String ID="word001541" HPOS="3452" VPOS="3772" WIDTH="7" HEIGHT="13" CONTENT="'" WC="0.11" CC="8"/>
							<SP ID="P3_SP01464" HPOS="3459" VPOS="3800" WIDTH="0"/>
						</TextLine>
						<TextLine ID="P3_TL00217" HPOS="3249" VPOS="3829" WIDTH="30" HEIGHT="30">
							<String ID="word001542" HPOS="3249" VPOS="3840" WIDTH="13" HEIGHT="19" CONTENT="l" WC="0.22" CC="7"/>
							<SP ID="P3_SP01465" HPOS="3262" VPOS="3859" WIDTH="15"/>
							<String ID="word001543" HPOS="3278" VPOS="3829" WIDTH="1" HEIGHT="30" CONTENT="." WC="0.11" CC="8"/>
							<SP ID="P3_SP01466" HPOS="3279" VPOS="3859" WIDTH="0"/>
						</TextLine>
						<TextLine ID="P3_TL00218" HPOS="3250" VPOS="3801" WIDTH="194" HEIGHT="39">
							<String ID="word001544" HPOS="3250" VPOS="3817" WIDTH="9" HEIGHT="22" CONTENT="..•" WC="0.22" CC="777"/>
							<SP ID="P3_SP01467" HPOS="3260" VPOS="3840" WIDTH="149"/>
							<String ID="word001545" HPOS="3409" VPOS="3801" WIDTH="35" HEIGHT="33" CONTENT="41.," WC="0.19" CC="7877"/>
							<SP ID="P3_SP01468" HPOS="3444" VPOS="3840" WIDTH="0"/>
						</TextLine>
						<TextLine ID="P3_TL00219" HPOS="3366" VPOS="3820" WIDTH="71" HEIGHT="44">
							<String ID="word001546" HPOS="3366" VPOS="3820" WIDTH="71" HEIGHT="44" CONTENT="2." WC="0.22" CC="77"/>
							<SP ID="P3_SP01469" HPOS="3437" VPOS="3863" WIDTH="0"/>
						</TextLine>
						<TextLine ID="P3_TL00220" HPOS="3439" VPOS="3844" WIDTH="4" HEIGHT="6">
							<String ID="word001547" HPOS="3439" VPOS="3844" WIDTH="4" HEIGHT="6" CONTENT="." WC="0.22" CC="7"/>
							<SP ID="P3_SP01470" HPOS="3443" VPOS="3850" WIDTH="0"/>
						</TextLine>
						<TextLine ID="P3_TL00221" HPOS="3250" VPOS="3882" WIDTH="181" HEIGHT="44">
							<String ID="word001548" HPOS="3250" VPOS="3887" WIDTH="11" HEIGHT="25" CONTENT="i" WC="0.33" CC="6"/>
							<SP ID="P3_SP01471" HPOS="3261" VPOS="3912" WIDTH="13"/>
							<String ID="word001549" HPOS="3274" VPOS="3882" WIDTH="157" HEIGHT="44" CONTENT="•.04" WC="0.17" CC="7788"/>
							<SP ID="P3_SP01472" HPOS="3431" VPOS="3926" WIDTH="0"/>
						</TextLine>
						<TextLine ID="P3_TL00222" HPOS="3249" VPOS="3909" WIDTH="180" HEIGHT="26">
							<String ID="word001550" HPOS="3249" VPOS="3909" WIDTH="17" HEIGHT="26" CONTENT="It" WC="0.15" CC="78"/>
							<String ID="word001551" HPOS="3266" VPOS="3909" WIDTH="9" HEIGHT="26" CONTENT="'" STYLE="superscript" WC="0.15" CC="8"/>
							<SP ID="P3_SP01473" HPOS="3275" VPOS="3935" WIDTH="25"/>
							<String ID="word001552" HPOS="3300" VPOS="3909" WIDTH="4" HEIGHT="26" CONTENT="'" WC="0.11" CC="8"/>
							<SP ID="P3_SP01474" HPOS="3304" VPOS="3935" WIDTH="15"/>
							<String ID="word001553" HPOS="3319" VPOS="3909" WIDTH="15" HEIGHT="26" CONTENT="'" WC="0.11" CC="8"/>
							<SP ID="P3_SP01475" HPOS="3334" VPOS="3935" WIDTH="47"/>
							<String ID="word001554" HPOS="3381" VPOS="3909" WIDTH="15" HEIGHT="26" CONTENT="." WC="1.00" CC="0"/>
							<SP ID="P3_SP01476" HPOS="3397" VPOS="3935" WIDTH="17"/>
							<String ID="word001555" HPOS="3413" VPOS="3909" WIDTH="15" HEIGHT="26" CONTENT="•" WC="0.11" CC="8"/>
							<SP ID="P3_SP01477" HPOS="3429" VPOS="3935" WIDTH="0"/>
						</TextLine>
						<TextLine ID="P3_TL00223" HPOS="3273" VPOS="3930" WIDTH="187" HEIGHT="19">
							<String ID="word001556" HPOS="3273" VPOS="3930" WIDTH="5" HEIGHT="19" CONTENT="'" WC="0.44" CC="5"/>
							<SP ID="P3_SP01478" HPOS="3278" VPOS="3948" WIDTH="123"/>
							<String ID="word001557" HPOS="3400" VPOS="3930" WIDTH="4" HEIGHT="19" CONTENT="." WC="0.11" CC="8"/>
							<SP ID="P3_SP01479" HPOS="3404" VPOS="3948" WIDTH="14"/>
							<String ID="word001558" HPOS="3418" VPOS="3930" WIDTH="2" HEIGHT="19" CONTENT="'" WC="0.11" CC="8"/>
							<SP ID="P3_SP01480" HPOS="3420" VPOS="3948" WIDTH="6"/>
							<String ID="word001559" HPOS="3426" VPOS="3930" WIDTH="14" HEIGHT="19" CONTENT="k" WC="0.22" CC="7"/>
							<SP ID="P3_SP01481" HPOS="3441" VPOS="3948" WIDTH="12"/>
							<String ID="word001560" HPOS="3452" VPOS="3935" WIDTH="7" HEIGHT="13" CONTENT="i" WC="0.22" CC="7"/>
							<SP ID="P3_SP01482" HPOS="3459" VPOS="3948" WIDTH="0"/>
						</TextLine>
						<TextLine ID="P3_TL00224" HPOS="3312" VPOS="3989" WIDTH="122" HEIGHT="28">
							<String ID="word001561" HPOS="3312" VPOS="3989" WIDTH="5" HEIGHT="28" CONTENT="'" WC="0.22" CC="7"/>
							<SP ID="P3_SP01483" HPOS="3317" VPOS="4017" WIDTH="106"/>
							<String ID="word001562" HPOS="3423" VPOS="3997" WIDTH="11" HEIGHT="20" CONTENT="4" WC="0.22" CC="7" STYLEREFS="TXT_4"/>
							<SP ID="P3_SP01484" HPOS="3433" VPOS="4017" WIDTH="0"/>
						</TextLine>
						<TextLine ID="P3_TL00225" HPOS="3386" VPOS="4012" WIDTH="40" HEIGHT="20">
							<String ID="word001563" HPOS="3386" VPOS="4017" WIDTH="22" HEIGHT="11" CONTENT="-°-" WC="0.19" CC="877" STYLEREFS="TXT_4"/>
							<SP ID="P3_SP01485" HPOS="3409" VPOS="4028" WIDTH="12"/>
							<String ID="word001564" HPOS="3420" VPOS="4012" WIDTH="6" HEIGHT="20" CONTENT="I" WC="0.22" CC="7" STYLEREFS="TXT_4"/>
							<SP ID="P3_SP01486" HPOS="3426" VPOS="4032" WIDTH="0"/>
						</TextLine>
						<TextLine ID="P3_TL00226" HPOS="3252" VPOS="4055" WIDTH="14" HEIGHT="21">
							<String ID="word001565" HPOS="3252" VPOS="4055" WIDTH="14" HEIGHT="21" CONTENT="l'" WC="0.11" CC="88" STYLEREFS="TXT_4"/>
							<SP ID="P3_SP01487" HPOS="3266" VPOS="4076" WIDTH="0"/>
						</TextLine>
						<TextLine ID="P3_TL00227" HPOS="3252" VPOS="4077" WIDTH="26" HEIGHT="27">
							<String ID="word001566" HPOS="3252" VPOS="4077" WIDTH="6" HEIGHT="27" CONTENT="1" WC="0.11" CC="8" STYLEREFS="TXT_4"/>
							<String ID="word001567" HPOS="3257" VPOS="4077" WIDTH="6" HEIGHT="27" CONTENT="," STYLE="superscript" WC="0.11" CC="8" STYLEREFS="TXT_4"/>
							<String ID="word001568" HPOS="3263" VPOS="4077" WIDTH="14" HEIGHT="27" CONTENT=",'" WC="0.11" CC="88" STYLEREFS="TXT_4"/>
							<SP ID="P3_SP01488" HPOS="3278" VPOS="4104" WIDTH="0"/>
						</TextLine>
						<TextLine ID="P3_TL00228" HPOS="3252" VPOS="4098" WIDTH="50" HEIGHT="54">
							<String ID="word001569" HPOS="3252" VPOS="4098" WIDTH="15" HEIGHT="53" CONTENT=")" WC="0.11" CC="8" STYLEREFS="TXT_4"/>
							<SP ID="P3_SP01489" HPOS="3267" VPOS="4152" WIDTH="27"/>
							<String ID="word001570" HPOS="3294" VPOS="4108" WIDTH="7" HEIGHT="26" CONTENT="f" WC="0.11" CC="8" STYLEREFS="TXT_4"/>
							<SP ID="P3_SP01490" HPOS="3301" VPOS="4152" WIDTH="0"/>
						</TextLine>
						<TextLine ID="P3_TL00229" HPOS="3295" VPOS="4165" WIDTH="102" HEIGHT="54">
							<String ID="word001571" HPOS="3295" VPOS="4165" WIDTH="32" HEIGHT="54" CONTENT="t" STYLE="superscript" WC="0.15" CC="8" STYLEREFS="TXT_4"/>
							<String ID="word001572" HPOS="3327" VPOS="4165" WIDTH="33" HEIGHT="54" CONTENT=":" WC="0.15" CC="8" STYLEREFS="TXT_4"/>
							<String ID="word001573" HPOS="3360" VPOS="4165" WIDTH="33" HEIGHT="54" CONTENT="I" STYLE="superscript" WC="0.15" CC="7" STYLEREFS="TXT_4"/>
							<SP ID="P3_SP01491" HPOS="3393" VPOS="4219" WIDTH="0"/>
							<String ID="word001574" HPOS="3393" VPOS="4165" WIDTH="4" HEIGHT="54" CONTENT="•" WC="0.22" CC="7" STYLEREFS="TXT_4"/>
							<SP ID="P3_SP01492" HPOS="3397" VPOS="4219" WIDTH="0"/>
						</TextLine>
						<TextLine ID="P3_TL00230" HPOS="3252" VPOS="4218" WIDTH="124" HEIGHT="47">
							<String ID="word001575" HPOS="3252" VPOS="4227" WIDTH="13" HEIGHT="38" CONTENT="4" STYLE="subscript" WC="0.11" CC="8" STYLEREFS="TXT_4"/>
							<SP ID="P3_SP01493" HPOS="3265" VPOS="4265" WIDTH="11"/>
							<String ID="word001576" HPOS="3275" VPOS="4218" WIDTH="2" HEIGHT="47" CONTENT="." WC="0.22" CC="7" STYLEREFS="TXT_4"/>
							<SP ID="P3_SP01494" HPOS="3278" VPOS="4265" WIDTH="13"/>
							<String ID="word001577" HPOS="3291" VPOS="4218" WIDTH="85" HEIGHT="47" CONTENT="itijoi." WC="0.17" CC="7778878" STYLEREFS="TXT_4"/>
							<SP ID="P3_SP01495" HPOS="3376" VPOS="4265" WIDTH="0"/>
						</TextLine>
					</TextBlock>
				</ComposedBlock>
				<TextBlock ID="P3_TB00014" HPOS="3196" VPOS="252" WIDTH="30" HEIGHT="116" STYLEREFS="TXT_4 PAR_RIGHT">
					<TextLine ID="P3_TL00231" HPOS="3197" VPOS="289" WIDTH="29" HEIGHT="78">
						<String ID="P3_ST01578" HPOS="3197" VPOS="289" WIDTH="28" HEIGHT="78" CONTENT="li" WC="0.28" CC="76"/>
						<SP ID="P3_SP01496" HPOS="3226" VPOS="367" WIDTH="0"/>
					</TextLine>
				</TextBlock>
			</PrintSpace>
		</Page>
	</Layout>
</alto>
