3461 4453
224 113 97 50 108

270 247 249 43 foundation
540 246 46 40 of
602 248 71 38 the
693 246 170 48 Spanish
887 244 241 51 ►nonarchy,
1160 254 106 40 your
1292 240 172 53 religion
1491 243 103 46 your

276 315 226 51 Sovereign
517 313 187 54 andyour
720 312 106 39 laws.
855 315 54 50 By
922 324 106 41 your
1042 309 150 39 valour
1205 321 81 40 you
1302 307 106 39 have
1417 302 174 41 asserted

221 387 32 21 44
279 393 109 41 your
400 380 320 54 independence,
752 379 159 40 crossed
934 379 67 38 the
1022 390 102 31 sea•,
1144 373 229 54 conquered
1396 372 70 39 the
1481 374 112 35 coast

224 455 32 19 ••
279 448 50 39 of
346 446 158 47 Africa,
535 445 250 53 vanquished
810 445 67 39 the
898 443 162 40 nations
1074 441 51 40 of
1142 441 69 40 the
1228 443 107 44 East,
1368 438 79 39 and
1469 437 99 38 form-

276 516 48 39 ed
366 528 22 26 a
429 520 91 34 vast
543 514 165 52 Empire
726 514 39 38 in
796 513 67 39 the
896 511 116 39 finest
1033 514 92 48 part
1148 508 51 39 of
1231 508 69 39 the
1319 520 86 26 new
1437 502 154 41 World.

224 591 32 20 ••
278 585 91 46 We,
398 596 60 27 we
478 582 118 41 alone
619 583 106 38 have
745 579 230 54 performed
997 578 94 40 such
1130 574 203 54 prodigies
1367 572 51 41 of
1434 572 157 39 valour.

241 651 107 39 hDo
367 663 61 26 we
465 656 78 33 not
576 650 78 39 still
678 661 151 40 possess
850 647 69 38 the
948 657 110 28 same
1097 641 172 52 religion
1286 644 13 33 ?
1362 641 63 35 De
1444 652 60 25 we
1522 643 71 34 not

224 722 17 21 j
241 722 18 21 •
281 715 79 43 still
381 716 146 40 breath
549 716 67 39 the
638 728 112 27 same
768 715 83 38 air?
913 715 79 37 Are
1026 723 57 26 svc
1103 715 73 33 not
1214 709 67 39 the
1307 719 110 26 same
1448 707 122 37 Portu-

227 787 41 33 -44.
282 794 123 40 guese
419 787 12 32 ?
493 783 34 37 A
541 781 196 39 valorous
749 780 142 39 nation
912 777 32 40 is
963 782 72 34 not
1051 774 119 41 made
1189 778 43 34 to
1252 774 50 39 be
1319 772 69 40 the
1408 770 128 43 slaves
1553 771 46 39 of

226 852 37 20 s•
285 859 22 26 a

286 914 133 39 These
452 926 149 40 papers
631 913 85 39 also
731 911 168 40 contain
922 922 111 27 some
1062 906 244 56 particulars
1325 906 109 40 from
1455 905 135 54 Spaiw.

230 976 70 41 An
326 974 146 40 article
510 973 107 40 from
648 973 182 50 liadajoz
863 977 124 34 states
1007 971 90 40 that
1135 970 72 39 the
1230 969 120 40 Duke
1371 967 47 40 of
1443 970 125 39 INpAN-

230 1050 124 28 drauo
384 1037 33 39 is
450 1036 144 53 posted
615 1041 43 34 at
679 1038 163 38 Cuenca
880 1035 94 38 with
1012 1033 59 38 his
1104 1045 136 39 army,
1265 1029 131 40 which
1430 1028 163 52 already

230 1104 181 41 exceeds
430 1108 150 40 40,000
602 1117 90 26 men
711 1120 12 28 ;
758 1101 90 40 that
876 1100 51 40 of
943 1104 187 47 Arrogan
1150 1100 33 39 is
1202 1096 215 43 estimated
1452 1097 39 38 in
1526 1096 67 39 the

230 1183 118 28 same
379 1170 146 41 article
547 1175 41 34 at
608 1174 163 38 30,000,
791 1168 78 39 and
895 1167 87 39 that
1005 1167 47 40 of
1071 1165 288 41 Estremadura,
1374 1168 43 33 at
1430 1167 163 41 20,000.

237 1231 139 43 Those
396 1231 51 40 of
474 1231 221 40 Andalusia
730 1228 79 41 wid
843 1228 217 41 Catalonia
1095 1241 71 25 are
1198 1225 83 40 said
1313 1231 46 34 to
1391 1224 105 40 have
1522 1237 47 27 en-

233 1294 195 43 creased;
459 1293 77 39 but
555 1292 106 39 their
678 1291 172 39 number
874 1290 31 38 is
928 1296 72 33 not
1020 1287 263 41 ascertained.

292 1371 66 41 An
384 1374 193 39 account,
595 1368 125 39 dated
755 1369 221 51 Saragossa
1006 1367 93 38 sOth
1124 1368 99 37 Dec.
1254 1363 202 40 mentions
1482 1375 111 26 some

228 1446 165 32 amccess
429 1433 202 39 obtained
661 1446 104 26 over
800 1433 71 39 the
905 1431 250 52 blockading
1174 1444 115 38 army
1309 1430 53 51 by
1396 1441 22 26 a
1440 1433 91 47 part
1551 1428 48 39 of

235 1496 76 40 the
340 1496 200 53 garrison,
570 1493 224 53 consisting
815 1493 50 39 of
879 1498 105 35 4000
1023 1507 107 33 men,
1163 1493 91 38 who
1291 1505 106 26 were
1431 1505 18 25 s
1475 1498 45 33 nt
1548 1495 44 34 to

237 1558 126 43 make
392 1572 24 26 a
445 1557 333 52 reconnoitering
806 1560 136 48 party.
1000 1556 86 39 The
1124 1556 137 51 object
1281 1553 48 40 of
1359 1553 70 39 the
1449 1565 119 39 opera-

231 1625 94 43 tion
347 1638 78 27 was
456 1631 47 33 to
537 1623 202 41 ascertain
759 1622 71 41 the
860 1622 178 54 position
1058 1622 50 39 of
1142 1622 70 39 the
1231 1635 165 38 enemy,
1426 1622 77 38 and
1526 1622 67 38 the

236 1696 146 35 nature
400 1691 51 39 of
462 1690 72 41 the
565 1690 138 39 works
724 1688 132 40 which
876 1687 80 46 had
978 1688 98 39 been
1097 1687 164 40 erected
1283 1700 51 26 on
1372 1685 70 39 the
1463 1685 130 39 banks

234 1752 58 41 of
299 1752 71 41 the
391 1753 126 40 Ebro.
575 1754 38 37 It
633 1765 81 26 was
735 1750 194 40 attended
950 1749 94 39 with
1077 1749 67 40 the
1166 1753 107 35 most
1283 1747 204 52 complete
1505 1759 67 26 suc-

236 1827 86 32 cess
341 1833 11 28 ;
374 1817 74 39 and
471 1817 72 39 the
560 1813 161 41 French
739 1826 104 27 were
856 1811 208 52 dislodged
1084 1811 98 39 with
1204 1809 280 40 coasiderabie
1498 1807 92 41 loss.

292 1879 180 53 Though
491 1892 58 27 no
570 1879 125 40 direct
717 1884 196 35 accounts
935 1878 103 39 have
1056 1878 103 38 been
1183 1876 181 40 received
1385 1876 67 39 for
1479 1889 115 26 Rome

227 1944 115 43 'time
354 1943 110 43 from
485 1944 138 53 Spain,
644 1944 71 39 the
736 1943 260 53 intelligence
1019 1956 57 27 we
1098 1943 157 40 receive
1278 1941 48 53 by
1351 1941 71 40 the
1442 1954 86 39 way
1550 1941 51 39 of

237 2010 223 56 Portugal,
491 2013 195 39 confirms
729 2010 76 40 the
837 2011 162 53 private
1036 2010 76 39 and
1152 2008 137 53 public
1323 2014 194 34 accounts
1535 2021 58 27 we

237 2078 111 43 have
370 2078 231 54 previously
619 2078 330 40 communicated
987 2076 50 40 of
1059 2076 71 39 the
1156 2075 196 53 patriotic
1372 2076 221 46 exertions,

240 2144 133 40 which
397 2144 69 40 the
481 2145 203 39 Southern
706 2144 80 39 and
809 2145 168 38 Eastern
993 2141 222 41 Provinces
1232 2139 48 43 of
1293 2139 71 41 the
1380 2140 215 41 Peninsula

231 2209 202 41 continue
452 2215 46 33 to
517 2209 122 43 make
657 2209 37 39 in
715 2212 175 48 support
922 2209 52 39 of
996 2206 106 40 their
1130 2206 319 53 independence.
1508 2207 86 39 The

237 2276 202 53 Supreme
457 2276 131 40 Junta
607 2288 69 26 are
696 2274 295 52 indefatigable
1012 2274 38 39 in
1070 2272 109 39 their
1191 2270 141 41 efforts
1349 2287 12 28 ;
1393 2271 78 39 and
1488 2271 106 39 their

234 2340 162 56 actions
426 2341 84 39 and
548 2339 107 40 their
689 2339 133 40 words
840 2340 141 39 evince
1000 2352 25 26 a
1043 2343 144 47 strong
1208 2337 317 40 determination
1547 2342 44 33 to

230 2406 190 54 employ,
439 2412 47 35 to
507 2407 70 39 the
595 2412 154 34 utmost
770 2411 145 35 extent
933 2405 53 40 of
999 2405 106 39 their
1119 2418 171 39 powers,
1305 2404 69 39 the
1384 2417 209 26 resources

237 2474 133 40 which
394 2474 71 40 the
480 2480 177 46 country
680 2486 209 40 possesses.
947 2476 34 39 It
1006 2473 28 38 is
1064 2485 22 26 a
1109 2470 241 53 mortifying-
1384 2471 208 39 reflection

236 2541 71 43 for
331 2541 204 47 self-love,
553 2541 91 40 that
659 2539 243 53 experience
918 2538 32 40 is
964 2543 43 34 to
1023 2541 50 39 be
1088 2538 193 52 acquired
1303 2538 53 51 by
1378 2544 106 33 most
1501 2551 90 25 men

235 2607 103 53 only
361 2607 106 41 from
484 2608 262 40 misfortunes
764 2607 76 39 and
862 2620 176 27 reverses
1055 2623 11 25 ;
1089 2607 79 39 had
1189 2607 28 38 it
1233 2607 96 38 been
1346 2606 247 46 instinctive,

234 2673 77 43 the
328 2673 198 53 principal
541 2674 139 40 efforts
698 2672 51 41 of
762 2673 66 39 the
849 2672 164 52 Spanish
1037 2672 77 39 and
1137 2670 144 40 British
1299 2673 296 38 Governmetts

237 2738 83 41 had
337 2738 103 40 bees
452 2738 182 40 directed
648 2739 38 39 in
700 2738 72 39 the
784 2741 351 37 commencement
1146 2735 50 39 of
1202 2735 67 39 the
1284 2741 174 41 contest,
1476 2741 43 33 to
1532 2751 40 25 or-

236 2804 144 54 ganise
393 2804 37 39 in
446 2805 70 38 the
531 2804 202 41 Southern
749 2804 220 40 Provinces
997 2802 115 41 those
1122 2807 119 47 great
1258 2815 136 26 means
1406 2802 47 39 of
1463 2802 113 39 resist-

233 2885 123 33 ance,
373 2871 131 40 which
530 2872 66 38 the
617 2876 148 34 nature
782 2868 50 43 of
844 2870 71 39 the
932 2874 190 47 country,
1155 2868 77 39 and
1260 2868 66 39 the
1341 2861 253 48 enthusiasm

229 2939 59 40 of
302 2939 70 39 the
385 2939 159 39 natives
557 2950 44 27 so
618 2936 139 54 amply
776 2935 167 41 offered.
966 2937 63 37 No
1043 2940 157 34 contest
1214 2947 94 25 ever
1325 2935 131 50 began
1474 2934 126 40 under

234 3004 105 41 such
363 3002 247 41 favourable
635 3002 198 53 auspices,
865 3000 77 41 and
964 3013 124 27 never
1108 3013 107 25 were
1235 2999 124 52 hopes
1381 3013 44 24 so
1444 2998 149 53 cruelly

228 3071 317 53 slisappointed.
614 3073 34 38 A
681 3069 189 41 dreadful
908 3066 301 56 responsibility
1248 3065 185 40 attaches
1470 3079 104 26 some-

230 3138 159 40 where.
448 3139 77 39 We
562 3137 138 53 acquit
738 3137 72 40 the
848 3135 195 52 majority
1075 3133 50 40 of
1159 3135 70 39 the
1266 3138 80 34 two
1381 3135 219 45 countries,

235 3206 184 39 without
452 3217 79 37 any
561 3203 240 44 hesitation,
843 3201 52 40 of
927 3200 150 52 having
1128 3198 236 46 frustrated,
1406 3197 51 54 by
1498 3200 104 38 their

233 3272 181 52 stpathy,
457 3272 72 39 the
566 3272 158 39 noblest
762 3273 191 50 prospect
987 3268 46 38 of
1062 3266 129 52 safety
1232 3272 43 33 to
1316 3269 177 48 Europe,
1525 3265 76 40 and

236 3339 191 43 freedom
448 3344 48 35 to
520 3338 213 45 mankind,
763 3337 89 39 that
876 3337 72 39 has
967 3334 209 53 presented
1211 3333 111 40 itself
1354 3333 64 39 for
1437 3347 24 25 a
1482 3334 119 38 series

234 3404 60 43 a
308 3418 130 39 years.
501 3406 81 38 But
601 3404 70 39 the
691 3409 90 33 vast
801 3402 249 51 advantages
1072 3402 50 38 of
1147 3400 70 39 the
1250 3398 229 54 auspicious
1515 3412 57 25 mo-

237 3480 119 35 went
380 3485 107 27 were
511 3471 156 40 mrred
699 3471 53 52 by
777 3472 141 46 '(dial
952 3470 220 51 ignorance
1208 3467 76 40 and
1306 3467 292 53 presumption.

235 3540 106 46 Thig
365 3542 28 35 is
411 3540 72 39 the
502 3539 100 40 fatal
624 3543 129 34 secret
772 3537 48 38 of
837 3537 66 39 the
928 3550 171 25 reverses
1120 3536 48 38 of
1185 3537 176 50 Europe.
1420 3533 132 40 There
1572 3534 30 38 is

234 3620 63 30 no
318 3606 279 41 master-hand
620 3611 44 34 to
685 3605 130 39 direct
837 3605 67 39 the
926 3617 191 27 concerns
1154 3604 48 38 of
1219 3617 77 31 any
1313 3600 52 41 of
1380 3602 51 39 its
1446 3605 124 35 states
1587 3618 12 28 ;

236 3676 83 40 end
344 3673 133 41 whilst
511 3686 50 26 an
596 3672 136 40 active
768 3671 76 40 and
883 3670 227 52 intelligent
1152 3670 142 39 ruffian
1315 3670 31 39 is
1365 3670 235 52 conspiring

233 3742 139 53 daily,
402 3741 97 41 with
522 3746 162 47 greater
713 3752 170 31 success,
915 3739 157 51 against
1106 3737 71 40 the
1196 3737 214 53 happiness
1430 3736 79 40 and
1543 3737 39 38 in-

233 3808 272 54 dependance
526 3807 51 40 of
606 3807 70 44 all,
706 3807 71 39 the
798 3804 241 41 individuals
1076 3804 94 38 who
1192 3817 67 26 arc
1279 3802 204 43 entrusted
1506 3803 93 41 with

236 3873 77 41 the
333 3873 182 40 arduous
550 3872 92 39 task
680 3872 52 39 of
755 3870 220 53 providing
1013 3870 69 51 aga
1082 3870 22 51 .
1104 3870 70 51 nit
1193 3869 69 39 the
1294 3870 306 53 accumulating

239 3941 175 52 danger,
432 3941 146 52 betray
602 3952 113 26 more
738 3937 203 50 ahrin'ng
958 3937 107 53 sip-.s
1085 3937 48 39 of
1146 3937 228 53 incapacity
1395 3939 78 39 and
1496 3945 104 34 want

237 4006 56 43 of
315 4007 217 53 foresight.
593 4007 124 39 What
739 4019 24 25 a
783 4004 187 43 dreadful
1000 4006 289 51 presentiment
1326 4005 132 41 forces
1496 4007 110 40 itself

240 4089 56 30 on
328 4088 78 30 our
445 4074 145 46 minds,
640 4081 41 33 at
730 4074 71 39 the
837 4072 326 53 contemplation
1196 4074 56 39 of
1283 4072 111 41 these
1441 4074 159 54 glaring

239 4144 152 43 tenths.
452 4144 163 39 Distant
637 4143 155 52 danger
822 4154 92 41 may
940 4140 142 43 render
1117 4154 46 27 us
1199 4141 154 53 inirros
1365 4142 126 48 Went,
1522 4144 77 40 and

1719 3900 87 39 The
1841 3899 324 51 Parliamentary
2183 3896 180 40 business
2378 3893 50 41 of
2435 3893 78 41 this
2536 3893 115 40 week
2674 3906 80 27 was
2773 3893 148 40 almost
2949 3905 48 28 ex-

1665 3961 191 53 clusively
1893 3963 187 39 confined
2112 3966 44 33 to
2174 3961 67 38 the
2262 3957 292 53 investigation
2590 3957 50 39 of
2653 3957 198 39 witnesses
2869 3969 53 27 on
2939 3957 80 39 Mr.

1668 4028 76 38 WA
1752 4026 141 37 ttni.F.'s
1910 4025 172 39 motion.
2141 4025 72 37 We
2231 4020 137 40 intend
2383 4018 206 53 deferring
2619 4030 77 28 our
2725 4022 226 35 comments
2969 4029 52 27 on

1667 4087 78 38 this
1781 4087 309 51 extraordinary
2127 4084 178 40 business
2346 4081 102 40 until
2478 4081 31 39 it
2530 4081 52 39 be
2601 4080 135 53 finally
2761 4080 260 41 terminated.

1670 4149 67 40 We
1752 4148 79 41 feel
1848 4149 207 46 however,
2085 4160 53 27 au
2177 4157 248 31 uncommon
2453 4143 249 58 satisfactigu
2733 4141 90 43 that
2843 4141 71 43 the
2930 4141 91 40 sub-

1018 3201 59 51 ing
1128 3198 236 46 frustrated,
1406 3197 51 40 by
1498 3200 104 38 their
1623 3178 4 73 ,
1665 3184 77 39 and
1766 3184 224 40 Denmark.
2049 3183 89 40 The
2171 3181 141 40 hatred
2342 3180 128 40 which
2506 3180 71 40 the
2614 3178 155 40 Swedes
2799 3181 201 41 entertain

3256 3174 40 72 r

1018 3268 15 38 f
1062 3266 129 41 safety
1232 3272 43 33 to
1316 3269 177 48 Europe,
1525 3265 76 40 and
1668 3249 63 39 for
1749 3249 69 39 the
1840 3250 210 44 Russians,
2070 3249 30 39 is
2122 3249 248 41 inveterate;
2393 3243 76 41 and
2489 3243 106 41 their
2614 3243 213 54 animosity
2850 3244 159 53 against

3231 3386 71 22 givp

1018 3334 158 39 'ciente('
1211 3333 111 40 itself
1354 3333 64 39 for
1437 3347 24 25 a
1482 3334 119 38 series
1622 3341 17 65 11
1665 3318 70 39 the
1756 3319 132 38 Danes
1909 3318 31 38 is
1959 3314 163 56 equally
2154 3314 159 46 rooted,
2343 3313 77 41 but
2453 3311 94 40 with
2582 3311 79 39 this
2695 3311 314 54 distinguishing

1018 3415 32 25 es
1072 3402 50 38 of
1147 3400 70 39 the
1250 3398 229 54 auspicious
1515 3412 85 25 nio.
1623 3377 4 76 :
1665 3381 226 46 character,
1912 3383 92 38 that
2024 3381 31 39 it
2085 3380 31 39 is
2137 3378 168 43 blended
2336 3378 94 40 with
2469 3377 70 40 the
2568 3383 106 33 most
2705 3389 189 41 supreme
2911 3390 98 27 con-

1018 3481 154 26 loratice
1208 3467 76 40 and
1306 3467 292 53 presumption.
1623 3432 5 87 I
1668 3454 143 48 tempt.
1869 3448 87 39 The
1991 3446 163 54 people,
2192 3446 91 40 who
2314 3458 85 34 are,
2439 3443 324 56 comparatively
2793 3444 214 53 speaking,

1018 3550 81 25 mses
1120 3536 48 38 of
1185 3537 176 50 Europe.
1420 3519 28 54 ►
1448 3519 146 54 There
1596 3534 30 38 is
1626 3507 1 80 I
1668 3516 69 39 the
1756 3520 165 50 poorest
1942 3517 38 38 in
2002 3517 181 52 Europe,
2200 3526 111 40 may,
2333 3513 188 53 perhaps,
2542 3526 164 40 express
2726 3526 111 26 some
2852 3513 158 39 discon-
3263 3527 32 19 -,...

1018 3617 99 26 cerlis
1154 3604 48 38 of
1219 3617 77 31 any
1313 3600 52 41 of
1380 3602 51 39 its
1446 3605 124 35 states
1587 3618 12 28 ;
3259 3546 22 72 I

1667 3588 85 35 tent
1772 3585 38 39 in
1827 3595 276 41 consequence
2134 3581 48 40 of
2198 3581 69 40 the
2287 3580 194 40 burtheas
2496 3579 240 40 occasioned
2756 3580 52 51 by
2830 3579 71 40 the
2922 3592 87 39 pre-

3294 3619 2 5 •

3270 3637 2 17 .
3294 3637 7 15 ,

1018 3676 92 46 gent
1152 3670 142 39 ruffian
1315 3670 31 39 is
1365 3670 235 52 conspiring
1623 3644 5 78 i
1665 3656 87 33 sent
1774 3663 81 26 war
1873 3667 11 28 ;
1917 3650 76 39 but
2014 3650 105 39 their
2143 3645 182 43 national
2354 3644 246 56 antipathies
2622 3644 80 39 will
2738 3644 141 39 render
2898 3644 113 39 them
3276 3665 11 9 ~

1018 3742 54 34 !Ist
1106 3737 71 40 the
1196 3737 214 53 happiness
1430 3736 79 40 and
1543 3737 58 38 in-
1624 3710 4 83 !
1665 3717 209 39 insensible
1896 3722 44 34 to
1972 3717 51 38 its
2043 3728 196 43 pressure,
2278 3713 78 40 and
2396 3712 92 53 they
2524 3710 83 41 will
2637 3711 236 40 contribute
2906 3710 97 41 with

1018 3804 21 39 Is
1076 3804 94 38 who
1192 3817 67 26 arc
1279 3802 204 43 entrusted
1506 3803 93 41 with
1665 3785 168 53 alacrity
1854 3790 45 34 to
1919 3797 78 40 any
2022 3796 184 27 measure
2226 3781 129 39 which
2373 3780 168 40 favours
2562 3778 80 40 this
2660 3778 174 54 passion.

1018 3870 78 51 figa
1096 3870 19 51 .
1115 3870 59 51 nit
1193 3869 69 39 the
1294 3870 306 53 accumulating
2252 3847 174 25 —ow—

3288 3882 14 38 :.•

1719 3900 87 39 The
1841 3899 324 51 Parliamentary
2183 3896 180 40 business
2378 3893 50 41 of
2435 3893 78 41 this
2536 3893 115 40 week
2674 3906 80 27 was
2773 3893 148 40 almost
2949 3905 73 28 ex-
3256 3909 44 56 ,L

1018 3950 47 33 ;rs
1085 3937 48 39 of
1146 3937 228 53 incapacity
1395 3939 78 39 and
1496 3945 104 34 want
1624 3937 2 53 :

1623 3957 5 58 1
1665 3961 191 53 elusively
1893 3976 74 26 con
1975 3963 24 39 fi
2006 3963 74 39 ned
2112 3966 44 33 to
2174 3961 67 38 the
2262 3957 292 53 investigation
2590 3957 50 39 of
2653 3957 198 39 witnesses
2869 3969 53 27 on
2939 3957 80 39 Mr.

1018 4006 272 40 presentiment
1326 4005 132 41 forces
1496 4007 110 40 itself
1623 4005 5 60 1
1668 4026 28 39 w
1696 4026 145 39 Annut
1841 4026 30 39 :

1877 4041 15 22 s
1910 4025 172 39 motion.
2141 4025 72 37 We
2231 4020 137 40 intend
2383 4018 206 53 deferring
2619 4030 77 28 our
2725 4022 226 35 comments
2969 4029 53 27 on

1018 4072 145 53 [dation
1196 4074 56 39 of
1283 4072 111 41 these
1441 4074 159 54 glaring
1667 4087 78 38 this
1781 4087 309 51 extraordinary
2127 4084 178 40 business
2346 4081 102 40 until
2478 4081 31 39 it
2530 4081 52 39 be
2601 4080 135 53 finally
2761 4080 261 41 terminated.

1018 4140 64 43 dcr
1117 4154 46 27 us
1199 4141 80 53 'will
1287 4155 65 27 ruN
1365 4142 126 48 Went,
1522 4144 77 40 and

1639 4114 7 98 1
1670 4149 67 40 We
1752 4148 79 41 feel
1848 4149 181 46 howcycr
2029 4149 26 46 ,
2085 4160 53 27 au
2177 4157 248 31 uncommon
2453 4143 249 59 satisfactigu
2733 4141 90 43 that
2843 4141 71 43 the
2930 4141 91 40 sub-

3224 4235 4 18 •
3330 4235 4 18 .

2983 4256 6 6 .
3328 4256 4 8 .

3278 4278 21 12 ~.

1018 4358 2441 93 IMIMIIIMMIMMMMNMMIIIMIIMMIIIMIIIIIIIIMIIIMIIIIIIIWISIIII

1139 103 155 53 THE
1329 100 384 54 NATIONAL
1752 99 384 52 REGISTER.

2750 94 154 52 FEB.
2930 97 73 50 12.

1658 243 115 39 habit
1793 243 231 40 indifferent
2042 249 44 34 to
2108 246 67 39 the
2193 243 265 40 fluctuations
2476 241 50 39 of
2541 254 77 26 our
2639 239 123 45 time;
2784 239 76 38 hut
2878 235 37 40 if
2928 248 80 39 any

1659 308 91 40 love
1770 309 48 39 of
1847 309 146 53 liberty
2024 312 196 45 survive.,
2244 311 34 39 if
2310 322 78 40 any
2411 307 253 41 attachment
2683 311 45 34 to
2748 318 77 26 our
2845 304 142 39 institu-

1659 378 104 39 tions
1783 378 78 40 and
1884 378 72 39 soil
1974 378 79 40 still
2074 392 145 26 warms
2237 392 77 25 our
2334 377 168 45 breasts,
2536 389 58 25 we
2628 372 79 41 will
2727 383 236 28 commence
2985 381 25 25 a

1662 443 168 51 vigilant
1863 457 149 39 survey
2044 442 52 40 of
2127 457 74 27 our
2239 456 210 32 concerns,
2493 441 79 40 and
2609 437 206 45 examine,
2845 435 98 40 with
2982 446 26 28 a.

1652 511 163 50 jealous
1835 524 91 39 eye,
1955 510 71 40 the
2041 510 178 41 conduct
2239 511 78 39 and
2341 509 138 40 merits
2500 507 50 40 of
2565 507 116 39 those
2701 510 44 34 to
2767 503 135 39 whose
2919 513 60 26 ma-

1659 585 221 46 nagement
1913 579 97 53 they
2033 591 70 27 are
2134 578 203 40 confided.
2395 576 85 39 The
2503 572 304 43 characteristic
2826 567 116 43 mark
2965 567 48 41 of

1661 645 69 40 the
1750 645 256 52 phenomena
2027 644 50 40 of
2101 658 76 26 our
2197 644 98 39 time
2317 644 31 38 is
2370 643 66 39 the
2457 639 167 53 celerity
2647 637 94 39 with
2759 631 130 44 which
2911 633 98 51 they

1659 712 174 52 surprise
1861 726 43 25 us
1925 729 8 22 :
1980 725 60 26 we
2070 717 109 34 must
2211 711 67 46 be,
2324 709 222 46 therefore,
2577 704 198 57 prepared
2804 702 67 40 for
2903 700 106 40 their

1659 791 268 40 appearance,
1959 793 46 25 or
2027 791 24 26 a
2072 778 129 39 moral
2223 777 200 52 certainty
2444 774 139 45 exists,
2614 772 90 38 that
2724 782 57 26 we
2800 781 71 27 are
2889 778 120 30 over.

1662 844 195 40 whelined
1878 846 50 51 by
1952 846 109 39 their
2082 844 172 52 rapidity
2278 844 79 39 and
2380 839 255 56 unexpected
2655 834 224 57 approach.

1714 924 204 39 Accounts
1958 921 105 40 have
2096 922 180 39 likewise
2323 921 103 38 been
2467 914 184 43 received
2689 914 107 39 from
2833 909 175 44 General

1665 991 161 45 DoYLE,
1864 989 50 39 of
1945 989 135 39 whose
2118 989 86 39 fate
2242 1002 113 26 some
2385 983 314 56 apprehensions
2733 992 105 28 were
2872 983 112 34 enter-

1661 1055 213 40 tertained.
1932 1055 98 39 This
2050 1055 156 52 gallant
2225 1055 145 39 Officer
2391 1048 293 54 accompanied
2704 1046 70 40 the
2791 1042 151 45 armies
2961 1041 52 41 of

1661 1124 122 39 CAST.
1802 1136 74 26 NOS
1909 1123 78 39 and
2015 1126 25 37 P
2057 1136 172 32 .I.AFox,
2261 1121 77 39 and
2362 1133 57 26 we
2451 1131 66 26 are
2539 1117 136 52 happy
2711 1120 44 33 to
2791 1117 106 34 state
2917 1110 91 40 that

1659 1189 52 40 he
1739 1189 157 40 arrived
1919 1195 43 35 at
1983 1193 191 44 Tortosa,
2212 1188 109 40 from
2350 1187 163 39 whence
2546 1185 61 39 his
2641 1182 77 40 last
2748 1180 141 40 letters
2909 1191 100 27 were

1659 1257 137 39 dated.
1856 1258 63 38 lie
1956 1257 211 39 continues
2203 1261 44 34 to
2283 1254 202 40 entertain
2526 1251 70 41 the
2623 1243 111 46 most
2765 1244 244 43 favourable

1659 1323 169 54 opinion
1858 1324 48 38 of
1922 1325 70 38 the
2017 1323 229 54 Spaniards,
2278 1320 78 40 and
2376 1333 91 39 says
2486 1319 92 39 that
2603 1317 69 40 the
2692 1315 249 41 enthusiasm
2962 1312 51 39 of

1658 1391 70 40 the
1749 1390 144 53 people
1911 1390 51 39 of
1990 1390 70 39 the
2079 1389 126 43 South
2226 1389 33 39 is
2278 1401 44 25 as
2343 1387 157 43 ardent,
2532 1397 45 27 as
2596 1383 32 39 it
2657 1381 81 41 bad
2760 1381 99 39 been
2881 1378 39 45 in
2939 1377 71 40 the

1657 1461 354 38 commencement
2030 1456 51 40 of
2102 1456 71 40 the
2192 1468 84 26 war
2298 1454 163 51 against
2480 1454 170 38 France.

1711 1593 86 39 The
1818 1592 227 40 Christiana
2063 1591 73 40 has
2169 1589 159 40 arrived
2359 1592 44 35 at
2432 1587 141 39 Cowes
2607 1583 109 41 from
2748 1583 256 41 Stockholm.

1658 1656 85 41 The
1773 1657 267 40 information
2076 1655 72 40 she
2177 1655 154 52 brings,
2361 1649 229 53 absolutely
2624 1646 248 41 contradicts
2898 1648 116 39 those

1659 1737 189 27 rumours
1880 1726 52 39 of
1959 1726 231 39 discontent
2203 1721 149 39 -which
2375 1733 80 26 was
2474 1717 83 41 said
2593 1721 45 34 to
2674 1714 103 40 exist
2794 1720 41 34 to
2858 1727 24 25 a
2915 1728 97 40 Very

1657 1789 200 54 alarming
1877 1791 163 53 degree,
2063 1800 150 41 among
2231 1787 70 39 the
2315 1785 171 40 Swedish
2505 1782 190 52 nobility.
2754 1782 59 37 On
2831 1780 70 40 the
2917 1795 72 25 con-

1656 1863 111 46 trary
1789 1857 71 39 the
1885 1861 176 48 greatest
2094 1852 242 54 tranquility
2374 1851 200 54 prevails;
2604 1848 78 39 and
2702 1861 119 39 every
2846 1847 102 41 class
2967 1848 50 40 of

1659 1923 67 40 the
1746 1923 253 52 community
2022 1936 80 25 was
2122 1935 122 38 eager
2264 1925 44 34 to
2341 1931 133 26 assure
2494 1916 69 40 the
2583 1917 244 38 SOVEREIGN
2846 1915 169 51 of.4heir

1659 1987 170 53 loyalty,
1857 1988 79 39 and
1958 1994 43 32 to
2021 1987 96 52 give
2138 1987 83 38 him
2251 1984 138 40 marks
2422 1983 48 39 of
2486 1982 106 40 their
2613 1981 85 40 zeal
2718 1980 76 40 and
2815 1980 201 40 readiness

1659 2061 43 34 to
1722 2057 113 38 assist
1854 2054 81 40 him
1958 2054 40 40 in
2011 2054 69 40 the
2096 2052 259 53 prosecution
2373 2052 48 39 of
2431 2050 67 40 the
2516 2047 255 44 honourable
2786 2046 164 41 conflict
2963 2047 51 39 he

1659 2124 31 39 is
1704 2121 170 54 engaged
1874 2121 24 54 .
1898 2121 74 54 in.

1709 2192 35 38 A
1766 2187 242 40 Gentleman
2026 2187 31 40 is
2076 2187 163 40 arrived
2258 2187 38 38 in
2313 2191 110 34 town
2447 2184 93 40 who
2572 2181 74 43 left
2669 2183 183 41 Elsineur
2870 2196 54 26 on
2946 2183 70 39 the

1658 2256 69 39 6th
1763 2255 74 40 ult.
1860 2261 138 39 states,
2029 2255 91 39 that
2147 2267 22 26 a
2187 2254 162 40 courier
2370 2251 77 39 had
2467 2250 170 41 reached
2672 2250 93 40 that
2793 2250 116 54 place
2944 2249 72 39 the

1657 2323 77 53 day
1756 2321 142 43 before
1916 2321 110 39 from
2047 2320 257 45 Stockholm,
2337 2320 90 39 who
2461 2319 190 52 reported
2691 2319 91 39 that
2816 2317 72 38 the
2909 2329 106 38 most

1658 2388 194 52 vigorous
1872 2386 279 53 preparations
2171 2398 104 27 were
2304 2383 168 53 making
2493 2385 40 37 in
2555 2383 161 40 Sweden
2733 2382 65 38 for
2817 2381 194 53 carrying

1656 2469 53 26 on
1729 2454 70 40 the
1818 2466 83 27 war
1918 2452 159 53 against
2101 2451 145 43 Russia
2263 2467 12 28 ;
2304 2450 79 40 and
2404 2450 90 40 that
2513 2450 70 39 the
2603 2450 109 52 King
2734 2448 78 40 had
2833 2448 178 44 refused,

1659 2522 38 37 in
1719 2522 69 38 the
1808 2524 104 35 most
1932 2523 266 48 peremptory
2233 2528 182 37 manner,
2447 2520 41 34 to
2506 2515 117 43 listen
2643 2520 45 34 to
2709 2528 73 40 any
2819 2526 193 27 accomo.

1658 2584 138 41 dation
1818 2583 203 54 proposed
2056 2584 48 52 by
2138 2584 70 39 the
2228 2585 201 50 Emperor
2466 2584 261 40 ALEILANDER
2727 2584 27 40 4
2784 2580 130 39 which
2949 2580 67 40 did

1659 2657 72 34 not
1749 2652 190 53 stipulate
1959 2652 71 39 the
2057 2650 230 40 restitution
2304 2649 50 40 of
2370 2648 183 46 Finland,
2585 2647 76 39 and
2679 2646 96 40 does
2793 2652 74 33 not
2889 2646 128 39 admit

1657 2719 72 39 the
1750 2718 195 53 principle
1958 2718 48 39 of
2023 2714 273 43 Commercial
2311 2714 250 39 intercourse
2580 2711 182 39 between
2785 2711 126 39 Great
2930 2711 61 39 Bri-

1662 2785 81 39 tain
1766 2784 79 40 and
1865 2784 178 39 Sweden.
2101 2783 99 39 This
2238 2780 243 41 Gentleman
2500 2779 31 39 is
2551 2778 178 40 likewise
2748 2777 85 40 said
2856 2783 43 34 to
2917 2790 72 27 con-

1663 2852 146 39 tradict
1830 2852 69 38 the
1912 2855 197 35 accounts
2128 2849 39 38 in
2187 2849 70 39 the
2272 2848 76 39 last
2368 2848 177 39 German
2565 2859 162 40 papers,
2751 2845 197 54 referring
2968 2850 45 35 to

1663 2917 70 41 the
1759 2916 217 52 pretended
1995 2914 314 41 dissatisfaction
2329 2913 48 39 of
2393 2913 69 40 the
2480 2910 171 41 Swedish
2674 2909 200 54 Nobility.

1714 2983 135 38 Those
1867 2995 163 40 persons
2054 2981 124 40 know
2197 2979 105 41 little
2336 2979 47 40 of
2413 2978 69 40 the
2513 2976 174 41 Swedish
2721 2976 170 53 history,
2911 2978 91 45 who

1663 3050 93 53 give
1778 3050 128 40 credit
1938 3054 44 35 to
2019 3061 124 40 every
2172 3046 151 41 absurd
2361 3044 80 40 talc
2479 3044 50 41 of
2552 3044 269 53 conspiracies
2849 3044 39 40 in
2920 3044 92 41 that

1664 3122 190 47 country,
1887 3117 39 38 in
1950 3128 276 40 consequence
2254 3113 48 40 of
2333 3111 135 41 actual
2500 3111 216 40 hostilities
2737 3111 93 40 with
2855 3112 149 41 Russia

1665 3184 77 39 and
1766 3184 224 40 Denmark.
2049 3183 89 40 The
2171 3181 141 40 hatred
2342 3180 128 40 which
2506 3180 71 40 the
2614 3178 155 40 Swedes
2799 3181 201 41 entertain

1668 3249 63 39 for
1749 3249 69 39 the
1840 3250 210 44 Russians,
2070 3249 30 39 is
2122 3249 248 41 inveterate;
2393 3243 76 41 and
2489 3243 106 41 their
2614 3243 213 54 animosity
2850 3244 159 53 against

1665 3318 70 39 the
1756 3319 132 38 Danes
1909 3318 31 38 is
1959 3314 163 56 equally
2154 3314 159 46 rooted,
2343 3313 77 41 but
2453 3311 94 40 with
2582 3311 79 39 this
2695 3311 314 54 distinguishing

1665 3381 226 46 character,
1912 3383 92 38 that
2024 3381 31 39 it
2085 3380 31 39 is
2137 3378 168 43 blended
2336 3378 94 40 with
2469 3377 70 40 the
2568 3383 106 33 most
2705 3389 189 41 supreme
2911 3390 74 27 con-

1668 3454 143 48 tempt.
1869 3448 87 39 The
1991 3446 163 54 people,
2192 3446 91 40 who
2314 3458 85 34 are,
2439 3443 324 56 comparatively
2793 3444 214 53 speaking,

1668 3516 69 39 the
1756 3520 165 50 poorest
1942 3517 38 38 in
2002 3517 181 52 Europe,
2200 3526 111 40 may,
2333 3513 188 53 perhaps,
2542 3526 164 40 express
2726 3526 111 26 some
2852 3513 136 39 discon-

1667 3588 85 35 tent
1772 3585 38 39 in
1827 3595 276 41 consequence
2134 3581 48 40 of
2198 3581 69 40 the
2287 3580 194 40 burtheas
2496 3579 240 40 occasioned
2756 3580 52 51 by
2830 3579 71 40 the
2922 3592 66 39 pre-

1665 3656 87 33 sent
1774 3663 81 26 war
1873 3667 11 28 ;
1917 3650 76 39 but
2014 3650 105 39 their
2143 3645 182 43 national
2354 3644 246 56 antipathies
2622 3644 80 39 will
2738 3644 141 39 render
2898 3644 113 39 them

1665 3717 209 39 insensible
1896 3722 44 34 to
1972 3717 51 38 its
2043 3728 196 43 pressure,
2278 3713 78 40 and
2396 3712 92 53 they
2524 3710 83 41 will
2637 3711 236 40 contribute
2906 3710 97 41 with

1665 3785 168 52 alacrity
1854 3790 45 34 to
1919 3797 78 40 any
2022 3796 184 27 measure
2226 3781 129 39 which
2373 3780 168 40 favours
2562 3778 80 40 this
2660 3778 174 54 passion.
