3461 4453
1159 84 144 53 THE
1337 86 374 58 NATIONAL
1747 92 376 56 REGISTER.

268 237 69 35 the
354 236 111 35 other
480 235 122 48 night.
656 235 63 37 He
733 239 78 34 told
840 250 72 30 me,
943 241 32 33 if
996 242 45 34 he
1069 241 70 37 had
1167 244 90 34 been
1284 256 125 25 aware
1427 244 45 37 of
1496 246 104 34 what

269 283 90 44 Col.
383 283 151 35 Wardle
550 282 73 38 had
643 283 184 44 intended,
850 288 69 34 and
948 288 34 34 if
1004 289 46 33 be
1065 288 69 37 had
1159 293 117 33 called
1294 304 45 24 on
1358 294 73 34 him
1448 295 69 33 and
1537 296 41 32 be-

270 330 125 39 haved
416 322 208 51 handsome,
656 330 45 37 he
720 334 123 34 would
870 335 92 33 have
978 335 109 44 given
1111 338 73 38 him
1217 351 106 25 many
1341 347 122 38 strong
1485 352 116 30 cases,

270 379 72 43 but
359 386 44 28 as
420 379 27 33 it
465 389 73 26 was
557 377 47 37 be
624 389 77 26 was
717 380 222 37 determined
957 389 37 28 to
1011 394 47 33 go
1076 387 142 41 against
1235 387 182 40 hitn.—Q.
1447 387 77 35 Did
1543 389 59 34 Sir

273 424 50 37 F.
348 425 156 43 Burdett
519 436 91 26 ever
624 429 123 44 apply
763 428 59 35 for
840 430 63 33 the
920 439 133 34 papers
1078 433 35 33 in
1137 435 64 32 her
1224 436 197 41 possession
1446 436 155 34 relative

272 472 44 41 to
332 472 66 35 the
413 471 139 47 subject
566 474 14 34 ?
609 474 48 37 A.
690 474 125 37 Never
830 487 86 25 once
933 490 9 26 ;
970 487 66 25 nor
1061 480 93 33 have
1173 478 19 35 I
1222 482 69 32 had
1315 493 71 27 any
1401 484 177 33 communi-

273 522 131 34 cation
420 521 86 34 with
526 522 59 34 Sir
604 520 47 38 F.
673 520 152 38 Burdett
839 526 97 32 since
954 523 89 45 May
1057 526 81 40 last,
1156 528 45 33 an
1201 528 24 33 d
1239 534 20 30 t
1259 534 20 30 h
1279 534 40 30 en
1333 531 13 33 i
1346 531 14 33 t
1377 539 73 25 was
1461 533 109 32 merel

274 568 327 41 accidental.—Q.
631 567 80 37 Has
741 570 65 34 she
831 580 89 26 ever
946 573 74 32 too:
1059 573 72 37 Mr.
1165 573 177 41 Donovan
1369 580 78 32 that
1478 579 58 31 Sir
1557 576 43 35 F.

273 614 159 37 Burdett
449 615 103 35 made
565 621 71 30 her
652 626 45 27 an
709 617 90 37 offer
815 617 46 35 of
867 628 125 34 money
1006 617 58 37 for
1075 622 100 33 these
1187 634 133 33 papers
1336 625 12 31 ?
1401 627 46 34 A.
1478 624 30 37 N
1514 635 34 22 o.
1554 643 47 6 —

275 664 50 43 Q.
361 661 98 37 Does
485 664 64 34 she
568 663 113 37 know
712 665 111 45 Capt.
846 664 110 39 Dodd
969 669 13 33 ?
1041 669 50 34 A.
1119 669 191 41 Yes.--Q.
1332 670 116 37 When
1465 672 63 34 did
1539 673 63 32 she

274 718 63 28 eft
356 711 76 35 him
446 711 96 38 last?
596 712 52 34 A.
678 712 18 34 I
718 719 130 28 cannot
865 715 189 39 recollect.
1106 716 44 40 Q.
1181 716 73 35 Did
1271 719 40 32 he
1331 720 48 43 by
1391 729 47 35 an
1439 729 24 35 y
1483 730 78 24 mean
1561 730 20 24 ,
1581 730 20 24 .

275 758 158 40 demand
450 767 43 26 or
507 758 70 38 ask
589 761 65 33 the
672 769 133 35 papers
819 762 156 37 relative
990 771 43 27 to
1051 762 71 37 this
1140 764 181 35 business?
1372 767 47 33 A.
1452 767 124 34 Never
1591 781 9 27 ;

275 816 61 25 we
351 807 96 33 have
472 816 111 27 never
604 808 128 34 talked
749 809 117 32 about
889 809 142 43 it.--Q.
1065 810 73 34 Did
1154 813 61 33 she
1227 822 87 24 ever
1331 823 63 22 say
1407 824 38 22 so
1461 821 39 27 to
1524 814 71 35 Mr.

278 852 188 38 Donovan
480 854 12 32 ?
542 852 240 43 Never.—Q.
813 854 99 35 Does
927 857 63 34 she
1006 859 111 34 know
1128 857 81 35 Col.
1232 857 52 39 111`
1293 852 132 44 Mahon
1440 861 13 33 ?
1506 860 96 37 Yes.

276 901 98 39 —Q.
413 899 72 37 Did
501 901 66 34 she
591 911 89 25 ever
697 904 111 33 write
826 912 46 25 an
899 913 227 35 anonynious
1141 905 109 35 letter
1272 912 37 31 to
1329 909 61 33 the
1416 909 132 33 rrince
1567 909 40 33 of

280 948 132 46 Vales
428 948 13 33 ?
470 948 44 33 A.
533 948 58 33 To
608 948 99 35 shew
732 951 83 33 Col.
835 950 196 38 M`Mahon
1046 953 33 33 in
1101 953 56 33 his
1170 963 135 35 proper
1318 956 159 39 colours,
1491 954 20 34 I
1527 958 74 32 will

279 996 167 48 produce
465 999 53 30 his
531 1002 104 30 notes
651 1002 40 31 to
707 1007 56 25 me
780 998 85 34 here
883 1004 216 30 to-morrow
1113 1002 167 44 evening.
1281 1002 92 40 —Q.
1394 1002 206 45 Repeated.

280 1043 51 35 A.
351 1043 18 35 I
389 1049 113 28 wrote
511 1054 24 26 a
544 1044 78 34 few
631 1044 93 35 lines
733 1045 150 41 stating,
896 1046 105 34 theta
1017 1057 129 35 person
1159 1059 28 20 w
1196 1050 26 30 is
1230 1048 65 34 hed
1305 1055 38 28 to
1354 1059 56 24 see
1422 1046 181 38 hisßoval

282 1090 204 46 Highness,
500 1091 87 41 and,
599 1093 37 38 in
648 1100 244 39 consequewe
912 1094 41 32 of
966 1096 96 39 that,
1080 1095 84 34 Col.
1180 1095 196 35 M‘Mahon
1393 1097 130 34 visited
1538 1108 66 24 me.

281 1139 48 41 Q.
353 1139 77 40 Did
446 1139 63 34 she
526 1139 78 44 sign
632 1140 66 41 ber
729 1149 85 25 own
844 1149 103 26 oanve
976 1153 41 24 or
1050 1152 72 34 any
1148 1146 106 31 other
1287 1152 33 26 lo
1356 1146 99 32 these
1483 1144 92 33 lilies
1589 1148 12 30 i

280 1186 53 38 A.
356 1186 40 35 It
416 1196 72 25 was
506 1187 163 34 without
694 1196 71 35 any
785 1196 117 26 name.
954 1191 151 34 Culouel
1127 1191 18 33 M
1144 1191 18 33 4
1162 1191 161 33 :-'.ation
1352 1201 99 25 came
1476 1196 38 30 to
1547 1196 58 31 the

279 1234 165 35 address.
494 1234 63 35 He
572 1234 119 34 asked
724 1235 63 33 the
815 1243 146 27 servant
994 1239 86 32 who
1109 1239 139 43 opened
1274 1239 60 33 the
1362 1238 90 34 door
1483 1240 124 34 whose

280 1281 119 35 house
412 1283 37 51 it
467 1292 89 32 was,
582 1283 86 33 who
680 1281 158 45 replied,
868 1281 85 35 Mrs.
977 1283 243 46 Farquhar's,
1247 1296 37 24 as
1302 1286 26 34 it
1349 1294 72 25 was
1452 1297 58 33 my
1535 1297 50 24 mo-

279 1328 133 35 ther's.
465 1329 58 35 He
540 1339 103 25 came
661 1341 50 34 up
729 1330 122 40 stairs,
878 1331 67 33 and
976 1333 193 33 addressed
1202 1341 57 26 me
1292 1333 47 44 by
1368 1333 60 33 the
1447 1344 105 22 name
1569 1333 45 34 a

281 1364 223 58 Farquhar,
528 1377 72 34 and
614 1377 143 44 shortly
775 1376 98 35 after
889 1377 230 47 discovering
1135 1381 78 32 that
1235 1378 17 34 I
1270 1389 71 25 was
1355 1380 90 34 Mrs.
1461 1381 143 35 Clarke

281 1423 48 35 he
350 1424 185 34 delivered
553 1434 27 25 a
596 1434 90 33 very
703 1424 123 45 polite
844 1435 156 34 message
1018 1426 96 34 from
1137 1427 60 32 the
1227 1426 145 44 Prince,
1397 1429 210 43 expressive

281 1470 45 37 of
341 1470 59 33 his
415 1478 102 38 great
534 1478 148 39 respect
697 1472 59 35 for
775 1480 56 25 me
844 1475 46 39 (a
909 1473 107 44 lough
1032 1474 34 38 );
1102 1474 81 33 that
1202 1474 44 34 he
1264 1485 73 24 was
1354 1485 103 34 sorry
1472 1475 59 34 for
1548 1476 61 33 the

280 1528 155 33 ersanner
448 1520 35 32 in
498 1519 124 34 which
656 1518 19 35 I
703 1518 72 35 had
804 1520 90 34 been
912 1521 156 39 treated,
1093 1521 69 34 and
1176 1520 80 35 that
1276 1521 194 35 Nl`Mahon
1488 1524 123 33 would

281 1576 115 33 carry
413 1577 72 34 any
503 1576 161 33 message
679 1564 59 38 for
764 1576 58 28 me
834 1572 41 30 to
894 1570 58 32 the
973 1569 112 34 Dike
1116 1569 41 33 of
1170 1569 115 34 York
1299 1576 34 27 to
1355 1571 109 32 make
1482 1580 125 34 peace.

285 1615 106 34 That
422 1615 43 32 he
484 1624 74 25 was
591 1613 112 46 going
720 1617 38 30 to
795 1613 178 46 Brigitte°
990 1620 90 30 next
1103 1616 87 45 day,
1217 1617 69 33 and
1307 1618 104 35 could
1431 1623 64 27 not

282 1659 73 35 and
376 1662 27 34 it
422 1672 77 25 was
511 1672 24 25 a
552 1662 161 35 delicate
724 1667 133 30 matter
873 1654 57 43 for
945 1664 72 33 him
1033 1668 39 31 to
1088 1662 171 37 interfere
1276 1665 86 33 with
1380 1664 52 34 his
1446 1664 163 34 brov!er.

281 1708 120 37 After
420 1710 67 34 this
508 1709 19 35 I
549 1709 71 35 had
635 1710 141 33 several
795 1715 102 30 notes
917 1709 91 35 from
1028 1711 156 34 Colonel
1206 1710 210 40 MiMahon,
1448 1711 73 33 and
1543 1714 67 31 had

281 1767 105 33 some
404 1757 211 34 interviews
628 1756 90 34 with
733 1757 90 33 him.
878 1757 80 35 The
971 1761 146 33 witness
1128 1757 85 33 here
1230 1759 159 33 detailed
1406 1759 60 33 the
1483 1766 86 26 natu
1578 1770 35 21 re

283 1804 46 45 of
341 1806 151 37 Colonel
519 1804 233 35 111‘Mahon's
768 1804 170 41 conduct,
965 1806 123 33 whom
1106 1805 63 35 she
1185 1806 190 33 described
1406 1817 39 22 as
1463 1817 124 33 sympa-

282 1852 151 44 thizing
449 1853 33 33 in
502 1851 67 35 her
583 1852 224 44 complaints
824 1864 11 31 ;
865 1852 272 44 endeavouring
1154 1856 37 31 to
1213 1852 104 35 effect
1338 1853 64 34 her
1420 1854 172 33 reconcili-

282 1902 110 32 ation
418 1900 89 33 with
543 1900 64 33 the
641 1899 244 38 Commander
911 1900 35 33 in
971 1900 135 40 Chief;
1133 1902 145 43 saying,
1305 1902 80 32 that
1411 1900 107 33 when
1554 1902 60 32 the

285 1946 119 39 Duke
420 1946 196 46 expressed
635 1956 46 25 an
716 1948 156 45 opinion
902 1946 79 34 that
1011 1948 66 33 she
1109 1957 74 22 was
1211 1946 243 46 exasperated
1470 1948 143 44 against

283 1994 98 43 him,
415 1993 43 35 he
483 1995 70 34 had
573 1994 80 34 told
684 1993 57 35 his
761 1994 124 45 Royal
913 1993 184 47 Highness
1115 1994 80 37 that
1220 2003 46 25 on
1284 1995 63 34 the
1362 2000 174 39 contrary
1552 1995 63 33 she

285 2052 86 26 was
389 2042 86 35 mild
495 2042 167 34 towards
677 2041 89 41 bite,
791 2041 71 34 and
879 2040 77 35 laid
969 2043 50 33 all
1035 2042 64 33 the
1117 2041 119 34 blame
1254 2052 96 34 upon
1380 2041 70 34 Mr.
1470 2041 142 38 Adam:

282 2100 105 35 upon
410 2091 118 37 which
546 2089 57 34 his
622 2089 124 44 Royal
768 2085 181 46 Highness
964 2089 195 40 observed,
1186 2089 64 33 she
1267 2089 27 33 is
1315 2098 84 35 very
1416 2089 113 41 right,
1547 2091 67 33 and

326 2143 94 30 must
432 2137 87 35 look
539 2137 79 33 into
637 2137 66 32 her
718 2137 139 34 affairs.
907 2135 89 35 This
1017 2147 76 22 was
1111 2135 59 33 the
1188 2135 189 34 substance
1395 2135 43 33 of
1469 2135 54 33 his
1543 2138 70 32 last

282 2183 203 41 Dote.—Q.
504 2183 78 35 Did
596 2184 146 35 witness
757 2189 185 39 represent
960 2183 137 35 herself
1106 2189 38 28 to
1156 2193 71 34 any
1246 2192 145 35 person,
1407 2183 34 34 in
1456 2183 135 35 Novem-

282 2233 73 33 ber
373 2233 86 39 last,
487 2241 41 25 as
554 2231 139 45 having
707 2241 132 37 power
857 2235 38 30 to
914 2241 158 37 procure
1090 2231 262 39 commissions,
1374 2241 41 22 or
1431 2231 109 37 other
1561 2231 35 34 of-

283 2280 117 39 fices?
452 2278 47 35 A.
519 2277 91 41 No;
638 2280 66 34 but
725 2278 18 35 I
759 2280 273 34 recommended
1045 2288 99 24 some
1162 2278 83 33 who
1269 2275 141 35 wanted
1422 2278 194 33 situations

283 2331 44 34 to
345 2339 26 24 a
390 2326 244 47 person.—Q.
664 2326 98 35 Who
780 2337 78 24 was
876 2326 81 34 that
984 2335 132 35 person
1131 2326 13 32 ?
1198 2326 48 33 A.
1280 2326 17 32 I
1319 2324 118 34 would
1457 2326 157 33 mention

286 2374 60 35 his
359 2383 118 32 name,
508 2375 66 33 but
592 2374 122 33 intend
733 2379 38 28 to
788 2372 96 35 have
904 2372 73 38 him
996 2370 201 40 here.---Q.
1217 2370 120 35 Name
1364 2370 72 33 him
1452 2372 13 32 ?
1518 2373 51 33 A.
1598 2373 15 33 I

286 2424 76 41 beg
376 2428 37 27 to
431 2422 44 33 be
489 2420 278 38 excused.—Q.
796 2420 119 34 Name
935 2420 71 33 him
1022 2420 13 32 ?
1069 2419 137 44 (Name
1224 2418 9 35 l
1263 2418 117 34 Name
1395 2417 9 34 I
1439 2417 94 35 from
1556 2419 59 34 the

285 2469 131 38 whole
431 2465 159 41 House.)
626 2467 50 33 A.
696 2465 41 37 If
751 2466 17 34 I
778 2476 144 26 answer
937 2467 61 34 the
1010 2466 169 45 question
1193 2466 30 33 it
1245 2464 74 35 will
1338 2465 44 35 be
1398 2466 217 43 impossible

289 2520 40 30 to
356 2515 159 45 produce
540 2515 77 32 him
638 2513 111 41 here;
781 2515 45 32 he
860 2515 79 32 will
969 2522 64 25 run
1051 2518 63 28 oiTt
1143 2510 44 35 of
1208 2512 63 33 the
1289 2520 99 34 way,
1439 2512 123 43 (Cries
1578 2512 43 34 of

288 2562 146 37 Name!
467 2559 161 44 Name!)
664 2559 76 35 Mr.
758 2559 256 46 Maltby.—Q.
1057 2559 133 33 Where
1218 2559 86 33 does
1333 2557 44 35 he
1410 2558 100 34 live?
1566 2559 48 33 A.

291 2607 278 47 Fishmimgers'
589 2607 206 41 Hall.—Q.
820 2609 81 34 Has
919 2608 61 33 she
1007 2607 71 34 bad
1100 2615 71 34 any
1192 2607 307 34 communication
1525 2609 91 32 witti

289 2669 77 34 any
386 2666 125 37 person
531 2657 66 32 but
617 2655 77 34 Mr.
717 2654 164 46 Maltby,
912 2655 157 34 relative
1087 2660 39 30 to
1141 2654 63 33 the
1218 2661 129 35 power
1362 2652 40 34 of
1417 2656 201 41 procuring

288 2704 261 45 Commissions
581 2702 72 33 and
683 2702 149 35 Official
866 2701 228 37 Situations?
1146 2700 48 35 A.
1224 2699 84 40 No;
1339 2708 137 37 except
1495 2701 83 34 that
1600 2704 14 33 1

285 2754 99 35 have
404 2751 78 47 just
498 2751 145 45 spoken
661 2748 150 41 to.—Q.
843 2748 116 35 What
974 2750 195 39 situations
1186 2748 64 33 did
1269 2746 63 34 she
1349 2747 211 43 endeavour
1581 2756 35 26 to

285 2809 168 41 procure
467 2797 161 45 through
648 2797 163 45 Maltby,
839 2797 72 35 and
926 2797 57 34 for
1000 2796 123 37 whim
1139 2796 13 33 ?
1204 2794 50 34 A.
1290 2793 21 37 I
1329 2792 91 37 have
1436 2794 125 35 letters
1580 2802 40 27 at

293 2852 113 33 home
428 2846 77 35 will
522 2848 120 39 shew,
678 2845 122 45 which
822 2846 20 34 I.
863 2844 77 35 will
960 2841 174 50 produce.

337 2926 98 38 Mrs.
461 2922 122 39 Clake
615 2921 86 46 (the
720 2919 163 45 witness)
914 2920 86 35 here
1032 2919 288 45 prevaricating,
1345 2916 63 35 she
1429 2927 73 26 was
1531 2919 87 34 duly

289 2972 240 43 admonished
559 2972 50 44 by
627 2970 64 35 the
720 2969 201 35 Chairman
940 2966 41 35 of
1005 2969 61 33 the
1097 2967 249 40 Committee;
1377 2965 118 41 when,
1525 2966 97 34 after

287 3025 130 43 owing
435 3028 38 33 to
493 3020 65 34 her
575 3018 223 45 knowledge
817 3017 43 33 of
885 3017 71 33 Mr.
989 3015 177 40 Dawson,
1191 3014 65 34 she
1280 3011 183 37 confessed
1482 3014 137 40 though

288 3073 100 34 with
405 3073 185 44 apparent
608 3067 223 38 reluctance,
859 3064 64 37 the
939 3073 103 24 name
1059 3061 44 35 of
1120 3061 201 35 Lodowick
1337 3072 39 22 or
1398 3058 98 43 [Auto
1506 3069 30 25 w
1546 3059 73 35 ick.

339 3120 50 40 Q.
435 3115 77 39 Has
539 3115 47 35 he
619 3123 76 35 any
722 3115 110 33 other
857 3111 132 35 name?
1061 3112 48 32 A.
1144 3110 17 38 I
1196 3107 103 34 don't
1329 3107 123 37 know.
1527 3106 94 34 Who

289 3171 33 34 Is
354 3164 72 39 be?
455 3165 47 33 A.
526 3162 34 34 A
591 3161 229 41 Gentleman,
856 3159 19 35 I
904 3159 155 33 believe.
1115 3158 57 33 He
1198 3157 92 33 lives
1319 3156 34 33 in
1389 3154 231 39 Essex.---Q.

291 3211 128 45 same
448 3211 63 37 the
542 3208 139 35 friends
715 3209 84 34 who
828 3206 273 35 recommended
1135 3203 200 35 Ludowick
1367 3207 37 31 to
1441 3211 70 33 you
1530 3201 13 33 ?
1576 3202 47 33 A.

291 3265 21 39 I
328 3263 136 37 cannot
488 3256 66 37 tell
572 3256 182 46 exactly;
782 3247 148 52 Maltby
948 3254 73 33 will
1039 3254 103 32 \Theo
1162 3254 44 32 he
1225 3252 28 33 is
1271 3249 125 34 before
1407 3249 61 34 the
1487 3249 135 33 tioute.

265 3304 26 51 4
291 3304 53 51 Q.
370 3309 37 35 Is
420 3305 208 38 Ludowick
661 3304 66 34 the
759 3311 135 38 person
928 3312 69 34 you
1029 3307 135 33 meant,
1193 3299 84 34 who
1299 3298 67 32 had
1387 3298 89 33 been
1495 3296 129 44 hardly

293 3359 109 41 used,
412 3354 69 37 and
498 3345 154 44 suffered
673 3354 105 32 much
797 3350 170 45 already,
987 3350 125 32 whose
1130 3356 102 26 name
1258 3356 72 33 you
1345 3353 73 25 was
1436 3344 190 45 unwilling

293 3415 44 28 to
358 3406 79 37 tell,
487 3400 45 35 In
554 3400 102 33 what
676 3399 65 34 has
754 3398 45 34 he
816 3397 152 34 suffered
985 3394 83 35 ?A.
1095 3394 40 34 In
1149 3394 149 43 lodging
1310 3402 144 33 money,
1474 3391 34 33 in
1522 3391 105 43 being

294 3456 98 44 kept
410 3455 63 31 out
488 3446 44 35 of
544 3448 291 46 appointments,
855 3444 67 34 and
945 3446 35 32 in
1006 3444 158 43 meeting
1187 3441 89 33 with
1297 3439 331 45 disappointments

295 3504 103 37 from
415 3501 69 40 day
500 3502 39 30 to
556 3497 91 41 day.
702 3494 110 34 After
841 3493 144 44 Maltby
1005 3493 28 33 is
1057 3487 211 41 examined,
1292 3487 61 33 Ivt
1367 3489 39 31 iii
1435 3485 157 33 trention
1607 3497 21 21 a

299 3547 164 40 General
482 3542 167 44 Officer's
661 3552 119 31 name,
797 3540 122 34 which
935 3540 44 33 he
997 3536 189 46 (Maltby)
1207 3536 102 34 made
1324 3533 74 34 free
1420 3533 142 33 with.-.
1581 3531 45 40 Q.

298 3592 123 43 What
449 3605 63 26 are
547 3592 64 34 the
643 3591 332 44 disappointments
1005 3596 84 24 now
1117 3583 145 34 alluded
1299 3582 64 34 to?
1406 3581 47 34 A.
1475 3581 100 33 That
1592 3578 39 37 of

294 3647 118 41 being
441 3644 104 34 made
573 3639 183 34 Assistant
793 3633 366 46 Commissary.---Q.
1180 3631 99 34 How
1310 3632 103 31 much
1442 3638 128 33 money
1602 3628 30 33 is

292 3692 139 47 lodged
444 3691 13 34 ?
485 3692 47 34 A.
557 3687 115 35 From
685 3686 99 34 8001.
806 3690 38 28 to
859 3681 279 37 10D0/.---Who
1157 3689 73 25 was
1248 3679 59 33 the
1324 3676 157 35 General
1498 3674 133 34 Officer

294 3742 133 38 whose
451 3748 105 25 name
591 3733 152 44 Maltby
776 3731 105 34 made
904 3741 58 24 tve
980 3728 65 37 of?
1075 3728 51 34 A.
1149 3728 59 33 Sir
1228 3725 47 35 A.
1309 3724 319 43 Wellesloy---(A

295 3785 155 50 laugh.)
501 3785 83 35 One
609 3780 46 37 of
676 3782 61 33 the
763 3788 156 26 excuses
938 3777 57 34 ftir
1012 3782 63 30 not
1093 3775 139 44 getting
1263 3774 61 33 the
1346 3772 175 33 situation
1544 3781 86 31 wog,

292 3840 90 35 that
402 3837 44 33 he
463 3843 76 26 was
555 3829 138 44 deeply
709 3827 162 45 engaged
887 3827 34 32 in
938 3826 61 34 the
1017 3824 261 41 investigation
1291 3826 39 27 at
1350 3819 278 39 Chelsea..-.Q.

296 3887 124 35 What
435 3893 72 24 was
526 3880 64 35 the
612 3878 260 45 appointment
888 3873 157 44 delayed
1064 3873 47 43 by
1139 3870 58 34 Sir
1217 3869 50 34 A.
1285 3867 197 43 Wellesley
1496 3866 13 32 ?
1539 3866 50 34 A.

279 3935 171 35 -believe
468 3930 83 38 that
568 3926 43 35 of
627 3922 262 45 Commissary.

343 4007 79 37 She
432 4015 107 26 never
557 4002 78 37 told
650 4002 181 35 Donovan
840 3997 83 35 that
935 3996 63 35 she
1015 3994 74 35 had
1102 4004 70 34 any
1187 4002 129 37 power
1335 3991 189 34 whatever
1543 3989 87 34 with

298 4058 71 38 the
402 4054 110 38 Duke
528 4051 45 35 of
602 4050 335 35 Portknd—never
956 4044 77 34 said
1052 4050 38 28 to
1124 4041 77 37 him
1230 4041 78 32 that
1325 4038 34 34 if
1382 4041 60 32 the
1462 4037 113 35 Duke
1593 4036 38 37 of

296 4104 123 41 York
451 4103 107 33 knew
594 4097 46 34 of
660 4098 65 33 her
755 4094 185 45 rece►ving
963 4100 149 35 maney,
1141 4089 30 35 it
1189 4085 122 37 would
1344 4085 45 35 be
1410 4087 63 32 her
1491 4085 141 34 ruin.—

294 4149 228 47 Laughedat
544 4147 66 37 the
635 4144 87 37 idea
736 4143 44 37 of
790 4144 78 34 Mr.
888 4137 184 47 War4le's
1231 4136 65 34 her
1312 4135 46 35 he
1372 4133 71 37 l►ad
1463 4131 168 37 watched

2884 102 94 47 105

1659 222 64 35 her
1735 224 78 34 into
1833 224 174 35 Portland
2028 226 138 41 House,
2181 227 69 34 and
2264 230 76 32 said
2362 229 25 31 it
2405 237 74 24 was
2496 239 97 24 more
2610 229 120 41 likely
2751 228 227 35 Mrs.Ginbs.

1659 270 93 33 Nevt
1768 281 17 22 r
1804 270 80 35 held
1898 279 77 28 out.
1982 272 111 37 Duke
2112 272 43 37 of
2177 273 181 37 Portland
2385 285 44 25 or
2461 275 92 33 Lord
2578 274 234 40 Chancellor,
2837 285 37 22 as
2890 285 66 33 per-

1659 327 78 22 sons
1755 318 155 41 through
1924 319 120 35 whom
2057 321 63 33 she
2137 322 177 43 procured
2339 321 285 45 appointments.
2659 320 118 34 Knew
2799 320 180 41 Dawson,

1662 364 44 33 he
1720 365 28 33 is
1767 376 24 21 a
1818 364 115 37 Piano
1962 364 100 37 forte
2080 369 145 39 Maker,
2249 367 70 34 and
2344 369 60 33 the
2431 369 172 33 situation
2623 369 43 33 he
2688 369 139 33 wanted
2851 378 71 24 was
2936 374 43 27 at

1663 411 165 34 Savanna
1846 412 46 34 Le
1907 412 98 41 Mar,
2023 413 69 33 and
2109 415 164 34 believed
2289 413 92 35 from
2400 415 56 33 his
2472 424 81 24 own
2571 420 144 38 report,
2741 415 77 32 that
2839 413 45 34 he
2903 416 76 33 had

1661 457 189 43 deposited
1881 468 129 35 money
2039 459 57 34 for
2126 463 27 31 it
2176 461 129 34 within
2331 463 61 32 the
2409 461 71 33 last
2497 459 197 45 fortnight.
2747 461 139 34 Standen
2903 461 73 34 had

1664 506 181 43 pocketed
1873 504 80 34 half
1970 507 99 33 what
2094 517 74 26 was
2185 509 86 43 paid
2285 508 50 45 by
2352 510 130 41 Tonyn
2499 506 58 34 for
2575 510 56 28 tits
2644 506 196 47 Majority,
2867 509 112 45 being

1662 552 21 33 d
1700 561 43 24 or
1757 552 98 33 900%

1710 598 73 35 Mr.
1822 598 194 38 WARDLE
2138 601 83 34 thon
2238 601 193 34 examined
2453 601 50 43 by
2530 601 60 33 the
2610 598 304 38 CHANCELLOR
2933 599 47 37 Of

1664 644 61 34 the
1741 646 116 34 Excm
1869 656 141 31 Exit/nit
2028 656 35 26 to
2082 648 60 33 the
2152 648 193 44 following
2357 648 120 33 effect.

1709 691 46 40 Q.
1776 693 72 35 Did
1867 694 66 33 Mr.
1958 693 151 34 Wardle
2124 706 84 22 ever
2228 703 176 37 repro:kelt
2425 697 60 31 the
2502 694 69 33 last
2590 694 146 37 witness
2754 693 89 34 with
2859 694 111 44 going

1663 743 35 30 to
1714 744 64 28 the
1793 741 109 34 Duke
1920 739 43 34 of
1980 741 170 35 Portlam!
2233 743 46 32 A.
2302 741 17 35 I
2344 741 77 34 mid
2443 743 60 31 her
2533 746 78 27 that
2635 739 17 37 I
2686 741 69 32 nad
2776 742 107 32 heard
2901 744 69 30 she

1667 785 66 33 had
1761 796 92 33 gone
1870 793 37 30 to
1935 789 53 31 his
2007 788 133 43 Grace,
2156 790 65 31 and
2243 791 80 30 that
2344 787 15 35 I
2385 797 74 25 WO
2484 797 85 33 very
2589 787 104 33 much
2725 787 181 44 surprised
2933 790 40 32 at

1665 833 143 39 lt.—Q.
1835 831 92 37 Who
1948 836 79 33 told
2057 836 71 33 Mr.
2148 834 149 35 Wardle
2315 837 77 31 that
2417 835 86 33 Mrs.
2519 833 138 34 Clarke
2679 834 69 32 had
2777 836 86 30 heeu
2881 833 97 34 with

1665 880 60 33 the
1747 879 111 38 Duke
1873 882 13 32 ?
1938 883 47 33 A.
2009 882 14 33 I
2044 883 211 33 understood
2276 883 28 32 it
2319 891 41 26 at
2376 883 61 32 the
2456 881 99 34 office
2575 882 35 33 in
2629 881 63 40 the
2708 880 73 44 city
2805 880 120 39 which
2948 880 21 37 I

1667 927 91 33 have
1776 926 124 39 before
1922 930 217 33 mentioned.

1962 997 202 27 COLONEL
2192 996 174 31 GORDON
2401 994 252 35 EXAMINED,

1716 1046 304 39 CHANCELLOR
2041 1058 54 25 OF
2112 1058 86 27 THE
2222 1046 428 44 EXCHEQUER..---11ftS
2665 1046 150 34 Colonel
2833 1046 150 35 Gordon

1667 1095 158 43 brought
1846 1097 86 31 with
2047 1098 61 31 the
2126 1097 131 33 offieial
2276 1098 206 32 documents
2498 1096 208 43 respecting
2724 1098 61 27 the
2802 1096 157 41 appoint-

1668 1147 97 30 ment
1778 1143 44 32 of
1840 1142 124 46 'Major
1980 1143 129 41 Tonyu
2122 1144 13 32 ?
2189 1144 45 34 A.
2261 1142 123 34 Ve3---
2408 1143 45 39 Q.
2487 1141 87 33 Will
2606 1144 44 30 he
2673 1143 91 30 have
2781 1142 59 30 the
2859 1142 94 41 good-

1672 1199 76 24 ness
1766 1196 38 26 to
1822 1195 91 27 state
1932 1191 34 32 in
1989 1191 98 32 what
2104 1193 84 40 they
2202 1192 130 32 cunsist
2348 1191 12 32 T
2415 1193 45 30 A.
2487 1187 92 34 First
2602 1189 327 39 reerunmendation
2942 1187 47 35 of

1672 1234 125 46 Major
1815 1235 129 44 Tonyn
1965 1235 118 34 which
2102 1237 17 35 I
2138 1248 64 22 cat.
2213 1235 69 34 anti
2303 1247 27 21 is
2349 1238 103 31 dlted
2469 1235 83 33 i7th
2568 1235 110 37 Julie,
2699 1233 103 41 1803,
2816 1233 92 34 from
2926 1234 57 34 his

1671 1281 123 34 rather
1821 1285 151 33 General
1996 1283 141 44 Tunvn,
2165 1285 138 32 cetunel
2326 1281 40 35 of
2386 1290 63 26 tar
2463 1281 50 35 481
2512 1281 34 35 ii
2570 1283 188 45 regiment.
2810 1280 171 43 (Colonel

1672 1330 149 33 Gordon
1848 1331 80 32 read
1965 1331 71 32 this
2065 1320 201 45 rioevu:nt.
2294 1332 35 30 in
2357 1333 118 30 which
2496 1329 155 38 General
2693 1330 117 32 l'on‘n
2845 1337 118 24 recom-

1672 1378 164 39 trending
1856 1378 86 33 both
1963 1378 54 32 his
2035 1387 76 25 sons
2126 1384 12 27 t
2138 1384 12 27 ,
2150 1384 12 27 )
2181 1380 61 30 the
2272 1380 116 31 !attire
2408 1375 41 35 of
2466 1378 57 30 the
2542 1375 110 37 Duke
2669 1372 45 35 of
2732 1372 142 41 York).
2923 1375 59 33 To

1675 1426 71 32 this
1779 1424 185 33 tneM;;rial
1993 1431 61 26 t•le
2087 1423 189 41 following
2303 1431 139 25 answer
2470 1431 71 24 vas
2558 1421 169 34 returned
2744 1433 9 21 :
2806 1420 180 44 (Colonel

1674 1470 148 33 Gordon
1850 1472 83 32 re;id
1964 1473 61 31 the
2057 1481 152 22 answer.
2241 1472 105 32 dated
2374 1469 86 34 28th
2479 1469 112 40 June,
2622 1468 105 39 IS(t3,
2748 1467 119 41 signed
2894 1468 71 34 Fre-

1672 1518 145 38 derick,
1835 1519 66 32 awl
1919 1519 211 43 exorcising
2150 1522 52 27 this
2224 1515 117 45 Royal
2368 1514 202 44 Highness's
2597 1517 178 32 readiness
2791 1522 38 26 to
2846 1512 137 38 concur

1674 1567 33 30 in
1727 1567 60 30 tit!
1809 1576 26 21 bt.
1847 1570 86 28 totes
1965 1565 45 32 of
2031 1566 152 33 General
2204 1564 126 43 Tunyn
2391 1564 51 32 Oh
2460 1567 136 38 respect
2626 1569 39 26 to
2693 1564 60 31 the
2773 1561 220 44 promotion,

1672 1611 43 34 of
1729 1610 21 33 h
1768 1620 15 25 s
1811 1616 110 37 sons).
1974 1613 80 31 The
2072 1618 84 27 next
2173 1612 184 34 docament
2376 1620 44 22 on
2439 1612 60 30 the
2522 1606 143 46 subject
2678 1609 45 32 -is
2746 1618 24 24 a
2791 1607 193 34 memorial

1672 1658 92 34 from
1788 1658 109 45 Capt.
1919 1659 129 43 Tonyn
2069 1667 35 25 to
2124 1661 58 31 C:e
2202 1658 241 33 Commander
2472 1656 33 32 in
2525 1654 122 40 Chief,
2665 1656 148 43 stating,
2831 1657 80 31 that
2936 1655 48 34 ho

1676 1706 67 33 had
1766 1706 90 33 been
1871 1707 45 32 ‘24.
1937 1715 102 24 sears
2053 1715 44 24 an
2117 1706 136 34 officer,
2270 1704 41 32 of
2328 1703 120 34 which
2469 1700 44 35 he
2530 1700 66 35 had
2611 1702 92 33 been
2722 1703 33 32 in
2772 1701 120 33 active
2902 1710 60 26 ser-

1675 1753 79 32 vice
1770 1752 38 34 14
1831 1763 97 22 sears
1945 1753 86 32 with
2053 1755 60 30 the
2130 1753 78 33 41st
2222 1762 71 32 reg.
2315 1752 67 32 and
2399 1749 201 44 requesting
2611 1755 37 25 to
2668 1749 44 32 be
2728 1748 189 43 promoted
2935 1753 40 30 to

1672 1809 22 22 a
1716 1800 191 43 Nlajurity.
1961 1800 91 33 This
2076 1800 184 32 document
2291 1798 60 32 has
2373 1806 44 24 no
2446 1796 98 38 date,
2570 1796 65 32 but
2657 1794 31 33 it
2720 1804 71 25 was
2807 1793 170 35 received

1677 1847 32 31 in
1727 1846 144 40 March,
1891 1847 103 37 1804.
2021 1845 80 34 The
2117 1854 139 25 answer
2276 1854 73 22 was
2365 1841 110 34 dated
2494 1843 57 32 the
2570 1840 81 35 1511;
2662 1839 47 35 of
2725 1841 142 40 March,
2881 1840 105 37 1804.

1676 1893 102 43 (Cul.
1794 1894 143 33 Gordon
1958 1894 86 33 read
2063 1894 60 31 the
2137 1902 155 28 answer,
2311 1891 118 32 which
2443 1889 132 39 stated,
2591 1889 79 32 that
2689 1886 124 46 Major
2825 1886 163 46 Toilyn's

1676 1951 104 22 name
1801 1941 67 32 had
1889 1941 89 32 been
1996 1941 105 32 noted
2117 1939 56 32 for
2187 1946 139 35 promot
2336 1941 73 35 too,
2420 1937 69 31 and
2502 1935 78 32 that
2596 1935 56 32 his
2670 1933 122 44 Royal
2807 1933 178 45 llighues

1680 1987 120 34 would
1821 1993 60 28 Hot
1898 1987 117 44 forget
2035 1987 73 32 him
2131 1987 102 32 when
2250 1996 21 22 a
2289 1983 219 35 favourable
2524 1981 240 44 opportunity
2778 1978 214 45 occurred.)

1676 2035 120 34 These
1809 2044 61 24 are
1889 2034 47 33 all
1956 2035 63 32 the
2036 2033 132 34 official
2189 2033 207 32 documents
2417 2030 79 32 that
2520 2028 15 34 1
2559 2029 92 33 have
2675 2026 107 35 found
2815 2026 91 35 with
2931 2035 43 25 re-

1674 2088 103 37 spect
1798 2086 38 31 to
1857 2079 122 47 Major
1995 2080 142 43 Tonyn.
2179 2079 41 35 In
2242 2079 136 43 August
2396 2076 103 37 1804,
2517 2085 22 24 a
2554 2075 98 40 large
2668 2073 270 45 augmentation
2952 2070 47 38 of

1677 2130 61 32 the
1750 2138 102 33 army
1873 2128 90 33 took
1985 2128 118 46 place,
2124 2133 34 28 to
2177 2128 61 32 the
2256 2131 148 28 amount
2420 2122 44 34 of
2489 2122 48 34 50
2551 2122 202 32 additional
2774 2120 216 34 battalions.

1682 2176 39 32 In
1743 2176 60 32 the
1822 2176 195 32 fornation
2036 2174 41 33 of
2099 2173 112 39 these,
2244 2173 17 32 I
2284 2171 165 35 received
2478 2172 63 30 the
2568 2167 128 35 orders
2727 2167 41 34 of
2791 2169 59 32 the
2880 2167 90 39 Caen-

1680 2225 149 31 inand;r
1846 2233 35 21 in
1894 2220 113 37 Chief
2023 2228 34 26 to
2079 2230 156 34 prepare
2258 2228 25 26 a
2307 2219 60 34 list
2400 2216 43 34 of
2469 2217 63 31 the
2556 2215 123 33 senior
2704 2215 137 33 officers
2864 2213 44 33 of
2929 2213 65 34 the

1676 2280 104 33 army
1795 2270 203 43 generally,
2014 2268 44 35 of
2075 2269 87 33 each
2184 2267 109 39 rank,
2322 2267 67 32 and
2421 2270 37 26 to
2487 2262 86 33 take
2606 2261 59 33 the
2683 2270 118 26 names
2817 2258 94 37 from
2930 2259 64 34 the

1678 2317 99 33 book
1809 2316 43 33 of
1872 2314 343 37 recommenOations
2235 2315 123 31 where
2376 2316 85 37 they
2484 2308 66 34 had
2570 2307 90 34 been
2676 2307 159 34 entered.
2890 2306 19 35 1
2924 2306 66 34 did

1676 2372 53 32 so,
1749 2363 70 33 and
1839 2365 33 31 in
1891 2363 78 32 that
1991 2363 57 32 list
2078 2361 84 32 with
2179 2360 111 44 Capt.
2310 2361 131 40 Tonyn
2458 2356 184 43 appeared
2659 2355 48 35 53
2727 2353 145 38 Officers
2891 2357 38 28 to
2947 2353 50 34 be

1676 2408 206 45 appointed
1902 2414 37 27 to
1958 2407 231 45 Majorities;
2229 2409 9 30 I
2254 2406 15 34 L
2293 2404 154 46 Majors.
2474 2401 168 34 removed
2667 2401 94 34 from
2780 2399 105 34 other
2901 2400 96 44 regi.

1678 2461 112 27 'limits
1814 2465 41 24 or
1870 2454 93 34 from
1983 2453 198 44 half-pay;
2211 2452 41 37 13
2283 2447 293 46 Brevet-Majors
2591 2458 11 28 ;
2631 2451 71 31 and
2719 2447 48 34 29
2783 2446 208 45 Captains;

1677 2503 41 33 of
1731 2504 63 32 the
1814 2503 81 38 last,
1919 2504 20 32 7
1961 2511 94 22 were
2074 2502 41 32 of
2134 2503 58 31 the
2213 2510 86 25 year
2321 2498 104 40 1794,
2450 2496 24 35 9
2489 2494 39 33 of
2541 2494 63 33 the
2623 2504 87 33 year
2730 2493 89 35 1795
2838 2497 154 40 (ainong

1682 2552 120 32 whom
1822 2549 72 44 was
1894 2549 120 44 Capt.
2029 2546 163 44 Tenyol,
2219 2548 21 33 5
2259 2546 43 33 of
2316 2548 60 32 the
2391 2554 91 37 year
2499 2541 103 44 1798,
2619 2543 20 33 7
2659 2541 45 33 of
2713 2541 63 34 the
2785 2549 92 35 year
2889 2538 107 46 1797,

1677 2597 69 34 and
1765 2606 71 32 one
1851 2595 43 35 of
1915 2595 63 34 the
1997 2606 86 32 year
2106 2594 99 37 1799.

1726 2657 48 40 Q.
1814 2657 56 44 By
1891 2656 70 35 Mr.
1980 2654 293 37 YORKE—Can
2287 2653 151 38 Colonel
2460 2649 146 39 Gordon
2634 2652 96 32 state
2748 2648 98 34 what
2878 2647 28 35 is
2931 2648 65 35 the

1678 2715 157 33 average
1850 2704 41 34 of
1904 2707 63 31 the
1985 2704 178 45 purchase
2191 2712 128 31 money
2346 2702 32 32 in
2396 2700 90 35 each
2504 2696 112 46 year?
2669 2696 48 34 A.
2744 2696 81 35 The
2841 2705 158 35 average

1680 2753 41 33 of
1733 2753 64 35 the
1814 2753 67 33 last
1903 2751 103 35 three
2031 2759 100 25 years
2159 2748 254 41 considerably
2439 2745 154 37 exceeds
2606 2743 187 39 400,000/.
2810 2752 24 24 a
2846 2751 152 35 year.—

1680 2799 45 40 Q.
1752 2800 78 34 Can
1848 2797 154 37 Colonel
2026 2797 144 35 Gordon
2186 2803 154 27 account
2357 2794 59 34 for
2434 2794 60 33 the
2511 2792 117 41 origin
2644 2791 46 34 of
2748 2791 155 33 irchases
2926 2789 73 38 and

2711 2800 60 34 pu,
2783 2817 12 5 -

1680 2849 93 31 sales
1791 2845 44 34 of
1846 2844 261 39 cotnroissiow,
2130 2843 69 35 and
2220 2843 76 34 will
2319 2842 44 32 he
2378 2846 96 31 state
2490 2839 59 34 the
2564 2828 106 46 effect
2689 2838 79 33 that
2787 2837 33 33 in
2841 2836 56 34 his
2913 2839 91 40 opt-

1681 2894 84 37 nion
1783 2893 89 45 they
1891 2893 94 33 have
2000 2891 126 34 on•the
2141 2901 100 32 army
2259 2889 12 33 ?
2302 2889 50 34 A.
2373 2887 80 35 The
2472 2885 118 46 origin
2609 2895 74 24 was
2701 2895 39 24 as
2757 2882 146 37 follows
2919 2893 9 22 :
2963 2885 37 33 in

1681 2948 117 35 every
1815 2940 105 34 other
1943 2940 141 33 service
2111 2939 34 32 in
2169 2937 148 41 Europe
2344 2936 59 33 the
2435 2943 128 35 person
2589 2939 39 28 at
2657 2933 64 33 the
2747 2930 92 33 head
2867 2928 45 35 of
2936 2930 70 34 the

1683 2996 104 34 army
1807 2988 64 33 has
1885 2986 63 35 the
1968 2995 129 34 power
2114 2983 43 33 of
2176 2983 169 45 granting
2370 2983 181 44 pensions,
2577 2978 198 44 according
2794 2983 37 26 to
2846 2978 156 32 service.

1685 3033 59 35 No
1761 3033 87 35 such
1879 3043 131 37 power
2036 3034 28 33 is
2089 3030 152 47 enjoyed
2272 3031 47 43 by
2348 3030 61 33 the
2427 3027 243 34 Commander
2701 3026 34 32 in
2756 3020 117 38 Chief
2894 3022 103 34 here.

1690 3080 117 34 When
1828 3081 60 34 the
1903 3080 143 34 colonel
2068 3077 43 34 of
2121 3090 21 24 a
2169 3078 175 43 regiment
2362 3076 28 34 is
2418 3074 183 39 rendered,
2627 3076 51 40 by
2693 3081 71 33 age
2779 3079 43 25 or

1685 3128 196 46 incapable
1899 3126 44 35 of
1955 3126 291 43 accompanying
2267 3125 53 33 his
2339 3122 174 45 regiment
2531 3122 74 32 into
2622 3119 156 33 service.
2830 3116 71 35 His
2924 3118 54 33 Ma-

1685 3177 93 43 jesty
1799 3180 130 31 cannot
1948 3175 159 33 increase
2124 3172 61 33 the
2200 3171 275 34 establishment
2493 3168 41 33 of
2548 3168 61 32 the
2626 3167 190 44 regiment,
2833 3164 47 44 by
2901 3167 81 32 mak-

1687 3224 61 44 ing
1776 3224 154 32 another
1962 3220 141 35 colonel
2118 3231 11 27 ;
2179 3221 27 32 it
2241 3219 117 33 would
2393 3219 44 31 he
2464 3213 116 48 unjust
2614 3219 38 27 to
2691 3219 63 38 put
2779 3213 61 32 the
2872 3211 63 33 old
2969 3221 43 26 or

1689 3270 177 33 wounded
1884 3268 123 35 officer
2023 3278 46 25 on
2091 3266 182 45 half-pay,
2291 3276 40 21 or
2350 3265 151 45 deprive
2530 3263 74 32 him
2628 3259 45 34 of
2691 3261 54 32 his
2766 3259 243 35 commission.

1690 3317 58 35 No
1767 3318 220 33 alternative
2011 3317 167 38 remains,
2197 3317 63 31 but
2278 3312 112 34 allow
2413 3311 73 32 him
2510 3317 37 26 to
2568 3309 111 32 retire
2695 3317 45 25 on
2757 3319 24 22 a
2796 3315 217 34 compensa•

1689 3366 90 34 tion.
1837 3363 110 34 What
1975 3361 81 35 that
2083 3361 269 43 compensation
2375 3357 130 35 should
2533 3359 46 31 be
2607 3366 73 22 was
2704 3354 178 45 *maned
2911 3356 47 43 by

1695 3411 122 35 Board
1834 3411 41 33 of
1889 3409 156 37 General
2065 3407 150 35 Officers
2233 3407 33 33 in
2293 3406 98 34 1765.
2448 3406 102 40 They
2569 3402 174 33 awarded
2761 3400 142 33 certain
2920 3410 97 26 sums

1691 3467 35 27 to
1760 3461 44 32 be
1835 3457 163 35 received
2033 3458 47 41 by
2109 3455 136 33 officers
2275 3456 81 31 thus
2385 3454 154 40 retiring
2570 3449 92 33 from
2698 3450 165 35 service;
2893 3449 57 32 Kh
2957 3449 58 38 ios

1690 3517 93 25 sums
1801 3516 61 22 are
1879 3506 118 33 called
2017 3506 60 32 the
2093 3503 203 45 regulation
2319 3500 118 45 prices
2456 3498 40 33 of
2512 3498 260 33 commissions.
2824 3495 53 33 As
2895 3502 38 27 to
2952 3498 65 33 tht

1693 3554 150 43 bearing
1867 3550 41 37 of
1928 3553 72 31 this
2026 3557 130 35 system
2181 3560 46 22 on
2257 3550 60 31 the
2344 3557 124 32 army,
2509 3546 79 32 that
2628 3546 28 32 is
2691 3553 89 33 very
2807 3544 208 35 extensive.

1693 3601 46 41 Q.
1770 3601 98 34 Does
1889 3598 84 35 Col.
2011 3596 143 35 Gordon
2176 3596 175 33 recollect
2379 3596 64 31 the
2466 3592 240 37 Commander
2739 3591 35 33 in
2794 3589 119 39 Chief
2929 3600 93 26 ever

1693 3650 137 43 having
1843 3647 109 34 taken
1971 3653 61 27 out
2054 3644 43 33 of
2108 3646 52 31 his
2192 3643 151 46 pocket,
2369 3651 24 24 a
2411 3643 58 32 list
2489 3639 41 33 of
2544 3639 155 39 officers,
2724 3640 69 33 and
2810 3641 109 44 given
2934 3638 30 34 it
2978 3643 39 31 is

1693 3696 77 35 him
1787 3696 86 33 with
1891 3704 45 24 an
1958 3693 208 33 intimation
2197 3693 76 30 that
2294 3694 85 38 they
2415 3693 90 27 must
2533 3687 47 32 be
2606 3687 191 44 promoted
2815 3693 64 28 out
2898 3684 43 35 of
2954 3686 63 35 the

1693 3744 146 44 regular
1850 3751 124 25 course
1991 3741 13 32 ?
2059 3741 50 32 A.
2138 3739 14 33 I
2174 3746 107 26 never
2300 3728 174 43 recollect
2489 3733 86 34 such
2594 3744 45 22 an
2657 3733 176 35 instance.
2889 3733 18 35 I
2923 3738 96 31 mast

1693 3793 89 34 take
1800 3790 71 33 this
1899 3789 243 43 opportouity
2158 3793 37 26 to
2212 3795 67 33 say
2295 3785 76 32 that
2394 3783 18 34 I
2433 3791 107 24 never
2552 3781 176 34 recollect
2740 3791 21 22 a
2776 3781 156 45 solitary
2946 3781 54 38 ins-

1694 3844 103 28 tance
1815 3839 33 32 in
1877 3835 122 35 which
2031 3835 63 33 the
2117 3831 241 37 Commander
2373 3831 34 33 in
2435 3828 115 37 Chief
2564 3829 71 33 hat-
2648 3836 67 34 put
2744 3829 89 34 SRC!'
2849 3839 25 24 a
2893 3839 125 35 paper

1694 3887 77 33 into
1788 3895 60 32 my
1874 3883 125 33 hands.
2054 3882 63 33 All
2137 3879 346 35 recommendations
2516 3876 96 33 have
2628 3875 206 43 proceeded
2854 3875 161 46 through

1693 3934 98 34 their
1811 3940 137 35 proper
1967 3930 169 39 channel,
2164 3930 155 32 without
2335 3924 374 44 asitagleexception.

1739 3980 151 39 Colonel
1910 3978 152 35 Gordon
2078 3987 71 22 was
2169 3977 83 32 then
2270 3974 156 33 ordered
2446 3979 35 27 to
2499 3970 213 43 withdraw.

1740 4043 61 33 On
1817 4042 61 33 the
1889 4041 143 32 motion
2048 4036 45 37 of
2115 4041 58 31 the
2186 4037 306 35 CHANCELLOR
2511 4032 43 34 of
2567 4031 61 35 the
2641 4030 295 47 Eeenigivse,
2952 4032 66 37 the

1697 4087 126 37 House
1856 4098 72 22 was
1945 4085 177 40 resumed,
2148 4085 61 33 the
2241 4083 200 35 Gitelman
2457 4080 370 46 rephrtedprogrev.,
2849 4080 73 39 aid
2947 4085 72 39 00-

1695 4137 123 37 ti4ineJ
1832 4135 105 38 leave
1956 4140 40 31 to
2011 4135 46 35 sit
2070 4133 112 46 -again
2202 4141 45 27 on
2263 4126 491 50 Itioutlay.—Attjouraesi.•-
2826 4126 4 53 *
2875 4126 5 53 •

268 81 162 58 FEB.
474 83 79 51 12.

3260 1783 22 92 M~

3429 4075 6 6 •

61 181 7 17 'I

0 2041 57 53 ,

3399 836 60 93 I

3380 953 79 156 I

3403 3780 57 118 I
