3461 4453
1103 84 150 51 THE
1290 81 386 53 NATIONAL
1743 76 389 57 REGISTER.

216 89 97 50 104

431 233 309 41 Charles-street,
762 235 53 34 St.
831 231 333 48 James's-square,
1183 231 92 37 Oct.
1292 228 104 40 20th,
1419 228 107 37 1808.

268 296 67 39 My
358 296 109 38 Dear
488 292 318 39 Madam---So•rie
826 294 137 35 friends
981 294 45 34 of
1054 294 61 33 the
1136 293 96 35 Rev.
1256 292 46 37 T.
1325 289 169 43 Benzley
1512 299 64 24 are

217 343 170 39 desirous
403 344 48 34 of
476 345 201 44 procuring
707 344 76 35 him
801 354 99 24 sorni•
920 343 213 43 promotion
1154 341 37 34 in
1206 340 66 34 the
1289 338 152 37 church.
1494 337 81 37 The

216 402 135 26 vacam
376 392 178 44 Deanery
578 391 44 33 of
651 393 195 40 Salisbury
865 402 164 32 appears
1058 394 35 28 to
1121 389 91 33 offer
1232 398 50 25 an
1298 387 278 41 advantageous

215 441 257 46 Opportunity
490 441 59 35 for
568 442 80 33 that
664 450 176 39 purpose,
894 438 250 46 Application
1162 444 92 28 must
1270 436 45 32 he
1333 433 104 35 made
1456 441 39 26 to
1512 433 61 32 the

220 488 118 38 Puke
358 488 44 31 of
418 488 193 38 Portland.
666 490 110 32 Some
798 488 146 38 Ladies,
958 495 37 25 at
1015 485 59 33 the
1098 484 91 35 head
1211 483 44 34 of
1270 483 120 32 whom
1411 482 30 32 is
1462 480 99 45 Lady

221 535 211 48 Cardigan,
454 536 97 34 have
567 536 216 37 subscribed
797 536 98 38 2000
920 535 165 41 oaiiueas,
1103 531 119 35 which
1253 540 74 25 sum
1357 530 28 34 is
1400 528 117 43 ready
1535 534 35 28 to

217 583 50 35 be
283 583 200 45 deposited
493 608 7 8 .
555 583 74 45 Mr,
654 585 165 38 Beazley
852 562 58 57 has
909 562 19 57 i
928 562 99 57 'heen
1056 580 213 37 introduced
1294 583 38 27 to
1351 578 61 32 the
1429 576 142 40 Queen,

219 632 54 39 by
317 632 128 33 whom
482 631 50 34 he
578 643 73 26 was
692 631 226 39 favourably
946 630 183 39 received,
1169 628 39 33 in
1248 633 249 35 consequence
1535 622 41 33 of

221 678 60 38 bis
309 679 142 41 having
478 681 151 33 written
664 691 22 24 a
732 681 211 43 pamphlet,
971 677 118 37 called
1165 676 83 33 The
1277 673 141 34 Claims
1443 670 45 34 of
1511 670 59 34 the

221 726 151 39 Roman
409 728 195 37 Catholics
643 728 322 44 constitutionally
1307 720 58 33 He
1398 719 30 34 is
1455 718 94 44 chap-

221 776 80 34 lain
337 782 38 28 to
416 776 66 34 the
521 775 115 37 Doke
659 775 48 37 of
733 776 211 33 Gloucester
972 772 72 39 and
1081 778 38 28 to
1144 771 65 32 the
1245 767 145 46 Bishop
1416 767 44 32 of
1486 765 64 34 Lin-

222 824 103 40 coln,
344 823 71 34 and
454 826 28 32 is
503 826 168 43 strongly
698 822 278 37 recommended
1011 822 48 43 by
1088 819 60 34 the
1180 815 170 46 Marquis
1371 813 44 35 of
1440 811 99 37 Mat-

220 870 110 39 fett!,
356 870 70 37 and
454 870 64 37 the
561 870 159 44 Bishops
761 870 45 37 of
844 869 183 37 Norwich
1062 867 70 35 and
1170 865 209 41 Salisbury.
1453 860 115 37 From

221 920 70 35 the
313 920 217 35 estimation
568 919 35 35 in
648 919 125 37 which
817 918 45 34 he
907 918 28 32 is
978 917 98 37 held,
1111 914 60 32 the
1220 912 131 37 Ladies
1384 920 67 30 are
1479 919 87 31 very

219 977 48 26 stn
279 967 103 35 roils
402 977 47 28 on
467 966 61 39 the
544 965 157 47 su!)jeci,
720 966 71 35 and
810 972 35 30 at
865 966 64 34 the
939 974 98 24 same
1051 963 85 34 time
1153 971 65 24 are
1230 960 163 34 desirous
1408 958 81 33 that
1507 956 61 33 the

219 1015 117 34 affair
356 1025 85 31 may
459 1015 47 33 he
523 1015 275 44 accomplished
817 1013 157 33 without
994 1012 53 34 his
1072 1007 235 44 knowledge,
1333 1007 35 32 in
1393 1005 112 33 order
1530 1010 37 26 to

222 1061 123 38 afford
366 1063 74 35 him
467 1072 47 26 an
544 1063 197 35 agreeable
759 1062 172 44 surprise.
985 1059 107 35 They
1117 1067 66 24 are
1201 1065 91 24 even
1312 1054 145 44 willing
1487 1052 79 33 that

221 1110 103 40 their
343 1120 139 35 agency
498 1110 131 35 should
650 1110 139 34 remain
819 1120 22 24 a
869 1111 132 35 secret,
1019 1096 69 46 and
1115 1106 81 33 that
1217 1102 57 35 his
1300 1101 117 34 Grace
1435 1098 130 37 should

217 1157 103 38 )cave
338 1160 63 34 the
422 1169 30 21 w
463 1157 84 34 hole
567 1157 106 37 merit
703 1157 44 35 of
772 1155 177 46 selecting
976 1165 26 25 a
1029 1163 78 24 man
1135 1152 44 33 of
1193 1150 90 34 such
1302 1146 263 45 distinguished

221 1206 142 43 ability
381 1206 70 35 and
469 1206 136 37 virtue.
659 1206 19 37 I
697 1217 76 30 am,
793 1204 67 38 &c.
986 1198 172 48 (Signed)
1261 1198 40 38 T,
1320 1196 242 34 DONOVAN.

487 1267 304 40 Charles-street,
809 1266 54 34 St.
878 1261 326 46 James'sisquare,
1220 1260 93 37 Dec.
1329 1258 188 44 23,1308.

223 1306 2 53 •
272 1315 69 45 My
358 1315 117 38 Dear
475 1315 239 38 Madam,--I
736 1315 93 34 have
844 1315 92 34 been
953 1311 229 43 excessively
1196 1307 164 45 plagued
1372 1307 118 33 about
1504 1306 64 34 the

224 1364 195 34 Sayan:llh
445 1363 34 34 le
504 1363 84 35 Mar
606 1363 175 39 business,
796 1361 69 37 and
883 1361 78 38 also
985 1362 115 31 about
1117 1358 60 33 the
1200 1354 309 45 Paymastership
1528 1354 43 33 of

217 1413 66 33 the
299 1411 45 37 21
365 1410 206 39 Battalion,
589 1420 39 25 as
652 1421 41 22 sv-
715 1410 26 34 it
887 1407 181 40 situation
1088 1406 33 33 in
1136 1404 63 34 the
1217 1401 296 38 Commissariat.
1518 1419 50 8 —

223 1450 13 54 D
249 1450 13 54 1
275 1450 40 54 r..
331 1457 138 38 Howse
488 1463 163 41 requests
667 1468 60 24 me
749 1463 37 27 to
806 1457 117 33 thank
943 1465 74 39 you
1036 1454 57 35 for
1108 1461 96 38 your
1222 1461 94 33 very
1329 1456 103 35 great
1457 1450 87 34 kind-

216 1517 93 32 ness.
746 1502 175 51 (Signed)
1253 1498 41 38 J.
1318 1499 243 35 DONOVAN.

269 1566 112 38 Arter
397 1566 63 35 the
476 1566 155 39 minutes
646 1565 46 35 of
703 1567 76 34 Mr.
803 1561 193 40 Pearsnu's
1007 1563 136 34 former
1155 1560 175 35 evidence
1348 1569 98 26 were
1459 1559 105 41 read,

217 1615 64 37 Vie
294 1615 198 37 Chairman
511 1613 207 46 proceeded
732 1619 39 27 to
789 1613 172 34 examine
980 1610 188 41 him.—Q.
1199 1609 39 35 Is
1256 1609 106 37 there
1372 1618 72 34 any
1457 1607 104 45 point

217 1661 45 37 Of
278 1662 54 35 his
345 1661 177 35 evidence
544 1662 119 35 which
687 1663 65 32 the
770 1662 146 38 witness
935 1658 124 37 would
1089 1657 92 35 wish
1208 1661 41 28 In
1269 1657 110 37 alter,
1394 1665 46 26 or
1454 1656 107 43 omit,

217 1720 52 24 or
279 1716 38 28 to
332 1708 122 37 which
475 1708 47 37 he
539 1709 123 37 would
679 1709 93 35 wish
791 1713 37 31 to
844 1708 72 35 add
932 1708 13 32 ?
1000 1706 46 35 A.
1063 1706 72 37 No.
1181 1704 135 34 Onthe
1333 1702 99 43 night
1455 1703 106 35 when

217 1757 56 33 his
308 1756 119 44 Royal
459 1755 191 44 Highness.
669 1757 66 33 the
763 1756 111 34 Duke
901 1754 45 35 of
969 1753 117 40 York
1117 1757 94 31 went
1244 1757 40 27 to
1317 1752 242 44 Weymouth,

213 1807 118 32 about
344 1804 129 35 eleven
488 1804 167 40 o'clock,
677 1805 14 35 i
719 1814 73 22 was
806 1809 72 31 sent
896 1807 65 30 out
981 1808 37 26 to
1028 1807 58 35 get
1101 1811 20 25 a
1139 1800 67 35 bill
1226 1798 178 45 changed.
1461 1799 17 37 I
1496 1809 63 31 got

213 1852 32 39 it
262 1850 182 45 changed,
470 1852 70 35 and
557 1853 104 35 when
685 1852 17 37 I
720 1850 167 37 returned
900 1860 94 35 gave
1010 1850 64 34 the
1083 1848 138 38 change
1234 1852 38 30 to
1294 1848 87 33 Mrs.
1398 1845 159 45 Clarke,

211 1899 92 34 who
322 1898 139 47 looked
484 1899 27 34 it
533 1909 104 30 over,
664 1899 71 34 and
763 1898 77 35 said
859 1899 27 34 it
909 1907 77 25 was
1015 1896 50 35 all
1097 1896 111 45 right.
1263 1894 80 35 The
1375 1894 116 37 Duke
1520 1897 44 35 of

353 1956 77 27 was
451 1952 159 38 present,
640 1948 90 35 both
759 1946 103 34 when
899 1946 19 34 I
948 1943 167 37 received
1144 1943 64 34 the
1235 1942 72 37 bill
1335 1942 94 38 from
1463 1943 92 37 Mrs.

210 1993 165 41 Clarke,
402 1993 71 39 ;Ind
506 1994 106 35 when
648 1995 18 37 I
697 2006 97 34 gave
820 1993 66 34 her
904 1993 64 33 the
985 1990 250 45 change.—Q.
1261 1989 115 37 What
1403 2002 77 26 was
1495 1993 61 35 the

211 2047 154 31 amount
384 2040 44 37 of
441 2040 64 38 the
524 2042 66 41 bill
609 2041 122 37 which
754 2042 60 35 the
831 2042 150 37 witness
999 2046 63 37 got
1080 2039 190 43 changed?
1302 2037 50 35 A.
1370 2039 18 35 I
1408 2039 148 37 believe

211 2091 35 38 it
266 2094 76 28 Was
358 2098 24 25 a
400 2087 67 35 hill
488 2089 60 33 for
573 2089 93 37 lOW.
685 2091 66 32 but
774 2091 17 35 I
810 2098 57 25 am
883 2093 64 30 not
967 2087 104 46 quite
1088 2087 156 34 certain.

260 2134 157 41 General
449 2135 201 43 Clavering
669 2147 77 25 was
761 2135 155 37 ordered
935 2141 38 27 to
1000 2144 103 25 come
1121 2134 50 39 in,
1196 2133 72 35 and
1286 2134 197 34 examined
1504 2135 50 45 by

206 2184 66 40 the
292 2185 116 35 ATTO
418 2190 56 30 RX
484 2184 175 37 EY-GEN
934 2183 118 35 When
1072 2181 66 37 had
1152 2191 74 35 you
1247 2181 76 35 first
1335 2192 73 34 any
1424 2183 131 35 know,.

206 2231 110 45 ledge
330 2229 47 37 of
385 2231 94 35 Mrs.
503 2231 165 37 Clarke?
723 2233 48 39 A,
794 2232 123 34 About
930 2230 59 33 sir
1010 2239 103 34 years
1126 2228 189 47 ago.—Q.
1345 2228 112 37 What
1478 2242 74 25 was

204 2280 66 39 the
302 2280 115 34 intent
446 2288 46 24 or
527 2288 162 37 purpose
706 2280 47 33 of
767 2288 91 37 your
875 2278 139 39 culling
1031 2288 45 24 on
1108 2277 90 34 Mrs.
1233 2277 139 35 Clarke
1401 2278 119 44 lately
1535 2280 13 32 ?

206 2328 52 37 A.
285 2326 26 38 1
335 2326 111 37 heard
468 2326 79 38 that
565 2336 113 34 every
698 2337 131 35 person
857 2326 92 41 Mrs,
981 2326 142 35 Clarke
1153 2323 72 34 had
1251 2333 77 35 any
1355 2334 214 32 converse-„

202 2376 81 37 lion
314 2372 92 38 with
441 2383 77 25 was
549 2380 39 30 to
622 2374 45 35 he
699 2374 117 35 called
852 2373 133 35 before
1012 2372 60 33 the
1106 2370 138 38 House,
1272 2370 70 35 and
1374 2372 83 34 that
1487 2385 61 26 my

203 2431 106 30 name
328 2430 73 27 was
417 2421 223 39 mentioned,
669 2422 34 34 in
726 2430 248 35 consequence
992 2419 41 34 of
1061 2419 122 34 which
1217 2418 17 37 I
1263 2425 119 30 wrote
1419 2430 24 25 a
1478 2422 52 34 let-

201 2476 60 33 ter
275 2476 39 30 to
335 2469 76 34 Mr.
438 2469 169 40 Wartlie,
635 2470 33 34 in
691 2470 123 34 which
839 2469 14 35 I
881 2467 204 38 mentioned
1106 2469 78 33 that
1211 2476 76 32 any
1305 2467 200 47 testimony
1527 2469 17 35 I

201 2515 110 38 could
334 2517 86 43 give
443 2516 122 37 would
585 2516 109 43 make
718 2518 139 41 against
878 2516 65 33 the
959 2515 167 34 veracity
1142 2513 41 34 of
1201 2515 89 34 Mrs.
1320 2515 158 39 Clarke,
1506 2528 39 26 as

200 2563 48 41 be
265 2563 111 37 knew
393 2563 65 34 her
476 2568 37 27 to
533 2564 181 46 heliving
728 2562 110 40 under
853 2563 64 35 the
937 2563 208 43 protection
1167 2559 44 34 of
1231 2561 74 33 Mr.
1331 2563 211 34 Mellish.—

247 2610 48 41 Q.
331 2611 56 41 14y
415 2610 78 34 Mr.
514 2609 253 43 Sogatoast.
807 2611 74 35 Did
919 2611 60 39 he,
1006 2610 60 32 the
1095 2610 161 38 witness,
1283 2619 89 25 ever
1397 2621 63 24 use
1491 2611 54 35 his

193 2659 194 44 Prertions
413 2663 39 31 to
470 2657 107 44 bring
594 2668 48 40 up
681 2657 97 39 Lord
796 2657 100 35 John
931 2657 210 44 Campbell,
1167 2656 96 35 from
1284 2657 187 46 Scntlaad,
1499 2670 44 25 on

193 2706 67 40 Ole
282 2706 164 40 Defence
563 2707 13 32 ?
631 2707 47 34 A.
699 2705 76 50 No,
803 2706 41 33 he
865 2715 111 25 never
1002 2705 74 34 did.

242 2752 83 45 The
347 2753 169 47 Marquis
533 2753 45 39 of
591 2753 280 38 TlTctlFict.D
889 2753 94 35 said,
1013 2752 45 34 he
1084 2750 139 39 wished
1243 2756 40 28 to
1307 2757 96 32 state
1419 2756 40 33 to
1479 2756 64 35 the

190 2800 116 41 house
322 2802 66 34 the
407 2802 224 45 particulars
658 2802 46 34 of
722 2800 72 37 Mr.
815 2799 170 41 Beasly's
1000 2799 235 46 application
1254 2800 60 35 for
1332 2802 63 34 the
1416 2802 102 35 Dean-

188 2858 72 34 ery
291 2849 45 37 of
366 2850 209 43 Salisbury.
644 2849 92 40 This
770 2848 235 47 application
1051 2857 74 25 was
1161 2848 144 34 treated
1351 2849 90 38 with
1478 2852 63 32 the

188 2902 191 43 contempt
418 2896 71 46 and
524 2907 104 30 scorn
656 2898 28 33 it
717 2897 174 37 merited,
928 2895 70 34 and
1031 2894 120 35 orders
1183 2906 99 25 were
1315 2897 106 41 given
1457 2898 80 35 that

189 2944 77 40 Mr.
289 2944 136 45 Reasly
448 2944 117 45 might
583 2954 111 27 never
716 2944 110 43 again
847 2944 44 32 he
917 2942 178 35 admitted
1115 2949 37 25 to
1187 2942 180 35 Portland
1395 2944 141 35 House.

188 2991 57 39 To
263 3001 151 35 prevent
432 3004 72 33 any
528 2992 71 34 bad
632 3001 279 37 comequences„
940 2991 56 35 his
1015 2991 124 35 Noble
1168 2989 176 35 Relative
1361 3000 122 27 wrote
1515 3005 20 24 a

185 3038 113 45 fetter
332 3046 37 32 to
400 3041 61 40 the
506 3040 141 46 Bishop
673 3037 50 41 of
744 3039 165 39 London,
937 3038 180 46 inclosing
1139 3037 85 37 that
1257 3038 94 34 from
1378 3040 74 34 Mr.
1486 3041 47 34 B.

184 3087 126 37 which
335 3098 71 24 was
424 3089 86 34 also
524 3094 65 39 put
608 3086 116 40 inaod
739 3087 83 35 read
841 3089 50 41 by
911 3086 63 33 the
994 3085 130 35 Clerk.
1178 3084 61 34 He
1254 3089 223 37 comtneated
1500 3090 35 34 in

181 3141 129 38 prong
322 3141 111 34 terms
450 3146 47 26 on
528 3136 63 37 the
619 3135 113 44 folly,
757 3144 208 27 assurance,
991 3133 71 33 and
1083 3133 223 37 misconduct
1326 3133 43 33 of
1384 3135 74 34 Mr.
1486 3136 44 37 R.

182 3183 129 34 which
338 3183 56 33 his
407 3182 123 38 Grace
548 3184 157 41 thought
724 3184 27 34 it
771 3190 189 34 necessary
979 3187 39 27 to
1032 3182 44 32 be
1096 3180 135 38 known
1250 3185 39 27 to
1307 3183 59 33 the
1389 3181 93 37 head
1496 3185 43 33 of

180 3229 59 40 )09
249 3230 164 39 /linen*,
468 3230 44 40 Iu
529 3241 141 28 aacwer
703 3239 38 26 to
759 3230 72 39 this
850 3230 111 33 letter
977 3228 156 35 another
1163 3227 72 34 had
1259 3230 87 33 been
1362 3231 168 34 received

177 3276 100 41 from
295 3278 60 35 the
380 3278 144 45 Bi-shop
543 3278 43 38 of
604 3278 164 39 London,
797 3276 96 44 (also
909 3276 130 41 read),
1067 3276 200 43 lamenting
1284 3278 74 33 this
1387 3279 118 33 worth-

175 3325 74 43 le,s
266 3325 73 45 4nd
356 3326 109 43 weak
482 3335 83 26 man
583 3325 69 39 had
671 3332 77 30 two
767 3326 151 44 chaples
943 3325 35 33 in
999 3322 56 34 his
1080 3322 175 41 Diocese,
1285 3325 69 32 and
1385 3335 117 25 recom-

215 3373 135 45 eading
367 3379 38 28 to
431 3374 64 37 the
523 3373 110 44 Duke
651 3373 44 33 of
710 3373 194 39 Portland,
930 3373 98 33 since
1044 3371 45 37 he
1106 3371 67 33 had
1191 3372 64 33 the
1273 3372 128 45 proofs
1419 3373 45 34 of
1472 3376 54 32 his

172 3420 157 37 kropeturt
361 3426 39 28 to
419 3420 50 37 do
506 3420 144 35 Justice
665 3428 38 28 to
717 3420 63 37 the
800 3420 146 38 Church
966 3419 69 34 and
1054 3420 58 33 the
1135 3418 150 35 Public.

221 3467 83 41 The
318 3467 170 47 Serjeane
510 3478 74 25 was
604 3469 155 34 ordered
774 3474 38 27 to
828 3468 146 44 inquire
993 3467 34 34 if
1038 3467 100 34 there
1159 3476 76 25 was
1253 3478 72 34 any
1338 3478 67 25 one
1424 3468 97 37 from

170 3516 69 39 the
257 3516 115 37 home
391 3517 44 34 of
450 3516 130 35 Marsh
599 3516 70 34 and
690 3516 71 35 Co.
781 3517 116 33 there.

216 3563 39 45 4
274 3573 133 38 person
428 3565 138 47 having
578 3563 209 45 appeared,
814 3563 44 33 he
878 3572 81 30 was
977 3560 83 35 thus
1078 3561 270 43 interrogated:

216 3609 48 46 Q.
295 3611 79 41 Did
393 3622 47 22 no
454 3613 163 45 cheques
632 3609 46 37 of
692 3612 64 35 the
785 3609 111 39 Duke
914 3609 44 34 of
973 3608 146 37 York's
1139 3619 84 35 pass
1243 3609 157 51 through
1421 3622 98 28 your

164 3658 118 44 bands
295 3659 14 32 I
363 3659 51 37 A.
445 3657 178 43 Nn.-„•Q.
652 3658 61 35 No
733 3659 138 46 cheque
891 3658 39 35 its
943 3657 131 43 favour
1091 3656 41 34 of
1149 3657 91 34 Mrs.
1264 3658 141 35 Clarke
1465 3661 48 34 A.

370 3706 90 46 Auy
481 3707 89 35 hills
586 3698 44 43 of
647 3707 92 33 Mrs.
764 3704 171 41 Clarke's
953 3705 167 41 drawing
1137 3715 43 25 or
1207 3707 197 43 accepting
1419 3707 13 33 ?
1465 3709 48 34 A.

161 3754 183 41 j10..A.
374 3754 85 45 My
474 3755 45 35 of
531 3755 56 37 his
608 3754 125 37 Rnval
754 3754 37 43 If
798 3754 142 46 ighnets
957 3752 63 35 the
1039 3752 111 34 Duke
1163 3751 45 37 of
1226 3752 145 43 York's
1387 3756 103 37 draw-

158 3802 66 47 itsg
240 3811 47 31 or
300 3803 200 45 itecepting
513 3803 17 33 t
583 3802 50 37 A.

475 3860 178 41 Loa4tig
667 3857 201 40 examined
887 3857 53 46 by
958 3857 76 38 Mr.
1056 3856 181 40 PICACEIT
1245 3867 71 28 AL.

282 3921 119 38 What
417 3922 184 39 eitnatioa
628 3921 7 5 -
697 3931 7 6 -
725 3921 63 38 the
865 3924 91 32 twits
974 3919 87 38 hold
1076 3920 13 33 ?
1142 3920 46 35 A.
1222 3921 97 34 lam
1338 3932 39 24 as
1380 3934 12 15 s
1396 3922 111 37 istant

885 3969 185 43 Highness
1096 3969 61 35 the
1189 3969 209 37 Command,
1470 3972 26 34 i►

2717 72 158 63 'TB.
2911 83 79 57 it

1641 233 115 35 every
1780 224 202 37 alteration
2014 224 84 35 that
2132 226 93 34 took
2259 224 120 47 place,•
2408 226 35 33 in
2478 226 64 34 the
2567 226 112 39 letter
2694 226 48 39 of
2751 228 145 38 service
2916 239 73 26 was

1641 272 187 46 maturely
1843 273 169 44 weighed
2036 272 132 37 before
2194 273 28 34 it
2241 283 73 25 was
2328 273 136 44 agrerd
2481 278 53 32 to.

1832 350 76 37 Mr.
1930 347 189 37 DANOVA
2132 357 25 26 Dr
2181 348 196 34 examined
2395 348 53 45 by
2467 348 73 37 Mr.
2570 348 221 43 WatitvLsg.

1689 412 45 41 Q.
1759 412 103 35 Does
1877 410 64 37 the
1958 412 145 34 witness
2124 409 111 37 know
2254 407 52 46 by
2324 407 129 37 whose
2478 409 180 38 influence
2680 411 217 47 promotion
2911 422 79 26 was

1654 461 151 34 effected
1824 463 14 33 ?
1892 458 50 38 A.
1970 459 20 35 I
2023 459 50 33 do
2100 462 64 31 not
2184 470 13 28 ;
2223 457 63 34 but
2307 456 19 37 I
2346 458 207 37 remember
2574 457 164 46 Captain
2764 459 144 35 Sanden
2936 459 54 35 in.

1641 508 158 44 forming
1827 520 57 24 me
1903 507 79 35 that
2001 506 44 35 he
2066 507 112 35 knew
2196 515 24 25 a
2245 515 131 35 person
2412 504 87 34 who
2517 504 72 37 had
2606 506 65 35 the
2689 516 131 35 power
2841 514 39 28 to
2898 517 94 37 pro.-

1638 566 84 25 cure
1742 557 230 44 promotions
1989 556 37 33 in
2042 554 65 34 the
2126 563 106 33 army
2250 553 64 37 but
2335 553 47 35 he
2398 552 63 35 did
2477 557 69 31 not
2561 554 65 35 tell
2644 565 58 25 me
2719 554 87 34 who
2826 554 47 35 be
2893 565 91 27 was.

1636 604 94 40 —Q.
1763 604 69 35 wh
1832 604 69 35 im
1918 604 64 37 did
2001 604 64 33 the
2091 604 146 32 witness
2261 609 162 35 suppose
2437 600 80 35 that
2546 611 131 32 person
2696 607 39 28 to
2754 604 73 32 be?
2882 604 51 35 A.
2965 605 19 37 I

1636 661 162 33 suppose
1822 653 65 34 the
1922 660 133 39 person
2081 654 122 28 meant
2225 650 73 33 Was
2316 650 91 34 Mrs.
2431 646 256 43 Clarke.—Q.
2720 648 74 37 Did
2820 650 164 45 Captain

1637 699 143 34 Sanden
1809 704 94 31 state
1933 698 156 43 nothing
2119 696 158 37 relative
2294 702 38 30 to
2352 696 64 35 the
2446 696 190 35 extensive
2668 707 132 35 power
2829 697 50 35 of
2903 698 83 40 that

1638 757 130 33 person
1786 748 13 34 ?
1852 748 50 37 A.
1933 746 60 37 He
2011 745 79 34 told
2112 754 59 25 me
2189 743 79 46 that
2285 754 136 35 person
2456 744 72 34 had
2557 744 178 35 influence
2763 746 148 43 enough
2943 752 40 33 to

1636 800 169 39 promote
1822 796 222 35 lieutenants
2061 797 41 30 to
2120 793 47 34 be
2185 793 182 45 captains,
2404 793 71 33 and
2493 793 168 45 captains
2689 800 40 27 to
2756 793 46 37 be
2828 794 157 48 majors,

1633 842 70 35 and
1723 843 138 47 majors
1890 842 106 35 lieut.
2019 841 181 37 colonels.

1685 891 98 35 Lord
1805 893 60 35 Fo
1877 902 9 22 t
1902 900 105 27 }urn
2017 900 22 24 N
2052 888 139 41 e.—Q.
2215 887 98 35 Who
2334 888 89 34 does
2447 885 63 38 the
2529 888 149 34 witness
2708 888 151 38 believe
2877 895 40 31 to
2934 892 47 37 he

1636 939 250 35 instrumental
1916 939 35 33 in
1977 938 63 33 the
2059 937 217 46 promntiou
2302 937 43 33 of
2360 933 126 48 Major
2503 937 130 44 Tonyn
2650 935 13 33 ?
2717 935 48 37 A.
2797 938 20 37 I
2836 940 148 35 believe

1636 987 90 33 Mrs.
1752 986 143 37 Clarke
1926 996 76 25 was
2020 986 102 39 —Q.
2153 984 74 37 Did
2243 984 89 35 Mrs.
2354 984 143 35 Clarke
2530 993 89 25 ever
2644 983 65 37 tell
2744 985 64 35 the
2833 987 146 38 witness

1632 1036 81 33 that
1731 1036 64 33 the
1817 1036 112 34 Duke
1948 1033 43 33 of
1998 1033 118 38 York
2138 1042 77 27 was
2231 1031 35 35 in
2282 1043 74 37 any
2376 1037 143 41 respect
2539 1032 111 45 privy
2669 1039 40 27 to
2726 1032 103 37 these
2846 1045 136 39 money

1633 1084 242 34 transactions
1892 1085 13 32 ?
1959 1081 47 37 A.
2029 1081 100 45 Yes.

1682 1131 45 39 Q.
1765 1131 58 37 By
1850 1128 60 38 Sir
1948 1129 194 35 THOMAS
2167 1127 298 41 TURTON.—Q.
2499 1127 115 38 What
2647 1136 96 27 were
2776 1128 65 38 the
2869 1134 110 35 terms

1635 1179 92 35 Mrs.
1779 1180 144 35 Clarke
1968 1176 149 40 Insisted
2161 1185 45 26 on
2246 1178 61 33 the
2362 1175 113 35 Duke
2516 1175 45 35 of
2597 1173 149 44 York's
2786 1178 194 48 fulfilling,

1633 1238 43 24 nr
1704 1228 81 33 that
1815 1228 67 35 she
1911 1227 124 35 would
2067 1222 151 48 publish
2245 1222 63 34 the
2336 1234 137 34 papers
2502 1224 69 34 and
2597 1231 143 38 expose
2767 1224 74 37 him
2859 1227 13 33 ?
2929 1230 48 35 A.

1632 1276 80 34 The
1743 1280 177 40 payment
1954 1276 45 32 of
2024 1272 66 35 her
2121 1272 106 35 debts
2251 1272 67 34 and
2346 1272 19 43 .
2365 1271 254 44 annuity.—Q.
2659 1269 74 37 Did
2761 1271 66 37 she
2855 1277 126 44 apply

1632 1328 39 27 to
1685 1333 74 34 you
1791 1328 38 31 to
1858 1324 106 35 assist
1989 1323 66 35 her
2083 1322 38 32 in
2156 1320 171 44 carrying
2352 1319 104 34 these
2484 1320 139 33 threats
2652 1318 78 35 into
2745 1322 229 40 execution?

1633 1371 46 35 A.
1716 1371 74 35 She
1821 1371 177 40 did.—Q.
2035 1369 59 38 To
2133 1367 100 35 what
2268 1372 130 30 extent
2426 1376 67 26 are
2516 1377 74 34 you
2628 1367 223 46 acquainted
2884 1372 90 34 with

1630 1419 73 37 this
1730 1419 162 37 business
1906 1420 14 35 ?
1974 1419 71 35 She
2078 1416 80 34 told
2185 1426 56 22 me
2268 1414 81 37 that
2383 1414 35 34 if
2441 1414 66 35 she
2533 1414 106 37 made
2665 1426 25 24 a
2713 1413 206 40 disclosure
2937 1419 43 38 of

1630 1466 66 37 her
1736 1478 146 37 power,
1931 1466 65 37 the
2027 1465 116 41 Duke
2167 1462 45 34 of
2242 1462 113 37 Ynrk
2382 1461 130 37 would
2555 1463 44 34 he
2633 1462 129 34 ousted
2794 1462 97 37 from
2920 1465 56 43 his

1628 1517 207 39 command,
1861 1515 124 34 would
2003 1514 118 34 retire
2148 1515 40 28 to
2206 1509 195 41 °Atlantis,
2425 1511 71 33 and
2513 1520 89 30 soon
2619 1517 65 28 cut
2707 1509 56 37 his
2781 1509 194 40 throat.—

1630 1561 45 40 Q.
1706 1563 98 35 How
1831 1561 111 35 could
1961 1563 61 34 the
2042 1560 151 34 witness
2207 1569 66 35 say
2291 1556 81 38 that
2393 1569 109 33 many
2528 1551 111 44 other
2663 1567 150 37 persons
2843 1561 131 39 would

1628 1610 48 34 be
1708 1610 243 46 implicated?
2016 1609 50 37 A.
2096 1607 76 33 She
2206 1605 206 35 mentioned
2444 1615 69 26 one
2541 1615 44 26 or
2615 1610 78 31 two
2719 1606 87 35 who
2833 1607 141 39 offered

1628 1668 131 34 money
1778 1658 59 35 for
1853 1657 65 34 the
1944 1667 138 37 papers
2111 1656 37 34 in
2173 1654 65 34 her
2259 1654 220 46 possession.
2485 1654 94 41 —Q.
2608 1652 102 40 Who
2730 1663 99 27 were
2846 1656 92 45 they

1629 1704 48 35 A.
1707 1706 61 34 Sir
1798 1706 47 37 F.
1879 1703 161 40 Burdett
2066 1711 78 26 was
2161 1711 80 25 one.
2296 1701 72 35 She
2386 1700 94 41 said,
2511 1700 44 37 he
2575 1700 71 37 had
2663 1701 115 37 about
2797 1702 177 45 eighteen

1625 1755 144 35 months
1786 1754 142 40 before,
1946 1749 143 39 otfered
2109 1750 69 33 her
2192 1748 122 37 40001.
2344 1747 63 37 for
2424 1748 116 44 them,
2564 1748 67 35 but
2657 1748 66 35 she
2758 1752 124 33 would
2907 1757 65 32 not

1628 1801 90 35 take
1741 1802 72 34 less
1837 1801 91 34 than
1946 1800 122 41 10,000
2068 1796 145 45 f.—Q.
2243 1795 98 34 Who
2361 1805 100 27 were
2480 1795 61 35 the
2559 1796 124 33 others
2698 1796 14 33 ?
2765 1796 51 35 A.
2846 1798 125 38 There

1628 1859 74 24 was
1720 1850 66 35 hut
1802 1859 70 26 one
1889 1847 219 41 more.—Q.
2140 1844 99 39 Who
2259 1853 73 25 was
2350 1843 33 37 it
2399 1843 12 34 ?
2469 1843 47 37 A.
2546 1843 37 35 It
2613 1853 77 25 was
2704 1843 113 46 Capt.
2839 1845 128 38 Dodd.

1624 1896 44 39 Q.
1698 1897 113 37 What
1825 1907 78 25 sum
1920 1896 61 35 did
2004 1896 90 35 Mrs.
2115 1892 141 37 Clarke
2271 1902 65 33 say
2356 1891 47 35 he
2414 1890 139 37 offered
2568 1891 59 34 for
2643 1891 63 34 the
2724 1894 162 43 papers?
2916 1896 51 45 A,

1624 1944 73 35 She
1723 1945 60 33 did
1801 1949 65 31 not
1881 1943 145 46 specify
2052 1954 76 32 any
2145 1938 188 41 sum.—Q.
2359 1937 100 37 Does
2487 1941 45 33 he
2555 1939 113 34 know
2689 1937 113 48 Capt.
2828 1941 143 45 Dodd'4

1620 1993 204 39 situation?
1881 1993 48 35 A.
1961 1990 176 41 No.—Q.
2169 1987 97 37 Does
2293 1985 46 35 be
2369 1985 115 37 know
2510 1987 33 37 it
2567 1993 39 30 to
2626 1985 46 35 be
2687 1985 137 48 official
2855 1990 116 37 under

1620 2039 64 37 the
1702 2040 116 38 Duke
1835 2040 45 34 of
1897 2039 99 38 Kent
2009 2039 14 35 ?
2078 2037 51 37 A.
2160 2036 19 37 I
2199 2034 143 37 believe
2360 2034 31 33 it
2408 2033 46 35 is.

1669 2089 116 45 Capt.
1804 2087 142 37 Sanders
1959 2083 202 39 examined
2174 2083 51 44 by
2239 2081 76 37 Mr.
2331 2081 318 41 WAnnLE.—Q.
2680 2082 116 38 What
2809 2083 91 40 does
2919 2085 47 38 he

1619 2134 112 37 know
1752 2135 208 46 respecting
1978 2132 128 46 Major
2125 2127 162 47 Tonyn's
2304 2130 215 48 promotion
2536 2128 96 34 from
2646 2130 64 34 the
2725 2131 90 38 48th
2835 2137 41 31 to
2901 2134 66 38 the

1615 2181 83 37 31st
1731 2183 196 45 Regiment
1943 2183 13 33 ?
2010 2181 47 39 A.
2088 2180 21 34 I
2130 2178 180 37 informed
2326 2176 94 37 Mrs.
2451 2176 142 38 Clarke
2621 2177 57 46 of,
2691 2177 87 44 this,
2802 2180 72 34 and
2900 2180 69 38 she

1616 2230 145 37 desired
1796 2242 72 30 me,
1911 2231 52 44 by
1990 2229 53 35 all
2073 2238 141 28 means,
2254 2231 38 28 to
2323 2225 102 34 close
2452 2223 94 37 with
2575 2224 65 35 the
2675 2225 106 39 offer.
2833 2228 133 39 About

1615 2285 79 27 two
1710 2280 141 34 months
1872 2289 44 22 or
1932 2283 60 30 ten
2010 2276 126 35 weeks
2148 2274 98 35 after
2258 2272 115 46 Capt.
2387 2272 133 45 Tonyn
2535 2278 78 28 sent
2627 2277 40 30 to
2683 2283 81 35 say,
2778 2274 81 37 that
2878 2285 41 26 as
2934 2278 31 37 it

1615 2327 61 34 did
1694 2331 64 30 not
1775 2337 146 37 appear
1941 2335 56 22 we
2013 2324 109 35 could
2145 2328 63 40 get
2231 2321 61 35 the
2319 2320 163 35 business
2502 2320 226 45 completed,
2754 2323 46 34 he
2817 2323 148 46 wished

1613 2378 38 28 to
1694 2373 94 37 have
1828 2375 54 37 his
1926 2370 275 35 memorandum
2246 2368 97 35 back
2394 2367 126 44 again.
2606 2367 19 37 I
2683 2376 73 27 met
2796 2370 169 46 Captain

1613 2421 144 44 Tonyn,
1776 2422 71 33 and
1866 2420 193 46 prevailed
2079 2430 46 22 on
2146 2417 74 35 him
2246 2421 39 30 to
2313 2421 87 40 stop
2434 2414 61 34 for
2515 2426 22 22 a
2562 2415 111 35 week
2698 2425 45 26 or
2767 2422 59 32 ten
2851 2419 111 45 days,

1615 2469 124 34 which
1759 2469 45 34 he
1821 2470 80 32 said
1920 2467 61 34 did
2001 2471 65 31 not
2082 2465 139 45 signify
2241 2463 124 41 much,
2388 2471 41 25 as
2454 2461 56 34 his
2530 2461 141 40 father,
2698 2461 93 40 Gen.
2807 2465 156 48 Tonyn,

1612 2516 70 38 had
1701 2517 155 44 applied
1876 2518 35 33 in
1933 2516 54 34 his
2006 2513 137 34 favour
2159 2520 37 24 to
2216 2512 61 34 the
2295 2511 250 34 Commander
2562 2509 37 35 in
2619 2509 131 44 Chief,
2776 2513 91 37 who
2885 2513 73 40 had

1612 2564 185 46 promized
1820 2565 73 33 him
1915 2562 60 37 the
1993 2562 78 35 first
2096 2559 180 46 majority
2300 2558 83 34 that
2414 2567 78 26 was
2515 2562 149 31 vacant.
2715 2558 92 35 This
2837 2561 124 47 might

1609 2616 46 32 be
1672 2614 118 34 about
1812 2611 248 41 Wednesday,
2079 2608 76 37 and
2169 2617 45 25 on
2231 2607 61 33 the
2311 2604 190 44 Saturday
2516 2614 44 25 or
2574 2603 171 47 Tuesday
2760 2606 201 47 following

1610 2662 63 33 the
1693 2659 176 45 majority
1890 2659 44 35 of
1949 2659 113 45 Capt.
2085 2657 135 41 Tonyn
2244 2663 72 26 was
2336 2653 35 35 in
2391 2652 65 34 the
2480 2652 151 35 Gazette
2647 2663 12 27 ;
2694 2653 71 35 and
2792 2655 67 35 the
2884 2657 78 40 500

1606 2711 151 33 enineas
1778 2707 85 44 paid
1881 2717 40 26 as
1936 2704 221 45 stipulated,
2184 2701 44 35 of
2249 2700 124 35 which
2399 2709 81 25 sum
2505 2699 91 43 Mrs.
2619 2698 143 38 Clarke
2779 2704 178 41 received

1604 2757 102 34 500'.
1726 2757 70 32 and
1817 2756 74 33 Mr.
1907 2753 183 35 Donovan
2104 2750 80 37 251.
2445 2790 97 1 _

1655 2805 48 39 Q.
1736 2803 58 43 By
1814 2803 59 33 Sir
1899 2803 46 34 T.
1972 2794 314 41 TURTON—Did
2320 2794 94 35 Mrs.
2439 2793 142 39 Clarke
2607 2804 70 37 say
2704 2796 84 38 that
2825 2798 130 48 Major

1606 2852 132 35 Tonyn
1756 2848 177 48 procured
1952 2848 53 34 his
2023 2846 260 47 appointment
2296 2842 164 46 through
2473 2843 64 37 her
2555 2842 178 51 influence
2746 2845 13 34 ?
2799 2845 53 40 A.
2874 2843 81 41 She

1602 2900 79 33 sniri
1706 2898 65 35 she
1788 2902 65 41 got
1876 2897 77 33 him
1974 2893 291 39 Gazetled.—Q.
2293 2890 183 47 Through
2496 2890 65 35 her
2578 2890 177 41 iolluetwe
2776 2894 97 37 with
2890 2895 64 39 the

1605 2947 113 37 Duke
1734 2947 13 33 ?
1801 2944 52 39 A.
1881 2944 98 35 Yes.

1889 3012 332 30 EXAMINATION
2249 3011 57 27 OF
2334 3009 100 32 VR3.
2463 3009 196 27 CLARKE:

1649 3069 44 40 Q.
1726 3069 78 35 Did
1822 3069 149 34 witness
1987 3065 234 37 recommend
2243 3064 98 48 Cap.
2357 3065 150 43 Tonyn,
2526 3063 46 35 of
2585 3064 64 34 the
2665 3063 89 39 48th
2773 3065 113 48 Regt.
2907 3072 45 34 to

1602 3116 59 35 the
1682 3117 244 35 Commander
1948 3117 37 34 in
2002 3115 120 37 Chief
2135 3113 59 34 for
2212 3124 21 24 a
2251 3113 181 45 majority
2450 3113 38 33 in
2505 3112 63 34 the
2583 3112 83 44 31st
2681 3113 14 34 ?
2748 3115 47 35 A.
2830 3116 17 35 I
2868 3117 81 40 did.

1600 3164 45 39 Q.
1678 3165 100 34 Does
1796 3165 64 33 she
1890 3164 176 33 recollect
2086 3162 90 33 who
2203 3159 216 35 introduced
2446 3159 111 45 Capt.
2577 3159 132 46 Tonyn
2735 3167 40 30 to
2802 3162 69 38 her
2887 3165 61 37 for

1598 3211 74 34 this
1691 3211 361 35 recommendation?
2111 3209 47 35 A.
2189 3209 131 35 Either
2340 3210 116 44 Capt.
2478 3208 142 37 Sandea
2644 3206 46 39 or
2717 3209 72 35 Mr.
2813 3211 135 39 Dono.

1596 3260 184 40 van.,Q,
1802 3260 90 34 Was
1913 3260 61 33 she
1998 3265 39 28 to
2066 3257 149 34 receive
2237 3267 69 35 any
2336 3267 81 25 sum
2439 3256 45 34 of
2507 3265 131 35 Roney
2657 3256 37 35 if
2714 3257 44 34 he
2777 3270 78 24 was
2875 3272 70 34 ga..

1594 3307 105 33 zeted
1717 3308 12 33 ?
1760 3307 50 34 A.
1839 3307 83 35 Yes
1937 3319 8 21 :
1978 3306 14 34 I
2014 3306 46 33 do
2082 3308 65 31 not
2174 3304 174 37 recollect
2376 3305 64 35 the
2469 3304 203 47 stipulated
2698 3317 93 32 sum,
2820 3308 70 40 but
2921 3309 22 39 I

1594 3354 170 35 received
1791 3354 198 40 5001,—Q.
2020 3353 78 37 Did
2117 3352 65 37 she
2200 3352 107 34 make
2326 3352 138 37 known
2483 3357 38 31 to
2539 3351 61 41 the
2617 3352 304 39 Commander-in

1594 3402 117 35 Chief
1728 3403 106 35 when
1850 3402 66 35 she
1936 3400 276 37 recommended
2233 3402 111 43 Capt.
2369 3400 148 43 Tonyn,
2536 3399 80 34 that
2631 3400 65 34 she
2719 3413 76 24 was
2815 3410 40 30 to
2882 3416 40 25 re-

1589 3451 104 34 ceive
1711 3461 24 24 a
1754 3450 204 46 pecuniary
1978 3449 276 44 compensation
2270 3446 58 35 for
2344 3459 41 22 so
2404 3446 138 46 doing?
2576 3448 44 38 A.
2647 3448 146 37 Yes.—

1635 3498 47 40 Q.
1711 3498 63 44 By
1794 3498 73 34 Mr.
1892 3496 340 35 Canxna.—Did
2259 3496 145 33 witness
2434 3506 89 24 ever
2551 3495 122 45 apply
2709 3506 38 26 to
2776 3498 163 41 General

1583 3546 201 44 Clavering
1800 3544 60 35 for
1876 3555 24 22 a
1915 3544 339 34 recommendation
2270 3543 43 34 of
2339 3544 217 34 Lieutenant
2569 3543 151 37 Sumner
2734 3546 14 33 ?
2770 3547 50 38 A.
2841 3547 97 39 yd.

1584 3594 94 39 —Q.
1713 3594 91 33 Will
1828 3593 145 35 witness
2000 3592 208 46 positively
2238 3591 91 47 deny
2363 3592 138 44 having
2523 3589 81 35 said
2633 3591 64 35 she
2715 3604 77 25 was
2820 3596 130 33 under-
2963 3589 1 48 .

1581 3643 61 33 the
1661 3643 211 45 protection
1892 3640 44 34 of
1959 3651 25 25 a
2003 3641 74 34 Mr.
2104 3630 141 47 Mellish
2244 3630 20 47 .
2264 3630 20 47 ?
2315 3639 53 37 A.
2392 3639 77 37 No.
2526 3639 14 33 I
2565 3647 112 26 never
2695 3643 239 44 represented

1580 3689 138 45 myself
1731 3700 41 22 as
1791 3689 115 33 tinder
1933 3689 63 33 the
2021 3689 213 44 protection
2257 3687 43 34 of
2319 3698 26 25 a
2373 3689 73 34 Mr.
2464 3685 168 41 Mellish,
2659 3697 45 24 or
2728 3698 73 35 any
2820 3690 113 37 other

1579 3737 248 46 person.—Q.
1861 3736 74 33 Did
1957 3735 61 37 she
2039 3745 90 25 ever
2156 3735 109 37 make
2290 3745 74 34 any
2383 3733 295 46 representation
2707 3741 39 27 to
2772 3737 81 35 that
2875 3729 60 44 ef:

1578 3785 71 34 feet
1670 3790 37 27 to
1726 3785 96 33 Gen.
1839 3784 204 45 Clavering
2056 3784 12 33 ?
2102 3782 48 41 A,
2172 3783 90 35 Gen.
2284 3784 204 44 Clayering
2502 3781 113 35 asked
2631 3791 58 26 me
2708 3782 34 37 if
2769 3783 20 37 I
2816 3785 116 35 knew

1576 3834 81 37 that
1676 3831 102 38 Turf
1793 3831 150 34 Mellish
1965 3839 77 32 was
2056 3831 136 46 setting
2209 3831 47 37 nil
2278 3831 90 33 with
2391 3831 156 35 General
2568 3827 201 47 Ferguson,
2811 3831 18 34 I
2846 3833 85 38 said

1576 3891 80 35 yes,
1678 3879 20 35 I
1721 3889 76 27 was
1813 3878 80 38 told
1925 3878 45 35 he
1995 3879 71 34 had
2086 3879 116 34 taken
2219 3879 103 35 leave
2340 3878 45 35 of
2408 3878 65 35 the
2493 3878 133 38 Prince
2644 3878 44 38 of
2714 3879 126 38 Wales
2857 3881 74 35 last

1573 3928 123 45 night.
1752 3927 59 39 Do
1831 3925 183 47 rejoined,
2042 3927 20 35 I
2085 3926 73 38 had
2176 3937 26 25 a
2218 3926 93 45 good
2331 3927 130 41 house,
2480 3925 69 35 and
2568 3924 63 38 the
2649 3925 89 38 beef
2750 3927 71 34 and
2841 3938 90 25 con,

1930 3976 58 33 -11.
2028 3969 64 47 -Q.
2125 3974 77 34 Did
2219 3976 60 32 she
2341 3977 24 33 ,t
2588 3976 41 31 to
2701 3974 102 34 ihnsh
2820 3976 105 37 these

1645 3918 11 4 •
1727 3918 6 1 •
1817 3918 11 1 -
2580 3918 4 4 .
2919 3918 13 1 _

204 3920 48 48 Q.
282 3921 119 38 What
417 3922 184 39 situation
617 3921 89 41 does
725 3921 63 38 the
807 3920 149 35 witness
974 3919 87 38 hold
1076 3920 13 33 ?
1142 3920 46 35 A.
1222 3921 97 34 lam
1338 3922 170 37 assistant
1573 3928 123 45 night.
1752 3927 59 39 He
1831 3925 183 47 rejoined,
2042 3927 20 35 I
2085 3926 73 38 had
2176 3937 26 25 a
2218 3926 93 45 good
2331 3927 130 41 house,
2480 3925 69 35 and
2568 3924 63 38 the
2649 3925 89 38 beef
2750 3927 71 34 and
2841 3938 90 25 con,

149 3970 175 45 ibilltary
352 3976 168 32 secretor
885 3969 185 45 Highness
1096 3969 61 34 the
1189 3969 249 37 Commander
1470 3972 37 35 in
1572 3981 115 31 tracts
1706 3981 98 31 went
1822 3985 45 24 on
2125 3974 77 34 Did
2219 3976 63 32 she
2298 3977 66 33 not
2391 3976 172 35 threaten
2588 3976 41 31 to
2656 3974 146 45 publish
2820 3976 105 37 these

953 4016 119 35 raised
1103 4017 50 43 by
1178 4016 92 40 Col,
1292 4016 142 37 French
1459 4030 24 32 g
1482 4030 24 32 o
1572 4031 21 39 p
1593 4031 111 39 apers
1704 4031 22 39 ,
1747 4023 39 35 un
1786 4023 19 35 l
1805 4023 60 35 ess
1885 4020 37 37 hi
1922 4020 19 37 s
1964 4022 24 47 R
1988 4022 25 47 o
2013 4022 25 47 y
2037 4022 25 47 a
2062 4022 25 47 l
2109 4020 45 46 Hi
2154 4020 22 46 g
2177 4020 46 46 hn
2223 4020 70 46 ess
2303 4030 104 28 carne
2426 4022 77 35 into
2518 4022 64 34 her
2595 4020 113 39 terms
2722 4020 89 39 ?A.
2844 4022 80 40 No,

150 4067 167 45 #llrnoitlt
335 4067 61 33 the
516 4067 70 56 ;"'
1013 4062 78 38 fore
1116 4065 61 32 the
1209 4075 80 25 men
1322 4075 96 25 were
1433 4078 72 33 4p-
1570 4076 45 39 Q.
1646 4071 79 35 Did
1742 4070 67 35 she
1825 4080 91 25 ever
1939 4074 59 41 try
2016 4074 38 32 to
2073 4070 133 35 induce
2224 4069 71 35 Mr.
2319 4070 187 35 Donovan
2522 4076 38 28 to
2577 4068 87 48 join
2691 4070 35 35 in
2751 4071 175 47 assisting

148 4113 146 52 provoil
324 4111 47 39 of
433 4111 5 53 .
611 4115 7 6 '
1026 4122 24 35 g
1081 4111 158 35 General
1253 4111 14 33 ?
1319 4111 47 38 A.
1395 4113 109 39 lam
1570 4123 66 33 her
1655 4124 41 30 to
1714 4119 151 45 publish
1886 4116 63 35 the
1969 4127 135 35 papers
2131 4117 162 45 relating
2320 4122 39 30 to
2383 4119 77 34 this
2486 4117 223 37 transaction
2726 4117 93 37 ?A.
2839 4119 81 40 Nq.

3250 4159 14 17 •

169 4170 47 46 11
216 4170 24 46 1
509 4182 13 34 t.
1032 4160 70 38 and
1128 4160 104 40 usual
1259 4170 146 35 come,
1429 4165 74 39 and
1566 4172 67 35 but
1652 4166 21 38 I
1695 4166 80 39 will
1800 4170 132 44 repeat
1952 4166 100 38 what
2078 4165 48 38 he
2150 4165 84 39 said
2257 4172 39 33 to
2321 4174 61 30 me
2406 4166 43 37 is
2467 4165 64 39 the
2546 4165 241 51 •Secretary's
2812 4176 110 28 room

439 4204 19 85 \t
458 4204 11 85 ,
470 4251 37 37 tl/4
541 4194 15 113 .
556 4194 15 113 4
572 4194 48 113 1k.
620 4194 15 113 1
635 4194 33 113 44
669 4194 17 113 9
685 4194 17 113 -
713 4200 174 69 ``•'.lll7•
887 4200 35 69 .-
1009 4213 14 43 1

965 4258 52 31 teis

452 4331 11 15 •

552 4355 7 8 '
579 4349 76 33 Ater7
693 4341 120 43 T.k.••l*

14 0 1 15 r.
14 0 2 15 •
17 0 7 5 •
30 0 4 15 '
