3461 4453
224 86 162 57 FEB.
433 86 78 46 14•

220 235 86 51 .lect
322 228 50 40 of
387 226 157 47 abuses,
576 226 39 39 in
648 227 208 39 whateyer
870 228 256 50 department
1148 229 89 51 they
1263 226 70 60 1113
1350 226 18 60 V
1385 226 105 60 exist,
1520 242 44 26 or

295 304 100 27 even
416 291 83 39 said
517 294 44 34 to
580 291 118 44 exist,
730 291 30 38 is
781 291 165 37 become
979 291 69 38 the
1068 291 152 50 subject
1253 291 46 38 of
1328 291 215 38 Parliamen-

227 359 91 46 tary
353 353 178 52 inquiry,
573 351 181 39 whether
774 351 70 39 the
862 351 99 39 facts
983 353 50 37 be
1068 351 288 39 substantiated
1390 363 47 27 or
1470 357 66 33 not
1556 369 9 26 ;

227 415 182 41 whether
426 413 69 39 the
515 413 170 53 charges
702 413 201 52 originate
919 413 40 39 in
970 413 69 39 the
1057 425 224 39 vengeance
1297 412 45 38 of
1357 426 22 24 a
1398 413 118 38 &cal
1527 413 21 37 d-

228 480 50 39 ed
300 480 172 37 mistress
493 493 11 28 ;
536 491 47 25 or
615 477 70 39 the
718 475 132 41 whole
870 476 176 39 business
1064 476 47 38 be
1131 475 65 39 the
1217 472 120 41 result
1356 474 48 38 of
1419 477 150 48 private

230 536 164 50 inalce,
424 550 46 27 or
489 537 71 39 the
588 537 74 39 !ow
677 537 191 53 inttigues
888 537 47 40 of
945 552 22 25 a
989 537 76 40 few
1085 537 165 39 obscure
1270 535 301 41 individuak—

233 617 61 26 we
322 601 79 40 still
433 601 187 40 consider
641 602 27 38 it
689 601 47 39 of
754 602 69 38 the
857 601 159 53 highest
1041 602 252 50 importance
1309 601 74 38 and
1398 600 46 38 of
1457 601 93 37 indis-

233 661 182 56 pensible
433 665 215 43 necessity,
669 667 44 33 to
733 663 183 39 institute
935 663 190 51 frequent
1146 661 187 52 inquiries
1351 661 47 38 of
1407 661 77 38 this
1504 673 44 26 na-

234 732 107 33 ture.
402 725 60 38 Ab
472 737 87 26 ases
578 722 50 40 do
641 723 102 41 exist
759 724 37 38 in
813 736 117 40 every
945 728 266 48 government
1260 722 77 39 and
1355 722 66 38 the
1440 726 105 47 great-

236 793 60 33 est
317 785 202 52 vigilance
539 798 72 26 can
632 798 135 26 scarce
798 793 168 45 prevent
989 787 104 38 their
1119 784 313 40 accumulation.
1488 784 83 38 The

239 847 237 46 individual,
526 847 223 45 therefore,
782 850 90 37 who
915 847 71 39 has
1020 847 71 40 the
1139 859 176 39 coura:,e
1358 850 44 33 to
1457 857 113 26 conic

242 909 178 40 forward
442 909 77 39 and
541 921 148 40 expose
713 909 126 46 them,
870 909 203 39 whatever
1094 909 48 38 be
1175 908 54 38 his
1253 909 183 43 motives,
1467 909 30 37 is

1517 908 41 37 iri-

239 972 148 40 dabted
419 977 40 33 to
495 971 69 39 the
587 971 145 39 thanks
767 971 48 39 of
831 973 65 37 the
1075 989 11 26 ;
1117 985 39 25 as
1174 973 44 35 he
1241 983 130 25 serves
1397 974 41 33 to
1472 969 102 52 keep

242 1032 107 40 alive
370 1033 89 39 that
497 1033 219 51 suspicious
729 1032 185 53 jealousy
937 1033 47 39 of
1015 1046 91 25 men
1129 1031 162 40 clothed.
1313 1031 89 37 ‘vith
1426 1043 148 39 power,

247 1095 109 45 who,
389 1093 328 47 unfortunately,.
743 1094 104 38 have
865 1098 67 33 too
966 1100 28 32 st
1009 1109 7 21 r
1016 1108 31 35 -,
1046 1108 63 35 A;;;
1126 1106 22 26 a
1168 1094 80 38 bias
1270 1089 76 41 and
1368 1096 70 34 too
1460 1089 112 39 much

244 1156 185 38 interest,
461 1160 45 34 to
535 1160 170 34 convert
728 1155 30 38 it
791 1159 41 34 to
854 1156 102 37 their
976 1169 91 24 own
1102 1168 64 24 list
1198 1152 74 39 and
1294 1152 85 39 that
1410 1150 48 40 (3$
1474 1153 102 37 their

248 1217 262 51 dependents,
540 1221 44 33 to
600 1217 69 38 the
686 1221 113 46 grat
821 1215 216 40 detriment
1058 1217 48 38 of
1121 1215 65 39 the
1206 1212 263 52 commtukity.
1508 1212 67 38 We

304 1264 204 5 .•
686 1264 8 4 l
702 1264 6 4 l

0 1277 40 446 11
40 1277 20 446 ‘

252 1283 143 48 repeat
415 1278 30 38 it
461 1278 122 52 again
601 1277 90 39 that
706 1278 66 37 the
795 1291 89 26 man
908 1278 89 38 who
1019 1276 161 39 attacks
1200 1274 314 44 malversations,
1535 1273 46 37 of
1637 1269 87 52 sing
1756 1270 65 38 the
1839 1269 129 38 abwve
1996 1264 15 43 -
2011 1264 64 43 Bill
2094 1267 94 38 with
2224 1266 66 37 the
2306 1264 275 39 amendments
2601 1264 126 35 which
2750 1264 77 34 had
2859 1264 74 35 bee

249 1354 79 39 any
350 1341 112 46 kind,
496 1342 31 38 is
561 1339 167 39 entitled
751 1344 44 34 to
830 1339 69 39 the
917 1339 150 40 thanks
1089 1338 76 38 and
1198 1335 228 53 protection
1447 1333 48 39 of
1509 1333 69 39 the

257 1401 139 54 public
412 1416 11 28 ;
455 1401 77 41 and
554 1401 187 39 however
774 1400 237 53 mortifying
1033 1413 50 25 an
1103 1398 152 52 inquiry
1278 1396 48 39 of
1341 1395 78 39 this
1439 1400 142 33 nature

256 1476 92 39 may
372 1463 48 39 be
451 1468 44 34 to
530 1462 69 39 the
632 1461 220 40 illustrious
881 1473 221 40 personage
1121 1460 129 37 whose
1271 1457 174 38 conduct
1463 1456 28 38 is
1513 1456 69 38 the

257 1527 143 50 object
419 1524 47 40 of
483 1525 47 45 it,
561 1537 43 26 as
635 1522 50 39 he
705 1528 106 33 must
830 1524 47 38 be
896 1521 220 40 convinced
1139 1521 197 40 however,
1367 1518 90 39 that
1478 1517 105 39 these

265 1587 171 52 charges
469 1590 154 37 cannot
640 1584 119 40 affect
787 1584 98 46 him,
915 1584 48 38 he
983 1581 149 40 should
1157 1580 177 39 consider
1354 1578 162 39 himself
1530 1579 54 35 in-

257 1649 149 40 debted
428 1654 44 34 to
484 1651 80 37 Mr.
586 1650 208 45 'WARDLE,
813 1646 64 39 for
889 1646 142 52 Navin;
1032 1677 6 21 Le
1059 1645 178 52 brought
1256 1643 110 39 them

1641 1320 115 39 made
1776 1320 47 52 by
1856 1320 72 37 the
1959 1320 136 38 House
2120 1318 50 37 of
2200 1316 365 52 Representatives,
2598 1313 74 38 and
2695 1325 52 25 on
2781 1271 130 92 Monda
2911 1271 26 92 n
2937 1271 27 92 y

1642 1372 67 38 the
1730 1374 270 37 Government
2029 1370 130 40 would
2189 1369 97 39 take
2319 1381 197 26 measures
2536 1367 63 39 for
2616 1364 189 52 carrying
2826 1365 31 39 it
2878 1362 92 43 into

1625 1423 2 40 .
1644 1424 228 39 immediate
1891 1423 131 39 effect.

1754 1476 84 39 'The
1856 1478 363 37 Non-Intercourse
2246 1475 76 35 Act
2352 1473 31 37 is
2396 1470 71 40 the
2496 1474 96 35 next
2608 1468 156 52 subject
2784 1466 51 43 of
2859 1467 110 41 Cane

1644 1528 211 53 gressional
1876 1526 309 41 consideration.

1757 1581 84 37 The
1861 1586 152 32 returns
2044 1579 46 37 of
2100 1579 69 37 the
2207 1574 196 39 Electoral
2444 1576 119 37 Votes
2583 1572 63 37 for
2666 1572 70 39 the
2756 1570 214 41 Preeident

1381 1641 19 52 f
1400 1641 19 52 a
1419 1641 19 52 i
1437 1641 19 52 r
1456 1641 40 52 ly
1519 1641 65 39 be-
1615 1632 111 38 'and
1750 1631 313 40 Vice-President
2094 1642 104 26 were
2228 1626 246 52 completed,.
2492 1625 80 38 and
2593 1623 111 39 stand
2726 1636 41 25 as
2786 1623 189 43 follows.;
3230 1264 18 27 e
3248 1264 18 27 l

3234 1309 24 71 ilr
3257 1309 8 71 i

3255 1526 15 43 )

257 1711 90 40 fore
363 1710 69 40 the
445 1708 154 56 public.
1698 1687 76 33 For
1804 1688 58 32 the
1884 1683 24 37 i
1907 1683 24 37 I
1931 1683 236 37 ItUstOENT.
2167 1683 24 37 —
2191 1683 48 37 J.
2264 1682 178 40 Madison,
2472 1680 65 33 1.22
2552 1693 9 27 ;
2601 1680 44 32 C.
2668 1677 208 40 Pinckney',
2893 1675 78 43 45.;

1652 1735 44 33 G.
1719 1735 162 38 Clinton,
1898 1734 35 33 6.

3226 1736 1 5 .

715 1769 15 27 -
730 1769 48 27 ...
778 1769 15 27 -
794 1769 298 27 .:.i...........VTi
3223 1739 38 35 1.,i

1704 1781 27 33 V
1742 1791 85 25 ter:-
1835 1783 26 31 I'
1869 1793 19 24 u
1902 1791 41 24 us
1952 1791 8 22 1
1975 1778 224 34 orvT.—G.
2218 1776 162 39 Clinton,
2413 1775 66 33 113
2492 1786 11 27 ;
2550 1770 115 35 Rufus
2696 1767 116 48 King,
2830 1770 47 35 48
2890 1769 86 40 ;J.

315 1843 243 51 Hatnburgh
594 1840 77 40 and
704 1840 148 40 Altona
883 1841 149 48 Papers
1061 1840 103 38 have
1191 1839 103 37 been
1329 1833 181 41 received
1548 1838 41 34 to
1655 1830 181 41 Longden,
1853 1830 20 31 9
1891 1840 11 28 ;
1933 1827 178 37 Madison,
2132 1825 45 37 3;
2211 1825 162 31 Munroe.
2394 1824 35 32 1.
3047 1841 13 12 ..

265 1896 71 41 the
353 1894 98 39 2SIli
472 1894 74 39 ult.
604 1893 111 52 They
746 1892 162 39 contain
940 1905 113 25 some
1085 1891 157 39 further
1273 1886 234 54 particulars
1533 1899 57 25 re-
1831 1884 142 26 course
1989 1873 150 35 Messrs.
2174 1869 180 39 Madison
2372 1866 74 38 and
2471 1864 157 39 Clinton
2643 1874 103 26 were

265 1946 125 39 httive
410 1952 43 33 to
485 1946 71 39 the
587 1945 80 39 late
700 1945 265 38 insurrection
985 1944 39 38 in
1046 1939 330 52 Constantinople
1393 1957 11 27 ;
1436 1941 71 37 but
1526 1951 66 25 are
1619 1913 1 78 .
1706 1924 257 52 Intelligence
1982 1923 30 37 is
2027 1920 79 39 said
2130 1926 41 33 to
2192 1920 105 38 have
2313 1918 157 39 arrived
2494 1917 47 38 of
2559 1917 66 37 the
2648 1913 337 52 relinquishment

265 2006 72 32 not
356 1998 239 52 sufficiently
614 1997 181 52 explicit,
816 2011 43 24 so
889 2010 40 24 as
959 2003 44 31 to
1033 1995 143 39 enable
1194 2007 45 26 us
1258 1998 44 33 to
1323 1993 104 39 form
1447 2003 97 27 even
1569 2002 22 26 a
1654 1977 50 39 of
1727 1977 67 38 the
1819 1975 239 52 Expedition
2089 1972 167 52 against
2289 1971 259 51 Martinique.
2604 1969 86 37 The
2709 1967 193 51 previous
2923 1967 43 38 in
2966 1967 21 38 -

266 2055 231 47 conjecture
528 2050 168 39 relative
731 2055 44 33 to
806 2050 67 37 the
909 2053 158 47 present
1097 2053 99 33 state
1230 2046 48 38 of
1302 2044 66 38 the
1402 2047 190 37 Ottoman
1622 2000 2 103 .
1655 2031 220 35 formation
1907 2026 47 40 of
1997 2026 69 38 the
2105 2035 194 28 succours
2330 2023 157 38 thrown
2520 2024 85 34 into
2642 2019 67 38 the
2741 2017 131 39 !shunt
2902 2015 87 41 had
3172 2000 25 77 .
3197 2000 25 77 4
3222 2000 25 77 '

3237 2044 6 12 .
3255 1989 15 69 i

268 2102 175 53 Capital,
497 2104 73 38 We
600 2117 70 25 are
702 2101 200 39 informed
922 2101 87 38 that
1033 2104 235 35 MusTaenA
1290 2100 250 35 IlAtietterArt
1564 2094 31 38 is
1656 2081 194 52 prepared
1871 2093 44 26 us
1933 2079 65 38 for
2017 2076 76 40 this
2112 2080 190 34 account.
3236 2076 4 79 .

13 2139 9 38 1,

4 2469 9 53 i

269 2159 197 45 eertainly
498 2154 99 40 dead
618 2171 12 27 ;
659 2156 74 38 but
752 2160 69 32 not
846 2154 65 38 the
939 2169 17 22 s
961 2153 20 37 li
987 2167 27 38 g
1018 2153 22 38 h
1046 2158 77 33 test
1144 2150 249 40 intellie•ence
1424 2148 30 38 is
1487 2159 107 27 com-

987 2186 22 19 -6
1273 2181 21 19 s-,

268 2207 248 46 manic:lied,
568 2207 181 38 whether
785 2207 66 39 the
888 2211 117 46 party
1046 2206 50 37 he
1130 2217 73 39 org
1208 2200 132 40 anised
1380 2200 31 38 is
1444 2199 76 39 still
1560 2200 34 37 in

270 2261 219 53 possession
529 2259 50 39 of
609 2271 150 39 power,
811 2271 46 26 or
914 2257 61 40 his
1028 2259 172 50 projects
1247 2254 51 39 of
1338 2251 149 40 reform
1532 2263 67 26 are

272 2313 175 54 pursued
482 2313 51 51 by
573 2311 67 40 the
676 2311 145 39 Divan.
879 2311 57 37 On
966 2309 113 39 these
1116 2306 181 41 material
1335 2306 133 52 points
1504 2303 91 38 they

274 2366 129 53 guard
441 2363 69 40 the
546 2369 104 34 most
700 2361 292 54 impenetrable
1029 2361 158 40 silence.
1252 2361 56 35 As
1341 2357 69 38 the
1444 2359 145 34 Vienna
1661 2350 11 33 1
1671 2350 11 33 1

278 2421 169 35 Gazette
467 2430 124 25 never
608 2415 86 38 fails
728 2420 44 32 to
795 2415 94 37 take
921 2427 21 24 a
973 2413 223 52 particular
1222 2409 133 39 notice
1376 2407 48 38 of
1447 2407 67 39 the
1534 2420 65 25 oc-

278 2481 210 27 etirrences
509 2469 43 38 in
570 2467 70 39 the
670 2469 193 37 Ottoman
887 2467 188 48 Empire;
1107 2464 74 38 and
1209 2474 41 26 as
1270 2463 69 38 the
1359 2459 79 39 late
1457 2464 138 33 events
1629 2121 4 394 ,
1658 2130 45 148 eti
1703 2130 15 148 N
1719 2130 15 148 n
1734 2130 15 148 S
1749 2130 15 148 i
1765 2130 15 148 r
1780 2130 15 148 s
1795 2130 15 148 e
1811 2130 31 148 ta
1841 2130 15 148 a
1857 2130 15 148 n
1872 2130 15 148 r
1887 2130 15 148 c
1903 2130 15 148 e
1918 2130 15 148 e
1933 2130 15 148 c
1949 2130 31 148 s.
1980 2130 123 148 oncerned
2124 2134 46 32 to
2189 2132 104 34 state
2310 2130 86 35 that
2418 2122 247 52 Martinique
2683 2121 72 39 has
2787 2121 100 38 been
2923 2132 20 26 r
2943 2132 20 26 e
2963 2132 20 26 -

1659 2185 143 43 licyed,
1835 2183 77 39 and
1944 2183 87 38 that
2066 2180 124 40 under
2215 2187 92 44 very
2331 2176 177 53 singular
2533 2176 78 38 and
2633 2173 240 52 mortif3ine
2904 2184 79 27 cit-

2846 2206 25 18 e,

1707 2293 122 32 Three
1852 2289 139 35 French
2011 2288 167 44 frigates,
2197 2285 77 33 viz.
2290 2283 61 34 the
2365 2283 112 33 Juno.
2494 2281 61 33 the
2575 2280 138 39 Venus,
2730 2280 69 32 and
2817 2280 61 32 the
2900 2295 7 15 .
2934 2288 51 24 tu-

1690 2339 141 38 hitrioe,
1848 2336 115 34 sailed
1985 2336 33 32 in
2039 2343 182 33 company
2242 2331 91 33 from
2350 2330 189 34 Cherbour
2539 2330 25 34 ,
2594 2336 45 22 on
2659 2327 60 31 the
2740 2327 84 33 13th
2842 2326 46 32 of
2915 2324 72 33 Xi,-

278 2421 169 35 Gazette

1663 2387 159 37 yember,
1843 2383 89 34 with
1951 2386 128 40 troop;
2107 2380 70 33 and
2211 2378 204 45 provisions
2445 2386 47 22 on
2526 2374 133 32 board.
2709 2373 59 33 On
2785 2372 63 34 the
2872 2374 48 33 31
2949 2368 54 35 or

1668 2434 214 77 Drceimber,

1903 2477 70 34 her

1963 2430 81 66 .lat.
2059 2428 11 63 4
2069 2428 12 63 .
2081 2428 12 63 2
2093 2428 12 63 .
2105 2428 12 63 .
2138 2425 64 34 the
2223 2422 247 46 Amphitrite,
2498 2420 133 40 having
2652 2413 211 64 previously
2863 2413 21 64 .
2884 2430 109 32 sepa-

1664 2486 67 26 rti
1792 2479 14 31 f
1809 2489 72 22 rom
1903 2478 61 33 het
1989 2480 174 32 ((instals,
2189 2473 35 32 fi
2229 2473 25 32 ll
2283 2481 34 24 in
2352 2470 91 34 with
2472 2469 61 32 the
2563 2469 93 32 Lord
2686 2467 30 31 ('
2722 2473 168 27 ran-town
2921 2465 70 34 amid

3230 2187 7 38 i
3239 2160 34 150 11..

3272 2443 5 4 .

4 2530 20 50 !•
280 2526 109 35 must
407 2520 107 39 have
528 2520 201 52 produced
746 2533 24 24 a
790 2516 272 40 considerable
1078 2517 152 50 change
1253 2515 40 38 in
1313 2513 69 38 the
1403 2524 198 26 measures

1669 2520 161 46 Lydia,,
1830 2525 43 32 of
1900 2525 73 33 and
2003 2522 92 34 from
2125 2519 222 43 Liverpool,
2375 2517 119 32 hound
2532 2520 37 28 to
2600 2517 52 30 St.
2688 2513 32 33 K
2730 2512 77 34 itt's
2832 2512 74 34 and
2937 2512 53 34 St.

280 2575 81 39 and
380 2572 130 52 policy
533 2572 51 39 of
594 2572 67 38 the
683 2572 132 41 Porte,
831 2584 54 25 we
906 2570 103 38 have
1026 2582 136 25 reason
1183 2574 39 32 to
1241 2567 48 38 be
1307 2564 196 52 surprised
1517 2564 87 37 that
1667 2564 131 43 Croix.
1858 2572 79 32 The
1978 2570 118 44 Lydia
2144 2577 61 22 vas
2243 2564 250 37 immediately
2528 2572 40 22 ca
2578 2561 144 43 potted,
2756 2571 39 22 as
2824 2570 76 22 was
2931 2558 66 34 the

281 2628 73 38 the
376 2628 174 35 German
573 2627 161 50 Papers,
756 2623 125 39 under
900 2622 69 38 the
987 2624 185 37 controul
1193 2619 48 39 of
1264 2621 168 40 France,
1448 2629 69 26 are
1535 2621 69 33 not
1670 2623 215 34 Crans.oun,
1919 2619 99 33 after
2052 2613 154 44 making
2233 2623 21 22 a
2284 2610 152 45 spirited
2471 2610 207 32 resistance.
2747 2607 80 33 The
2859 2607 143 33 former

285 2692 116 27 more
419 2676 168 53 explicit
615 2691 52 25 on
697 2676 84 38 this
796 2676 167 48 subject.
1672 2678 71 22 was
1779 2668 80 31 burn
1859 2668 20 31 t
1898 2676 13 27 ;
1937 2663 72 34 and
2039 2663 64 32 her
2130 2657 131 41 crew,'
2282 2656 89 34 with
2409 2666 99 24 some
2538 2656 106 32 other
2675 2655 161 43 prisoner-
2836 2655 18 43 ,
2854 2655 19 43 ,
2902 2661 98 25 were

341 2731 86 39 The
457 2728 253 52 intelligence
741 2726 51 41 cif
823 2727 67 40 the
924 2726 267 39 continuance
1230 2721 48 40 of
1307 2721 67 39 the
1395 2719 210 40 American
1671 2719 63 41 put
1772 2725 45 21 on
1850 2712 115 32 hoard
2008 2722 44 20 an
2087 2708 197 33 American
2319 2705 96 41 brig,
2458 2704 76 32 and'
2563 2708 74 27 sent
2682 2709 38 25 to
2769 2701 159 35 Lnetand

287 2785 209 51 Embargo
517 2761 92 59 had
614 2781 142 39 caused
780 2793 26 25 a
824 2793 92 39 very
938 2785 142 44 strong
1094 2776 196 39 sensation
1311 2774 41 39 iu
1383 2773 67 39 the
1473 2772 126 38 North
1717 2760 79 34 The
1822 2759 226 44 Nmpititrite
2067 2761 142 27 mounts
2223 2756 45 32 44
2285 2761 99 34 guns,
2402 2751 73 32 and
2494 2748 70 34 tsad
2590 2759 45 22 on
2653 2747 115 33 boart
2785 2748 72 33 (200
2872 2756 128 34 troops
3015 2747 1 89 •
3241 2747 2 89 ,

287 2838 52 38 of
356 2839 221 40 Germany,
596 2835 126 38 where

1672 2850 120 60 beef,.
1793 2855 56 31 for
1873 2854 63 33 the
1954 2859 150 26 succour
2122 2849 72 33 and
2215 2846 278 33 reinforcement
2510 2844 44 33 of
2569 2844 60 33 the
2654 2842 167 44 garrison
2841 2841 44 33 of
2898 2841 105 33 Mar-
3237 2830 7 56 i
3269 2830 2 80 ,

291 2890 170 41 scarcity
483 2887 48 40 of
550 2885 178 41 Colonial
763 2885 189 52 produce.
1010 2887 122 37 Sonic
1160 2880 172 52 military
1351 2881 266 39 movements,

3236 2887 8 33 ,
3268 2887 5 33 $

28 2956 7 15 .
291 2956 56 26 on
369 2943 66 38 the
454 2944 91 48 part
565 2940 48 39 of
624 2940 66 37 the
715 2937 163 39 French.
891 2950 66 25 are
972 2935 177 39 likewise
1170 2930 222 40 mentioned
1408 2947 11 27 ;
1452 2928 74 39 and
1546 2928 72 38 the

15 2974 6 27 1
1675 2903 51 79 til'
1726 2903 13 79 A
1739 2903 26 79 ur
1765 2903 13 79 i
1791 2903 13 79 e
1804 2903 13 79 .
1817 2903 13 79 i
1830 2903 13 79 .
1843 2903 39 79 ter
1899 2944 94 34 from
2011 2943 235 38 Barbnioec,
2280 2937 107 33 dated
2407 2937 61 33 the
2485 2935 87 37 2.lth
2593 2935 44 33 of
2653 2935 220 39 December,
2904 2933 103 38 after

9 3002 25 59 l'
292 2998 122 50 carps
445 2993 46 39 of
520 2991 172 40 General
713 2993 61 37 De
785 3004 141 31 pistol.,
954 2986 198 41 stationed
1192 2987 37 35 in
1272 2986 156 40 Ilanan,
1457 2981 30 37 is
1507 2986 40 32 to
1569 2980 47 38 be
1677 2996 137 43 statirg
1832 2995 57 31 the
1907 2995 119 30 above
2044 2992 109 32 affair
2187 2988 34 33 in
2242 3000 20 20 a
2281 2987 144 31 similar
2448 2993 165 30 ntaituer,
2635 2982 198 44 proceeds:
2863 2983 28 17 ''
2911 2981 98 34 Two

3267 3009 5 22 i

294 3045 247 54 attglitelltCd
560 3050 41 34 to
622 3048 150 39 30,000.
789 3056 104 26 men.
950 3045 119 34 Some
1089 3045 136 44 troops
1240 3035 126 39 which
1388 3034 77 39 had
1483 3032 131 52 passed
1681 3044 97 40 brigs
1789 3041 45 33 an
1834 3041 22 33 d
1876 3047 73 26 two
1967 3039 17 33 i
1983 3039 193 33 ,clonniers.
2205 3033 120 34 which
2346 3034 76 31 also
2441 3030 146 34 arrived
2607 3030 91 32 from
2725 3028 142 33 France
2885 3030 124 34 bound

25 3126 6 14 $
295 3100 73 40 the
381 3099 133 40 Rhine
528 3110 104 26 were
652 3093 376 44 counter-ordered,
1054 3091 78 39 and
1153 3087 177 41 resumed
1351 3087 104 39 their
1472 3086 149 37 former
1683 3098 35 26 to
1739 3069 219 64 Rtatinique,
1987 3087 90 31 have
2098 3081 158 44 escaped
2278 3090 63 22 eur
2360 3079 178 38 cruizers,
2563 3076 139 44 though
2735 3076 103 34 there
2857 3086 66 22 are
2952 3053 35 78 41_
2987 3053 12 78 ,
2999 3053 24 78 ..

296 3156 150 35 station
470 3164 99 25 near
591 3149 234 38 Frankfurt.
882 3146 119 38 What
1018 3145 112 51 gives
1148 3155 107 26 some
1274 3141 150 51 weight
1452 3142 43 34 to
1512 3137 110 37 these
1685 3136 118 34 wards
1817 3135 41 34 of
1871 3145 19 22 a
1910 3133 117 34 dozen
2048 3131 87 33 roun
2135 3131 22 33 d
2190 3130 79 31 that
2290 3126 18 33 i
2308 3126 19 33 s
2327 3126 76 33 land
2422 3126 98 32 since
2539 3124 28 33 it
2587 3135 73 21 was
2680 3129 20 38 p
2700 3129 43 38 ut
2765 3123 34 33 in
2815 3133 22 22 a
2857 3130 94 26 state
2969 3131 40 26 (or

17 3167 5 84 ,
38 3167 4 84 .
298 3208 272 38 movements,
591 3201 30 38 is
640 3202 67 38 the
728 3198 235 52 mysterious
979 3208 165 27 manner
1165 3196 35 37 in
1217 3193 124 39 which
1359 3206 24 24 a
1393 3194 174 48 journey
1581 3188 46 37 of
1687 3182 191 35 blockade.
1932 3181 52 33 As
2004 3180 154 32 General
2181 3177 26 32 V
2219 3176 118 32 illaryt
2367 3174 27 32 is
2411 3184 39 21 so
2470 3172 106 32 much
2596 3171 224 39 reniforced,
2845 3170 11 33 I
2882 3170 83 32 fear
2980 3167 33 39 it

37 3270 6 5 '
299 3257 71 39 the
406 3254 222 41 Archduke
664 3255 194 38 CILARLFS
893 3256 40 33 to
967 3250 132 39 Berlin
1147 3249 31 35 is
1220 3243 159 40 alluded
1426 3249 59 32 to.
1547 3217 5 79 '
1553 3242 27 37 t
1581 3244 43 34 he
1625 3217 2 79 .
1693 3231 73 32 will
1785 3234 72 30 cost
1876 3237 39 24 us
1928 3237 107 32 many
2055 3237 21 20 a
2096 3234 124 30 weary
2237 3220 84 35 day'
2326 3231 13 20 s
2357 3219 120 41 work,
2499 3219 69 32 ::mid
2584 3229 106 33 many
2713 3217 172 33 valuable
2906 3217 109 40 lives,

37 3266 4 83 '
300 3312 154 37 certain
472 3312 321 37 circumstances,
817 3304 154 39 alluded
993 3308 43 32 to
1057 3302 38 37 in
1119 3300 64 38 the
1205 3295 237 44 Hanikureh
1466 3296 159 50 Papers,
1691 3287 35 25 to
1742 3283 58 37 get
1815 3276 196 44 possession
2026 3274 39 31 of
2083 3273 85 32 Fort
3451 3266 5 83 •

1390 3328 22 20 6
1741 3325 43 33 In
1800 3331 242 35 consequence
2061 3319 41 33 of
2131 3318 64 33 the
2224 3320 118 28 above
2368 3313 165 44 supplies
2561 3311 45 33 of
2629 3317 128 39 troops
2789 3311 71 33 and
2888 3311 123 45 provi-
3011 3311 21 45 ,

306 3361 129 39 which
482 3359 81 39 will
609 3358 137 39 decide
791 3357 70 39 the
907 3352 253 43 Archduke's
1204 3354 194 46 journey,
1435 3358 69 27 arc
1535 3358 94 39 pro-
1693 3372 109 37 ;ions,
1830 3371 26 32 it
1877 3371 27 32 is
1924 3367 167 44 repotted
2111 3366 78 33 that
2219 3365 60 31 the
2303 3363 26 33 L
2339 3360 195 46 xpedition
2559 3359 141 44 against
2722 3359 233 45 .tiartinique
2974 3359 45 41 is,

304 3413 124 53 bably
458 3412 71 39 the
563 3416 138 34 return
749 3407 50 39 of
835 3409 74 38 the.
937 3407 110 50 King
1095 3404 76 40 and
1208 3405 137 41 Queen
1380 3400 48 38 of
1454 3402 175 37 PaessrA
1696 3420 57 33 for
1770 3418 58 34 the
1847 3423 158 37 present,
2027 3411 260 45 relinquished.

304 3467 111 39 from
441 3467 259 47 Petersburg,
718 3459 283 52 accompanied
1035 3462 50 35 by
1120 3459 66 35 the
1214 3458 196 48 Emperor
1440 3455 194 35 Aerx.i.e-

1744 3467 33 33 A
1807 3464 107 34 Short
1946 3462 183 41 Diaidgme
2151 3471 46 21 on
2224 3468 24 22 a
2280 3458 98 41 Long
2396 3454 151 44 Subject
2572 3454 165 33 between
2760 3463 20 22 a
2803 3452 206 34 Gentleman
3008 3452 24 34 ,

308 3534 104 25 DER..
464 3519 133 38 There
630 3516 34 37 is
694 3529 51 24 no
787 3527 91 25 man
917 3524 93 26 now
1046 3503 174 54 existing
1257 3520 110 26 more
1398 3503 165 52 capable
1593 3501 47 39 of
1667 3501 2 58 .
1698 3514 47 33 an
1746 3514 25 33 d
1787 3513 33 32 hi
1820 3513 18 32 s
1856 3509 22 35 F
1878 3509 22 35 r
1900 3509 22 35 i
1923 3509 22 35 s
1945 3509 293 35 eur.—Friseur.
2265 3506 89 32 lam
2368 3513 124 33 sorry,
2506 3503 73 35 Sir,
2598 3508 37 26 to
2652 3501 61 32 tell
2734 3510 86 30 You,
2833 3501 79 31 that
2936 3509 93 26 vomit

309 3570 266 50 conciliating
587 3568 66 39 the
669 3567 184 39 different
863 3568 138 39 States,
1017 3562 77 40 and
1111 3560 210 51 collecting
1335 3557 104 39 their
1457 3554 180 41 afferent
1702 3562 80 32 hair
1812 3559 61 33 has
1898 3569 81 21 now
1998 3567 40 21 so
2065 3553 103 34 much
2200 3550 174 35 decayed,
2396 3549 79 33 that
2500 3550 27 31 it
2564 3549 28 31 is
2609 3553 64 27 nut
2701 3537 43 41 of
2758 3557 57 22 my
2839 3556 131 34 payer
2987 3550 14 30 r
3001 3550 15 30 a
3017 3550 15 30 i

313 3624 234 53 energieein
570 3635 76 26 one
661 3632 190 26 common
873 3619 126 51 point,
1019 3617 99 39 than
1140 3617 135 38 CHAIR
1290 3625 41 24 vs
1349 3611 50 39 of
1413 3608 228 40 Austria.—
1661 3613 6 43 i
1702 3609 96 33 dress
1817 3617 70 33 you
1905 3604 67 34 full
2006 3604 34 32 in
2057 3599 272 37 front.--Grnt.
2365 3596 84 34 You
2469 3607 67 22 are
2551 3594 112 43 right,
2679 3591 184 43 Thomas;
2898 3593 17 35 1
2937 3595 93 33 have

315 3679 73 39 llis
409 3661 253 69 popularity,
681 3674 54 37 his
759 3671 131 54 public
906 3670 73 39 and
1003 3669 159 53 private
1188 3669 165 40 virtues,
1382 3661 60 40 his
1469 3661 168 38 military
1662 3656 6 38 l
1704 3656 91 33 tried
1815 3654 129 33 innume
1944 3654 22 33 ,
1978 3651 84 33 able
2074 3648 168 44 specifics
2265 3645 56 33 for
2340 3646 60 31 the
2417 3654 98 31 grow
2529 3644 35 31 th
2580 3643 39 32 of
2636 3635 5 94 I
2657 3641 64 40 air
2721 3641 21 40 ;
2773 3643 63 31 hut
2863 3641 12 32 I
2901 3641 69 33 find
2986 3650 50 25 ms
3278 3635 6 57 j

317 3731 191 52 exploits,
544 3718 142 50 reniler
705 3725 83 39 him
811 3723 214 53 peculiarly
1050 3719 185 53 qualified
1260 3724 41 31 to
1331 3716 90 53 play
1460 3713 64 39 the
1553 3718 87 46 part
1665 3687 5 96 l
1706 3702 195 34 alteration
1920 3699 59 31 for
1998 3699 59 32 the
2080 3697 135 31 better.
2271 3694 73 31 Can
2373 3700 73 34 ynu
2467 3691 60 32 tell
2551 3700 54 21 me
2631 3690 44 31 of
2698 3699 21 21 a
2746 3687 141 43 remedy
2915 3689 119 37 really
3422 3705 12 15 .!

314 3785 52 39 of
394 3784 200 39 mediator
614 3781 74 38 and
710 3778 197 39 deliverer
935 3777 37 37 in
994 3776 70 35 the
1085 3777 146 48 present
1257 3768 210 41 distracted
1488 3771 100 33 state
1604 3765 45 39 of
1668 3763 25 74 '1
1707 3751 145 32 etli`'"c"
1941 3746 41 32 '''
1982 3746 13 32 -
1995 3746 28 32 '•
2023 3746 14 32 r
2037 3746 14 32 l
2052 3746 14 32 i
2066 3746 85 32 '''''•
2187 3741 13 34 I
2229 3751 20 28 c
2249 3751 20 28 a
2289 3751 21 28 ,
2331 3739 37 38 si
2368 3739 19 38 r
2387 3739 19 38 ,
2433 3738 69 33 and
2522 3748 69 21 (4"'
2609 3736 78 33 that
2791 3745 110 21 "e'en
2920 3733 116 34 f"ile'd

1710 3798 20 33 o
1730 3798 21 33 f
1763 3806 131 25 surres
1915 3807 9 20 :
1954 3795 13 34 i
1967 3795 13 34 t
1980 3795 14 34 ,
2014 3793 14 32 i
2028 3793 14 32 s
2062 3790 41 44 hi
2104 3790 21 44 g
2125 3790 64 44 hly
2212 3789 175 43 popular,
2418 3785 70 33 and
2522 3784 64 32 hay
2604 3795 21 21 a
2650 3783 43 41 Ito
2693 3783 14 41 .
2707 3783 59 41 lial
2789 3782 196 37 Sourtion;
3019 3780 21 37 t
3270 3761 13 6 ..

3305 3785 5 5 •

15 3801 1 115 1
17 3801 1 115 1
321 3839 71 38 the
407 3836 229 40 Cantivent.
671 3833 70 38 His
756 3830 279 47 organizatieu
1069 3827 48 38 of
1140 3827 65 37 the
1227 3821 184 41 Austrian
1433 3831 143 26 armies
1594 3830 52 26 on
1670 3801 5 115 i

1671 3842 22 48 tl
1711 3855 98 22 mean
1830 3843 61 33 the
1916 3842 181 31 Macaisar
2117 3839 156 31 Ni!---so
2291 3833 124 34 natneil
2435 3834 152 31 hecan4e
2610 3833 22 31 it
2669 3831 25 31 i.,
2725 3829 194 34 extracted
2941 3828 102 34 from.

320 3905 25 25 x
378 3902 112 27 more
509 3887 184 40 effecti.ve
715 3885 73 38 and
806 3881 239 40 formidable
1062 3879 155 38 footinn•
1234 3878 93 38 than
1351 3874 92 52 they
1465 3883 91 26 ever
1572 3870 74 38 had
1672 3880 7 37 T
1713 3905 19 20 a
1753 3901 47 22 ii
1800 3901 24 22 „
1856 3891 34 32 in
1909 3891 63 31 the
2000 3885 110 34 island
2146 3883 44 33 or
2223 3883 78 33 maea
2301 3883 59 33 ,,,
2360 3883 59 33 nr,
2451 3880 32 32 in
2513 3879 63 32 the
2609 3879 15 31 E
2624 3879 48 31 ,,,
2673 3879 17 31 t
2724 3876 106 33 itlilie:
2830 3876 27 33 ,.
2917 3876 32 33 it
2970 3876 28 32 I,
3014 3885 32 25 a

1192 3912 22 18 n

324 3946 116 43 been,
470 3956 109 26 since
600 3940 69 40 the
687 3935 302 41 establi.;:iment
1022 3933 48 37 of
1098 3932 66 38 the
1196 3927 236 51 monarchy,
1465 3922 74 40 will
1561 3924 91 51 give
1674 3893 24 65 11
1716 3939 129 43 tit:lie!
1864 3937 66 33 and
1959 3932 202 35 uniivancit
2185 3928 259 46 preparation,
2476 3926 69 33 anti
2583 3927 22 31 it
2628 3926 26 32 iS
2675 3925 33 31 in
2728 3924 61 32 tile
2811 3922 142 33 tiloiits.t
2986 3933 35 22 rt'

322 4011 27 24 s
350 4011 28 24 o
378 4011 57 24 me
455 3994 151 52 weight,
643 3997 46 34 to
723 3991 61 38 his
804 3987 254 53 negotiations
1058 3987 21 53 .
1109 3983 74 40 and
1213 3981 191 53 patriotic
1436 3977 216 39 eKertions.
1685 3951 5 96 :
1719 3984 46 47 le
1765 3984 22 47 a
1787 3984 46 47 te
1833 3984 142 47 —G.er.
2008 3980 18 34 I
2052 3979 182 41 cordially
2270 3976 115 34 thank
2417 3986 19 21 V
2443 3985 64 21 ou.
2576 3972 94 33 Who
2696 3981 64 22 are
2794 3972 37 31 th
2835 3981 20 19 e
2893 3951 28 63 pr
2921 3951 14 63 .
2939 3984 19 17 to
2967 3972 67 41 pri.
3034 3972 18 41 ,

325 4054 84 35 Our
432 4054 161 46 present
625 4046 141 38 olp;erY
774 4044 128 37 ations
924 4039 91 38 will,
1050 4038 185 52 perhaps,
1266 4032 159 53 explain
1449 4044 47 24 an
1519 4026 139 40 article
1680 4015 4 85 .
1719 4043 32 24 ie
1759 4045 53 21 ors
1830 4033 61 33 ?
1903 4033 157 30 t'reeer.
2093 4026 84 32 IIoN%
2190 4025 83 32 land
2306 4023 67 32 and
2418 4023 90 37 Son,
2536 4029 128 25 corner
2696 4017 44 34 of
2774 4015 129 44 Kirbv-
2903 4015 21 44 ,
2924 4015 131 44 tieet,

327 4104 38 38 i;i
387 4114 74 25 one
484 4102 47 38 or
544 4100 65 39 Ow
633 4098 69 39 last
728 4096 146 38 Freuch
899 4093 208 41 Bull:Lite:.
1149 4093 30 35 It
1200 4106 27 21 is
1240 4085 156 40 therein
1415 4088 72 34 dal
1496 4081 60 45 ea,
1574 4081 83 39 that
1681 4072 22 56 1.
1728 4078 252 37 Hatton-Gard
2008 4087 18 22 n
2044 4088 8 22 :
2081 4074 61 32 tee
2166 4072 27 33 it
2216 4072 27 32 is
2259 4071 78 33 :lige
2356 4069 13 33 ,
2369 4069 65 33 :elfl
2456 4069 47 43 by
2519 4068 94 33 titer
2631 4057 20 54 a
2652 4057 233 54 ppeieleioei
2907 4075 11 25 a
2917 4075 11 25 .
2928 4075 12 25 ;
2959 4070 64 30 mov
3022 4070 43 30 e.

27 4144 2 14 .
72 4144 5 14 .

325 4157 60 38 lie:
385 4157 15 38 -
422 4153 188 54 imperial
634 4150 304 44 lica..i-qua.rters
961 4160 21 24 e
994 4157 71 26 era
1098 4150 40 33 to
1160 4143 45 38 le;
1230 4137 206 44 reitteNed,
1466 4135 76 40 ;eat.
1576 4134 90 41 that
1683 4122 26 52 ti
1724 4129 149 34 minfet
1894 4136 59 35 Lee
1964 4124 37 33 fa
2009 4133 72 25 al,e-
2117 4123 33 33 e,;:7
2173 4129 33 25 t,
2217 4128 24 22 5%
2288 4130 41 22 as,
2336 4119 19 33 ~:i.
2375 4127 64 25 ,ou
2448 4124 97 35 urey•

85 4247 8 24 i
115 4237 5 34 '

30 4300 5 26 ,
3252 4300 1 26 .

1104 81 141 50 THE
1281 81 371 53 NATIONAL
1689 84 369 53 REGISTER.

2843 86 98 47 109

1631 226 126 52 relays
1778 227 44 40 of
1856 229 131 38 horses
2017 243 98 25 were
2139 230 237 40 established
2408 231 183 38 between
2621 230 224 35 Benevente
2867 229 85 40 and

1715 292 116 26 ()nue.
1886 282 70 37 We
1978 281 135 39 should
2134 287 73 33 not
2228 283 50 37 be
2308 283 37 38 in
2366 283 69 38 the
2469 283 97 37 least
2584 280 214 50 surprised,
2830 278 35 39 if
2889 293 63 28 w•

1629 345 97 24 soon
1747 332 117 40 heard
1886 333 48 37 of
1958 334 65 38 the
2042 335 142 51 speedy
2207 330 146 45 arrival
2381 334 48 40 of
2456 335 263 37 BusrArAturc
2747 335 41 33 at
2820 332 132 45 Paris,

1632 384 167 51 perhaps
1818 393 40 30 at
1878 386 229 50 Strasburg!

1685 437 30 35 L
1733 435 71 51 ght
1822 436 138 40 vessels
1981 438 99 38 have
2107 437 159 40 arrived
2296 443 40 33 at
2357 433 231 53 Liverpool,
2610 433 115 40 laden
2745 433 96 39 with
2859 439 70 37 cot-

1632 491 83 40 ton,
1747 501 24 22 m
1782 487 85 39 hich
1905 489 80 39 had
2001 491 163 50 escaped
2198 490 106 38 from
2326 490 183 39 America
2543 488 37 38 in
2602 487 193 39 violation
2815 488 50 37 of
2882 488 72 40 the

1636 539 198 53 Embargo
1863 544 90 35 Act.
2009 542 84 38 The
2128 542 202 52 Embargo
2365 544 91 40 Act,
2485 539 126 40 which
2634 539 135 51 i%issed
2798 550 53 26 on
2881 540 73 40 the

1659 591 39 39 th
1722 593 48 37 of
1796 596 196 48 January,
2022 595 180 38 contains
2238 608 20 22 a
2297 593 131 39 clause
2459 592 129 38 which
2608 596 135 33 enacts
2772 591 89 38 that
2898 591 63 39 aIF

1635 643 139 39 vessels
1815 645 128 38 which
2000 658 100 26 were
2160 645 97 39 then
2301 643 141 41 loaded
2486 641 144 40 should
2676 643 275 52 immediately

1633 696 150 38 re-land
1801 698 99 37 their
1917 710 180 39 cargoes,
2117 710 48 25 or
2180 700 92 47 give
2285 694 236 41 substantial
2539 694 131 38 bonds
2691 698 45 33 to
2754 694 59 37 six
2833 693 106 39 times
2940 693 21 39 ,

1635 748 103 38 their
1754 748 129 45 value,
1913 749 87 38 that
2021 749 90 51 they
2135 748 131 40 would
2287 754 71 33 not
2378 746 171 52 proceed
2567 750 41 34 to
2629 758 22 25 a
2665 743 157 52 foreign
2841 751 110 45 port.

1687 804 86 37 One
1791 801 46 38 of
1860 801 67 38 the
1949 801 129 39 above
2100 800 142 39 vessels
2261 801 69 38 bas
2357 798 180 52 brought
2555 795 226 41 New-York
2804 797 154 51 Papers

1636 857 41 32 to
1713 850 66 40 the
1815 853 86 38 11th
1939 853 70 38 ult.
2068 854 119 37 From
2222 850 67 40 the
2356 853 248 37 milertanale
2636 848 203 39 Chronicle

1636 904 89 38 that
1743 904 105 45 'lntr.,
1871 917 57 26 we
1948 904 118 39 make
2082 906 65 37 the
2165 904 206 51 following
2383 906 178 35 extracts
2580 919 64 18 :

1746 958 83 37 The
1844 956 71 39 Bill
1937 956 63 39 for
2019 957 207 47 coforcinz
2245 956 67 39 the
2335 956 231 48 Embargo,
2584 950 129 40 which
2731 948 227 52 originated

1639 1007 34 38 in
1713 1007 69 39 the
1814 1011 154 43 Serytte,
2013 1009 229 39 underwent
2277 1006 118 40 much
2435 1004 216 40 discussion
2691 1003 77 38 and
2804 1000 161 43 several

1637 1059 286 46 amendments,
1955 1072 106 39 upon
2091 1059 128 39 which
2250 1058 67 39 the
2353 1059 109 37 Yeas
2480 1055 76 39 and
2580 1058 105 34 :bass
2707 1067 103 26 were
2830 1054 135 40 called:

1641 1117 61 33 ten
1724 1111 178 39 different
1938 1113 129 38 times.
2122 1113 90 38 The
2248 1109 73 40 NH
2352 1122 81 25 was
2461 1098 233 58 eventuaily
2727 1106 146 53 agreed
2896 1111 61 39 to,

1639 1166 50 51 by
1711 1176 24 27 a
1756 1166 184 51 major;ty
1958 1163 47 38 of
2022 1176 107 25 more
2145 1165 100 37 than
2264 1168 79 33 two
2368 1167 44 33 to
2433 1172 103 32 one;
2559 1161 105 35 Yeas
2683 1162 65 39 71,
2767 1161 79 47 Na)
2858 1170 15 22 s

1752 1220 60 35 On
1827 1217 170 51 Saturday
1997 1217 21 51 -
2041 1215 64 39 the
2122 1221 17 32 7
2152 1217 40 37 th
2216 1215 90 38 inst.
2322 1213 69 38 the
2409 1214 144 35 Senate
2569 1209 223 39 concurred
2813 1209 39 35 in
2875 1212 91 48 pilsiL.

2603 1260 20 39 ,
2623 1260 104 39 vhich
2750 1259 77 39 had
2859 1261 31 38 b'
