<?xml version="1.0" encoding="UTF-8"?>
<alto xmlns:xsi="http://www.w3.org/2001/XMLSchema-instance" xsi:noNamespaceSchemaLocation="http://schema.ccs-gmbh.com/docworks/alto-1-4.xsd" xmlns:xlink="http://www.w3.org/1999/xlink">
	<Description>
		<MeasurementUnit>pixel</MeasurementUnit>
		<sourceImageInformation>
			<fileName>//NP1-STOR2/data01/blend6/2019-08-02_09_02/2019-08-02_09_02_00992.tif</fileName>
		</sourceImageInformation>
		<OCRProcessing ID="OCRPROCESSING_1">
			<preProcessingStep>
				<processingSoftware>
					<softwareCreator>CCS Content Conversion Specialists GmbH, Hamburg, Germany</softwareCreator>
					<softwareName>CCS docWorks</softwareName>
					<softwareVersion>7.0-1.47</softwareVersion>
				</processingSoftware>
			</preProcessingStep>
			<ocrProcessingStep>
				<processingStepSettings>Character Count: 9629 
Predicted Word Accuracy: 88.6% 
Suspicious Character Count: 161 
Word Count: 1778 
Suspicious Word Count: 295 
width: 3461 
height: 4453 
xdpi: 300 
ydpi: 300 
source-image: //NP1-STOR2/data01/blend6/2019-08-02_09_02/2019-08-02_09_02_00992.tif</processingStepSettings>
				<processingSoftware>
					<softwareCreator>Nuance Communications, Inc.</softwareCreator>
					<softwareName>OmniPage</softwareName>
					<softwareVersion>20</softwareVersion>
				</processingSoftware>
			</ocrProcessingStep>
		</OCRProcessing>
	</Description>
	<Styles>
		<TextStyle ID="TXT_0" FONTSIZE="0" FONTFAMILY="" FONTSTYLE="bold"/>
		<TextStyle ID="TXT_1" FONTSIZE="0" FONTFAMILY="" FONTSTYLE="bold"/>
		<TextStyle ID="TXT_2" FONTSIZE="0" FONTFAMILY="" FONTSTYLE="bold italics"/>
		<TextStyle ID="TXT_3" FONTSIZE="0" FONTFAMILY=""/>
		<TextStyle ID="TXT_4" FONTSIZE="0" FONTFAMILY="" FONTSTYLE="italics"/>
		<TextStyle ID="TXT_5" FONTSIZE="0" FONTFAMILY="" FONTSTYLE="bold italics"/>
		<TextStyle ID="TXT_6" FONTSIZE="0" FONTFAMILY=""/>
		<ParagraphStyle ID="PAR_LEFT" ALIGN="Left"/>
		<ParagraphStyle ID="PAR_BLOCK" ALIGN="Block"/>
		<ParagraphStyle ID="PAR_RIGHT" ALIGN="Right"/>
	</Styles>
	<Layout>
		<Page ID="P6" PHYSICAL_IMG_NR="6" HEIGHT="4453" WIDTH="3461" PC="0.886">
			<TopMargin ID="P6_TM00001" HPOS="0" VPOS="0" WIDTH="3461" HEIGHT="70"/>
			<LeftMargin ID="P6_LM00001" HPOS="0" VPOS="70" WIDTH="185" HEIGHT="4157"/>
			<RightMargin ID="P6_RM00001" HPOS="3459" VPOS="70" WIDTH="1" HEIGHT="4157"/>
			<BottomMargin ID="P6_BM00001" HPOS="0" VPOS="4227" WIDTH="3461" HEIGHT="226"/>
			<PrintSpace ID="P6_PS00001" HPOS="185" VPOS="70" WIDTH="3275" HEIGHT="4158">
				<TextBlock ID="pa0006001" HPOS="1108" VPOS="89" WIDTH="987" HEIGHT="54" STYLEREFS="TXT_0 PAR_LEFT">
					<TextLine ID="P6_TL00001" HPOS="1110" VPOS="91" WIDTH="985" HEIGHT="52">
						<String ID="word000001" HPOS="1110" VPOS="91" WIDTH="150" HEIGHT="52" CONTENT="THE" WC="0.96" CC="001"/>
						<SP ID="P6_SP00001" HPOS="1260" VPOS="143" WIDTH="35"/>
						<String ID="word000002" HPOS="1296" VPOS="91" WIDTH="380" HEIGHT="52" CONTENT="NATIONAL" WC="0.99" CC="00000010"/>
						<SP ID="P6_SP00002" HPOS="1676" VPOS="143" WIDTH="35"/>
						<String ID="word000003" HPOS="1711" VPOS="91" WIDTH="384" HEIGHT="52" CONTENT="REGISTER." WC="1.00" CC="000000000"/>
						<SP ID="P6_SP00003" HPOS="2095" VPOS="143" WIDTH="0"/>
					</TextLine>
				</TextBlock>
				<TextBlock ID="pa0006002" HPOS="216" VPOS="231" WIDTH="1360" HEIGHT="673" STYLEREFS="TXT_1 PAR_BLOCK">
					<TextLine ID="P6_TL00002" HPOS="216" VPOS="235" WIDTH="1353" HEIGHT="50">
						<String ID="word000004" HPOS="216" VPOS="235" WIDTH="138" HEIGHT="34" CONTENT="theirs." WC="0.76" CC="2223222"/>
						<SP ID="P6_SP00004" HPOS="354" VPOS="269" WIDTH="56"/>
						<String ID="word000005" HPOS="410" VPOS="236" WIDTH="57" HEIGHT="34" CONTENT="An" WC="1.00" CC="00"/>
						<SP ID="P6_SP00005" HPOS="467" VPOS="270" WIDTH="15"/>
						<String ID="word000006" HPOS="482" VPOS="237" WIDTH="204" HEIGHT="34" CONTENT="alteration" WC="1.00" CC="0000000000"/>
						<SP ID="P6_SP00006" HPOS="686" VPOS="272" WIDTH="17"/>
						<String ID="word000007" HPOS="703" VPOS="239" WIDTH="72" HEIGHT="32" CONTENT="had" WC="0.96" CC="010"/>
						<SP ID="P6_SP00007" HPOS="775" VPOS="272" WIDTH="13"/>
						<String ID="word000008" HPOS="788" VPOS="240" WIDTH="90" HEIGHT="32" CONTENT="been" WC="1.00" CC="0000"/>
						<SP ID="P6_SP00008" HPOS="878" VPOS="272" WIDTH="13"/>
						<String ID="word000009" HPOS="891" VPOS="239" WIDTH="185" HEIGHT="44" CONTENT="procured" WC="0.97" CC="10000010"/>
						<SP ID="P6_SP00009" HPOS="1076" VPOS="282" WIDTH="20"/>
						<String ID="word000010" HPOS="1096" VPOS="240" WIDTH="35" HEIGHT="33" CONTENT="in" WC="0.94" CC="10"/>
						<SP ID="P6_SP00010" HPOS="1131" VPOS="282" WIDTH="17"/>
						<String ID="word000011" HPOS="1148" VPOS="240" WIDTH="61" HEIGHT="34" CONTENT="the" WC="0.96" CC="001"/>
						<SP ID="P6_SP00011" HPOS="1209" VPOS="282" WIDTH="19"/>
						<String ID="word000012" HPOS="1228" VPOS="241" WIDTH="158" HEIGHT="41" CONTENT="original" WC="0.96" CC="00001011"/>
						<SP ID="P6_SP00012" HPOS="1387" VPOS="282" WIDTH="13"/>
						<String ID="word000013" HPOS="1400" VPOS="241" WIDTH="104" HEIGHT="44" CONTENT="levy," WC="0.95" CC="01010"/>
						<SP ID="P6_SP00013" HPOS="1504" VPOS="285" WIDTH="18"/>
						<String ID="word000014" HPOS="1521" VPOS="241" WIDTH="47" HEIGHT="43" CONTENT="by" WC="1.00" CC="00"/>
						<SP ID="P6_SP00014" HPOS="1569" VPOS="285" WIDTH="0"/>
					</TextLine>
					<TextLine ID="P6_TL00003" HPOS="223" VPOS="282" WIDTH="1347" HEIGHT="44">
						<String ID="word000015" HPOS="223" VPOS="282" WIDTH="94" HEIGHT="34" CONTENT="Mrs." WC="0.97" CC="1000"/>
						<SP ID="P6_SP00015" HPOS="318" VPOS="317" WIDTH="15"/>
						<String ID="word000016" HPOS="333" VPOS="283" WIDTH="174" HEIGHT="35" CONTENT="Clarke's" WC="0.92" CC="11300010"/>
						<SP ID="P6_SP00016" HPOS="507" VPOS="319" WIDTH="20"/>
						<String ID="word000017" HPOS="527" VPOS="287" WIDTH="195" HEIGHT="39" CONTENT="influence," WC="0.71" CC="1377051011"/>
						<SP ID="P6_SP00017" HPOS="722" VPOS="326" WIDTH="18"/>
						<String ID="word000018" HPOS="739" VPOS="285" WIDTH="60" HEIGHT="34" CONTENT="for" WC="1.00" CC="000"/>
						<SP ID="P6_SP00018" HPOS="800" VPOS="326" WIDTH="17"/>
						<String ID="word000019" HPOS="816" VPOS="287" WIDTH="122" HEIGHT="33" CONTENT="which" WC="0.95" CC="10010"/>
						<SP ID="P6_SP00019" HPOS="938" VPOS="326" WIDTH="20"/>
						<String ID="word000020" HPOS="958" VPOS="286" WIDTH="65" HEIGHT="34" CONTENT="she" WC="1.00" CC="000"/>
						<SP ID="P6_SP00020" HPOS="1023" VPOS="326" WIDTH="19"/>
						<String ID="word000021" HPOS="1042" VPOS="298" WIDTH="76" HEIGHT="22" CONTENT="was" WC="0.96" CC="001"/>
						<SP ID="P6_SP00021" HPOS="1117" VPOS="326" WIDTH="13"/>
						<String ID="word000022" HPOS="1130" VPOS="294" WIDTH="39" HEIGHT="26" CONTENT="to" WC="1.00" CC="00"/>
						<SP ID="P6_SP00022" HPOS="1169" VPOS="326" WIDTH="17"/>
						<String ID="word000023" HPOS="1186" VPOS="287" WIDTH="144" HEIGHT="34" CONTENT="receive" WC="0.97" CC="0100010"/>
						<SP ID="P6_SP00023" HPOS="1330" VPOS="326" WIDTH="17"/>
						<String ID="word000024" HPOS="1346" VPOS="287" WIDTH="58" HEIGHT="35" CONTENT="500" WC="0.64" CC="346"/>
						<SP ID="P6_SP00024" HPOS="1404" VPOS="326" WIDTH="0"/>
						<String ID="word000025" HPOS="1404" VPOS="287" WIDTH="40" HEIGHT="35" CONTENT="f." WC="0.64" CC="00"/>
						<SP ID="P6_SP00025" HPOS="1444" VPOS="326" WIDTH="18"/>
						<String ID="word000026" HPOS="1462" VPOS="288" WIDTH="70" HEIGHT="32" CONTENT="and" WC="0.93" CC="110"/>
						<SP ID="P6_SP00026" HPOS="1532" VPOS="326" WIDTH="20"/>
						<String ID="word000027" HPOS="1552" VPOS="300" WIDTH="18" HEIGHT="20" CONTENT="a" WC="0.67" CC="3"/>
						<SP ID="P6_SP00027" HPOS="1570" VPOS="326" WIDTH="0"/>
					</TextLine>
					<TextLine ID="P6_TL00004" HPOS="221" VPOS="333" WIDTH="1349" HEIGHT="47">
						<String ID="word000028" HPOS="221" VPOS="333" WIDTH="139" HEIGHT="43" CONTENT="guinea" WC="0.96" CC="100001"/>
						<SP ID="P6_SP00028" HPOS="360" VPOS="376" WIDTH="18"/>
						<String ID="word000029" HPOS="378" VPOS="343" WIDTH="67" HEIGHT="33" CONTENT="per" WC="1.00" CC="000"/>
						<SP ID="P6_SP00029" HPOS="445" VPOS="376" WIDTH="17"/>
						<String ID="word000030" HPOS="462" VPOS="344" WIDTH="84" HEIGHT="22" CONTENT="man" WC="0.96" CC="010"/>
						<SP ID="P6_SP00030" HPOS="546" VPOS="376" WIDTH="15"/>
						<String ID="word000031" HPOS="561" VPOS="344" WIDTH="44" HEIGHT="22" CONTENT="on" WC="1.00" CC="00"/>
						<SP ID="P6_SP00031" HPOS="605" VPOS="376" WIDTH="18"/>
						<String ID="word000032" HPOS="622" VPOS="333" WIDTH="93" HEIGHT="33" CONTENT="each" WC="0.94" CC="0200"/>
						<SP ID="P6_SP00032" HPOS="716" VPOS="376" WIDTH="14"/>
						<String ID="word000033" HPOS="730" VPOS="334" WIDTH="136" HEIGHT="33" CONTENT="recruit" WC="0.98" CC="0100000"/>
						<SP ID="P6_SP00033" HPOS="866" VPOS="376" WIDTH="17"/>
						<String ID="word000034" HPOS="882" VPOS="333" WIDTH="133" HEIGHT="34" CONTENT="raised." WC="0.92" CC="0201101"/>
						<SP ID="P6_SP00034" HPOS="1016" VPOS="376" WIDTH="34"/>
						<String ID="word000035" HPOS="1050" VPOS="334" WIDTH="60" HEIGHT="33" CONTENT="He" WC="0.61" CC="70"/>
						<SP ID="P6_SP00035" HPOS="1110" VPOS="376" WIDTH="13"/>
						<String ID="word000036" HPOS="1123" VPOS="335" WIDTH="291" HEIGHT="43" CONTENT="acknowledged" WC="0.97" CC="000000200010"/>
						<SP ID="P6_SP00036" HPOS="1414" VPOS="378" WIDTH="12"/>
						<String ID="word000037" HPOS="1426" VPOS="343" WIDTH="124" HEIGHT="37" CONTENT="accept" SUBS_TYPE="HypPart1" SUBS_CONTENT="accepting" WC="0.97" CC="001000"/>
						<HYP HPOS="1550" VPOS="343" WIDTH="20" CONTENT="-"/>
					</TextLine>
					<TextLine ID="P6_TL00005" HPOS="224" VPOS="379" WIDTH="1348" HEIGHT="43">
						<String ID="word000038" HPOS="224" VPOS="379" WIDTH="63" HEIGHT="43" CONTENT="ing" SUBS_TYPE="HypPart2" SUBS_CONTENT="accepting" WC="1.00" CC="000"/>
						<SP ID="P6_SP00037" HPOS="287" VPOS="422" WIDTH="19"/>
						<String ID="word000039" HPOS="306" VPOS="379" WIDTH="64" HEIGHT="33" CONTENT="the" WC="1.00" CC="000"/>
						<SP ID="P6_SP00038" HPOS="370" VPOS="422" WIDTH="17"/>
						<String ID="word000040" HPOS="386" VPOS="379" WIDTH="94" HEIGHT="34" CONTENT="draft" WC="0.98" CC="00001"/>
						<SP ID="P6_SP00039" HPOS="481" VPOS="422" WIDTH="22"/>
						<String ID="word000041" HPOS="503" VPOS="379" WIDTH="61" HEIGHT="34" CONTENT="for" WC="1.00" CC="000"/>
						<SP ID="P6_SP00040" HPOS="565" VPOS="422" WIDTH="14"/>
						<String ID="word000042" HPOS="579" VPOS="381" WIDTH="98" HEIGHT="34" CONTENT="1200/." WC="0.44" CC="765561"/>
						<SP ID="P6_SP00041" HPOS="677" VPOS="422" WIDTH="20"/>
						<String ID="word000043" HPOS="697" VPOS="380" WIDTH="131" HEIGHT="34" CONTENT="drawn" WC="0.98" CC="00100"/>
						<SP ID="P6_SP00042" HPOS="828" VPOS="422" WIDTH="19"/>
						<String ID="word000044" HPOS="847" VPOS="381" WIDTH="35" HEIGHT="33" CONTENT="in" WC="0.83" CC="03"/>
						<SP ID="P6_SP00043" HPOS="882" VPOS="422" WIDTH="19"/>
						<String ID="word000045" HPOS="901" VPOS="381" WIDTH="135" HEIGHT="35" CONTENT="favour" WC="0.89" CC="110130"/>
						<SP ID="P6_SP00044" HPOS="1036" VPOS="422" WIDTH="22"/>
						<String ID="word000046" HPOS="1058" VPOS="381" WIDTH="44" HEIGHT="34" CONTENT="of" WC="1.00" CC="00"/>
						<SP ID="P6_SP00045" HPOS="1102" VPOS="422" WIDTH="18"/>
						<String ID="word000047" HPOS="1120" VPOS="384" WIDTH="72" HEIGHT="33" CONTENT="Mr." WC="1.00" CC="000"/>
						<SP ID="P6_SP00046" HPOS="1192" VPOS="422" WIDTH="15"/>
						<String ID="word000048" HPOS="1207" VPOS="385" WIDTH="129" HEIGHT="37" CONTENT="Corri," WC="0.57" CC="333653"/>
						<SP ID="P6_SP00047" HPOS="1336" VPOS="422" WIDTH="19"/>
						<String ID="word000049" HPOS="1355" VPOS="383" WIDTH="124" HEIGHT="34" CONTENT="which" WC="1.00" CC="00000"/>
						<SP ID="P6_SP00048" HPOS="1479" VPOS="422" WIDTH="21"/>
						<String ID="word000050" HPOS="1500" VPOS="393" WIDTH="72" HEIGHT="24" CONTENT="was" WC="1.00" CC="000"/>
						<SP ID="P6_SP00049" HPOS="1572" VPOS="422" WIDTH="0"/>
					</TextLine>
					<TextLine ID="P6_TL00006" HPOS="222" VPOS="428" WIDTH="1351" HEIGHT="48">
						<String ID="word000051" HPOS="222" VPOS="428" WIDTH="136" HEIGHT="44" CONTENT="placed" WC="0.94" CC="111000"/>
						<SP ID="P6_SP00050" HPOS="358" VPOS="471" WIDTH="19"/>
						<String ID="word000052" HPOS="377" VPOS="431" WIDTH="40" HEIGHT="30" CONTENT="to" WC="0.94" CC="01"/>
						<SP ID="P6_SP00051" HPOS="417" VPOS="471" WIDTH="19"/>
						<String ID="word000053" HPOS="436" VPOS="428" WIDTH="59" HEIGHT="33" CONTENT="the" WC="0.89" CC="003"/>
						<SP ID="P6_SP00052" HPOS="495" VPOS="471" WIDTH="12"/>
						<String ID="word000054" HPOS="507" VPOS="429" WIDTH="89" HEIGHT="45" CONTENT="levy" WC="0.83" CC="4020"/>
						<SP ID="P6_SP00053" HPOS="595" VPOS="474" WIDTH="17"/>
						<String ID="word000055" HPOS="612" VPOS="435" WIDTH="172" HEIGHT="28" CONTENT="account." WC="0.92" CC="10131000"/>
						<SP ID="P6_SP00054" HPOS="784" VPOS="474" WIDTH="54"/>
						<String ID="word000056" HPOS="839" VPOS="430" WIDTH="60" HEIGHT="33" CONTENT="He" WC="0.72" CC="50"/>
						<SP ID="P6_SP00055" HPOS="899" VPOS="474" WIDTH="19"/>
						<String ID="word000057" HPOS="918" VPOS="441" WIDTH="77" HEIGHT="24" CONTENT="was" WC="0.93" CC="110"/>
						<SP ID="P6_SP00056" HPOS="994" VPOS="474" WIDTH="18"/>
						<String ID="word000058" HPOS="1012" VPOS="431" WIDTH="80" HEIGHT="33" CONTENT="told" WC="0.97" CC="0100"/>
						<SP ID="P6_SP00057" HPOS="1093" VPOS="474" WIDTH="24"/>
						<String ID="word000059" HPOS="1116" VPOS="431" WIDTH="89" HEIGHT="33" CONTENT="Mrs." WC="0.97" CC="1000"/>
						<SP ID="P6_SP00058" HPOS="1205" VPOS="474" WIDTH="24"/>
						<String ID="word000060" HPOS="1228" VPOS="431" WIDTH="141" HEIGHT="33" CONTENT="Clarke" WC="0.94" CC="110010"/>
						<SP ID="P6_SP00059" HPOS="1369" VPOS="474" WIDTH="15"/>
						<String ID="word000061" HPOS="1384" VPOS="437" WIDTH="64" HEIGHT="35" CONTENT="got" WC="1.00" CC="000"/>
						<SP ID="P6_SP00060" HPOS="1448" VPOS="474" WIDTH="18"/>
						<String ID="word000062" HPOS="1466" VPOS="442" WIDTH="107" HEIGHT="34" CONTENT="litany" WC="0.65" CC="676000"/>
						<SP ID="P6_SP00061" HPOS="1573" VPOS="476" WIDTH="0"/>
					</TextLine>
					<TextLine ID="P6_TL00007" HPOS="221" VPOS="476" WIDTH="1354" HEIGHT="45">
						<String ID="word000063" HPOS="221" VPOS="484" WIDTH="97" HEIGHT="24" CONTENT="sums" WC="0.64" CC="3325"/>
						<SP ID="P6_SP00062" HPOS="318" VPOS="508" WIDTH="13"/>
						<String ID="word000064" HPOS="331" VPOS="484" WIDTH="47" HEIGHT="24" CONTENT="on" WC="1.00" CC="00"/>
						<SP ID="P6_SP00063" HPOS="378" VPOS="508" WIDTH="13"/>
						<String ID="word000065" HPOS="391" VPOS="476" WIDTH="61" HEIGHT="33" CONTENT="the" WC="1.00" CC="000"/>
						<SP ID="P6_SP00064" HPOS="452" VPOS="509" WIDTH="19"/>
						<String ID="word000066" HPOS="471" VPOS="476" WIDTH="86" HEIGHT="45" CONTENT="levy" WC="0.56" CC="3436"/>
						<SP ID="P6_SP00065" HPOS="557" VPOS="521" WIDTH="21"/>
						<String ID="word000067" HPOS="579" VPOS="483" WIDTH="174" HEIGHT="33" CONTENT="account," WC="0.82" CC="23040301"/>
						<SP ID="P6_SP00066" HPOS="752" VPOS="521" WIDTH="20"/>
						<String ID="word000068" HPOS="772" VPOS="483" WIDTH="38" HEIGHT="27" CONTENT="to" WC="1.00" CC="00"/>
						<SP ID="P6_SP00067" HPOS="810" VPOS="521" WIDTH="18"/>
						<String ID="word000069" HPOS="828" VPOS="478" WIDTH="63" HEIGHT="33" CONTENT="the" WC="0.96" CC="001"/>
						<SP ID="P6_SP00068" HPOS="891" VPOS="521" WIDTH="13"/>
						<String ID="word000070" HPOS="904" VPOS="484" WIDTH="154" HEIGHT="28" CONTENT="amount" WC="1.00" CC="000000"/>
						<SP ID="P6_SP00069" HPOS="1057" VPOS="521" WIDTH="17"/>
						<String ID="word000071" HPOS="1074" VPOS="477" WIDTH="44" HEIGHT="34" CONTENT="of" WC="1.00" CC="00"/>
						<SP ID="P6_SP00070" HPOS="1117" VPOS="521" WIDTH="28"/>
						<String ID="word000072" HPOS="1146" VPOS="478" WIDTH="120" HEIGHT="34" CONTENT="1700/." WC="0.85" CC="100070"/>
						<SP ID="P6_SP00071" HPOS="1266" VPOS="521" WIDTH="31"/>
						<String ID="word000073" HPOS="1297" VPOS="478" WIDTH="61" HEIGHT="33" CONTENT="lle" WC="0.63" CC="550"/>
						<SP ID="P6_SP00072" HPOS="1358" VPOS="521" WIDTH="21"/>
						<String ID="word000074" HPOS="1380" VPOS="477" WIDTH="69" HEIGHT="33" CONTENT="had" WC="0.96" CC="001"/>
						<SP ID="P6_SP00073" HPOS="1448" VPOS="521" WIDTH="17"/>
						<String ID="word000075" HPOS="1465" VPOS="489" WIDTH="110" HEIGHT="22" CONTENT="never" WC="0.95" CC="01100" STYLEREFS="TXT_2"/>
						<SP ID="P6_SP00074" HPOS="1574" VPOS="521" WIDTH="0"/>
					</TextLine>
					<TextLine ID="P6_TL00008" HPOS="227" VPOS="522" WIDTH="1349" HEIGHT="49">
						<String ID="word000076" HPOS="227" VPOS="522" WIDTH="116" HEIGHT="32" CONTENT="heard" WC="0.84" CC="51100"/>
						<SP ID="P6_SP00075" HPOS="343" VPOS="554" WIDTH="21"/>
						<String ID="word000077" HPOS="364" VPOS="522" WIDTH="79" HEIGHT="33" CONTENT="that" WC="0.97" CC="0100"/>
						<SP ID="P6_SP00076" HPOS="443" VPOS="555" WIDTH="37"/>
						<String ID="word000078" HPOS="480" VPOS="524" WIDTH="92" HEIGHT="32" CONTENT="Mrs." WC="0.86" CC="1031"/>
						<SP ID="P6_SP00077" HPOS="572" VPOS="556" WIDTH="20"/>
						<String ID="word000079" HPOS="592" VPOS="524" WIDTH="142" HEIGHT="34" CONTENT="Clarke" WC="0.93" CC="101110"/>
						<SP ID="P6_SP00078" HPOS="733" VPOS="559" WIDTH="32"/>
						<String ID="word000080" HPOS="765" VPOS="524" WIDTH="71" HEIGHT="33" CONTENT="had" WC="0.96" CC="010"/>
						<SP ID="P6_SP00079" HPOS="836" VPOS="559" WIDTH="31"/>
						<String ID="word000081" HPOS="867" VPOS="524" WIDTH="76" HEIGHT="34" CONTENT="oli,•a" WC="0.33" CC="873657"/>
						<SP ID="P6_SP00080" HPOS="943" VPOS="559" WIDTH="9"/>
						<String ID="word000082" HPOS="952" VPOS="526" WIDTH="181" HEIGHT="45" CONTENT="ppointed" WC="0.88" CC="10041111"/>
						<SP ID="P6_SP00081" HPOS="1133" VPOS="570" WIDTH="33"/>
						<String ID="word000083" HPOS="1166" VPOS="528" WIDTH="64" HEIGHT="33" CONTENT="the" WC="1.00" CC="000"/>
						<SP ID="P6_SP00082" HPOS="1230" VPOS="570" WIDTH="32"/>
						<String ID="word000084" HPOS="1261" VPOS="527" WIDTH="262" HEIGHT="43" CONTENT="expectations" WC="1.00" CC="000000000000"/>
						<SP ID="P6_SP00083" HPOS="1524" VPOS="570" WIDTH="14"/>
						<String ID="word000085" HPOS="1538" VPOS="527" WIDTH="38" HEIGHT="32" CONTENT="of" WC="1.00" CC="00"/>
						<SP ID="P6_SP00084" HPOS="1576" VPOS="570" WIDTH="0"/>
					</TextLine>
					<TextLine ID="P6_TL00009" HPOS="229" VPOS="569" WIDTH="1343" HEIGHT="51">
						<String ID="word000086" HPOS="229" VPOS="569" WIDTH="89" HEIGHT="34" CONTENT="Col." WC="0.97" CC="0010"/>
						<SP ID="P6_SP00085" HPOS="318" VPOS="604" WIDTH="25"/>
						<String ID="word000087" HPOS="343" VPOS="569" WIDTH="144" HEIGHT="34" CONTENT="French" WC="0.78" CC="411231"/>
						<SP ID="P6_SP00086" HPOS="487" VPOS="604" WIDTH="33"/>
						<String ID="word000088" HPOS="520" VPOS="572" WIDTH="72" HEIGHT="34" CONTENT="and" WC="1.00" CC="000"/>
						<SP ID="P6_SP00087" HPOS="592" VPOS="606" WIDTH="15"/>
						<String ID="word000089" HPOS="607" VPOS="572" WIDTH="164" HEIGHT="43" CONTENT="Cnptain" WC="0.56" CC="3843433"/>
						<SP ID="P6_SP00088" HPOS="771" VPOS="614" WIDTH="33"/>
						<String ID="word000090" HPOS="804" VPOS="574" WIDTH="51" HEIGHT="33" CONTENT="11." WC="0.78" CC="330"/>
						<SP ID="P6_SP00089" HPOS="855" VPOS="614" WIDTH="22"/>
						<String ID="word000091" HPOS="878" VPOS="573" WIDTH="142" HEIGHT="34" CONTENT="S:tnden" WC="0.56" CC="4553335"/>
						<SP ID="P6_SP00090" HPOS="1019" VPOS="614" WIDTH="25"/>
						<String ID="word000092" HPOS="1044" VPOS="583" WIDTH="41" HEIGHT="24" CONTENT="as" WC="0.89" CC="11"/>
						<SP ID="P6_SP00091" HPOS="1085" VPOS="614" WIDTH="32"/>
						<String ID="word000093" HPOS="1117" VPOS="580" WIDTH="38" HEIGHT="27" CONTENT="to" WC="0.94" CC="01"/>
						<SP ID="P6_SP00092" HPOS="1155" VPOS="614" WIDTH="22"/>
						<String ID="word000094" HPOS="1178" VPOS="574" WIDTH="112" HEIGHT="33" CONTENT="other" WC="1.00" CC="00000"/>
						<SP ID="P6_SP00093" HPOS="1290" VPOS="614" WIDTH="17"/>
						<String ID="word000095" HPOS="1306" VPOS="574" WIDTH="266" HEIGHT="46" CONTENT="applications," WC="0.97" CC="0110000010000"/>
						<SP ID="P6_SP00094" HPOS="1572" VPOS="620" WIDTH="0"/>
					</TextLine>
					<TextLine ID="P6_TL00010" HPOS="227" VPOS="618" WIDTH="963" HEIGHT="47">
						<String ID="word000096" HPOS="227" VPOS="626" WIDTH="70" HEIGHT="26" CONTENT="nor" WC="0.67" CC="522"/>
						<SP ID="P6_SP00095" HPOS="296" VPOS="652" WIDTH="24"/>
						<String ID="word000097" HPOS="320" VPOS="618" WIDTH="66" HEIGHT="32" CONTENT="did" WC="1.00" CC="000"/>
						<SP ID="P6_SP00096" HPOS="386" VPOS="652" WIDTH="17"/>
						<String ID="word000098" HPOS="403" VPOS="619" WIDTH="43" HEIGHT="33" CONTENT="he" WC="0.94" CC="01"/>
						<SP ID="P6_SP00097" HPOS="445" VPOS="652" WIDTH="20"/>
						<String ID="word000099" HPOS="465" VPOS="619" WIDTH="113" HEIGHT="33" CONTENT="know" WC="0.75" CC="0342"/>
						<SP ID="P6_SP00098" HPOS="579" VPOS="652" WIDTH="19"/>
						<String ID="word000100" HPOS="598" VPOS="620" WIDTH="41" HEIGHT="32" CONTENT="of" WC="0.94" CC="01"/>
						<SP ID="P6_SP00099" HPOS="639" VPOS="652" WIDTH="13"/>
						<String ID="word000101" HPOS="652" VPOS="620" WIDTH="110" HEIGHT="32" CONTENT="other" WC="1.00" CC="00000"/>
						<SP ID="P6_SP00100" HPOS="762" VPOS="652" WIDTH="19"/>
						<String ID="word000102" HPOS="781" VPOS="621" WIDTH="255" HEIGHT="44" CONTENT="applications" WC="0.85" CC="021423111100"/>
						<SP ID="P6_SP00101" HPOS="1036" VPOS="665" WIDTH="19"/>
						<String ID="word000103" HPOS="1055" VPOS="626" WIDTH="39" HEIGHT="28" CONTENT="to" WC="1.00" CC="00"/>
						<SP ID="P6_SP00102" HPOS="1094" VPOS="665" WIDTH="18"/>
						<String ID="word000104" HPOS="1111" VPOS="620" WIDTH="78" HEIGHT="34" CONTENT="her." WC="0.89" CC="3100"/>
						<SP ID="P6_SP00103" HPOS="1189" VPOS="665" WIDTH="0"/>
					</TextLine>
					<TextLine ID="P6_TL00011" HPOS="278" VPOS="665" WIDTH="1296" HEIGHT="44">
						<String ID="word000105" HPOS="278" VPOS="665" WIDTH="83" HEIGHT="33" CONTENT="The" WC="0.74" CC="520"/>
						<SP ID="P6_SP00104" HPOS="360" VPOS="698" WIDTH="20"/>
						<String ID="word000106" HPOS="380" VPOS="666" WIDTH="129" HEIGHT="33" CONTENT="House" WC="0.62" CC="52433"/>
						<SP ID="P6_SP00105" HPOS="509" VPOS="699" WIDTH="32"/>
						<String ID="word000107" HPOS="541" VPOS="677" WIDTH="77" HEIGHT="24" CONTENT="was" WC="0.67" CC="630"/>
						<SP ID="P6_SP00106" HPOS="618" VPOS="700" WIDTH="22"/>
						<String ID="word000108" HPOS="640" VPOS="667" WIDTH="193" HEIGHT="41" CONTENT="resumed;" WC="0.64" CC="44163323"/>
						<SP ID="P6_SP00107" HPOS="833" VPOS="709" WIDTH="27"/>
						<String ID="word000109" HPOS="860" VPOS="669" WIDTH="66" HEIGHT="33" CONTENT="and" WC="0.93" CC="101"/>
						<SP ID="P6_SP00108" HPOS="926" VPOS="709" WIDTH="22"/>
						<String ID="word000110" HPOS="948" VPOS="669" WIDTH="63" HEIGHT="33" CONTENT="the" WC="1.00" CC="000"/>
						<SP ID="P6_SP00109" HPOS="1011" VPOS="709" WIDTH="19"/>
						<String ID="word000111" HPOS="1030" VPOS="670" WIDTH="155" HEIGHT="33" CONTENT="minutes" WC="0.54" CC="5327345"/>
						<SP ID="P6_SP00110" HPOS="1185" VPOS="709" WIDTH="18"/>
						<String ID="word000112" HPOS="1202" VPOS="669" WIDTH="45" HEIGHT="34" CONTENT="of" WC="1.00" CC="00"/>
						<SP ID="P6_SP00111" HPOS="1247" VPOS="709" WIDTH="22"/>
						<String ID="word000113" HPOS="1270" VPOS="669" WIDTH="63" HEIGHT="34" CONTENT="the" WC="1.00" CC="000"/>
						<SP ID="P6_SP00112" HPOS="1332" VPOS="709" WIDTH="20"/>
						<String ID="word000114" HPOS="1352" VPOS="669" WIDTH="221" HEIGHT="34" CONTENT="Committee" WC="0.99" CC="000000001"/>
						<SP ID="P6_SP00113" HPOS="1573" VPOS="709" WIDTH="0"/>
					</TextLine>
					<TextLine ID="P6_TL00012" HPOS="228" VPOS="713" WIDTH="938" HEIGHT="48">
						<String ID="word000115" HPOS="228" VPOS="723" WIDTH="104" HEIGHT="24" CONTENT="were" WC="0.97" CC="0100"/>
						<SP ID="P6_SP00114" HPOS="332" VPOS="746" WIDTH="20"/>
						<String ID="word000116" HPOS="352" VPOS="713" WIDTH="162" HEIGHT="45" CONTENT="brought" WC="0.95" CC="1001010"/>
						<SP ID="P6_SP00115" HPOS="514" VPOS="758" WIDTH="20"/>
						<String ID="word000117" HPOS="534" VPOS="725" WIDTH="65" HEIGHT="32" CONTENT="up," WC="0.96" CC="010"/>
						<SP ID="P6_SP00116" HPOS="599" VPOS="758" WIDTH="14"/>
						<String ID="word000118" HPOS="613" VPOS="716" WIDTH="70" HEIGHT="33" CONTENT="and" WC="0.96" CC="100"/>
						<SP ID="P6_SP00117" HPOS="683" VPOS="758" WIDTH="21"/>
						<String ID="word000119" HPOS="704" VPOS="717" WIDTH="156" HEIGHT="33" CONTENT="ordered" WC="0.98" CC="0000010"/>
						<SP ID="P6_SP00118" HPOS="860" VPOS="758" WIDTH="15"/>
						<String ID="word000120" HPOS="875" VPOS="723" WIDTH="37" HEIGHT="26" CONTENT="to" WC="1.00" CC="00"/>
						<SP ID="P6_SP00119" HPOS="912" VPOS="758" WIDTH="21"/>
						<String ID="word000121" HPOS="933" VPOS="717" WIDTH="46" HEIGHT="32" CONTENT="be" WC="0.89" CC="11"/>
						<SP ID="P6_SP00120" HPOS="979" VPOS="758" WIDTH="28"/>
						<String ID="word000122" HPOS="1007" VPOS="717" WIDTH="158" HEIGHT="44" CONTENT="printed." WC="0.72" CC="30340433"/>
						<SP ID="P6_SP00121" HPOS="1166" VPOS="761" WIDTH="0"/>
					</TextLine>
					<TextLine ID="P6_TL00013" HPOS="280" VPOS="759" WIDTH="1293" HEIGHT="43">
						<String ID="word000123" HPOS="280" VPOS="759" WIDTH="185" HEIGHT="43" CONTENT="Ordered," WC="0.97" CC="10010000" STYLEREFS="TXT_2"/>
						<SP ID="P6_SP00122" HPOS="465" VPOS="802" WIDTH="34"/>
						<String ID="word000124" HPOS="500" VPOS="763" WIDTH="80" HEIGHT="32" CONTENT="that" WC="0.89" CC="0310"/>
						<SP ID="P6_SP00123" HPOS="580" VPOS="802" WIDTH="33"/>
						<String ID="word000125" HPOS="613" VPOS="763" WIDTH="61" HEIGHT="33" CONTENT="the" WC="0.93" CC="011"/>
						<SP ID="P6_SP00124" HPOS="674" VPOS="802" WIDTH="35"/>
						<String ID="word000126" HPOS="710" VPOS="763" WIDTH="131" HEIGHT="34" CONTENT="House" WC="0.84" CC="61000"/>
						<SP ID="P6_SP00125" HPOS="841" VPOS="802" WIDTH="18"/>
						<String ID="word000127" HPOS="859" VPOS="763" WIDTH="131" HEIGHT="35" CONTENT="should" WC="0.98" CC="010000"/>
						<SP ID="P6_SP00126" HPOS="990" VPOS="802" WIDTH="22"/>
						<String ID="word000128" HPOS="1012" VPOS="765" WIDTH="145" HEIGHT="31" CONTENT="resolve" WC="0.92" CC="0001112"/>
						<SP ID="P6_SP00127" HPOS="1157" VPOS="802" WIDTH="15"/>
						<String ID="word000129" HPOS="1173" VPOS="763" WIDTH="106" HEIGHT="33" CONTENT="itself" WC="0.98" CC="001000"/>
						<SP ID="P6_SP00128" HPOS="1279" VPOS="802" WIDTH="22"/>
						<String ID="word000130" HPOS="1302" VPOS="764" WIDTH="76" HEIGHT="33" CONTENT="into►" WC="0.89" CC="01022"/>
						<SP ID="P6_SP00129" HPOS="1377" VPOS="802" WIDTH="18"/>
						<String ID="word000131" HPOS="1395" VPOS="763" WIDTH="64" HEIGHT="33" CONTENT="the" WC="0.74" CC="430"/>
						<SP ID="P6_SP00130" HPOS="1459" VPOS="802" WIDTH="17"/>
						<String ID="word000132" HPOS="1475" VPOS="775" WIDTH="80" HEIGHT="21" CONTENT="Fain!" WC="0.52" CC="60626"/>
						<String ID="word000133" HPOS="1556" VPOS="775" WIDTH="17" HEIGHT="21" CONTENT="," STYLE="superscript" WC="0.52" CC="6"/>
						<SP ID="P6_SP00131" HPOS="1572" VPOS="802" WIDTH="0"/>
					</TextLine>
					<TextLine ID="P6_TL00014" HPOS="230" VPOS="808" WIDTH="1346" HEIGHT="49">
						<String ID="word000134" HPOS="230" VPOS="808" WIDTH="227" HEIGHT="35" CONTENT="COMMittce" WC="0.43" CC="378835534"/>
						<SP ID="P6_SP00132" HPOS="457" VPOS="843" WIDTH="12"/>
						<String ID="word000135" HPOS="469" VPOS="821" WIDTH="46" HEIGHT="21" CONTENT="on" WC="0.78" CC="13"/>
						<SP ID="P6_SP00133" HPOS="515" VPOS="843" WIDTH="13"/>
						<String ID="word000136" HPOS="528" VPOS="810" WIDTH="196" HEIGHT="44" CONTENT="Thursday" WC="0.79" CC="41205300"/>
						<SP ID="P6_SP00134" HPOS="724" VPOS="854" WIDTH="18"/>
						<String ID="word000137" HPOS="742" VPOS="817" WIDTH="87" HEIGHT="26" CONTENT="next" WC="0.75" CC="3213"/>
						<SP ID="P6_SP00135" HPOS="829" VPOS="854" WIDTH="14"/>
						<String ID="word000138" HPOS="843" VPOS="823" WIDTH="11" HEIGHT="26" CONTENT=";" WC="0.56" CC="4"/>
						<SP ID="P6_SP00136" HPOS="854" VPOS="854" WIDTH="14"/>
						<String ID="word000139" HPOS="868" VPOS="811" WIDTH="70" HEIGHT="33" CONTENT="and" WC="0.85" CC="121"/>
						<SP ID="P6_SP00137" HPOS="938" VPOS="854" WIDTH="17"/>
						<String ID="word000140" HPOS="954" VPOS="819" WIDTH="7" HEIGHT="26" CONTENT="t" WC="0.67" CC="3"/>
						<SP ID="P6_SP00138" HPOS="961" VPOS="854" WIDTH="11"/>
						<String ID="word000141" HPOS="972" VPOS="813" WIDTH="44" HEIGHT="32" CONTENT="he" WC="0.89" CC="02" STYLEREFS="TXT_2"/>
						<SP ID="P6_SP00139" HPOS="1016" VPOS="854" WIDTH="15"/>
						<String ID="word000142" HPOS="1031" VPOS="811" WIDTH="184" HEIGHT="34" CONTENT="witnesses" WC="0.80" CC="621111112" STYLEREFS="TXT_2"/>
						<SP ID="P6_SP00140" HPOS="1215" VPOS="854" WIDTH="11"/>
						<String ID="word000143" HPOS="1226" VPOS="811" WIDTH="60" HEIGHT="34" CONTENT="for" WC="0.81" CC="113" STYLEREFS="TXT_2"/>
						<SP ID="P6_SP00141" HPOS="1286" VPOS="854" WIDTH="14"/>
						<String ID="word000144" HPOS="1300" VPOS="813" WIDTH="79" HEIGHT="34" CONTENT="that" WC="0.83" CC="2112"/>
						<SP ID="P6_SP00142" HPOS="1380" VPOS="854" WIDTH="8"/>
						<String ID="word000145" HPOS="1388" VPOS="813" WIDTH="72" HEIGHT="44" CONTENT="day" WC="0.93" CC="110"/>
						<SP ID="P6_SP00143" HPOS="1460" VPOS="856" WIDTH="19"/>
						<String ID="word000146" HPOS="1479" VPOS="822" WIDTH="97" HEIGHT="25" CONTENT="were" WC="0.94" CC="1001"/>
						<SP ID="P6_SP00144" HPOS="1576" VPOS="856" WIDTH="0"/>
					</TextLine>
					<TextLine ID="P6_TL00015" HPOS="228" VPOS="854" WIDTH="889" HEIGHT="50">
						<String ID="word000147" HPOS="228" VPOS="854" WIDTH="159" HEIGHT="35" CONTENT="ordered" WC="0.98" CC="0001000"/>
						<SP ID="P6_SP00145" HPOS="387" VPOS="889" WIDTH="19"/>
						<String ID="word000148" HPOS="406" VPOS="862" WIDTH="38" HEIGHT="30" CONTENT="to" WC="1.00" CC="00"/>
						<SP ID="P6_SP00146" HPOS="444" VPOS="892" WIDTH="17"/>
						<String ID="word000149" HPOS="461" VPOS="857" WIDTH="130" HEIGHT="34" CONTENT="attend" WC="0.94" CC="011010"/>
						<SP ID="P6_SP00147" HPOS="591" VPOS="892" WIDTH="19"/>
						<String ID="word000150" HPOS="609" VPOS="857" WIDTH="63" HEIGHT="34" CONTENT="the" WC="1.00" CC="000"/>
						<SP ID="P6_SP00148" HPOS="672" VPOS="892" WIDTH="20"/>
						<String ID="word000151" HPOS="692" VPOS="859" WIDTH="425" HEIGHT="45" CONTENT="House.—Adjourned." WC="0.80" CC="11015454011005101"/>
						<SP ID="P6_SP00149" HPOS="1117" VPOS="904" WIDTH="0"/>
					</TextLine>
				</TextBlock>
				<TextBlock ID="pa0006003" HPOS="2686" VPOS="91" WIDTH="284" HEIGHT="54" STYLEREFS="TXT_1 PAR_RIGHT">
					<TextLine ID="P6_TL00016" HPOS="2692" VPOS="92" WIDTH="278" HEIGHT="53">
						<String ID="word000152" HPOS="2692" VPOS="92" WIDTH="157" HEIGHT="52" CONTENT="FEB." WC="1.00" CC="0000"/>
						<SP ID="P6_SP00150" HPOS="2849" VPOS="144" WIDTH="45"/>
						<String ID="word000153" HPOS="2894" VPOS="94" WIDTH="76" HEIGHT="51" CONTENT="12." WC="0.93" CC="200"/>
						<SP ID="P6_SP00151" HPOS="2969" VPOS="145" WIDTH="0"/>
					</TextLine>
				</TextBlock>
				<TextBlock ID="pa0006004" HPOS="1633" VPOS="228" WIDTH="1358" HEIGHT="661" STYLEREFS="TXT_0 PAR_BLOCK">
					<TextLine ID="P6_TL00017" HPOS="1636" VPOS="228" WIDTH="1355" HEIGHT="51">
						<String ID="word000154" HPOS="1636" VPOS="233" WIDTH="72" HEIGHT="34" CONTENT="and" WC="0.93" CC="110"/>
						<SP ID="P6_SP00152" HPOS="1708" VPOS="267" WIDTH="20"/>
						<String ID="word000155" HPOS="1728" VPOS="234" WIDTH="65" HEIGHT="33" CONTENT="has" WC="0.89" CC="021"/>
						<SP ID="P6_SP00153" HPOS="1793" VPOS="267" WIDTH="19"/>
						<String ID="word000156" HPOS="1812" VPOS="235" WIDTH="60" HEIGHT="32" CONTENT="the" WC="1.00" CC="000"/>
						<SP ID="P6_SP00154" HPOS="1872" VPOS="267" WIDTH="21"/>
						<String ID="word000157" HPOS="1893" VPOS="235" WIDTH="148" HEIGHT="34" CONTENT="witness" WC="0.82" CC="3111311"/>
						<SP ID="P6_SP00155" HPOS="2041" VPOS="269" WIDTH="17"/>
						<String ID="word000158" HPOS="2057" VPOS="244" WIDTH="89" HEIGHT="22" CONTENT="ever" WC="1.00" CC="0000"/>
						<SP ID="P6_SP00156" HPOS="2146" VPOS="269" WIDTH="18"/>
						<String ID="word000159" HPOS="2164" VPOS="233" WIDTH="184" HEIGHT="45" CONTENT="promised" WC="1.00" CC="00000000"/>
						<SP ID="P6_SP00157" HPOS="2348" VPOS="278" WIDTH="28"/>
						<String ID="word000160" HPOS="2376" VPOS="240" WIDTH="39" HEIGHT="27" CONTENT="to" WC="1.00" CC="00"/>
						<SP ID="P6_SP00158" HPOS="2415" VPOS="278" WIDTH="35"/>
						<String ID="word000161" HPOS="2451" VPOS="244" WIDTH="73" HEIGHT="34" CONTENT="pay" WC="0.96" CC="010"/>
						<SP ID="P6_SP00159" HPOS="2524" VPOS="279" WIDTH="26"/>
						<String ID="word000162" HPOS="2550" VPOS="244" WIDTH="74" HEIGHT="33" CONTENT="any" WC="0.93" CC="110"/>
						<SP ID="P6_SP00160" HPOS="2624" VPOS="279" WIDTH="28"/>
						<String ID="word000163" HPOS="2653" VPOS="231" WIDTH="44" HEIGHT="34" CONTENT="of" WC="1.00" CC="00"/>
						<SP ID="P6_SP00161" HPOS="2696" VPOS="279" WIDTH="21"/>
						<String ID="word000164" HPOS="2718" VPOS="233" WIDTH="102" HEIGHT="33" CONTENT="these" WC="0.98" CC="00100"/>
						<SP ID="P6_SP00162" HPOS="2819" VPOS="279" WIDTH="15"/>
						<String ID="word000165" HPOS="2835" VPOS="241" WIDTH="96" HEIGHT="25" CONTENT="sums" WC="0.97" CC="1000"/>
						<SP ID="P6_SP00163" HPOS="2930" VPOS="279" WIDTH="18"/>
						<String ID="word000166" HPOS="2948" VPOS="228" WIDTH="43" HEIGHT="37" CONTENT="of" WC="1.00" CC="00"/>
						<SP ID="P6_SP00164" HPOS="2991" VPOS="279" WIDTH="0"/>
					</TextLine>
					<TextLine ID="P6_TL00018" HPOS="1639" VPOS="279" WIDTH="1347" HEIGHT="47">
						<String ID="word000167" HPOS="1639" VPOS="292" WIDTH="129" HEIGHT="34" CONTENT="money" WC="1.00" CC="00000"/>
						<SP ID="P6_SP00165" HPOS="1768" VPOS="326" WIDTH="21"/>
						<String ID="word000168" HPOS="1789" VPOS="287" WIDTH="39" HEIGHT="28" CONTENT="to" WC="1.00" CC="00"/>
						<SP ID="P6_SP00166" HPOS="1828" VPOS="326" WIDTH="18"/>
						<String ID="word000169" HPOS="1846" VPOS="282" WIDTH="76" HEIGHT="33" CONTENT="him" WC="0.93" CC="002"/>
						<SP ID="P6_SP00167" HPOS="1922" VPOS="326" WIDTH="14"/>
						<String ID="word000170" HPOS="1936" VPOS="282" WIDTH="13" HEIGHT="33" CONTENT="?" WC="0.78" CC="2"/>
						<SP ID="P6_SP00168" HPOS="1949" VPOS="326" WIDTH="31"/>
						<String ID="word000171" HPOS="1980" VPOS="281" WIDTH="47" HEIGHT="35" CONTENT="A." WC="1.00" CC="00"/>
						<SP ID="P6_SP00169" HPOS="2027" VPOS="326" WIDTH="22"/>
						<String ID="word000172" HPOS="2049" VPOS="282" WIDTH="51" HEIGHT="34" CONTENT="At" WC="1.00" CC="00"/>
						<SP ID="P6_SP00170" HPOS="2100" VPOS="326" WIDTH="17"/>
						<String ID="word000173" HPOS="2117" VPOS="294" WIDTH="24" HEIGHT="21" CONTENT="a" WC="0.89" CC="1"/>
						<SP ID="P6_SP00171" HPOS="2140" VPOS="326" WIDTH="19"/>
						<String ID="word000174" HPOS="2159" VPOS="282" WIDTH="90" HEIGHT="32" CONTENT="time" WC="0.78" CC="0440"/>
						<SP ID="P6_SP00172" HPOS="2249" VPOS="326" WIDTH="32"/>
						<String ID="word000175" HPOS="2281" VPOS="281" WIDTH="104" HEIGHT="33" CONTENT="when" WC="1.00" CC="0000"/>
						<SP ID="P6_SP00173" HPOS="2385" VPOS="326" WIDTH="33"/>
						<String ID="word000176" HPOS="2418" VPOS="293" WIDTH="59" HEIGHT="33" CONTENT="my" WC="1.00" CC="00"/>
						<SP ID="P6_SP00174" HPOS="2477" VPOS="326" WIDTH="31"/>
						<String ID="word000177" HPOS="2507" VPOS="281" WIDTH="171" HEIGHT="45" CONTENT="carriage" WC="0.99" CC="10000000"/>
						<SP ID="P6_SP00175" HPOS="2679" VPOS="326" WIDTH="33"/>
						<String ID="word000178" HPOS="2712" VPOS="289" WIDTH="78" HEIGHT="24" CONTENT="was" WC="1.00" CC="000"/>
						<SP ID="P6_SP00176" HPOS="2790" VPOS="326" WIDTH="26"/>
						<String ID="word000179" HPOS="2816" VPOS="280" WIDTH="115" HEIGHT="33" CONTENT="taken" WC="1.00" CC="00000"/>
						<SP ID="P6_SP00177" HPOS="2930" VPOS="326" WIDTH="19"/>
						<String ID="word000180" HPOS="2949" VPOS="279" WIDTH="37" HEIGHT="34" CONTENT="in" WC="1.00" CC="00"/>
						<SP ID="P6_SP00178" HPOS="2986" VPOS="326" WIDTH="0"/>
					</TextLine>
					<TextLine ID="P6_TL00019" HPOS="1637" VPOS="326" WIDTH="1348" HEIGHT="47">
						<String ID="word000181" HPOS="1637" VPOS="330" WIDTH="214" HEIGHT="41" CONTENT="execution," WC="1.00" CC="0000000000"/>
						<SP ID="P6_SP00179" HPOS="1851" VPOS="371" WIDTH="34"/>
						<String ID="word000182" HPOS="1885" VPOS="332" WIDTH="71" HEIGHT="32" CONTENT="and" WC="0.93" CC="011"/>
						<SP ID="P6_SP00180" HPOS="1956" VPOS="371" WIDTH="34"/>
						<String ID="word000183" HPOS="1990" VPOS="341" WIDTH="46" HEIGHT="22" CONTENT="on" WC="1.00" CC="00"/>
						<SP ID="P6_SP00181" HPOS="2036" VPOS="371" WIDTH="34"/>
						<String ID="word000184" HPOS="2070" VPOS="330" WIDTH="61" HEIGHT="33" CONTENT="the" WC="1.00" CC="000"/>
						<SP ID="P6_SP00182" HPOS="2132" VPOS="371" WIDTH="32"/>
						<String ID="word000185" HPOS="2164" VPOS="330" WIDTH="104" HEIGHT="43" CONTENT="point" WC="0.95" CC="01010"/>
						<SP ID="P6_SP00183" HPOS="2268" VPOS="372" WIDTH="20"/>
						<String ID="word000186" HPOS="2288" VPOS="327" WIDTH="43" HEIGHT="35" CONTENT="of" WC="1.00" CC="00"/>
						<SP ID="P6_SP00184" HPOS="2330" VPOS="372" WIDTH="27"/>
						<String ID="word000187" HPOS="2357" VPOS="330" WIDTH="110" HEIGHT="40" CONTENT="being" WC="0.69" CC="61124"/>
						<SP ID="P6_SP00185" HPOS="2467" VPOS="372" WIDTH="18"/>
						<String ID="word000188" HPOS="2485" VPOS="330" WIDTH="156" HEIGHT="43" CONTENT="thereby" WC="1.00" CC="0000000"/>
						<SP ID="P6_SP00186" HPOS="2641" VPOS="372" WIDTH="22"/>
						<String ID="word000189" HPOS="2663" VPOS="331" WIDTH="200" HEIGHT="41" CONTENT="prevented" WC="0.77" CC="311023126"/>
						<SP ID="P6_SP00187" HPOS="2863" VPOS="372" WIDTH="21"/>
						<String ID="word000190" HPOS="2884" VPOS="326" WIDTH="100" HEIGHT="33" CONTENT="from" WC="0.97" CC="0001"/>
						<SP ID="P6_SP00188" HPOS="2985" VPOS="372" WIDTH="0"/>
					</TextLine>
					<TextLine ID="P6_TL00020" HPOS="1638" VPOS="373" WIDTH="1348" HEIGHT="49">
						<String ID="word000191" HPOS="1638" VPOS="378" WIDTH="112" HEIGHT="43" CONTENT="going" WC="0.67" CC="42450" STYLEREFS="TXT_3"/>
						<SP ID="P6_SP00189" HPOS="1750" VPOS="420" WIDTH="18"/>
						<String ID="word000192" HPOS="1768" VPOS="378" WIDTH="109" HEIGHT="33" CONTENT="down" WC="0.97" CC="0010"/>
						<SP ID="P6_SP00190" HPOS="1877" VPOS="420" WIDTH="30"/>
						<String ID="word000193" HPOS="1906" VPOS="386" WIDTH="37" HEIGHT="25" CONTENT="to" WC="0.94" CC="10"/>
						<SP ID="P6_SP00191" HPOS="1943" VPOS="420" WIDTH="14"/>
						<String ID="word000194" HPOS="1957" VPOS="378" WIDTH="259" HEIGHT="44" CONTENT="-Weymouth," WC="0.87" CC="4210300101"/>
						<SP ID="P6_SP00192" HPOS="2216" VPOS="422" WIDTH="33"/>
						<String ID="word000195" HPOS="2249" VPOS="377" WIDTH="163" HEIGHT="33" CONTENT="whither" WC="0.86" CC="1101321"/>
						<SP ID="P6_SP00193" HPOS="2412" VPOS="422" WIDTH="22"/>
						<String ID="word000196" HPOS="2434" VPOS="377" WIDTH="15" HEIGHT="33" CONTENT="1" WC="0.44" CC="5"/>
						<SP ID="P6_SP00194" HPOS="2450" VPOS="422" WIDTH="24"/>
						<String ID="word000197" HPOS="2473" VPOS="386" WIDTH="72" HEIGHT="24" CONTENT="was" WC="0.96" CC="100"/>
						<SP ID="P6_SP00195" HPOS="2545" VPOS="422" WIDTH="30"/>
						<String ID="word000198" HPOS="2575" VPOS="384" WIDTH="38" HEIGHT="25" CONTENT="to" WC="0.72" CC="14"/>
						<SP ID="P6_SP00196" HPOS="2613" VPOS="422" WIDTH="34"/>
						<String ID="word000199" HPOS="2647" VPOS="376" WIDTH="93" HEIGHT="33" CONTENT="have" WC="0.97" CC="0010"/>
						<SP ID="P6_SP00197" HPOS="2740" VPOS="422" WIDTH="18"/>
						<String ID="word000200" HPOS="2758" VPOS="385" WIDTH="93" HEIGHT="33" CONTENT="gone" WC="0.92" CC="0111"/>
						<SP ID="P6_SP00198" HPOS="2851" VPOS="422" WIDTH="13"/>
						<String ID="word000201" HPOS="2864" VPOS="378" WIDTH="40" HEIGHT="28" CONTENT="at" WC="1.00" CC="00"/>
						<SP ID="P6_SP00199" HPOS="2904" VPOS="422" WIDTH="19"/>
						<String ID="word000202" HPOS="2923" VPOS="373" WIDTH="63" HEIGHT="32" CONTENT="the" WC="0.96" CC="001"/>
						<SP ID="P6_SP00200" HPOS="2986" VPOS="422" WIDTH="0"/>
					</TextLine>
					<TextLine ID="P6_TL00021" HPOS="1642" VPOS="418" WIDTH="1349" HEIGHT="47">
						<String ID="word000203" HPOS="1642" VPOS="425" WIDTH="159" HEIGHT="33" CONTENT="instance" WC="0.96" CC="01101000"/>
						<SP ID="P6_SP00201" HPOS="1801" VPOS="458" WIDTH="19"/>
						<String ID="word000204" HPOS="1820" VPOS="425" WIDTH="41" HEIGHT="34" CONTENT="of" WC="0.94" CC="10"/>
						<SP ID="P6_SP00202" HPOS="1861" VPOS="459" WIDTH="21"/>
						<String ID="word000205" HPOS="1883" VPOS="425" WIDTH="64" HEIGHT="34" CONTENT="the" WC="1.00" CC="000"/>
						<SP ID="P6_SP00203" HPOS="1946" VPOS="459" WIDTH="21"/>
						<String ID="word000206" HPOS="1968" VPOS="425" WIDTH="129" HEIGHT="40" CONTENT="Duke," WC="0.80" CC="33201"/>
						<SP ID="P6_SP00204" HPOS="2096" VPOS="465" WIDTH="28"/>
						<String ID="word000207" HPOS="2125" VPOS="424" WIDTH="18" HEIGHT="33" CONTENT="I" WC="0.44" CC="5"/>
						<SP ID="P6_SP00205" HPOS="2143" VPOS="465" WIDTH="34"/>
						<String ID="word000208" HPOS="2177" VPOS="431" WIDTH="117" HEIGHT="26" CONTENT="wrote" WC="0.89" CC="32000"/>
						<SP ID="P6_SP00206" HPOS="2294" VPOS="465" WIDTH="30"/>
						<String ID="word000209" HPOS="2323" VPOS="430" WIDTH="38" HEIGHT="27" CONTENT="to" WC="1.00" CC="00"/>
						<SP ID="P6_SP00207" HPOS="2361" VPOS="465" WIDTH="40"/>
						<String ID="word000210" HPOS="2401" VPOS="424" WIDTH="71" HEIGHT="34" CONTENT="Mr." WC="0.96" CC="100"/>
						<SP ID="P6_SP00208" HPOS="2472" VPOS="465" WIDTH="22"/>
						<String ID="word000211" HPOS="2494" VPOS="424" WIDTH="171" HEIGHT="39" CONTENT="Dowler," WC="0.60" CC="4354333"/>
						<SP ID="P6_SP00209" HPOS="2666" VPOS="465" WIDTH="33"/>
						<String ID="word000212" HPOS="2699" VPOS="422" WIDTH="126" HEIGHT="43" CONTENT="telling" WC="0.76" CC="0335220"/>
						<SP ID="P6_SP00210" HPOS="2825" VPOS="465" WIDTH="19"/>
						<String ID="word000213" HPOS="2844" VPOS="422" WIDTH="73" HEIGHT="32" CONTENT="him" WC="0.74" CC="124"/>
						<SP ID="P6_SP00211" HPOS="2917" VPOS="465" WIDTH="30"/>
						<String ID="word000214" HPOS="2947" VPOS="418" WIDTH="44" HEIGHT="35" CONTENT="of" WC="0.89" CC="20"/>
						<SP ID="P6_SP00212" HPOS="2991" VPOS="465" WIDTH="0"/>
					</TextLine>
					<TextLine ID="P6_TL00022" HPOS="1641" VPOS="471" WIDTH="1345" HEIGHT="46">
						<String ID="word000215" HPOS="1641" VPOS="483" WIDTH="59" HEIGHT="32" CONTENT="my" WC="0.94" CC="10"/>
						<SP ID="P6_SP00213" HPOS="1700" VPOS="515" WIDTH="20"/>
						<String ID="word000216" HPOS="1720" VPOS="472" WIDTH="190" HEIGHT="43" CONTENT="situation," WC="0.95" CC="1001101000"/>
						<SP ID="P6_SP00214" HPOS="1910" VPOS="515" WIDTH="34"/>
						<String ID="word000217" HPOS="1944" VPOS="474" WIDTH="70" HEIGHT="33" CONTENT="and" WC="0.96" CC="100"/>
						<SP ID="P6_SP00215" HPOS="2014" VPOS="515" WIDTH="32"/>
						<String ID="word000218" HPOS="2046" VPOS="471" WIDTH="209" HEIGHT="46" CONTENT="requesting" WC="0.89" CC="0210010033"/>
						<SP ID="P6_SP00216" HPOS="2255" VPOS="517" WIDTH="26"/>
						<String ID="word000219" HPOS="2281" VPOS="471" WIDTH="45" HEIGHT="33" CONTENT="he" WC="0.94" CC="01"/>
						<SP ID="P6_SP00217" HPOS="2326" VPOS="517" WIDTH="33"/>
						<String ID="word000220" HPOS="2359" VPOS="472" WIDTH="124" HEIGHT="32" CONTENT="would" WC="0.95" CC="00002"/>
						<SP ID="P6_SP00218" HPOS="2483" VPOS="517" WIDTH="32"/>
						<String ID="word000221" HPOS="2515" VPOS="472" WIDTH="73" HEIGHT="43" CONTENT="buy" WC="0.85" CC="130"/>
						<SP ID="P6_SP00219" HPOS="2588" VPOS="517" WIDTH="32"/>
						<String ID="word000222" HPOS="2620" VPOS="482" WIDTH="46" HEIGHT="21" CONTENT="or" WC="1.00" CC="00"/>
						<SP ID="P6_SP00220" HPOS="2666" VPOS="517" WIDTH="30"/>
						<String ID="word000223" HPOS="2695" VPOS="480" WIDTH="159" HEIGHT="35" CONTENT="procure" WC="0.98" CC="0000001"/>
						<SP ID="P6_SP00221" HPOS="2855" VPOS="517" WIDTH="34"/>
						<String ID="word000224" HPOS="2889" VPOS="478" WIDTH="56" HEIGHT="24" CONTENT="me" WC="1.00" CC="00"/>
						<SP ID="P6_SP00222" HPOS="2944" VPOS="517" WIDTH="18"/>
						<String ID="word000225" HPOS="2962" VPOS="477" WIDTH="24" HEIGHT="25" CONTENT="a" WC="1.00" CC="0"/>
						<SP ID="P6_SP00223" HPOS="2986" VPOS="517" WIDTH="0"/>
					</TextLine>
					<TextLine ID="P6_TL00023" HPOS="1639" VPOS="515" WIDTH="1347" HEIGHT="48">
						<String ID="word000226" HPOS="1639" VPOS="521" WIDTH="184" HEIGHT="41" CONTENT="carriage," WC="0.74" CC="223322322"/>
						<SP ID="P6_SP00224" HPOS="1824" VPOS="562" WIDTH="14"/>
						<String ID="word000227" HPOS="1838" VPOS="522" WIDTH="69" HEIGHT="33" CONTENT="and" WC="0.96" CC="010"/>
						<SP ID="P6_SP00225" HPOS="1906" VPOS="562" WIDTH="35"/>
						<String ID="word000228" HPOS="1942" VPOS="522" WIDTH="79" HEIGHT="32" CONTENT="that" WC="0.97" CC="0010"/>
						<SP ID="P6_SP00226" HPOS="2021" VPOS="562" WIDTH="37"/>
						<String ID="word000229" HPOS="2057" VPOS="521" WIDTH="64" HEIGHT="33" CONTENT="the" WC="0.89" CC="030"/>
						<SP ID="P6_SP00227" HPOS="2121" VPOS="562" WIDTH="35"/>
						<String ID="word000230" HPOS="2157" VPOS="521" WIDTH="112" HEIGHT="33" CONTENT="Duke" WC="0.86" CC="3011"/>
						<SP ID="P6_SP00228" HPOS="2269" VPOS="562" WIDTH="27"/>
						<String ID="word000231" HPOS="2296" VPOS="520" WIDTH="129" HEIGHT="33" CONTENT="would" WC="0.93" CC="01020"/>
						<SP ID="P6_SP00229" HPOS="2425" VPOS="562" WIDTH="19"/>
						<String ID="word000232" HPOS="2444" VPOS="529" WIDTH="116" HEIGHT="34" CONTENT="repay" WC="0.95" CC="11000"/>
						<SP ID="P6_SP00230" HPOS="2559" VPOS="563" WIDTH="24"/>
						<String ID="word000233" HPOS="2583" VPOS="519" WIDTH="92" HEIGHT="33" CONTENT="him." WC="0.89" CC="0130"/>
						<SP ID="P6_SP00231" HPOS="2675" VPOS="563" WIDTH="56"/>
						<String ID="word000234" HPOS="2731" VPOS="517" WIDTH="72" HEIGHT="32" CONTENT="Mr." WC="0.93" CC="110" STYLEREFS="TXT_1"/>
						<SP ID="P6_SP00232" HPOS="2803" VPOS="563" WIDTH="28"/>
						<String ID="word000235" HPOS="2831" VPOS="515" WIDTH="155" HEIGHT="34" CONTENT="Dowler" WC="0.91" CC="111101" STYLEREFS="TXT_1"/>
						<SP ID="P6_SP00233" HPOS="2986" VPOS="563" WIDTH="0"/>
					</TextLine>
					<TextLine ID="P6_TL00024" HPOS="1638" VPOS="562" WIDTH="1348" HEIGHT="51">
						<String ID="word000236" HPOS="1638" VPOS="568" WIDTH="240" HEIGHT="45" CONTENT="accordngly" WC="0.99" CC="0100000000" STYLEREFS="TXT_1"/>
						<SP ID="P6_SP00234" HPOS="1878" VPOS="613" WIDTH="32"/>
						<String ID="word000237" HPOS="1910" VPOS="568" WIDTH="161" HEIGHT="45" CONTENT="brought" WC="0.98" CC="1000000" STYLEREFS="TXT_1"/>
						<SP ID="P6_SP00235" HPOS="2070" VPOS="613" WIDTH="35"/>
						<String ID="word000238" HPOS="2106" VPOS="578" WIDTH="59" HEIGHT="24" CONTENT="me" WC="1.00" CC="00" STYLEREFS="TXT_1"/>
						<SP ID="P6_SP00236" HPOS="2165" VPOS="613" WIDTH="32"/>
						<String ID="word000239" HPOS="2197" VPOS="579" WIDTH="24" HEIGHT="21" CONTENT="a" WC="0.89" CC="1" STYLEREFS="TXT_1"/>
						<SP ID="P6_SP00237" HPOS="2220" VPOS="613" WIDTH="24"/>
						<String ID="word000240" HPOS="2244" VPOS="567" WIDTH="187" HEIGHT="43" CONTENT="carriage," WC="0.93" CC="120101100" STYLEREFS="TXT_1"/>
						<SP ID="P6_SP00238" HPOS="2431" VPOS="613" WIDTH="25"/>
						<String ID="word000241" HPOS="2456" VPOS="567" WIDTH="69" HEIGHT="33" CONTENT="and" WC="0.67" CC="333" STYLEREFS="TXT_1"/>
						<SP ID="P6_SP00239" HPOS="2524" VPOS="613" WIDTH="38"/>
						<String ID="word000242" HPOS="2562" VPOS="567" WIDTH="17" HEIGHT="33" CONTENT="I" WC="0.78" CC="2" STYLEREFS="TXT_1"/>
						<SP ID="P6_SP00240" HPOS="2578" VPOS="613" WIDTH="35"/>
						<String ID="word000243" HPOS="2614" VPOS="565" WIDTH="78" HEIGHT="34" CONTENT="told" WC="0.97" CC="0100" STYLEREFS="TXT_1"/>
						<SP ID="P6_SP00241" HPOS="2692" VPOS="613" WIDTH="20"/>
						<String ID="word000244" HPOS="2712" VPOS="563" WIDTH="64" HEIGHT="34" CONTENT="the" WC="1.00" CC="000" STYLEREFS="TXT_1"/>
						<SP ID="P6_SP00242" HPOS="2776" VPOS="613" WIDTH="20"/>
						<String ID="word000245" HPOS="2796" VPOS="565" WIDTH="110" HEIGHT="33" CONTENT="Duke" WC="0.78" CC="3320" STYLEREFS="TXT_1"/>
						<SP ID="P6_SP00243" HPOS="2906" VPOS="613" WIDTH="15"/>
						<String ID="word000246" HPOS="2921" VPOS="562" WIDTH="65" HEIGHT="32" CONTENT="the" WC="0.63" CC="541" STYLEREFS="TXT_1"/>
						<SP ID="P6_SP00244" HPOS="2986" VPOS="613" WIDTH="0"/>
					</TextLine>
					<TextLine ID="P6_TL00025" HPOS="1643" VPOS="613" WIDTH="1343" HEIGHT="43">
						<String ID="word000247" HPOS="1643" VPOS="615" WIDTH="123" HEIGHT="34" CONTENT="whole" WC="0.98" CC="00001" STYLEREFS="TXT_1"/>
						<SP ID="P6_SP00245" HPOS="1766" VPOS="650" WIDTH="34"/>
						<String ID="word000248" HPOS="1800" VPOS="617" WIDTH="44" HEIGHT="33" CONTENT="of" WC="1.00" CC="00" STYLEREFS="TXT_1"/>
						<SP ID="P6_SP00246" HPOS="1844" VPOS="650" WIDTH="24"/>
						<String ID="word000249" HPOS="1867" VPOS="618" WIDTH="26" HEIGHT="32" CONTENT="it" WC="0.89" CC="02" STYLEREFS="TXT_1"/>
						<SP ID="P6_SP00247" HPOS="1893" VPOS="650" WIDTH="19"/>
						<String ID="word000250" HPOS="1912" VPOS="628" WIDTH="11" HEIGHT="27" CONTENT=";" WC="0.78" CC="2" STYLEREFS="TXT_1"/>
						<SP ID="P6_SP00248" HPOS="1923" VPOS="656" WIDTH="105"/>
						<String ID="word000251" HPOS="2028" VPOS="617" WIDTH="123" HEIGHT="32" CONTENT="which" WC="0.73" CC="22053" STYLEREFS="TXT_1"/>
						<SP ID="P6_SP00249" HPOS="2151" VPOS="656" WIDTH="39"/>
						<String ID="word000252" HPOS="2190" VPOS="614" WIDTH="41" HEIGHT="33" CONTENT="he" WC="0.83" CC="30" STYLEREFS="TXT_1"/>
						<SP ID="P6_SP00250" HPOS="2231" VPOS="656" WIDTH="154"/>
						<String ID="word000253" HPOS="2385" VPOS="614" WIDTH="27" HEIGHT="19" CONTENT='"' WC="0.44" CC="5" STYLEREFS="TXT_1"/>
						<SP ID="P6_SP00251" HPOS="2412" VPOS="656" WIDTH="26"/>
						<String ID="word000254" HPOS="2438" VPOS="614" WIDTH="14" HEIGHT="33" CONTENT="I" WC="0.56" CC="4" STYLEREFS="TXT_1"/>
						<SP ID="P6_SP00252" HPOS="2452" VPOS="656" WIDTH="31"/>
						<String ID="word000255" HPOS="2483" VPOS="620" WIDTH="89" HEIGHT="27" CONTENT="must" WC="0.97" CC="0010" STYLEREFS="TXT_1"/>
						<SP ID="P6_SP00253" HPOS="2571" VPOS="656" WIDTH="22"/>
						<String ID="word000256" HPOS="2594" VPOS="613" WIDTH="172" HEIGHT="33" CONTENT="recollect" WC="0.96" CC="010110000" STYLEREFS="TXT_1"/>
						<SP ID="P6_SP00254" HPOS="2766" VPOS="656" WIDTH="25"/>
						<String ID="word000257" HPOS="2791" VPOS="613" WIDTH="73" HEIGHT="32" CONTENT="him" WC="1.00" CC="000" STYLEREFS="TXT_1"/>
						<SP ID="P6_SP00255" HPOS="2864" VPOS="656" WIDTH="20"/>
						<String ID="word000258" HPOS="2884" VPOS="620" WIDTH="102" HEIGHT="25" CONTENT="some" WC="0.94" CC="0110" STYLEREFS="TXT_1"/>
						<SP ID="P6_SP00256" HPOS="2986" VPOS="656" WIDTH="0"/>
					</TextLine>
					<TextLine ID="P6_TL00026" HPOS="1642" VPOS="659" WIDTH="1346" HEIGHT="48">
						<String ID="word000259" HPOS="1642" VPOS="672" WIDTH="85" HEIGHT="34" CONTENT="way" WC="0.96" CC="010" STYLEREFS="TXT_1"/>
						<SP ID="P6_SP00257" HPOS="1727" VPOS="706" WIDTH="17"/>
						<String ID="word000260" HPOS="1743" VPOS="673" WIDTH="43" HEIGHT="25" CONTENT="or" WC="1.00" CC="00" STYLEREFS="TXT_1"/>
						<SP ID="P6_SP00258" HPOS="1786" VPOS="706" WIDTH="19"/>
						<String ID="word000261" HPOS="1805" VPOS="663" WIDTH="255" HEIGHT="41" CONTENT='other."---Q.' WC="0.70" CC="222223435322" STYLEREFS="TXT_1"/>
						<SP ID="P6_SP00259" HPOS="2060" VPOS="706" WIDTH="19"/>
						<String ID="word000262" HPOS="2079" VPOS="661" WIDTH="235" HEIGHT="46" CONTENT="(repeated.)" WC="0.97" CC="00001100100" STYLEREFS="TXT_1"/>
						<SP ID="P6_SP00260" HPOS="2314" VPOS="707" WIDTH="31"/>
						<String ID="word000263" HPOS="2344" VPOS="663" WIDTH="96" HEIGHT="33" CONTENT="Who" WC="0.59" CC="740" STYLEREFS="TXT_1"/>
						<SP ID="P6_SP00261" HPOS="2440" VPOS="707" WIDTH="17"/>
						<String ID="word000264" HPOS="2457" VPOS="672" WIDTH="93" HEIGHT="22" CONTENT="were" WC="0.94" CC="0002" STYLEREFS="TXT_4"/>
						<SP ID="P6_SP00262" HPOS="2550" VPOS="707" WIDTH="18"/>
						<String ID="word000265" HPOS="2568" VPOS="661" WIDTH="61" HEIGHT="32" CONTENT="the" WC="0.96" CC="001"/>
						<SP ID="P6_SP00263" HPOS="2629" VPOS="707" WIDTH="20"/>
						<String ID="word000266" HPOS="2649" VPOS="671" WIDTH="79" HEIGHT="21" CONTENT="men" WC="1.00" CC="000"/>
						<SP ID="P6_SP00264" HPOS="2728" VPOS="707" WIDTH="19"/>
						<String ID="word000267" HPOS="2747" VPOS="659" WIDTH="35" HEIGHT="33" CONTENT="in" WC="1.00" CC="00"/>
						<SP ID="P6_SP00265" HPOS="2783" VPOS="707" WIDTH="20"/>
						<String ID="word000268" HPOS="2803" VPOS="669" WIDTH="185" HEIGHT="34" CONTENT="company" WC="0.65" CC="5642230"/>
						<SP ID="P6_SP00266" HPOS="2988" VPOS="707" WIDTH="0"/>
					</TextLine>
					<TextLine ID="P6_TL00027" HPOS="1642" VPOS="705" WIDTH="1343" HEIGHT="51">
						<String ID="word000269" HPOS="1642" VPOS="711" WIDTH="79" HEIGHT="33" CONTENT="that" WC="1.00" CC="0000"/>
						<SP ID="P6_SP00267" HPOS="1721" VPOS="744" WIDTH="26"/>
						<String ID="word000270" HPOS="1747" VPOS="712" WIDTH="154" HEIGHT="44" CONTENT="evening" WC="0.98" CC="0000001"/>
						<SP ID="P6_SP00268" HPOS="1900" VPOS="756" WIDTH="15"/>
						<String ID="word000271" HPOS="1916" VPOS="713" WIDTH="12" HEIGHT="32" CONTENT="?" WC="1.00" CC="0"/>
						<SP ID="P6_SP00269" HPOS="1928" VPOS="756" WIDTH="33"/>
						<String ID="word000272" HPOS="1961" VPOS="712" WIDTH="89" HEIGHT="33" CONTENT="Was" WC="0.93" CC="110"/>
						<SP ID="P6_SP00270" HPOS="2049" VPOS="756" WIDTH="30"/>
						<String ID="word000273" HPOS="2079" VPOS="711" WIDTH="56" HEIGHT="34" CONTENT="his" WC="0.96" CC="100"/>
						<SP ID="P6_SP00271" HPOS="2134" VPOS="756" WIDTH="31"/>
						<String ID="word000274" HPOS="2165" VPOS="722" WIDTH="103" HEIGHT="22" CONTENT="name" WC="0.83" CC="1131"/>
						<SP ID="P6_SP00272" HPOS="2268" VPOS="756" WIDTH="33"/>
						<String ID="word000275" HPOS="2301" VPOS="710" WIDTH="85" HEIGHT="34" CONTENT="Mac" WC="0.93" CC="110"/>
						<SP ID="P6_SP00273" HPOS="2386" VPOS="756" WIDTH="30"/>
						<String ID="word000276" HPOS="2415" VPOS="711" WIDTH="145" HEIGHT="33" CONTENT="Cullum" WC="0.76" CC="104404"/>
						<SP ID="P6_SP00274" HPOS="2561" VPOS="756" WIDTH="14"/>
						<String ID="word000277" HPOS="2575" VPOS="709" WIDTH="13" HEIGHT="33" CONTENT="?" WC="1.00" CC="0"/>
						<SP ID="P6_SP00275" HPOS="2588" VPOS="756" WIDTH="33"/>
						<String ID="word000278" HPOS="2621" VPOS="710" WIDTH="46" HEIGHT="31" CONTENT="A." WC="1.00" CC="00"/>
						<SP ID="P6_SP00276" HPOS="2667" VPOS="756" WIDTH="22"/>
						<String ID="word000279" HPOS="2689" VPOS="706" WIDTH="100" HEIGHT="34" CONTENT="'Nutt" WC="0.51" CC="34771"/>
						<SP ID="P6_SP00277" HPOS="2790" VPOS="756" WIDTH="33"/>
						<String ID="word000280" HPOS="2823" VPOS="717" WIDTH="76" HEIGHT="22" CONTENT="was" WC="0.93" CC="110"/>
						<SP ID="P6_SP00278" HPOS="2898" VPOS="756" WIDTH="33"/>
						<String ID="word000281" HPOS="2931" VPOS="705" WIDTH="53" HEIGHT="32" CONTENT="Ilk" WC="0.41" CC="673"/>
						<SP ID="P6_SP00279" HPOS="2985" VPOS="756" WIDTH="0"/>
					</TextLine>
					<TextLine ID="P6_TL00028" HPOS="1641" VPOS="754" WIDTH="1344" HEIGHT="45">
						<String ID="word000282" HPOS="1641" VPOS="762" WIDTH="222" HEIGHT="37" CONTENT="name.---Q." WC="0.62" CC="3324335353"/>
						<SP ID="P6_SP00280" HPOS="1863" VPOS="798" WIDTH="26"/>
						<String ID="word000283" HPOS="1889" VPOS="761" WIDTH="99" HEIGHT="33" CONTENT="Does" WC="0.83" CC="3111"/>
						<SP ID="P6_SP00281" HPOS="1988" VPOS="798" WIDTH="19"/>
						<String ID="word000284" HPOS="2007" VPOS="759" WIDTH="61" HEIGHT="33" CONTENT="the" WC="0.96" CC="001"/>
						<SP ID="P6_SP00282" HPOS="2068" VPOS="798" WIDTH="26"/>
						<String ID="word000285" HPOS="2094" VPOS="759" WIDTH="146" HEIGHT="32" CONTENT="witness" WC="0.92" CC="1101110"/>
						<SP ID="P6_SP00283" HPOS="2241" VPOS="798" WIDTH="18"/>
						<String ID="word000286" HPOS="2258" VPOS="757" WIDTH="174" HEIGHT="37" CONTENT="recollect" WC="0.90" CC="020110130"/>
						<SP ID="P6_SP00284" HPOS="2432" VPOS="798" WIDTH="24"/>
						<String ID="word000287" HPOS="2456" VPOS="758" WIDTH="33" HEIGHT="32" CONTENT="in" WC="0.94" CC="01"/>
						<SP ID="P6_SP00285" HPOS="2489" VPOS="798" WIDTH="18"/>
						<String ID="word000288" HPOS="2506" VPOS="758" WIDTH="98" HEIGHT="32" CONTENT="what" WC="0.81" CC="3400"/>
						<SP ID="P6_SP00286" HPOS="2604" VPOS="798" WIDTH="21"/>
						<String ID="word000289" HPOS="2626" VPOS="765" WIDTH="94" HEIGHT="24" CONTENT="sums" WC="1.00" CC="0000"/>
						<SP ID="P6_SP00287" HPOS="2720" VPOS="798" WIDTH="13"/>
						<String ID="word000290" HPOS="2733" VPOS="756" WIDTH="63" HEIGHT="31" CONTENT="she" WC="0.96" CC="010"/>
						<SP ID="P6_SP00288" HPOS="2796" VPOS="798" WIDTH="20"/>
						<String ID="word000291" HPOS="2816" VPOS="754" WIDTH="169" HEIGHT="33" CONTENT="received" WC="0.90" CC="01110040" STYLEREFS="TXT_4"/>
						<SP ID="P6_SP00289" HPOS="2985" VPOS="798" WIDTH="0"/>
					</TextLine>
					<TextLine ID="P6_TL00029" HPOS="1642" VPOS="802" WIDTH="1343" HEIGHT="47">
						<String ID="word000292" HPOS="1642" VPOS="806" WIDTH="63" HEIGHT="35" CONTENT="the" WC="1.00" CC="000"/>
						<SP ID="P6_SP00290" HPOS="1704" VPOS="841" WIDTH="20"/>
						<String ID="word000293" HPOS="1724" VPOS="808" WIDTH="133" HEIGHT="39" CONTENT="1,000/." WC="0.76" CC="3110352"/>
						<SP ID="P6_SP00291" HPOS="1858" VPOS="847" WIDTH="22"/>
						<String ID="word000294" HPOS="1880" VPOS="808" WIDTH="97" HEIGHT="33" CONTENT="from" WC="0.94" CC="0101"/>
						<SP ID="P6_SP00292" HPOS="1977" VPOS="847" WIDTH="22"/>
						<String ID="word000295" HPOS="2000" VPOS="808" WIDTH="73" HEIGHT="33" CONTENT="Mr." WC="0.96" CC="100"/>
						<SP ID="P6_SP00293" HPOS="2073" VPOS="847" WIDTH="22"/>
						<String ID="word000296" HPOS="2095" VPOS="806" WIDTH="156" HEIGHT="35" CONTENT="Dowler" WC="0.56" CC="353553"/>
						<SP ID="P6_SP00294" HPOS="2251" VPOS="847" WIDTH="24"/>
						<String ID="word000297" HPOS="2275" VPOS="806" WIDTH="58" HEIGHT="33" CONTENT="for" WC="1.00" CC="000"/>
						<SP ID="P6_SP00295" HPOS="2333" VPOS="847" WIDTH="32"/>
						<String ID="word000298" HPOS="2365" VPOS="806" WIDTH="54" HEIGHT="32" CONTENT="his" WC="0.56" CC="651"/>
						<SP ID="P6_SP00296" HPOS="2419" VPOS="847" WIDTH="32"/>
						<String ID="word000299" HPOS="2451" VPOS="804" WIDTH="261" HEIGHT="45" CONTENT="appointment" WC="0.81" CC="02431105030"/>
						<SP ID="P6_SP00297" HPOS="2712" VPOS="849" WIDTH="17"/>
						<String ID="word000300" HPOS="2728" VPOS="809" WIDTH="37" HEIGHT="26" CONTENT="to" WC="1.00" CC="00"/>
						<SP ID="P6_SP00298" HPOS="2765" VPOS="849" WIDTH="25"/>
						<String ID="word000301" HPOS="2790" VPOS="802" WIDTH="61" HEIGHT="33" CONTENT="the" WC="0.70" CC="521"/>
						<SP ID="P6_SP00299" HPOS="2851" VPOS="849" WIDTH="21"/>
						<String ID="word000302" HPOS="2872" VPOS="802" WIDTH="90" HEIGHT="40" CONTENT="CO4P" SUBS_TYPE="HypPart1" SUBS_CONTENT="CO4Pmissariat" WC="0.29" CC="5888"/>
						<HYP HPOS="2962" VPOS="802" WIDTH="22" CONTENT="-"/>
					</TextLine>
					<TextLine ID="P6_TL00030" HPOS="1642" VPOS="850" WIDTH="1265" HEIGHT="39">
						<String ID="word000303" HPOS="1642" VPOS="854" WIDTH="182" HEIGHT="33" CONTENT="missariat" SUBS_TYPE="HypPart2" SUBS_CONTENT="CO4Pmissariat" WC="0.51" CC="534555355"/>
						<SP ID="P6_SP00300" HPOS="1824" VPOS="887" WIDTH="14"/>
						<String ID="word000304" HPOS="1838" VPOS="855" WIDTH="13" HEIGHT="32" CONTENT="?" WC="1.00" CC="0"/>
						<SP ID="P6_SP00301" HPOS="1851" VPOS="887" WIDTH="30"/>
						<String ID="word000305" HPOS="1880" VPOS="856" WIDTH="47" HEIGHT="33" CONTENT="A." WC="1.00" CC="00"/>
						<SP ID="P6_SP00302" HPOS="1928" VPOS="889" WIDTH="27"/>
						<String ID="word000306" HPOS="1955" VPOS="856" WIDTH="15" HEIGHT="33" CONTENT="1." WC="0.28" CC="67"/>
						<SP ID="P6_SP00303" HPOS="1970" VPOS="889" WIDTH="30"/>
						<String ID="word000307" HPOS="2000" VPOS="854" WIDTH="168" HEIGHT="35" CONTENT="received" WC="0.97" CC="00000011"/>
						<SP ID="P6_SP00304" HPOS="2167" VPOS="889" WIDTH="22"/>
						<String ID="word000308" HPOS="2190" VPOS="854" WIDTH="73" HEIGHT="33" CONTENT="first" WC="0.73" CC="33213"/>
						<SP ID="P6_SP00305" HPOS="2263" VPOS="889" WIDTH="12"/>
						<String ID="word000309" HPOS="2275" VPOS="854" WIDTH="99" HEIGHT="33" CONTENT="200/." WC="0.49" CC="56660"/>
						<SP ID="P6_SP00306" HPOS="2374" VPOS="889" WIDTH="20"/>
						<String ID="word000310" HPOS="2394" VPOS="854" WIDTH="70" HEIGHT="32" CONTENT="an:l" WC="0.67" CC="3513"/>
						<SP ID="P6_SP00307" HPOS="2464" VPOS="889" WIDTH="18"/>
						<String ID="word000311" HPOS="2481" VPOS="850" WIDTH="331" HEIGHT="35" CONTENT="afierwards;:iCo%" WC="0.62" CC="0143040004888447"/>
						<SP ID="P6_SP00308" HPOS="2812" VPOS="889" WIDTH="90"/>
						<String ID="word000312" HPOS="2902" VPOS="850" WIDTH="5" HEIGHT="39" CONTENT="•" WC="0.56" CC="4"/>
						<SP ID="P6_SP00309" HPOS="2907" VPOS="889" WIDTH="0"/>
					</TextLine>
				</TextBlock>
				<TextBlock ID="pa0006005" HPOS="1633" VPOS="896" WIDTH="1352" HEIGHT="1473" STYLEREFS="TXT_3 PAR_BLOCK">
					<TextLine ID="P6_TL00031" HPOS="1681" VPOS="898" WIDTH="1303" HEIGHT="48">
						<String ID="word000313" HPOS="1681" VPOS="898" WIDTH="1" HEIGHT="48" CONTENT="•" WC="0.22" CC="7" STYLEREFS="TXT_4"/>
						<SP ID="P6_SP00310" HPOS="1682" VPOS="946" WIDTH="12"/>
						<String ID="word000314" HPOS="1694" VPOS="901" WIDTH="256" HEIGHT="45" CONTENT="Interrogated" WC="0.93" CC="311100000011" STYLEREFS="TXT_4"/>
						<SP ID="P6_SP00311" HPOS="1950" VPOS="946" WIDTH="19"/>
						<String ID="word000315" HPOS="1969" VPOS="905" WIDTH="47" HEIGHT="32" CONTENT="by" WC="0.94" CC="01"/>
						<SP ID="P6_SP00312" HPOS="2016" VPOS="946" WIDTH="32"/>
						<String ID="word000316" HPOS="2048" VPOS="904" WIDTH="94" HEIGHT="32" CONTENT="Lord" WC="0.89" CC="2200"/>
						<SP ID="P6_SP00313" HPOS="2143" VPOS="946" WIDTH="25"/>
						<String ID="word000317" HPOS="2167" VPOS="900" WIDTH="231" HEIGHT="33" CONTENT="FOLKSTON" WC="0.75" CC="63110106"/>
						<SP ID="P6_SP00314" HPOS="2399" VPOS="946" WIDTH="12"/>
						<String ID="word000318" HPOS="2411" VPOS="900" WIDTH="143" HEIGHT="38" CONTENT="E.---Q." WC="0.59" CC="5444432"/>
						<SP ID="P6_SP00315" HPOS="2554" VPOS="946" WIDTH="24"/>
						<String ID="word000319" HPOS="2577" VPOS="900" WIDTH="99" HEIGHT="33" CONTENT="How" WC="0.63" CC="712"/>
						<SP ID="P6_SP00316" HPOS="2676" VPOS="946" WIDTH="22"/>
						<String ID="word000320" HPOS="2699" VPOS="900" WIDTH="84" HEIGHT="40" CONTENT="long" WC="0.69" CC="2126"/>
						<SP ID="P6_SP00317" HPOS="2783" VPOS="946" WIDTH="17"/>
						<String ID="word000321" HPOS="2799" VPOS="898" WIDTH="94" HEIGHT="33" CONTENT="have" WC="1.00" CC="0000"/>
						<SP ID="P6_SP00318" HPOS="2894" VPOS="946" WIDTH="18"/>
						<String ID="word000322" HPOS="2911" VPOS="907" WIDTH="72" HEIGHT="33" CONTENT="you" WC="0.89" CC="102"/>
						<SP ID="P6_SP00319" HPOS="2983" VPOS="946" WIDTH="0"/>
					</TextLine>
					<TextLine ID="P6_TL00032" HPOS="1643" VPOS="946" WIDTH="1342" HEIGHT="47">
						<String ID="word000323" HPOS="1643" VPOS="950" WIDTH="90" HEIGHT="32" CONTENT="been" WC="0.81" CC="1213"/>
						<SP ID="P6_SP00320" HPOS="1733" VPOS="981" WIDTH="18"/>
						<String ID="word000324" HPOS="1750" VPOS="952" WIDTH="222" HEIGHT="41" CONTENT="acquainted" WC="0.95" CC="1011001000"/>
						<SP ID="P6_SP00321" HPOS="1972" VPOS="993" WIDTH="21"/>
						<String ID="word000325" HPOS="1994" VPOS="952" WIDTH="90" HEIGHT="33" CONTENT="with" WC="0.86" CC="1022"/>
						<SP ID="P6_SP00322" HPOS="2083" VPOS="993" WIDTH="18"/>
						<String ID="word000326" HPOS="2101" VPOS="950" WIDTH="63" HEIGHT="33" CONTENT="the" WC="0.89" CC="030"/>
						<SP ID="P6_SP00323" HPOS="2164" VPOS="993" WIDTH="24"/>
						<String ID="word000327" HPOS="2187" VPOS="948" WIDTH="109" HEIGHT="35" CONTENT="Duke" WC="0.83" CC="3003"/>
						<SP ID="P6_SP00324" HPOS="2296" VPOS="993" WIDTH="14"/>
						<String ID="word000328" HPOS="2310" VPOS="947" WIDTH="43" HEIGHT="32" CONTENT="of" WC="1.00" CC="00"/>
						<SP ID="P6_SP00325" HPOS="2353" VPOS="993" WIDTH="17"/>
						<String ID="word000329" HPOS="2369" VPOS="947" WIDTH="113" HEIGHT="34" CONTENT="York" WC="0.75" CC="3420"/>
						<SP ID="P6_SP00326" HPOS="2483" VPOS="993" WIDTH="18"/>
						<String ID="word000330" HPOS="2500" VPOS="948" WIDTH="11" HEIGHT="32" CONTENT="?" WC="1.00" CC="0"/>
						<SP ID="P6_SP00327" HPOS="2511" VPOS="993" WIDTH="32"/>
						<String ID="word000331" HPOS="2543" VPOS="948" WIDTH="45" HEIGHT="33" CONTENT="A." WC="1.00" CC="00"/>
						<SP ID="P6_SP00328" HPOS="2588" VPOS="993" WIDTH="24"/>
						<String ID="word000332" HPOS="2611" VPOS="947" WIDTH="12" HEIGHT="33" CONTENT="I" WC="0.67" CC="3"/>
						<SP ID="P6_SP00329" HPOS="2623" VPOS="993" WIDTH="14"/>
						<String ID="word000333" HPOS="2637" VPOS="952" WIDTH="12" HEIGHT="27" CONTENT="t" WC="0.67" CC="3"/>
						<SP ID="P6_SP00330" HPOS="2649" VPOS="993" WIDTH="17"/>
						<String ID="word000334" HPOS="2666" VPOS="957" WIDTH="76" HEIGHT="21" CONTENT="was" WC="0.93" CC="110"/>
						<SP ID="P6_SP00331" HPOS="2741" VPOS="993" WIDTH="18"/>
						<String ID="word000335" HPOS="2759" VPOS="946" WIDTH="116" HEIGHT="32" CONTENT="about" WC="0.93" CC="11100"/>
						<SP ID="P6_SP00332" HPOS="2875" VPOS="993" WIDTH="25"/>
						<String ID="word000336" HPOS="2900" VPOS="946" WIDTH="52" HEIGHT="47" CONTENT="ISO" WC="0.33" CC="776"/>
						<SP ID="P6_SP00333" HPOS="2952" VPOS="993" WIDTH="18"/>
						<String ID="word000337" HPOS="2969" VPOS="946" WIDTH="15" HEIGHT="47" CONTENT="3" WC="1.00" CC="0"/>
						<SP ID="P6_SP00334" HPOS="2985" VPOS="993" WIDTH="0"/>
					</TextLine>
					<TextLine ID="P6_TL00033" HPOS="1645" VPOS="993" WIDTH="1340" HEIGHT="46">
						<String ID="word000338" HPOS="1645" VPOS="997" WIDTH="104" HEIGHT="33" CONTENT="when" WC="0.94" CC="0011"/>
						<SP ID="P6_SP00335" HPOS="1749" VPOS="1030" WIDTH="30"/>
						<String ID="word000339" HPOS="1779" VPOS="998" WIDTH="44" HEIGHT="32" CONTENT="he" WC="0.89" CC="11"/>
						<SP ID="P6_SP00336" HPOS="1822" VPOS="1030" WIDTH="19"/>
						<String ID="word000340" HPOS="1841" VPOS="999" WIDTH="78" HEIGHT="32" CONTENT="first" WC="0.98" CC="10000"/>
						<SP ID="P6_SP00337" HPOS="1919" VPOS="1031" WIDTH="35"/>
						<String ID="word000341" HPOS="1955" VPOS="998" WIDTH="92" HEIGHT="33" CONTENT="took" WC="1.00" CC="0000"/>
						<SP ID="P6_SP00338" HPOS="2047" VPOS="1031" WIDTH="32"/>
						<String ID="word000342" HPOS="2079" VPOS="1007" WIDTH="58" HEIGHT="24" CONTENT="me" WC="1.00" CC="00"/>
						<SP ID="P6_SP00339" HPOS="2137" VPOS="1031" WIDTH="33"/>
						<String ID="word000343" HPOS="2170" VPOS="998" WIDTH="112" HEIGHT="32" CONTENT="under" WC="0.89" CC="01310"/>
						<SP ID="P6_SP00340" HPOS="2282" VPOS="1031" WIDTH="28"/>
						<String ID="word000344" HPOS="2310" VPOS="996" WIDTH="54" HEIGHT="32" CONTENT="his" WC="0.96" CC="100"/>
						<SP ID="P6_SP00341" HPOS="2365" VPOS="1031" WIDTH="28"/>
						<String ID="word000345" HPOS="2393" VPOS="996" WIDTH="331" HEIGHT="43" CONTENT="protection.---Q." WC="0.65" CC="3222233516353533"/>
						<SP ID="P6_SP00342" HPOS="2724" VPOS="1038" WIDTH="21"/>
						<String ID="word000346" HPOS="2745" VPOS="993" WIDTH="86" HEIGHT="34" CONTENT="Had" WC="0.85" CC="121"/>
						<SP ID="P6_SP00343" HPOS="2831" VPOS="1038" WIDTH="18"/>
						<String ID="word000347" HPOS="2849" VPOS="1003" WIDTH="71" HEIGHT="34" CONTENT="you" WC="0.59" CC="416"/>
						<SP ID="P6_SP00344" HPOS="2920" VPOS="1038" WIDTH="20"/>
						<String ID="word000348" HPOS="2940" VPOS="1004" WIDTH="45" HEIGHT="22" CONTENT="au" WC="0.50" CC="36"/>
						<SP ID="P6_SP00345" HPOS="2985" VPOS="1038" WIDTH="0"/>
					</TextLine>
					<TextLine ID="P6_TL00034" HPOS="1639" VPOS="1041" WIDTH="1341" HEIGHT="47">
						<String ID="word000349" HPOS="1639" VPOS="1044" WIDTH="292" HEIGHT="35" CONTENT="eaablishment" WC="0.50" CC="353764355535"/>
						<SP ID="P6_SP00346" HPOS="1931" VPOS="1080" WIDTH="5"/>
						<String ID="word000350" HPOS="1936" VPOS="1045" WIDTH="97" HEIGHT="34" CONTENT="from" WC="0.75" CC="1215"/>
						<SP ID="P6_SP00347" HPOS="2033" VPOS="1080" WIDTH="33"/>
						<String ID="word000351" HPOS="2066" VPOS="1044" WIDTH="80" HEIGHT="34" CONTENT="that" WC="1.00" CC="0000"/>
						<SP ID="P6_SP00348" HPOS="2146" VPOS="1080" WIDTH="31"/>
						<String ID="word000352" HPOS="2177" VPOS="1043" WIDTH="128" HEIGHT="45" CONTENT="period" WC="0.93" CC="100003"/>
						<SP ID="P6_SP00349" HPOS="2304" VPOS="1088" WIDTH="15"/>
						<String ID="word000353" HPOS="2320" VPOS="1043" WIDTH="12" HEIGHT="33" CONTENT="?" WC="1.00" CC="0"/>
						<SP ID="P6_SP00350" HPOS="2331" VPOS="1088" WIDTH="33"/>
						<String ID="word000354" HPOS="2365" VPOS="1043" WIDTH="47" HEIGHT="33" CONTENT="A." WC="1.00" CC="00"/>
						<SP ID="P6_SP00351" HPOS="2412" VPOS="1088" WIDTH="33"/>
						<String ID="word000355" HPOS="2445" VPOS="1043" WIDTH="73" HEIGHT="33" CONTENT="No." WC="1.00" CC="000"/>
						<SP ID="P6_SP00352" HPOS="2518" VPOS="1088" WIDTH="33"/>
						<String ID="word000356" HPOS="2551" VPOS="1043" WIDTH="37" HEIGHT="33" CONTENT="It" WC="0.94" CC="10"/>
						<SP ID="P6_SP00353" HPOS="2588" VPOS="1088" WIDTH="20"/>
						<String ID="word000357" HPOS="2608" VPOS="1052" WIDTH="74" HEIGHT="22" CONTENT="was" WC="1.00" CC="000"/>
						<SP ID="P6_SP00354" HPOS="2682" VPOS="1088" WIDTH="17"/>
						<String ID="word000358" HPOS="2699" VPOS="1043" WIDTH="165" HEIGHT="31" CONTENT="between" WC="0.73" CC="0021815"/>
						<SP ID="P6_SP00355" HPOS="2864" VPOS="1088" WIDTH="25"/>
						<String ID="word000359" HPOS="2889" VPOS="1041" WIDTH="91" HEIGHT="34" CONTENT="15Ot" WC="0.36" CC="4865"/>
						<SP ID="P6_SP00356" HPOS="2980" VPOS="1088" WIDTH="0"/>
					</TextLine>
					<TextLine ID="P6_TL00035" HPOS="1639" VPOS="1085" WIDTH="1345" HEIGHT="48">
						<String ID="word000360" HPOS="1639" VPOS="1085" WIDTH="69" HEIGHT="39" CONTENT="and" WC="0.70" CC="071"/>
						<SP ID="P6_SP00357" HPOS="1708" VPOS="1124" WIDTH="24"/>
						<String ID="word000361" HPOS="1731" VPOS="1093" WIDTH="91" HEIGHT="34" CONTENT="1806" WC="0.42" CC="6861"/>
						<SP ID="P6_SP00358" HPOS="1822" VPOS="1127" WIDTH="17"/>
						<String ID="word000362" HPOS="1839" VPOS="1093" WIDTH="81" HEIGHT="34" CONTENT="that" WC="1.00" CC="0000"/>
						<SP ID="P6_SP00359" HPOS="1920" VPOS="1127" WIDTH="30"/>
						<String ID="word000363" HPOS="1950" VPOS="1095" WIDTH="18" HEIGHT="33" CONTENT="I" WC="0.78" CC="2"/>
						<SP ID="P6_SP00360" HPOS="1968" VPOS="1128" WIDTH="32"/>
						<String ID="word000364" HPOS="2000" VPOS="1093" WIDTH="69" HEIGHT="33" CONTENT="had" WC="0.96" CC="010"/>
						<SP ID="P6_SP00361" HPOS="2068" VPOS="1128" WIDTH="21"/>
						<String ID="word000365" HPOS="2089" VPOS="1091" WIDTH="60" HEIGHT="34" CONTENT="the" WC="1.00" CC="000"/>
						<SP ID="P6_SP00362" HPOS="2150" VPOS="1128" WIDTH="14"/>
						<String ID="word000366" HPOS="2164" VPOS="1090" WIDTH="278" HEIGHT="34" CONTENT="establishment" WC="0.79" CC="1100121177112"/>
						<SP ID="P6_SP00363" HPOS="2441" VPOS="1128" WIDTH="21"/>
						<String ID="word000367" HPOS="2463" VPOS="1090" WIDTH="34" HEIGHT="33" CONTENT="in" WC="1.00" CC="00"/>
						<SP ID="P6_SP00364" HPOS="2497" VPOS="1128" WIDTH="20"/>
						<String ID="word000368" HPOS="2517" VPOS="1088" WIDTH="467" HEIGHT="45" CONTENT="Gloocester-place.---Q." WC="0.49" CC="7368575364554344345532"/>
						<SP ID="P6_SP00365" HPOS="2983" VPOS="1133" WIDTH="0"/>
					</TextLine>
					<TextLine ID="P6_TL00036" HPOS="1649" VPOS="1135" WIDTH="1336" HEIGHT="48">
						<String ID="word000369" HPOS="1649" VPOS="1140" WIDTH="109" HEIGHT="34" CONTENT="What" WC="0.97" CC="1000"/>
						<SP ID="P6_SP00366" HPOS="1757" VPOS="1174" WIDTH="9"/>
						<String ID="word000370" HPOS="1767" VPOS="1141" WIDTH="208" HEIGHT="33" CONTENT="allowance" WC="0.99" CC="000010000"/>
						<SP ID="P6_SP00367" HPOS="1975" VPOS="1174" WIDTH="11"/>
						<String ID="word000371" HPOS="1985" VPOS="1141" WIDTH="61" HEIGHT="33" CONTENT="did" WC="1.00" CC="000"/>
						<SP ID="P6_SP00368" HPOS="2047" VPOS="1174" WIDTH="14"/>
						<String ID="word000372" HPOS="2061" VPOS="1140" WIDTH="63" HEIGHT="33" CONTENT="the" WC="1.00" CC="000"/>
						<SP ID="P6_SP00369" HPOS="2124" VPOS="1174" WIDTH="13"/>
						<String ID="word000373" HPOS="2137" VPOS="1139" WIDTH="113" HEIGHT="34" CONTENT="Duke" WC="0.81" CC="3004"/>
						<SP ID="P6_SP00370" HPOS="2250" VPOS="1174" WIDTH="17"/>
						<String ID="word000374" HPOS="2267" VPOS="1139" WIDTH="107" HEIGHT="32" CONTENT="make" WC="0.97" CC="1000"/>
						<SP ID="P6_SP00371" HPOS="2374" VPOS="1174" WIDTH="12"/>
						<String ID="word000375" HPOS="2386" VPOS="1136" WIDTH="61" HEIGHT="34" CONTENT="for" WC="0.89" CC="030"/>
						<SP ID="P6_SP00372" HPOS="2447" VPOS="1174" WIDTH="12"/>
						<String ID="word000376" HPOS="2459" VPOS="1139" WIDTH="220" HEIGHT="44" CONTENT="supporting" WC="0.74" CC="1232303333"/>
						<SP ID="P6_SP00373" HPOS="2679" VPOS="1182" WIDTH="14"/>
						<String ID="word000377" HPOS="2693" VPOS="1136" WIDTH="78" HEIGHT="33" CONTENT="that" WC="1.00" CC="0000"/>
						<SP ID="P6_SP00374" HPOS="2771" VPOS="1182" WIDTH="15"/>
						<String ID="word000378" HPOS="2786" VPOS="1135" WIDTH="180" HEIGHT="34" CONTENT="establish" SUBS_TYPE="HypPart1" SUBS_CONTENT="establishment" WC="0.93" CC="003101010"/>
						<HYP HPOS="2966" VPOS="1135" WIDTH="19" CONTENT="-"/>
					</TextLine>
					<TextLine ID="P6_TL00037" HPOS="1642" VPOS="1182" WIDTH="1343" HEIGHT="48">
						<String ID="word000379" HPOS="1642" VPOS="1193" WIDTH="94" HEIGHT="27" CONTENT="ment" SUBS_TYPE="HypPart2" SUBS_CONTENT="establishment" WC="1.00" CC="0000"/>
						<SP ID="P6_SP00375" HPOS="1736" VPOS="1220" WIDTH="15"/>
						<String ID="word000380" HPOS="1752" VPOS="1187" WIDTH="12" HEIGHT="33" CONTENT="?" WC="1.00" CC="0"/>
						<SP ID="P6_SP00376" HPOS="1763" VPOS="1220" WIDTH="21"/>
						<String ID="word000381" HPOS="1785" VPOS="1187" WIDTH="47" HEIGHT="35" CONTENT="A." WC="1.00" CC="00"/>
						<SP ID="P6_SP00377" HPOS="1832" VPOS="1222" WIDTH="17"/>
						<String ID="word000382" HPOS="1848" VPOS="1187" WIDTH="58" HEIGHT="34" CONTENT="He" WC="0.89" CC="11"/>
						<SP ID="P6_SP00378" HPOS="1906" VPOS="1222" WIDTH="13"/>
						<String ID="word000383" HPOS="1919" VPOS="1187" WIDTH="165" HEIGHT="34" CONTENT="allowed" WC="0.98" CC="0000100"/>
						<SP ID="P6_SP00379" HPOS="2085" VPOS="1222" WIDTH="19"/>
						<String ID="word000384" HPOS="2104" VPOS="1199" WIDTH="56" HEIGHT="21" CONTENT="me" WC="1.00" CC="00"/>
						<SP ID="P6_SP00380" HPOS="2159" VPOS="1222" WIDTH="18"/>
						<String ID="word000385" HPOS="2177" VPOS="1198" WIDTH="22" HEIGHT="22" CONTENT="a" WC="0.89" CC="1"/>
						<SP ID="P6_SP00381" HPOS="2199" VPOS="1222" WIDTH="18"/>
						<String ID="word000386" HPOS="2217" VPOS="1185" WIDTH="180" HEIGHT="34" CONTENT="thousand" WC="0.86" CC="00311230"/>
						<SP ID="P6_SP00382" HPOS="2396" VPOS="1222" WIDTH="19"/>
						<String ID="word000387" HPOS="2415" VPOS="1195" WIDTH="149" HEIGHT="34" CONTENT="a-year," WC="0.94" CC="2200000"/>
						<SP ID="P6_SP00383" HPOS="2564" VPOS="1230" WIDTH="15"/>
						<String ID="word000388" HPOS="2580" VPOS="1189" WIDTH="39" HEIGHT="28" CONTENT="to" WC="1.00" CC="00"/>
						<SP ID="P6_SP00384" HPOS="2619" VPOS="1230" WIDTH="13"/>
						<String ID="word000389" HPOS="2631" VPOS="1185" WIDTH="43" HEIGHT="32" CONTENT="he" WC="1.00" CC="00"/>
						<SP ID="P6_SP00385" HPOS="2674" VPOS="1230" WIDTH="22"/>
						<String ID="word000390" HPOS="2696" VPOS="1182" WIDTH="86" HEIGHT="44" CONTENT="paid" WC="0.97" CC="0001"/>
						<SP ID="P6_SP00386" HPOS="2783" VPOS="1230" WIDTH="20"/>
						<String ID="word000391" HPOS="2803" VPOS="1183" WIDTH="182" HEIGHT="43" CONTENT="monthly," WC="0.96" CC="10001100"/>
						<SP ID="P6_SP00387" HPOS="2985" VPOS="1230" WIDTH="0"/>
					</TextLine>
					<TextLine ID="P6_TL00038" HPOS="1642" VPOS="1231" WIDTH="1343" HEIGHT="50">
						<String ID="word000392" HPOS="1642" VPOS="1235" WIDTH="61" HEIGHT="32" CONTENT="but" WC="0.78" CC="600"/>
						<SP ID="P6_SP00388" HPOS="1703" VPOS="1267" WIDTH="14"/>
						<String ID="word000393" HPOS="1717" VPOS="1234" WIDTH="63" HEIGHT="34" CONTENT="the" WC="0.96" CC="001"/>
						<SP ID="P6_SP00389" HPOS="1780" VPOS="1269" WIDTH="12"/>
						<String ID="word000394" HPOS="1792" VPOS="1240" WIDTH="194" HEIGHT="40" CONTENT="payments" WC="0.97" CC="10001000"/>
						<SP ID="P6_SP00390" HPOS="1985" VPOS="1280" WIDTH="9"/>
						<String ID="word000395" HPOS="1995" VPOS="1246" WIDTH="98" HEIGHT="26" CONTENT="were" WC="1.00" CC="0000"/>
						<SP ID="P6_SP00391" HPOS="2093" VPOS="1280" WIDTH="13"/>
						<String ID="word000396" HPOS="2106" VPOS="1239" WIDTH="60" HEIGHT="30" CONTENT="not" WC="1.00" CC="000"/>
						<SP ID="P6_SP00392" HPOS="2166" VPOS="1280" WIDTH="11"/>
						<String ID="word000397" HPOS="2177" VPOS="1233" WIDTH="145" HEIGHT="45" CONTENT="always" WC="0.76" CC="140062"/>
						<SP ID="P6_SP00393" HPOS="2322" VPOS="1280" WIDTH="17"/>
						<String ID="word000398" HPOS="2339" VPOS="1231" WIDTH="104" HEIGHT="34" CONTENT="Made" WC="0.75" CC="4401"/>
						<SP ID="P6_SP00394" HPOS="2443" VPOS="1280" WIDTH="12"/>
						<String ID="word000399" HPOS="2454" VPOS="1232" WIDTH="202" HEIGHT="43" CONTENT="good.--Q." WC="0.79" CC="100233332"/>
						<SP ID="P6_SP00395" HPOS="2656" VPOS="1280" WIDTH="19"/>
						<String ID="word000400" HPOS="2675" VPOS="1231" WIDTH="87" HEIGHT="33" CONTENT="Was" WC="0.78" CC="510"/>
						<SP ID="P6_SP00396" HPOS="2763" VPOS="1280" WIDTH="11"/>
						<String ID="word000401" HPOS="2773" VPOS="1231" WIDTH="60" HEIGHT="33" CONTENT="the" WC="0.74" CC="430"/>
						<SP ID="P6_SP00397" HPOS="2833" VPOS="1280" WIDTH="14"/>
						<String ID="word000402" HPOS="2848" VPOS="1231" WIDTH="109" HEIGHT="33" CONTENT="allow" WC="0.73" CC="03324"/>
						<SP ID="P6_SP00398" HPOS="2956" VPOS="1280" WIDTH="13"/>
						<String ID="word000403" HPOS="2969" VPOS="1250" WIDTH="15" HEIGHT="6" CONTENT="-" WC="0.78" CC="2"/>
					</TextLine>
					<TextLine ID="P6_TL00039" HPOS="1639" VPOS="1278" WIDTH="1346" HEIGHT="50">
						<String ID="word000404" HPOS="1639" VPOS="1292" WIDTH="89" HEIGHT="25" CONTENT=";wee" WC="0.42" CC="6762"/>
						<SP ID="P6_SP00399" HPOS="1728" VPOS="1317" WIDTH="19"/>
						<String ID="word000405" HPOS="1747" VPOS="1284" WIDTH="104" HEIGHT="33" CONTENT="made" WC="0.97" CC="0010"/>
						<SP ID="P6_SP00400" HPOS="1851" VPOS="1317" WIDTH="18"/>
						<String ID="word000406" HPOS="1869" VPOS="1285" WIDTH="47" HEIGHT="43" CONTENT="by" WC="0.94" CC="01"/>
						<SP ID="P6_SP00401" HPOS="1916" VPOS="1328" WIDTH="21"/>
						<String ID="word000407" HPOS="1937" VPOS="1284" WIDTH="57" HEIGHT="33" CONTENT="his" WC="1.00" CC="000"/>
						<SP ID="P6_SP00402" HPOS="1994" VPOS="1328" WIDTH="20"/>
						<String ID="word000408" HPOS="2014" VPOS="1279" WIDTH="119" HEIGHT="47" CONTENT="Royal" WC="0.93" CC="10002"/>
						<SP ID="P6_SP00403" HPOS="2133" VPOS="1328" WIDTH="25"/>
						<String ID="word000409" HPOS="2158" VPOS="1280" WIDTH="183" HEIGHT="44" CONTENT="Highness" WC="0.88" CC="30020031"/>
						<SP ID="P6_SP00404" HPOS="2341" VPOS="1328" WIDTH="25"/>
						<String ID="word000410" HPOS="2366" VPOS="1280" WIDTH="183" HEIGHT="44" CONTENT="adequate" WC="0.94" CC="10300000"/>
						<SP ID="P6_SP00405" HPOS="2549" VPOS="1328" WIDTH="19"/>
						<String ID="word000411" HPOS="2568" VPOS="1285" WIDTH="39" HEIGHT="26" CONTENT="to" WC="1.00" CC="00"/>
						<SP ID="P6_SP00406" HPOS="2607" VPOS="1328" WIDTH="19"/>
						<String ID="word000412" HPOS="2626" VPOS="1290" WIDTH="76" HEIGHT="34" CONTENT="pay" WC="0.89" CC="111"/>
						<SP ID="P6_SP00407" HPOS="2701" VPOS="1328" WIDTH="18"/>
						<String ID="word000413" HPOS="2719" VPOS="1279" WIDTH="59" HEIGHT="32" CONTENT="the" WC="0.78" CC="114"/>
						<SP ID="P6_SP00408" HPOS="2778" VPOS="1328" WIDTH="12"/>
						<String ID="word000414" HPOS="2790" VPOS="1278" WIDTH="176" HEIGHT="33" CONTENT="establish" SUBS_TYPE="HypPart1" SUBS_CONTENT="establishment" WC="0.68" CC="342373220"/>
						<HYP HPOS="2966" VPOS="1278" WIDTH="19" CONTENT="-"/>
					</TextLine>
					<TextLine ID="P6_TL00040" HPOS="1641" VPOS="1324" WIDTH="1344" HEIGHT="52">
						<String ID="word000415" HPOS="1641" VPOS="1336" WIDTH="97" HEIGHT="27" CONTENT="ment" SUBS_TYPE="HypPart2" SUBS_CONTENT="establishment" WC="0.86" CC="3020"/>
						<SP ID="P6_SP00409" HPOS="1737" VPOS="1363" WIDTH="17"/>
						<String ID="word000416" HPOS="1754" VPOS="1331" WIDTH="34" HEIGHT="32" CONTENT="in" WC="1.00" CC="00"/>
						<SP ID="P6_SP00410" HPOS="1788" VPOS="1363" WIDTH="20"/>
						<String ID="word000417" HPOS="1808" VPOS="1329" WIDTH="341" HEIGHT="47" CONTENT="Gloucester-place" WC="0.91" CC="2000001002320102"/>
						<SP ID="P6_SP00411" HPOS="2150" VPOS="1376" WIDTH="13"/>
						<String ID="word000418" HPOS="2163" VPOS="1331" WIDTH="13" HEIGHT="32" CONTENT="?" WC="0.89" CC="1"/>
						<SP ID="P6_SP00412" HPOS="2176" VPOS="1376" WIDTH="31"/>
						<String ID="word000419" HPOS="2206" VPOS="1330" WIDTH="47" HEIGHT="32" CONTENT="A." WC="1.00" CC="00"/>
						<SP ID="P6_SP00413" HPOS="2254" VPOS="1376" WIDTH="34"/>
						<String ID="word000420" HPOS="2288" VPOS="1329" WIDTH="71" HEIGHT="41" CONTENT="No," WC="0.74" CC="241"/>
						<SP ID="P6_SP00414" HPOS="2359" VPOS="1376" WIDTH="20"/>
						<String ID="word000421" HPOS="2379" VPOS="1328" WIDTH="70" HEIGHT="33" CONTENT="and" WC="0.96" CC="010"/>
						<SP ID="P6_SP00415" HPOS="2448" VPOS="1376" WIDTH="24"/>
						<String ID="word000422" HPOS="2472" VPOS="1330" WIDTH="12" HEIGHT="32" CONTENT="l" WC="0.56" CC="4"/>
						<SP ID="P6_SP00416" HPOS="2484" VPOS="1376" WIDTH="22"/>
						<String ID="word000423" HPOS="2506" VPOS="1326" WIDTH="211" HEIGHT="45" CONTENT="frequently" WC="0.71" CC="4574111111"/>
						<SP ID="P6_SP00417" HPOS="2718" VPOS="1376" WIDTH="18"/>
						<String ID="word000424" HPOS="2735" VPOS="1325" WIDTH="117" HEIGHT="33" CONTENT="stated" WC="0.91" CC="111020"/>
						<SP ID="P6_SP00418" HPOS="2852" VPOS="1376" WIDTH="21"/>
						<String ID="word000425" HPOS="2874" VPOS="1331" WIDTH="35" HEIGHT="26" CONTENT="to" WC="1.00" CC="00"/>
						<SP ID="P6_SP00419" HPOS="2909" VPOS="1376" WIDTH="22"/>
						<String ID="word000426" HPOS="2931" VPOS="1324" WIDTH="53" HEIGHT="33" CONTENT="his" WC="0.78" CC="132"/>
						<SP ID="P6_SP00420" HPOS="2985" VPOS="1376" WIDTH="0"/>
					</TextLine>
					<TextLine ID="P6_TL00041" HPOS="1643" VPOS="1376" WIDTH="1340" HEIGHT="46">
						<String ID="word000427" HPOS="1643" VPOS="1377" WIDTH="123" HEIGHT="45" CONTENT="Royal" WC="0.87" CC="30300"/>
						<SP ID="P6_SP00421" HPOS="1766" VPOS="1422" WIDTH="20"/>
						<String ID="word000428" HPOS="1786" VPOS="1378" WIDTH="187" HEIGHT="44" CONTENT="Highness" WC="0.83" CC="32010510"/>
						<SP ID="P6_SP00422" HPOS="1972" VPOS="1422" WIDTH="11"/>
						<String ID="word000429" HPOS="1983" VPOS="1380" WIDTH="83" HEIGHT="33" CONTENT="that" WC="1.00" CC="0000"/>
						<SP ID="P6_SP00423" HPOS="2066" VPOS="1422" WIDTH="19"/>
						<String ID="word000430" HPOS="2085" VPOS="1380" WIDTH="27" HEIGHT="32" CONTENT="it" WC="1.00" CC="00"/>
						<SP ID="P6_SP00424" HPOS="2112" VPOS="1422" WIDTH="19"/>
						<String ID="word000431" HPOS="2131" VPOS="1376" WIDTH="128" HEIGHT="35" CONTENT="would" WC="0.95" CC="11000"/>
						<SP ID="P6_SP00425" HPOS="2258" VPOS="1422" WIDTH="14"/>
						<String ID="word000432" HPOS="2272" VPOS="1381" WIDTH="60" HEIGHT="28" CONTENT="not" WC="0.96" CC="100"/>
						<SP ID="P6_SP00426" HPOS="2333" VPOS="1422" WIDTH="17"/>
						<String ID="word000433" HPOS="2349" VPOS="1385" WIDTH="76" HEIGHT="33" CONTENT="pay" WC="0.89" CC="021"/>
						<SP ID="P6_SP00427" HPOS="2425" VPOS="1422" WIDTH="14"/>
						<String ID="word000434" HPOS="2439" VPOS="1385" WIDTH="100" HEIGHT="24" CONTENT="more" WC="0.67" CC="6231"/>
						<SP ID="P6_SP00428" HPOS="2539" VPOS="1422" WIDTH="26"/>
						<String ID="word000435" HPOS="2565" VPOS="1377" WIDTH="87" HEIGHT="31" CONTENT="than" WC="0.78" CC="0314"/>
						<SP ID="P6_SP00429" HPOS="2653" VPOS="1422" WIDTH="21"/>
						<String ID="word000436" HPOS="2674" VPOS="1376" WIDTH="60" HEIGHT="30" CONTENT="the" WC="0.85" CC="040"/>
						<SP ID="P6_SP00430" HPOS="2734" VPOS="1422" WIDTH="15"/>
						<String ID="word000437" HPOS="2750" VPOS="1377" WIDTH="233" HEIGHT="28" CONTENT="!;erv%nts.---" WC="0.39" CC="8875575354554"/>
					</TextLine>
					<TextLine ID="P6_TL00042" HPOS="1642" VPOS="1421" WIDTH="1342" HEIGHT="46">
						<String ID="word000438" HPOS="1642" VPOS="1424" WIDTH="59" HEIGHT="34" CONTENT="He" WC="0.89" CC="20" STYLEREFS="TXT_4"/>
						<SP ID="P6_SP00431" HPOS="1701" VPOS="1459" WIDTH="19"/>
						<String ID="word000439" HPOS="1720" VPOS="1426" WIDTH="77" HEIGHT="33" CONTENT="told" WC="0.97" CC="1000"/>
						<SP ID="P6_SP00432" HPOS="1796" VPOS="1459" WIDTH="21"/>
						<String ID="word000440" HPOS="1818" VPOS="1436" WIDTH="70" HEIGHT="30" CONTENT="me," WC="0.96" CC="001"/>
						<SP ID="P6_SP00433" HPOS="1887" VPOS="1466" WIDTH="35"/>
						<String ID="word000441" HPOS="1923" VPOS="1426" WIDTH="34" HEIGHT="33" CONTENT="if" WC="1.00" CC="00"/>
						<SP ID="P6_SP00434" HPOS="1957" VPOS="1466" WIDTH="25"/>
						<String ID="word000442" HPOS="1982" VPOS="1427" WIDTH="18" HEIGHT="33" CONTENT="I" WC="0.67" CC="3"/>
						<SP ID="P6_SP00435" HPOS="2000" VPOS="1466" WIDTH="34"/>
						<String ID="word000443" HPOS="2034" VPOS="1423" WIDTH="220" HEIGHT="37" CONTENT="understood" WC="0.92" CC="1103010100"/>
						<SP ID="P6_SP00436" HPOS="2254" VPOS="1466" WIDTH="31"/>
						<String ID="word000444" HPOS="2284" VPOS="1427" WIDTH="150" HEIGHT="30" CONTENT="matters" WC="0.98" CC="0100000"/>
						<SP ID="P6_SP00437" HPOS="2434" VPOS="1466" WIDTH="32"/>
						<String ID="word000445" HPOS="2466" VPOS="1422" WIDTH="194" HEIGHT="45" CONTENT="properly," WC="0.95" CC="000030100"/>
						<SP ID="P6_SP00438" HPOS="2660" VPOS="1467" WIDTH="26"/>
						<String ID="word000446" HPOS="2686" VPOS="1422" WIDTH="11" HEIGHT="32" CONTENT="I" WC="0.67" CC="3"/>
						<SP ID="P6_SP00439" HPOS="2696" VPOS="1467" WIDTH="28"/>
						<String ID="word000447" HPOS="2725" VPOS="1421" WIDTH="122" HEIGHT="33" CONTENT="would" WC="0.95" CC="10001"/>
						<SP ID="P6_SP00440" HPOS="2846" VPOS="1467" WIDTH="28"/>
						<String ID="word000448" HPOS="2875" VPOS="1430" WIDTH="109" HEIGHT="24" CONTENT="never" WC="0.95" CC="00110"/>
						<SP ID="P6_SP00441" HPOS="2983" VPOS="1467" WIDTH="0"/>
					</TextLine>
					<TextLine ID="P6_TL00043" HPOS="1636" VPOS="1468" WIDTH="1349" HEIGHT="49">
						<String ID="word000449" HPOS="1636" VPOS="1473" WIDTH="67" HEIGHT="33" CONTENT="ask" WC="1.00" CC="000"/>
						<SP ID="P6_SP00442" HPOS="1703" VPOS="1506" WIDTH="24"/>
						<String ID="word000450" HPOS="1727" VPOS="1472" WIDTH="74" HEIGHT="35" CONTENT="him" WC="0.96" CC="001"/>
						<SP ID="P6_SP00443" HPOS="1801" VPOS="1507" WIDTH="19"/>
						<String ID="word000451" HPOS="1820" VPOS="1474" WIDTH="58" HEIGHT="33" CONTENT="for" WC="0.96" CC="010"/>
						<SP ID="P6_SP00444" HPOS="1878" VPOS="1507" WIDTH="18"/>
						<String ID="word000452" HPOS="1896" VPOS="1468" WIDTH="268" HEIGHT="44" CONTENT="money.--A)o" WC="0.57" CC="33223345872"/>
						<SP ID="P6_SP00445" HPOS="2164" VPOS="1512" WIDTH="14"/>
						<String ID="word000453" HPOS="2178" VPOS="1482" WIDTH="71" HEIGHT="34" CONTENT="you" WC="1.00" CC="000"/>
						<SP ID="P6_SP00446" HPOS="2249" VPOS="1517" WIDTH="18"/>
						<String ID="word000454" HPOS="2267" VPOS="1470" WIDTH="177" HEIGHT="34" CONTENT="recollect" WC="0.94" CC="011002100"/>
						<SP ID="P6_SP00447" HPOS="2444" VPOS="1517" WIDTH="20"/>
						<String ID="word000455" HPOS="2464" VPOS="1472" WIDTH="61" HEIGHT="32" CONTENT="the" WC="0.85" CC="040"/>
						<SP ID="P6_SP00448" HPOS="2525" VPOS="1517" WIDTH="13"/>
						<String ID="word000456" HPOS="2538" VPOS="1470" WIDTH="76" HEIGHT="32" CONTENT="first" WC="0.76" CC="51311"/>
						<SP ID="P6_SP00449" HPOS="2614" VPOS="1517" WIDTH="17"/>
						<String ID="word000457" HPOS="2630" VPOS="1469" WIDTH="87" HEIGHT="32" CONTENT="time" WC="0.83" CC="0150"/>
						<SP ID="P6_SP00450" HPOS="2718" VPOS="1517" WIDTH="20"/>
						<String ID="word000458" HPOS="2738" VPOS="1479" WIDTH="71" HEIGHT="34" CONTENT="you" WC="0.74" CC="313"/>
						<SP ID="P6_SP00451" HPOS="2809" VPOS="1517" WIDTH="20"/>
						<String ID="word000459" HPOS="2829" VPOS="1468" WIDTH="156" HEIGHT="44" CONTENT="applied" WC="0.90" CC="1003101"/>
						<SP ID="P6_SP00452" HPOS="2985" VPOS="1517" WIDTH="0"/>
					</TextLine>
					<TextLine ID="P6_TL00044" HPOS="1639" VPOS="1517" WIDTH="1341" HEIGHT="46">
						<String ID="word000460" HPOS="1639" VPOS="1526" WIDTH="37" HEIGHT="26" CONTENT="to" WC="1.00" CC="00"/>
						<SP ID="P6_SP00453" HPOS="1676" VPOS="1552" WIDTH="43"/>
						<String ID="word000461" HPOS="1719" VPOS="1520" WIDTH="61" HEIGHT="33" CONTENT="the" WC="1.00" CC="000"/>
						<SP ID="P6_SP00454" HPOS="1780" VPOS="1553" WIDTH="45"/>
						<String ID="word000462" HPOS="1825" VPOS="1520" WIDTH="115" HEIGHT="35" CONTENT="Duke" WC="1.00" CC="0000"/>
						<SP ID="P6_SP00455" HPOS="1939" VPOS="1556" WIDTH="41"/>
						<String ID="word000463" HPOS="1981" VPOS="1521" WIDTH="46" HEIGHT="33" CONTENT="of" WC="1.00" CC="00"/>
						<SP ID="P6_SP00456" HPOS="2027" VPOS="1556" WIDTH="20"/>
						<String ID="word000464" HPOS="2047" VPOS="1521" WIDTH="115" HEIGHT="34" CONTENT="York" WC="0.97" CC="1000"/>
						<SP ID="P6_SP00457" HPOS="2161" VPOS="1556" WIDTH="38"/>
						<String ID="word000465" HPOS="2199" VPOS="1519" WIDTH="61" HEIGHT="33" CONTENT="for" WC="1.00" CC="000"/>
						<SP ID="P6_SP00458" HPOS="2261" VPOS="1556" WIDTH="28"/>
						<String ID="word000466" HPOS="2289" VPOS="1530" WIDTH="74" HEIGHT="33" CONTENT="any" WC="1.00" CC="000"/>
						<SP ID="P6_SP00459" HPOS="2363" VPOS="1563" WIDTH="35"/>
						<String ID="word000467" HPOS="2399" VPOS="1518" WIDTH="214" HEIGHT="45" CONTENT="promotion" WC="0.97" CC="000200000"/>
						<SP ID="P6_SP00460" HPOS="2613" VPOS="1563" WIDTH="27"/>
						<String ID="word000468" HPOS="2640" VPOS="1527" WIDTH="43" HEIGHT="22" CONTENT="or" WC="1.00" CC="00"/>
						<SP ID="P6_SP00461" HPOS="2682" VPOS="1563" WIDTH="32"/>
						<String ID="word000469" HPOS="2714" VPOS="1517" WIDTH="233" HEIGHT="33" CONTENT="counnissiou" WC="0.36" CC="55578365586"/>
						<SP ID="P6_SP00462" HPOS="2947" VPOS="1563" WIDTH="20"/>
						<String ID="word000470" HPOS="2967" VPOS="1517" WIDTH="13" HEIGHT="32" CONTENT="?" WC="0.89" CC="1"/>
						<SP ID="P6_SP00463" HPOS="2980" VPOS="1563" WIDTH="0"/>
					</TextLine>
					<TextLine ID="P6_TL00045" HPOS="1641" VPOS="1564" WIDTH="1342" HEIGHT="43">
						<String ID="word000471" HPOS="1641" VPOS="1567" WIDTH="47" HEIGHT="33" CONTENT="A." WC="1.00" CC="00"/>
						<SP ID="P6_SP00464" HPOS="1688" VPOS="1600" WIDTH="26"/>
						<String ID="word000472" HPOS="1714" VPOS="1567" WIDTH="18" HEIGHT="33" CONTENT="I" WC="0.89" CC="1"/>
						<SP ID="P6_SP00465" HPOS="1731" VPOS="1600" WIDTH="19"/>
						<String ID="word000473" HPOS="1750" VPOS="1567" WIDTH="47" HEIGHT="33" CONTENT="do" WC="0.94" CC="01"/>
						<SP ID="P6_SP00466" HPOS="1798" VPOS="1600" WIDTH="19"/>
						<String ID="word000474" HPOS="1817" VPOS="1569" WIDTH="255" HEIGHT="34" CONTENT="not-recollect" WC="0.72" CC="2156311533201"/>
						<SP ID="P6_SP00467" HPOS="2072" VPOS="1603" WIDTH="18"/>
						<String ID="word000475" HPOS="2089" VPOS="1580" WIDTH="11" HEIGHT="26" CONTENT=";" WC="1.00" CC="0"/>
						<SP ID="P6_SP00468" HPOS="2100" VPOS="1606" WIDTH="27"/>
						<String ID="word000476" HPOS="2127" VPOS="1570" WIDTH="63" HEIGHT="32" CONTENT="but" WC="0.93" CC="110"/>
						<SP ID="P6_SP00469" HPOS="2190" VPOS="1606" WIDTH="24"/>
						<String ID="word000477" HPOS="2213" VPOS="1567" WIDTH="28" HEIGHT="32" CONTENT="it" WC="1.00" CC="00"/>
						<SP ID="P6_SP00470" HPOS="2242" VPOS="1606" WIDTH="20"/>
						<String ID="word000478" HPOS="2262" VPOS="1576" WIDTH="74" HEIGHT="24" CONTENT="was" WC="0.81" CC="320"/>
						<SP ID="P6_SP00471" HPOS="2336" VPOS="1606" WIDTH="33"/>
						<String ID="word000479" HPOS="2369" VPOS="1572" WIDTH="65" HEIGHT="26" CONTENT="not" WC="1.00" CC="000"/>
						<SP ID="P6_SP00472" HPOS="2434" VPOS="1606" WIDTH="34"/>
						<String ID="word000480" HPOS="2469" VPOS="1565" WIDTH="56" HEIGHT="33" CONTENT="till" WC="0.89" CC="0004"/>
						<SP ID="P6_SP00473" HPOS="2524" VPOS="1606" WIDTH="37"/>
						<String ID="word000481" HPOS="2561" VPOS="1564" WIDTH="99" HEIGHT="34" CONTENT="after" WC="0.95" CC="00101"/>
						<SP ID="P6_SP00474" HPOS="2660" VPOS="1606" WIDTH="38"/>
						<String ID="word000482" HPOS="2698" VPOS="1564" WIDTH="17" HEIGHT="34" CONTENT="I" WC="0.78" CC="2"/>
						<SP ID="P6_SP00475" HPOS="2714" VPOS="1606" WIDTH="38"/>
						<String ID="word000483" HPOS="2752" VPOS="1565" WIDTH="171" HEIGHT="33" CONTENT="removed" WC="0.97" CC="0000200"/>
						<SP ID="P6_SP00476" HPOS="2923" VPOS="1606" WIDTH="21"/>
						<String ID="word000484" HPOS="2944" VPOS="1571" WIDTH="38" HEIGHT="26" CONTENT="to" WC="0.78" CC="13"/>
						<SP ID="P6_SP00477" HPOS="2982" VPOS="1606" WIDTH="0"/>
					</TextLine>
					<TextLine ID="P6_TL00046" HPOS="1639" VPOS="1611" WIDTH="1342" HEIGHT="50">
						<String ID="word000485" HPOS="1639" VPOS="1616" WIDTH="478" HEIGHT="45" CONTENT="Gloucesterlflace.--Q." WC="0.50" CC="473353338488435355542"/>
						<SP ID="P6_SP00478" HPOS="2118" VPOS="1661" WIDTH="47"/>
						<String ID="word000486" HPOS="2165" VPOS="1615" WIDTH="76" HEIGHT="34" CONTENT="Did" WC="1.00" CC="000"/>
						<SP ID="P6_SP00479" HPOS="2241" VPOS="1661" WIDTH="43"/>
						<String ID="word000487" HPOS="2283" VPOS="1613" WIDTH="63" HEIGHT="34" CONTENT="the" WC="0.96" CC="001"/>
						<SP ID="P6_SP00480" HPOS="2346" VPOS="1661" WIDTH="46"/>
						<String ID="word000488" HPOS="2392" VPOS="1615" WIDTH="145" HEIGHT="32" CONTENT="witness" WC="0.94" CC="0003100"/>
						<SP ID="P6_SP00481" HPOS="2537" VPOS="1661" WIDTH="40"/>
						<String ID="word000489" HPOS="2577" VPOS="1611" WIDTH="135" HEIGHT="34" CONTENT="inform" WC="0.96" CC="000101"/>
						<SP ID="P6_SP00482" HPOS="2712" VPOS="1661" WIDTH="45"/>
						<String ID="word000490" HPOS="2757" VPOS="1611" WIDTH="54" HEIGHT="34" CONTENT="his" WC="0.93" CC="101"/>
						<SP ID="P6_SP00483" HPOS="2811" VPOS="1661" WIDTH="45"/>
						<String ID="word000491" HPOS="2856" VPOS="1611" WIDTH="125" HEIGHT="44" CONTENT="Royal" WC="0.76" CC="43031"/>
						<SP ID="P6_SP00484" HPOS="2981" VPOS="1661" WIDTH="0"/>
					</TextLine>
					<TextLine ID="P6_TL00047" HPOS="1638" VPOS="1658" WIDTH="1343" HEIGHT="50">
						<String ID="word000492" HPOS="1638" VPOS="1663" WIDTH="185" HEIGHT="44" CONTENT="Highness" WC="0.94" CC="40000000"/>
						<SP ID="P6_SP00485" HPOS="1824" VPOS="1707" WIDTH="30"/>
						<String ID="word000493" HPOS="1853" VPOS="1663" WIDTH="44" HEIGHT="33" CONTENT="of" WC="0.94" CC="10"/>
						<SP ID="P6_SP00486" HPOS="1897" VPOS="1707" WIDTH="26"/>
						<String ID="word000494" HPOS="1923" VPOS="1674" WIDTH="116" HEIGHT="34" CONTENT="every" WC="1.00" CC="00000"/>
						<SP ID="P6_SP00487" HPOS="2039" VPOS="1708" WIDTH="32"/>
						<String ID="word000495" HPOS="2070" VPOS="1662" WIDTH="237" HEIGHT="46" CONTENT="application" WC="0.98" CC="00010100000"/>
						<SP ID="P6_SP00488" HPOS="2308" VPOS="1708" WIDTH="39"/>
						<String ID="word000496" HPOS="2347" VPOS="1662" WIDTH="107" HEIGHT="33" CONTENT="made" WC="0.97" CC="0001"/>
						<SP ID="P6_SP00489" HPOS="2454" VPOS="1708" WIDTH="26"/>
						<String ID="word000497" HPOS="2480" VPOS="1667" WIDTH="37" HEIGHT="27" CONTENT="to" WC="0.94" CC="01"/>
						<SP ID="P6_SP00490" HPOS="2517" VPOS="1708" WIDTH="30"/>
						<String ID="word000498" HPOS="2546" VPOS="1661" WIDTH="64" HEIGHT="32" CONTENT="her" WC="0.93" CC="002"/>
						<SP ID="P6_SP00491" HPOS="2610" VPOS="1708" WIDTH="14"/>
						<String ID="word000499" HPOS="2624" VPOS="1659" WIDTH="11" HEIGHT="33" CONTENT="?" WC="1.00" CC="0"/>
						<SP ID="P6_SP00492" HPOS="2635" VPOS="1708" WIDTH="57"/>
						<String ID="word000500" HPOS="2692" VPOS="1658" WIDTH="47" HEIGHT="34" CONTENT="A." WC="1.00" CC="00"/>
						<SP ID="P6_SP00493" HPOS="2739" VPOS="1708" WIDTH="26"/>
						<String ID="word000501" HPOS="2765" VPOS="1659" WIDTH="17" HEIGHT="32" CONTENT="1" WC="0.44" CC="5"/>
						<SP ID="P6_SP00494" HPOS="2781" VPOS="1708" WIDTH="25"/>
						<String ID="word000502" HPOS="2806" VPOS="1659" WIDTH="80" HEIGHT="40" CONTENT="did," WC="1.00" CC="0000"/>
						<SP ID="P6_SP00495" HPOS="2887" VPOS="1708" WIDTH="25"/>
						<String ID="word000503" HPOS="2911" VPOS="1658" WIDTH="70" HEIGHT="33" CONTENT="and" WC="0.96" CC="100"/>
						<SP ID="P6_SP00496" HPOS="2981" VPOS="1708" WIDTH="0"/>
					</TextLine>
					<TextLine ID="P6_TL00048" HPOS="1636" VPOS="1706" WIDTH="1348" HEIGHT="50">
						<String ID="word000504" HPOS="1636" VPOS="1709" WIDTH="91" HEIGHT="45" CONTENT="they" WC="0.97" CC="0010"/>
						<SP ID="P6_SP00497" HPOS="1727" VPOS="1754" WIDTH="37"/>
						<String ID="word000505" HPOS="1763" VPOS="1721" WIDTH="112" HEIGHT="24" CONTENT="never" WC="0.98" CC="01000" STYLEREFS="TXT_4"/>
						<SP ID="P6_SP00498" HPOS="1876" VPOS="1754" WIDTH="40"/>
						<String ID="word000506" HPOS="1916" VPOS="1721" WIDTH="99" HEIGHT="25" CONTENT="were" WC="0.97" CC="1000"/>
						<SP ID="P6_SP00499" HPOS="2015" VPOS="1754" WIDTH="30"/>
						<String ID="word000507" HPOS="2044" VPOS="1709" WIDTH="161" HEIGHT="46" CONTENT="rejected" WC="0.96" CC="00111000"/>
						<SP ID="P6_SP00500" HPOS="2205" VPOS="1755" WIDTH="44"/>
						<String ID="word000508" HPOS="2249" VPOS="1709" WIDTH="64" HEIGHT="33" CONTENT="but" WC="1.00" CC="000"/>
						<SP ID="P6_SP00501" HPOS="2313" VPOS="1755" WIDTH="41"/>
						<String ID="word000509" HPOS="2354" VPOS="1708" WIDTH="162" HEIGHT="44" CONTENT="through" WC="0.98" CC="1000000"/>
						<SP ID="P6_SP00502" HPOS="2516" VPOS="1755" WIDTH="33"/>
						<String ID="word000510" HPOS="2549" VPOS="1708" WIDTH="56" HEIGHT="33" CONTENT="his" WC="1.00" CC="000"/>
						<SP ID="P6_SP00503" HPOS="2604" VPOS="1755" WIDTH="28"/>
						<String ID="word000511" HPOS="2633" VPOS="1709" WIDTH="242" HEIGHT="38" CONTENT="means.---Q." WC="0.59" CC="33333355543"/>
						<SP ID="P6_SP00504" HPOS="2875" VPOS="1755" WIDTH="32"/>
						<String ID="word000512" HPOS="2907" VPOS="1706" WIDTH="77" HEIGHT="34" CONTENT="Did" WC="0.96" CC="010"/>
						<SP ID="P6_SP00505" HPOS="2983" VPOS="1755" WIDTH="0"/>
					</TextLine>
					<TextLine ID="P6_TL00049" HPOS="1637" VPOS="1754" WIDTH="1341" HEIGHT="47">
						<String ID="word000513" HPOS="1637" VPOS="1757" WIDTH="60" HEIGHT="34" CONTENT="the" WC="0.81" CC="311"/>
						<SP ID="P6_SP00506" HPOS="1697" VPOS="1792" WIDTH="21"/>
						<String ID="word000514" HPOS="1719" VPOS="1759" WIDTH="145" HEIGHT="33" CONTENT="witness" WC="0.70" CC="3303181"/>
						<SP ID="P6_SP00507" HPOS="1864" VPOS="1792" WIDTH="19"/>
						<String ID="word000515" HPOS="1883" VPOS="1763" WIDTH="94" HEIGHT="30" CONTENT="trust" WC="1.00" CC="00000"/>
						<SP ID="P6_SP00508" HPOS="1977" VPOS="1793" WIDTH="32"/>
						<String ID="word000516" HPOS="2009" VPOS="1761" WIDTH="39" HEIGHT="31" CONTENT="to" WC="1.00" CC="00"/>
						<SP ID="P6_SP00509" HPOS="2048" VPOS="1793" WIDTH="35"/>
						<String ID="word000517" HPOS="2083" VPOS="1761" WIDTH="65" HEIGHT="32" CONTENT="her" WC="0.96" CC="001"/>
						<SP ID="P6_SP00510" HPOS="2148" VPOS="1793" WIDTH="18"/>
						<String ID="word000518" HPOS="2166" VPOS="1767" WIDTH="167" HEIGHT="34" CONTENT="memory" WC="0.98" CC="000100"/>
						<SP ID="P6_SP00511" HPOS="2333" VPOS="1801" WIDTH="19"/>
						<String ID="word000519" HPOS="2352" VPOS="1756" WIDTH="92" HEIGHT="33" CONTENT="with" WC="0.81" CC="2203"/>
						<SP ID="P6_SP00512" HPOS="2444" VPOS="1801" WIDTH="22"/>
						<String ID="word000520" HPOS="2466" VPOS="1761" WIDTH="143" HEIGHT="39" CONTENT="respect" WC="0.95" CC="0200100"/>
						<SP ID="P6_SP00513" HPOS="2609" VPOS="1801" WIDTH="19"/>
						<String ID="word000521" HPOS="2628" VPOS="1761" WIDTH="38" HEIGHT="27" CONTENT="to" WC="1.00" CC="00"/>
						<SP ID="P6_SP00514" HPOS="2666" VPOS="1801" WIDTH="20"/>
						<String ID="word000522" HPOS="2686" VPOS="1754" WIDTH="104" HEIGHT="34" CONTENT="these" WC="0.82" CC="11123"/>
						<SP ID="P6_SP00515" HPOS="2790" VPOS="1801" WIDTH="11"/>
						<String ID="word000523" HPOS="2800" VPOS="1754" WIDTH="156" HEIGHT="46" CONTENT="applica" SUBS_TYPE="HypPart1" SUBS_CONTENT="applications," WC="0.83" CC="1221102"/>
						<HYP HPOS="2956" VPOS="1754" WIDTH="21" CONTENT="-"/>
					</TextLine>
					<TextLine ID="P6_TL00050" HPOS="1638" VPOS="1800" WIDTH="1343" HEIGHT="48">
						<String ID="word000524" HPOS="1638" VPOS="1806" WIDTH="107" HEIGHT="41" CONTENT="tions," SUBS_TYPE="HypPart2" SUBS_CONTENT="applications," WC="0.81" CC="043300"/>
						<SP ID="P6_SP00516" HPOS="1746" VPOS="1847" WIDTH="35"/>
						<String ID="word000525" HPOS="1781" VPOS="1818" WIDTH="44" HEIGHT="21" CONTENT="or" WC="1.00" CC="00"/>
						<SP ID="P6_SP00517" HPOS="1825" VPOS="1847" WIDTH="30"/>
						<String ID="word000526" HPOS="1854" VPOS="1807" WIDTH="128" HEIGHT="33" CONTENT="record" WC="1.00" CC="000000"/>
						<SP ID="P6_SP00518" HPOS="1982" VPOS="1847" WIDTH="28"/>
						<String ID="word000527" HPOS="2010" VPOS="1807" WIDTH="97" HEIGHT="32" CONTENT="theM" WC="0.64" CC="2227"/>
						<SP ID="P6_SP00519" HPOS="2107" VPOS="1847" WIDTH="32"/>
						<String ID="word000528" HPOS="2139" VPOS="1806" WIDTH="37" HEIGHT="32" CONTENT="in" WC="0.94" CC="01"/>
						<SP ID="P6_SP00520" HPOS="2176" VPOS="1847" WIDTH="27"/>
						<String ID="word000529" HPOS="2203" VPOS="1804" WIDTH="172" HEIGHT="44" CONTENT="writing?" WC="0.88" CC="10000026"/>
						<SP ID="P6_SP00521" HPOS="2375" VPOS="1847" WIDTH="33"/>
						<String ID="word000530" HPOS="2408" VPOS="1802" WIDTH="48" HEIGHT="34" CONTENT="A." WC="1.00" CC="00"/>
						<SP ID="P6_SP00522" HPOS="2457" VPOS="1847" WIDTH="34"/>
						<String ID="word000531" HPOS="2491" VPOS="1802" WIDTH="116" HEIGHT="33" CONTENT="When" WC="0.81" CC="3400"/>
						<SP ID="P6_SP00523" HPOS="2607" VPOS="1847" WIDTH="28"/>
						<String ID="word000532" HPOS="2635" VPOS="1801" WIDTH="116" HEIGHT="45" CONTENT="single" WC="0.94" CC="100110"/>
						<SP ID="P6_SP00524" HPOS="2751" VPOS="1847" WIDTH="39"/>
						<String ID="word000533" HPOS="2790" VPOS="1800" WIDTH="17" HEIGHT="35" CONTENT="I" WC="0.44" CC="5"/>
						<SP ID="P6_SP00525" HPOS="2806" VPOS="1847" WIDTH="35"/>
						<String ID="word000534" HPOS="2842" VPOS="1801" WIDTH="139" HEIGHT="34" CONTENT="trusted" WC="0.98" CC="0000010"/>
						<SP ID="P6_SP00526" HPOS="2981" VPOS="1847" WIDTH="0"/>
					</TextLine>
					<TextLine ID="P6_TL00051" HPOS="1637" VPOS="1846" WIDTH="1345" HEIGHT="52">
						<String ID="word000535" HPOS="1637" VPOS="1854" WIDTH="138" HEIGHT="44" CONTENT="merely" WC="0.94" CC="000300"/>
						<SP ID="P6_SP00527" HPOS="1775" VPOS="1898" WIDTH="21"/>
						<String ID="word000536" HPOS="1796" VPOS="1859" WIDTH="35" HEIGHT="28" CONTENT="to" WC="1.00" CC="00"/>
						<SP ID="P6_SP00528" HPOS="1832" VPOS="1898" WIDTH="21"/>
						<String ID="word000537" HPOS="1853" VPOS="1864" WIDTH="164" HEIGHT="34" CONTENT="memory" WC="0.98" CC="010000"/>
						<SP ID="P6_SP00529" HPOS="2017" VPOS="1898" WIDTH="17"/>
						<String ID="word000538" HPOS="2034" VPOS="1865" WIDTH="13" HEIGHT="27" CONTENT=";" WC="1.00" CC="0"/>
						<SP ID="P6_SP00530" HPOS="2047" VPOS="1898" WIDTH="27"/>
						<String ID="word000539" HPOS="2074" VPOS="1852" WIDTH="33" HEIGHT="35" CONTENT="if" WC="1.00" CC="00"/>
						<SP ID="P6_SP00531" HPOS="2107" VPOS="1898" WIDTH="22"/>
						<String ID="word000540" HPOS="2130" VPOS="1864" WIDTH="46" HEIGHT="21" CONTENT="on" WC="1.00" CC="00"/>
						<SP ID="P6_SP00532" HPOS="2176" VPOS="1898" WIDTH="12"/>
						<String ID="word000541" HPOS="2187" VPOS="1846" WIDTH="142" HEIGHT="51" CONTENT="'paper," WC="0.78" CC="7303001"/>
						<SP ID="P6_SP00533" HPOS="2329" VPOS="1898" WIDTH="21"/>
						<String ID="word000542" HPOS="2350" VPOS="1852" WIDTH="17" HEIGHT="33" CONTENT="I" WC="0.89" CC="1"/>
						<SP ID="P6_SP00534" HPOS="2367" VPOS="1898" WIDTH="20"/>
						<String ID="word000543" HPOS="2387" VPOS="1860" WIDTH="97" HEIGHT="34" CONTENT="gave" WC="0.92" CC="1110"/>
						<SP ID="P6_SP00535" HPOS="2484" VPOS="1898" WIDTH="17"/>
						<String ID="word000544" HPOS="2500" VPOS="1851" WIDTH="54" HEIGHT="33" CONTENT="his" WC="1.00" CC="000"/>
						<SP ID="P6_SP00536" HPOS="2555" VPOS="1898" WIDTH="20"/>
						<String ID="word000545" HPOS="2575" VPOS="1850" WIDTH="122" HEIGHT="44" CONTENT="Royal" WC="0.69" CC="60332"/>
						<SP ID="P6_SP00537" HPOS="2696" VPOS="1898" WIDTH="25"/>
						<String ID="word000546" HPOS="2721" VPOS="1850" WIDTH="180" HEIGHT="43" CONTENT="Highness" WC="0.94" CC="40000000"/>
						<SP ID="P6_SP00538" HPOS="2901" VPOS="1898" WIDTH="20"/>
						<String ID="word000547" HPOS="2921" VPOS="1851" WIDTH="61" HEIGHT="32" CONTENT="the" WC="0.85" CC="040"/>
						<SP ID="P6_SP00539" HPOS="2982" VPOS="1898" WIDTH="0"/>
					</TextLine>
					<TextLine ID="P6_TL00052" HPOS="1641" VPOS="1898" WIDTH="1339" HEIGHT="46">
						<String ID="word000548" HPOS="1641" VPOS="1904" WIDTH="236" HEIGHT="40" CONTENT="paper.---Q." WC="0.60" CC="43432355532"/>
						<SP ID="P6_SP00540" HPOS="1877" VPOS="1944" WIDTH="33"/>
						<String ID="word000549" HPOS="1910" VPOS="1903" WIDTH="117" HEIGHT="32" CONTENT="What" WC="0.92" CC="2010"/>
						<SP ID="P6_SP00541" HPOS="2027" VPOS="1944" WIDTH="26"/>
						<String ID="word000550" HPOS="2053" VPOS="1911" WIDTH="119" HEIGHT="33" CONTENT="paper" WC="0.76" CC="42311"/>
						<SP ID="P6_SP00542" HPOS="2172" VPOS="1944" WIDTH="14"/>
						<String ID="word000551" HPOS="2186" VPOS="1902" WIDTH="87" HEIGHT="31" CONTENT="does" WC="0.89" CC="0040"/>
						<SP ID="P6_SP00543" HPOS="2274" VPOS="1944" WIDTH="20"/>
						<String ID="word000552" HPOS="2294" VPOS="1900" WIDTH="64" HEIGHT="32" CONTENT="the" WC="0.74" CC="430"/>
						<SP ID="P6_SP00544" HPOS="2357" VPOS="1944" WIDTH="19"/>
						<String ID="word000553" HPOS="2376" VPOS="1900" WIDTH="149" HEIGHT="31" CONTENT="witness" WC="0.97" CC="1000010"/>
						<SP ID="P6_SP00545" HPOS="2525" VPOS="1944" WIDTH="17"/>
						<String ID="word000554" HPOS="2542" VPOS="1909" WIDTH="104" HEIGHT="22" CONTENT="mean" WC="0.94" CC="0110"/>
						<SP ID="P6_SP00546" HPOS="2646" VPOS="1944" WIDTH="20"/>
						<String ID="word000555" HPOS="2666" VPOS="1904" WIDTH="38" HEIGHT="27" CONTENT="to" WC="1.00" CC="00"/>
						<SP ID="P6_SP00547" HPOS="2704" VPOS="1944" WIDTH="14"/>
						<String ID="word000556" HPOS="2718" VPOS="1907" WIDTH="64" HEIGHT="34" CONTENT="say" WC="1.00" CC="000"/>
						<SP ID="P6_SP00548" HPOS="2781" VPOS="1944" WIDTH="21"/>
						<String ID="word000557" HPOS="2803" VPOS="1898" WIDTH="60" HEIGHT="33" CONTENT="she" WC="1.00" CC="000"/>
						<SP ID="P6_SP00549" HPOS="2863" VPOS="1944" WIDTH="24"/>
						<String ID="word000558" HPOS="2887" VPOS="1907" WIDTH="93" HEIGHT="32" CONTENT="gave" WC="0.67" CC="5232"/>
						<SP ID="P6_SP00550" HPOS="2980" VPOS="1944" WIDTH="0"/>
					</TextLine>
					<TextLine ID="P6_TL00053" HPOS="1638" VPOS="1944" WIDTH="1345" HEIGHT="49">
						<String ID="word000559" HPOS="1638" VPOS="1955" WIDTH="37" HEIGHT="26" CONTENT="to" WC="1.00" CC="00"/>
						<SP ID="P6_SP00551" HPOS="1675" VPOS="1981" WIDTH="21"/>
						<String ID="word000560" HPOS="1696" VPOS="1949" WIDTH="56" HEIGHT="33" CONTENT="his" WC="1.00" CC="000"/>
						<SP ID="P6_SP00552" HPOS="1752" VPOS="1982" WIDTH="21"/>
						<String ID="word000561" HPOS="1773" VPOS="1949" WIDTH="124" HEIGHT="44" CONTENT="Royal" WC="0.80" CC="12312"/>
						<SP ID="P6_SP00553" HPOS="1897" VPOS="1993" WIDTH="19"/>
						<String ID="word000562" HPOS="1916" VPOS="1949" WIDTH="209" HEIGHT="43" CONTENT="Highness?" WC="0.78" CC="720130122"/>
						<SP ID="P6_SP00554" HPOS="2125" VPOS="1993" WIDTH="32"/>
						<String ID="word000563" HPOS="2157" VPOS="1946" WIDTH="50" HEIGHT="35" CONTENT="A." WC="1.00" CC="00"/>
						<SP ID="P6_SP00555" HPOS="2206" VPOS="1993" WIDTH="31"/>
						<String ID="word000564" HPOS="2237" VPOS="1946" WIDTH="81" HEIGHT="45" CONTENT="Any" WC="0.96" CC="100"/>
						<SP ID="P6_SP00556" HPOS="2319" VPOS="1993" WIDTH="21"/>
						<String ID="word000565" HPOS="2340" VPOS="1957" WIDTH="122" HEIGHT="34" CONTENT="paper" WC="1.00" CC="00000"/>
						<SP ID="P6_SP00557" HPOS="2461" VPOS="1993" WIDTH="26"/>
						<String ID="word000566" HPOS="2487" VPOS="1944" WIDTH="80" HEIGHT="34" CONTENT="that" WC="0.94" CC="0110"/>
						<SP ID="P6_SP00558" HPOS="2568" VPOS="1993" WIDTH="31"/>
						<String ID="word000567" HPOS="2598" VPOS="1956" WIDTH="77" HEIGHT="22" CONTENT="was" WC="1.00" CC="000"/>
						<SP ID="P6_SP00559" HPOS="2675" VPOS="1993" WIDTH="35"/>
						<String ID="word000568" HPOS="2711" VPOS="1944" WIDTH="138" HEIGHT="34" CONTENT="handed" WC="0.98" CC="000100"/>
						<SP ID="P6_SP00560" HPOS="2849" VPOS="1993" WIDTH="20"/>
						<String ID="word000569" HPOS="2869" VPOS="1951" WIDTH="37" HEIGHT="26" CONTENT="to" WC="1.00" CC="00"/>
						<SP ID="P6_SP00561" HPOS="2906" VPOS="1993" WIDTH="20"/>
						<String ID="word000570" HPOS="2926" VPOS="1955" WIDTH="57" HEIGHT="22" CONTENT="me" WC="1.00" CC="00"/>
						<SP ID="P6_SP00562" HPOS="2982" VPOS="1993" WIDTH="0"/>
					</TextLine>
					<TextLine ID="P6_TL00054" HPOS="1636" VPOS="1993" WIDTH="1346" HEIGHT="48">
						<String ID="word000571" HPOS="1636" VPOS="2007" WIDTH="46" HEIGHT="21" CONTENT="on" WC="1.00" CC="00"/>
						<SP ID="P6_SP00563" HPOS="1682" VPOS="2028" WIDTH="15"/>
						<String ID="word000572" HPOS="1697" VPOS="1996" WIDTH="63" HEIGHT="33" CONTENT="the" WC="1.00" CC="000"/>
						<SP ID="P6_SP00564" HPOS="1760" VPOS="2029" WIDTH="15"/>
						<String ID="word000573" HPOS="1775" VPOS="1996" WIDTH="139" HEIGHT="45" CONTENT="subject" WC="0.98" CC="0000010"/>
						<SP ID="P6_SP00565" HPOS="1915" VPOS="2041" WIDTH="17"/>
						<String ID="word000574" HPOS="1931" VPOS="1996" WIDTH="45" HEIGHT="33" CONTENT="of" WC="1.00" CC="00"/>
						<SP ID="P6_SP00566" HPOS="1976" VPOS="2041" WIDTH="22"/>
						<String ID="word000575" HPOS="1998" VPOS="1996" WIDTH="61" HEIGHT="32" CONTENT="the" WC="1.00" CC="000"/>
						<SP ID="P6_SP00567" HPOS="2060" VPOS="2041" WIDTH="31"/>
						<String ID="word000576" HPOS="2091" VPOS="1996" WIDTH="261" HEIGHT="44" CONTENT="appointment" WC="1.00" CC="00000000000"/>
						<SP ID="P6_SP00568" HPOS="2352" VPOS="2041" WIDTH="17"/>
						<String ID="word000577" HPOS="2368" VPOS="1993" WIDTH="261" HEIGHT="39" CONTENT="desired.--Q." WC="0.70" CC="161131035632"/>
						<SP ID="P6_SP00569" HPOS="2629" VPOS="2041" WIDTH="33"/>
						<String ID="word000578" HPOS="2662" VPOS="1994" WIDTH="76" HEIGHT="34" CONTENT="Did" WC="1.00" CC="000"/>
						<SP ID="P6_SP00570" HPOS="2738" VPOS="2041" WIDTH="17"/>
						<String ID="word000579" HPOS="2754" VPOS="1993" WIDTH="61" HEIGHT="33" CONTENT="the" WC="0.85" CC="040"/>
						<SP ID="P6_SP00571" HPOS="2816" VPOS="2041" WIDTH="20"/>
						<String ID="word000580" HPOS="2836" VPOS="1993" WIDTH="146" HEIGHT="33" CONTENT="witness" WC="0.81" CC="1361001"/>
						<SP ID="P6_SP00572" HPOS="2982" VPOS="2041" WIDTH="0"/>
					</TextLine>
					<TextLine ID="P6_TL00055" HPOS="1636" VPOS="2040" WIDTH="1348" HEIGHT="47">
						<String ID="word000581" HPOS="1636" VPOS="2053" WIDTH="87" HEIGHT="22" CONTENT="ever" WC="0.97" CC="0010"/>
						<SP ID="P6_SP00573" HPOS="1723" VPOS="2075" WIDTH="17"/>
						<String ID="word000582" HPOS="1740" VPOS="2043" WIDTH="84" HEIGHT="44" CONTENT="give" WC="0.97" CC="0010"/>
						<SP ID="P6_SP00574" HPOS="1824" VPOS="2087" WIDTH="20"/>
						<String ID="word000583" HPOS="1844" VPOS="2044" WIDTH="53" HEIGHT="33" CONTENT="his" WC="1.00" CC="000"/>
						<SP ID="P6_SP00575" HPOS="1897" VPOS="2087" WIDTH="19"/>
						<String ID="word000584" HPOS="1916" VPOS="2043" WIDTH="122" HEIGHT="44" CONTENT="Royal" WC="0.98" CC="00001"/>
						<SP ID="P6_SP00576" HPOS="2037" VPOS="2087" WIDTH="20"/>
						<String ID="word000585" HPOS="2057" VPOS="2043" WIDTH="185" HEIGHT="44" CONTENT="Highness" WC="0.96" CC="10100010"/>
						<SP ID="P6_SP00577" HPOS="2243" VPOS="2087" WIDTH="18"/>
						<String ID="word000586" HPOS="2261" VPOS="2053" WIDTH="21" HEIGHT="21" CONTENT="a" WC="0.89" CC="1"/>
						<SP ID="P6_SP00578" HPOS="2282" VPOS="2087" WIDTH="18"/>
						<String ID="word000587" HPOS="2300" VPOS="2042" WIDTH="60" HEIGHT="33" CONTENT="list" WC="1.00" CC="0000"/>
						<SP ID="P6_SP00579" HPOS="2360" VPOS="2087" WIDTH="15"/>
						<String ID="word000588" HPOS="2375" VPOS="2040" WIDTH="45" HEIGHT="34" CONTENT="of" WC="1.00" CC="00"/>
						<SP ID="P6_SP00580" HPOS="2420" VPOS="2087" WIDTH="20"/>
						<String ID="word000589" HPOS="2440" VPOS="2041" WIDTH="253" HEIGHT="44" CONTENT="applications" WC="0.94" CC="010100100012"/>
						<SP ID="P6_SP00581" HPOS="2693" VPOS="2087" WIDTH="13"/>
						<String ID="word000590" HPOS="2706" VPOS="2041" WIDTH="12" HEIGHT="33" CONTENT="?" WC="1.00" CC="0"/>
						<SP ID="P6_SP00582" HPOS="2718" VPOS="2087" WIDTH="33"/>
						<String ID="word000591" HPOS="2751" VPOS="2041" WIDTH="46" HEIGHT="33" CONTENT="A." WC="1.00" CC="00"/>
						<SP ID="P6_SP00583" HPOS="2797" VPOS="2087" WIDTH="34"/>
						<String ID="word000592" HPOS="2831" VPOS="2041" WIDTH="14" HEIGHT="33" CONTENT="1" WC="0.44" CC="5"/>
						<SP ID="P6_SP00584" HPOS="2845" VPOS="2087" WIDTH="18"/>
						<String ID="word000593" HPOS="2863" VPOS="2040" WIDTH="100" HEIGHT="33" CONTENT="recol" SUBS_TYPE="HypPart1" SUBS_CONTENT="recollect" WC="1.00" CC="00000"/>
						<HYP HPOS="2963" VPOS="2040" WIDTH="20" CONTENT="-"/>
					</TextLine>
					<TextLine ID="P6_TL00056" HPOS="1636" VPOS="2087" WIDTH="1343" HEIGHT="48">
						<String ID="word000594" HPOS="1636" VPOS="2091" WIDTH="73" HEIGHT="34" CONTENT="lect" SUBS_TYPE="HypPart2" SUBS_CONTENT="recollect" WC="0.97" CC="0100"/>
						<SP ID="P6_SP00585" HPOS="1709" VPOS="2125" WIDTH="14"/>
						<String ID="word000595" HPOS="1723" VPOS="2101" WIDTH="90" HEIGHT="24" CONTENT="once" WC="0.94" CC="0110" STYLEREFS="TXT_4"/>
						<SP ID="P6_SP00586" HPOS="1813" VPOS="2125" WIDTH="15"/>
						<String ID="word000596" HPOS="1828" VPOS="2092" WIDTH="43" HEIGHT="33" CONTENT="of" WC="1.00" CC="00"/>
						<SP ID="P6_SP00587" HPOS="1871" VPOS="2125" WIDTH="11"/>
						<String ID="word000597" HPOS="1881" VPOS="2092" WIDTH="158" HEIGHT="43" CONTENT="banding" WC="0.89" CC="6000001"/>
						<SP ID="P6_SP00588" HPOS="2040" VPOS="2134" WIDTH="13"/>
						<String ID="word000598" HPOS="2053" VPOS="2091" WIDTH="71" HEIGHT="34" CONTENT="him" WC="0.93" CC="002"/>
						<SP ID="P6_SP00589" HPOS="2124" VPOS="2134" WIDTH="20"/>
						<String ID="word000599" HPOS="2144" VPOS="2089" WIDTH="86" HEIGHT="34" CONTENT="such" WC="0.97" CC="0010"/>
						<SP ID="P6_SP00590" HPOS="2230" VPOS="2134" WIDTH="14"/>
						<String ID="word000600" HPOS="2244" VPOS="2100" WIDTH="24" HEIGHT="22" CONTENT="a" WC="1.00" CC="0"/>
						<SP ID="P6_SP00591" HPOS="2268" VPOS="2134" WIDTH="222"/>
						<String ID="word000601" HPOS="2490" VPOS="2088" WIDTH="115" HEIGHT="33" CONTENT="When" WC="0.75" CC="6300"/>
						<SP ID="P6_SP00592" HPOS="2604" VPOS="2134" WIDTH="18"/>
						<String ID="word000602" HPOS="2622" VPOS="2088" WIDTH="63" HEIGHT="33" CONTENT="did" WC="1.00" CC="000"/>
						<SP ID="P6_SP00593" HPOS="2685" VPOS="2134" WIDTH="13"/>
						<String ID="word000603" HPOS="2698" VPOS="2088" WIDTH="72" HEIGHT="33" CONTENT="this" WC="1.00" CC="0000"/>
						<SP ID="P6_SP00594" HPOS="2770" VPOS="2134" WIDTH="12"/>
						<String ID="word000604" HPOS="2781" VPOS="2087" WIDTH="60" HEIGHT="34" CONTENT="list" WC="1.00" CC="0000"/>
						<SP ID="P6_SP00595" HPOS="2842" VPOS="2134" WIDTH="12"/>
						<String ID="word000605" HPOS="2854" VPOS="2087" WIDTH="98" HEIGHT="33" CONTENT="exist" WC="0.95" CC="00002"/>
						<SP ID="P6_SP00596" HPOS="2952" VPOS="2134" WIDTH="14"/>
						<String ID="word000606" HPOS="2966" VPOS="2087" WIDTH="13" HEIGHT="33" CONTENT="?" WC="0.78" CC="2"/>
						<SP ID="P6_SP00597" HPOS="2979" VPOS="2134" WIDTH="0"/>
					</TextLine>
					<TextLine ID="P6_TL00057" HPOS="1642" VPOS="2135" WIDTH="1337" HEIGHT="44">
						<String ID="word000607" HPOS="1642" VPOS="2135" WIDTH="45" HEIGHT="34" CONTENT="A." WC="1.00" CC="00"/>
						<SP ID="P6_SP00598" HPOS="1687" VPOS="2170" WIDTH="35"/>
						<String ID="word000608" HPOS="1722" VPOS="2139" WIDTH="12" HEIGHT="33" CONTENT="I" WC="0.67" CC="3"/>
						<SP ID="P6_SP00599" HPOS="1734" VPOS="2172" WIDTH="25"/>
						<String ID="word000609" HPOS="1759" VPOS="2139" WIDTH="46" HEIGHT="33" CONTENT="do" WC="0.94" CC="01"/>
						<SP ID="P6_SP00600" HPOS="1805" VPOS="2172" WIDTH="13"/>
						<String ID="word000610" HPOS="1818" VPOS="2144" WIDTH="63" HEIGHT="28" CONTENT="not" WC="1.00" CC="000"/>
						<SP ID="P6_SP00601" HPOS="1880" VPOS="2172" WIDTH="15"/>
						<String ID="word000611" HPOS="1896" VPOS="2139" WIDTH="174" HEIGHT="33" CONTENT="recollect" WC="1.00" CC="000000000"/>
						<SP ID="P6_SP00602" HPOS="2069" VPOS="2172" WIDTH="17"/>
						<String ID="word000612" HPOS="2086" VPOS="2139" WIDTH="169" HEIGHT="40" CONTENT="exactly," WC="0.97" CC="02000000"/>
						<SP ID="P6_SP00603" HPOS="2255" VPOS="2179" WIDTH="13"/>
						<String ID="word000613" HPOS="2268" VPOS="2139" WIDTH="69" HEIGHT="33" CONTENT="but" WC="0.96" CC="100"/>
						<SP ID="P6_SP00604" HPOS="2336" VPOS="2179" WIDTH="14"/>
						<String ID="word000614" HPOS="2350" VPOS="2138" WIDTH="26" HEIGHT="32" CONTENT="it" WC="1.00" CC="00"/>
						<SP ID="P6_SP00605" HPOS="2376" VPOS="2179" WIDTH="21"/>
						<String ID="word000615" HPOS="2398" VPOS="2143" WIDTH="93" HEIGHT="27" CONTENT="must" WC="1.00" CC="0000"/>
						<SP ID="P6_SP00606" HPOS="2491" VPOS="2179" WIDTH="21"/>
						<String ID="word000616" HPOS="2512" VPOS="2135" WIDTH="91" HEIGHT="34" CONTENT="have" WC="0.92" CC="0111"/>
						<SP ID="P6_SP00607" HPOS="2603" VPOS="2179" WIDTH="17"/>
						<String ID="word000617" HPOS="2620" VPOS="2137" WIDTH="92" HEIGHT="32" CONTENT="been" WC="1.00" CC="0000"/>
						<SP ID="P6_SP00608" HPOS="2712" VPOS="2179" WIDTH="13"/>
						<String ID="word000618" HPOS="2725" VPOS="2135" WIDTH="125" HEIGHT="32" CONTENT="before" WC="0.98" CC="000100"/>
						<SP ID="P6_SP00609" HPOS="2850" VPOS="2179" WIDTH="14"/>
						<String ID="word000619" HPOS="2864" VPOS="2135" WIDTH="115" HEIGHT="44" CONTENT="Capt:" WC="0.60" CC="33336"/>
						<SP ID="P6_SP00610" HPOS="2979" VPOS="2179" WIDTH="0"/>
					</TextLine>
					<TextLine ID="P6_TL00058" HPOS="1637" VPOS="2183" WIDTH="1342" HEIGHT="48">
						<String ID="word000620" HPOS="1637" VPOS="2185" WIDTH="150" HEIGHT="33" CONTENT="Tucker" WC="0.96" CC="100100"/>
						<SP ID="P6_SP00611" HPOS="1787" VPOS="2218" WIDTH="20"/>
						<String ID="word000621" HPOS="1807" VPOS="2197" WIDTH="73" HEIGHT="22" CONTENT="was" WC="0.96" CC="010"/>
						<SP ID="P6_SP00612" HPOS="1880" VPOS="2219" WIDTH="18"/>
						<String ID="word000622" HPOS="1898" VPOS="2186" WIDTH="107" HEIGHT="33" CONTENT="made" WC="1.00" CC="0000"/>
						<SP ID="P6_SP00613" HPOS="2006" VPOS="2219" WIDTH="15"/>
						<String ID="word000623" HPOS="2021" VPOS="2185" WIDTH="244" HEIGHT="46" CONTENT="Major.--Q." WC="0.67" CC="3223235532"/>
						<SP ID="P6_SP00614" HPOS="2265" VPOS="2231" WIDTH="34"/>
						<String ID="word000624" HPOS="2300" VPOS="2185" WIDTH="116" HEIGHT="32" CONTENT="What" WC="0.97" CC="1000"/>
						<SP ID="P6_SP00615" HPOS="2415" VPOS="2231" WIDTH="19"/>
						<String ID="word000625" HPOS="2434" VPOS="2193" WIDTH="128" HEIGHT="24" CONTENT="reason" WC="0.98" CC="001000"/>
						<SP ID="P6_SP00616" HPOS="2562" VPOS="2231" WIDTH="19"/>
						<String ID="word000626" HPOS="2581" VPOS="2183" WIDTH="71" HEIGHT="34" CONTENT="had" WC="0.96" CC="010"/>
						<SP ID="P6_SP00617" HPOS="2652" VPOS="2231" WIDTH="17"/>
						<String ID="word000627" HPOS="2668" VPOS="2184" WIDTH="59" HEIGHT="33" CONTENT="the" WC="0.96" CC="010"/>
						<SP ID="P6_SP00618" HPOS="2727" VPOS="2231" WIDTH="24"/>
						<String ID="word000628" HPOS="2751" VPOS="2183" WIDTH="149" HEIGHT="33" CONTENT="witness" WC="0.75" CC="2115142"/>
						<SP ID="P6_SP00619" HPOS="2900" VPOS="2231" WIDTH="20"/>
						<String ID="word000629" HPOS="2920" VPOS="2184" WIDTH="59" HEIGHT="33" CONTENT="for" WC="0.89" CC="300"/>
						<SP ID="P6_SP00620" HPOS="2979" VPOS="2231" WIDTH="0"/>
					</TextLine>
					<TextLine ID="P6_TL00059" HPOS="1636" VPOS="2230" WIDTH="1343" HEIGHT="46">
						<String ID="word000630" HPOS="1636" VPOS="2233" WIDTH="203" HEIGHT="43" CONTENT="supposing" WC="0.72" CC="222223253"/>
						<SP ID="P6_SP00621" HPOS="1839" VPOS="2276" WIDTH="30"/>
						<String ID="word000631" HPOS="1869" VPOS="2244" WIDTH="41" HEIGHT="22" CONTENT="so" WC="0.89" CC="02"/>
						<SP ID="P6_SP00622" HPOS="1910" VPOS="2276" WIDTH="15"/>
						<String ID="word000632" HPOS="1925" VPOS="2233" WIDTH="12" HEIGHT="32" CONTENT="?" WC="0.78" CC="2"/>
						<SP ID="P6_SP00623" HPOS="1937" VPOS="2276" WIDTH="33"/>
						<String ID="word000633" HPOS="1970" VPOS="2233" WIDTH="48" HEIGHT="33" CONTENT="A." WC="1.00" CC="00"/>
						<SP ID="P6_SP00624" HPOS="2019" VPOS="2276" WIDTH="24"/>
						<String ID="word000634" HPOS="2042" VPOS="2232" WIDTH="164" HEIGHT="35" CONTENT="Because" WC="0.95" CC="0000030"/>
						<SP ID="P6_SP00625" HPOS="2206" VPOS="2276" WIDTH="18"/>
						<String ID="word000635" HPOS="2224" VPOS="2233" WIDTH="64" HEIGHT="32" CONTENT="the" WC="1.00" CC="000"/>
						<SP ID="P6_SP00626" HPOS="2288" VPOS="2276" WIDTH="20"/>
						<String ID="word000636" HPOS="2308" VPOS="2231" WIDTH="116" HEIGHT="35" CONTENT="Duke" WC="1.00" CC="0000"/>
						<SP ID="P6_SP00627" HPOS="2424" VPOS="2276" WIDTH="15"/>
						<String ID="word000637" HPOS="2439" VPOS="2231" WIDTH="194" HEIGHT="39" CONTENT="observed," WC="0.90" CC="001104011"/>
						<SP ID="P6_SP00628" HPOS="2633" VPOS="2276" WIDTH="33"/>
						<String ID="word000638" HPOS="2666" VPOS="2241" WIDTH="26" HEIGHT="22" CONTENT="w" WC="0.22" CC="7"/>
						<SP ID="P6_SP00629" HPOS="2692" VPOS="2276" WIDTH="13"/>
						<String ID="word000639" HPOS="2705" VPOS="2230" WIDTH="52" HEIGHT="33" CONTENT="ith" WC="0.96" CC="100"/>
						<SP ID="P6_SP00630" HPOS="2757" VPOS="2276" WIDTH="21"/>
						<String ID="word000640" HPOS="2778" VPOS="2235" WIDTH="143" HEIGHT="39" CONTENT="respect" WC="0.95" CC="0101100"/>
						<SP ID="P6_SP00631" HPOS="2921" VPOS="2276" WIDTH="19"/>
						<String ID="word000641" HPOS="2940" VPOS="2235" WIDTH="39" HEIGHT="28" CONTENT="to" WC="1.00" CC="00"/>
						<SP ID="P6_SP00632" HPOS="2979" VPOS="2276" WIDTH="0"/>
					</TextLine>
					<TextLine ID="P6_TL00060" HPOS="1639" VPOS="2276" WIDTH="1340" HEIGHT="48">
						<String ID="word000642" HPOS="1639" VPOS="2280" WIDTH="112" HEIGHT="44" CONTENT="Capt." WC="0.98" CC="10000"/>
						<SP ID="P6_SP00633" HPOS="1752" VPOS="2323" WIDTH="19"/>
						<String ID="word000643" HPOS="1770" VPOS="2281" WIDTH="164" HEIGHT="41" CONTENT="Tucker," WC="0.90" CC="5001000"/>
						<SP ID="P6_SP00634" HPOS="1935" VPOS="2323" WIDTH="32"/>
						<String ID="word000644" HPOS="1967" VPOS="2281" WIDTH="83" HEIGHT="33" CONTENT="that" WC="1.00" CC="0000"/>
						<SP ID="P6_SP00635" HPOS="2049" VPOS="2323" WIDTH="30"/>
						<String ID="word000645" HPOS="2079" VPOS="2278" WIDTH="233" HEIGHT="34" CONTENT="Greenwood" WC="0.93" CC="101103000"/>
						<SP ID="P6_SP00636" HPOS="2311" VPOS="2323" WIDTH="31"/>
						<String ID="word000646" HPOS="2342" VPOS="2280" WIDTH="73" HEIGHT="32" CONTENT="had" WC="0.96" CC="010" STYLEREFS="TXT_4"/>
						<SP ID="P6_SP00637" HPOS="2415" VPOS="2323" WIDTH="33"/>
						<String ID="word000647" HPOS="2448" VPOS="2280" WIDTH="98" HEIGHT="37" CONTENT="him;" WC="0.89" CC="0022" STYLEREFS="TXT_4"/>
						<SP ID="P6_SP00638" HPOS="2546" VPOS="2323" WIDTH="31"/>
						<String ID="word000648" HPOS="2577" VPOS="2277" WIDTH="70" HEIGHT="33" CONTENT="and" WC="0.96" CC="100"/>
						<SP ID="P6_SP00639" HPOS="2647" VPOS="2323" WIDTH="15"/>
						<String ID="word000649" HPOS="2662" VPOS="2278" WIDTH="65" HEIGHT="32" CONTENT="the" WC="0.96" CC="001"/>
						<SP ID="P6_SP00640" HPOS="2727" VPOS="2323" WIDTH="25"/>
						<String ID="word000650" HPOS="2752" VPOS="2277" WIDTH="109" HEIGHT="32" CONTENT="Duke" WC="0.94" CC="0101"/>
						<SP ID="P6_SP00641" HPOS="2861" VPOS="2323" WIDTH="22"/>
						<String ID="word000651" HPOS="2883" VPOS="2276" WIDTH="96" HEIGHT="41" CONTENT="said," WC="0.93" CC="21000" STYLEREFS="TXT_4"/>
						<SP ID="P6_SP00642" HPOS="2979" VPOS="2323" WIDTH="0"/>
					</TextLine>
					<TextLine ID="P6_TL00061" HPOS="1636" VPOS="2324" WIDTH="1338" HEIGHT="45">
						<String ID="word000652" HPOS="1636" VPOS="2327" WIDTH="80" HEIGHT="33" CONTENT="that" WC="1.00" CC="0000" STYLEREFS="TXT_4"/>
						<SP ID="P6_SP00643" HPOS="1716" VPOS="2360" WIDTH="20"/>
						<String ID="word000653" HPOS="1736" VPOS="2327" WIDTH="17" HEIGHT="33" CONTENT="I" WC="0.67" CC="3" STYLEREFS="TXT_4"/>
						<SP ID="P6_SP00644" HPOS="1753" VPOS="2360" WIDTH="24"/>
						<String ID="word000654" HPOS="1776" VPOS="2333" WIDTH="91" HEIGHT="28" CONTENT="must" WC="0.97" CC="0100"/>
						<SP ID="P6_SP00645" HPOS="1867" VPOS="2361" WIDTH="31"/>
						<String ID="word000655" HPOS="1898" VPOS="2328" WIDTH="112" HEIGHT="33" CONTENT="know" WC="1.00" CC="0000"/>
						<SP ID="P6_SP00646" HPOS="2010" VPOS="2361" WIDTH="18"/>
						<String ID="word000656" HPOS="2028" VPOS="2328" WIDTH="142" HEIGHT="41" CONTENT="enough" WC="0.98" CC="000010"/>
						<SP ID="P6_SP00647" HPOS="2170" VPOS="2369" WIDTH="20"/>
						<String ID="word000657" HPOS="2190" VPOS="2326" WIDTH="44" HEIGHT="34" CONTENT="of" WC="1.00" CC="00"/>
						<SP ID="P6_SP00648" HPOS="2233" VPOS="2369" WIDTH="20"/>
						<String ID="word000658" HPOS="2254" VPOS="2326" WIDTH="61" HEIGHT="33" CONTENT="the" WC="0.89" CC="030"/>
						<SP ID="P6_SP00649" HPOS="2315" VPOS="2369" WIDTH="28"/>
						<String ID="word000659" HPOS="2343" VPOS="2331" WIDTH="133" HEIGHT="27" CONTENT="nature" WC="0.98" CC="010000"/>
						<SP ID="P6_SP00650" HPOS="2477" VPOS="2369" WIDTH="28"/>
						<String ID="word000660" HPOS="2505" VPOS="2324" WIDTH="45" HEIGHT="32" CONTENT="of" WC="0.89" CC="11"/>
						<SP ID="P6_SP00651" HPOS="2550" VPOS="2369" WIDTH="22"/>
						<String ID="word000661" HPOS="2572" VPOS="2326" WIDTH="61" HEIGHT="32" CONTENT="the" WC="1.00" CC="000"/>
						<SP ID="P6_SP00652" HPOS="2634" VPOS="2369" WIDTH="34"/>
						<String ID="word000662" HPOS="2668" VPOS="2324" WIDTH="162" HEIGHT="33" CONTENT="business" WC="0.88" CC="11111121"/>
						<SP ID="P6_SP00653" HPOS="2830" VPOS="2369" WIDTH="19"/>
						<String ID="word000663" HPOS="2849" VPOS="2329" WIDTH="38" HEIGHT="28" CONTENT="to" WC="1.00" CC="00"/>
						<SP ID="P6_SP00654" HPOS="2887" VPOS="2369" WIDTH="26"/>
						<String ID="word000664" HPOS="2913" VPOS="2334" WIDTH="61" HEIGHT="24" CONTENT="see" WC="0.81" CC="113"/>
						<SP ID="P6_SP00655" HPOS="2974" VPOS="2369" WIDTH="0"/>
					</TextLine>
				</TextBlock>
				<TextBlock ID="pa0006006" HPOS="1618" VPOS="2370" WIDTH="1361" HEIGHT="997" STYLEREFS="TXT_0 PAR_LEFT">
					<TextLine ID="P6_TL00062" HPOS="1635" VPOS="2370" WIDTH="1338" HEIGHT="50">
						<String ID="word000665" HPOS="1635" VPOS="2373" WIDTH="81" HEIGHT="34" CONTENT="that" WC="1.00" CC="0000"/>
						<SP ID="P6_SP00656" HPOS="1716" VPOS="2407" WIDTH="21"/>
						<String ID="word000666" HPOS="1737" VPOS="2374" WIDTH="43" HEIGHT="33" CONTENT="he" WC="0.67" CC="06"/>
						<SP ID="P6_SP00657" HPOS="1780" VPOS="2407" WIDTH="18"/>
						<String ID="word000667" HPOS="1798" VPOS="2375" WIDTH="106" HEIGHT="32" CONTENT="could" WC="0.98" CC="10000"/>
						<SP ID="P6_SP00658" HPOS="1904" VPOS="2407" WIDTH="19"/>
						<String ID="word000668" HPOS="1923" VPOS="2380" WIDTH="66" HEIGHT="28" CONTENT="not" WC="1.00" CC="000"/>
						<SP ID="P6_SP00659" HPOS="1989" VPOS="2408" WIDTH="20"/>
						<String ID="word000669" HPOS="2009" VPOS="2370" WIDTH="151" HEIGHT="50" CONTENT="comply" WC="0.72" CC="222252"/>
						<SP ID="P6_SP00660" HPOS="2160" VPOS="2420" WIDTH="28"/>
						<String ID="word000670" HPOS="2189" VPOS="2373" WIDTH="91" HEIGHT="34" CONTENT="with" WC="1.00" CC="0000"/>
						<SP ID="P6_SP00661" HPOS="2280" VPOS="2420" WIDTH="18"/>
						<String ID="word000671" HPOS="2297" VPOS="2373" WIDTH="51" HEIGHT="34" CONTENT="all" WC="1.00" CC="000"/>
						<SP ID="P6_SP00662" HPOS="2348" VPOS="2420" WIDTH="19"/>
						<String ID="word000672" HPOS="2367" VPOS="2373" WIDTH="66" HEIGHT="34" CONTENT="the" WC="0.96" CC="001"/>
						<SP ID="P6_SP00663" HPOS="2433" VPOS="2420" WIDTH="17"/>
						<String ID="word000673" HPOS="2450" VPOS="2372" WIDTH="255" HEIGHT="45" CONTENT="applications" WC="0.98" CC="010000100000"/>
						<SP ID="P6_SP00664" HPOS="2705" VPOS="2420" WIDTH="17"/>
						<String ID="word000674" HPOS="2721" VPOS="2380" WIDTH="40" HEIGHT="25" CONTENT="at" WC="1.00" CC="00"/>
						<SP ID="P6_SP00665" HPOS="2761" VPOS="2420" WIDTH="19"/>
						<String ID="word000675" HPOS="2780" VPOS="2381" WIDTH="104" HEIGHT="33" CONTENT="once," WC="0.98" CC="00010"/>
						<SP ID="P6_SP00666" HPOS="2884" VPOS="2420" WIDTH="21"/>
						<String ID="word000676" HPOS="2906" VPOS="2373" WIDTH="67" HEIGHT="33" CONTENT="but" WC="1.00" CC="000"/>
						<SP ID="P6_SP00667" HPOS="2973" VPOS="2420" WIDTH="0"/>
					</TextLine>
					<TextLine ID="P6_TL00063" HPOS="1636" VPOS="2421" WIDTH="458" HEIGHT="45">
						<String ID="word000677" HPOS="1636" VPOS="2426" WIDTH="92" HEIGHT="27" CONTENT="must" WC="1.00" CC="0000"/>
						<SP ID="P6_SP00668" HPOS="1728" VPOS="2453" WIDTH="18"/>
						<String ID="word000678" HPOS="1746" VPOS="2421" WIDTH="46" HEIGHT="33" CONTENT="do" WC="1.00" CC="00"/>
						<SP ID="P6_SP00669" HPOS="1792" VPOS="2454" WIDTH="22"/>
						<String ID="word000679" HPOS="1814" VPOS="2422" WIDTH="25" HEIGHT="33" CONTENT="it" WC="1.00" CC="00"/>
						<SP ID="P6_SP00670" HPOS="1839" VPOS="2456" WIDTH="24"/>
						<String ID="word000680" HPOS="1863" VPOS="2422" WIDTH="50" HEIGHT="44" CONTENT="by" WC="1.00" CC="00"/>
						<SP ID="P6_SP00671" HPOS="1912" VPOS="2466" WIDTH="18"/>
						<String ID="word000681" HPOS="1930" VPOS="2421" WIDTH="164" HEIGHT="45" CONTENT="degrees." WC="0.99" CC="00000100"/>
						<SP ID="P6_SP00672" HPOS="2094" VPOS="2466" WIDTH="0"/>
					</TextLine>
					<TextLine ID="P6_TL00064" HPOS="1683" VPOS="2465" WIDTH="1296" HEIGHT="49">
						<String ID="word000682" HPOS="1683" VPOS="2469" WIDTH="60" HEIGHT="45" CONTENT="By" WC="0.56" CC="08"/>
						<SP ID="P6_SP00673" HPOS="1743" VPOS="2513" WIDTH="17"/>
						<String ID="word000683" HPOS="1760" VPOS="2469" WIDTH="60" HEIGHT="34" CONTENT="Sir" WC="0.85" CC="022"/>
						<SP ID="P6_SP00674" HPOS="1820" VPOS="2513" WIDTH="18"/>
						<String ID="word000684" HPOS="1838" VPOS="2470" WIDTH="44" HEIGHT="34" CONTENT="G." WC="0.89" CC="11"/>
						<SP ID="P6_SP00675" HPOS="1881" VPOS="2513" WIDTH="27"/>
						<String ID="word000685" HPOS="1909" VPOS="2471" WIDTH="39" HEIGHT="32" CONTENT="IV" WC="0.50" CC="72"/>
						<SP ID="P6_SP00676" HPOS="1948" VPOS="2513" WIDTH="9"/>
						<String ID="word000686" HPOS="1957" VPOS="2479" WIDTH="24" HEIGHT="25" CONTENT="A" WC="0.78" CC="2"/>
						<SP ID="P6_SP00677" HPOS="1981" VPOS="2513" WIDTH="12"/>
						<String ID="word000687" HPOS="1993" VPOS="2478" WIDTH="85" HEIGHT="26" CONTENT="lIRA" WC="0.36" CC="8834"/>
						<SP ID="P6_SP00678" HPOS="2078" VPOS="2513" WIDTH="11"/>
						<String ID="word000688" HPOS="2088" VPOS="2469" WIDTH="240" HEIGHT="39" CONTENT="NDER.---Q." WC="0.63" CC="3353443422"/>
						<SP ID="P6_SP00679" HPOS="2328" VPOS="2513" WIDTH="28"/>
						<String ID="word000689" HPOS="2356" VPOS="2467" WIDTH="61" HEIGHT="34" CONTENT="On" WC="1.00" CC="00"/>
						<SP ID="P6_SP00680" HPOS="2418" VPOS="2513" WIDTH="32"/>
						<String ID="word000690" HPOS="2450" VPOS="2465" WIDTH="105" HEIGHT="35" CONTENT="what" WC="0.94" CC="0002"/>
						<SP ID="P6_SP00681" HPOS="2555" VPOS="2513" WIDTH="11"/>
						<String ID="word000691" HPOS="2565" VPOS="2471" WIDTH="155" HEIGHT="31" CONTENT="account" WC="0.95" CC="0100002"/>
						<SP ID="P6_SP00682" HPOS="2720" VPOS="2513" WIDTH="14"/>
						<String ID="word000692" HPOS="2734" VPOS="2465" WIDTH="63" HEIGHT="34" CONTENT="did" WC="0.78" CC="204"/>
						<SP ID="P6_SP00683" HPOS="2797" VPOS="2513" WIDTH="17"/>
						<String ID="word000693" HPOS="2813" VPOS="2466" WIDTH="60" HEIGHT="34" CONTENT="the" WC="0.93" CC="101"/>
						<SP ID="P6_SP00684" HPOS="2874" VPOS="2513" WIDTH="20"/>
						<String ID="word000694" HPOS="2894" VPOS="2467" WIDTH="64" HEIGHT="38" CONTENT="wit" SUBS_TYPE="HypPart1" SUBS_CONTENT="wit'" WC="0.86" CC="002"/>
						<HYP HPOS="2957" VPOS="2467" WIDTH="21" CONTENT="-"/>
					</TextLine>
					<TextLine ID="P6_TL00065" HPOS="1618" VPOS="2515" WIDTH="1359" HEIGHT="46">
						<String ID="word000695" HPOS="1618" VPOS="2515" WIDTH="1" HEIGHT="46" CONTENT="'" SUBS_TYPE="HypPart2" SUBS_CONTENT="wit'" WC="0.44" CC="5"/>
						<SP ID="P6_SP00685" HPOS="1619" VPOS="2561" WIDTH="14"/>
						<String ID="word000696" HPOS="1633" VPOS="2526" WIDTH="76" HEIGHT="24" CONTENT="ness" WC="0.72" CC="3232"/>
						<SP ID="P6_SP00686" HPOS="1709" VPOS="2561" WIDTH="19"/>
						<String ID="word000697" HPOS="1728" VPOS="2517" WIDTH="144" HEIGHT="33" CONTENT="receive" WC="0.95" CC="0030000"/>
						<SP ID="P6_SP00687" HPOS="1872" VPOS="2561" WIDTH="27"/>
						<String ID="word000698" HPOS="1899" VPOS="2517" WIDTH="64" HEIGHT="33" CONTENT="the" WC="1.00" CC="000"/>
						<SP ID="P6_SP00688" HPOS="1963" VPOS="2561" WIDTH="33"/>
						<String ID="word000699" HPOS="1996" VPOS="2528" WIDTH="96" HEIGHT="24" CONTENT="sums" WC="1.00" CC="0000"/>
						<SP ID="P6_SP00689" HPOS="2092" VPOS="2561" WIDTH="32"/>
						<String ID="word000700" HPOS="2124" VPOS="2517" WIDTH="44" HEIGHT="33" CONTENT="of" WC="0.94" CC="10"/>
						<SP ID="P6_SP00690" HPOS="2167" VPOS="2561" WIDTH="22"/>
						<String ID="word000701" HPOS="2190" VPOS="2526" WIDTH="130" HEIGHT="34" CONTENT="money" WC="0.93" CC="00111"/>
						<SP ID="P6_SP00691" HPOS="2320" VPOS="2561" WIDTH="30"/>
						<String ID="word000702" HPOS="2349" VPOS="2516" WIDTH="65" HEIGHT="33" CONTENT="the" WC="0.56" CC="732"/>
						<SP ID="P6_SP00692" HPOS="2414" VPOS="2561" WIDTH="37"/>
						<String ID="word000703" HPOS="2451" VPOS="2515" WIDTH="71" HEIGHT="33" CONTENT="had" WC="0.70" CC="170"/>
						<SP ID="P6_SP00693" HPOS="2522" VPOS="2561" WIDTH="30"/>
						<String ID="word000704" HPOS="2551" VPOS="2515" WIDTH="206" HEIGHT="33" CONTENT="mentioned" WC="0.83" CC="111114320"/>
						<SP ID="P6_SP00694" HPOS="2757" VPOS="2561" WIDTH="20"/>
						<String ID="word000705" HPOS="2777" VPOS="2515" WIDTH="94" HEIGHT="33" CONTENT="from" WC="0.97" CC="0001"/>
						<SP ID="P6_SP00695" HPOS="2871" VPOS="2561" WIDTH="30"/>
						<String ID="word000706" HPOS="2901" VPOS="2517" WIDTH="76" HEIGHT="32" CONTENT="Mr." WC="0.96" CC="100"/>
						<SP ID="P6_SP00696" HPOS="2976" VPOS="2561" WIDTH="0"/>
					</TextLine>
					<TextLine ID="P6_TL00066" HPOS="1638" VPOS="2563" WIDTH="1341" HEIGHT="46">
						<String ID="word000707" HPOS="1638" VPOS="2564" WIDTH="155" HEIGHT="34" CONTENT="Dowler" WC="0.81" CC="510103"/>
						<SP ID="P6_SP00697" HPOS="1793" VPOS="2598" WIDTH="12"/>
						<String ID="word000708" HPOS="1805" VPOS="2564" WIDTH="13" HEIGHT="32" CONTENT="?" WC="0.33" CC="6"/>
						<SP ID="P6_SP00698" HPOS="1818" VPOS="2598" WIDTH="31"/>
						<String ID="word000709" HPOS="1848" VPOS="2565" WIDTH="50" HEIGHT="33" CONTENT="A." WC="1.00" CC="00"/>
						<SP ID="P6_SP00699" HPOS="1898" VPOS="2598" WIDTH="28"/>
						<String ID="word000710" HPOS="1926" VPOS="2565" WIDTH="58" HEIGHT="33" CONTENT="To" WC="1.00" CC="00"/>
						<SP ID="P6_SP00700" HPOS="1984" VPOS="2598" WIDTH="17"/>
						<String ID="word000711" HPOS="2001" VPOS="2576" WIDTH="157" HEIGHT="33" CONTENT="procure" WC="0.97" CC="1000001"/>
						<SP ID="P6_SP00701" HPOS="2158" VPOS="2609" WIDTH="28"/>
						<String ID="word000712" HPOS="2186" VPOS="2563" WIDTH="56" HEIGHT="33" CONTENT="his" WC="0.89" CC="300"/>
						<SP ID="P6_SP00702" HPOS="2242" VPOS="2609" WIDTH="26"/>
						<String ID="word000713" HPOS="2268" VPOS="2563" WIDTH="379" HEIGHT="46" CONTENT="appointment.---Q." WC="0.66" CC="33223323432336433"/>
						<SP ID="P6_SP00703" HPOS="2647" VPOS="2609" WIDTH="38"/>
						<String ID="word000714" HPOS="2685" VPOS="2563" WIDTH="53" HEIGHT="43" CONTENT="By" WC="0.61" CC="61"/>
						<SP ID="P6_SP00704" HPOS="2738" VPOS="2609" WIDTH="22"/>
						<String ID="word000715" HPOS="2760" VPOS="2563" WIDTH="120" HEIGHT="33" CONTENT="whom" WC="0.75" CC="3303"/>
						<SP ID="P6_SP00705" HPOS="2881" VPOS="2609" WIDTH="20"/>
						<String ID="word000716" HPOS="2901" VPOS="2574" WIDTH="78" HEIGHT="25" CONTENT="was" WC="0.96" CC="100"/>
						<SP ID="P6_SP00706" HPOS="2979" VPOS="2609" WIDTH="0"/>
					</TextLine>
					<TextLine ID="P6_TL00067" HPOS="1636" VPOS="2609" WIDTH="1343" HEIGHT="48">
						<String ID="word000717" HPOS="1636" VPOS="2611" WIDTH="60" HEIGHT="32" CONTENT="the" WC="0.96" CC="001"/>
						<SP ID="P6_SP00707" HPOS="1696" VPOS="2643" WIDTH="18"/>
						<String ID="word000718" HPOS="1714" VPOS="2613" WIDTH="229" HEIGHT="33" CONTENT="notification" WC="1.00" CC="000000000000"/>
						<SP ID="P6_SP00708" HPOS="1943" VPOS="2646" WIDTH="20"/>
						<String ID="word000719" HPOS="1963" VPOS="2613" WIDTH="44" HEIGHT="33" CONTENT="of" WC="1.00" CC="00"/>
						<SP ID="P6_SP00709" HPOS="2007" VPOS="2646" WIDTH="12"/>
						<String ID="word000720" HPOS="2019" VPOS="2614" WIDTH="71" HEIGHT="33" CONTENT="this" WC="0.92" CC="0111"/>
						<SP ID="P6_SP00710" HPOS="2089" VPOS="2647" WIDTH="17"/>
						<String ID="word000721" HPOS="2106" VPOS="2611" WIDTH="262" HEIGHT="46" CONTENT="appointment" WC="0.98" CC="00000001100"/>
						<SP ID="P6_SP00711" HPOS="2368" VPOS="2657" WIDTH="18"/>
						<String ID="word000722" HPOS="2386" VPOS="2609" WIDTH="109" HEIGHT="33" CONTENT="made" WC="0.92" CC="1101"/>
						<SP ID="P6_SP00712" HPOS="2494" VPOS="2657" WIDTH="17"/>
						<String ID="word000723" HPOS="2511" VPOS="2615" WIDTH="39" HEIGHT="26" CONTENT="to" WC="1.00" CC="00"/>
						<SP ID="P6_SP00713" HPOS="2550" VPOS="2657" WIDTH="17"/>
						<String ID="word000724" HPOS="2567" VPOS="2609" WIDTH="59" HEIGHT="33" CONTENT="the" WC="1.00" CC="000"/>
						<SP ID="P6_SP00714" HPOS="2626" VPOS="2657" WIDTH="18"/>
						<String ID="word000725" HPOS="2643" VPOS="2609" WIDTH="146" HEIGHT="33" CONTENT="witness" WC="0.86" CC="1003140"/>
						<SP ID="P6_SP00715" HPOS="2790" VPOS="2657" WIDTH="15"/>
						<String ID="word000726" HPOS="2805" VPOS="2609" WIDTH="12" HEIGHT="34" CONTENT="?" WC="0.89" CC="1"/>
						<SP ID="P6_SP00716" HPOS="2817" VPOS="2657" WIDTH="32"/>
						<String ID="word000727" HPOS="2849" VPOS="2610" WIDTH="46" HEIGHT="34" CONTENT="A." WC="1.00" CC="00"/>
						<SP ID="P6_SP00717" HPOS="2895" VPOS="2657" WIDTH="21"/>
						<String ID="word000728" HPOS="2916" VPOS="2611" WIDTH="63" HEIGHT="43" CONTENT="By" WC="0.94" CC="10"/>
						<SP ID="P6_SP00718" HPOS="2979" VPOS="2657" WIDTH="0"/>
					</TextLine>
					<TextLine ID="P6_TL00068" HPOS="1636" VPOS="2656" WIDTH="1342" HEIGHT="48">
						<String ID="word000729" HPOS="1636" VPOS="2659" WIDTH="56" HEIGHT="33" CONTENT="his" WC="1.00" CC="000"/>
						<SP ID="P6_SP00719" HPOS="1691" VPOS="2692" WIDTH="21"/>
						<String ID="word000730" HPOS="1713" VPOS="2659" WIDTH="122" HEIGHT="44" CONTENT="Royal" WC="0.80" CC="11430"/>
						<SP ID="P6_SP00720" HPOS="1834" VPOS="2702" WIDTH="26"/>
						<String ID="word000731" HPOS="1860" VPOS="2660" WIDTH="200" HEIGHT="44" CONTENT="Highness," WC="0.95" CC="101001100"/>
						<SP ID="P6_SP00721" HPOS="2060" VPOS="2704" WIDTH="20"/>
						<String ID="word000732" HPOS="2080" VPOS="2661" WIDTH="84" HEIGHT="33" CONTENT="who" WC="0.44" CC="522"/>
						<SP ID="P6_SP00722" HPOS="2164" VPOS="2704" WIDTH="17"/>
						<String ID="word000733" HPOS="2180" VPOS="2659" WIDTH="80" HEIGHT="34" CONTENT="said" WC="0.78" CC="3131"/>
						<SP ID="P6_SP00723" HPOS="2261" VPOS="2704" WIDTH="34"/>
						<String ID="word000734" HPOS="2295" VPOS="2659" WIDTH="45" HEIGHT="33" CONTENT="he" WC="0.94" CC="10"/>
						<SP ID="P6_SP00724" HPOS="2340" VPOS="2704" WIDTH="26"/>
						<String ID="word000735" HPOS="2366" VPOS="2659" WIDTH="72" HEIGHT="32" CONTENT="had" WC="1.00" CC="000"/>
						<SP ID="P6_SP00725" HPOS="2438" VPOS="2704" WIDTH="19"/>
						<String ID="word000736" HPOS="2457" VPOS="2657" WIDTH="142" HEIGHT="44" CONTENT="spoken" WC="1.00" CC="000000"/>
						<SP ID="P6_SP00726" HPOS="2598" VPOS="2704" WIDTH="15"/>
						<String ID="word000737" HPOS="2614" VPOS="2662" WIDTH="39" HEIGHT="26" CONTENT="to" WC="1.00" CC="00"/>
						<SP ID="P6_SP00727" HPOS="2653" VPOS="2704" WIDTH="22"/>
						<String ID="word000738" HPOS="2675" VPOS="2656" WIDTH="76" HEIGHT="33" CONTENT="Mr." WC="1.00" CC="000"/>
						<SP ID="P6_SP00728" HPOS="2751" VPOS="2704" WIDTH="21"/>
						<String ID="word000739" HPOS="2772" VPOS="2657" WIDTH="116" HEIGHT="44" CONTENT="Long," WC="0.98" CC="00010"/>
						<SP ID="P6_SP00729" HPOS="2888" VPOS="2704" WIDTH="18"/>
						<String ID="word000740" HPOS="2906" VPOS="2659" WIDTH="72" HEIGHT="33" CONTENT="and" WC="0.89" CC="030"/>
						<SP ID="P6_SP00730" HPOS="2978" VPOS="2704" WIDTH="0"/>
					</TextLine>
					<TextLine ID="P6_TL00069" HPOS="1636" VPOS="2704" WIDTH="1343" HEIGHT="45">
						<String ID="word000741" HPOS="1636" VPOS="2707" WIDTH="28" HEIGHT="32" CONTENT="it" WC="1.00" CC="00"/>
						<SP ID="P6_SP00731" HPOS="1664" VPOS="2739" WIDTH="18"/>
						<String ID="word000742" HPOS="1682" VPOS="2718" WIDTH="74" HEIGHT="22" CONTENT="was" WC="1.00" CC="000"/>
						<SP ID="P6_SP00732" HPOS="1756" VPOS="2740" WIDTH="17"/>
						<String ID="word000743" HPOS="1773" VPOS="2707" WIDTH="51" HEIGHT="33" CONTENT="all" WC="0.96" CC="100"/>
						<SP ID="P6_SP00733" HPOS="1824" VPOS="2740" WIDTH="20"/>
						<String ID="word000744" HPOS="1844" VPOS="2707" WIDTH="129" HEIGHT="33" CONTENT="settled" WC="0.94" CC="0100210"/>
						<SP ID="P6_SP00734" HPOS="1972" VPOS="2740" WIDTH="19"/>
						<String ID="word000745" HPOS="1991" VPOS="2713" WIDTH="37" HEIGHT="27" CONTENT="at" WC="0.83" CC="30"/>
						<SP ID="P6_SP00735" HPOS="2028" VPOS="2740" WIDTH="18"/>
						<String ID="word000746" HPOS="2046" VPOS="2708" WIDTH="81" HEIGHT="33" CONTENT="last." WC="0.95" CC="11000"/>
						<SP ID="P6_SP00736" HPOS="2127" VPOS="2741" WIDTH="56"/>
						<String ID="word000747" HPOS="2183" VPOS="2707" WIDTH="74" HEIGHT="32" CONTENT="Mr." WC="0.96" CC="100"/>
						<SP ID="P6_SP00737" HPOS="2257" VPOS="2741" WIDTH="25"/>
						<String ID="word000748" HPOS="2282" VPOS="2707" WIDTH="169" HEIGHT="41" CONTENT="Manley," WC="0.84" CC="7201000"/>
						<SP ID="P6_SP00738" HPOS="2451" VPOS="2748" WIDTH="21"/>
						<String ID="word000749" HPOS="2472" VPOS="2706" WIDTH="44" HEIGHT="32" CONTENT="he" WC="0.94" CC="01"/>
						<SP ID="P6_SP00739" HPOS="2516" VPOS="2748" WIDTH="18"/>
						<String ID="word000750" HPOS="2533" VPOS="2705" WIDTH="93" HEIGHT="40" CONTENT="said," WC="0.84" CC="51100"/>
						<SP ID="P6_SP00740" HPOS="2627" VPOS="2748" WIDTH="22"/>
						<String ID="word000751" HPOS="2649" VPOS="2704" WIDTH="69" HEIGHT="33" CONTENT="had" WC="0.96" CC="010"/>
						<SP ID="P6_SP00741" HPOS="2718" VPOS="2748" WIDTH="17"/>
						<String ID="word000752" HPOS="2734" VPOS="2706" WIDTH="89" HEIGHT="32" CONTENT="been" WC="0.94" CC="1001"/>
						<SP ID="P6_SP00742" HPOS="2823" VPOS="2748" WIDTH="19"/>
						<String ID="word000753" HPOS="2842" VPOS="2715" WIDTH="115" HEIGHT="24" CONTENT="recom" SUBS_TYPE="HypPart1" SUBS_CONTENT="recommended" WC="0.89" CC="01111"/>
						<HYP HPOS="2956" VPOS="2715" WIDTH="22" CONTENT="-"/>
					</TextLine>
					<TextLine ID="P6_TL00070" HPOS="1636" VPOS="2752" WIDTH="1342" HEIGHT="47">
						<String ID="word000754" HPOS="1636" VPOS="2753" WIDTH="149" HEIGHT="34" CONTENT="mended" SUBS_TYPE="HypPart2" SUBS_CONTENT="recommended" WC="0.96" CC="101000"/>
						<SP ID="P6_SP00743" HPOS="1785" VPOS="2787" WIDTH="21"/>
						<String ID="word000755" HPOS="1806" VPOS="2756" WIDTH="47" HEIGHT="43" CONTENT="by" WC="1.00" CC="00"/>
						<SP ID="P6_SP00744" HPOS="1853" VPOS="2798" WIDTH="17"/>
						<String ID="word000756" HPOS="1870" VPOS="2753" WIDTH="63" HEIGHT="34" CONTENT="the" WC="1.00" CC="000"/>
						<SP ID="P6_SP00745" HPOS="1932" VPOS="2798" WIDTH="24"/>
						<String ID="word000757" HPOS="1956" VPOS="2754" WIDTH="135" HEIGHT="34" CONTENT="Prince" WC="0.85" CC="400121"/>
						<SP ID="P6_SP00746" HPOS="2091" VPOS="2798" WIDTH="17"/>
						<String ID="word000758" HPOS="2107" VPOS="2753" WIDTH="44" HEIGHT="34" CONTENT="of" WC="1.00" CC="00"/>
						<SP ID="P6_SP00747" HPOS="2151" VPOS="2798" WIDTH="26"/>
						<String ID="word000759" HPOS="2177" VPOS="2753" WIDTH="143" HEIGHT="41" CONTENT="Wales," WC="0.93" CC="210010"/>
						<SP ID="P6_SP00748" HPOS="2320" VPOS="2798" WIDTH="24"/>
						<String ID="word000760" HPOS="2343" VPOS="2752" WIDTH="70" HEIGHT="34" CONTENT="and" WC="0.96" CC="010"/>
						<SP ID="P6_SP00749" HPOS="2413" VPOS="2798" WIDTH="25"/>
						<String ID="word000761" HPOS="2438" VPOS="2752" WIDTH="46" HEIGHT="33" CONTENT="he" WC="0.94" CC="01"/>
						<SP ID="P6_SP00750" HPOS="2484" VPOS="2798" WIDTH="33"/>
						<String ID="word000762" HPOS="2517" VPOS="2752" WIDTH="105" HEIGHT="33" CONTENT="could" WC="1.00" CC="00000"/>
						<SP ID="P6_SP00751" HPOS="2622" VPOS="2798" WIDTH="34"/>
						<String ID="word000763" HPOS="2656" VPOS="2752" WIDTH="94" HEIGHT="33" CONTENT="have" WC="0.97" CC="0001"/>
						<SP ID="P6_SP00752" HPOS="2751" VPOS="2798" WIDTH="20"/>
						<String ID="word000764" HPOS="2771" VPOS="2752" WIDTH="138" HEIGHT="33" CONTENT="wi,hed" WC="0.52" CC="535463"/>
						<SP ID="P6_SP00753" HPOS="2909" VPOS="2798" WIDTH="30"/>
						<String ID="word000765" HPOS="2939" VPOS="2758" WIDTH="39" HEIGHT="27" CONTENT="to" WC="1.00" CC="00"/>
						<SP ID="P6_SP00754" HPOS="2978" VPOS="2798" WIDTH="0"/>
					</TextLine>
					<TextLine ID="P6_TL00071" HPOS="1636" VPOS="2798" WIDTH="1339" HEIGHT="46">
						<String ID="word000766" HPOS="1636" VPOS="2800" WIDTH="92" HEIGHT="35" CONTENT="have" WC="0.97" CC="0100"/>
						<SP ID="P6_SP00755" HPOS="1728" VPOS="2836" WIDTH="19"/>
						<String ID="word000767" HPOS="1747" VPOS="2803" WIDTH="149" HEIGHT="41" CONTENT="obliged" WC="0.95" CC="1100010"/>
						<SP ID="P6_SP00756" HPOS="1896" VPOS="2844" WIDTH="21"/>
						<String ID="word000768" HPOS="1917" VPOS="2802" WIDTH="100" HEIGHT="39" CONTENT="him;" WC="0.75" CC="0270"/>
						<SP ID="P6_SP00757" HPOS="2017" VPOS="2844" WIDTH="30"/>
						<String ID="word000769" HPOS="2047" VPOS="2804" WIDTH="65" HEIGHT="32" CONTENT="but" WC="0.74" CC="520"/>
						<SP ID="P6_SP00758" HPOS="2112" VPOS="2844" WIDTH="18"/>
						<String ID="word000770" HPOS="2130" VPOS="2804" WIDTH="44" HEIGHT="31" CONTENT="he" WC="0.83" CC="30"/>
						<SP ID="P6_SP00759" HPOS="2173" VPOS="2844" WIDTH="27"/>
						<String ID="word000771" HPOS="2200" VPOS="2807" WIDTH="93" HEIGHT="28" CONTENT="must" WC="1.00" CC="0000"/>
						<SP ID="P6_SP00760" HPOS="2294" VPOS="2844" WIDTH="12"/>
						<String ID="word000772" HPOS="2306" VPOS="2803" WIDTH="43" HEIGHT="32" CONTENT="be" WC="1.00" CC="00"/>
						<SP ID="P6_SP00761" HPOS="2348" VPOS="2844" WIDTH="20"/>
						<String ID="word000773" HPOS="2368" VPOS="2798" WIDTH="182" HEIGHT="46" CONTENT="provided" WC="0.96" CC="01000110"/>
						<SP ID="P6_SP00762" HPOS="2550" VPOS="2844" WIDTH="15"/>
						<String ID="word000774" HPOS="2565" VPOS="2798" WIDTH="57" HEIGHT="34" CONTENT="for" WC="1.00" CC="000"/>
						<SP ID="P6_SP00763" HPOS="2622" VPOS="2844" WIDTH="17"/>
						<String ID="word000775" HPOS="2639" VPOS="2809" WIDTH="99" HEIGHT="24" CONTENT="some" WC="0.97" CC="0010"/>
						<SP ID="P6_SP00764" HPOS="2738" VPOS="2844" WIDTH="14"/>
						<String ID="word000776" HPOS="2752" VPOS="2798" WIDTH="107" HEIGHT="34" CONTENT="other" WC="0.98" CC="00010"/>
						<SP ID="P6_SP00765" HPOS="2859" VPOS="2844" WIDTH="15"/>
						<String ID="word000777" HPOS="2875" VPOS="2811" WIDTH="100" HEIGHT="33" CONTENT="way." WC="0.75" CC="3330"/>
						<SP ID="P6_SP00766" HPOS="2975" VPOS="2844" WIDTH="0"/>
					</TextLine>
					<TextLine ID="P6_TL00072" HPOS="1639" VPOS="2845" WIDTH="1336" HEIGHT="42">
						<String ID="word000778" HPOS="1639" VPOS="2850" WIDTH="67" HEIGHT="32" CONTENT="Mr." WC="0.59" CC="632"/>
						<SP ID="P6_SP00767" HPOS="1707" VPOS="2882" WIDTH="27"/>
						<String ID="word000779" HPOS="1734" VPOS="2850" WIDTH="157" HEIGHT="33" CONTENT="Dowler" WC="0.70" CC="734110"/>
						<SP ID="P6_SP00768" HPOS="1891" VPOS="2883" WIDTH="19"/>
						<String ID="word000780" HPOS="1910" VPOS="2849" WIDTH="73" HEIGHT="33" CONTENT="had" WC="0.96" CC="010"/>
						<SP ID="P6_SP00769" HPOS="1983" VPOS="2883" WIDTH="19"/>
						<String ID="word000781" HPOS="2002" VPOS="2850" WIDTH="104" HEIGHT="33" CONTENT="made" WC="1.00" CC="0000"/>
						<SP ID="P6_SP00770" HPOS="2106" VPOS="2883" WIDTH="19"/>
						<String ID="word000782" HPOS="2125" VPOS="2854" WIDTH="65" HEIGHT="30" CONTENT="out" WC="1.00" CC="000"/>
						<SP ID="P6_SP00771" HPOS="2190" VPOS="2883" WIDTH="33"/>
						<String ID="word000783" HPOS="2223" VPOS="2858" WIDTH="22" HEIGHT="24" CONTENT="a" WC="1.00" CC="0"/>
						<SP ID="P6_SP00772" HPOS="2245" VPOS="2883" WIDTH="28"/>
						<String ID="word000784" HPOS="2274" VPOS="2850" WIDTH="63" HEIGHT="33" CONTENT="list" WC="1.00" CC="0000"/>
						<SP ID="P6_SP00773" HPOS="2336" VPOS="2883" WIDTH="25"/>
						<String ID="word000785" HPOS="2361" VPOS="2845" WIDTH="44" HEIGHT="34" CONTENT="of" WC="1.00" CC="00"/>
						<SP ID="P6_SP00774" HPOS="2405" VPOS="2883" WIDTH="20"/>
						<String ID="word000786" HPOS="2425" VPOS="2851" WIDTH="190" HEIGHT="30" CONTENT="seventeen" WC="0.77" CC="142120504"/>
						<SP ID="P6_SP00775" HPOS="2615" VPOS="2883" WIDTH="20"/>
						<String ID="word000787" HPOS="2635" VPOS="2851" WIDTH="138" HEIGHT="35" CONTENT="voters," WC="0.92" CC="0301100"/>
						<SP ID="P6_SP00776" HPOS="2773" VPOS="2887" WIDTH="22"/>
						<String ID="word000788" HPOS="2796" VPOS="2848" WIDTH="41" HEIGHT="32" CONTENT="of" WC="1.00" CC="00"/>
						<SP ID="P6_SP00777" HPOS="2837" VPOS="2887" WIDTH="18"/>
						<String ID="word000789" HPOS="2855" VPOS="2846" WIDTH="120" HEIGHT="35" CONTENT="whom" WC="0.94" CC="0020"/>
						<SP ID="P6_SP00778" HPOS="2975" VPOS="2887" WIDTH="0"/>
					</TextLine>
					<TextLine ID="P6_TL00073" HPOS="1638" VPOS="2895" WIDTH="1335" HEIGHT="46">
						<String ID="word000790" HPOS="1638" VPOS="2896" WIDTH="94" HEIGHT="33" CONTENT="Lord" WC="0.97" CC="1000"/>
						<SP ID="P6_SP00779" HPOS="1733" VPOS="2929" WIDTH="20"/>
						<String ID="word000791" HPOS="1753" VPOS="2896" WIDTH="103" HEIGHT="33" CONTENT=".lohn" WC="0.40" CC="47448"/>
						<SP ID="P6_SP00780" HPOS="1856" VPOS="2929" WIDTH="21"/>
						<String ID="word000792" HPOS="1877" VPOS="2897" WIDTH="196" HEIGHT="44" CONTENT="Campbell" WC="0.68" CC="11323454"/>
						<SP ID="P6_SP00781" HPOS="2073" VPOS="2941" WIDTH="24"/>
						<String ID="word000793" HPOS="2096" VPOS="2909" WIDTH="73" HEIGHT="21" CONTENT="was" WC="0.85" CC="400"/>
						<SP ID="P6_SP00782" HPOS="2170" VPOS="2941" WIDTH="20"/>
						<String ID="word000794" HPOS="2190" VPOS="2907" WIDTH="84" HEIGHT="31" CONTENT="one," WC="1.00" CC="0000"/>
						<SP ID="P6_SP00783" HPOS="2274" VPOS="2941" WIDTH="30"/>
						<String ID="word000795" HPOS="2303" VPOS="2896" WIDTH="93" HEIGHT="33" CONTENT="from" WC="1.00" CC="0000"/>
						<SP ID="P6_SP00784" HPOS="2396" VPOS="2941" WIDTH="21"/>
						<String ID="word000796" HPOS="2418" VPOS="2895" WIDTH="189" HEIGHT="41" CONTENT="Scotland," WC="0.99" CC="100000000"/>
						<SP ID="P6_SP00785" HPOS="2607" VPOS="2941" WIDTH="20"/>
						<String ID="word000797" HPOS="2627" VPOS="2895" WIDTH="85" HEIGHT="33" CONTENT="who" WC="0.81" CC="320"/>
						<SP ID="P6_SP00786" HPOS="2712" VPOS="2941" WIDTH="18"/>
						<String ID="word000798" HPOS="2730" VPOS="2904" WIDTH="97" HEIGHT="24" CONTENT="were" WC="0.92" CC="1110"/>
						<SP ID="P6_SP00787" HPOS="2826" VPOS="2941" WIDTH="18"/>
						<String ID="word000799" HPOS="2844" VPOS="2901" WIDTH="38" HEIGHT="27" CONTENT="to" WC="0.56" CC="26"/>
						<SP ID="P6_SP00788" HPOS="2882" VPOS="2941" WIDTH="19"/>
						<String ID="word000800" HPOS="2901" VPOS="2906" WIDTH="48" HEIGHT="34" CONTENT="ap" SUBS_TYPE="HypPart1" SUBS_CONTENT="appear" WC="1.00" CC="00"/>
						<HYP HPOS="2949" VPOS="2906" WIDTH="24" CONTENT="-"/>
					</TextLine>
					<TextLine ID="P6_TL00074" HPOS="1636" VPOS="2941" WIDTH="1341" HEIGHT="47">
						<String ID="word000801" HPOS="1636" VPOS="2954" WIDTH="91" HEIGHT="33" CONTENT="pear" SUBS_TYPE="HypPart2" SUBS_CONTENT="appear" WC="1.00" CC="0000"/>
						<SP ID="P6_SP00789" HPOS="1727" VPOS="2987" WIDTH="18"/>
						<String ID="word000802" HPOS="1744" VPOS="2944" WIDTH="34" HEIGHT="32" CONTENT="in" WC="1.00" CC="00"/>
						<SP ID="P6_SP00790" HPOS="1779" VPOS="2987" WIDTH="19"/>
						<String ID="word000803" HPOS="1798" VPOS="2949" WIDTH="155" HEIGHT="39" CONTENT="support" WC="1.00" CC="0000000"/>
						<SP ID="P6_SP00791" HPOS="1952" VPOS="2988" WIDTH="31"/>
						<String ID="word000804" HPOS="1983" VPOS="2943" WIDTH="44" HEIGHT="34" CONTENT="of" WC="1.00" CC="00"/>
						<SP ID="P6_SP00792" HPOS="2027" VPOS="2988" WIDTH="20"/>
						<String ID="word000805" HPOS="2047" VPOS="2944" WIDTH="63" HEIGHT="33" CONTENT="the" WC="0.96" CC="001"/>
						<SP ID="P6_SP00793" HPOS="2109" VPOS="2988" WIDTH="21"/>
						<String ID="word000806" HPOS="2131" VPOS="2943" WIDTH="164" HEIGHT="35" CONTENT="Defence" WC="0.98" CC="0000100"/>
						<SP ID="P6_SP00794" HPOS="2295" VPOS="2988" WIDTH="19"/>
						<String ID="word000807" HPOS="2314" VPOS="2942" WIDTH="91" HEIGHT="35" CONTENT="Bill." WC="0.87" CC="50010"/>
						<SP ID="P6_SP00795" HPOS="2405" VPOS="2988" WIDTH="57"/>
						<String ID="word000808" HPOS="2461" VPOS="2942" WIDTH="18" HEIGHT="34" CONTENT="I" WC="0.78" CC="2"/>
						<SP ID="P6_SP00796" HPOS="2479" VPOS="2988" WIDTH="32"/>
						<String ID="word000809" HPOS="2511" VPOS="2941" WIDTH="70" HEIGHT="33" CONTENT="had" WC="1.00" CC="000"/>
						<SP ID="P6_SP00797" HPOS="2581" VPOS="2988" WIDTH="30"/>
						<String ID="word000810" HPOS="2610" VPOS="2942" WIDTH="143" HEIGHT="32" CONTENT="several" WC="0.97" CC="0110000"/>
						<SP ID="P6_SP00798" HPOS="2753" VPOS="2988" WIDTH="28"/>
						<String ID="word000811" HPOS="2781" VPOS="2943" WIDTH="195" HEIGHT="41" CONTENT="members," WC="0.97" CC="01001000"/>
						<SP ID="P6_SP00799" HPOS="2976" VPOS="2988" WIDTH="0"/>
					</TextLine>
					<TextLine ID="P6_TL00075" HPOS="1633" VPOS="2989" WIDTH="1343" HEIGHT="45">
						<String ID="word000812" HPOS="1633" VPOS="2991" WIDTH="150" HEIGHT="43" CONTENT="friends," WC="0.94" CC="30010000"/>
						<SP ID="P6_SP00800" HPOS="1783" VPOS="3033" WIDTH="14"/>
						<String ID="word000813" HPOS="1798" VPOS="2993" WIDTH="65" HEIGHT="32" CONTENT="but" WC="1.00" CC="000"/>
						<SP ID="P6_SP00801" HPOS="1863" VPOS="3033" WIDTH="21"/>
						<String ID="word000814" HPOS="1884" VPOS="2992" WIDTH="71" HEIGHT="34" CONTENT="Mr." WC="0.93" CC="200"/>
						<SP ID="P6_SP00802" HPOS="1955" VPOS="3033" WIDTH="21"/>
						<String ID="word000815" HPOS="1976" VPOS="2992" WIDTH="155" HEIGHT="34" CONTENT="Dowler" WC="0.76" CC="514300"/>
						<SP ID="P6_SP00803" HPOS="2131" VPOS="3033" WIDTH="13"/>
						<String ID="word000816" HPOS="2144" VPOS="2992" WIDTH="109" HEIGHT="34" CONTENT="could" WC="0.98" CC="00100"/>
						<SP ID="P6_SP00804" HPOS="2252" VPOS="3033" WIDTH="19"/>
						<String ID="word000817" HPOS="2271" VPOS="2999" WIDTH="61" HEIGHT="26" CONTENT="not" WC="0.96" CC="100"/>
						<SP ID="P6_SP00805" HPOS="2333" VPOS="3033" WIDTH="19"/>
						<String ID="word000818" HPOS="2352" VPOS="2989" WIDTH="106" HEIGHT="44" CONTENT="bring" WC="0.93" CC="03000"/>
						<SP ID="P6_SP00806" HPOS="2458" VPOS="3033" WIDTH="19"/>
						<String ID="word000819" HPOS="2477" VPOS="2989" WIDTH="98" HEIGHT="34" CONTENT="them" WC="1.00" CC="0000"/>
						<SP ID="P6_SP00807" HPOS="2575" VPOS="3033" WIDTH="25"/>
						<String ID="word000820" HPOS="2600" VPOS="3000" WIDTH="47" HEIGHT="33" CONTENT="up" WC="0.56" CC="44"/>
						<SP ID="P6_SP00808" HPOS="2647" VPOS="3033" WIDTH="18"/>
						<String ID="word000821" HPOS="2665" VPOS="3001" WIDTH="11" HEIGHT="27" CONTENT=";" WC="1.00" CC="0"/>
						<SP ID="P6_SP00809" HPOS="2675" VPOS="3033" WIDTH="31"/>
						<String ID="word000822" HPOS="2706" VPOS="2989" WIDTH="86" HEIGHT="44" CONTENT="they" WC="0.94" CC="0011"/>
						<SP ID="P6_SP00810" HPOS="2792" VPOS="3033" WIDTH="31"/>
						<String ID="word000823" HPOS="2823" VPOS="3000" WIDTH="97" HEIGHT="24" CONTENT="were" WC="0.97" CC="0100"/>
						<SP ID="P6_SP00811" HPOS="2920" VPOS="3033" WIDTH="19"/>
						<String ID="word000824" HPOS="2939" VPOS="2991" WIDTH="37" HEIGHT="34" CONTENT="in" WC="1.00" CC="00"/>
						<SP ID="P6_SP00812" HPOS="2975" VPOS="3033" WIDTH="0"/>
					</TextLine>
					<TextLine ID="P6_TL00076" HPOS="1631" VPOS="3037" WIDTH="1342" HEIGHT="47">
						<String ID="word000825" HPOS="1631" VPOS="3039" WIDTH="314" HEIGHT="44" CONTENT="opposition---(a" WC="0.71" CC="501611011355523"/>
						<SP ID="P6_SP00813" HPOS="1945" VPOS="3083" WIDTH="20"/>
						<String ID="word000826" HPOS="1965" VPOS="3039" WIDTH="155" HEIGHT="45" CONTENT="laugh.)" WC="0.95" CC="0111000" STYLEREFS="TXT_4"/>
						<SP ID="P6_SP00814" HPOS="2120" VPOS="3084" WIDTH="52"/>
						<String ID="word000827" HPOS="2172" VPOS="3039" WIDTH="109" HEIGHT="41" CONTENT="This," WC="1.00" CC="00000"/>
						<SP ID="P6_SP00815" HPOS="2281" VPOS="3084" WIDTH="20"/>
						<String ID="word000828" HPOS="2301" VPOS="3039" WIDTH="53" HEIGHT="33" CONTENT="his" WC="0.96" CC="100"/>
						<SP ID="P6_SP00816" HPOS="2354" VPOS="3084" WIDTH="24"/>
						<String ID="word000829" HPOS="2378" VPOS="3037" WIDTH="128" HEIGHT="45" CONTENT="Royal" WC="0.87" CC="10302"/>
						<SP ID="P6_SP00817" HPOS="2505" VPOS="3084" WIDTH="24"/>
						<String ID="word000830" HPOS="2529" VPOS="3037" WIDTH="183" HEIGHT="44" CONTENT="Highness" WC="0.61" CC="51158440"/>
						<SP ID="P6_SP00818" HPOS="2712" VPOS="3084" WIDTH="15"/>
						<String ID="word000831" HPOS="2727" VPOS="3037" WIDTH="96" HEIGHT="41" CONTENT="said," WC="0.98" CC="01000"/>
						<SP ID="P6_SP00819" HPOS="2823" VPOS="3084" WIDTH="19"/>
						<String ID="word000832" HPOS="2842" VPOS="3038" WIDTH="44" HEIGHT="33" CONTENT="he" WC="0.83" CC="30"/>
						<SP ID="P6_SP00820" HPOS="2885" VPOS="3084" WIDTH="15"/>
						<String ID="word000833" HPOS="2901" VPOS="3038" WIDTH="72" HEIGHT="34" CONTENT="had" WC="0.93" CC="110"/>
						<SP ID="P6_SP00821" HPOS="2973" VPOS="3084" WIDTH="0"/>
					</TextLine>
					<TextLine ID="P6_TL00077" HPOS="1629" VPOS="3085" WIDTH="1267" HEIGHT="46">
						<String ID="word000834" HPOS="1629" VPOS="3086" WIDTH="109" HEIGHT="44" CONTENT="given" WC="0.98" CC="10000"/>
						<SP ID="P6_SP00822" HPOS="1737" VPOS="3130" WIDTH="20"/>
						<String ID="word000835" HPOS="1757" VPOS="3091" WIDTH="39" HEIGHT="27" CONTENT="to" WC="0.94" CC="01"/>
						<SP ID="P6_SP00823" HPOS="1796" VPOS="3130" WIDTH="17"/>
						<String ID="word000836" HPOS="1813" VPOS="3086" WIDTH="72" HEIGHT="33" CONTENT="Mr." WC="0.96" CC="100"/>
						<SP ID="P6_SP00824" HPOS="1885" VPOS="3130" WIDTH="18"/>
						<String ID="word000837" HPOS="1903" VPOS="3087" WIDTH="154" HEIGHT="34" CONTENT="Charles" WC="0.98" CC="1000000"/>
						<SP ID="P6_SP00825" HPOS="2056" VPOS="3130" WIDTH="22"/>
						<String ID="word000838" HPOS="2079" VPOS="3087" WIDTH="113" HEIGHT="44" CONTENT="Long," WC="0.95" CC="00110"/>
						<SP ID="P6_SP00826" HPOS="2192" VPOS="3131" WIDTH="24"/>
						<String ID="word000839" HPOS="2216" VPOS="3087" WIDTH="84" HEIGHT="33" CONTENT="who" WC="1.00" CC="000"/>
						<SP ID="P6_SP00827" HPOS="2300" VPOS="3131" WIDTH="22"/>
						<String ID="word000840" HPOS="2322" VPOS="3098" WIDTH="72" HEIGHT="24" CONTENT="was" WC="1.00" CC="000"/>
						<SP ID="P6_SP00828" HPOS="2394" VPOS="3131" WIDTH="18"/>
						<String ID="word000841" HPOS="2412" VPOS="3086" WIDTH="106" HEIGHT="45" CONTENT="quite" WC="0.98" CC="10000"/>
						<SP ID="P6_SP00829" HPOS="2518" VPOS="3131" WIDTH="18"/>
						<String ID="word000842" HPOS="2536" VPOS="3085" WIDTH="189" HEIGHT="43" CONTENT="delighted" WC="0.99" CC="000000010"/>
						<SP ID="P6_SP00830" HPOS="2725" VPOS="3131" WIDTH="19"/>
						<String ID="word000843" HPOS="2744" VPOS="3086" WIDTH="91" HEIGHT="32" CONTENT="with" WC="0.97" CC="1000"/>
						<SP ID="P6_SP00831" HPOS="2835" VPOS="3131" WIDTH="21"/>
						<String ID="word000844" HPOS="2856" VPOS="3085" WIDTH="40" HEIGHT="34" CONTENT="it." WC="1.00" CC="000"/>
						<SP ID="P6_SP00832" HPOS="2896" VPOS="3131" WIDTH="0"/>
					</TextLine>
					<TextLine ID="P6_TL00078" HPOS="1678" VPOS="3132" WIDTH="1296" HEIGHT="45">
						<String ID="word000845" HPOS="1678" VPOS="3135" WIDTH="47" HEIGHT="38" CONTENT="Q." WC="0.94" CC="10"/>
						<SP ID="P6_SP00833" HPOS="1726" VPOS="3172" WIDTH="34"/>
						<String ID="word000846" HPOS="1760" VPOS="3133" WIDTH="56" HEIGHT="44" CONTENT="By" WC="1.00" CC="00"/>
						<SP ID="P6_SP00834" HPOS="1815" VPOS="3177" WIDTH="22"/>
						<String ID="word000847" HPOS="1838" VPOS="3133" WIDTH="96" HEIGHT="34" CONTENT="Lord" WC="1.00" CC="0000"/>
						<SP ID="P6_SP00835" HPOS="1933" VPOS="3177" WIDTH="22"/>
						<String ID="word000848" HPOS="1956" VPOS="3135" WIDTH="233" HEIGHT="35" CONTENT="FoI.ICSTON" WC="0.38" CC="6485785373"/>
						<SP ID="P6_SP00836" HPOS="2189" VPOS="3177" WIDTH="13"/>
						<String ID="word000849" HPOS="2202" VPOS="3133" WIDTH="162" HEIGHT="37" CONTENT="E.—His" WC="0.80" CC="522101"/>
						<SP ID="P6_SP00837" HPOS="2363" VPOS="3177" WIDTH="32"/>
						<String ID="word000850" HPOS="2395" VPOS="3132" WIDTH="126" HEIGHT="45" CONTENT="Royal" WC="0.98" CC="00001"/>
						<SP ID="P6_SP00838" HPOS="2522" VPOS="3177" WIDTH="28"/>
						<String ID="word000851" HPOS="2550" VPOS="3132" WIDTH="182" HEIGHT="44" CONTENT="Highness" WC="0.63" CC="72536031"/>
						<SP ID="P6_SP00839" HPOS="2732" VPOS="3177" WIDTH="20"/>
						<String ID="word000852" HPOS="2752" VPOS="3143" WIDTH="73" HEIGHT="22" CONTENT="was" WC="0.96" CC="010"/>
						<SP ID="P6_SP00840" HPOS="2825" VPOS="3177" WIDTH="21"/>
						<String ID="word000853" HPOS="2846" VPOS="3141" WIDTH="53" HEIGHT="26" CONTENT="an" WC="0.61" CC="25"/>
						<SP ID="P6_SP00841" HPOS="2900" VPOS="3177" WIDTH="9"/>
						<String ID="word000854" HPOS="2909" VPOS="3144" WIDTH="65" HEIGHT="25" CONTENT="are" WC="0.74" CC="322"/>
						<SP ID="P6_SP00842" HPOS="2974" VPOS="3177" WIDTH="0"/>
					</TextLine>
					<TextLine ID="P6_TL00079" HPOS="1631" VPOS="3180" WIDTH="1342" HEIGHT="46">
						<String ID="word000855" HPOS="1631" VPOS="3180" WIDTH="84" HEIGHT="35" CONTENT="then" WC="0.94" CC="1010"/>
						<SP ID="P6_SP00843" HPOS="1715" VPOS="3215" WIDTH="17"/>
						<String ID="word000856" HPOS="1731" VPOS="3181" WIDTH="43" HEIGHT="34" CONTENT="of" WC="1.00" CC="00"/>
						<SP ID="P6_SP00844" HPOS="1774" VPOS="3215" WIDTH="20"/>
						<String ID="word000857" HPOS="1794" VPOS="3182" WIDTH="59" HEIGHT="32" CONTENT="the" WC="1.00" CC="000"/>
						<SP ID="P6_SP00845" HPOS="1853" VPOS="3215" WIDTH="19"/>
						<String ID="word000858" HPOS="1872" VPOS="3183" WIDTH="105" HEIGHT="32" CONTENT="offers" WC="0.87" CC="033001"/>
						<SP ID="P6_SP00846" HPOS="1977" VPOS="3215" WIDTH="18"/>
						<String ID="word000859" HPOS="1995" VPOS="3183" WIDTH="45" HEIGHT="32" CONTENT="of" WC="1.00" CC="00"/>
						<SP ID="P6_SP00847" HPOS="2040" VPOS="3215" WIDTH="12"/>
						<String ID="word000860" HPOS="2052" VPOS="3194" WIDTH="125" HEIGHT="32" CONTENT="money" WC="0.80" CC="33210"/>
						<SP ID="P6_SP00848" HPOS="2177" VPOS="3226" WIDTH="20"/>
						<String ID="word000861" HPOS="2197" VPOS="3183" WIDTH="83" HEIGHT="32" CONTENT="that" WC="0.92" CC="0300"/>
						<SP ID="P6_SP00849" HPOS="2280" VPOS="3226" WIDTH="19"/>
						<String ID="word000862" HPOS="2298" VPOS="3194" WIDTH="96" HEIGHT="22" CONTENT="were" WC="1.00" CC="0000"/>
						<SP ID="P6_SP00850" HPOS="2394" VPOS="3226" WIDTH="19"/>
						<String ID="word000863" HPOS="2413" VPOS="3182" WIDTH="110" HEIGHT="33" CONTENT="made" WC="0.92" CC="1011" STYLEREFS="TXT_4"/>
						<SP ID="P6_SP00851" HPOS="2523" VPOS="3226" WIDTH="19"/>
						<String ID="word000864" HPOS="2542" VPOS="3181" WIDTH="87" HEIGHT="32" CONTENT="her?" WC="0.72" CC="0325"/>
						<SP ID="P6_SP00852" HPOS="2629" VPOS="3226" WIDTH="57"/>
						<String ID="word000865" HPOS="2686" VPOS="3181" WIDTH="46" HEIGHT="32" CONTENT="A." WC="1.00" CC="00"/>
						<SP ID="P6_SP00853" HPOS="2732" VPOS="3226" WIDTH="25"/>
						<String ID="word000866" HPOS="2757" VPOS="3181" WIDTH="69" HEIGHT="33" CONTENT="Ilk" WC="0.52" CC="364"/>
						<SP ID="P6_SP00854" HPOS="2825" VPOS="3226" WIDTH="22"/>
						<String ID="word000867" HPOS="2848" VPOS="3182" WIDTH="125" HEIGHT="43" CONTENT="Royal" WC="0.38" CC="55837"/>
						<SP ID="P6_SP00855" HPOS="2973" VPOS="3226" WIDTH="0"/>
					</TextLine>
					<TextLine ID="P6_TL00080" HPOS="1633" VPOS="3228" WIDTH="1339" HEIGHT="46">
						<String ID="word000868" HPOS="1633" VPOS="3228" WIDTH="183" HEIGHT="45" CONTENT="Highness" WC="0.99" CC="10000000"/>
						<SP ID="P6_SP00856" HPOS="1817" VPOS="3273" WIDTH="32"/>
						<String ID="word000869" HPOS="1848" VPOS="3241" WIDTH="72" HEIGHT="21" CONTENT="was" WC="0.93" CC="110"/>
						<SP ID="P6_SP00857" HPOS="1920" VPOS="3273" WIDTH="32"/>
						<String ID="word000870" HPOS="1952" VPOS="3240" WIDTH="129" HEIGHT="25" CONTENT="aware" WC="1.00" CC="00000"/>
						<SP ID="P6_SP00858" HPOS="2081" VPOS="3273" WIDTH="18"/>
						<String ID="word000871" HPOS="2099" VPOS="3229" WIDTH="44" HEIGHT="33" CONTENT="of" WC="1.00" CC="00"/>
						<SP ID="P6_SP00859" HPOS="2143" VPOS="3273" WIDTH="14"/>
						<String ID="word000872" HPOS="2157" VPOS="3240" WIDTH="112" HEIGHT="34" CONTENT="every" WC="0.82" CC="60110"/>
						<SP ID="P6_SP00860" HPOS="2269" VPOS="3274" WIDTH="24"/>
						<String ID="word000873" HPOS="2293" VPOS="3229" WIDTH="103" HEIGHT="45" CONTENT="thing" WC="0.91" CC="00112"/>
						<SP ID="P6_SP00861" HPOS="2395" VPOS="3274" WIDTH="39"/>
						<String ID="word000874" HPOS="2434" VPOS="3229" WIDTH="15" HEIGHT="33" CONTENT="t" WC="0.67" CC="3"/>
						<SP ID="P6_SP00862" HPOS="2450" VPOS="3274" WIDTH="27"/>
						<String ID="word000875" HPOS="2477" VPOS="3228" WIDTH="60" HEIGHT="33" CONTENT="did" WC="0.74" CC="313"/>
						<SP ID="P6_SP00863" HPOS="2537" VPOS="3274" WIDTH="20"/>
						<String ID="word000876" HPOS="2557" VPOS="3228" WIDTH="158" HEIGHT="33" CONTENT="relative" WC="0.96" CC="00000021"/>
						<SP ID="P6_SP00864" HPOS="2715" VPOS="3274" WIDTH="18"/>
						<String ID="word000877" HPOS="2733" VPOS="3234" WIDTH="37" HEIGHT="27" CONTENT="to" WC="1.00" CC="00"/>
						<SP ID="P6_SP00865" HPOS="2770" VPOS="3274" WIDTH="20"/>
						<String ID="word000878" HPOS="2790" VPOS="3228" WIDTH="80" HEIGHT="34" CONTENT="that" WC="0.97" CC="0010"/>
						<SP ID="P6_SP00866" HPOS="2870" VPOS="3274" WIDTH="18"/>
						<String ID="word000879" HPOS="2888" VPOS="3230" WIDTH="64" HEIGHT="33" CONTENT="sub" SUBS_TYPE="HypPart1" SUBS_CONTENT="subject" WC="1.00" CC="000"/>
						<HYP HPOS="2952" VPOS="3230" WIDTH="20" CONTENT="-"/>
					</TextLine>
					<TextLine ID="P6_TL00081" HPOS="1619" VPOS="3274" WIDTH="871" HEIGHT="48">
						<String ID="word000880" HPOS="1619" VPOS="3274" WIDTH="81" HEIGHT="46" CONTENT="ject" SUBS_TYPE="HypPart2" SUBS_CONTENT="subject" WC="0.97" CC="0100"/>
						<SP ID="P6_SP00867" HPOS="1701" VPOS="3320" WIDTH="17"/>
						<String ID="word000881" HPOS="1717" VPOS="3288" WIDTH="12" HEIGHT="27" CONTENT=";" WC="1.00" CC="0"/>
						<SP ID="P6_SP00868" HPOS="1729" VPOS="3320" WIDTH="31"/>
						<String ID="word000882" HPOS="1760" VPOS="3276" WIDTH="19" HEIGHT="34" CONTENT="I" WC="0.67" CC="3"/>
						<SP ID="P6_SP00869" HPOS="1779" VPOS="3320" WIDTH="25"/>
						<String ID="word000883" HPOS="1804" VPOS="3287" WIDTH="72" HEIGHT="24" CONTENT="was" WC="0.96" CC="001"/>
						<SP ID="P6_SP00870" HPOS="1876" VPOS="3320" WIDTH="14"/>
						<String ID="word000884" HPOS="1890" VPOS="3283" WIDTH="63" HEIGHT="27" CONTENT="not" WC="1.00" CC="000"/>
						<SP ID="P6_SP00871" HPOS="1952" VPOS="3320" WIDTH="19"/>
						<String ID="word000885" HPOS="1971" VPOS="3278" WIDTH="158" HEIGHT="34" CONTENT="delicate" WC="0.97" CC="10000100"/>
						<SP ID="P6_SP00872" HPOS="2130" VPOS="3320" WIDTH="21"/>
						<String ID="word000886" HPOS="2151" VPOS="3279" WIDTH="34" HEIGHT="31" CONTENT="in" WC="1.00" CC="00"/>
						<SP ID="P6_SP00873" HPOS="2185" VPOS="3320" WIDTH="18"/>
						<String ID="word000887" HPOS="2203" VPOS="3278" WIDTH="224" HEIGHT="44" CONTENT="mentioning" WC="0.95" CC="0001010020"/>
						<SP ID="P6_SP00874" HPOS="2427" VPOS="3321" WIDTH="20"/>
						<String ID="word000888" HPOS="2447" VPOS="3276" WIDTH="43" HEIGHT="34" CONTENT="it." WC="1.00" CC="000"/>
						<SP ID="P6_SP00875" HPOS="2490" VPOS="3321" WIDTH="0"/>
					</TextLine>
					<TextLine ID="P6_TL00082" HPOS="1677" VPOS="3322" WIDTH="1293" HEIGHT="45">
						<String ID="word000889" HPOS="1677" VPOS="3322" WIDTH="58" HEIGHT="45" CONTENT="By" WC="0.94" CC="10"/>
						<SP ID="P6_SP00876" HPOS="1735" VPOS="3367" WIDTH="17"/>
						<String ID="word000890" HPOS="1752" VPOS="3324" WIDTH="59" HEIGHT="34" CONTENT="Sir" WC="0.96" CC="100"/>
						<SP ID="P6_SP00877" HPOS="1811" VPOS="3367" WIDTH="15"/>
						<String ID="word000891" HPOS="1826" VPOS="3325" WIDTH="57" HEIGHT="34" CONTENT="JA" WC="0.61" CC="34"/>
						<SP ID="P6_SP00878" HPOS="1883" VPOS="3367" WIDTH="12"/>
						<String ID="word000892" HPOS="1894" VPOS="3334" WIDTH="80" HEIGHT="25" CONTENT="MES" WC="0.19" CC="877"/>
						<SP ID="P6_SP00879" HPOS="1975" VPOS="3367" WIDTH="298"/>
						<String ID="word000893" HPOS="2272" VPOS="3326" WIDTH="99" HEIGHT="33" CONTENT="How" WC="0.78" CC="510"/>
						<SP ID="P6_SP00880" HPOS="2372" VPOS="3367" WIDTH="33"/>
						<String ID="word000894" HPOS="2405" VPOS="3325" WIDTH="65" HEIGHT="33" CONTENT="did" WC="0.96" CC="001"/>
						<SP ID="P6_SP00881" HPOS="2470" VPOS="3367" WIDTH="33"/>
						<String ID="word000895" HPOS="2503" VPOS="3322" WIDTH="60" HEIGHT="33" CONTENT="the" WC="1.00" CC="000"/>
						<SP ID="P6_SP00882" HPOS="2563" VPOS="3367" WIDTH="18"/>
						<String ID="word000896" HPOS="2581" VPOS="3325" WIDTH="149" HEIGHT="34" CONTENT="witness" WC="0.97" CC="1000010"/>
						<SP ID="P6_SP00883" HPOS="2730" VPOS="3367" WIDTH="27"/>
						<String ID="word000897" HPOS="2757" VPOS="3324" WIDTH="111" HEIGHT="34" CONTENT="know" WC="0.94" CC="1001"/>
						<SP ID="P6_SP00884" HPOS="2868" VPOS="3367" WIDTH="19"/>
						<String ID="word000898" HPOS="2887" VPOS="3324" WIDTH="83" HEIGHT="35" CONTENT="that" WC="0.89" CC="1300"/>
						<SP ID="P6_SP00885" HPOS="2969" VPOS="3367" WIDTH="0"/>
					</TextLine>
				</TextBlock>
				<TextBlock ID="pa0006007" HPOS="1606" VPOS="3369" WIDTH="1365" HEIGHT="859" STYLEREFS="TXT_3 PAR_LEFT">
					<TextLine ID="P6_TL00083" HPOS="1629" VPOS="3370" WIDTH="1342" HEIGHT="47">
						<String ID="word000899" HPOS="1629" VPOS="3370" WIDTH="60" HEIGHT="34" CONTENT="the" WC="0.96" CC="001"/>
						<SP ID="P6_SP00886" HPOS="1689" VPOS="3404" WIDTH="18"/>
						<String ID="word000900" HPOS="1707" VPOS="3378" WIDTH="85" HEIGHT="27" CONTENT="note" WC="0.97" CC="0001"/>
						<SP ID="P6_SP00887" HPOS="1792" VPOS="3405" WIDTH="21"/>
						<String ID="word000901" HPOS="1813" VPOS="3383" WIDTH="71" HEIGHT="24" CONTENT="was" WC="0.67" CC="630"/>
						<SP ID="P6_SP00888" HPOS="1884" VPOS="3406" WIDTH="19"/>
						<String ID="word000902" HPOS="1903" VPOS="3373" WIDTH="115" HEIGHT="32" CONTENT="taken" WC="0.98" CC="10000"/>
						<SP ID="P6_SP00889" HPOS="2017" VPOS="3406" WIDTH="18"/>
						<String ID="word000903" HPOS="2035" VPOS="3378" WIDTH="59" HEIGHT="27" CONTENT="out" WC="0.96" CC="001"/>
						<SP ID="P6_SP00890" HPOS="2094" VPOS="3406" WIDTH="18"/>
						<String ID="word000904" HPOS="2112" VPOS="3379" WIDTH="35" HEIGHT="26" CONTENT="to" WC="1.00" CC="00"/>
						<SP ID="P6_SP00891" HPOS="2147" VPOS="3406" WIDTH="20"/>
						<String ID="word000905" HPOS="2167" VPOS="3373" WIDTH="44" HEIGHT="33" CONTENT="be" WC="0.78" CC="22"/>
						<SP ID="P6_SP00892" HPOS="2211" VPOS="3406" WIDTH="11"/>
						<String ID="word000906" HPOS="2222" VPOS="3372" WIDTH="162" HEIGHT="45" CONTENT="changed" WC="0.78" CC="3136001"/>
						<SP ID="P6_SP00893" HPOS="2383" VPOS="3417" WIDTH="13"/>
						<String ID="word000907" HPOS="2396" VPOS="3374" WIDTH="48" HEIGHT="40" CONTENT="by" WC="0.94" CC="10"/>
						<SP ID="P6_SP00894" HPOS="2445" VPOS="3417" WIDTH="24"/>
						<String ID="word000908" HPOS="2469" VPOS="3372" WIDTH="63" HEIGHT="33" CONTENT="the" WC="0.93" CC="011"/>
						<SP ID="P6_SP00895" HPOS="2531" VPOS="3417" WIDTH="18"/>
						<String ID="word000909" HPOS="2549" VPOS="3372" WIDTH="112" HEIGHT="33" CONTENT="Duke" WC="0.83" CC="3012"/>
						<SP ID="P6_SP00896" HPOS="2661" VPOS="3417" WIDTH="18"/>
						<String ID="word000910" HPOS="2679" VPOS="3372" WIDTH="45" HEIGHT="32" CONTENT="of" WC="0.94" CC="10"/>
						<SP ID="P6_SP00897" HPOS="2724" VPOS="3417" WIDTH="20"/>
						<String ID="word000911" HPOS="2744" VPOS="3372" WIDTH="207" HEIGHT="43" CONTENT="York's.ser" SUBS_TYPE="HypPart1" SUBS_CONTENT="York's.servant," WC="0.56" CC="7356137451"/>
						<HYP HPOS="2950" VPOS="3372" WIDTH="20" CONTENT="-"/>
					</TextLine>
					<TextLine ID="P6_TL00084" HPOS="1626" VPOS="3419" WIDTH="1344" HEIGHT="44">
						<String ID="word000912" HPOS="1626" VPOS="3424" WIDTH="100" HEIGHT="33" CONTENT="vant," SUBS_TYPE="HypPart2" SUBS_CONTENT="York's.servant," WC="0.87" CC="11301"/>
						<SP ID="P6_SP00898" HPOS="1727" VPOS="3457" WIDTH="26"/>
						<String ID="word000913" HPOS="1753" VPOS="3419" WIDTH="70" HEIGHT="33" CONTENT="and" WC="0.93" CC="110"/>
						<SP ID="P6_SP00899" HPOS="1822" VPOS="3457" WIDTH="20"/>
						<String ID="word000914" HPOS="1843" VPOS="3424" WIDTH="64" HEIGHT="28" CONTENT="not" WC="0.96" CC="100"/>
						<SP ID="P6_SP00900" HPOS="1906" VPOS="3457" WIDTH="19"/>
						<String ID="word000915" HPOS="1925" VPOS="3422" WIDTH="47" HEIGHT="41" CONTENT="by" WC="1.00" CC="00"/>
						<SP ID="P6_SP00901" HPOS="1972" VPOS="3463" WIDTH="15"/>
						<String ID="word000916" HPOS="1988" VPOS="3431" WIDTH="70" HEIGHT="24" CONTENT="one" WC="1.00" CC="000"/>
						<SP ID="P6_SP00902" HPOS="2057" VPOS="3463" WIDTH="18"/>
						<String ID="word000917" HPOS="2075" VPOS="3419" WIDTH="43" HEIGHT="33" CONTENT="of" WC="1.00" CC="00" STYLEREFS="TXT_0"/>
						<SP ID="P6_SP00903" HPOS="2118" VPOS="3463" WIDTH="18"/>
						<String ID="word000918" HPOS="2135" VPOS="3419" WIDTH="65" HEIGHT="35" CONTENT="her" WC="0.93" CC="020"/>
						<SP ID="P6_SP00904" HPOS="2200" VPOS="3463" WIDTH="18"/>
						<String ID="word000919" HPOS="2218" VPOS="3431" WIDTH="85" HEIGHT="24" CONTENT="own" WC="0.78" CC="024"/>
						<SP ID="P6_SP00905" HPOS="2303" VPOS="3463" WIDTH="15"/>
						<String ID="word000920" HPOS="2319" VPOS="3422" WIDTH="148" HEIGHT="33" CONTENT="?--The" WC="0.74" CC="103361"/>
						<SP ID="P6_SP00906" HPOS="2466" VPOS="3463" WIDTH="20"/>
						<String ID="word000921" HPOS="2486" VPOS="3419" WIDTH="145" HEIGHT="34" CONTENT="witness" WC="0.75" CC="2203441"/>
						<SP ID="P6_SP00907" HPOS="2631" VPOS="3463" WIDTH="20"/>
						<String ID="word000922" HPOS="2652" VPOS="3419" WIDTH="86" HEIGHT="33" CONTENT="here" WC="0.97" CC="1000"/>
						<SP ID="P6_SP00908" HPOS="2738" VPOS="3463" WIDTH="13"/>
						<String ID="word000923" HPOS="2751" VPOS="3420" WIDTH="116" HEIGHT="31" CONTENT="stated" WC="0.96" CC="100001"/>
						<SP ID="P6_SP00909" HPOS="2867" VPOS="3463" WIDTH="22"/>
						<String ID="word000924" HPOS="2889" VPOS="3423" WIDTH="81" HEIGHT="32" CONTENT="that" WC="1.00" CC="0000"/>
						<SP ID="P6_SP00910" HPOS="2970" VPOS="3463" WIDTH="0"/>
					</TextLine>
					<TextLine ID="P6_TL00085" HPOS="1624" VPOS="3465" WIDTH="1344" HEIGHT="48">
						<String ID="word000925" HPOS="1624" VPOS="3465" WIDTH="63" HEIGHT="34" CONTENT="she" WC="0.67" CC="333"/>
						<SP ID="P6_SP00911" HPOS="1687" VPOS="3500" WIDTH="30"/>
						<String ID="word000926" HPOS="1716" VPOS="3467" WIDTH="72" HEIGHT="33" CONTENT="had" WC="0.96" CC="010"/>
						<SP ID="P6_SP00912" HPOS="1788" VPOS="3500" WIDTH="14"/>
						<String ID="word000927" HPOS="1802" VPOS="3477" WIDTH="111" HEIGHT="24" CONTENT="never" WC="0.89" CC="32000"/>
						<SP ID="P6_SP00913" HPOS="1913" VPOS="3501" WIDTH="15"/>
						<String ID="word000928" HPOS="1929" VPOS="3468" WIDTH="81" HEIGHT="33" CONTENT="said" WC="1.00" CC="0000"/>
						<SP ID="P6_SP00914" HPOS="2010" VPOS="3501" WIDTH="22"/>
						<String ID="word000929" HPOS="2033" VPOS="3469" WIDTH="200" HEIGHT="44" CONTENT="positively" WC="0.79" CC="1033222330"/>
						<SP ID="P6_SP00915" HPOS="2232" VPOS="3513" WIDTH="20"/>
						<String ID="word000930" HPOS="2252" VPOS="3469" WIDTH="76" HEIGHT="33" CONTENT="that" WC="0.97" CC="0100"/>
						<SP ID="P6_SP00916" HPOS="2328" VPOS="3513" WIDTH="22"/>
						<String ID="word000931" HPOS="2350" VPOS="3470" WIDTH="25" HEIGHT="32" CONTENT="it" WC="0.67" CC="24"/>
						<SP ID="P6_SP00917" HPOS="2375" VPOS="3513" WIDTH="24"/>
						<String ID="word000932" HPOS="2399" VPOS="3478" WIDTH="76" HEIGHT="24" CONTENT="was" WC="0.81" CC="500"/>
						<SP ID="P6_SP00918" HPOS="2474" VPOS="3513" WIDTH="19"/>
						<String ID="word000933" HPOS="2493" VPOS="3476" WIDTH="69" HEIGHT="24" CONTENT="one" WC="0.81" CC="032"/>
						<SP ID="P6_SP00919" HPOS="2562" VPOS="3513" WIDTH="18"/>
						<String ID="word000934" HPOS="2580" VPOS="3469" WIDTH="40" HEIGHT="31" CONTENT="of" WC="0.94" CC="01"/>
						<SP ID="P6_SP00920" HPOS="2620" VPOS="3513" WIDTH="18"/>
						<String ID="word000935" HPOS="2637" VPOS="3467" WIDTH="61" HEIGHT="33" CONTENT="the" WC="0.93" CC="011"/>
						<SP ID="P6_SP00921" HPOS="2699" VPOS="3513" WIDTH="25"/>
						<String ID="word000936" HPOS="2724" VPOS="3467" WIDTH="142" HEIGHT="34" CONTENT="Duke's" WC="0.59" CC="312457"/>
						<SP ID="P6_SP00922" HPOS="2865" VPOS="3513" WIDTH="18"/>
						<String ID="word000937" HPOS="2883" VPOS="3478" WIDTH="85" HEIGHT="24" CONTENT="own" WC="0.59" CC="353"/>
						<SP ID="P6_SP00923" HPOS="2968" VPOS="3513" WIDTH="0"/>
					</TextLine>
					<TextLine ID="P6_TL00086" HPOS="1623" VPOS="3514" WIDTH="1348" HEIGHT="45">
						<String ID="word000938" HPOS="1623" VPOS="3519" WIDTH="163" HEIGHT="30" CONTENT="servants" WC="0.99" CC="01000000"/>
						<SP ID="P6_SP00924" HPOS="1786" VPOS="3548" WIDTH="32"/>
						<String ID="word000939" HPOS="1818" VPOS="3515" WIDTH="85" HEIGHT="33" CONTENT="who" WC="1.00" CC="000"/>
						<SP ID="P6_SP00925" HPOS="1903" VPOS="3548" WIDTH="17"/>
						<String ID="word000940" HPOS="1919" VPOS="3520" WIDTH="64" HEIGHT="38" CONTENT="got" WC="0.93" CC="110"/>
						<SP ID="P6_SP00926" HPOS="1983" VPOS="3557" WIDTH="18"/>
						<String ID="word000941" HPOS="2001" VPOS="3515" WIDTH="59" HEIGHT="33" CONTENT="the" WC="1.00" CC="000"/>
						<SP ID="P6_SP00927" HPOS="2060" VPOS="3557" WIDTH="18"/>
						<String ID="word000942" HPOS="2078" VPOS="3515" WIDTH="158" HEIGHT="44" CONTENT="change," WC="0.97" CC="1000100"/>
						<SP ID="P6_SP00928" HPOS="2236" VPOS="3559" WIDTH="25"/>
						<String ID="word000943" HPOS="2261" VPOS="3516" WIDTH="63" HEIGHT="32" CONTENT="she" WC="0.81" CC="131"/>
						<SP ID="P6_SP00929" HPOS="2323" VPOS="3559" WIDTH="21"/>
						<String ID="word000944" HPOS="2344" VPOS="3517" WIDTH="67" HEIGHT="33" CONTENT="had" WC="0.93" CC="110"/>
						<SP ID="P6_SP00930" HPOS="2412" VPOS="3559" WIDTH="24"/>
						<String ID="word000945" HPOS="2435" VPOS="3515" WIDTH="87" HEIGHT="43" CONTENT="only" WC="0.89" CC="0211"/>
						<SP ID="P6_SP00931" HPOS="2523" VPOS="3559" WIDTH="21"/>
						<String ID="word000946" HPOS="2544" VPOS="3514" WIDTH="167" HEIGHT="34" CONTENT="believed" WC="0.93" CC="11001011"/>
						<SP ID="P6_SP00932" HPOS="2711" VPOS="3559" WIDTH="13"/>
						<String ID="word000947" HPOS="2724" VPOS="3526" WIDTH="53" HEIGHT="22" CONTENT="so." WC="0.74" CC="700"/>
						<SP ID="P6_SP00933" HPOS="2777" VPOS="3559" WIDTH="57"/>
						<String ID="word000948" HPOS="2833" VPOS="3515" WIDTH="56" HEIGHT="33" CONTENT="On" WC="0.72" CC="14"/>
						<SP ID="P6_SP00934" HPOS="2889" VPOS="3559" WIDTH="18"/>
						<String ID="word000949" HPOS="2907" VPOS="3515" WIDTH="64" HEIGHT="33" CONTENT="the" WC="1.00" CC="000"/>
						<SP ID="P6_SP00935" HPOS="2970" VPOS="3559" WIDTH="0"/>
					</TextLine>
					<TextLine ID="P6_TL00087" HPOS="1624" VPOS="3561" WIDTH="1346" HEIGHT="45">
						<String ID="word000950" HPOS="1624" VPOS="3561" WIDTH="59" HEIGHT="33" CONTENT="the" WC="0.96" CC="001"/>
						<SP ID="P6_SP00936" HPOS="1683" VPOS="3594" WIDTH="18"/>
						<String ID="word000951" HPOS="1701" VPOS="3562" WIDTH="157" HEIGHT="44" CONTENT="evening" WC="0.87" CC="0310031"/>
						<SP ID="P6_SP00937" HPOS="1858" VPOS="3606" WIDTH="26"/>
						<String ID="word000952" HPOS="1884" VPOS="3562" WIDTH="130" HEIGHT="34" CONTENT="before" WC="0.98" CC="001000"/>
						<SP ID="P6_SP00938" HPOS="2014" VPOS="3606" WIDTH="28"/>
						<String ID="word000953" HPOS="2042" VPOS="3562" WIDTH="87" HEIGHT="44" CONTENT="they" WC="0.78" CC="1133"/>
						<SP ID="P6_SP00939" HPOS="2130" VPOS="3606" WIDTH="30"/>
						<String ID="word000954" HPOS="2159" VPOS="3567" WIDTH="96" HEIGHT="30" CONTENT="went" WC="0.97" CC="0010"/>
						<SP ID="P6_SP00940" HPOS="2255" VPOS="3606" WIDTH="20"/>
						<String ID="word000955" HPOS="2275" VPOS="3569" WIDTH="38" HEIGHT="27" CONTENT="to" WC="1.00" CC="00"/>
						<SP ID="P6_SP00941" HPOS="2313" VPOS="3606" WIDTH="19"/>
						<String ID="word000956" HPOS="2331" VPOS="3565" WIDTH="60" HEIGHT="33" CONTENT="the" WC="0.96" CC="100"/>
						<SP ID="P6_SP00942" HPOS="2392" VPOS="3606" WIDTH="14"/>
						<String ID="word000957" HPOS="2406" VPOS="3569" WIDTH="175" HEIGHT="35" CONTENT="country," WC="0.65" CC="44355220"/>
						<SP ID="P6_SP00943" HPOS="2581" VPOS="3606" WIDTH="26"/>
						<String ID="word000958" HPOS="2607" VPOS="3562" WIDTH="87" HEIGHT="44" CONTENT="they" WC="0.81" CC="4210"/>
						<SP ID="P6_SP00944" HPOS="2694" VPOS="3606" WIDTH="24"/>
						<String ID="word000959" HPOS="2718" VPOS="3561" WIDTH="71" HEIGHT="33" CONTENT="had" WC="0.93" CC="011"/>
						<SP ID="P6_SP00945" HPOS="2789" VPOS="3606" WIDTH="18"/>
						<String ID="word000960" HPOS="2806" VPOS="3567" WIDTH="76" HEIGHT="27" CONTENT="bent" WC="0.58" CC="6333" STYLEREFS="TXT_0"/>
						<SP ID="P6_SP00946" HPOS="2882" VPOS="3606" WIDTH="19"/>
						<String ID="word000961" HPOS="2901" VPOS="3567" WIDTH="69" HEIGHT="28" CONTENT="out" WC="0.56" CC="750" STYLEREFS="TXT_0"/>
						<SP ID="P6_SP00947" HPOS="2969" VPOS="3606" WIDTH="0"/>
					</TextLine>
					<TextLine ID="P6_TL00088" HPOS="1625" VPOS="3607" WIDTH="1152" HEIGHT="50">
						<String ID="word000962" HPOS="1625" VPOS="3607" WIDTH="180" HEIGHT="43" CONTENT="Pearson," WC="0.93" CC="32000000"/>
						<SP ID="P6_SP00948" HPOS="1805" VPOS="3650" WIDTH="27"/>
						<String ID="word000963" HPOS="1832" VPOS="3609" WIDTH="59" HEIGHT="32" CONTENT="the" WC="0.78" CC="114"/>
						<SP ID="P6_SP00949" HPOS="1891" VPOS="3650" WIDTH="33"/>
						<String ID="word000964" HPOS="1924" VPOS="3608" WIDTH="149" HEIGHT="43" CONTENT="Butler," WC="1.00" CC="0000000"/>
						<SP ID="P6_SP00950" HPOS="2073" VPOS="3651" WIDTH="26"/>
						<String ID="word000965" HPOS="2099" VPOS="3617" WIDTH="38" HEIGHT="27" CONTENT="to" WC="1.00" CC="00"/>
						<SP ID="P6_SP00951" HPOS="2137" VPOS="3651" WIDTH="28"/>
						<String ID="word000966" HPOS="2165" VPOS="3615" WIDTH="64" HEIGHT="38" CONTENT="get" WC="0.93" CC="110"/>
						<SP ID="P6_SP00952" HPOS="2229" VPOS="3653" WIDTH="27"/>
						<String ID="word000967" HPOS="2256" VPOS="3612" WIDTH="141" HEIGHT="45" CONTENT="change" WC="0.93" CC="001300"/>
						<SP ID="P6_SP00953" HPOS="2396" VPOS="3657" WIDTH="28"/>
						<String ID="word000968" HPOS="2425" VPOS="3611" WIDTH="41" HEIGHT="33" CONTENT="of" WC="1.00" CC="00"/>
						<SP ID="P6_SP00954" HPOS="2466" VPOS="3657" WIDTH="17"/>
						<String ID="word000969" HPOS="2483" VPOS="3611" WIDTH="63" HEIGHT="32" CONTENT="the" WC="1.00" CC="000"/>
						<SP ID="P6_SP00955" HPOS="2545" VPOS="3657" WIDTH="17"/>
						<String ID="word000970" HPOS="2562" VPOS="3614" WIDTH="99" HEIGHT="34" CONTENT="note," WC="0.98" CC="10000"/>
						<SP ID="P6_SP00956" HPOS="2661" VPOS="3657" WIDTH="32"/>
						<String ID="word000971" HPOS="2693" VPOS="3608" WIDTH="84" HEIGHT="34" CONTENT="who" WC="0.74" CC="322"/>
						<SP ID="P6_SP00957" HPOS="2777" VPOS="3657" WIDTH="0"/>
					</TextLine>
					<TextLine ID="P6_TL00089" HPOS="1623" VPOS="3656" WIDTH="1344" HEIGHT="43">
						<String ID="word000972" HPOS="1623" VPOS="3657" WIDTH="157" HEIGHT="35" CONTENT="without" WC="0.97" CC="0001100"/>
						<SP ID="P6_SP00958" HPOS="1780" VPOS="3692" WIDTH="37"/>
						<String ID="word000973" HPOS="1817" VPOS="3666" WIDTH="151" HEIGHT="32" CONTENT="success," WC="0.83" CC="10035030"/>
						<SP ID="P6_SP00959" HPOS="1968" VPOS="3698" WIDTH="31"/>
						<String ID="word000974" HPOS="1998" VPOS="3658" WIDTH="104" HEIGHT="33" CONTENT="when" WC="0.97" CC="1000"/>
						<SP ID="P6_SP00960" HPOS="2102" VPOS="3698" WIDTH="20"/>
						<String ID="word000975" HPOS="2122" VPOS="3658" WIDTH="60" HEIGHT="33" CONTENT="the" WC="1.00" CC="000"/>
						<SP ID="P6_SP00961" HPOS="2183" VPOS="3698" WIDTH="20"/>
						<String ID="word000976" HPOS="2203" VPOS="3658" WIDTH="112" HEIGHT="33" CONTENT="Duke" WC="0.81" CC="3121"/>
						<SP ID="P6_SP00962" HPOS="2315" VPOS="3698" WIDTH="14"/>
						<String ID="word000977" HPOS="2329" VPOS="3659" WIDTH="144" HEIGHT="34" CONTENT="desired" WC="0.94" CC="0110110"/>
						<SP ID="P6_SP00963" HPOS="2473" VPOS="3698" WIDTH="37"/>
						<String ID="word000978" HPOS="2510" VPOS="3658" WIDTH="73" HEIGHT="32" CONTENT="him" WC="0.48" CC="644"/>
						<SP ID="P6_SP00964" HPOS="2583" VPOS="3698" WIDTH="30"/>
						<String ID="word000979" HPOS="2613" VPOS="3664" WIDTH="37" HEIGHT="24" CONTENT="to" WC="0.94" CC="01"/>
						<SP ID="P6_SP00965" HPOS="2649" VPOS="3698" WIDTH="19"/>
						<String ID="word000980" HPOS="2668" VPOS="3666" WIDTH="47" HEIGHT="32" CONTENT="go" WC="1.00" CC="00"/>
						<SP ID="P6_SP00966" HPOS="2715" VPOS="3698" WIDTH="20"/>
						<String ID="word000981" HPOS="2735" VPOS="3661" WIDTH="37" HEIGHT="27" CONTENT="to" WC="1.00" CC="00"/>
						<SP ID="P6_SP00967" HPOS="2772" VPOS="3698" WIDTH="22"/>
						<String ID="word000982" HPOS="2794" VPOS="3657" WIDTH="56" HEIGHT="32" CONTENT="his" WC="0.44" CC="537"/>
						<SP ID="P6_SP00968" HPOS="2850" VPOS="3698" WIDTH="20"/>
						<String ID="word000983" HPOS="2870" VPOS="3656" WIDTH="97" HEIGHT="35" CONTENT="wine" WC="0.56" CC="5335"/>
						<SP ID="P6_SP00969" HPOS="2967" VPOS="3698" WIDTH="0"/>
					</TextLine>
					<TextLine ID="P6_TL00090" HPOS="1620" VPOS="3703" WIDTH="1151" HEIGHT="44">
						<String ID="word000984" HPOS="1620" VPOS="3703" WIDTH="220" HEIGHT="34" CONTENT="merchant's" WC="0.79" CC="3101143213"/>
						<SP ID="P6_SP00970" HPOS="1840" VPOS="3737" WIDTH="17"/>
						<String ID="word000985" HPOS="1857" VPOS="3704" WIDTH="33" HEIGHT="33" CONTENT="in" WC="1.00" CC="00"/>
						<SP ID="P6_SP00971" HPOS="1890" VPOS="3737" WIDTH="24"/>
						<String ID="word000986" HPOS="1913" VPOS="3704" WIDTH="253" HEIGHT="43" CONTENT="Bond-street," WC="0.89" CC="100222000500"/>
						<SP ID="P6_SP00972" HPOS="2166" VPOS="3746" WIDTH="26"/>
						<String ID="word000987" HPOS="2192" VPOS="3706" WIDTH="71" HEIGHT="32" CONTENT="and" WC="1.00" CC="000"/>
						<SP ID="P6_SP00973" HPOS="2263" VPOS="3746" WIDTH="18"/>
						<String ID="word000988" HPOS="2281" VPOS="3707" WIDTH="61" HEIGHT="32" CONTENT="tell" WC="0.89" CC="0121"/>
						<SP ID="P6_SP00974" HPOS="2342" VPOS="3746" WIDTH="20"/>
						<String ID="word000989" HPOS="2362" VPOS="3706" WIDTH="94" HEIGHT="34" CONTENT="from" WC="1.00" CC="0000"/>
						<SP ID="P6_SP00975" HPOS="2457" VPOS="3746" WIDTH="21"/>
						<String ID="word000990" HPOS="2478" VPOS="3716" WIDTH="24" HEIGHT="21" CONTENT="w" WC="0.33" CC="6"/>
						<SP ID="P6_SP00976" HPOS="2502" VPOS="3746" WIDTH="14"/>
						<String ID="word000991" HPOS="2516" VPOS="3704" WIDTH="81" HEIGHT="33" CONTENT="hom" WC="0.48" CC="545"/>
						<SP ID="P6_SP00977" HPOS="2597" VPOS="3746" WIDTH="15"/>
						<String ID="word000992" HPOS="2613" VPOS="3704" WIDTH="27" HEIGHT="33" CONTENT="it" WC="1.00" CC="00"/>
						<SP ID="P6_SP00978" HPOS="2640" VPOS="3746" WIDTH="14"/>
						<String ID="word000993" HPOS="2654" VPOS="3713" WIDTH="117" HEIGHT="24" CONTENT="came." WC="0.82" CC="31310"/>
						<SP ID="P6_SP00979" HPOS="2771" VPOS="3746" WIDTH="0"/>
					</TextLine>
					<TextLine ID="P6_TL00091" HPOS="1667" VPOS="3750" WIDTH="1299" HEIGHT="46">
						<String ID="word000994" HPOS="1667" VPOS="3751" WIDTH="45" HEIGHT="38" CONTENT="Q." WC="0.94" CC="10"/>
						<SP ID="P6_SP00980" HPOS="1711" VPOS="3789" WIDTH="35"/>
						<String ID="word000995" HPOS="1747" VPOS="3751" WIDTH="54" HEIGHT="45" CONTENT="By" WC="1.00" CC="00"/>
						<SP ID="P6_SP00981" HPOS="1801" VPOS="3796" WIDTH="24"/>
						<String ID="word000996" HPOS="1825" VPOS="3754" WIDTH="60" HEIGHT="32" CONTENT="Sir" WC="0.96" CC="100"/>
						<SP ID="P6_SP00982" HPOS="1885" VPOS="3796" WIDTH="14"/>
						<String ID="word000997" HPOS="1899" VPOS="3751" WIDTH="45" HEIGHT="35" CONTENT="T." WC="1.00" CC="00"/>
						<SP ID="P6_SP00983" HPOS="1944" VPOS="3796" WIDTH="22"/>
						<String ID="word000998" HPOS="1967" VPOS="3754" WIDTH="299" HEIGHT="34" CONTENT="TtraroN.—ln" WC="0.46" CC="38875334354"/>
						<SP ID="P6_SP00984" HPOS="2265" VPOS="3796" WIDTH="26"/>
						<String ID="word000999" HPOS="2291" VPOS="3755" WIDTH="100" HEIGHT="34" CONTENT="what" WC="0.97" CC="0010"/>
						<SP ID="P6_SP00985" HPOS="2392" VPOS="3796" WIDTH="33"/>
						<String ID="word001000" HPOS="2425" VPOS="3752" WIDTH="195" HEIGHT="34" CONTENT="character" WC="0.69" CC="560635000"/>
						<SP ID="P6_SP00986" HPOS="2620" VPOS="3796" WIDTH="32"/>
						<String ID="word001001" HPOS="2652" VPOS="3750" WIDTH="61" HEIGHT="33" CONTENT="did" WC="0.89" CC="003"/>
						<SP ID="P6_SP00987" HPOS="2713" VPOS="3796" WIDTH="24"/>
						<String ID="word001002" HPOS="2737" VPOS="3750" WIDTH="63" HEIGHT="33" CONTENT="the" WC="0.96" CC="001"/>
						<SP ID="P6_SP00988" HPOS="2799" VPOS="3796" WIDTH="21"/>
						<String ID="word001003" HPOS="2820" VPOS="3751" WIDTH="145" HEIGHT="38" CONTENT="witness" WC="0.95" CC="1001100"/>
						<SP ID="P6_SP00989" HPOS="2966" VPOS="3796" WIDTH="0"/>
					</TextLine>
					<TextLine ID="P6_TL00092" HPOS="1616" VPOS="3798" WIDTH="1350" HEIGHT="46">
						<String ID="word001004" HPOS="1616" VPOS="3804" WIDTH="190" HEIGHT="38" CONTENT="represent" WC="0.97" CC="010000100"/>
						<SP ID="P6_SP00990" HPOS="1806" VPOS="3842" WIDTH="34"/>
						<String ID="word001005" HPOS="1840" VPOS="3801" WIDTH="71" HEIGHT="33" CONTENT="Mr." WC="0.81" CC="320"/>
						<SP ID="P6_SP00991" HPOS="1911" VPOS="3842" WIDTH="22"/>
						<String ID="word001006" HPOS="1933" VPOS="3800" WIDTH="156" HEIGHT="34" CONTENT="Dowler" WC="0.54" CC="117853"/>
						<SP ID="P6_SP00992" HPOS="2089" VPOS="3842" WIDTH="22"/>
						<String ID="word001007" HPOS="2112" VPOS="3807" WIDTH="38" HEIGHT="27" CONTENT="to" WC="0.94" CC="10"/>
						<SP ID="P6_SP00993" HPOS="2150" VPOS="3842" WIDTH="28"/>
						<String ID="word001008" HPOS="2178" VPOS="3802" WIDTH="57" HEIGHT="33" CONTENT="his" WC="0.96" CC="100"/>
						<SP ID="P6_SP00994" HPOS="2235" VPOS="3842" WIDTH="20"/>
						<String ID="word001009" HPOS="2255" VPOS="3802" WIDTH="122" HEIGHT="33" CONTENT="Roval" WC="0.51" CC="43645"/>
						<SP ID="P6_SP00995" HPOS="2376" VPOS="3842" WIDTH="40"/>
						<String ID="word001010" HPOS="2417" VPOS="3798" WIDTH="209" HEIGHT="46" CONTENT="Highness?" WC="0.68" CC="524224142"/>
						<SP ID="P6_SP00996" HPOS="2626" VPOS="3844" WIDTH="57"/>
						<String ID="word001011" HPOS="2682" VPOS="3798" WIDTH="17" HEIGHT="33" CONTENT="1" WC="0.56" CC="4"/>
						<SP ID="P6_SP00997" HPOS="2699" VPOS="3844" WIDTH="32"/>
						<String ID="word001012" HPOS="2731" VPOS="3800" WIDTH="235" HEIGHT="43" CONTENT="represented" WC="0.94" CC="20010002010"/>
						<SP ID="P6_SP00998" HPOS="2966" VPOS="3844" WIDTH="0"/>
					</TextLine>
					<TextLine ID="P6_TL00093" HPOS="1619" VPOS="3846" WIDTH="1345" HEIGHT="46">
						<String ID="word001013" HPOS="1619" VPOS="3846" WIDTH="72" HEIGHT="33" CONTENT="him" WC="1.00" CC="000"/>
						<SP ID="P6_SP00999" HPOS="1691" VPOS="3879" WIDTH="31"/>
						<String ID="word001014" HPOS="1722" VPOS="3856" WIDTH="40" HEIGHT="24" CONTENT="as" WC="1.00" CC="00"/>
						<SP ID="P6_SP01000" HPOS="1762" VPOS="3880" WIDTH="18"/>
						<String ID="word001015" HPOS="1780" VPOS="3857" WIDTH="24" HEIGHT="22" CONTENT="a" WC="1.00" CC="0"/>
						<SP ID="P6_SP01001" HPOS="1804" VPOS="3880" WIDTH="20"/>
						<String ID="word001016" HPOS="1824" VPOS="3846" WIDTH="235" HEIGHT="41" CONTENT="friend.—Q." WC="0.67" CC="2223333543"/>
						<SP ID="P6_SP01002" HPOS="2059" VPOS="3887" WIDTH="33"/>
						<String ID="word001017" HPOS="2092" VPOS="3848" WIDTH="74" HEIGHT="34" CONTENT="Did" WC="0.96" CC="100"/>
						<SP ID="P6_SP01003" HPOS="2166" VPOS="3887" WIDTH="34"/>
						<String ID="word001018" HPOS="2200" VPOS="3848" WIDTH="66" HEIGHT="34" CONTENT="she" WC="0.96" CC="001"/>
						<SP ID="P6_SP01004" HPOS="2267" VPOS="3887" WIDTH="33"/>
						<String ID="word001019" HPOS="2300" VPOS="3848" WIDTH="163" HEIGHT="35" CONTENT="mention" WC="0.94" CC="0030010"/>
						<SP ID="P6_SP01005" HPOS="2463" VPOS="3887" WIDTH="27"/>
						<String ID="word001020" HPOS="2490" VPOS="3857" WIDTH="72" HEIGHT="34" CONTENT="any" WC="0.96" CC="010"/>
						<SP ID="P6_SP01006" HPOS="2562" VPOS="3892" WIDTH="20"/>
						<String ID="word001021" HPOS="2582" VPOS="3856" WIDTH="76" HEIGHT="24" CONTENT="sum" WC="0.85" CC="004"/>
						<SP ID="P6_SP01007" HPOS="2657" VPOS="3892" WIDTH="20"/>
						<String ID="word001022" HPOS="2678" VPOS="3852" WIDTH="39" HEIGHT="28" CONTENT="to" WC="1.00" CC="00"/>
						<SP ID="P6_SP01008" HPOS="2717" VPOS="3892" WIDTH="34"/>
						<String ID="word001023" HPOS="2751" VPOS="3846" WIDTH="56" HEIGHT="33" CONTENT="his" WC="0.96" CC="001"/>
						<SP ID="P6_SP01009" HPOS="2806" VPOS="3892" WIDTH="34"/>
						<String ID="word001024" HPOS="2841" VPOS="3847" WIDTH="123" HEIGHT="44" CONTENT="Royal" WC="0.78" CC="32023"/>
						<SP ID="P6_SP01010" HPOS="2963" VPOS="3892" WIDTH="0"/>
					</TextLine>
					<TextLine ID="P6_TL00094" HPOS="1617" VPOS="3893" WIDTH="1347" HEIGHT="45">
						<String ID="word001025" HPOS="1617" VPOS="3893" WIDTH="184" HEIGHT="45" CONTENT="Highness" WC="0.72" CC="11433161"/>
						<SP ID="P6_SP01011" HPOS="1801" VPOS="3938" WIDTH="17"/>
						<String ID="word001026" HPOS="1818" VPOS="3894" WIDTH="61" HEIGHT="32" CONTENT="she" WC="0.96" CC="001"/>
						<SP ID="P6_SP01012" HPOS="1879" VPOS="3938" WIDTH="18"/>
						<String ID="word001027" HPOS="1897" VPOS="3905" WIDTH="74" HEIGHT="22" CONTENT="was" WC="0.93" CC="200"/>
						<SP ID="P6_SP01013" HPOS="1971" VPOS="3938" WIDTH="18"/>
						<String ID="word001028" HPOS="1989" VPOS="3900" WIDTH="38" HEIGHT="27" CONTENT="to" WC="0.94" CC="10"/>
						<SP ID="P6_SP01014" HPOS="2027" VPOS="3938" WIDTH="27"/>
						<String ID="word001029" HPOS="2054" VPOS="3896" WIDTH="146" HEIGHT="32" CONTENT="receive" WC="0.95" CC="1101000"/>
						<SP ID="P6_SP01015" HPOS="2200" VPOS="3938" WIDTH="28"/>
						<String ID="word001030" HPOS="2229" VPOS="3895" WIDTH="96" HEIGHT="34" CONTENT="from" WC="0.97" CC="0100"/>
						<SP ID="P6_SP01016" HPOS="2324" VPOS="3938" WIDTH="25"/>
						<String ID="word001031" HPOS="2349" VPOS="3896" WIDTH="72" HEIGHT="33" CONTENT="Mr." WC="0.96" CC="100"/>
						<SP ID="P6_SP01017" HPOS="2421" VPOS="3938" WIDTH="30"/>
						<String ID="word001032" HPOS="2451" VPOS="3895" WIDTH="89" HEIGHT="33" CONTENT="Dow" WC="0.59" CC="425"/>
						<SP ID="P6_SP01018" HPOS="2539" VPOS="3938" WIDTH="12"/>
						<String ID="word001033" HPOS="2551" VPOS="3894" WIDTH="51" HEIGHT="32" CONTENT="ler" WC="0.63" CC="442"/>
						<SP ID="P6_SP01019" HPOS="2602" VPOS="3938" WIDTH="14"/>
						<String ID="word001034" HPOS="2616" VPOS="3907" WIDTH="11" HEIGHT="26" CONTENT=";" WC="0.67" CC="3"/>
						<SP ID="P6_SP01020" HPOS="2627" VPOS="3938" WIDTH="26"/>
						<String ID="word001035" HPOS="2653" VPOS="3894" WIDTH="72" HEIGHT="33" CONTENT="and" WC="0.93" CC="110"/>
						<SP ID="P6_SP01021" HPOS="2725" VPOS="3938" WIDTH="31"/>
						<String ID="word001036" HPOS="2756" VPOS="3894" WIDTH="98" HEIGHT="32" CONTENT="what" WC="1.00" CC="0000"/>
						<SP ID="P6_SP01022" HPOS="2854" VPOS="3938" WIDTH="34"/>
						<String ID="word001037" HPOS="2888" VPOS="3906" WIDTH="76" HEIGHT="21" CONTENT="sum" WC="0.67" CC="504"/>
						<SP ID="P6_SP01023" HPOS="2963" VPOS="3938" WIDTH="0"/>
					</TextLine>
					<TextLine ID="P6_TL00095" HPOS="1613" VPOS="3940" WIDTH="1352" HEIGHT="48">
						<String ID="word001038" HPOS="1613" VPOS="3940" WIDTH="63" HEIGHT="33" CONTENT="did" WC="1.00" CC="000"/>
						<SP ID="P6_SP01024" HPOS="1676" VPOS="3973" WIDTH="25"/>
						<String ID="word001039" HPOS="1701" VPOS="3943" WIDTH="64" HEIGHT="31" CONTENT="she" WC="1.00" CC="000"/>
						<SP ID="P6_SP01025" HPOS="1765" VPOS="3973" WIDTH="20"/>
						<String ID="word001040" HPOS="1785" VPOS="3943" WIDTH="157" HEIGHT="32" CONTENT="mention" WC="0.92" CC="0110003"/>
						<SP ID="P6_SP01026" HPOS="1942" VPOS="3974" WIDTH="18"/>
						<String ID="word001041" HPOS="1959" VPOS="3941" WIDTH="14" HEIGHT="34" CONTENT="?" WC="0.44" CC="5"/>
						<SP ID="P6_SP01027" HPOS="1974" VPOS="3976" WIDTH="54"/>
						<String ID="word001042" HPOS="2028" VPOS="3943" WIDTH="54" HEIGHT="34" CONTENT="A.-" WC="0.63" CC="055"/>
						<SP ID="P6_SP01028" HPOS="2082" VPOS="3977" WIDTH="24"/>
						<String ID="word001043" HPOS="2106" VPOS="3943" WIDTH="71" HEIGHT="34" CONTENT="His" WC="1.00" CC="000"/>
						<SP ID="P6_SP01029" HPOS="2177" VPOS="3977" WIDTH="20"/>
						<String ID="word001044" HPOS="2197" VPOS="3945" WIDTH="129" HEIGHT="43" CONTENT="Royal" WC="0.95" CC="00101"/>
						<SP ID="P6_SP01030" HPOS="2326" VPOS="3987" WIDTH="21"/>
						<String ID="word001045" HPOS="2347" VPOS="3944" WIDTH="188" HEIGHT="43" CONTENT="Highness" WC="0.82" CC="52001104"/>
						<SP ID="P6_SP01031" HPOS="2535" VPOS="3987" WIDTH="15"/>
						<String ID="word001046" HPOS="2550" VPOS="3941" WIDTH="106" HEIGHT="34" CONTENT="ftnew" WC="0.42" CC="87533"/>
						<SP ID="P6_SP01032" HPOS="2656" VPOS="3987" WIDTH="26"/>
						<String ID="word001047" HPOS="2682" VPOS="3941" WIDTH="13" HEIGHT="33" CONTENT="I" WC="0.78" CC="2"/>
						<SP ID="P6_SP01033" HPOS="2695" VPOS="3987" WIDTH="22"/>
						<String ID="word001048" HPOS="2718" VPOS="3952" WIDTH="77" HEIGHT="22" CONTENT="was" WC="1.00" CC="000"/>
						<SP ID="P6_SP01034" HPOS="2794" VPOS="3987" WIDTH="19"/>
						<String ID="word001049" HPOS="2813" VPOS="3950" WIDTH="35" HEIGHT="25" CONTENT="to" WC="0.72" CC="23"/>
						<SP ID="P6_SP01035" HPOS="2849" VPOS="3987" WIDTH="19"/>
						<String ID="word001050" HPOS="2868" VPOS="3943" WIDTH="97" HEIGHT="34" CONTENT="have" WC="0.97" CC="0010"/>
						<SP ID="P6_SP01036" HPOS="2965" VPOS="3987" WIDTH="0"/>
					</TextLine>
					<TextLine ID="P6_TL00096" HPOS="1612" VPOS="3989" WIDTH="1352" HEIGHT="46">
						<String ID="word001051" HPOS="1612" VPOS="3999" WIDTH="24" HEIGHT="22" CONTENT="a" WC="0.89" CC="1"/>
						<SP ID="P6_SP01037" HPOS="1636" VPOS="4022" WIDTH="26"/>
						<String ID="word001052" HPOS="1662" VPOS="3999" WIDTH="77" HEIGHT="22" CONTENT="sum" WC="0.81" CC="203"/>
						<SP ID="P6_SP01038" HPOS="1739" VPOS="4022" WIDTH="31"/>
						<String ID="word001053" HPOS="1769" VPOS="3989" WIDTH="45" HEIGHT="33" CONTENT="of" WC="1.00" CC="00"/>
						<SP ID="P6_SP01039" HPOS="1814" VPOS="4022" WIDTH="24"/>
						<String ID="word001054" HPOS="1838" VPOS="3999" WIDTH="130" HEIGHT="33" CONTENT="money" WC="0.82" CC="32300"/>
						<SP ID="P6_SP01040" HPOS="1968" VPOS="4032" WIDTH="34"/>
						<String ID="word001055" HPOS="2002" VPOS="3990" WIDTH="96" HEIGHT="34" CONTENT="from" WC="1.00" CC="0000"/>
						<SP ID="P6_SP01041" HPOS="2098" VPOS="4032" WIDTH="268"/>
						<String ID="word001056" HPOS="2366" VPOS="3991" WIDTH="72" HEIGHT="33" CONTENT="Did" WC="0.63" CC="532"/>
						<SP ID="P6_SP01042" HPOS="2438" VPOS="4032" WIDTH="34"/>
						<String ID="word001057" HPOS="2472" VPOS="4000" WIDTH="74" HEIGHT="34" CONTENT="you" WC="0.96" CC="001"/>
						<SP ID="P6_SP01043" HPOS="2546" VPOS="4035" WIDTH="39"/>
						<String ID="word001058" HPOS="2585" VPOS="3998" WIDTH="107" HEIGHT="25" CONTENT="never" WC="1.00" CC="00000"/>
						<SP ID="P6_SP01044" HPOS="2693" VPOS="4035" WIDTH="32"/>
						<String ID="word001059" HPOS="2725" VPOS="3990" WIDTH="143" HEIGHT="33" CONTENT="receive" WC="0.97" CC="0001010"/>
						<SP ID="P6_SP01045" HPOS="2868" VPOS="4035" WIDTH="31"/>
						<String ID="word001060" HPOS="2898" VPOS="4000" WIDTH="45" HEIGHT="24" CONTENT="an" SUBS_TYPE="HypPart1" SUBS_CONTENT="anof;ier" WC="0.85" CC="02"/>
						<HYP HPOS="2943" VPOS="4000" WIDTH="21" CONTENT="-"/>
					</TextLine>
					<TextLine ID="P6_TL00097" HPOS="1612" VPOS="4036" WIDTH="1352" HEIGHT="46">
						<String ID="word001061" HPOS="1612" VPOS="4036" WIDTH="107" HEIGHT="39" CONTENT="of;ier" SUBS_TYPE="HypPart2" SUBS_CONTENT="anof;ier" WC="0.46" CC="484643"/>
						<SP ID="P6_SP01046" HPOS="1720" VPOS="4075" WIDTH="38"/>
						<String ID="word001062" HPOS="1757" VPOS="4036" WIDTH="41" HEIGHT="32" CONTENT="it" WC="0.28" CC="85" STYLEREFS="TXT_0"/>
						<SP ID="P6_SP01047" HPOS="1799" VPOS="4075" WIDTH="20"/>
						<String ID="word001063" HPOS="1819" VPOS="4036" WIDTH="43" HEIGHT="34" CONTENT="of" WC="0.72" CC="50" STYLEREFS="TXT_0"/>
						<SP ID="P6_SP01048" HPOS="1861" VPOS="4075" WIDTH="21"/>
						<String ID="word001064" HPOS="1883" VPOS="4037" WIDTH="268" HEIGHT="45" CONTENT="applications," WC="0.96" CC="1010001010010"/>
						<SP ID="P6_SP01049" HPOS="2151" VPOS="4082" WIDTH="27"/>
						<String ID="word001065" HPOS="2178" VPOS="4039" WIDTH="142" HEIGHT="33" CONTENT="besides" WC="0.71" CC="0332136"/>
						<SP ID="P6_SP01050" HPOS="2320" VPOS="4082" WIDTH="28"/>
						<String ID="word001066" HPOS="2348" VPOS="4039" WIDTH="64" HEIGHT="32" CONTENT="the" WC="0.74" CC="430"/>
						<SP ID="P6_SP01051" HPOS="2412" VPOS="4082" WIDTH="19"/>
						<String ID="word001067" HPOS="2431" VPOS="4038" WIDTH="89" HEIGHT="44" CONTENT="long" WC="0.92" CC="0111"/>
						<SP ID="P6_SP01052" HPOS="2519" VPOS="4082" WIDTH="19"/>
						<String ID="word001068" HPOS="2538" VPOS="4048" WIDTH="67" HEIGHT="22" CONTENT="one" WC="0.56" CC="534"/>
						<SP ID="P6_SP01053" HPOS="2606" VPOS="4082" WIDTH="17"/>
						<String ID="word001069" HPOS="2622" VPOS="4046" WIDTH="74" HEIGHT="35" CONTENT="you" WC="1.00" CC="000"/>
						<SP ID="P6_SP01054" HPOS="2696" VPOS="4082" WIDTH="19"/>
						<String ID="word001070" HPOS="2715" VPOS="4036" WIDTH="92" HEIGHT="34" CONTENT="have" WC="0.97" CC="0010"/>
						<SP ID="P6_SP01055" HPOS="2807" VPOS="4082" WIDTH="26"/>
						<String ID="word001071" HPOS="2833" VPOS="4038" WIDTH="110" HEIGHT="32" CONTENT="menti" SUBS_TYPE="HypPart1" SUBS_CONTENT="mentioned," WC="0.56" CC="46413"/>
						<HYP HPOS="2943" VPOS="4038" WIDTH="21" CONTENT="-"/>
					</TextLine>
					<TextLine ID="P6_TL00098" HPOS="1611" VPOS="4083" WIDTH="1355" HEIGHT="47">
						<String ID="word001072" HPOS="1611" VPOS="4083" WIDTH="109" HEIGHT="43" CONTENT="oned," SUBS_TYPE="HypPart2" SUBS_CONTENT="mentioned," WC="0.69" CC="22163"/>
						<SP ID="P6_SP01056" HPOS="1720" VPOS="4126" WIDTH="27"/>
						<String ID="word001073" HPOS="1747" VPOS="4083" WIDTH="96" HEIGHT="33" CONTENT="from" WC="0.92" CC="0003"/>
						<SP ID="P6_SP01057" HPOS="1843" VPOS="4126" WIDTH="18"/>
						<String ID="word001074" HPOS="1860" VPOS="4095" WIDTH="72" HEIGHT="33" CONTENT="any" WC="0.93" CC="110"/>
						<SP ID="P6_SP01058" HPOS="1932" VPOS="4128" WIDTH="34"/>
						<String ID="word001075" HPOS="1967" VPOS="4085" WIDTH="111" HEIGHT="32" CONTENT="other" WC="1.00" CC="00000"/>
						<SP ID="P6_SP01059" HPOS="2078" VPOS="4128" WIDTH="20"/>
						<String ID="word001076" HPOS="2098" VPOS="4087" WIDTH="181" HEIGHT="43" CONTENT="quarter?" WC="0.93" CC="00000023"/>
						<SP ID="P6_SP01060" HPOS="2278" VPOS="4129" WIDTH="54"/>
						<String ID="word001077" HPOS="2333" VPOS="4087" WIDTH="50" HEIGHT="34" CONTENT="A." WC="1.00" CC="00"/>
						<SP ID="P6_SP01061" HPOS="2382" VPOS="4129" WIDTH="32"/>
						<String ID="word001078" HPOS="2414" VPOS="4085" WIDTH="19" HEIGHT="34" CONTENT="I" WC="0.67" CC="3"/>
						<SP ID="P6_SP01062" HPOS="2433" VPOS="4129" WIDTH="19"/>
						<String ID="word001079" HPOS="2452" VPOS="4096" WIDTH="112" HEIGHT="25" CONTENT="never" WC="0.95" CC="10010"/>
						<SP ID="P6_SP01063" HPOS="2564" VPOS="4129" WIDTH="19"/>
						<String ID="word001080" HPOS="2583" VPOS="4083" WIDTH="168" HEIGHT="35" CONTENT="received" WC="0.99" CC="01000000"/>
						<SP ID="P6_SP01064" HPOS="2751" VPOS="4129" WIDTH="21"/>
						<String ID="word001081" HPOS="2772" VPOS="4096" WIDTH="39" HEIGHT="22" CONTENT="so" WC="0.56" CC="44"/>
						<SP ID="P6_SP01065" HPOS="2811" VPOS="4129" WIDTH="27"/>
						<String ID="word001082" HPOS="2838" VPOS="4084" WIDTH="86" HEIGHT="44" CONTENT="long" WC="0.81" CC="0430"/>
						<SP ID="P6_SP01066" HPOS="2924" VPOS="4129" WIDTH="15"/>
						<String ID="word001083" HPOS="2940" VPOS="4096" WIDTH="26" HEIGHT="24" CONTENT="a" WC="0.89" CC="1"/>
						<SP ID="P6_SP01067" HPOS="2966" VPOS="4129" WIDTH="0"/>
					</TextLine>
					<TextLine ID="P6_TL00099" HPOS="1610" VPOS="4130" WIDTH="1350" HEIGHT="49">
						<String ID="word001084" HPOS="1610" VPOS="4130" WIDTH="64" HEIGHT="33" CONTENT="list" WC="0.92" CC="1020"/>
						<SP ID="P6_SP01068" HPOS="1674" VPOS="4163" WIDTH="20"/>
						<String ID="word001085" HPOS="1694" VPOS="4142" WIDTH="11" HEIGHT="27" CONTENT=";" WC="1.00" CC="0"/>
						<SP ID="P6_SP01069" HPOS="1704" VPOS="4169" WIDTH="28"/>
						<String ID="word001086" HPOS="1733" VPOS="4141" WIDTH="111" HEIGHT="22" CONTENT="never" WC="0.95" CC="01100"/>
						<SP ID="P6_SP01070" HPOS="1844" VPOS="4169" WIDTH="33"/>
						<String ID="word001087" HPOS="1877" VPOS="4141" WIDTH="102" HEIGHT="25" CONTENT="more" WC="1.00" CC="0000"/>
						<SP ID="P6_SP01071" HPOS="1978" VPOS="4169" WIDTH="15"/>
						<String ID="word001088" HPOS="1994" VPOS="4133" WIDTH="86" HEIGHT="33" CONTENT="than" WC="0.97" CC="0010"/>
						<SP ID="P6_SP01072" HPOS="2080" VPOS="4169" WIDTH="27"/>
						<String ID="word001089" HPOS="2107" VPOS="4139" WIDTH="77" HEIGHT="28" CONTENT="two" WC="1.00" CC="000"/>
						<SP ID="P6_SP01073" HPOS="2184" VPOS="4169" WIDTH="31"/>
						<String ID="word001090" HPOS="2215" VPOS="4143" WIDTH="46" HEIGHT="24" CONTENT="or" WC="1.00" CC="00"/>
						<SP ID="P6_SP01074" HPOS="2261" VPOS="4169" WIDTH="18"/>
						<String ID="word001091" HPOS="2278" VPOS="4134" WIDTH="102" HEIGHT="33" CONTENT="three" WC="1.00" CC="00000"/>
						<SP ID="P6_SP01075" HPOS="2380" VPOS="4169" WIDTH="18"/>
						<String ID="word001092" HPOS="2398" VPOS="4133" WIDTH="255" HEIGHT="46" CONTENT="applications" WC="0.98" CC="100000100000"/>
						<SP ID="P6_SP01076" HPOS="2653" VPOS="4179" WIDTH="30"/>
						<String ID="word001093" HPOS="2682" VPOS="4137" WIDTH="40" HEIGHT="27" CONTENT="at" WC="1.00" CC="00"/>
						<SP ID="P6_SP01077" HPOS="2722" VPOS="4179" WIDTH="18"/>
						<String ID="word001094" HPOS="2740" VPOS="4133" WIDTH="144" HEIGHT="33" CONTENT="atime." WC="0.76" CC="314500"/>
						<SP ID="P6_SP01078" HPOS="2884" VPOS="4179" WIDTH="56"/>
						<String ID="word001095" HPOS="2940" VPOS="4133" WIDTH="20" HEIGHT="34" CONTENT="I" WC="0.89" CC="1" STYLEREFS="TXT_0"/>
						<SP ID="P6_SP01079" HPOS="2960" VPOS="4179" WIDTH="0"/>
					</TextLine>
					<TextLine ID="P6_TL00100" HPOS="1609" VPOS="4172" WIDTH="1354" HEIGHT="56">
						<String ID="word001096" HPOS="1609" VPOS="4179" WIDTH="194" HEIGHT="47" CONTENT="generally" WC="0.88" CC="100100530" STYLEREFS="TXT_1"/>
						<SP ID="P6_SP01080" HPOS="1802" VPOS="4226" WIDTH="30"/>
						<String ID="word001097" HPOS="1832" VPOS="4179" WIDTH="136" HEIGHT="47" CONTENT="planed" WC="0.57" CC="067442" STYLEREFS="TXT_1"/>
						<SP ID="P6_SP01081" HPOS="1968" VPOS="4226" WIDTH="33"/>
						<String ID="word001098" HPOS="2001" VPOS="4180" WIDTH="32" HEIGHT="39" CONTENT="it" WC="0.89" CC="11" STYLEREFS="TXT_1"/>
						<SP ID="P6_SP01082" HPOS="2033" VPOS="4226" WIDTH="27"/>
						<String ID="word001099" HPOS="2060" VPOS="4191" WIDTH="47" HEIGHT="37" CONTENT="up" WC="0.67" CC="42" STYLEREFS="TXT_1"/>
						<SP ID="P6_SP01083" HPOS="2107" VPOS="4227" WIDTH="25"/>
						<String ID="word001100" HPOS="2132" VPOS="4186" WIDTH="43" HEIGHT="34" CONTENT="at" WC="0.94" CC="10" STYLEREFS="TXT_1"/>
						<SP ID="P6_SP01084" HPOS="2174" VPOS="4227" WIDTH="28"/>
						<String ID="word001101" HPOS="2203" VPOS="4181" WIDTH="65" HEIGHT="39" CONTENT="the" WC="1.00" CC="000" STYLEREFS="TXT_1"/>
						<SP ID="P6_SP01085" HPOS="2268" VPOS="4227" WIDTH="17"/>
						<String ID="word001102" HPOS="2284" VPOS="4181" WIDTH="94" HEIGHT="40" CONTENT="head" WC="0.78" CC="1430" STYLEREFS="TXT_1"/>
						<SP ID="P6_SP01086" HPOS="2379" VPOS="4227" WIDTH="17"/>
						<String ID="word001103" HPOS="2395" VPOS="4181" WIDTH="54" HEIGHT="37" CONTENT="-of" WC="0.30" CC="676" STYLEREFS="TXT_1"/>
						<SP ID="P6_SP01087" HPOS="2450" VPOS="4227" WIDTH="22"/>
						<String ID="word001104" HPOS="2472" VPOS="4179" WIDTH="64" HEIGHT="41" CONTENT="the" WC="0.96" CC="010" STYLEREFS="TXT_1"/>
						<SP ID="P6_SP01088" HPOS="2536" VPOS="4227" WIDTH="19"/>
						<String ID="word001105" HPOS="2555" VPOS="4180" WIDTH="63" HEIGHT="47" CONTENT="bed" WC="0.69" CC="031" STYLEREFS="TXT_1"/>
						<String ID="word001106" HPOS="2617" VPOS="4180" WIDTH="21" HEIGHT="47" CONTENT=")" STYLE="subscript" WC="0.69" CC="7" STYLEREFS="TXT_1"/>
						<SP ID="P6_SP01089" HPOS="2639" VPOS="4227" WIDTH="26"/>
						<String ID="word001107" HPOS="2665" VPOS="4180" WIDTH="73" HEIGHT="38" CONTENT="and" WC="0.96" CC="010" STYLEREFS="TXT_1"/>
						<SP ID="P6_SP01090" HPOS="2738" VPOS="4227" WIDTH="19"/>
						<String ID="word001108" HPOS="2757" VPOS="4172" WIDTH="56" HEIGHT="44" CONTENT="his" WC="0.74" CC="034" STYLEREFS="TXT_0"/>
						<SP ID="P6_SP01091" HPOS="2812" VPOS="4227" WIDTH="24"/>
						<String ID="word001109" HPOS="2836" VPOS="4180" WIDTH="126" HEIGHT="47" CONTENT="Royal" WC="0.47" CC="34755" STYLEREFS="TXT_1"/>
						<SP ID="P6_SP01092" HPOS="2962" VPOS="4227" WIDTH="0"/>
					</TextLine>
				</TextBlock>
				<TextBlock ID="pa0006008" HPOS="674" VPOS="998" WIDTH="453" HEIGHT="41" STYLEREFS="TXT_0 PAR_LEFT">
					<TextLine ID="P6_TL00101" HPOS="674" VPOS="999" WIDTH="453" HEIGHT="40">
						<String ID="word001110" HPOS="674" VPOS="1007" WIDTH="263" HEIGHT="32" CONTENT="THURSDAY," WC="0.81" CC="112114104"/>
						<SP ID="P6_SP01093" HPOS="938" VPOS="1039" WIDTH="32"/>
						<String ID="word001111" HPOS="970" VPOS="1010" WIDTH="98" HEIGHT="24" CONTENT="rro." WC="0.56" CC="3553" STYLEREFS="TXT_1"/>
						<SP ID="P6_SP01094" HPOS="1068" VPOS="1039" WIDTH="25"/>
						<String ID="word001112" HPOS="1093" VPOS="999" WIDTH="34" HEIGHT="37" CONTENT="9." WC="0.94" CC="01" STYLEREFS="TXT_1"/>
						<SP ID="P6_SP01095" HPOS="1127" VPOS="1039" WIDTH="0"/>
					</TextLine>
				</TextBlock>
				<TextBlock ID="pa0006009" HPOS="226" VPOS="1050" WIDTH="1350" HEIGHT="278" STYLEREFS="TXT_0 PAR_LEFT">
					<TextLine ID="P6_TL00102" HPOS="280" VPOS="1051" WIDTH="1296" HEIGHT="51">
						<String ID="word001113" HPOS="280" VPOS="1051" WIDTH="37" HEIGHT="35" CONTENT="A" WC="1.00" CC="0"/>
						<SP ID="P6_SP01096" HPOS="317" VPOS="1087" WIDTH="21"/>
						<String ID="word001114" HPOS="338" VPOS="1052" WIDTH="168" HEIGHT="37" CONTENT="Petition" WC="0.94" CC="00030100"/>
						<SP ID="P6_SP01097" HPOS="506" VPOS="1089" WIDTH="18"/>
						<String ID="word001115" HPOS="523" VPOS="1064" WIDTH="80" HEIGHT="25" CONTENT="was" WC="0.96" CC="010"/>
						<SP ID="P6_SP01098" HPOS="604" VPOS="1089" WIDTH="18"/>
						<String ID="word001116" HPOS="621" VPOS="1056" WIDTH="193" HEIGHT="44" CONTENT="presented" WC="0.99" CC="000000001"/>
						<SP ID="P6_SP01099" HPOS="814" VPOS="1100" WIDTH="20"/>
						<String ID="word001117" HPOS="834" VPOS="1057" WIDTH="47" HEIGHT="43" CONTENT="by" WC="1.00" CC="00"/>
						<SP ID="P6_SP01100" HPOS="881" VPOS="1100" WIDTH="33"/>
						<String ID="word001118" HPOS="914" VPOS="1057" WIDTH="148" HEIGHT="32" CONTENT="Robert" WC="0.96" CC="100010"/>
						<SP ID="P6_SP01101" HPOS="1062" VPOS="1100" WIDTH="20"/>
						<String ID="word001119" HPOS="1082" VPOS="1057" WIDTH="206" HEIGHT="41" CONTENT="Williams," WC="0.81" CC="531111111"/>
						<SP ID="P6_SP01102" HPOS="1287" VPOS="1100" WIDTH="28"/>
						<String ID="word001120" HPOS="1316" VPOS="1057" WIDTH="87" HEIGHT="45" CONTENT="Esq." WC="0.94" CC="0110"/>
						<SP ID="P6_SP01103" HPOS="1403" VPOS="1102" WIDTH="28"/>
						<String ID="word001121" HPOS="1431" VPOS="1057" WIDTH="144" HEIGHT="43" CONTENT="against" WC="0.94" CC="0130000"/>
						<SP ID="P6_SP01104" HPOS="1576" VPOS="1102" WIDTH="0"/>
					</TextLine>
					<TextLine ID="P6_TL00103" HPOS="231" VPOS="1100" WIDTH="140" HEIGHT="35">
						<String ID="word001122" HPOS="231" VPOS="1100" WIDTH="139" HEIGHT="35" CONTENT="Daniel" WC="0.87" CC="311101"/>
						<SP ID="P6_SP01105" HPOS="371" VPOS="1135" WIDTH="0"/>
					</TextLine>
					<TextLine ID="P6_TL00104" HPOS="392" VPOS="1102" WIDTH="1184" HEIGHT="46">
						<String ID="word001123" HPOS="392" VPOS="1102" WIDTH="136" HEIGHT="43" CONTENT="_Giles," WC="0.73" CC="7203131"/>
						<SP ID="P6_SP01106" HPOS="528" VPOS="1144" WIDTH="31"/>
						<String ID="word001124" HPOS="559" VPOS="1103" WIDTH="85" HEIGHT="43" CONTENT="Esq." WC="0.86" CC="1310"/>
						<SP ID="P6_SP01107" HPOS="644" VPOS="1146" WIDTH="39"/>
						<String ID="word001125" HPOS="683" VPOS="1103" WIDTH="170" HEIGHT="33" CONTENT="Member" WC="0.81" CC="501130"/>
						<SP ID="P6_SP01108" HPOS="853" VPOS="1146" WIDTH="31"/>
						<String ID="word001126" HPOS="883" VPOS="1102" WIDTH="58" HEIGHT="34" CONTENT="for" WC="1.00" CC="000"/>
						<SP ID="P6_SP01109" HPOS="941" VPOS="1146" WIDTH="28"/>
						<String ID="word001127" HPOS="970" VPOS="1104" WIDTH="56" HEIGHT="32" CONTENT="St." WC="1.00" CC="000"/>
						<SP ID="P6_SP01110" HPOS="1025" VPOS="1146" WIDTH="37"/>
						<String ID="word001128" HPOS="1062" VPOS="1104" WIDTH="170" HEIGHT="40" CONTENT="Alban's," WC="0.64" CC="13535450"/>
						<SP ID="P6_SP01111" HPOS="1232" VPOS="1146" WIDTH="25"/>
						<String ID="word001129" HPOS="1257" VPOS="1104" WIDTH="252" HEIGHT="44" CONTENT="complaining" WC="0.84" CC="01303032130"/>
						<SP ID="P6_SP01112" HPOS="1508" VPOS="1148" WIDTH="30"/>
						<String ID="word001130" HPOS="1538" VPOS="1104" WIDTH="38" HEIGHT="33" CONTENT="of" WC="0.94" CC="10"/>
						<SP ID="P6_SP01113" HPOS="1576" VPOS="1148" WIDTH="0"/>
					</TextLine>
					<TextLine ID="P6_TL00105" HPOS="227" VPOS="1148" WIDTH="1349" HEIGHT="45">
						<String ID="word001131" HPOS="227" VPOS="1148" WIDTH="161" HEIGHT="45" CONTENT="bribery" WC="1.00" CC="0000000"/>
						<SP ID="P6_SP01114" HPOS="387" VPOS="1193" WIDTH="17"/>
						<String ID="word001132" HPOS="404" VPOS="1150" WIDTH="69" HEIGHT="32" CONTENT="and" WC="0.85" CC="130"/>
						<SP ID="P6_SP01115" HPOS="472" VPOS="1193" WIDTH="20"/>
						<String ID="word001133" HPOS="493" VPOS="1150" WIDTH="233" HEIGHT="43" CONTENT="corruption," WC="0.96" CC="00101000110"/>
						<SP ID="P6_SP01116" HPOS="725" VPOS="1193" WIDTH="22"/>
						<String ID="word001134" HPOS="748" VPOS="1150" WIDTH="120" HEIGHT="33" CONTENT="which" WC="1.00" CC="00000"/>
						<SP ID="P6_SP01117" HPOS="868" VPOS="1193" WIDTH="19"/>
						<String ID="word001135" HPOS="887" VPOS="1161" WIDTH="77" HEIGHT="24" CONTENT="was" WC="0.93" CC="110"/>
						<SP ID="P6_SP01118" HPOS="964" VPOS="1193" WIDTH="11"/>
						<String ID="word001136" HPOS="974" VPOS="1152" WIDTH="156" HEIGHT="34" CONTENT="ordered" WC="0.98" CC="0000010"/>
						<SP ID="P6_SP01119" HPOS="1130" VPOS="1193" WIDTH="18"/>
						<String ID="word001137" HPOS="1148" VPOS="1157" WIDTH="38" HEIGHT="30" CONTENT="to" WC="1.00" CC="00"/>
						<SP ID="P6_SP01120" HPOS="1186" VPOS="1193" WIDTH="19"/>
						<String ID="word001138" HPOS="1205" VPOS="1154" WIDTH="47" HEIGHT="32" CONTENT="be" WC="0.94" CC="10"/>
						<SP ID="P6_SP01121" HPOS="1252" VPOS="1193" WIDTH="17"/>
						<String ID="word001139" HPOS="1269" VPOS="1154" WIDTH="112" HEIGHT="33" CONTENT="taken" WC="0.98" CC="01000"/>
						<SP ID="P6_SP01122" HPOS="1381" VPOS="1193" WIDTH="18"/>
						<String ID="word001140" HPOS="1398" VPOS="1153" WIDTH="76" HEIGHT="33" CONTENT="into" WC="0.97" CC="0100"/>
						<SP ID="P6_SP01123" HPOS="1474" VPOS="1193" WIDTH="18"/>
						<String ID="word001141" HPOS="1492" VPOS="1163" WIDTH="64" HEIGHT="22" CONTENT="con" SUBS_TYPE="HypPart1" SUBS_CONTENT="consideration" WC="0.78" CC="104"/>
						<HYP HPOS="1556" VPOS="1163" WIDTH="20" CONTENT="-"/>
					</TextLine>
					<TextLine ID="P6_TL00106" HPOS="227" VPOS="1195" WIDTH="750" HEIGHT="48">
						<String ID="word001142" HPOS="227" VPOS="1195" WIDTH="209" HEIGHT="34" CONTENT="sideration" SUBS_TYPE="HypPart2" SUBS_CONTENT="consideration" WC="0.89" CC="5001011020"/>
						<SP ID="P6_SP01124" HPOS="436" VPOS="1230" WIDTH="17"/>
						<String ID="word001143" HPOS="452" VPOS="1207" WIDTH="45" HEIGHT="22" CONTENT="on" WC="1.00" CC="00"/>
						<SP ID="P6_SP01125" HPOS="497" VPOS="1230" WIDTH="19"/>
						<String ID="word001144" HPOS="516" VPOS="1198" WIDTH="65" HEIGHT="33" CONTENT="the" WC="0.93" CC="002"/>
						<SP ID="P6_SP01126" HPOS="581" VPOS="1231" WIDTH="17"/>
						<String ID="word001145" HPOS="598" VPOS="1198" WIDTH="85" HEIGHT="35" CONTENT="Vett!'" WC="0.33" CC="646677"/>
						<SP ID="P6_SP01127" HPOS="683" VPOS="1233" WIDTH="24"/>
						<String ID="word001146" HPOS="706" VPOS="1199" WIDTH="46" HEIGHT="32" CONTENT="of" WC="1.00" CC="00"/>
						<SP ID="P6_SP01128" HPOS="752" VPOS="1233" WIDTH="17"/>
						<String ID="word001147" HPOS="769" VPOS="1199" WIDTH="208" HEIGHT="44" CONTENT="February." WC="0.85" CC="333111000"/>
						<SP ID="P6_SP01129" HPOS="977" VPOS="1243" WIDTH="0"/>
					</TextLine>
					<TextLine ID="P6_TL00107" HPOS="280" VPOS="1243" WIDTH="1296" HEIGHT="48">
						<String ID="word001148" HPOS="280" VPOS="1243" WIDTH="63" HEIGHT="34" CONTENT="Sir" WC="0.96" CC="100"/>
						<SP ID="P6_SP01130" HPOS="343" VPOS="1277" WIDTH="27"/>
						<String ID="word001149" HPOS="370" VPOS="1244" WIDTH="47" HEIGHT="33" CONTENT="T." WC="1.00" CC="00"/>
						<SP ID="P6_SP01131" HPOS="417" VPOS="1277" WIDTH="21"/>
						<String ID="word001150" HPOS="438" VPOS="1245" WIDTH="182" HEIGHT="33" CONTENT="TL'RTON" WC="0.51" CC="3883333"/>
						<SP ID="P6_SP01132" HPOS="620" VPOS="1278" WIDTH="30"/>
						<String ID="word001151" HPOS="650" VPOS="1246" WIDTH="193" HEIGHT="43" CONTENT="presented" WC="0.97" CC="100010000"/>
						<SP ID="P6_SP01133" HPOS="842" VPOS="1289" WIDTH="18"/>
						<String ID="word001152" HPOS="860" VPOS="1257" WIDTH="24" HEIGHT="22" CONTENT="a" WC="1.00" CC="0"/>
						<SP ID="P6_SP01134" HPOS="883" VPOS="1289" WIDTH="20"/>
						<String ID="word001153" HPOS="904" VPOS="1246" WIDTH="170" HEIGHT="34" CONTENT="Petition" WC="1.00" CC="00000000"/>
						<SP ID="P6_SP01135" HPOS="1074" VPOS="1289" WIDTH="15"/>
						<String ID="word001154" HPOS="1089" VPOS="1246" WIDTH="93" HEIGHT="35" CONTENT="from" WC="1.00" CC="0000"/>
						<SP ID="P6_SP01136" HPOS="1182" VPOS="1289" WIDTH="20"/>
						<String ID="word001155" HPOS="1202" VPOS="1246" WIDTH="66" HEIGHT="35" CONTENT="the" WC="1.00" CC="000"/>
						<SP ID="P6_SP01137" HPOS="1269" VPOS="1289" WIDTH="19"/>
						<String ID="word001156" HPOS="1287" VPOS="1246" WIDTH="184" HEIGHT="45" CONTENT="prisoners" WC="0.99" CC="000001000"/>
						<SP ID="P6_SP01138" HPOS="1472" VPOS="1291" WIDTH="18"/>
						<String ID="word001157" HPOS="1489" VPOS="1258" WIDTH="65" HEIGHT="24" CONTENT="con" SUBS_TYPE="HypPart1" SUBS_CONTENT="confined" WC="0.94" CC="001"/>
						<HYP HPOS="1554" VPOS="1258" WIDTH="21" CONTENT="-"/>
					</TextLine>
					<TextLine ID="P6_TL00108" HPOS="229" VPOS="1290" WIDTH="829" HEIGHT="38">
						<String ID="word001158" HPOS="229" VPOS="1290" WIDTH="98" HEIGHT="34" CONTENT="fined" SUBS_TYPE="HypPart2" SUBS_CONTENT="confined" WC="0.73" CC="55110"/>
						<SP ID="P6_SP01139" HPOS="327" VPOS="1324" WIDTH="17"/>
						<String ID="word001159" HPOS="344" VPOS="1290" WIDTH="60" HEIGHT="34" CONTENT="for" WC="1.00" CC="000"/>
						<SP ID="P6_SP01140" HPOS="404" VPOS="1324" WIDTH="17"/>
						<String ID="word001160" HPOS="420" VPOS="1291" WIDTH="86" HEIGHT="33" CONTENT="debt" WC="1.00" CC="0000"/>
						<SP ID="P6_SP01141" HPOS="507" VPOS="1324" WIDTH="21"/>
						<String ID="word001161" HPOS="528" VPOS="1292" WIDTH="35" HEIGHT="33" CONTENT="in" WC="1.00" CC="00"/>
						<SP ID="P6_SP01142" HPOS="563" VPOS="1325" WIDTH="19"/>
						<String ID="word001162" HPOS="582" VPOS="1291" WIDTH="61" HEIGHT="34" CONTENT="the" WC="0.96" CC="100"/>
						<SP ID="P6_SP01143" HPOS="644" VPOS="1325" WIDTH="17"/>
						<String ID="word001163" HPOS="660" VPOS="1292" WIDTH="231" HEIGHT="35" CONTENT="Marshalsea" WC="0.88" CC="1030111400"/>
						<SP ID="P6_SP01144" HPOS="892" VPOS="1328" WIDTH="20"/>
						<String ID="word001164" HPOS="912" VPOS="1293" WIDTH="146" HEIGHT="34" CONTENT="Prison." WC="0.98" CC="0010000"/>
						<SP ID="P6_SP01145" HPOS="1058" VPOS="1328" WIDTH="0"/>
					</TextLine>
				</TextBlock>
				<TextBlock ID="pa0006010" HPOS="720" VPOS="1359" WIDTH="367" HEIGHT="32" STYLEREFS="TXT_0 PAR_LEFT">
					<TextLine ID="P6_TL00109" HPOS="722" VPOS="1363" WIDTH="365" HEIGHT="28">
						<String ID="word001165" HPOS="722" VPOS="1363" WIDTH="119" HEIGHT="26" CONTENT="DUKE" WC="0.61" CC="5513"/>
						<SP ID="P6_SP01146" HPOS="841" VPOS="1389" WIDTH="22"/>
						<String ID="word001166" HPOS="863" VPOS="1364" WIDTH="54" HEIGHT="25" CONTENT="OF" WC="0.94" CC="10"/>
						<SP ID="P6_SP01147" HPOS="918" VPOS="1389" WIDTH="21"/>
						<String ID="word001167" HPOS="939" VPOS="1365" WIDTH="148" HEIGHT="26" CONTENT="YORK." WC="0.95" CC="10100"/>
						<SP ID="P6_SP01148" HPOS="1087" VPOS="1391" WIDTH="0"/>
					</TextLine>
				</TextBlock>
				<TextBlock ID="pa0006011" HPOS="216" VPOS="1396" WIDTH="1355" HEIGHT="665" STYLEREFS="TXT_0 PAR_BLOCK">
					<TextLine ID="P6_TL00110" HPOS="279" VPOS="1397" WIDTH="1292" HEIGHT="48">
						<String ID="word001168" HPOS="279" VPOS="1397" WIDTH="78" HEIGHT="37" CONTENT="Mr." WC="0.96" CC="100"/>
						<SP ID="P6_SP01149" HPOS="357" VPOS="1434" WIDTH="22"/>
						<String ID="word001169" HPOS="379" VPOS="1398" WIDTH="198" HEIGHT="37" CONTENT="SLITAIIDA" WC="0.33" CC="388688733"/>
						<SP ID="P6_SP01150" HPOS="578" VPOS="1435" WIDTH="12"/>
						<String ID="word001170" HPOS="589" VPOS="1410" WIDTH="26" HEIGHT="25" CONTENT="N" WC="0.67" CC="3"/>
						<SP ID="P6_SP01151" HPOS="615" VPOS="1435" WIDTH="15"/>
						<String ID="word001171" HPOS="631" VPOS="1411" WIDTH="94" HEIGHT="30" CONTENT="rose," WC="1.00" CC="00000"/>
						<SP ID="P6_SP01152" HPOS="725" VPOS="1441" WIDTH="30"/>
						<String ID="word001172" HPOS="755" VPOS="1402" WIDTH="69" HEIGHT="33" CONTENT="and" WC="0.96" CC="100"/>
						<SP ID="P6_SP01153" HPOS="823" VPOS="1441" WIDTH="18"/>
						<String ID="word001173" HPOS="841" VPOS="1402" WIDTH="94" HEIGHT="43" CONTENT="said," WC="0.93" CC="01110"/>
						<SP ID="P6_SP01154" HPOS="935" VPOS="1444" WIDTH="27"/>
						<String ID="word001174" HPOS="963" VPOS="1403" WIDTH="81" HEIGHT="34" CONTENT="that" WC="0.78" CC="1313"/>
						<SP ID="P6_SP01155" HPOS="1044" VPOS="1444" WIDTH="20"/>
						<String ID="word001175" HPOS="1064" VPOS="1404" WIDTH="45" HEIGHT="33" CONTENT="he" WC="0.83" CC="21"/>
						<SP ID="P6_SP01156" HPOS="1109" VPOS="1444" WIDTH="18"/>
						<String ID="word001176" HPOS="1127" VPOS="1403" WIDTH="72" HEIGHT="35" CONTENT="had" WC="0.96" CC="100"/>
						<SP ID="P6_SP01157" HPOS="1199" VPOS="1444" WIDTH="19"/>
						<String ID="word001177" HPOS="1218" VPOS="1404" WIDTH="37" HEIGHT="35" CONTENT="in" WC="0.94" CC="01"/>
						<SP ID="P6_SP01158" HPOS="1254" VPOS="1444" WIDTH="20"/>
						<String ID="word001178" HPOS="1274" VPOS="1404" WIDTH="57" HEIGHT="34" CONTENT="his" WC="1.00" CC="000"/>
						<SP ID="P6_SP01159" HPOS="1331" VPOS="1444" WIDTH="14"/>
						<String ID="word001179" HPOS="1345" VPOS="1404" WIDTH="94" HEIGHT="34" CONTENT="hand" WC="0.94" CC="0200"/>
						<SP ID="P6_SP01160" HPOS="1440" VPOS="1444" WIDTH="19"/>
						<String ID="word001180" HPOS="1459" VPOS="1415" WIDTH="22" HEIGHT="24" CONTENT="a" WC="0.89" CC="1"/>
						<SP ID="P6_SP01161" HPOS="1481" VPOS="1444" WIDTH="20"/>
						<String ID="word001181" HPOS="1501" VPOS="1404" WIDTH="47" HEIGHT="34" CONTENT="Pe" SUBS_TYPE="HypPart1" SUBS_CONTENT="Petition" WC="0.96" CC="01"/>
						<HYP HPOS="1548" VPOS="1404" WIDTH="22" CONTENT="-"/>
					</TextLine>
					<TextLine ID="P6_TL00111" HPOS="229" VPOS="1447" WIDTH="1342" HEIGHT="50">
						<String ID="word001182" HPOS="229" VPOS="1447" WIDTH="112" HEIGHT="34" CONTENT="tition" SUBS_TYPE="HypPart2" SUBS_CONTENT="Petition" WC="0.93" CC="020011"/>
						<SP ID="P6_SP01162" HPOS="341" VPOS="1481" WIDTH="19"/>
						<String ID="word001183" HPOS="360" VPOS="1448" WIDTH="93" HEIGHT="33" CONTENT="from" WC="0.97" CC="0001"/>
						<SP ID="P6_SP01163" HPOS="454" VPOS="1481" WIDTH="18"/>
						<String ID="word001184" HPOS="471" VPOS="1459" WIDTH="45" HEIGHT="22" CONTENT="an" WC="0.94" CC="10"/>
						<SP ID="P6_SP01164" HPOS="516" VPOS="1481" WIDTH="21"/>
						<String ID="word001185" HPOS="537" VPOS="1448" WIDTH="204" HEIGHT="34" CONTENT="individual" WC="0.88" CC="0111121112"/>
						<SP ID="P6_SP01165" HPOS="742" VPOS="1482" WIDTH="24"/>
						<String ID="word001186" HPOS="765" VPOS="1450" WIDTH="124" HEIGHT="33" CONTENT="whOse" WC="0.58" CC="35722"/>
						<SP ID="P6_SP01166" HPOS="889" VPOS="1483" WIDTH="22"/>
						<String ID="word001187" HPOS="912" VPOS="1461" WIDTH="104" HEIGHT="25" CONTENT="name" WC="0.97" CC="1000"/>
						<SP ID="P6_SP01167" HPOS="1016" VPOS="1486" WIDTH="20"/>
						<String ID="word001188" HPOS="1036" VPOS="1453" WIDTH="72" HEIGHT="33" CONTENT="had" WC="0.78" CC="141"/>
						<SP ID="P6_SP01168" HPOS="1108" VPOS="1486" WIDTH="21"/>
						<String ID="word001189" HPOS="1129" VPOS="1454" WIDTH="89" HEIGHT="33" CONTENT="been" WC="0.75" CC="2223"/>
						<SP ID="P6_SP01169" HPOS="1218" VPOS="1487" WIDTH="20"/>
						<String ID="word001190" HPOS="1238" VPOS="1453" WIDTH="216" HEIGHT="44" CONTENT="repeatedly" WC="0.73" CC="2332322322"/>
						<SP ID="P6_SP01170" HPOS="1454" VPOS="1496" WIDTH="20"/>
						<String ID="word001191" HPOS="1474" VPOS="1462" WIDTH="73" HEIGHT="24" CONTENT="men" SUBS_TYPE="HypPart1" SUBS_CONTENT="mentioned" WC="0.92" CC="120"/>
						<HYP HPOS="1547" VPOS="1462" WIDTH="24" CONTENT="-"/>
					</TextLine>
					<TextLine ID="P6_TL00112" HPOS="228" VPOS="1494" WIDTH="1339" HEIGHT="51">
						<String ID="word001192" HPOS="228" VPOS="1494" WIDTH="128" HEIGHT="34" CONTENT="tioned" SUBS_TYPE="HypPart2" SUBS_CONTENT="mentioned" WC="0.98" CC="001000"/>
						<SP ID="P6_SP01171" HPOS="356" VPOS="1528" WIDTH="17"/>
						<String ID="word001193" HPOS="372" VPOS="1494" WIDTH="70" HEIGHT="33" CONTENT="and" WC="1.00" CC="000"/>
						<SP ID="P6_SP01172" HPOS="442" VPOS="1528" WIDTH="14"/>
						<String ID="word001194" HPOS="456" VPOS="1495" WIDTH="119" HEIGHT="33" CONTENT="called" WC="0.96" CC="100010"/>
						<SP ID="P6_SP01173" HPOS="575" VPOS="1528" WIDTH="21"/>
						<String ID="word001195" HPOS="596" VPOS="1496" WIDTH="33" HEIGHT="32" CONTENT="in" WC="0.94" CC="01"/>
						<SP ID="P6_SP01174" HPOS="630" VPOS="1528" WIDTH="13"/>
						<String ID="word001196" HPOS="643" VPOS="1498" WIDTH="171" HEIGHT="43" CONTENT="question" WC="0.82" CC="12031051"/>
						<SP ID="P6_SP01175" HPOS="814" VPOS="1540" WIDTH="19"/>
						<String ID="word001197" HPOS="833" VPOS="1500" WIDTH="48" HEIGHT="43" CONTENT="by" WC="0.94" CC="10"/>
						<SP ID="P6_SP01176" HPOS="881" VPOS="1543" WIDTH="19"/>
						<String ID="word001198" HPOS="900" VPOS="1508" WIDTH="44" HEIGHT="25" CONTENT="an" WC="0.94" CC="10"/>
						<SP ID="P6_SP01177" HPOS="944" VPOS="1543" WIDTH="21"/>
						<String ID="word001199" HPOS="965" VPOS="1500" WIDTH="244" HEIGHT="35" CONTENT="Honourable" WC="0.76" CC="1322101444"/>
						<SP ID="P6_SP01178" HPOS="1209" VPOS="1543" WIDTH="18"/>
						<String ID="word001200" HPOS="1227" VPOS="1500" WIDTH="220" HEIGHT="34" CONTENT="Gentleman" WC="0.94" CC="300010100"/>
						<SP ID="P6_SP01179" HPOS="1447" VPOS="1543" WIDTH="27"/>
						<String ID="word001201" HPOS="1474" VPOS="1498" WIDTH="93" HEIGHT="47" CONTENT="(Mr." WC="0.97" CC="0100"/>
						<SP ID="P6_SP01180" HPOS="1567" VPOS="1545" WIDTH="0"/>
					</TextLine>
					<TextLine ID="P6_TL00113" HPOS="233" VPOS="1540" WIDTH="1338" HEIGHT="51">
						<String ID="word001202" HPOS="233" VPOS="1540" WIDTH="236" HEIGHT="41" CONTENT="Beresford)," WC="0.94" CC="00140010000"/>
						<SP ID="P6_SP01181" HPOS="469" VPOS="1581" WIDTH="27"/>
						<String ID="word001203" HPOS="496" VPOS="1543" WIDTH="109" HEIGHT="34" CONTENT="when" WC="0.94" CC="2000"/>
						<SP ID="P6_SP01182" HPOS="605" VPOS="1581" WIDTH="33"/>
						<String ID="word001204" HPOS="638" VPOS="1545" WIDTH="72" HEIGHT="33" CONTENT="Mr." WC="0.96" CC="100"/>
						<SP ID="P6_SP01183" HPOS="710" VPOS="1581" WIDTH="26"/>
						<String ID="word001205" HPOS="736" VPOS="1545" WIDTH="111" HEIGHT="33" CONTENT="Corri" WC="0.51" CC="33376"/>
						<SP ID="P6_SP01184" HPOS="847" VPOS="1581" WIDTH="32"/>
						<String ID="word001206" HPOS="879" VPOS="1557" WIDTH="73" HEIGHT="22" CONTENT="was" WC="1.00" CC="000"/>
						<SP ID="P6_SP01185" HPOS="952" VPOS="1581" WIDTH="38"/>
						<String ID="word001207" HPOS="990" VPOS="1546" WIDTH="248" HEIGHT="45" CONTENT="interrogated" WC="0.94" CC="001000001040"/>
						<SP ID="P6_SP01186" HPOS="1238" VPOS="1591" WIDTH="28"/>
						<String ID="word001208" HPOS="1266" VPOS="1548" WIDTH="47" HEIGHT="43" CONTENT="by" WC="0.44" CC="55"/>
						<SP ID="P6_SP01187" HPOS="1313" VPOS="1591" WIDTH="38"/>
						<String ID="word001209" HPOS="1351" VPOS="1547" WIDTH="87" HEIGHT="33" CONTENT="him." WC="1.00" CC="0000"/>
						<SP ID="P6_SP01188" HPOS="1439" VPOS="1591" WIDTH="74"/>
						<String ID="word001210" HPOS="1513" VPOS="1547" WIDTH="58" HEIGHT="33" CONTENT="He" WC="0.94" CC="10"/>
						<SP ID="P6_SP01189" HPOS="1571" VPOS="1591" WIDTH="0"/>
					</TextLine>
					<TextLine ID="P6_TL00114" HPOS="227" VPOS="1589" WIDTH="1344" HEIGHT="48">
						<String ID="word001211" HPOS="227" VPOS="1589" WIDTH="202" HEIGHT="33" CONTENT="concluded" WC="0.93" CC="000311001"/>
						<SP ID="P6_SP01190" HPOS="429" VPOS="1622" WIDTH="20"/>
						<String ID="word001212" HPOS="449" VPOS="1591" WIDTH="45" HEIGHT="43" CONTENT="by" WC="1.00" CC="00"/>
						<SP ID="P6_SP01191" HPOS="494" VPOS="1633" WIDTH="21"/>
						<String ID="word001213" HPOS="515" VPOS="1591" WIDTH="170" HEIGHT="45" CONTENT="bringing" WC="0.94" CC="10001002"/>
						<SP ID="P6_SP01192" HPOS="685" VPOS="1636" WIDTH="18"/>
						<String ID="word001214" HPOS="703" VPOS="1603" WIDTH="51" HEIGHT="34" CONTENT="up" WC="1.00" CC="00"/>
						<SP ID="P6_SP01193" HPOS="754" VPOS="1637" WIDTH="21"/>
						<String ID="word001215" HPOS="775" VPOS="1592" WIDTH="63" HEIGHT="33" CONTENT="the" WC="0.96" CC="001"/>
						<SP ID="P6_SP01194" HPOS="837" VPOS="1637" WIDTH="18"/>
						<String ID="word001216" HPOS="855" VPOS="1593" WIDTH="181" HEIGHT="43" CONTENT="Petition," WC="1.00" CC="000000000"/>
						<SP ID="P6_SP01195" HPOS="1036" VPOS="1637" WIDTH="19"/>
						<String ID="word001217" HPOS="1055" VPOS="1593" WIDTH="133" HEIGHT="40" CONTENT="which" WC="0.71" CC="33223"/>
						<SP ID="P6_SP01196" HPOS="1188" VPOS="1637" WIDTH="24"/>
						<String ID="word001218" HPOS="1212" VPOS="1605" WIDTH="76" HEIGHT="24" CONTENT="was" WC="0.89" CC="003"/>
						<SP ID="P6_SP01197" HPOS="1287" VPOS="1637" WIDTH="24"/>
						<String ID="word001219" HPOS="1311" VPOS="1596" WIDTH="37" HEIGHT="32" CONTENT="in" WC="1.00" CC="00"/>
						<SP ID="P6_SP01198" HPOS="1348" VPOS="1637" WIDTH="17"/>
						<String ID="word001220" HPOS="1364" VPOS="1596" WIDTH="207" HEIGHT="40" CONTENT="substance," WC="0.99" CC="0000010000"/>
						<SP ID="P6_SP01199" HPOS="1571" VPOS="1637" WIDTH="0"/>
					</TextLine>
					<TextLine ID="P6_TL00115" HPOS="227" VPOS="1636" WIDTH="1344" HEIGHT="52">
						<String ID="word001221" HPOS="227" VPOS="1637" WIDTH="81" HEIGHT="33" CONTENT="that" WC="1.00" CC="0000"/>
						<SP ID="P6_SP01200" HPOS="308" VPOS="1670" WIDTH="22"/>
						<String ID="word001222" HPOS="331" VPOS="1637" WIDTH="73" HEIGHT="33" CONTENT="Mr." WC="1.00" CC="000"/>
						<SP ID="P6_SP01201" HPOS="404" VPOS="1670" WIDTH="18"/>
						<String ID="word001223" HPOS="422" VPOS="1636" WIDTH="111" HEIGHT="34" CONTENT="Peter" WC="0.98" CC="10000"/>
						<SP ID="P6_SP01202" HPOS="533" VPOS="1670" WIDTH="20"/>
						<String ID="word001224" HPOS="553" VPOS="1637" WIDTH="177" HEIGHT="46" CONTENT="Finnerty" WC="0.83" CC="30140130"/>
						<SP ID="P6_SP01203" HPOS="730" VPOS="1683" WIDTH="17"/>
						<String ID="word001225" HPOS="746" VPOS="1639" WIDTH="72" HEIGHT="33" CONTENT="had" WC="0.89" CC="300"/>
						<SP ID="P6_SP01204" HPOS="819" VPOS="1683" WIDTH="14"/>
						<String ID="word001226" HPOS="833" VPOS="1641" WIDTH="111" HEIGHT="33" CONTENT="heard" WC="0.95" CC="10001"/>
						<SP ID="P6_SP01205" HPOS="944" VPOS="1683" WIDTH="21"/>
						<String ID="word001227" HPOS="965" VPOS="1639" WIDTH="80" HEIGHT="48" CONTENT="with" WC="0.55" CC="2223"/>
						<String ID="word001228" HPOS="1045" VPOS="1639" WIDTH="20" HEIGHT="48" CONTENT="." STYLE="superscript" WC="0.55" CC="8"/>
						<String ID="word001229" HPOS="1065" VPOS="1639" WIDTH="181" HEIGHT="48" CONTENT='"&amp;urprize' WC="0.55" CC="883335433"/>
						<SP ID="P6_SP01206" HPOS="1246" VPOS="1688" WIDTH="13"/>
						<String ID="word001230" HPOS="1259" VPOS="1643" WIDTH="70" HEIGHT="33" CONTENT="and" WC="1.00" CC="000"/>
						<SP ID="P6_SP01207" HPOS="1329" VPOS="1688" WIDTH="13"/>
						<String ID="word001231" HPOS="1342" VPOS="1648" WIDTH="137" HEIGHT="38" CONTENT="regret," WC="0.98" CC="0000100"/>
						<SP ID="P6_SP01208" HPOS="1479" VPOS="1688" WIDTH="13"/>
						<String ID="word001232" HPOS="1492" VPOS="1644" WIDTH="79" HEIGHT="32" CONTENT="that" WC="0.97" CC="0100"/>
						<SP ID="P6_SP01209" HPOS="1571" VPOS="1688" WIDTH="0"/>
					</TextLine>
					<TextLine ID="P6_TL00116" HPOS="229" VPOS="1683" WIDTH="1342" HEIGHT="51">
						<String ID="word001233" HPOS="229" VPOS="1683" WIDTH="37" HEIGHT="33" CONTENT="in" WC="1.00" CC="00"/>
						<SP ID="P6_SP01210" HPOS="266" VPOS="1716" WIDTH="19"/>
						<String ID="word001234" HPOS="285" VPOS="1683" WIDTH="63" HEIGHT="34" CONTENT="the" WC="0.89" CC="030"/>
						<SP ID="P6_SP01211" HPOS="347" VPOS="1717" WIDTH="19"/>
						<String ID="word001235" HPOS="366" VPOS="1695" WIDTH="128" HEIGHT="22" CONTENT="course" WC="1.00" CC="000000"/>
						<SP ID="P6_SP01212" HPOS="494" VPOS="1717" WIDTH="35"/>
						<String ID="word001236" HPOS="529" VPOS="1684" WIDTH="47" HEIGHT="34" CONTENT="of" WC="1.00" CC="00"/>
						<SP ID="P6_SP01213" HPOS="576" VPOS="1719" WIDTH="26"/>
						<String ID="word001237" HPOS="602" VPOS="1685" WIDTH="61" HEIGHT="34" CONTENT="the" WC="1.00" CC="000"/>
						<SP ID="P6_SP01214" HPOS="664" VPOS="1720" WIDTH="19"/>
						<String ID="word001238" HPOS="683" VPOS="1688" WIDTH="255" HEIGHT="34" CONTENT="examination" WC="0.99" CC="10000000000"/>
						<SP ID="P6_SP01215" HPOS="938" VPOS="1722" WIDTH="20"/>
						<String ID="word001239" HPOS="958" VPOS="1698" WIDTH="85" HEIGHT="24" CONTENT="now" WC="0.96" CC="001"/>
						<SP ID="P6_SP01216" HPOS="1043" VPOS="1722" WIDTH="32"/>
						<String ID="word001240" HPOS="1075" VPOS="1696" WIDTH="91" HEIGHT="34" CONTENT="earr." WC="0.56" CC="70337" STYLEREFS="TXT_3"/>
						<SP ID="P6_SP01217" HPOS="1166" VPOS="1730" WIDTH="22"/>
						<String ID="word001241" HPOS="1188" VPOS="1691" WIDTH="60" HEIGHT="43" CONTENT="ing" WC="0.96" CC="010"/>
						<SP ID="P6_SP01218" HPOS="1248" VPOS="1734" WIDTH="34"/>
						<String ID="word001242" HPOS="1283" VPOS="1700" WIDTH="46" HEIGHT="24" CONTENT="on" WC="1.00" CC="00"/>
						<SP ID="P6_SP01219" HPOS="1329" VPOS="1734" WIDTH="26"/>
						<String ID="word001243" HPOS="1355" VPOS="1689" WIDTH="128" HEIGHT="34" CONTENT="befw•e" WC="0.59" CC="333553"/>
						<SP ID="P6_SP01220" HPOS="1482" VPOS="1734" WIDTH="28"/>
						<String ID="word001244" HPOS="1511" VPOS="1689" WIDTH="60" HEIGHT="33" CONTENT="the" WC="1.00" CC="000"/>
						<SP ID="P6_SP01221" HPOS="1571" VPOS="1734" WIDTH="0"/>
					</TextLine>
					<TextLine ID="P6_TL00117" HPOS="228" VPOS="1729" WIDTH="1341" HEIGHT="52">
						<String ID="word001245" HPOS="228" VPOS="1729" WIDTH="129" HEIGHT="34" CONTENT="House" WC="0.91" CC="40000"/>
						<SP ID="P6_SP01222" HPOS="357" VPOS="1763" WIDTH="19"/>
						<String ID="word001246" HPOS="376" VPOS="1731" WIDTH="157" HEIGHT="43" CONTENT="relative" WC="0.99" CC="00000001"/>
						<SP ID="P6_SP01223" HPOS="533" VPOS="1774" WIDTH="18"/>
						<String ID="word001247" HPOS="550" VPOS="1737" WIDTH="41" HEIGHT="30" CONTENT="to" WC="1.00" CC="00"/>
						<SP ID="P6_SP01224" HPOS="592" VPOS="1774" WIDTH="18"/>
						<String ID="word001248" HPOS="609" VPOS="1733" WIDTH="63" HEIGHT="34" CONTENT="the" WC="0.85" CC="031"/>
						<SP ID="P6_SP01225" HPOS="672" VPOS="1774" WIDTH="21"/>
						<String ID="word001249" HPOS="693" VPOS="1735" WIDTH="113" HEIGHT="33" CONTENT="Duke" WC="0.89" CC="3100"/>
						<SP ID="P6_SP01226" HPOS="807" VPOS="1774" WIDTH="22"/>
						<String ID="word001250" HPOS="829" VPOS="1735" WIDTH="44" HEIGHT="33" CONTENT="of" WC="1.00" CC="00"/>
						<SP ID="P6_SP01227" HPOS="873" VPOS="1774" WIDTH="26"/>
						<String ID="word001251" HPOS="899" VPOS="1736" WIDTH="132" HEIGHT="41" CONTENT="York," WC="0.98" CC="10000"/>
						<SP ID="P6_SP01228" HPOS="1031" VPOS="1778" WIDTH="30"/>
						<String ID="word001252" HPOS="1061" VPOS="1737" WIDTH="187" HEIGHT="44" CONTENT="questions" WC="1.00" CC="000000000"/>
						<SP ID="P6_SP01229" HPOS="1247" VPOS="1781" WIDTH="35"/>
						<String ID="word001253" HPOS="1283" VPOS="1736" WIDTH="69" HEIGHT="33" CONTENT="had" WC="0.96" CC="100"/>
						<SP ID="P6_SP01230" HPOS="1351" VPOS="1781" WIDTH="31"/>
						<String ID="word001254" HPOS="1382" VPOS="1737" WIDTH="91" HEIGHT="33" CONTENT="been" WC="0.83" CC="1104"/>
						<SP ID="P6_SP01231" HPOS="1473" VPOS="1781" WIDTH="32"/>
						<String ID="word001255" HPOS="1505" VPOS="1744" WIDTH="64" HEIGHT="37" CONTENT="put" WC="1.00" CC="000"/>
						<SP ID="P6_SP01232" HPOS="1569" VPOS="1781" WIDTH="0"/>
					</TextLine>
					<TextLine ID="P6_TL00118" HPOS="226" VPOS="1778" WIDTH="1344" HEIGHT="52">
						<String ID="word001256" HPOS="226" VPOS="1778" WIDTH="189" HEIGHT="45" CONTENT="implying" WC="0.93" CC="10110101"/>
						<SP ID="P6_SP01233" HPOS="415" VPOS="1822" WIDTH="15"/>
						<String ID="word001257" HPOS="430" VPOS="1781" WIDTH="203" HEIGHT="44" CONTENT="suspicions" WC="0.98" CC="0000100010"/>
						<SP ID="P6_SP01234" HPOS="633" VPOS="1825" WIDTH="18"/>
						<String ID="word001258" HPOS="651" VPOS="1781" WIDTH="128" HEIGHT="34" CONTENT="which" WC="0.93" CC="11010"/>
						<SP ID="P6_SP01235" HPOS="778" VPOS="1825" WIDTH="32"/>
						<String ID="word001259" HPOS="810" VPOS="1782" WIDTH="115" HEIGHT="44" CONTENT="might" WC="1.00" CC="00000"/>
						<SP ID="P6_SP01236" HPOS="925" VPOS="1826" WIDTH="32"/>
						<String ID="word001260" HPOS="957" VPOS="1783" WIDTH="164" HEIGHT="45" CONTENT="produce" WC="1.00" CC="0000000"/>
						<SP ID="P6_SP01237" HPOS="1121" VPOS="1828" WIDTH="19"/>
						<String ID="word001261" HPOS="1140" VPOS="1795" WIDTH="44" HEIGHT="22" CONTENT="an" WC="0.94" CC="10"/>
						<SP ID="P6_SP01238" HPOS="1183" VPOS="1828" WIDTH="20"/>
						<String ID="word001262" HPOS="1204" VPOS="1785" WIDTH="216" HEIGHT="44" CONTENT="impression" WC="0.84" CC="2310150110"/>
						<SP ID="P6_SP01239" HPOS="1420" VPOS="1828" WIDTH="20"/>
						<String ID="word001263" HPOS="1440" VPOS="1783" WIDTH="112" HEIGHT="46" CONTENT="injuri" SUBS_TYPE="HypPart1" SUBS_CONTENT="injurious" WC="0.81" CC="263100"/>
						<HYP HPOS="1552" VPOS="1783" WIDTH="18" CONTENT="-"/>
					</TextLine>
					<TextLine ID="P6_TL00119" HPOS="227" VPOS="1826" WIDTH="1344" HEIGHT="50">
						<String ID="word001264" HPOS="227" VPOS="1835" WIDTH="65" HEIGHT="24" CONTENT="ous" SUBS_TYPE="HypPart2" SUBS_CONTENT="injurious" WC="0.96" CC="100"/>
						<SP ID="P6_SP01240" HPOS="292" VPOS="1859" WIDTH="20"/>
						<String ID="word001265" HPOS="312" VPOS="1832" WIDTH="38" HEIGHT="27" CONTENT="to" WC="1.00" CC="00"/>
						<SP ID="P6_SP01241" HPOS="350" VPOS="1859" WIDTH="19"/>
						<String ID="word001266" HPOS="369" VPOS="1826" WIDTH="74" HEIGHT="33" CONTENT="him" WC="1.00" CC="000"/>
						<SP ID="P6_SP01242" HPOS="443" VPOS="1859" WIDTH="19"/>
						<String ID="word001267" HPOS="462" VPOS="1838" WIDTH="98" HEIGHT="34" CONTENT="upon" WC="1.00" CC="0000"/>
						<SP ID="P6_SP01243" HPOS="560" VPOS="1872" WIDTH="19"/>
						<String ID="word001268" HPOS="579" VPOS="1839" WIDTH="25" HEIGHT="22" CONTENT="a" WC="1.00" CC="0"/>
						<SP ID="P6_SP01244" HPOS="604" VPOS="1872" WIDTH="15"/>
						<String ID="word001269" HPOS="619" VPOS="1830" WIDTH="241" HEIGHT="43" CONTENT="prosecution" WC="0.98" CC="00001000100"/>
						<SP ID="P6_SP01245" HPOS="860" VPOS="1872" WIDTH="24"/>
						<String ID="word001270" HPOS="883" VPOS="1832" WIDTH="191" HEIGHT="33" CONTENT="instituted" WC="0.98" CC="0010001000"/>
						<SP ID="P6_SP01246" HPOS="1075" VPOS="1872" WIDTH="19"/>
						<String ID="word001271" HPOS="1094" VPOS="1833" WIDTH="143" HEIGHT="43" CONTENT="against" WC="0.92" CC="1210100"/>
						<SP ID="P6_SP01247" HPOS="1237" VPOS="1876" WIDTH="15"/>
						<String ID="word001272" HPOS="1252" VPOS="1832" WIDTH="77" HEIGHT="33" CONTENT="him" WC="0.96" CC="001"/>
						<SP ID="P6_SP01248" HPOS="1329" VPOS="1876" WIDTH="19"/>
						<String ID="word001273" HPOS="1348" VPOS="1833" WIDTH="45" HEIGHT="43" CONTENT="by" WC="1.00" CC="00"/>
						<SP ID="P6_SP01249" HPOS="1393" VPOS="1876" WIDTH="22"/>
						<String ID="word001274" HPOS="1415" VPOS="1833" WIDTH="54" HEIGHT="32" CONTENT="his" WC="0.96" CC="001"/>
						<SP ID="P6_SP01250" HPOS="1469" VPOS="1876" WIDTH="22"/>
						<String ID="word001275" HPOS="1492" VPOS="1833" WIDTH="53" HEIGHT="32" CONTENT="Ma" SUBS_TYPE="HypPart1" SUBS_CONTENT="Majesty's" WC="1.00" CC="00"/>
						<HYP HPOS="1545" VPOS="1833" WIDTH="26" CONTENT="-"/>
					</TextLine>
					<TextLine ID="P6_TL00120" HPOS="216" VPOS="1870" WIDTH="1355" HEIGHT="54">
						<String ID="word001276" HPOS="216" VPOS="1870" WIDTH="143" HEIGHT="47" CONTENT="jesty's" SUBS_TYPE="HypPart2" SUBS_CONTENT="Majesty's" WC="0.95" CC="2010000"/>
						<SP ID="P6_SP01251" HPOS="359" VPOS="1917" WIDTH="33"/>
						<String ID="word001277" HPOS="392" VPOS="1876" WIDTH="383" HEIGHT="44" CONTENT="Attorney-General." WC="0.90" CC="00001004220201003"/>
						<SP ID="P6_SP01252" HPOS="775" VPOS="1919" WIDTH="53"/>
						<String ID="word001278" HPOS="828" VPOS="1878" WIDTH="61" HEIGHT="33" CONTENT="He" WC="0.89" CC="11"/>
						<SP ID="P6_SP01253" HPOS="889" VPOS="1919" WIDTH="17"/>
						<String ID="word001279" HPOS="906" VPOS="1879" WIDTH="201" HEIGHT="45" CONTENT="expressed" WC="0.80" CC="410113240"/>
						<SP ID="P6_SP01254" HPOS="1107" VPOS="1924" WIDTH="20"/>
						<String ID="word001280" HPOS="1127" VPOS="1879" WIDTH="56" HEIGHT="33" CONTENT="his" WC="0.89" CC="003"/>
						<SP ID="P6_SP01255" HPOS="1182" VPOS="1924" WIDTH="20"/>
						<String ID="word001281" HPOS="1202" VPOS="1879" WIDTH="224" HEIGHT="45" CONTENT="willingness" WC="0.98" CC="00010010000"/>
						<SP ID="P6_SP01256" HPOS="1427" VPOS="1924" WIDTH="31"/>
						<String ID="word001282" HPOS="1457" VPOS="1885" WIDTH="44" HEIGHT="27" CONTENT="to" WC="0.72" CC="05"/>
						<SP ID="P6_SP01257" HPOS="1501" VPOS="1924" WIDTH="25"/>
						<String ID="word001283" HPOS="1526" VPOS="1881" WIDTH="45" HEIGHT="32" CONTENT="be" WC="1.00" CC="00"/>
						<SP ID="P6_SP01258" HPOS="1571" VPOS="1924" WIDTH="0"/>
					</TextLine>
					<TextLine ID="P6_TL00121" HPOS="224" VPOS="1919" WIDTH="1346" HEIGHT="52">
						<String ID="word001284" HPOS="224" VPOS="1919" WIDTH="123" HEIGHT="34" CONTENT="called" WC="0.98" CC="000010"/>
						<SP ID="P6_SP01259" HPOS="347" VPOS="1954" WIDTH="18"/>
						<String ID="word001285" HPOS="365" VPOS="1931" WIDTH="40" HEIGHT="24" CONTENT="as" WC="0.94" CC="10"/>
						<SP ID="P6_SP01260" HPOS="405" VPOS="1955" WIDTH="28"/>
						<String ID="word001286" HPOS="433" VPOS="1932" WIDTH="22" HEIGHT="22" CONTENT="a" WC="1.00" CC="0"/>
						<SP ID="P6_SP01261" HPOS="456" VPOS="1955" WIDTH="21"/>
						<String ID="word001287" HPOS="477" VPOS="1924" WIDTH="146" HEIGHT="33" CONTENT="witness" WC="0.98" CC="1000000"/>
						<SP ID="P6_SP01262" HPOS="624" VPOS="1957" WIDTH="28"/>
						<String ID="word001288" HPOS="652" VPOS="1924" WIDTH="123" HEIGHT="34" CONTENT="tl.the" WC="0.48" CC="685333"/>
						<SP ID="P6_SP01263" HPOS="775" VPOS="1958" WIDTH="24"/>
						<String ID="word001289" HPOS="798" VPOS="1923" WIDTH="74" HEIGHT="35" CONTENT="Bar" WC="0.89" CC="210" STYLEREFS="TXT_3"/>
						<SP ID="P6_SP01264" HPOS="873" VPOS="1958" WIDTH="18"/>
						<String ID="word001290" HPOS="891" VPOS="1926" WIDTH="41" HEIGHT="32" CONTENT="of" WC="1.00" CC="00"/>
						<SP ID="P6_SP01265" HPOS="932" VPOS="1958" WIDTH="27"/>
						<String ID="word001291" HPOS="959" VPOS="1925" WIDTH="65" HEIGHT="35" CONTENT="the" WC="1.00" CC="000"/>
						<SP ID="P6_SP01266" HPOS="1024" VPOS="1961" WIDTH="31"/>
						<String ID="word001292" HPOS="1055" VPOS="1928" WIDTH="145" HEIGHT="41" CONTENT="house," WC="0.67" CC="722232"/>
						<SP ID="P6_SP01267" HPOS="1200" VPOS="1969" WIDTH="26"/>
						<String ID="word001293" HPOS="1226" VPOS="1925" WIDTH="72" HEIGHT="35" CONTENT="and" WC="0.96" CC="100"/>
						<SP ID="P6_SP01268" HPOS="1298" VPOS="1969" WIDTH="25"/>
						<String ID="word001294" HPOS="1323" VPOS="1937" WIDTH="145" HEIGHT="25" CONTENT="answer" WC="0.98" CC="000010"/>
						<SP ID="P6_SP01269" HPOS="1468" VPOS="1969" WIDTH="30"/>
						<String ID="word001295" HPOS="1498" VPOS="1937" WIDTH="72" HEIGHT="34" CONTENT="any" WC="0.96" CC="100"/>
						<SP ID="P6_SP01270" HPOS="1570" VPOS="1971" WIDTH="0"/>
					</TextLine>
					<TextLine ID="P6_TL00122" HPOS="224" VPOS="1968" WIDTH="1347" HEIGHT="47">
						<String ID="word001296" HPOS="224" VPOS="1968" WIDTH="190" HEIGHT="43" CONTENT="questions" WC="0.99" CC="000000010"/>
						<SP ID="P6_SP01271" HPOS="415" VPOS="2010" WIDTH="17"/>
						<String ID="word001297" HPOS="431" VPOS="1970" WIDTH="78" HEIGHT="32" CONTENT="that" WC="0.97" CC="0010"/>
						<SP ID="P6_SP01272" HPOS="509" VPOS="2010" WIDTH="19"/>
						<String ID="word001298" HPOS="528" VPOS="1970" WIDTH="118" HEIGHT="44" CONTENT="might" WC="0.95" CC="00200"/>
						<SP ID="P6_SP01273" HPOS="646" VPOS="2014" WIDTH="31"/>
						<String ID="word001299" HPOS="677" VPOS="1971" WIDTH="45" HEIGHT="33" CONTENT="be" WC="0.94" CC="01"/>
						<SP ID="P6_SP01274" HPOS="722" VPOS="2014" WIDTH="32"/>
						<String ID="word001300" HPOS="754" VPOS="1977" WIDTH="67" HEIGHT="38" CONTENT="put" WC="1.00" CC="000"/>
						<SP ID="P6_SP01275" HPOS="821" VPOS="2015" WIDTH="26"/>
						<String ID="word001301" HPOS="847" VPOS="1977" WIDTH="38" HEIGHT="28" CONTENT="to" WC="1.00" CC="00"/>
						<SP ID="P6_SP01276" HPOS="885" VPOS="2015" WIDTH="27"/>
						<String ID="word001302" HPOS="912" VPOS="1974" WIDTH="92" HEIGHT="41" CONTENT="him," WC="0.97" CC="0100"/>
						<SP ID="P6_SP01277" HPOS="1004" VPOS="2015" WIDTH="30"/>
						<String ID="word001303" HPOS="1033" VPOS="1974" WIDTH="125" HEIGHT="34" CONTENT="which" WC="0.95" CC="20000"/>
						<SP ID="P6_SP01278" HPOS="1159" VPOS="2015" WIDTH="27"/>
						<String ID="word001304" HPOS="1186" VPOS="1984" WIDTH="162" HEIGHT="25" CONTENT="answers" WC="0.98" CC="0010000"/>
						<SP ID="P6_SP01279" HPOS="1348" VPOS="2015" WIDTH="17"/>
						<String ID="word001305" HPOS="1364" VPOS="1976" WIDTH="131" HEIGHT="33" CONTENT="should" WC="0.98" CC="001000"/>
						<SP ID="P6_SP01280" HPOS="1495" VPOS="2015" WIDTH="32"/>
						<String ID="word001306" HPOS="1527" VPOS="1976" WIDTH="44" HEIGHT="33" CONTENT="be" WC="1.00" CC="00"/>
						<SP ID="P6_SP01281" HPOS="1571" VPOS="2015" WIDTH="0"/>
					</TextLine>
					<TextLine ID="P6_TL00123" HPOS="222" VPOS="2015" WIDTH="1159" HEIGHT="46">
						<String ID="word001307" HPOS="222" VPOS="2015" WIDTH="132" HEIGHT="40" CONTENT="frank," WC="0.85" CC="000341"/>
						<SP ID="P6_SP01282" HPOS="354" VPOS="2055" WIDTH="22"/>
						<String ID="word001308" HPOS="377" VPOS="2015" WIDTH="86" HEIGHT="43" CONTENT="full," WC="0.89" CC="05000"/>
						<SP ID="P6_SP01283" HPOS="463" VPOS="2057" WIDTH="21"/>
						<String ID="word001309" HPOS="484" VPOS="2017" WIDTH="72" HEIGHT="33" CONTENT="and" WC="0.96" CC="100"/>
						<SP ID="P6_SP01284" HPOS="556" VPOS="2057" WIDTH="18"/>
						<String ID="word001310" HPOS="574" VPOS="2020" WIDTH="403" HEIGHT="41" CONTENT="explicit.—Ordered" WC="0.72" CC="33343233345006000"/>
						<SP ID="P6_SP01285" HPOS="977" VPOS="2061" WIDTH="20"/>
						<String ID="word001311" HPOS="997" VPOS="2022" WIDTH="104" HEIGHT="32" CONTENT="toile" WC="0.73" CC="01551"/>
						<SP ID="P6_SP01286" HPOS="1101" VPOS="2061" WIDTH="19"/>
						<String ID="word001312" HPOS="1120" VPOS="2034" WIDTH="46" HEIGHT="21" CONTENT="on" WC="1.00" CC="00"/>
						<SP ID="P6_SP01287" HPOS="1166" VPOS="2061" WIDTH="19"/>
						<String ID="word001313" HPOS="1185" VPOS="2022" WIDTH="59" HEIGHT="33" CONTENT="the" WC="1.00" CC="000"/>
						<SP ID="P6_SP01288" HPOS="1244" VPOS="2061" WIDTH="20"/>
						<String ID="word001314" HPOS="1264" VPOS="2022" WIDTH="117" HEIGHT="34" CONTENT="table." WC="0.98" CC="010000"/>
						<SP ID="P6_SP01289" HPOS="1381" VPOS="2061" WIDTH="0"/>
					</TextLine>
				</TextBlock>
				<TextBlock ID="pa0006012" HPOS="219" VPOS="2072" WIDTH="1352" HEIGHT="377" STYLEREFS="TXT_0 PAR_BLOCK">
					<TextLine ID="P6_TL00124" HPOS="276" VPOS="2073" WIDTH="1294" HEIGHT="53">
						<String ID="word001315" HPOS="276" VPOS="2074" WIDTH="272" HEIGHT="35" CONTENT="Examination" WC="0.97" CC="00000100011"/>
						<SP ID="P6_SP01290" HPOS="548" VPOS="2109" WIDTH="20"/>
						<String ID="word001316" HPOS="568" VPOS="2076" WIDTH="45" HEIGHT="33" CONTENT="of" WC="1.00" CC="00"/>
						<SP ID="P6_SP01291" HPOS="613" VPOS="2109" WIDTH="24"/>
						<String ID="word001317" HPOS="637" VPOS="2078" WIDTH="90" HEIGHT="35" CONTENT="Mrs." WC="0.94" CC="1100"/>
						<SP ID="P6_SP01292" HPOS="726" VPOS="2113" WIDTH="18"/>
						<String ID="word001318" HPOS="744" VPOS="2073" WIDTH="299" HEIGHT="52" CONTENT="Clarke.—When" WC="0.59" CC="242322335737"/>
						<String ID="word001319" HPOS="1043" VPOS="2073" WIDTH="25" HEIGHT="52" CONTENT="." STYLE="subscript" WC="0.59" CC="8"/>
						<String ID="word001320" HPOS="1068" VPOS="2073" WIDTH="100" HEIGHT="52" CONTENT="this" WC="0.59" CC="3333"/>
						<SP ID="P6_SP01293" HPOS="1168" VPOS="2125" WIDTH="20"/>
						<String ID="word001321" HPOS="1188" VPOS="2082" WIDTH="105" HEIGHT="44" CONTENT="Lady" WC="0.97" CC="1000"/>
						<SP ID="P6_SP01294" HPOS="1293" VPOS="2126" WIDTH="21"/>
						<String ID="word001322" HPOS="1315" VPOS="2092" WIDTH="74" HEIGHT="24" CONTENT="was" WC="0.96" CC="010"/>
						<SP ID="P6_SP01295" HPOS="1389" VPOS="2126" WIDTH="17"/>
						<String ID="word001323" HPOS="1406" VPOS="2081" WIDTH="164" HEIGHT="34" CONTENT="directed" WC="0.92" CC="01000041"/>
						<SP ID="P6_SP01296" HPOS="1570" VPOS="2126" WIDTH="0"/>
					</TextLine>
					<TextLine ID="P6_TL00125" HPOS="223" VPOS="2121" WIDTH="1347" HEIGHT="53">
						<String ID="word001324" HPOS="223" VPOS="2126" WIDTH="40" HEIGHT="28" CONTENT="to" WC="1.00" CC="00"/>
						<SP ID="P6_SP01297" HPOS="263" VPOS="2154" WIDTH="31"/>
						<String ID="word001325" HPOS="294" VPOS="2121" WIDTH="46" HEIGHT="33" CONTENT="he" WC="0.72" CC="50"/>
						<SP ID="P6_SP01298" HPOS="340" VPOS="2154" WIDTH="30"/>
						<String ID="word001326" HPOS="370" VPOS="2122" WIDTH="119" HEIGHT="34" CONTENT="called" WC="0.93" CC="100210"/>
						<SP ID="P6_SP01299" HPOS="489" VPOS="2157" WIDTH="39"/>
						<String ID="word001327" HPOS="528" VPOS="2125" WIDTH="52" HEIGHT="40" CONTENT="in," WC="1.00" CC="000"/>
						<SP ID="P6_SP01300" HPOS="580" VPOS="2165" WIDTH="31"/>
						<String ID="word001328" HPOS="611" VPOS="2135" WIDTH="44" HEIGHT="24" CONTENT="an" WC="0.89" CC="11"/>
						<SP ID="P6_SP01301" HPOS="654" VPOS="2165" WIDTH="35"/>
						<String ID="word001329" HPOS="690" VPOS="2126" WIDTH="152" HEIGHT="34" CONTENT="unusual" WC="0.79" CC="1403131"/>
						<SP ID="P6_SP01302" HPOS="842" VPOS="2165" WIDTH="37"/>
						<String ID="word001330" HPOS="879" VPOS="2127" WIDTH="150" HEIGHT="35" CONTENT="interest" WC="0.97" CC="01010000"/>
						<SP ID="P6_SP01303" HPOS="1029" VPOS="2165" WIDTH="30"/>
						<String ID="word001331" HPOS="1058" VPOS="2131" WIDTH="193" HEIGHT="43" CONTENT="appeared" WC="0.94" CC="21000010"/>
						<SP ID="P6_SP01304" HPOS="1251" VPOS="2173" WIDTH="24"/>
						<String ID="word001332" HPOS="1274" VPOS="2137" WIDTH="39" HEIGHT="26" CONTENT="to" WC="1.00" CC="00"/>
						<SP ID="P6_SP01305" HPOS="1313" VPOS="2173" WIDTH="31"/>
						<String ID="word001333" HPOS="1344" VPOS="2131" WIDTH="44" HEIGHT="33" CONTENT="be" WC="1.00" CC="00"/>
						<SP ID="P6_SP01306" HPOS="1388" VPOS="2173" WIDTH="33"/>
						<String ID="word001334" HPOS="1421" VPOS="2131" WIDTH="149" HEIGHT="33" CONTENT="excited" WC="0.97" CC="0000110"/>
						<SP ID="P6_SP01307" HPOS="1570" VPOS="2173" WIDTH="0"/>
					</TextLine>
					<TextLine ID="P6_TL00126" HPOS="220" VPOS="2169" WIDTH="1350" HEIGHT="53">
						<String ID="word001335" HPOS="220" VPOS="2169" WIDTH="169" HEIGHT="45" CONTENT="through" WC="0.98" CC="0000001"/>
						<SP ID="P6_SP01308" HPOS="389" VPOS="2213" WIDTH="13"/>
						<String ID="word001336" HPOS="402" VPOS="2170" WIDTH="63" HEIGHT="38" CONTENT="the" WC="1.00" CC="000"/>
						<SP ID="P6_SP01309" HPOS="464" VPOS="2213" WIDTH="20"/>
						<String ID="word001337" HPOS="484" VPOS="2172" WIDTH="143" HEIGHT="41" CONTENT="House," WC="1.00" CC="000000"/>
						<SP ID="P6_SP01310" HPOS="627" VPOS="2213" WIDTH="17"/>
						<String ID="word001338" HPOS="644" VPOS="2173" WIDTH="71" HEIGHT="33" CONTENT="and" WC="0.96" CC="010"/>
						<SP ID="P6_SP01311" HPOS="715" VPOS="2213" WIDTH="15"/>
						<String ID="word001339" HPOS="730" VPOS="2173" WIDTH="31" HEIGHT="34" CONTENT="it" WC="1.00" CC="00"/>
						<SP ID="P6_SP01312" HPOS="761" VPOS="2213" WIDTH="27"/>
						<String ID="word001340" HPOS="788" VPOS="2185" WIDTH="72" HEIGHT="24" CONTENT="wa3" WC="0.52" CC="346"/>
						<SP ID="P6_SP01313" HPOS="860" VPOS="2213" WIDTH="19"/>
						<String ID="word001341" HPOS="879" VPOS="2185" WIDTH="98" HEIGHT="24" CONTENT="some" WC="0.97" CC="0010"/>
						<SP ID="P6_SP01314" HPOS="977" VPOS="2213" WIDTH="17"/>
						<String ID="word001342" HPOS="993" VPOS="2177" WIDTH="90" HEIGHT="33" CONTENT="time" WC="1.00" CC="0000"/>
						<SP ID="P6_SP01315" HPOS="1083" VPOS="2213" WIDTH="20"/>
						<String ID="word001343" HPOS="1103" VPOS="2177" WIDTH="128" HEIGHT="34" CONTENT="before" WC="0.98" CC="100000"/>
						<SP ID="P6_SP01316" HPOS="1231" VPOS="2213" WIDTH="12"/>
						<String ID="word001344" HPOS="1243" VPOS="2177" WIDTH="66" HEIGHT="34" CONTENT="she" WC="1.00" CC="000"/>
						<SP ID="P6_SP01317" HPOS="1309" VPOS="2213" WIDTH="13"/>
						<String ID="word001345" HPOS="1322" VPOS="2178" WIDTH="190" HEIGHT="44" CONTENT="appeared" WC="0.93" CC="11010200"/>
						<SP ID="P6_SP01318" HPOS="1512" VPOS="2222" WIDTH="18"/>
						<String ID="word001346" HPOS="1530" VPOS="2185" WIDTH="40" HEIGHT="26" CONTENT="at" WC="1.00" CC="00"/>
						<SP ID="P6_SP01319" HPOS="1570" VPOS="2222" WIDTH="0"/>
					</TextLine>
					<TextLine ID="P6_TL00127" HPOS="220" VPOS="2215" WIDTH="1351" HEIGHT="48">
						<String ID="word001347" HPOS="220" VPOS="2215" WIDTH="66" HEIGHT="35" CONTENT="the" WC="1.00" CC="000"/>
						<SP ID="P6_SP01320" HPOS="286" VPOS="2250" WIDTH="19"/>
						<String ID="word001348" HPOS="305" VPOS="2217" WIDTH="92" HEIGHT="40" CONTENT="Bar," WC="0.97" CC="0100"/>
						<SP ID="P6_SP01321" HPOS="397" VPOS="2257" WIDTH="19"/>
						<String ID="word001349" HPOS="416" VPOS="2218" WIDTH="70" HEIGHT="32" CONTENT="and" WC="1.00" CC="000"/>
						<SP ID="P6_SP01322" HPOS="485" VPOS="2257" WIDTH="21"/>
						<String ID="word001350" HPOS="507" VPOS="2218" WIDTH="86" HEIGHT="33" CONTENT="then" WC="1.00" CC="0000"/>
						<SP ID="P6_SP01323" HPOS="593" VPOS="2257" WIDTH="13"/>
						<String ID="word001351" HPOS="606" VPOS="2219" WIDTH="190" HEIGHT="44" CONTENT="evidently" WC="1.00" CC="000000000"/>
						<SP ID="P6_SP01324" HPOS="796" VPOS="2263" WIDTH="20"/>
						<String ID="word001352" HPOS="816" VPOS="2222" WIDTH="35" HEIGHT="33" CONTENT="in" WC="1.00" CC="00"/>
						<SP ID="P6_SP01325" HPOS="852" VPOS="2263" WIDTH="15"/>
						<String ID="word001353" HPOS="867" VPOS="2231" WIDTH="25" HEIGHT="24" CONTENT="a" WC="1.00" CC="0"/>
						<SP ID="P6_SP01326" HPOS="892" VPOS="2263" WIDTH="15"/>
						<String ID="word001354" HPOS="907" VPOS="2228" WIDTH="94" HEIGHT="30" CONTENT="state" WC="0.98" CC="00001"/>
						<SP ID="P6_SP01327" HPOS="1002" VPOS="2263" WIDTH="14"/>
						<String ID="word001355" HPOS="1016" VPOS="2223" WIDTH="45" HEIGHT="34" CONTENT="of" WC="1.00" CC="00"/>
						<SP ID="P6_SP01328" HPOS="1061" VPOS="2263" WIDTH="20"/>
						<String ID="word001356" HPOS="1081" VPOS="2224" WIDTH="256" HEIGHT="33" CONTENT="considerable" WC="0.75" CC="222222252222"/>
						<SP ID="P6_SP01329" HPOS="1337" VPOS="2263" WIDTH="13"/>
						<String ID="word001357" HPOS="1350" VPOS="2224" WIDTH="200" HEIGHT="33" CONTENT="embarrass" SUBS_TYPE="HypPart1" SUBS_CONTENT="embarrassment" WC="0.94" CC="010000002"/>
						<HYP HPOS="1550" VPOS="2224" WIDTH="21" CONTENT="-"/>
					</TextLine>
					<TextLine ID="P6_TL00128" HPOS="220" VPOS="2263" WIDTH="1351" HEIGHT="47">
						<String ID="word001358" HPOS="220" VPOS="2268" WIDTH="102" HEIGHT="28" CONTENT="ment" SUBS_TYPE="HypPart2" SUBS_CONTENT="embarrassment" WC="0.89" CC="0040"/>
						<SP ID="P6_SP01330" HPOS="321" VPOS="2296" WIDTH="17"/>
						<String ID="word001359" HPOS="338" VPOS="2263" WIDTH="72" HEIGHT="34" CONTENT="and" WC="1.00" CC="000"/>
						<SP ID="P6_SP01331" HPOS="410" VPOS="2297" WIDTH="13"/>
						<String ID="word001360" HPOS="423" VPOS="2265" WIDTH="274" HEIGHT="44" CONTENT="perturbation." WC="0.98" CC="1000001000000"/>
						<SP ID="P6_SP01332" HPOS="697" VPOS="2309" WIDTH="54"/>
						<String ID="word001361" HPOS="751" VPOS="2268" WIDTH="94" HEIGHT="34" CONTENT="Mrs." WC="1.00" CC="0000"/>
						<SP ID="P6_SP01333" HPOS="846" VPOS="2309" WIDTH="18"/>
						<String ID="word001362" HPOS="863" VPOS="2270" WIDTH="156" HEIGHT="40" CONTENT="Clarke," WC="0.98" CC="0001000"/>
						<SP ID="P6_SP01334" HPOS="1019" VPOS="2310" WIDTH="18"/>
						<String ID="word001363" HPOS="1037" VPOS="2281" WIDTH="41" HEIGHT="22" CONTENT="as" WC="1.00" CC="00"/>
						<SP ID="P6_SP01335" HPOS="1078" VPOS="2310" WIDTH="30"/>
						<String ID="word001364" HPOS="1108" VPOS="2281" WIDTH="59" HEIGHT="24" CONTENT="we" WC="1.00" CC="00"/>
						<SP ID="P6_SP01336" HPOS="1167" VPOS="2310" WIDTH="18"/>
						<String ID="word001365" HPOS="1185" VPOS="2270" WIDTH="237" HEIGHT="39" CONTENT="understood," WC="1.00" CC="00000000000"/>
						<SP ID="P6_SP01337" HPOS="1422" VPOS="2310" WIDTH="13"/>
						<String ID="word001366" HPOS="1435" VPOS="2270" WIDTH="63" HEIGHT="34" CONTENT="for" WC="0.89" CC="012"/>
						<SP ID="P6_SP01338" HPOS="1498" VPOS="2310" WIDTH="9"/>
						<String ID="word001367" HPOS="1507" VPOS="2271" WIDTH="64" HEIGHT="33" CONTENT="she" WC="0.96" CC="010"/>
						<SP ID="P6_SP01339" HPOS="1571" VPOS="2310" WIDTH="0"/>
					</TextLine>
					<TextLine ID="P6_TL00129" HPOS="219" VPOS="2310" WIDTH="1351" HEIGHT="52">
						<String ID="word001368" HPOS="219" VPOS="2310" WIDTH="123" HEIGHT="44" CONTENT="spoke" WC="0.98" CC="01000"/>
						<SP ID="P6_SP01340" HPOS="341" VPOS="2354" WIDTH="20"/>
						<String ID="word001369" HPOS="361" VPOS="2310" WIDTH="35" HEIGHT="34" CONTENT="in" WC="1.00" CC="00"/>
						<SP ID="P6_SP01341" HPOS="397" VPOS="2354" WIDTH="18"/>
						<String ID="word001370" HPOS="415" VPOS="2322" WIDTH="24" HEIGHT="24" CONTENT="a" WC="1.00" CC="0"/>
						<SP ID="P6_SP01342" HPOS="438" VPOS="2354" WIDTH="19"/>
						<String ID="word001371" HPOS="457" VPOS="2322" WIDTH="90" HEIGHT="34" CONTENT="very" WC="1.00" CC="0000"/>
						<SP ID="P6_SP01343" HPOS="547" VPOS="2356" WIDTH="19"/>
						<String ID="word001372" HPOS="566" VPOS="2315" WIDTH="73" HEIGHT="33" CONTENT="low" WC="1.00" CC="000"/>
						<SP ID="P6_SP01344" HPOS="639" VPOS="2356" WIDTH="18"/>
						<String ID="word001373" HPOS="657" VPOS="2322" WIDTH="86" HEIGHT="26" CONTENT="tone" WC="1.00" CC="0000"/>
						<SP ID="P6_SP01345" HPOS="743" VPOS="2356" WIDTH="25"/>
						<String ID="word001374" HPOS="768" VPOS="2315" WIDTH="47" HEIGHT="33" CONTENT="of" WC="1.00" CC="00"/>
						<SP ID="P6_SP01346" HPOS="815" VPOS="2356" WIDTH="20"/>
						<String ID="word001375" HPOS="835" VPOS="2317" WIDTH="119" HEIGHT="38" CONTENT="voice," WC="1.00" CC="000000" STYLEREFS="TXT_4"/>
						<SP ID="P6_SP01347" HPOS="954" VPOS="2356" WIDTH="19"/>
						<String ID="word001376" HPOS="973" VPOS="2316" WIDTH="239" HEIGHT="45" CONTENT="complained" WC="0.98" CC="0000110000"/>
						<SP ID="P6_SP01348" HPOS="1212" VPOS="2361" WIDTH="30"/>
						<String ID="word001377" HPOS="1241" VPOS="2319" WIDTH="122" HEIGHT="33" CONTENT="either" WC="1.00" CC="000000"/>
						<SP ID="P6_SP01349" HPOS="1363" VPOS="2361" WIDTH="18"/>
						<String ID="word001378" HPOS="1381" VPOS="2317" WIDTH="44" HEIGHT="34" CONTENT="of" WC="1.00" CC="00"/>
						<SP ID="P6_SP01350" HPOS="1424" VPOS="2361" WIDTH="15"/>
						<String ID="word001379" HPOS="1440" VPOS="2319" WIDTH="130" HEIGHT="43" CONTENT="insult," WC="0.98" CC="1000000"/>
						<SP ID="P6_SP01351" HPOS="1570" VPOS="2361" WIDTH="0"/>
					</TextLine>
					<TextLine ID="P6_TL00130" HPOS="220" VPOS="2357" WIDTH="1350" HEIGHT="49">
						<String ID="word001380" HPOS="220" VPOS="2367" WIDTH="46" HEIGHT="25" CONTENT="or" WC="1.00" CC="00"/>
						<SP ID="P6_SP01352" HPOS="266" VPOS="2392" WIDTH="17"/>
						<String ID="word001381" HPOS="282" VPOS="2357" WIDTH="44" HEIGHT="33" CONTENT="of" WC="1.00" CC="00"/>
						<SP ID="P6_SP01353" HPOS="326" VPOS="2392" WIDTH="21"/>
						<String ID="word001382" HPOS="347" VPOS="2368" WIDTH="102" HEIGHT="24" CONTENT="some" WC="1.00" CC="0000"/>
						<SP ID="P6_SP01354" HPOS="449" VPOS="2392" WIDTH="28"/>
						<String ID="word001383" HPOS="477" VPOS="2361" WIDTH="110" HEIGHT="34" CONTENT="other" WC="1.00" CC="00000"/>
						<SP ID="P6_SP01355" HPOS="587" VPOS="2395" WIDTH="17"/>
						<String ID="word001384" HPOS="604" VPOS="2362" WIDTH="229" HEIGHT="44" CONTENT="-unpleasant" WC="0.94" CC="23000000010"/>
						<SP ID="P6_SP01356" HPOS="833" VPOS="2406" WIDTH="25"/>
						<String ID="word001385" HPOS="857" VPOS="2365" WIDTH="266" HEIGHT="35" CONTENT="circumstance" WC="0.94" CC="000001301200"/>
						<SP ID="P6_SP01357" HPOS="1123" VPOS="2406" WIDTH="19"/>
						<String ID="word001386" HPOS="1142" VPOS="2365" WIDTH="83" HEIGHT="35" CONTENT="that" WC="1.00" CC="0000"/>
						<SP ID="P6_SP01358" HPOS="1225" VPOS="2406" WIDTH="18"/>
						<String ID="word001387" HPOS="1243" VPOS="2365" WIDTH="73" HEIGHT="35" CONTENT="had" WC="1.00" CC="000"/>
						<SP ID="P6_SP01359" HPOS="1316" VPOS="2406" WIDTH="18"/>
						<String ID="word001388" HPOS="1333" VPOS="2367" WIDTH="175" HEIGHT="37" CONTENT="occurred" WC="0.93" CC="50000000"/>
						<SP ID="P6_SP01360" HPOS="1508" VPOS="2406" WIDTH="17"/>
						<String ID="word001389" HPOS="1525" VPOS="2376" WIDTH="45" HEIGHT="24" CONTENT="on" WC="0.89" CC="02"/>
						<SP ID="P6_SP01361" HPOS="1570" VPOS="2406" WIDTH="0"/>
					</TextLine>
					<TextLine ID="P6_TL00131" HPOS="221" VPOS="2404" WIDTH="580" HEIGHT="45">
						<String ID="word001390" HPOS="221" VPOS="2404" WIDTH="70" HEIGHT="35" CONTENT="her" WC="0.96" CC="100"/>
						<SP ID="P6_SP01362" HPOS="291" VPOS="2439" WIDTH="11"/>
						<String ID="word001391" HPOS="301" VPOS="2407" WIDTH="196" HEIGHT="41" CONTENT="approach" WC="0.96" CC="00101010"/>
						<SP ID="P6_SP01363" HPOS="497" VPOS="2448" WIDTH="19"/>
						<String ID="word001392" HPOS="516" VPOS="2413" WIDTH="38" HEIGHT="28" CONTENT="to" WC="1.00" CC="00"/>
						<SP ID="P6_SP01364" HPOS="554" VPOS="2448" WIDTH="20"/>
						<String ID="word001393" HPOS="574" VPOS="2408" WIDTH="64" HEIGHT="33" CONTENT="the" WC="0.96" CC="001"/>
						<SP ID="P6_SP01365" HPOS="638" VPOS="2448" WIDTH="20"/>
						<String ID="word001394" HPOS="658" VPOS="2408" WIDTH="143" HEIGHT="35" CONTENT="House." WC="0.87" CC="400030"/>
						<SP ID="P6_SP01366" HPOS="801" VPOS="2448" WIDTH="0"/>
					</TextLine>
					<TextLine ID="P6_TL00132" HPOS="389" VPOS="2447" WIDTH="32" HEIGHT="1">
						<String ID="word001395" HPOS="389" VPOS="2447" WIDTH="5" HEIGHT="1" CONTENT="." WC="0.22" CC="7"/>
						<SP ID="P6_SP01367" HPOS="393" VPOS="2448" WIDTH="18"/>
						<String ID="word001396" HPOS="411" VPOS="2447" WIDTH="9" HEIGHT="1" CONTENT="_" WC="0.22" CC="7"/>
						<SP ID="P6_SP01368" HPOS="420" VPOS="2448" WIDTH="0"/>
					</TextLine>
				</TextBlock>
				<TextBlock ID="pa0006013" HPOS="185" VPOS="2450" WIDTH="1384" HEIGHT="1772" STYLEREFS="TXT_0 PAR_BLOCK">
					<TextLine ID="P6_TL00133" HPOS="266" VPOS="2450" WIDTH="1303" HEIGHT="54">
						<String ID="word001397" HPOS="266" VPOS="2452" WIDTH="47" HEIGHT="39" CONTENT="Q." WC="1.00" CC="00"/>
						<SP ID="P6_SP01369" HPOS="313" VPOS="2491" WIDTH="17"/>
						<String ID="word001398" HPOS="330" VPOS="2450" WIDTH="24" HEIGHT="38" CONTENT="-" STYLE="superscript" WC="0.67" CC="5"/>
						<String ID="word001399" HPOS="353" VPOS="2450" WIDTH="71" HEIGHT="38" CONTENT="bid" WC="0.67" CC="700"/>
						<SP ID="P6_SP01370" HPOS="424" VPOS="2491" WIDTH="28"/>
						<String ID="word001400" HPOS="452" VPOS="2456" WIDTH="152" HEIGHT="35" CONTENT="Colonel" WC="0.98" CC="0000100"/>
						<SP ID="P6_SP01371" HPOS="605" VPOS="2491" WIDTH="27"/>
						<String ID="word001401" HPOS="632" VPOS="2456" WIDTH="145" HEIGHT="35" CONTENT="French" WC="0.96" CC="001010" STYLEREFS="TXT_5"/>
						<SP ID="P6_SP01372" HPOS="777" VPOS="2491" WIDTH="31"/>
						<String ID="word001402" HPOS="808" VPOS="2458" WIDTH="120" HEIGHT="45" CONTENT="apply" WC="1.00" CC="00000"/>
						<SP ID="P6_SP01373" HPOS="928" VPOS="2503" WIDTH="19"/>
						<String ID="word001403" HPOS="947" VPOS="2464" WIDTH="46" HEIGHT="30" CONTENT="to" WC="0.67" CC="51"/>
						<SP ID="P6_SP01374" HPOS="993" VPOS="2503" WIDTH="30"/>
						<String ID="word001404" HPOS="1023" VPOS="2471" WIDTH="92" HEIGHT="33" CONTENT="you," WC="1.00" CC="0000"/>
						<SP ID="P6_SP01375" HPOS="1115" VPOS="2504" WIDTH="25"/>
						<String ID="word001405" HPOS="1140" VPOS="2459" WIDTH="39" HEIGHT="37" CONTENT="in" WC="0.94" CC="01"/>
						<SP ID="P6_SP01376" HPOS="1179" VPOS="2504" WIDTH="27"/>
						<String ID="word001406" HPOS="1206" VPOS="2460" WIDTH="66" HEIGHT="35" CONTENT="the" WC="1.00" CC="000"/>
						<SP ID="P6_SP01377" HPOS="1272" VPOS="2504" WIDTH="18"/>
						<String ID="word001407" HPOS="1290" VPOS="2471" WIDTH="91" HEIGHT="33" CONTENT="year" WC="0.94" CC="2000"/>
						<SP ID="P6_SP01378" HPOS="1381" VPOS="2504" WIDTH="19"/>
						<String ID="word001408" HPOS="1400" VPOS="2460" WIDTH="105" HEIGHT="43" CONTENT="1804," WC="0.98" CC="10000"/>
						<SP ID="P6_SP01379" HPOS="1505" VPOS="2504" WIDTH="26"/>
						<String ID="word001409" HPOS="1531" VPOS="2465" WIDTH="38" HEIGHT="31" CONTENT="to" WC="1.00" CC="00"/>
						<SP ID="P6_SP01380" HPOS="1569" VPOS="2504" WIDTH="0"/>
					</TextLine>
					<TextLine ID="P6_TL00134" HPOS="220" VPOS="2502" WIDTH="1349" HEIGHT="52">
						<String ID="word001410" HPOS="220" VPOS="2511" WIDTH="180" HEIGHT="35" CONTENT="procure," WC="0.99" CC="00100000"/>
						<SP ID="P6_SP01381" HPOS="399" VPOS="2546" WIDTH="34"/>
						<String ID="word001411" HPOS="433" VPOS="2502" WIDTH="158" HEIGHT="44" CONTENT="through" WC="1.00" CC="0000000"/>
						<SP ID="P6_SP01382" HPOS="592" VPOS="2546" WIDTH="37"/>
						<String ID="word001412" HPOS="628" VPOS="2516" WIDTH="93" HEIGHT="33" CONTENT="your" WC="1.00" CC="0000"/>
						<SP ID="P6_SP01383" HPOS="722" VPOS="2549" WIDTH="30"/>
						<String ID="word001413" HPOS="751" VPOS="2506" WIDTH="193" HEIGHT="41" CONTENT="influence," WC="0.94" CC="0131000000"/>
						<SP ID="P6_SP01384" HPOS="944" VPOS="2549" WIDTH="30"/>
						<String ID="word001414" HPOS="973" VPOS="2507" WIDTH="63" HEIGHT="33" CONTENT="the" WC="0.96" CC="001"/>
						<SP ID="P6_SP01385" HPOS="1036" VPOS="2549" WIDTH="31"/>
						<String ID="word001415" HPOS="1067" VPOS="2511" WIDTH="216" HEIGHT="43" CONTENT="permission" WC="0.98" CC="0000000101"/>
						<SP ID="P6_SP01386" HPOS="1283" VPOS="2554" WIDTH="27"/>
						<String ID="word001416" HPOS="1310" VPOS="2509" WIDTH="45" HEIGHT="33" CONTENT="of" WC="1.00" CC="00"/>
						<SP ID="P6_SP01387" HPOS="1355" VPOS="2554" WIDTH="22"/>
						<String ID="word001417" HPOS="1377" VPOS="2509" WIDTH="60" HEIGHT="33" CONTENT="the" WC="0.85" CC="031"/>
						<SP ID="P6_SP01388" HPOS="1437" VPOS="2554" WIDTH="21"/>
						<String ID="word001418" HPOS="1459" VPOS="2510" WIDTH="83" HEIGHT="33" CONTENT="Com" SUBS_TYPE="HypPart1" SUBS_CONTENT="Commander" WC="1.00" CC="000"/>
						<HYP HPOS="1541" VPOS="2510" WIDTH="27" CONTENT="-"/>
					</TextLine>
					<TextLine ID="P6_TL00135" HPOS="221" VPOS="2549" WIDTH="1348" HEIGHT="53">
						<String ID="word001419" HPOS="221" VPOS="2549" WIDTH="152" HEIGHT="38" CONTENT="mander" SUBS_TYPE="HypPart2" SUBS_CONTENT="Commander" WC="0.98" CC="000010"/>
						<SP ID="P6_SP01389" HPOS="373" VPOS="2587" WIDTH="19"/>
						<String ID="word001420" HPOS="392" VPOS="2549" WIDTH="37" HEIGHT="33" CONTENT="in" WC="0.89" CC="20"/>
						<SP ID="P6_SP01390" HPOS="429" VPOS="2587" WIDTH="20"/>
						<String ID="word001421" HPOS="449" VPOS="2550" WIDTH="116" HEIGHT="34" CONTENT="Chief" WC="1.00" CC="00000"/>
						<SP ID="P6_SP01391" HPOS="565" VPOS="2587" WIDTH="8"/>
						<String ID="word001422" HPOS="573" VPOS="2550" WIDTH="58" HEIGHT="33" CONTENT="for" WC="1.00" CC="000"/>
						<SP ID="P6_SP01392" HPOS="631" VPOS="2587" WIDTH="20"/>
						<String ID="word001423" HPOS="651" VPOS="2551" WIDTH="59" HEIGHT="33" CONTENT="the" WC="1.00" CC="000"/>
						<SP ID="P6_SP01393" HPOS="710" VPOS="2587" WIDTH="19"/>
						<String ID="word001424" HPOS="729" VPOS="2554" WIDTH="139" HEIGHT="43" CONTENT="raising" WC="0.97" CC="0000011"/>
						<SP ID="P6_SP01394" HPOS="868" VPOS="2596" WIDTH="15"/>
						<String ID="word001425" HPOS="883" VPOS="2563" WIDTH="22" HEIGHT="24" CONTENT="a" WC="1.00" CC="0"/>
						<SP ID="P6_SP01395" HPOS="906" VPOS="2596" WIDTH="17"/>
						<String ID="word001426" HPOS="922" VPOS="2555" WIDTH="86" HEIGHT="45" CONTENT="levy" WC="1.00" CC="0000"/>
						<SP ID="P6_SP01396" HPOS="1009" VPOS="2600" WIDTH="13"/>
						<String ID="word001427" HPOS="1022" VPOS="2555" WIDTH="45" HEIGHT="33" CONTENT="of" WC="1.00" CC="00"/>
						<SP ID="P6_SP01397" HPOS="1067" VPOS="2600" WIDTH="13"/>
						<String ID="word001428" HPOS="1080" VPOS="2567" WIDTH="80" HEIGHT="22" CONTENT="men" WC="0.93" CC="002"/>
						<SP ID="P6_SP01398" HPOS="1160" VPOS="2600" WIDTH="15"/>
						<String ID="word001429" HPOS="1175" VPOS="2557" WIDTH="14" HEIGHT="32" CONTENT="?" WC="0.78" CC="2"/>
						<SP ID="P6_SP01399" HPOS="1189" VPOS="2600" WIDTH="30"/>
						<String ID="word001430" HPOS="1219" VPOS="2557" WIDTH="50" HEIGHT="33" CONTENT="A." WC="1.00" CC="00"/>
						<SP ID="P6_SP01400" HPOS="1269" VPOS="2600" WIDTH="25"/>
						<String ID="word001431" HPOS="1293" VPOS="2557" WIDTH="61" HEIGHT="32" CONTENT="Ile" WC="0.52" CC="571"/>
						<SP ID="P6_SP01401" HPOS="1355" VPOS="2600" WIDTH="17"/>
						<String ID="word001432" HPOS="1371" VPOS="2556" WIDTH="61" HEIGHT="33" CONTENT="did" WC="1.00" CC="000"/>
						<SP ID="P6_SP01402" HPOS="1433" VPOS="2600" WIDTH="15"/>
						<String ID="word001433" HPOS="1448" VPOS="2557" WIDTH="120" HEIGHT="45" CONTENT="apply" WC="0.98" CC="10000"/>
						<SP ID="P6_SP01403" HPOS="1569" VPOS="2602" WIDTH="0"/>
					</TextLine>
					<TextLine ID="P6_TL00136" HPOS="221" VPOS="2595" WIDTH="1343" HEIGHT="53">
						<String ID="word001434" HPOS="221" VPOS="2602" WIDTH="40" HEIGHT="27" CONTENT="to" WC="1.00" CC="00"/>
						<SP ID="P6_SP01404" HPOS="261" VPOS="2629" WIDTH="19"/>
						<String ID="word001435" HPOS="280" VPOS="2606" WIDTH="57" HEIGHT="22" CONTENT="me" WC="0.94" CC="10"/>
						<SP ID="P6_SP01405" HPOS="337" VPOS="2629" WIDTH="19"/>
						<String ID="word001436" HPOS="356" VPOS="2595" WIDTH="60" HEIGHT="34" CONTENT="for" WC="1.00" CC="000"/>
						<SP ID="P6_SP01406" HPOS="416" VPOS="2629" WIDTH="17"/>
						<String ID="word001437" HPOS="432" VPOS="2597" WIDTH="77" HEIGHT="33" CONTENT="that" WC="0.97" CC="0010"/>
						<SP ID="P6_SP01407" HPOS="509" VPOS="2630" WIDTH="19"/>
						<String ID="word001438" HPOS="528" VPOS="2609" WIDTH="175" HEIGHT="33" CONTENT="purpose," WC="1.00" CC="00000000"/>
						<SP ID="P6_SP01408" HPOS="703" VPOS="2642" WIDTH="33"/>
						<String ID="word001439" HPOS="736" VPOS="2602" WIDTH="65" HEIGHT="32" CONTENT="hut" WC="0.74" CC="610"/>
						<SP ID="P6_SP01409" HPOS="801" VPOS="2642" WIDTH="26"/>
						<String ID="word001440" HPOS="827" VPOS="2601" WIDTH="11" HEIGHT="33" CONTENT="I" WC="0.67" CC="3"/>
						<SP ID="P6_SP01410" HPOS="837" VPOS="2642" WIDTH="25"/>
						<String ID="word001441" HPOS="862" VPOS="2602" WIDTH="116" HEIGHT="44" CONTENT="really" WC="0.98" CC="001000"/>
						<SP ID="P6_SP01411" HPOS="978" VPOS="2646" WIDTH="21"/>
						<String ID="word001442" HPOS="999" VPOS="2609" WIDTH="136" HEIGHT="27" CONTENT="cannot" WC="0.96" CC="100100"/>
						<SP ID="P6_SP01412" HPOS="1135" VPOS="2646" WIDTH="18"/>
						<String ID="word001443" HPOS="1153" VPOS="2604" WIDTH="63" HEIGHT="33" CONTENT="tell" WC="1.00" CC="0000"/>
						<SP ID="P6_SP01413" HPOS="1215" VPOS="2646" WIDTH="19"/>
						<String ID="word001444" HPOS="1234" VPOS="2604" WIDTH="35" HEIGHT="32" CONTENT="in" WC="0.72" CC="14"/>
						<SP ID="P6_SP01414" HPOS="1270" VPOS="2646" WIDTH="22"/>
						<String ID="word001445" HPOS="1292" VPOS="2604" WIDTH="97" HEIGHT="32" CONTENT="what" WC="0.97" CC="1000"/>
						<SP ID="P6_SP01415" HPOS="1389" VPOS="2646" WIDTH="22"/>
						<String ID="word001446" HPOS="1411" VPOS="2615" WIDTH="152" HEIGHT="33" CONTENT="year.—" WC="0.87" CC="100024"/>
					</TextLine>
					<TextLine ID="P6_TL00137" HPOS="221" VPOS="2642" WIDTH="1344" HEIGHT="52">
						<String ID="word001447" HPOS="221" VPOS="2643" WIDTH="48" HEIGHT="39" CONTENT="Q." WC="0.89" CC="20"/>
						<SP ID="P6_SP01416" HPOS="269" VPOS="2682" WIDTH="25"/>
						<String ID="word001448" HPOS="294" VPOS="2642" WIDTH="100" HEIGHT="34" CONTENT="Does" WC="1.00" CC="0000"/>
						<SP ID="P6_SP01417" HPOS="394" VPOS="2682" WIDTH="20"/>
						<String ID="word001449" HPOS="415" VPOS="2644" WIDTH="60" HEIGHT="32" CONTENT="the" WC="0.96" CC="001"/>
						<SP ID="P6_SP01418" HPOS="475" VPOS="2682" WIDTH="19"/>
						<String ID="word001450" HPOS="494" VPOS="2647" WIDTH="145" HEIGHT="33" CONTENT="witness" WC="0.97" CC="0001100"/>
						<SP ID="P6_SP01419" HPOS="639" VPOS="2682" WIDTH="17"/>
						<String ID="word001451" HPOS="656" VPOS="2648" WIDTH="176" HEIGHT="33" CONTENT="recollect" WC="0.97" CC="010001000"/>
						<SP ID="P6_SP01420" HPOS="831" VPOS="2682" WIDTH="19"/>
						<String ID="word001452" HPOS="850" VPOS="2659" WIDTH="71" HEIGHT="33" CONTENT="any" WC="1.00" CC="000"/>
						<SP ID="P6_SP01421" HPOS="921" VPOS="2692" WIDTH="30"/>
						<String ID="word001453" HPOS="951" VPOS="2655" WIDTH="85" HEIGHT="39" CONTENT="part" WC="0.97" CC="0001"/>
						<SP ID="P6_SP01422" HPOS="1036" VPOS="2694" WIDTH="34"/>
						<String ID="word001454" HPOS="1070" VPOS="2650" WIDTH="45" HEIGHT="32" CONTENT="of" WC="1.00" CC="00"/>
						<SP ID="P6_SP01423" HPOS="1115" VPOS="2694" WIDTH="24"/>
						<String ID="word001455" HPOS="1139" VPOS="2650" WIDTH="61" HEIGHT="34" CONTENT="the" WC="1.00" CC="000"/>
						<SP ID="P6_SP01424" HPOS="1200" VPOS="2694" WIDTH="18"/>
						<String ID="word001456" HPOS="1218" VPOS="2652" WIDTH="110" HEIGHT="33" CONTENT="offers" WC="0.80" CC="035111"/>
						<SP ID="P6_SP01425" HPOS="1328" VPOS="2694" WIDTH="19"/>
						<String ID="word001457" HPOS="1346" VPOS="2650" WIDTH="122" HEIGHT="35" CONTENT="which" WC="1.00" CC="00000"/>
						<SP ID="P6_SP01426" HPOS="1468" VPOS="2694" WIDTH="17"/>
						<String ID="word001458" HPOS="1485" VPOS="2654" WIDTH="80" HEIGHT="33" CONTENT="Col." WC="0.94" CC="1010"/>
						<SP ID="P6_SP01427" HPOS="1565" VPOS="2694" WIDTH="0"/>
					</TextLine>
					<TextLine ID="P6_TL00138" HPOS="223" VPOS="2691" WIDTH="1346" HEIGHT="43">
						<String ID="word001459" HPOS="223" VPOS="2691" WIDTH="146" HEIGHT="34" CONTENT="French" WC="0.91" CC="300002"/>
						<SP ID="P6_SP01428" HPOS="370" VPOS="2725" WIDTH="15"/>
						<String ID="word001460" HPOS="385" VPOS="2692" WIDTH="122" HEIGHT="41" CONTENT="made," WC="1.00" CC="00000"/>
						<SP ID="P6_SP01429" HPOS="507" VPOS="2733" WIDTH="15"/>
						<String ID="word001461" HPOS="522" VPOS="2694" WIDTH="72" HEIGHT="32" CONTENT="and" WC="1.00" CC="000"/>
						<SP ID="P6_SP01430" HPOS="594" VPOS="2733" WIDTH="24"/>
						<String ID="word001462" HPOS="618" VPOS="2694" WIDTH="118" HEIGHT="34" CONTENT="which" WC="1.00" CC="00000"/>
						<SP ID="P6_SP01431" HPOS="736" VPOS="2733" WIDTH="22"/>
						<String ID="word001463" HPOS="758" VPOS="2695" WIDTH="154" HEIGHT="35" CONTENT="induced" WC="0.98" CC="0010000"/>
						<SP ID="P6_SP01432" HPOS="912" VPOS="2733" WIDTH="15"/>
						<String ID="word001464" HPOS="927" VPOS="2695" WIDTH="64" HEIGHT="35" CONTENT="her" WC="1.00" CC="000"/>
						<SP ID="P6_SP01433" HPOS="991" VPOS="2733" WIDTH="32"/>
						<String ID="word001465" HPOS="1023" VPOS="2701" WIDTH="39" HEIGHT="30" CONTENT="to" WC="1.00" CC="00"/>
						<SP ID="P6_SP01434" HPOS="1062" VPOS="2733" WIDTH="17"/>
						<String ID="word001466" HPOS="1078" VPOS="2699" WIDTH="158" HEIGHT="34" CONTENT="mention" WC="1.00" CC="0000000"/>
						<SP ID="P6_SP01435" HPOS="1237" VPOS="2733" WIDTH="22"/>
						<String ID="word001467" HPOS="1259" VPOS="2699" WIDTH="56" HEIGHT="33" CONTENT="his" WC="1.00" CC="000"/>
						<SP ID="P6_SP01436" HPOS="1315" VPOS="2733" WIDTH="14"/>
						<String ID="word001468" HPOS="1329" VPOS="2708" WIDTH="102" HEIGHT="25" CONTENT="name" WC="1.00" CC="0000"/>
						<SP ID="P6_SP01437" HPOS="1430" VPOS="2733" WIDTH="20"/>
						<String ID="word001469" HPOS="1450" VPOS="2707" WIDTH="39" HEIGHT="26" CONTENT="to" WC="1.00" CC="00"/>
						<SP ID="P6_SP01438" HPOS="1489" VPOS="2733" WIDTH="20"/>
						<String ID="word001470" HPOS="1509" VPOS="2701" WIDTH="59" HEIGHT="32" CONTENT="the" WC="1.00" CC="000"/>
						<SP ID="P6_SP01439" HPOS="1569" VPOS="2733" WIDTH="0"/>
					</TextLine>
					<TextLine ID="P6_TL00139" HPOS="221" VPOS="2739" WIDTH="1347" HEIGHT="48">
						<String ID="word001471" HPOS="221" VPOS="2739" WIDTH="253" HEIGHT="34" CONTENT="Commander" WC="0.93" CC="110010030"/>
						<SP ID="P6_SP01440" HPOS="474" VPOS="2773" WIDTH="30"/>
						<String ID="word001472" HPOS="503" VPOS="2740" WIDTH="34" HEIGHT="33" CONTENT="in" WC="1.00" CC="00"/>
						<SP ID="P6_SP01441" HPOS="537" VPOS="2773" WIDTH="37"/>
						<String ID="word001473" HPOS="574" VPOS="2741" WIDTH="139" HEIGHT="34" CONTENT="Chief?" WC="0.83" CC="003330"/>
						<SP ID="P6_SP01442" HPOS="713" VPOS="2776" WIDTH="33"/>
						<String ID="word001474" HPOS="746" VPOS="2745" WIDTH="47" HEIGHT="32" CONTENT="A." WC="1.00" CC="00"/>
						<SP ID="P6_SP01443" HPOS="794" VPOS="2777" WIDTH="22"/>
						<String ID="word001475" HPOS="816" VPOS="2744" WIDTH="17" HEIGHT="33" CONTENT="I" WC="0.67" CC="3"/>
						<SP ID="P6_SP01444" HPOS="833" VPOS="2777" WIDTH="22"/>
						<String ID="word001476" HPOS="855" VPOS="2746" WIDTH="175" HEIGHT="32" CONTENT="recollect" WC="0.96" CC="001001100"/>
						<SP ID="P6_SP01445" HPOS="1030" VPOS="2778" WIDTH="19"/>
						<String ID="word001477" HPOS="1049" VPOS="2757" WIDTH="99" HEIGHT="21" CONTENT="some" WC="1.00" CC="0000"/>
						<SP ID="P6_SP01446" HPOS="1148" VPOS="2778" WIDTH="19"/>
						<String ID="word001478" HPOS="1167" VPOS="2746" WIDTH="45" HEIGHT="32" CONTENT="of" WC="0.94" CC="01"/>
						<SP ID="P6_SP01447" HPOS="1212" VPOS="2778" WIDTH="21"/>
						<String ID="word001479" HPOS="1233" VPOS="2746" WIDTH="64" HEIGHT="33" CONTENT="the" WC="1.00" CC="000"/>
						<SP ID="P6_SP01448" HPOS="1297" VPOS="2779" WIDTH="22"/>
						<String ID="word001480" HPOS="1319" VPOS="2746" WIDTH="105" HEIGHT="41" CONTENT="offers" WC="0.96" CC="010100"/>
						<SP ID="P6_SP01449" HPOS="1424" VPOS="2787" WIDTH="21"/>
						<String ID="word001481" HPOS="1446" VPOS="2747" WIDTH="122" HEIGHT="35" CONTENT="which" WC="1.00" CC="00000"/>
						<SP ID="P6_SP01450" HPOS="1567" VPOS="2787" WIDTH="0"/>
					</TextLine>
					<TextLine ID="P6_TL00140" HPOS="220" VPOS="2785" WIDTH="1345" HEIGHT="53">
						<String ID="word001482" HPOS="220" VPOS="2785" WIDTH="50" HEIGHT="34" CONTENT="he" WC="0.94" CC="10"/>
						<SP ID="P6_SP01451" HPOS="269" VPOS="2819" WIDTH="19"/>
						<String ID="word001483" HPOS="288" VPOS="2786" WIDTH="122" HEIGHT="43" CONTENT="made," WC="1.00" CC="00000"/>
						<SP ID="P6_SP01452" HPOS="410" VPOS="2829" WIDTH="32"/>
						<String ID="word001484" HPOS="442" VPOS="2787" WIDTH="67" HEIGHT="33" CONTENT="and" WC="0.96" CC="100"/>
						<SP ID="P6_SP01453" HPOS="509" VPOS="2829" WIDTH="32"/>
						<String ID="word001485" HPOS="541" VPOS="2787" WIDTH="33" HEIGHT="34" CONTENT="if" WC="1.00" CC="00"/>
						<SP ID="P6_SP01454" HPOS="574" VPOS="2829" WIDTH="32"/>
						<String ID="word001486" HPOS="606" VPOS="2790" WIDTH="18" HEIGHT="33" CONTENT="I" WC="0.78" CC="2"/>
						<SP ID="P6_SP01455" HPOS="624" VPOS="2829" WIDTH="26"/>
						<String ID="word001487" HPOS="650" VPOS="2799" WIDTH="94" HEIGHT="22" CONTENT="were" WC="0.97" CC="1000"/>
						<SP ID="P6_SP01456" HPOS="744" VPOS="2829" WIDTH="19"/>
						<String ID="word001488" HPOS="763" VPOS="2797" WIDTH="38" HEIGHT="26" CONTENT="to" WC="1.00" CC="00"/>
						<SP ID="P6_SP01457" HPOS="801" VPOS="2829" WIDTH="19"/>
						<String ID="word001489" HPOS="820" VPOS="2800" WIDTH="58" HEIGHT="24" CONTENT="see" WC="0.96" CC="010"/>
						<SP ID="P6_SP01458" HPOS="878" VPOS="2829" WIDTH="19"/>
						<String ID="word001490" HPOS="896" VPOS="2791" WIDTH="60" HEIGHT="33" CONTENT="the" WC="1.00" CC="000"/>
						<SP ID="P6_SP01459" HPOS="957" VPOS="2829" WIDTH="27"/>
						<String ID="word001491" HPOS="984" VPOS="2803" WIDTH="137" HEIGHT="33" CONTENT="papers" WC="0.96" CC="001100"/>
						<SP ID="P6_SP01460" HPOS="1121" VPOS="2836" WIDTH="27"/>
						<String ID="word001492" HPOS="1148" VPOS="2793" WIDTH="198" HEIGHT="45" CONTENT="belonging" WC="0.96" CC="101000001"/>
						<SP ID="P6_SP01461" HPOS="1346" VPOS="2838" WIDTH="19"/>
						<String ID="word001493" HPOS="1365" VPOS="2800" WIDTH="35" HEIGHT="26" CONTENT="to" WC="1.00" CC="00"/>
						<SP ID="P6_SP01462" HPOS="1401" VPOS="2838" WIDTH="19"/>
						<String ID="word001494" HPOS="1420" VPOS="2794" WIDTH="98" HEIGHT="33" CONTENT="them" WC="0.97" CC="0010"/>
						<SP ID="P6_SP01463" HPOS="1518" VPOS="2838" WIDTH="32"/>
						<String ID="word001495" HPOS="1550" VPOS="2797" WIDTH="15" HEIGHT="33" CONTENT="I" WC="0.78" CC="2"/>
						<SP ID="P6_SP01464" HPOS="1565" VPOS="2838" WIDTH="0"/>
					</TextLine>
					<TextLine ID="P6_TL00141" HPOS="219" VPOS="2835" WIDTH="1350" HEIGHT="46">
						<String ID="word001496" HPOS="219" VPOS="2835" WIDTH="112" HEIGHT="33" CONTENT="could" WC="1.00" CC="00000"/>
						<SP ID="P6_SP01465" HPOS="331" VPOS="2868" WIDTH="21"/>
						<String ID="word001497" HPOS="352" VPOS="2835" WIDTH="174" HEIGHT="45" CONTENT="recojlect" WC="0.57" CC="333375434"/>
						<SP ID="P6_SP01466" HPOS="526" VPOS="2880" WIDTH="22"/>
						<String ID="word001498" HPOS="548" VPOS="2837" WIDTH="214" HEIGHT="39" CONTENT="more.--Q." WC="0.70" CC="510135333"/>
						<SP ID="P6_SP01467" HPOS="762" VPOS="2880" WIDTH="38"/>
						<String ID="word001499" HPOS="800" VPOS="2837" WIDTH="73" HEIGHT="33" CONTENT="Did" WC="1.00" CC="000"/>
						<SP ID="P6_SP01468" HPOS="873" VPOS="2880" WIDTH="32"/>
						<String ID="word001500" HPOS="905" VPOS="2838" WIDTH="60" HEIGHT="33" CONTENT="the" WC="0.85" CC="130"/>
						<SP ID="P6_SP01469" HPOS="965" VPOS="2880" WIDTH="31"/>
						<String ID="word001501" HPOS="996" VPOS="2841" WIDTH="145" HEIGHT="35" CONTENT="witness" WC="0.97" CC="1000100"/>
						<SP ID="P6_SP01470" HPOS="1141" VPOS="2880" WIDTH="33"/>
						<String ID="word001502" HPOS="1174" VPOS="2846" WIDTH="94" HEIGHT="27" CONTENT="state" WC="0.91" CC="01111"/>
						<SP ID="P6_SP01471" HPOS="1269" VPOS="2880" WIDTH="31"/>
						<String ID="word001503" HPOS="1299" VPOS="2846" WIDTH="39" HEIGHT="28" CONTENT="to" WC="1.00" CC="00"/>
						<SP ID="P6_SP01472" HPOS="1338" VPOS="2880" WIDTH="32"/>
						<String ID="word001504" HPOS="1370" VPOS="2842" WIDTH="59" HEIGHT="33" CONTENT="the" WC="0.74" CC="034"/>
						<SP ID="P6_SP01473" HPOS="1429" VPOS="2880" WIDTH="31"/>
						<String ID="word001505" HPOS="1460" VPOS="2844" WIDTH="81" HEIGHT="37" CONTENT="Com" SUBS_TYPE="HypPart1" SUBS_CONTENT="Commander" WC="0.78" CC="043"/>
						<HYP HPOS="1541" VPOS="2844" WIDTH="27" CONTENT="-"/>
					</TextLine>
					<TextLine ID="P6_TL00142" HPOS="217" VPOS="2880" WIDTH="1350" HEIGHT="51">
						<String ID="word001506" HPOS="217" VPOS="2883" WIDTH="152" HEIGHT="32" CONTENT="mander" SUBS_TYPE="HypPart2" SUBS_CONTENT="Commander" WC="0.94" CC="003000"/>
						<SP ID="P6_SP01474" HPOS="370" VPOS="2915" WIDTH="20"/>
						<String ID="word001507" HPOS="390" VPOS="2882" WIDTH="56" HEIGHT="33" CONTENT="in" WC="0.67" CC="15"/>
						<SP ID="P6_SP01475" HPOS="445" VPOS="2915" WIDTH="1"/>
						<String ID="word001508" HPOS="446" VPOS="2880" WIDTH="123" HEIGHT="37" CONTENT="'Chief" WC="0.39" CC="884463"/>
						<SP ID="P6_SP01476" HPOS="569" VPOS="2916" WIDTH="20"/>
						<String ID="word001509" HPOS="589" VPOS="2895" WIDTH="72" HEIGHT="32" CONTENT="any" WC="0.96" CC="010" STYLEREFS="TXT_5"/>
						<SP ID="P6_SP01477" HPOS="661" VPOS="2927" WIDTH="21"/>
						<String ID="word001510" HPOS="683" VPOS="2885" WIDTH="206" HEIGHT="44" CONTENT="pecuniary" WC="0.97" CC="001010000"/>
						<SP ID="P6_SP01478" HPOS="888" VPOS="2929" WIDTH="19"/>
						<String ID="word001511" HPOS="907" VPOS="2887" WIDTH="208" HEIGHT="44" CONTENT="advantage" WC="0.74" CC="222222252"/>
						<SP ID="P6_SP01479" HPOS="1115" VPOS="2930" WIDTH="18"/>
						<String ID="word001512" HPOS="1133" VPOS="2888" WIDTH="123" HEIGHT="34" CONTENT="which" WC="0.98" CC="00010"/>
						<SP ID="P6_SP01480" HPOS="1256" VPOS="2930" WIDTH="17"/>
						<String ID="word001513" HPOS="1272" VPOS="2889" WIDTH="64" HEIGHT="33" CONTENT="she" WC="1.00" CC="000"/>
						<SP ID="P6_SP01481" HPOS="1336" VPOS="2930" WIDTH="22"/>
						<String ID="word001514" HPOS="1358" VPOS="2898" WIDTH="72" HEIGHT="24" CONTENT="was" WC="0.96" CC="100"/>
						<SP ID="P6_SP01482" HPOS="1430" VPOS="2930" WIDTH="19"/>
						<String ID="word001515" HPOS="1449" VPOS="2896" WIDTH="38" HEIGHT="26" CONTENT="to" WC="1.00" CC="00"/>
						<SP ID="P6_SP01483" HPOS="1487" VPOS="2930" WIDTH="19"/>
						<String ID="word001516" HPOS="1506" VPOS="2891" WIDTH="41" HEIGHT="32" CONTENT="de" SUBS_TYPE="HypPart1" SUBS_CONTENT="derive" WC="0.96" CC="01"/>
						<HYP HPOS="1547" VPOS="2891" WIDTH="20" CONTENT="-"/>
					</TextLine>
					<TextLine ID="P6_TL00143" HPOS="217" VPOS="2928" WIDTH="1348" HEIGHT="54">
						<String ID="word001517" HPOS="217" VPOS="2928" WIDTH="81" HEIGHT="35" CONTENT="rive" SUBS_TYPE="HypPart2" SUBS_CONTENT="derive" WC="0.97" CC="0001"/>
						<SP ID="P6_SP01484" HPOS="299" VPOS="2963" WIDTH="17"/>
						<String ID="word001518" HPOS="315" VPOS="2929" WIDTH="34" HEIGHT="33" CONTENT="in" WC="1.00" CC="00"/>
						<SP ID="P6_SP01485" HPOS="350" VPOS="2963" WIDTH="20"/>
						<String ID="word001519" HPOS="370" VPOS="2939" WIDTH="85" HEIGHT="25" CONTENT="case" WC="1.00" CC="0000"/>
						<SP ID="P6_SP01486" HPOS="455" VPOS="2963" WIDTH="27"/>
						<String ID="word001520" HPOS="482" VPOS="2930" WIDTH="56" HEIGHT="34" CONTENT="his" WC="1.00" CC="000"/>
						<SP ID="P6_SP01487" HPOS="537" VPOS="2965" WIDTH="35"/>
						<String ID="word001521" HPOS="573" VPOS="2930" WIDTH="124" HEIGHT="44" CONTENT="Royal" WC="0.95" CC="10001"/>
						<SP ID="P6_SP01488" HPOS="697" VPOS="2974" WIDTH="25"/>
						<String ID="word001522" HPOS="722" VPOS="2931" WIDTH="185" HEIGHT="44" CONTENT="_Highness" WC="0.63" CC="873531111"/>
						<SP ID="P6_SP01489" HPOS="907" VPOS="2975" WIDTH="13"/>
						<String ID="word001523" HPOS="920" VPOS="2946" WIDTH="93" HEIGHT="31" CONTENT="gave" WC="0.81" CC="4111"/>
						<SP ID="P6_SP01490" HPOS="1013" VPOS="2976" WIDTH="17"/>
						<String ID="word001524" HPOS="1030" VPOS="2935" WIDTH="154" HEIGHT="33" CONTENT="Colonel" WC="0.70" CC="2522323"/>
						<SP ID="P6_SP01491" HPOS="1183" VPOS="2976" WIDTH="26"/>
						<String ID="word001525" HPOS="1209" VPOS="2935" WIDTH="143" HEIGHT="34" CONTENT="French" WC="0.98" CC="001000"/>
						<SP ID="P6_SP01492" HPOS="1352" VPOS="2976" WIDTH="19"/>
						<String ID="word001526" HPOS="1371" VPOS="2936" WIDTH="61" HEIGHT="33" CONTENT="the" WC="0.96" CC="001"/>
						<SP ID="P6_SP01493" HPOS="1433" VPOS="2976" WIDTH="18"/>
						<String ID="word001527" HPOS="1450" VPOS="2939" WIDTH="85" HEIGHT="43" CONTENT="levy" WC="1.00" CC="0000"/>
						<SP ID="P6_SP01494" HPOS="1535" VPOS="2981" WIDTH="18"/>
						<String ID="word001528" HPOS="1553" VPOS="2939" WIDTH="12" HEIGHT="32" CONTENT="?" WC="0.44" CC="5"/>
						<SP ID="P6_SP01495" HPOS="1565" VPOS="2981" WIDTH="0"/>
					</TextLine>
					<TextLine ID="P6_TL00144" HPOS="216" VPOS="2976" WIDTH="1349" HEIGHT="52">
						<String ID="word001529" HPOS="216" VPOS="2976" WIDTH="52" HEIGHT="34" CONTENT="A." WC="1.00" CC="00"/>
						<SP ID="P6_SP01496" HPOS="268" VPOS="3011" WIDTH="31"/>
						<String ID="word001530" HPOS="299" VPOS="2978" WIDTH="97" HEIGHT="41" CONTENT="Yes," WC="1.00" CC="0000"/>
						<SP ID="P6_SP01497" HPOS="396" VPOS="3019" WIDTH="15"/>
						<String ID="word001531" HPOS="411" VPOS="2978" WIDTH="299" HEIGHT="43" CONTENT="certainly.,--Q." WC="0.48" CC="563743658473522"/>
						<SP ID="P6_SP01498" HPOS="710" VPOS="3020" WIDTH="32"/>
						<String ID="word001532" HPOS="742" VPOS="2981" WIDTH="78" HEIGHT="32" CONTENT="Did" WC="0.89" CC="003"/>
						<SP ID="P6_SP01499" HPOS="820" VPOS="3020" WIDTH="18"/>
						<String ID="word001533" HPOS="837" VPOS="2981" WIDTH="63" HEIGHT="32" CONTENT="the" WC="1.00" CC="000"/>
						<SP ID="P6_SP01500" HPOS="900" VPOS="3020" WIDTH="21"/>
						<String ID="word001534" HPOS="921" VPOS="2982" WIDTH="244" HEIGHT="33" CONTENT="Commander" WC="0.70" CC="232225332"/>
						<SP ID="P6_SP01501" HPOS="1166" VPOS="3020" WIDTH="19"/>
						<String ID="word001535" HPOS="1185" VPOS="2983" WIDTH="32" HEIGHT="33" CONTENT="in" WC="0.83" CC="03"/>
						<SP ID="P6_SP01502" HPOS="1217" VPOS="3020" WIDTH="18"/>
						<String ID="word001536" HPOS="1234" VPOS="2982" WIDTH="115" HEIGHT="37" CONTENT="Chief" WC="0.98" CC="01000"/>
						<SP ID="P6_SP01503" HPOS="1349" VPOS="3020" WIDTH="19"/>
						<String ID="word001537" HPOS="1368" VPOS="2985" WIDTH="111" HEIGHT="33" CONTENT="make" WC="0.94" CC="0110"/>
						<SP ID="P6_SP01504" HPOS="1479" VPOS="3020" WIDTH="15"/>
						<String ID="word001538" HPOS="1494" VPOS="2995" WIDTH="71" HEIGHT="33" CONTENT="any" WC="0.93" CC="200"/>
						<SP ID="P6_SP01505" HPOS="1565" VPOS="3028" WIDTH="0"/>
					</TextLine>
					<TextLine ID="P6_TL00145" HPOS="215" VPOS="3025" WIDTH="1354" HEIGHT="49">
						<String ID="word001539" HPOS="215" VPOS="3025" WIDTH="164" HEIGHT="44" CONTENT="promise" WC="0.92" CC="0010310"/>
						<SP ID="P6_SP01506" HPOS="379" VPOS="3069" WIDTH="21"/>
						<String ID="word001540" HPOS="400" VPOS="3032" WIDTH="37" HEIGHT="27" CONTENT="to" WC="1.00" CC="00"/>
						<SP ID="P6_SP01507" HPOS="437" VPOS="3069" WIDTH="19"/>
						<String ID="word001541" HPOS="456" VPOS="3025" WIDTH="60" HEIGHT="34" CONTENT="the" WC="0.52" CC="274"/>
						<SP ID="P6_SP01508" HPOS="516" VPOS="3069" WIDTH="22"/>
						<String ID="word001542" HPOS="539" VPOS="3026" WIDTH="144" HEIGHT="34" CONTENT="witness" WC="0.98" CC="0000010"/>
						<SP ID="P6_SP01509" HPOS="683" VPOS="3069" WIDTH="14"/>
						<String ID="word001543" HPOS="697" VPOS="3027" WIDTH="45" HEIGHT="33" CONTENT="of" WC="1.00" CC="00"/>
						<SP ID="P6_SP01510" HPOS="742" VPOS="3069" WIDTH="12"/>
						<String ID="word001544" HPOS="754" VPOS="3027" WIDTH="131" HEIGHT="45" CONTENT="giving" WC="0.83" CC="020133"/>
						<SP ID="P6_SP01511" HPOS="885" VPOS="3072" WIDTH="9"/>
						<String ID="word001545" HPOS="894" VPOS="3028" WIDTH="61" HEIGHT="33" CONTENT="the" WC="0.96" CC="100"/>
						<SP ID="P6_SP01512" HPOS="956" VPOS="3072" WIDTH="18"/>
						<String ID="word001546" HPOS="973" VPOS="3030" WIDTH="83" HEIGHT="44" CONTENT="levy" WC="0.97" CC="0100"/>
						<SP ID="P6_SP01513" HPOS="1056" VPOS="3073" WIDTH="24"/>
						<String ID="word001547" HPOS="1080" VPOS="3035" WIDTH="39" HEIGHT="27" CONTENT="to" WC="0.89" CC="20"/>
						<SP ID="P6_SP01514" HPOS="1119" VPOS="3073" WIDTH="22"/>
						<String ID="word001548" HPOS="1141" VPOS="3030" WIDTH="154" HEIGHT="34" CONTENT="Colonel" WC="0.90" CC="1111110"/>
						<SP ID="P6_SP01515" HPOS="1294" VPOS="3073" WIDTH="22"/>
						<String ID="word001549" HPOS="1317" VPOS="3031" WIDTH="142" HEIGHT="35" CONTENT="French" WC="0.89" CC="300111"/>
						<SP ID="P6_SP01516" HPOS="1459" VPOS="3073" WIDTH="13"/>
						<String ID="word001550" HPOS="1472" VPOS="3033" WIDTH="97" HEIGHT="33" CONTENT="after" WC="0.98" CC="00010"/>
						<SP ID="P6_SP01517" HPOS="1569" VPOS="3073" WIDTH="0"/>
					</TextLine>
					<TextLine ID="P6_TL00146" HPOS="214" VPOS="3071" WIDTH="1350" HEIGHT="46">
						<String ID="word001551" HPOS="214" VPOS="3072" WIDTH="78" HEIGHT="33" CONTENT="this" WC="1.00" CC="0000"/>
						<SP ID="P6_SP01518" HPOS="292" VPOS="3105" WIDTH="15"/>
						<String ID="word001552" HPOS="307" VPOS="3072" WIDTH="239" HEIGHT="45" CONTENT="application" WC="0.83" CC="24113011112"/>
						<SP ID="P6_SP01519" HPOS="546" VPOS="3117" WIDTH="14"/>
						<String ID="word001553" HPOS="560" VPOS="3073" WIDTH="13" HEIGHT="33" CONTENT="?" WC="1.00" CC="0"/>
						<SP ID="P6_SP01520" HPOS="573" VPOS="3117" WIDTH="35"/>
						<String ID="word001554" HPOS="608" VPOS="3071" WIDTH="44" HEIGHT="37" CONTENT="A." WC="0.94" CC="10"/>
						<SP ID="P6_SP01521" HPOS="652" VPOS="3117" WIDTH="35"/>
						<String ID="word001555" HPOS="687" VPOS="3076" WIDTH="91" HEIGHT="39" CONTENT="Yes," WC="0.94" CC="1100"/>
						<SP ID="P6_SP01522" HPOS="778" VPOS="3117" WIDTH="17"/>
						<String ID="word001556" HPOS="795" VPOS="3076" WIDTH="46" HEIGHT="33" CONTENT="he" WC="1.00" CC="00"/>
						<SP ID="P6_SP01523" HPOS="841" VPOS="3117" WIDTH="17"/>
						<String ID="word001557" HPOS="857" VPOS="3076" WIDTH="174" HEIGHT="39" CONTENT="did.—Q." WC="0.65" CC="2323462"/>
						<SP ID="P6_SP01524" HPOS="1031" VPOS="3117" WIDTH="22"/>
						<String ID="word001558" HPOS="1054" VPOS="3077" WIDTH="76" HEIGHT="33" CONTENT="Did" WC="1.00" CC="000"/>
						<SP ID="P6_SP01525" HPOS="1129" VPOS="3117" WIDTH="17"/>
						<String ID="word001559" HPOS="1146" VPOS="3078" WIDTH="60" HEIGHT="33" CONTENT="the" WC="1.00" CC="000"/>
						<SP ID="P6_SP01526" HPOS="1206" VPOS="3117" WIDTH="21"/>
						<String ID="word001560" HPOS="1227" VPOS="3078" WIDTH="146" HEIGHT="33" CONTENT="witness" WC="1.00" CC="0000000"/>
						<SP ID="P6_SP01527" HPOS="1374" VPOS="3117" WIDTH="19"/>
						<String ID="word001561" HPOS="1393" VPOS="3080" WIDTH="33" HEIGHT="32" CONTENT="in" WC="0.83" CC="03"/>
						<SP ID="P6_SP01528" HPOS="1426" VPOS="3117" WIDTH="17"/>
						<String ID="word001562" HPOS="1442" VPOS="3091" WIDTH="102" HEIGHT="22" CONTENT="conse" SUBS_TYPE="HypPart1" SUBS_CONTENT="consequence" WC="0.98" CC="10000"/>
						<HYP HPOS="1544" VPOS="3091" WIDTH="20" CONTENT="-"/>
					</TextLine>
					<TextLine ID="P6_TL00147" HPOS="214" VPOS="3119" WIDTH="1352" HEIGHT="51">
						<String ID="word001563" HPOS="214" VPOS="3130" WIDTH="142" HEIGHT="34" CONTENT="quence" SUBS_TYPE="HypPart2" SUBS_CONTENT="consequence" WC="0.94" CC="001101"/>
						<SP ID="P6_SP01529" HPOS="356" VPOS="3164" WIDTH="19"/>
						<String ID="word001564" HPOS="374" VPOS="3119" WIDTH="48" HEIGHT="33" CONTENT="of" WC="0.72" CC="23"/>
						<SP ID="P6_SP01530" HPOS="423" VPOS="3164" WIDTH="7"/>
						<String ID="word001565" HPOS="430" VPOS="3120" WIDTH="71" HEIGHT="33" CONTENT="this" WC="0.86" CC="3011"/>
						<SP ID="P6_SP01531" HPOS="501" VPOS="3164" WIDTH="32"/>
						<String ID="word001566" HPOS="533" VPOS="3123" WIDTH="145" HEIGHT="34" CONTENT="receive" WC="0.97" CC="0101000" STYLEREFS="TXT_5"/>
						<SP ID="P6_SP01532" HPOS="678" VPOS="3164" WIDTH="30"/>
						<String ID="word001567" HPOS="707" VPOS="3122" WIDTH="102" HEIGHT="34" CONTENT="from" WC="1.00" CC="0000"/>
						<SP ID="P6_SP01533" HPOS="809" VPOS="3164" WIDTH="30"/>
						<String ID="word001568" HPOS="839" VPOS="3124" WIDTH="157" HEIGHT="33" CONTENT="Colonel" WC="0.98" CC="0010000"/>
						<SP ID="P6_SP01534" HPOS="996" VPOS="3164" WIDTH="22"/>
						<String ID="word001569" HPOS="1018" VPOS="3124" WIDTH="159" HEIGHT="40" CONTENT="French," WC="0.97" CC="0001100"/>
						<SP ID="P6_SP01535" HPOS="1178" VPOS="3164" WIDTH="17"/>
						<String ID="word001570" HPOS="1194" VPOS="3136" WIDTH="43" HEIGHT="22" CONTENT="or" WC="1.00" CC="00"/>
						<SP ID="P6_SP01536" HPOS="1237" VPOS="3164" WIDTH="18"/>
						<String ID="word001571" HPOS="1254" VPOS="3124" WIDTH="96" HEIGHT="35" CONTENT="from" WC="1.00" CC="0000"/>
						<SP ID="P6_SP01537" HPOS="1350" VPOS="3164" WIDTH="17"/>
						<String ID="word001572" HPOS="1367" VPOS="3137" WIDTH="69" HEIGHT="33" CONTENT="any" WC="0.63" CC="046"/>
						<SP ID="P6_SP01538" HPOS="1435" VPOS="3170" WIDTH="21"/>
						<String ID="word001573" HPOS="1456" VPOS="3128" WIDTH="110" HEIGHT="34" CONTENT="other" WC="1.00" CC="00000"/>
						<SP ID="P6_SP01539" HPOS="1566" VPOS="3170" WIDTH="0"/>
					</TextLine>
					<TextLine ID="P6_TL00148" HPOS="211" VPOS="3167" WIDTH="1353" HEIGHT="48">
						<String ID="word001574" HPOS="211" VPOS="3177" WIDTH="137" HEIGHT="35" CONTENT="person" WC="0.83" CC="003312"/>
						<SP ID="P6_SP01540" HPOS="348" VPOS="3213" WIDTH="18"/>
						<String ID="word001575" HPOS="366" VPOS="3178" WIDTH="48" HEIGHT="24" CONTENT="on" WC="0.94" CC="01"/>
						<SP ID="P6_SP01541" HPOS="415" VPOS="3213" WIDTH="20"/>
						<String ID="word001576" HPOS="435" VPOS="3167" WIDTH="53" HEIGHT="35" CONTENT="his" WC="0.93" CC="002"/>
						<SP ID="P6_SP01542" HPOS="488" VPOS="3213" WIDTH="18"/>
						<String ID="word001577" HPOS="506" VPOS="3176" WIDTH="170" HEIGHT="34" CONTENT="account," WC="0.97" CC="02000000"/>
						<SP ID="P6_SP01543" HPOS="676" VPOS="3213" WIDTH="28"/>
						<String ID="word001578" HPOS="704" VPOS="3181" WIDTH="74" HEIGHT="34" CONTENT="any" WC="1.00" CC="000"/>
						<SP ID="P6_SP01544" HPOS="778" VPOS="3215" WIDTH="19"/>
						<String ID="word001579" HPOS="797" VPOS="3181" WIDTH="79" HEIGHT="24" CONTENT="sum" WC="0.85" CC="004"/>
						<SP ID="P6_SP01545" HPOS="876" VPOS="3215" WIDTH="33"/>
						<String ID="word001580" HPOS="909" VPOS="3170" WIDTH="43" HEIGHT="33" CONTENT="of" WC="1.00" CC="00"/>
						<SP ID="P6_SP01546" HPOS="952" VPOS="3215" WIDTH="25"/>
						<String ID="word001581" HPOS="977" VPOS="3182" WIDTH="133" HEIGHT="33" CONTENT="money" WC="0.98" CC="01000"/>
						<SP ID="P6_SP01547" HPOS="1110" VPOS="3215" WIDTH="20"/>
						<String ID="word001582" HPOS="1130" VPOS="3183" WIDTH="61" HEIGHT="24" CONTENT="on." WC="0.89" CC="003"/>
						<SP ID="P6_SP01548" HPOS="1192" VPOS="3215" WIDTH="15"/>
						<String ID="word001583" HPOS="1207" VPOS="3172" WIDTH="83" HEIGHT="34" CONTENT="that" WC="1.00" CC="0000"/>
						<SP ID="P6_SP01549" HPOS="1290" VPOS="3215" WIDTH="15"/>
						<String ID="word001584" HPOS="1305" VPOS="3176" WIDTH="178" HEIGHT="33" CONTENT="account?" WC="0.89" CC="00003122"/>
						<SP ID="P6_SP01550" HPOS="1483" VPOS="3215" WIDTH="31"/>
						<String ID="word001585" HPOS="1514" VPOS="3175" WIDTH="50" HEIGHT="34" CONTENT="A." WC="1.00" CC="00"/>
						<SP ID="P6_SP01551" HPOS="1564" VPOS="3215" WIDTH="0"/>
					</TextLine>
					<TextLine ID="P6_TL00149" HPOS="214" VPOS="3215" WIDTH="1350" HEIGHT="51">
						<String ID="word001586" HPOS="214" VPOS="3215" WIDTH="197" HEIGHT="39" CONTENT="Yes.—Q." WC="0.60" CC="0673333"/>
						<SP ID="P6_SP01552" HPOS="411" VPOS="3254" WIDTH="27"/>
						<String ID="word001587" HPOS="438" VPOS="3215" WIDTH="110" HEIGHT="33" CONTENT="What" WC="0.94" CC="2000"/>
						<SP ID="P6_SP01553" HPOS="548" VPOS="3254" WIDTH="22"/>
						<String ID="word001588" HPOS="570" VPOS="3217" WIDTH="208" HEIGHT="44" CONTENT="particular" WC="0.99" CC="0010000000"/>
						<SP ID="P6_SP01554" HPOS="778" VPOS="3261" WIDTH="13"/>
						<String ID="word001589" HPOS="791" VPOS="3219" WIDTH="104" HEIGHT="34" CONTENT="sun?" WC="0.75" CC="1152"/>
						<SP ID="P6_SP01555" HPOS="895" VPOS="3261" WIDTH="22"/>
						<String ID="word001590" HPOS="918" VPOS="3217" WIDTH="46" HEIGHT="35" CONTENT="A." WC="1.00" CC="00"/>
						<SP ID="P6_SP01556" HPOS="964" VPOS="3261" WIDTH="28"/>
						<String ID="word001591" HPOS="992" VPOS="3219" WIDTH="18" HEIGHT="34" CONTENT="I" WC="0.22" CC="7"/>
						<SP ID="P6_SP01557" HPOS="1010" VPOS="3261" WIDTH="24"/>
						<String ID="word001592" HPOS="1033" VPOS="3221" WIDTH="169" HEIGHT="33" CONTENT="received" WC="0.99" CC="00010000"/>
						<SP ID="P6_SP01558" HPOS="1202" VPOS="3261" WIDTH="19"/>
						<String ID="word001593" HPOS="1221" VPOS="3220" WIDTH="100" HEIGHT="35" CONTENT="5001." WC="0.82" CC="02051"/>
						<SP ID="P6_SP01559" HPOS="1322" VPOS="3261" WIDTH="21"/>
						<String ID="word001594" HPOS="1343" VPOS="3230" WIDTH="43" HEIGHT="24" CONTENT="or" WC="1.00" CC="00"/>
						<SP ID="P6_SP01560" HPOS="1385" VPOS="3261" WIDTH="15"/>
						<String ID="word001595" HPOS="1401" VPOS="3222" WIDTH="163" HEIGHT="44" CONTENT="guineas," WC="0.92" CC="00011211"/>
						<SP ID="P6_SP01561" HPOS="1564" VPOS="3266" WIDTH="0"/>
					</TextLine>
					<TextLine ID="P6_TL00150" HPOS="211" VPOS="3261" WIDTH="1353" HEIGHT="52">
						<String ID="word001596" HPOS="211" VPOS="3262" WIDTH="21" HEIGHT="35" CONTENT="I" WC="0.67" CC="3"/>
						<SP ID="P6_SP01562" HPOS="233" VPOS="3298" WIDTH="22"/>
						<String ID="word001597" HPOS="255" VPOS="3261" WIDTH="98" HEIGHT="37" CONTENT="can't" WC="1.00" CC="00000"/>
						<SP ID="P6_SP01563" HPOS="353" VPOS="3298" WIDTH="17"/>
						<String ID="word001598" HPOS="370" VPOS="3262" WIDTH="174" HEIGHT="34" CONTENT="recollect" WC="0.99" CC="000100000"/>
						<SP ID="P6_SP01564" HPOS="543" VPOS="3298" WIDTH="22"/>
						<String ID="word001599" HPOS="566" VPOS="3265" WIDTH="83" HEIGHT="32" CONTENT="well" WC="0.94" CC="1010"/>
						<SP ID="P6_SP01565" HPOS="648" VPOS="3298" WIDTH="22"/>
						<String ID="word001600" HPOS="671" VPOS="3263" WIDTH="138" HEIGHT="44" CONTENT="which," WC="0.98" CC="100000"/>
						<SP ID="P6_SP01566" HPOS="809" VPOS="3307" WIDTH="19"/>
						<String ID="word001601" HPOS="828" VPOS="3266" WIDTH="94" HEIGHT="34" CONTENT="from" WC="1.00" CC="0000"/>
						<SP ID="P6_SP01567" HPOS="922" VPOS="3307" WIDTH="19"/>
						<String ID="word001602" HPOS="941" VPOS="3267" WIDTH="163" HEIGHT="44" CONTENT="Captain" WC="0.70" CC="5322223"/>
						<SP ID="P6_SP01568" HPOS="1104" VPOS="3311" WIDTH="21"/>
						<String ID="word001603" HPOS="1126" VPOS="3267" WIDTH="161" HEIGHT="41" CONTENT="Sandon," WC="0.92" CC="1130000"/>
						<SP ID="P6_SP01569" HPOS="1286" VPOS="3311" WIDTH="17"/>
						<String ID="word001604" HPOS="1303" VPOS="3269" WIDTH="196" HEIGHT="44" CONTENT="according" WC="0.97" CC="100000001"/>
						<SP ID="P6_SP01570" HPOS="1499" VPOS="3313" WIDTH="27"/>
						<String ID="word001605" HPOS="1526" VPOS="3279" WIDTH="38" HEIGHT="26" CONTENT="to" WC="1.00" CC="00"/>
						<SP ID="P6_SP01571" HPOS="1564" VPOS="3313" WIDTH="0"/>
					</TextLine>
					<TextLine ID="P6_TL00151" HPOS="209" VPOS="3311" WIDTH="1354" HEIGHT="47">
						<String ID="word001606" HPOS="209" VPOS="3311" WIDTH="64" HEIGHT="34" CONTENT="the" WC="0.96" CC="001"/>
						<SP ID="P6_SP01572" HPOS="273" VPOS="3345" WIDTH="20"/>
						<String ID="word001607" HPOS="293" VPOS="3312" WIDTH="79" HEIGHT="32" CONTENT="best" WC="0.64" CC="4441"/>
						<SP ID="P6_SP01573" HPOS="372" VPOS="3345" WIDTH="18"/>
						<String ID="word001608" HPOS="390" VPOS="3311" WIDTH="46" HEIGHT="33" CONTENT="of" WC="1.00" CC="00"/>
						<SP ID="P6_SP01574" HPOS="436" VPOS="3345" WIDTH="22"/>
						<String ID="word001609" HPOS="458" VPOS="3320" WIDTH="57" HEIGHT="33" CONTENT="my" WC="1.00" CC="00"/>
						<SP ID="P6_SP01575" HPOS="515" VPOS="3353" WIDTH="22"/>
						<String ID="word001610" HPOS="537" VPOS="3321" WIDTH="180" HEIGHT="31" CONTENT="memory," WC="0.76" CC="3133041"/>
						<SP ID="P6_SP01576" HPOS="717" VPOS="3353" WIDTH="15"/>
						<String ID="word001611" HPOS="732" VPOS="3313" WIDTH="70" HEIGHT="33" CONTENT="and" WC="0.96" CC="100"/>
						<SP ID="P6_SP01577" HPOS="802" VPOS="3353" WIDTH="25"/>
						<String ID="word001612" HPOS="827" VPOS="3312" WIDTH="17" HEIGHT="34" CONTENT="I" WC="0.78" CC="2"/>
						<SP ID="P6_SP01578" HPOS="843" VPOS="3353" WIDTH="21"/>
						<String ID="word001613" HPOS="865" VPOS="3313" WIDTH="255" HEIGHT="43" CONTENT="immediately" WC="0.96" CC="00110001100"/>
						<SP ID="P6_SP01579" HPOS="1120" VPOS="3356" WIDTH="25"/>
						<String ID="word001614" HPOS="1144" VPOS="3321" WIDTH="93" HEIGHT="27" CONTENT="went" WC="1.00" CC="0000"/>
						<SP ID="P6_SP01580" HPOS="1238" VPOS="3356" WIDTH="19"/>
						<String ID="word001615" HPOS="1257" VPOS="3321" WIDTH="40" HEIGHT="26" CONTENT="to" WC="1.00" CC="00"/>
						<SP ID="P6_SP01581" HPOS="1297" VPOS="3356" WIDTH="25"/>
						<String ID="word001616" HPOS="1322" VPOS="3315" WIDTH="163" HEIGHT="43" CONTENT="Birkett," WC="0.93" CC="01003010"/>
						<SP ID="P6_SP01582" HPOS="1485" VPOS="3358" WIDTH="15"/>
						<String ID="word001617" HPOS="1500" VPOS="3318" WIDTH="63" HEIGHT="34" CONTENT="the" WC="1.00" CC="000"/>
						<SP ID="P6_SP01583" HPOS="1563" VPOS="3358" WIDTH="0"/>
					</TextLine>
					<TextLine ID="P6_TL00152" HPOS="209" VPOS="3358" WIDTH="1351" HEIGHT="52">
						<String ID="word001618" HPOS="209" VPOS="3358" WIDTH="246" HEIGHT="40" CONTENT="silversmith," WC="0.93" CC="000101030030"/>
						<SP ID="P6_SP01584" HPOS="455" VPOS="3398" WIDTH="19"/>
						<String ID="word001619" HPOS="474" VPOS="3358" WIDTH="69" HEIGHT="33" CONTENT="and" WC="0.96" CC="100"/>
						<SP ID="P6_SP01585" HPOS="542" VPOS="3398" WIDTH="20"/>
						<String ID="word001620" HPOS="562" VPOS="3359" WIDTH="89" HEIGHT="45" CONTENT="paid" WC="0.94" CC="1100"/>
						<SP ID="P6_SP01586" HPOS="651" VPOS="3404" WIDTH="22"/>
						<String ID="word001621" HPOS="673" VPOS="3359" WIDTH="27" HEIGHT="33" CONTENT="it" WC="1.00" CC="00"/>
						<SP ID="P6_SP01587" HPOS="700" VPOS="3404" WIDTH="15"/>
						<String ID="word001622" HPOS="716" VPOS="3366" WIDTH="38" HEIGHT="27" CONTENT="to" WC="0.78" CC="40"/>
						<SP ID="P6_SP01588" HPOS="754" VPOS="3404" WIDTH="17"/>
						<String ID="word001623" HPOS="770" VPOS="3361" WIDTH="138" HEIGHT="38" CONTENT="himou" WC="0.64" CC="22336"/>
						<SP ID="P6_SP01589" HPOS="908" VPOS="3404" WIDTH="13"/>
						<String ID="word001624" HPOS="921" VPOS="3367" WIDTH="172" HEIGHT="35" CONTENT="account," WC="1.00" CC="00000000"/>
						<SP ID="P6_SP01590" HPOS="1094" VPOS="3404" WIDTH="21"/>
						<String ID="word001625" HPOS="1115" VPOS="3361" WIDTH="59" HEIGHT="35" CONTENT="for" WC="1.00" CC="000"/>
						<SP ID="P6_SP01591" HPOS="1174" VPOS="3404" WIDTH="15"/>
						<String ID="word001626" HPOS="1189" VPOS="3373" WIDTH="100" HEIGHT="22" CONTENT="some" WC="0.64" CC="3433"/>
						<SP ID="P6_SP01592" HPOS="1290" VPOS="3404" WIDTH="17"/>
						<String ID="word001627" HPOS="1306" VPOS="3365" WIDTH="100" HEIGHT="44" CONTENT="plate" WC="0.93" CC="10101"/>
						<SP ID="P6_SP01593" HPOS="1407" VPOS="3409" WIDTH="18"/>
						<String ID="word001628" HPOS="1424" VPOS="3366" WIDTH="136" HEIGHT="44" CONTENT="sent.hy" WC="0.60" CC="5333353"/>
						<SP ID="P6_SP01594" HPOS="1560" VPOS="3410" WIDTH="0"/>
					</TextLine>
					<TextLine ID="P6_TL00153" HPOS="214" VPOS="3405" WIDTH="1347" HEIGHT="51">
						<String ID="word001629" HPOS="214" VPOS="3407" WIDTH="78" HEIGHT="33" CONTENT="hint" WC="0.67" CC="3126"/>
						<SP ID="P6_SP01595" HPOS="292" VPOS="3441" WIDTH="18"/>
						<String ID="word001630" HPOS="309" VPOS="3410" WIDTH="38" HEIGHT="28" CONTENT="to" WC="1.00" CC="00"/>
						<SP ID="P6_SP01596" HPOS="347" VPOS="3441" WIDTH="17"/>
						<String ID="word001631" HPOS="364" VPOS="3405" WIDTH="220" HEIGHT="34" CONTENT="Gloucester" WC="0.98" CC="1000010000"/>
						<SP ID="P6_SP01597" HPOS="583" VPOS="3441" WIDTH="35"/>
						<String ID="word001632" HPOS="619" VPOS="3406" WIDTH="131" HEIGHT="43" CONTENT="Place," WC="0.96" CC="100010"/>
						<SP ID="P6_SP01598" HPOS="750" VPOS="3449" WIDTH="26"/>
						<String ID="word001633" HPOS="776" VPOS="3409" WIDTH="73" HEIGHT="34" CONTENT="and" WC="0.93" CC="101"/>
						<SP ID="P6_SP01599" HPOS="849" VPOS="3449" WIDTH="33"/>
						<String ID="word001634" HPOS="882" VPOS="3409" WIDTH="54" HEIGHT="34" CONTENT="his" WC="0.96" CC="010"/>
						<SP ID="P6_SP01600" HPOS="937" VPOS="3449" WIDTH="28"/>
						<String ID="word001635" HPOS="965" VPOS="3411" WIDTH="128" HEIGHT="43" CONTENT="Royal" WC="0.95" CC="10010"/>
						<SP ID="P6_SP01601" HPOS="1093" VPOS="3454" WIDTH="24"/>
						<String ID="word001636" HPOS="1116" VPOS="3410" WIDTH="183" HEIGHT="44" CONTENT="Highness" WC="0.89" CC="50100011"/>
						<SP ID="P6_SP01602" HPOS="1299" VPOS="3454" WIDTH="22"/>
						<String ID="word001637" HPOS="1322" VPOS="3411" WIDTH="86" HEIGHT="45" CONTENT="paid" WC="0.97" CC="0100"/>
						<SP ID="P6_SP01603" HPOS="1408" VPOS="3456" WIDTH="20"/>
						<String ID="word001638" HPOS="1428" VPOS="3417" WIDTH="61" HEIGHT="28" CONTENT="the" WC="0.74" CC="151"/>
						<SP ID="P6_SP01604" HPOS="1489" VPOS="3456" WIDTH="15"/>
						<String ID="word001639" HPOS="1505" VPOS="3424" WIDTH="38" HEIGHT="22" CONTENT="re" SUBS_TYPE="HypPart1" SUBS_CONTENT="remainder" WC="0.70" CC="42"/>
						<HYP HPOS="1543" VPOS="3424" WIDTH="18" CONTENT="-"/>
					</TextLine>
					<TextLine ID="P6_TL00154" HPOS="207" VPOS="3452" WIDTH="1355" HEIGHT="49">
						<String ID="word001640" HPOS="207" VPOS="3454" WIDTH="174" HEIGHT="35" CONTENT="mainder" SUBS_TYPE="HypPart2" SUBS_CONTENT="remainder" WC="0.92" CC="1012001"/>
						<SP ID="P6_SP01605" HPOS="380" VPOS="3489" WIDTH="17"/>
						<String ID="word001641" HPOS="397" VPOS="3452" WIDTH="47" HEIGHT="33" CONTENT="of" WC="1.00" CC="00"/>
						<SP ID="P6_SP01606" HPOS="444" VPOS="3489" WIDTH="11"/>
						<String ID="word001642" HPOS="455" VPOS="3452" WIDTH="189" HEIGHT="35" CONTENT="thevaltie" WC="0.48" CC="335534883"/>
						<SP ID="P6_SP01607" HPOS="644" VPOS="3489" WIDTH="18"/>
						<String ID="word001643" HPOS="661" VPOS="3455" WIDTH="61" HEIGHT="33" CONTENT="oft" WC="0.85" CC="022"/>
						<SP ID="P6_SP01608" HPOS="723" VPOS="3489" WIDTH="12"/>
						<String ID="word001644" HPOS="735" VPOS="3457" WIDTH="59" HEIGHT="34" CONTENT="hat" WC="0.93" CC="200"/>
						<SP ID="P6_SP01609" HPOS="794" VPOS="3491" WIDTH="22"/>
						<String ID="word001645" HPOS="816" VPOS="3457" WIDTH="102" HEIGHT="44" CONTENT="plate" WC="1.00" CC="00000"/>
						<SP ID="P6_SP01610" HPOS="918" VPOS="3501" WIDTH="15"/>
						<String ID="word001646" HPOS="933" VPOS="3457" WIDTH="48" HEIGHT="44" CONTENT="by" WC="0.94" CC="10"/>
						<SP ID="P6_SP01611" HPOS="981" VPOS="3501" WIDTH="21"/>
						<String ID="word001647" HPOS="1003" VPOS="3457" WIDTH="56" HEIGHT="34" CONTENT="his" WC="0.96" CC="001"/>
						<SP ID="P6_SP01612" HPOS="1058" VPOS="3501" WIDTH="20"/>
						<String ID="word001648" HPOS="1078" VPOS="3457" WIDTH="135" HEIGHT="34" CONTENT="hills.—" WC="0.90" CC="0000123"/>
						<SP ID="P6_SP01613" HPOS="1213" VPOS="3501" WIDTH="24"/>
						<String ID="word001649" HPOS="1237" VPOS="3458" WIDTH="43" HEIGHT="39" CONTENT="Q." WC="0.94" CC="10"/>
						<SP ID="P6_SP01614" HPOS="1279" VPOS="3501" WIDTH="25"/>
						<String ID="word001650" HPOS="1304" VPOS="3461" WIDTH="98" HEIGHT="33" CONTENT="Does" WC="0.64" CC="3127"/>
						<SP ID="P6_SP01615" HPOS="1402" VPOS="3501" WIDTH="13"/>
						<String ID="word001651" HPOS="1415" VPOS="3461" WIDTH="146" HEIGHT="34" CONTENT="witness" WC="0.73" CC="4222322"/>
						<SP ID="P6_SP01616" HPOS="1561" VPOS="3501" WIDTH="0"/>
					</TextLine>
					<TextLine ID="P6_TL00155" HPOS="207" VPOS="3502" WIDTH="1352" HEIGHT="47">
						<String ID="word001652" HPOS="207" VPOS="3502" WIDTH="115" HEIGHT="33" CONTENT="know" WC="0.94" CC="1010"/>
						<SP ID="P6_SP01617" HPOS="321" VPOS="3535" WIDTH="20"/>
						<String ID="word001653" HPOS="341" VPOS="3502" WIDTH="46" HEIGHT="32" CONTENT="of" WC="1.00" CC="00"/>
						<SP ID="P6_SP01618" HPOS="387" VPOS="3535" WIDTH="19"/>
						<String ID="word001654" HPOS="406" VPOS="3511" WIDTH="74" HEIGHT="33" CONTENT="any" WC="0.96" CC="100"/>
						<SP ID="P6_SP01619" HPOS="481" VPOS="3544" WIDTH="17"/>
						<String ID="word001655" HPOS="497" VPOS="3502" WIDTH="203" HEIGHT="33" CONTENT="alteration" WC="0.80" CC="0101120274"/>
						<SP ID="P6_SP01620" HPOS="700" VPOS="3544" WIDTH="21"/>
						<String ID="word001656" HPOS="722" VPOS="3502" WIDTH="138" HEIGHT="45" CONTENT="having" WC="0.76" CC="006241"/>
						<SP ID="P6_SP01621" HPOS="860" VPOS="3547" WIDTH="19"/>
						<String ID="word001657" HPOS="879" VPOS="3506" WIDTH="89" HEIGHT="33" CONTENT="been" WC="1.00" CC="0000"/>
						<SP ID="P6_SP01622" HPOS="967" VPOS="3547" WIDTH="33"/>
						<String ID="word001658" HPOS="1000" VPOS="3506" WIDTH="106" HEIGHT="33" CONTENT="made" WC="0.81" CC="7000"/>
						<SP ID="P6_SP01623" HPOS="1107" VPOS="3547" WIDTH="21"/>
						<String ID="word001659" HPOS="1128" VPOS="3506" WIDTH="34" HEIGHT="34" CONTENT="in" WC="1.00" CC="00"/>
						<SP ID="P6_SP01624" HPOS="1162" VPOS="3547" WIDTH="21"/>
						<String ID="word001660" HPOS="1183" VPOS="3506" WIDTH="60" HEIGHT="34" CONTENT="the" WC="0.67" CC="225"/>
						<SP ID="P6_SP01625" HPOS="1244" VPOS="3547" WIDTH="18"/>
						<String ID="word001661" HPOS="1261" VPOS="3508" WIDTH="159" HEIGHT="41" CONTENT="original" WC="1.00" CC="00000000"/>
						<SP ID="P6_SP01626" HPOS="1421" VPOS="3549" WIDTH="28"/>
						<String ID="word001662" HPOS="1449" VPOS="3515" WIDTH="110" HEIGHT="27" CONTENT="terms" WC="0.98" CC="01000"/>
						<SP ID="P6_SP01627" HPOS="1559" VPOS="3549" WIDTH="0"/>
					</TextLine>
					<TextLine ID="P6_TL00156" HPOS="207" VPOS="3548" WIDTH="1350" HEIGHT="51">
						<String ID="word001663" HPOS="207" VPOS="3548" WIDTH="45" HEIGHT="35" CONTENT="of" WC="0.94" CC="10"/>
						<SP ID="P6_SP01628" HPOS="252" VPOS="3583" WIDTH="11"/>
						<String ID="word001664" HPOS="262" VPOS="3548" WIDTH="63" HEIGHT="34" CONTENT="the" WC="1.00" CC="000"/>
						<SP ID="P6_SP01629" HPOS="325" VPOS="3583" WIDTH="19"/>
						<String ID="word001665" HPOS="344" VPOS="3549" WIDTH="87" HEIGHT="43" CONTENT="leipy" WC="0.40" CC="53883"/>
						<SP ID="P6_SP01630" HPOS="431" VPOS="3592" WIDTH="15"/>
						<String ID="word001666" HPOS="446" VPOS="3549" WIDTH="13" HEIGHT="32" CONTENT="?" WC="1.00" CC="0"/>
						<SP ID="P6_SP01631" HPOS="459" VPOS="3592" WIDTH="32"/>
						<String ID="word001667" HPOS="491" VPOS="3549" WIDTH="48" HEIGHT="33" CONTENT="A." WC="0.78" CC="13"/>
						<SP ID="P6_SP01632" HPOS="540" VPOS="3592" WIDTH="14"/>
						<String ID="word001668" HPOS="554" VPOS="3549" WIDTH="28" HEIGHT="32" CONTENT="'I" WC="0.44" CC="55"/>
						<SP ID="P6_SP01633" HPOS="582" VPOS="3592" WIDTH="22"/>
						<String ID="word001669" HPOS="605" VPOS="3549" WIDTH="92" HEIGHT="45" CONTENT="kept" WC="1.00" CC="0000"/>
						<SP ID="P6_SP01634" HPOS="697" VPOS="3594" WIDTH="19"/>
						<String ID="word001670" HPOS="716" VPOS="3561" WIDTH="46" HEIGHT="22" CONTENT="no" WC="0.94" CC="01"/>
						<SP ID="P6_SP01635" HPOS="762" VPOS="3594" WIDTH="18"/>
						<String ID="word001671" HPOS="780" VPOS="3557" WIDTH="158" HEIGHT="30" CONTENT="account" WC="1.00" CC="0000000"/>
						<SP ID="P6_SP01636" HPOS="938" VPOS="3594" WIDTH="15"/>
						<String ID="word001672" HPOS="953" VPOS="3552" WIDTH="44" HEIGHT="34" CONTENT="of" WC="1.00" CC="00"/>
						<SP ID="P6_SP01637" HPOS="997" VPOS="3594" WIDTH="18"/>
						<String ID="word001673" HPOS="1015" VPOS="3553" WIDTH="113" HEIGHT="33" CONTENT="them." WC="0.93" CC="02010"/>
						<SP ID="P6_SP01638" HPOS="1128" VPOS="3594" WIDTH="53"/>
						<String ID="word001674" HPOS="1181" VPOS="3554" WIDTH="80" HEIGHT="33" CONTENT="The" WC="0.81" CC="311"/>
						<SP ID="P6_SP01639" HPOS="1261" VPOS="3594" WIDTH="19"/>
						<String ID="word001675" HPOS="1280" VPOS="3561" WIDTH="100" HEIGHT="26" CONTENT="notes" WC="0.82" CC="33020"/>
						<SP ID="P6_SP01640" HPOS="1381" VPOS="3594" WIDTH="18"/>
						<String ID="word001676" HPOS="1398" VPOS="3561" WIDTH="139" HEIGHT="38" CONTENT="respect" SUBS_TYPE="HypPart1" SUBS_CONTENT="respecting" WC="0.92" CC="0100002"/>
						<HYP HPOS="1538" VPOS="3561" WIDTH="19" CONTENT="-"/>
					</TextLine>
					<TextLine ID="P6_TL00157" HPOS="206" VPOS="3595" WIDTH="1352" HEIGHT="53">
						<String ID="word001677" HPOS="206" VPOS="3599" WIDTH="64" HEIGHT="41" CONTENT="ing" SUBS_TYPE="HypPart2" SUBS_CONTENT="respecting" WC="0.85" CC="040"/>
						<SP ID="P6_SP01641" HPOS="269" VPOS="3640" WIDTH="14"/>
						<String ID="word001678" HPOS="283" VPOS="3598" WIDTH="98" HEIGHT="33" CONTENT="them" WC="1.00" CC="0000"/>
						<SP ID="P6_SP01642" HPOS="381" VPOS="3640" WIDTH="19"/>
						<String ID="word001679" HPOS="400" VPOS="3595" WIDTH="71" HEIGHT="34" CONTENT="and" WC="0.93" CC="101"/>
						<SP ID="P6_SP01643" HPOS="471" VPOS="3640" WIDTH="20"/>
						<String ID="word001680" HPOS="491" VPOS="3598" WIDTH="289" HEIGHT="34" CONTENT="memorandums" WC="0.96" CC="00000030010"/>
						<SP ID="P6_SP01644" HPOS="781" VPOS="3640" WIDTH="33"/>
						<String ID="word001681" HPOS="814" VPOS="3600" WIDTH="17" HEIGHT="33" CONTENT="I" WC="0.67" CC="3"/>
						<SP ID="P6_SP01645" HPOS="830" VPOS="3640" WIDTH="22"/>
						<String ID="word001682" HPOS="853" VPOS="3599" WIDTH="171" HEIGHT="46" CONTENT="instantly" WC="0.99" CC="000001000"/>
						<SP ID="P6_SP01646" HPOS="1024" VPOS="3645" WIDTH="20"/>
						<String ID="word001683" HPOS="1044" VPOS="3612" WIDTH="96" HEIGHT="27" CONTENT="gave" WC="0.89" CC="2200"/>
						<SP ID="P6_SP01647" HPOS="1140" VPOS="3645" WIDTH="20"/>
						<String ID="word001684" HPOS="1160" VPOS="3607" WIDTH="37" HEIGHT="27" CONTENT="to" WC="1.00" CC="00"/>
						<SP ID="P6_SP01648" HPOS="1196" VPOS="3645" WIDTH="21"/>
						<String ID="word001685" HPOS="1218" VPOS="3601" WIDTH="53" HEIGHT="32" CONTENT="his" WC="1.00" CC="000"/>
						<SP ID="P6_SP01649" HPOS="1271" VPOS="3645" WIDTH="24"/>
						<String ID="word001686" HPOS="1294" VPOS="3601" WIDTH="119" HEIGHT="45" CONTENT="Royal" WC="0.93" CC="30000"/>
						<SP ID="P6_SP01650" HPOS="1414" VPOS="3646" WIDTH="22"/>
						<String ID="word001687" HPOS="1436" VPOS="3604" WIDTH="13" HEIGHT="32" CONTENT="h" WC="0.44" CC="5"/>
						<SP ID="P6_SP01651" HPOS="1449" VPOS="3646" WIDTH="30"/>
						<String ID="word001688" HPOS="1479" VPOS="3604" WIDTH="60" HEIGHT="44" CONTENT="igh" SUBS_TYPE="HypPart1" SUBS_CONTENT="ighness.---Q.." WC="0.58" CC="433"/>
						<HYP HPOS="1539" VPOS="3604" WIDTH="19" CONTENT="-"/>
					</TextLine>
					<TextLine ID="P6_TL00158" HPOS="202" VPOS="3645" WIDTH="1355" HEIGHT="48">
						<String ID="word001689" HPOS="202" VPOS="3645" WIDTH="214" HEIGHT="39" CONTENT="ness.---Q.." SUBS_TYPE="HypPart2" SUBS_CONTENT="ighness.---Q.." WC="0.63" CC="52223543335"/>
						<SP ID="P6_SP01652" HPOS="416" VPOS="3684" WIDTH="14"/>
						<String ID="word001690" HPOS="430" VPOS="3645" WIDTH="103" HEIGHT="33" CONTENT="Does" WC="0.92" CC="3000"/>
						<SP ID="P6_SP01653" HPOS="533" VPOS="3684" WIDTH="20"/>
						<String ID="word001691" HPOS="553" VPOS="3646" WIDTH="144" HEIGHT="32" CONTENT="witness" WC="0.40" CC="7175585"/>
						<SP ID="P6_SP01654" HPOS="697" VPOS="3684" WIDTH="30"/>
						<String ID="word001692" HPOS="726" VPOS="3646" WIDTH="115" HEIGHT="34" CONTENT="know" WC="0.94" CC="0101"/>
						<SP ID="P6_SP01655" HPOS="841" VPOS="3684" WIDTH="30"/>
						<String ID="word001693" HPOS="870" VPOS="3646" WIDTH="44" HEIGHT="33" CONTENT="of" WC="1.00" CC="00"/>
						<SP ID="P6_SP01656" HPOS="914" VPOS="3684" WIDTH="19"/>
						<String ID="word001694" HPOS="933" VPOS="3658" WIDTH="72" HEIGHT="33" CONTENT="any" WC="0.96" CC="010"/>
						<SP ID="P6_SP01657" HPOS="1005" VPOS="3691" WIDTH="31"/>
						<String ID="word001695" HPOS="1036" VPOS="3648" WIDTH="87" HEIGHT="33" CONTENT="loan" WC="0.83" CC="1005"/>
						<SP ID="P6_SP01658" HPOS="1123" VPOS="3691" WIDTH="34"/>
						<String ID="word001696" HPOS="1157" VPOS="3654" WIDTH="39" HEIGHT="26" CONTENT="to" WC="1.00" CC="00"/>
						<SP ID="P6_SP01659" HPOS="1196" VPOS="3691" WIDTH="28"/>
						<String ID="word001697" HPOS="1225" VPOS="3650" WIDTH="43" HEIGHT="32" CONTENT="be" WC="0.78" CC="31"/>
						<SP ID="P6_SP01660" HPOS="1267" VPOS="3691" WIDTH="35"/>
						<String ID="word001698" HPOS="1303" VPOS="3650" WIDTH="149" HEIGHT="43" CONTENT="granted" WC="0.97" CC="1000010"/>
						<SP ID="P6_SP01661" HPOS="1452" VPOS="3692" WIDTH="20"/>
						<String ID="word001699" HPOS="1472" VPOS="3661" WIDTH="64" HEIGHT="24" CONTENT="con" SUBS_TYPE="HypPart1" SUBS_CONTENT="connected" WC="1.00" CC="000"/>
						<HYP HPOS="1535" VPOS="3661" WIDTH="21" CONTENT="-"/>
					</TextLine>
					<TextLine ID="P6_TL00159" HPOS="200" VPOS="3692" WIDTH="1357" HEIGHT="45">
						<String ID="word001700" HPOS="200" VPOS="3692" WIDTH="131" HEIGHT="35" CONTENT="nected" SUBS_TYPE="HypPart2" SUBS_CONTENT="connected" WC="1.00" CC="000000"/>
						<SP ID="P6_SP01662" HPOS="331" VPOS="3728" WIDTH="20"/>
						<String ID="word001701" HPOS="351" VPOS="3692" WIDTH="91" HEIGHT="32" CONTENT="with" WC="0.89" CC="0004"/>
						<SP ID="P6_SP01663" HPOS="442" VPOS="3728" WIDTH="24"/>
						<String ID="word001702" HPOS="465" VPOS="3692" WIDTH="59" HEIGHT="33" CONTENT="the" WC="0.96" CC="001"/>
						<SP ID="P6_SP01664" HPOS="524" VPOS="3728" WIDTH="18"/>
						<String ID="word001703" HPOS="542" VPOS="3692" WIDTH="285" HEIGHT="35" CONTENT="Circumstances" WC="0.79" CC="5111031004710"/>
						<SP ID="P6_SP01665" HPOS="827" VPOS="3728" WIDTH="17"/>
						<String ID="word001704" HPOS="843" VPOS="3693" WIDTH="44" HEIGHT="34" CONTENT="of" WC="1.00" CC="00"/>
						<SP ID="P6_SP01666" HPOS="887" VPOS="3728" WIDTH="13"/>
						<String ID="word001705" HPOS="900" VPOS="3696" WIDTH="63" HEIGHT="35" CONTENT="the" WC="0.96" CC="001"/>
						<SP ID="P6_SP01667" HPOS="963" VPOS="3731" WIDTH="15"/>
						<String ID="word001706" HPOS="978" VPOS="3697" WIDTH="87" HEIGHT="40" CONTENT="levy" WC="0.97" CC="0001"/>
						<SP ID="P6_SP01668" HPOS="1065" VPOS="3737" WIDTH="14"/>
						<String ID="word001707" HPOS="1080" VPOS="3696" WIDTH="12" HEIGHT="33" CONTENT="?" WC="1.00" CC="0"/>
						<SP ID="P6_SP01669" HPOS="1091" VPOS="3737" WIDTH="32"/>
						<String ID="word001708" HPOS="1123" VPOS="3696" WIDTH="48" HEIGHT="34" CONTENT="A." WC="1.00" CC="00"/>
						<SP ID="P6_SP01670" HPOS="1172" VPOS="3737" WIDTH="26"/>
						<String ID="word001709" HPOS="1198" VPOS="3697" WIDTH="15" HEIGHT="33" CONTENT="I" WC="0.89" CC="1"/>
						<SP ID="P6_SP01671" HPOS="1213" VPOS="3737" WIDTH="21"/>
						<String ID="word001710" HPOS="1234" VPOS="3698" WIDTH="220" HEIGHT="33" CONTENT="understood" WC="0.97" CC="0011100000"/>
						<SP ID="P6_SP01672" HPOS="1454" VPOS="3737" WIDTH="21"/>
						<String ID="word001711" HPOS="1475" VPOS="3698" WIDTH="81" HEIGHT="34" CONTENT="that" WC="0.97" CC="0010"/>
						<SP ID="P6_SP01673" HPOS="1557" VPOS="3737" WIDTH="0"/>
					</TextLine>
					<TextLine ID="P6_TL00160" HPOS="203" VPOS="3737" WIDTH="1354" HEIGHT="52">
						<String ID="word001712" HPOS="203" VPOS="3741" WIDTH="37" HEIGHT="34" CONTENT="if" WC="1.00" CC="00"/>
						<SP ID="P6_SP01674" HPOS="240" VPOS="3775" WIDTH="21"/>
						<String ID="word001713" HPOS="261" VPOS="3741" WIDTH="158" HEIGHT="35" CONTENT="Colonel" WC="1.00" CC="0000000"/>
						<SP ID="P6_SP01675" HPOS="419" VPOS="3776" WIDTH="37"/>
						<String ID="word001714" HPOS="456" VPOS="3738" WIDTH="143" HEIGHT="44" CONTENT="French" WC="0.81" CC="300340"/>
						<SP ID="P6_SP01676" HPOS="599" VPOS="3782" WIDTH="33"/>
						<String ID="word001715" HPOS="632" VPOS="3742" WIDTH="109" HEIGHT="37" CONTENT="could" WC="0.87" CC="12120"/>
						<SP ID="P6_SP01677" HPOS="741" VPOS="3782" WIDTH="30"/>
						<String ID="word001716" HPOS="770" VPOS="3748" WIDTH="63" HEIGHT="38" CONTENT="get" WC="0.93" CC="110"/>
						<SP ID="P6_SP01678" HPOS="833" VPOS="3785" WIDTH="28"/>
						<String ID="word001717" HPOS="861" VPOS="3737" WIDTH="58" HEIGHT="39" CONTENT="his" WC="0.74" CC="511"/>
						<SP ID="P6_SP01679" HPOS="919" VPOS="3785" WIDTH="32"/>
						<String ID="word001718" HPOS="951" VPOS="3749" WIDTH="176" HEIGHT="27" CONTENT="accounts" WC="0.96" CC="00100200"/>
						<SP ID="P6_SP01680" HPOS="1127" VPOS="3785" WIDTH="26"/>
						<String ID="word001719" HPOS="1153" VPOS="3745" WIDTH="128" HEIGHT="44" CONTENT="passed" WC="0.83" CC="031230"/>
						<SP ID="P6_SP01681" HPOS="1280" VPOS="3789" WIDTH="28"/>
						<String ID="word001720" HPOS="1309" VPOS="3751" WIDTH="40" HEIGHT="26" CONTENT="at" WC="0.94" CC="10"/>
						<SP ID="P6_SP01682" HPOS="1349" VPOS="3789" WIDTH="18"/>
						<String ID="word001721" HPOS="1367" VPOS="3745" WIDTH="60" HEIGHT="33" CONTENT="the" WC="1.00" CC="000"/>
						<SP ID="P6_SP01683" HPOS="1427" VPOS="3789" WIDTH="26"/>
						<String ID="word001722" HPOS="1453" VPOS="3746" WIDTH="104" HEIGHT="33" CONTENT="War-" WC="0.83" CC="2022"/>
					</TextLine>
					<TextLine ID="P6_TL00161" HPOS="202" VPOS="3784" WIDTH="1352" HEIGHT="45">
						<String ID="word001723" HPOS="202" VPOS="3789" WIDTH="135" HEIGHT="40" CONTENT="Office," WC="0.70" CC="3253222"/>
						<SP ID="P6_SP01684" HPOS="337" VPOS="3829" WIDTH="21"/>
						<String ID="word001724" HPOS="358" VPOS="3788" WIDTH="126" HEIGHT="34" CONTENT="where" WC="0.98" CC="01000"/>
						<SP ID="P6_SP01685" HPOS="484" VPOS="3829" WIDTH="19"/>
						<String ID="word001725" HPOS="503" VPOS="3788" WIDTH="44" HEIGHT="33" CONTENT="he" WC="1.00" CC="00" STYLEREFS="TXT_5"/>
						<SP ID="P6_SP01686" HPOS="547" VPOS="3829" WIDTH="13"/>
						<String ID="word001726" HPOS="560" VPOS="3789" WIDTH="119" HEIGHT="33" CONTENT="stated" WC="1.00" CC="000000"/>
						<SP ID="P6_SP01687" HPOS="679" VPOS="3829" WIDTH="20"/>
						<String ID="word001727" HPOS="699" VPOS="3789" WIDTH="105" HEIGHT="34" CONTENT="there" WC="0.98" CC="00100"/>
						<SP ID="P6_SP01688" HPOS="804" VPOS="3829" WIDTH="22"/>
						<String ID="word001728" HPOS="827" VPOS="3801" WIDTH="73" HEIGHT="22" CONTENT="was" WC="0.93" CC="110"/>
						<SP ID="P6_SP01689" HPOS="900" VPOS="3829" WIDTH="25"/>
						<String ID="word001729" HPOS="925" VPOS="3801" WIDTH="21" HEIGHT="22" CONTENT="a" WC="0.89" CC="1"/>
						<SP ID="P6_SP01690" HPOS="946" VPOS="3829" WIDTH="18"/>
						<String ID="word001730" HPOS="964" VPOS="3784" WIDTH="261" HEIGHT="40" CONTENT="considerable" WC="0.97" CC="100000000110"/>
						<SP ID="P6_SP01691" HPOS="1225" VPOS="3829" WIDTH="25"/>
						<String ID="word001731" HPOS="1250" VPOS="3793" WIDTH="154" HEIGHT="33" CONTENT="balance" WC="0.95" CC="1000011"/>
						<SP ID="P6_SP01692" HPOS="1403" VPOS="3829" WIDTH="17"/>
						<String ID="word001732" HPOS="1420" VPOS="3793" WIDTH="70" HEIGHT="34" CONTENT="due" WC="0.81" CC="041"/>
						<SP ID="P6_SP01693" HPOS="1489" VPOS="3829" WIDTH="27"/>
						<String ID="word001733" HPOS="1517" VPOS="3802" WIDTH="37" HEIGHT="26" CONTENT="to" WC="1.00" CC="00"/>
						<SP ID="P6_SP01694" HPOS="1553" VPOS="3829" WIDTH="0"/>
					</TextLine>
					<TextLine ID="P6_TL00162" HPOS="202" VPOS="3835" WIDTH="1349" HEIGHT="52">
						<String ID="word001734" HPOS="202" VPOS="3836" WIDTH="93" HEIGHT="46" CONTENT="him," WC="0.83" CC="0006" STYLEREFS="TXT_5"/>
						<SP ID="P6_SP01695" HPOS="295" VPOS="3882" WIDTH="21"/>
						<String ID="word001735" HPOS="317" VPOS="3835" WIDTH="80" HEIGHT="35" CONTENT="that" WC="1.00" CC="0000" STYLEREFS="TXT_5"/>
						<SP ID="P6_SP01696" HPOS="397" VPOS="3882" WIDTH="20"/>
						<String ID="word001736" HPOS="417" VPOS="3846" WIDTH="25" HEIGHT="24" CONTENT="a" WC="1.00" CC="0"/>
						<SP ID="P6_SP01697" HPOS="442" VPOS="3882" WIDTH="18"/>
						<String ID="word001737" HPOS="459" VPOS="3836" WIDTH="86" HEIGHT="33" CONTENT="loan" WC="1.00" CC="0000"/>
						<SP ID="P6_SP01698" HPOS="546" VPOS="3882" WIDTH="31"/>
						<String ID="word001738" HPOS="576" VPOS="3835" WIDTH="46" HEIGHT="34" CONTENT="of" WC="1.00" CC="00"/>
						<SP ID="P6_SP01699" HPOS="622" VPOS="3882" WIDTH="22"/>
						<String ID="word001739" HPOS="645" VPOS="3836" WIDTH="123" HEIGHT="35" CONTENT="1)000/." WC="0.30" CC="8885384"/>
						<SP ID="P6_SP01700" HPOS="768" VPOS="3882" WIDTH="33"/>
						<String ID="word001740" HPOS="801" VPOS="3839" WIDTH="124" HEIGHT="33" CONTENT="would" WC="0.95" CC="11000"/>
						<SP ID="P6_SP01701" HPOS="925" VPOS="3882" WIDTH="30"/>
						<String ID="word001741" HPOS="954" VPOS="3839" WIDTH="45" HEIGHT="33" CONTENT="be" WC="0.83" CC="03"/>
						<SP ID="P6_SP01702" HPOS="999" VPOS="3882" WIDTH="26"/>
						<String ID="word001742" HPOS="1025" VPOS="3840" WIDTH="184" HEIGHT="44" CONTENT="procured" WC="0.99" CC="00010000"/>
						<SP ID="P6_SP01703" HPOS="1209" VPOS="3883" WIDTH="35"/>
						<String ID="word001743" HPOS="1245" VPOS="3839" WIDTH="61" HEIGHT="35" CONTENT="fur" WC="0.96" CC="010"/>
						<SP ID="P6_SP01704" HPOS="1306" VPOS="3883" WIDTH="31"/>
						<String ID="word001744" HPOS="1337" VPOS="3841" WIDTH="57" HEIGHT="33" CONTENT="his" WC="1.00" CC="000"/>
						<SP ID="P6_SP01705" HPOS="1394" VPOS="3883" WIDTH="33"/>
						<String ID="word001745" HPOS="1427" VPOS="3841" WIDTH="124" HEIGHT="46" CONTENT="Royal" WC="0.98" CC="10000"/>
						<SP ID="P6_SP01706" HPOS="1551" VPOS="3887" WIDTH="0"/>
					</TextLine>
					<TextLine ID="P6_TL00163" HPOS="200" VPOS="3882" WIDTH="1038" HEIGHT="48">
						<String ID="word001746" HPOS="200" VPOS="3882" WIDTH="190" HEIGHT="45" CONTENT="Highness" WC="0.92" CC="60000000"/>
						<SP ID="P6_SP01707" HPOS="390" VPOS="3927" WIDTH="19"/>
						<String ID="word001747" HPOS="409" VPOS="3894" WIDTH="98" HEIGHT="34" CONTENT="upon" WC="0.67" CC="3333"/>
						<SP ID="P6_SP01708" HPOS="507" VPOS="3928" WIDTH="26"/>
						<String ID="word001748" HPOS="533" VPOS="3886" WIDTH="180" HEIGHT="41" CONTENT="security," WC="0.88" CC="060100030"/>
						<SP ID="P6_SP01709" HPOS="712" VPOS="3928" WIDTH="18"/>
						<String ID="word001749" HPOS="730" VPOS="3885" WIDTH="71" HEIGHT="34" CONTENT="and" WC="0.96" CC="100"/>
						<SP ID="P6_SP01710" HPOS="801" VPOS="3928" WIDTH="20"/>
						<String ID="word001750" HPOS="821" VPOS="3892" WIDTH="35" HEIGHT="27" CONTENT="at" WC="0.94" CC="01"/>
						<SP ID="P6_SP01711" HPOS="856" VPOS="3928" WIDTH="22"/>
						<String ID="word001751" HPOS="879" VPOS="3886" WIDTH="63" HEIGHT="33" CONTENT="the" WC="0.96" CC="001"/>
						<SP ID="P6_SP01712" HPOS="941" VPOS="3928" WIDTH="17"/>
						<String ID="word001752" HPOS="958" VPOS="3886" WIDTH="98" HEIGHT="44" CONTENT="legal" WC="0.93" CC="11100"/>
						<SP ID="P6_SP01713" HPOS="1056" VPOS="3930" WIDTH="21"/>
						<String ID="word001753" HPOS="1077" VPOS="3887" WIDTH="161" HEIGHT="33" CONTENT="interest." WC="0.84" CC="131401300"/>
						<SP ID="P6_SP01714" HPOS="1238" VPOS="3930" WIDTH="0"/>
					</TextLine>
					<TextLine ID="P6_TL00164" HPOS="249" VPOS="3931" WIDTH="1302" HEIGHT="45">
						<String ID="word001754" HPOS="249" VPOS="3931" WIDTH="262" HEIGHT="45" CONTENT="Interrogated" WC="0.98" CC="100000001000"/>
						<SP ID="P6_SP01715" HPOS="511" VPOS="3976" WIDTH="28"/>
						<String ID="word001755" HPOS="540" VPOS="3933" WIDTH="52" HEIGHT="43" CONTENT="by" WC="1.00" CC="00"/>
						<SP ID="P6_SP01716" HPOS="592" VPOS="3976" WIDTH="22"/>
						<String ID="word001756" HPOS="614" VPOS="3932" WIDTH="74" HEIGHT="33" CONTENT="Mr." WC="0.96" CC="100"/>
						<SP ID="P6_SP01717" HPOS="689" VPOS="3976" WIDTH="21"/>
						<String ID="word001757" HPOS="710" VPOS="3933" WIDTH="94" HEIGHT="33" CONTENT="CRO" WC="0.56" CC="478" STYLEREFS="TXT_5"/>
						<SP ID="P6_SP01718" HPOS="804" VPOS="3976" WIDTH="263"/>
						<String ID="word001758" HPOS="1068" VPOS="3933" WIDTH="113" HEIGHT="34" CONTENT="What" WC="0.89" CC="4000"/>
						<SP ID="P6_SP01719" HPOS="1181" VPOS="3976" WIDTH="18"/>
						<String ID="word001759" HPOS="1199" VPOS="3934" WIDTH="214" HEIGHT="34" CONTENT="Gentlemen" WC="0.88" CC="103410100" STYLEREFS="TXT_5"/>
						<SP ID="P6_SP01720" HPOS="1413" VPOS="3976" WIDTH="18"/>
						<String ID="word001760" HPOS="1430" VPOS="3937" WIDTH="120" HEIGHT="34" CONTENT="called" WC="1.00" CC="000000" STYLEREFS="TXT_5"/>
						<SP ID="P6_SP01721" HPOS="1551" VPOS="3976" WIDTH="0"/>
					</TextLine>
					<TextLine ID="P6_TL00165" HPOS="191" VPOS="3978" WIDTH="1356" HEIGHT="40">
						<String ID="word001761" HPOS="191" VPOS="3984" WIDTH="44" HEIGHT="31" CONTENT="At" WC="0.61" CC="70" STYLEREFS="TXT_5"/>
						<SP ID="P6_SP01722" HPOS="235" VPOS="4015" WIDTH="35"/>
						<String ID="word001762" HPOS="270" VPOS="3979" WIDTH="64" HEIGHT="35" CONTENT="the" WC="1.00" CC="000"/>
						<SP ID="P6_SP01723" HPOS="334" VPOS="4015" WIDTH="35"/>
						<String ID="word001763" HPOS="370" VPOS="3978" WIDTH="177" HEIGHT="35" CONTENT="witness's" WC="0.94" CC="200011010"/>
						<SP ID="P6_SP01724" HPOS="547" VPOS="4015" WIDTH="31"/>
						<String ID="word001764" HPOS="578" VPOS="3979" WIDTH="112" HEIGHT="34" CONTENT="honse" WC="0.91" CC="11110"/>
						<SP ID="P6_SP01725" HPOS="690" VPOS="4015" WIDTH="27"/>
						<String ID="word001765" HPOS="717" VPOS="3980" WIDTH="103" HEIGHT="33" CONTENT="since" WC="0.73" CC="33330" STYLEREFS="TXT_5"/>
						<SP ID="P6_SP01726" HPOS="820" VPOS="4015" WIDTH="20"/>
						<String ID="word001766" HPOS="840" VPOS="3981" WIDTH="65" HEIGHT="32" CONTENT="her" WC="0.96" CC="010" STYLEREFS="TXT_5"/>
						<SP ID="P6_SP01727" HPOS="905" VPOS="4015" WIDTH="26"/>
						<String ID="word001767" HPOS="931" VPOS="3981" WIDTH="69" HEIGHT="33" CONTENT="last" WC="0.97" CC="0100"/>
						<SP ID="P6_SP01728" HPOS="999" VPOS="4015" WIDTH="33"/>
						<String ID="word001768" HPOS="1032" VPOS="3983" WIDTH="260" HEIGHT="33" CONTENT="examination" WC="0.81" CC="10031332231"/>
						<SP ID="P6_SP01729" HPOS="1292" VPOS="4016" WIDTH="37"/>
						<String ID="word001769" HPOS="1329" VPOS="3983" WIDTH="113" HEIGHT="34" CONTENT="here?" WC="0.80" CC="02025"/>
						<SP ID="P6_SP01730" HPOS="1442" VPOS="4017" WIDTH="54"/>
						<String ID="word001770" HPOS="1496" VPOS="3986" WIDTH="51" HEIGHT="32" CONTENT="A." WC="1.00" CC="00"/>
						<SP ID="P6_SP01731" HPOS="1547" VPOS="4018" WIDTH="0"/>
					</TextLine>
					<TextLine ID="P6_TL00166" HPOS="194" VPOS="4026" WIDTH="1356" HEIGHT="50">
						<String ID="word001771" HPOS="194" VPOS="4029" WIDTH="102" HEIGHT="45" CONTENT="Only" WC="0.89" CC="1300"/>
						<SP ID="P6_SP01732" HPOS="295" VPOS="4074" WIDTH="41"/>
						<String ID="word001772" HPOS="337" VPOS="4036" WIDTH="80" HEIGHT="26" CONTENT="two" WC="0.96" CC="010"/>
						<SP ID="P6_SP01733" HPOS="417" VPOS="4074" WIDTH="45"/>
						<String ID="word001773" HPOS="462" VPOS="4026" WIDTH="333" HEIGHT="40" CONTENT="Gentlemen.--Q." WC="0.64" CC="66513050333532"/>
						<SP ID="P6_SP01734" HPOS="795" VPOS="4074" WIDTH="46"/>
						<String ID="word001774" HPOS="841" VPOS="4028" WIDTH="81" HEIGHT="35" CONTENT="has" WC="0.63" CC="532"/>
						<SP ID="P6_SP01735" HPOS="922" VPOS="4074" WIDTH="44"/>
						<String ID="word001775" HPOS="966" VPOS="4030" WIDTH="148" HEIGHT="33" CONTENT="witness" WC="0.98" CC="1000000"/>
						<SP ID="P6_SP01736" HPOS="1114" VPOS="4074" WIDTH="39"/>
						<String ID="word001776" HPOS="1153" VPOS="4039" WIDTH="87" HEIGHT="24" CONTENT="ever" WC="0.97" CC="0100"/>
						<SP ID="P6_SP01737" HPOS="1240" VPOS="4074" WIDTH="26"/>
						<String ID="word001777" HPOS="1266" VPOS="4031" WIDTH="171" HEIGHT="32" CONTENT="received" WC="0.93" CC="30100010"/>
						<SP ID="P6_SP01738" HPOS="1437" VPOS="4074" WIDTH="38"/>
						<String ID="word001778" HPOS="1475" VPOS="4043" WIDTH="74" HEIGHT="33" CONTENT="any" WC="0.96" CC="100"/>
						<SP ID="P6_SP01739" HPOS="1550" VPOS="4076" WIDTH="0"/>
					</TextLine>
					<TextLine ID="P6_TL00167" HPOS="188" VPOS="4075" WIDTH="1361" HEIGHT="41">
						<String ID="word001779" HPOS="188" VPOS="4088" WIDTH="97" HEIGHT="24" CONTENT="sums" WC="0.89" CC="0040"/>
						<SP ID="P6_SP01740" HPOS="285" VPOS="4111" WIDTH="20"/>
						<String ID="word001780" HPOS="305" VPOS="4076" WIDTH="44" HEIGHT="33" CONTENT="of" WC="1.00" CC="00"/>
						<SP ID="P6_SP01741" HPOS="348" VPOS="4111" WIDTH="20"/>
						<String ID="word001781" HPOS="369" VPOS="4083" WIDTH="136" HEIGHT="26" CONTENT="money" WC="0.71" CC="30217"/>
						<SP ID="P6_SP01742" HPOS="504" VPOS="4111" WIDTH="14"/>
						<String ID="word001782" HPOS="519" VPOS="4075" WIDTH="99" HEIGHT="34" CONTENT=":10111" WC="0.24" CC="677777"/>
						<SP ID="P6_SP01743" HPOS="618" VPOS="4111" WIDTH="33"/>
						<String ID="word001783" HPOS="651" VPOS="4075" WIDTH="73" HEIGHT="34" CONTENT="Mr." WC="0.96" CC="100"/>
						<SP ID="P6_SP01744" HPOS="724" VPOS="4111" WIDTH="25"/>
						<String ID="word001784" HPOS="749" VPOS="4076" WIDTH="94" HEIGHT="33" CONTENT="Dow" WC="0.67" CC="315"/>
						<SP ID="P6_SP01745" HPOS="843" VPOS="4111" WIDTH="13"/>
						<String ID="word001785" HPOS="856" VPOS="4076" WIDTH="54" HEIGHT="34" CONTENT="ler" WC="0.63" CC="442"/>
						<SP ID="P6_SP01746" HPOS="911" VPOS="4111" WIDTH="13"/>
						<String ID="word001786" HPOS="924" VPOS="4076" WIDTH="13" HEIGHT="33" CONTENT="?" WC="0.44" CC="5"/>
						<SP ID="P6_SP01747" HPOS="937" VPOS="4111" WIDTH="30"/>
						<String ID="word001787" HPOS="966" VPOS="4077" WIDTH="48" HEIGHT="34" CONTENT="A." WC="1.00" CC="00"/>
						<SP ID="P6_SP01748" HPOS="1015" VPOS="4111" WIDTH="37"/>
						<String ID="word001788" HPOS="1051" VPOS="4076" WIDTH="19" HEIGHT="34" CONTENT="I" WC="0.67" CC="3"/>
						<SP ID="P6_SP01749" HPOS="1070" VPOS="4111" WIDTH="35"/>
						<String ID="word001789" HPOS="1106" VPOS="4077" WIDTH="169" HEIGHT="33" CONTENT="received" WC="0.92" CC="00211110"/>
						<SP ID="P6_SP01750" HPOS="1274" VPOS="4111" WIDTH="32"/>
						<String ID="word001790" HPOS="1306" VPOS="4078" WIDTH="116" HEIGHT="38" CONTENT="1.000/." WC="0.60" CC="6704170"/>
						<SP ID="P6_SP01751" HPOS="1422" VPOS="4116" WIDTH="31"/>
						<String ID="word001791" HPOS="1453" VPOS="4078" WIDTH="96" HEIGHT="35" CONTENT="from" WC="0.67" CC="0327"/>
						<SP ID="P6_SP01752" HPOS="1548" VPOS="4116" WIDTH="0"/>
					</TextLine>
					<TextLine ID="P6_TL00168" HPOS="190" VPOS="4122" WIDTH="1361" HEIGHT="48">
						<String ID="word001792" HPOS="190" VPOS="4124" WIDTH="79" HEIGHT="38" CONTENT="him" WC="0.96" CC="100"/>
						<SP ID="P6_SP01753" HPOS="269" VPOS="4162" WIDTH="17"/>
						<String ID="word001793" HPOS="286" VPOS="4123" WIDTH="65" HEIGHT="37" CONTENT="for" WC="1.00" CC="000"/>
						<SP ID="P6_SP01754" HPOS="351" VPOS="4162" WIDTH="13"/>
						<String ID="word001794" HPOS="364" VPOS="4122" WIDTH="203" HEIGHT="46" CONTENT="procuring" WC="0.99" CC="000010000"/>
						<SP ID="P6_SP01755" HPOS="567" VPOS="4168" WIDTH="18"/>
						<String ID="word001795" HPOS="585" VPOS="4122" WIDTH="63" HEIGHT="34" CONTENT="fur" WC="0.78" CC="150"/>
						<SP ID="P6_SP01756" HPOS="647" VPOS="4168" WIDTH="18"/>
						<String ID="word001796" HPOS="665" VPOS="4122" WIDTH="77" HEIGHT="34" CONTENT="him" WC="0.96" CC="001"/>
						<SP ID="P6_SP01757" HPOS="742" VPOS="4168" WIDTH="18"/>
						<String ID="word001797" HPOS="759" VPOS="4123" WIDTH="67" HEIGHT="38" CONTENT="the" WC="0.96" CC="001"/>
						<SP ID="P6_SP01758" HPOS="827" VPOS="4168" WIDTH="15"/>
						<String ID="word001798" HPOS="842" VPOS="4123" WIDTH="260" HEIGHT="46" CONTENT="appointment" WC="0.91" CC="01011020031"/>
						<SP ID="P6_SP01759" HPOS="1102" VPOS="4169" WIDTH="30"/>
						<String ID="word001799" HPOS="1131" VPOS="4123" WIDTH="46" HEIGHT="34" CONTENT="of" WC="1.00" CC="00"/>
						<SP ID="P6_SP01760" HPOS="1178" VPOS="4169" WIDTH="22"/>
						<String ID="word001800" HPOS="1200" VPOS="4124" WIDTH="155" HEIGHT="46" CONTENT="Deputy" WC="1.00" CC="000000"/>
						<SP ID="P6_SP01761" HPOS="1355" VPOS="4170" WIDTH="19"/>
						<String ID="word001801" HPOS="1374" VPOS="4128" WIDTH="152" HEIGHT="33" CONTENT="Commis" SUBS_TYPE="HypPart1" SUBS_CONTENT="Commissary..Q." WC="0.82" CC="101114"/>
						<HYP HPOS="1526" VPOS="4128" WIDTH="25" CONTENT="-"/>
					</TextLine>
					<TextLine ID="P6_TL00169" HPOS="190" VPOS="4172" WIDTH="352" HEIGHT="50">
						<String ID="word001802" HPOS="190" VPOS="4173" WIDTH="219" HEIGHT="48" CONTENT="sary..Q." SUBS_TYPE="HypPart2" SUBS_CONTENT="Commissary..Q." WC="0.57" CC="73336711"/>
						<SP ID="P6_SP01762" HPOS="409" VPOS="4221" WIDTH="30"/>
						<String ID="word001803" HPOS="438" VPOS="4172" WIDTH="104" HEIGHT="39" CONTENT="Does" WC="0.97" CC="0001"/>
						<SP ID="P6_SP01763" HPOS="542" VPOS="4221" WIDTH="0"/>
					</TextLine>
					<TextLine ID="P6_TL00170" HPOS="559" VPOS="4170" WIDTH="1010" HEIGHT="52">
						<String ID="word001804" HPOS="559" VPOS="4170" WIDTH="165" HEIGHT="51" CONTENT="_witness" WC="0.83" CC="70002012"/>
						<SP ID="P6_SP01764" HPOS="724" VPOS="4221" WIDTH="31"/>
						<String ID="word001805" HPOS="755" VPOS="4181" WIDTH="89" HEIGHT="30" CONTENT="owe" WC="0.96" CC="001"/>
						<SP ID="P6_SP01765" HPOS="843" VPOS="4221" WIDTH="35"/>
						<String ID="word001806" HPOS="879" VPOS="4173" WIDTH="78" HEIGHT="39" CONTENT="Mr." WC="0.96" CC="100"/>
						<SP ID="P6_SP01766" HPOS="957" VPOS="4221" WIDTH="27"/>
						<String ID="word001807" HPOS="984" VPOS="4173" WIDTH="167" HEIGHT="39" CONTENT="yowler" WC="0.87" CC="600100"/>
						<SP ID="P6_SP01767" HPOS="1150" VPOS="4221" WIDTH="26"/>
						<String ID="word001808" HPOS="1176" VPOS="4182" WIDTH="83" HEIGHT="27" CONTENT="now" WC="0.93" CC="110"/>
						<SP ID="P6_SP01768" HPOS="1259" VPOS="4221" WIDTH="33"/>
						<String ID="word001809" HPOS="1292" VPOS="4183" WIDTH="76" HEIGHT="38" CONTENT="tiny" WC="0.61" CC="6530"/>
						<SP ID="P6_SP01769" HPOS="1368" VPOS="4221" WIDTH="32"/>
						<String ID="word001810" HPOS="1400" VPOS="4185" WIDTH="146" HEIGHT="37" CONTENT="money," WC="0.85" CC="313001"/>
						<SP ID="P6_SP01770" HPOS="1546" VPOS="4221" WIDTH="17"/>
						<String ID="word001811" HPOS="1563" VPOS="4207" WIDTH="6" HEIGHT="14" CONTENT="h" WC="0.22" CC="7" STYLEREFS="TXT_5"/>
						<SP ID="P6_SP01771" HPOS="1569" VPOS="4221" WIDTH="0"/>
					</TextLine>
				</TextBlock>
				<TextBlock ID="pa0006014" HPOS="220" VPOS="86" WIDTH="99" HEIGHT="57" STYLEREFS="TXT_1 PAR_LEFT">
					<TextLine ID="P6_TL00171" HPOS="221" VPOS="92" WIDTH="97" HEIGHT="51">
						<String ID="word001812" HPOS="221" VPOS="92" WIDTH="97" HEIGHT="51" CONTENT="102" WC="0.63" CC="154"/>
						<SP ID="P6_SP01772" HPOS="318" VPOS="143" WIDTH="0"/>
					</TextLine>
				</TextBlock>
				<TextBlock ID="P6_TB00015" HPOS="3020" VPOS="2935" WIDTH="61" HEIGHT="34" STYLEREFS="TXT_6 PAR_RIGHT">
					<TextLine ID="P6_TL00172" HPOS="3020" VPOS="2935" WIDTH="61" HEIGHT="34">
						<String ID="P6_ST01813" HPOS="3020" VPOS="2935" WIDTH="61" HEIGHT="34" CONTENT="r.~" WC="0.59" CC="218"/>
						<SP ID="P6_SP01773" HPOS="3081" VPOS="2969" WIDTH="0"/>
					</TextLine>
				</TextBlock>
				<TextBlock ID="P6_TB00016" HPOS="3442" VPOS="70" WIDTH="18" HEIGHT="51" STYLEREFS="TXT_1 PAR_RIGHT">
					<TextLine ID="P6_TL00173" HPOS="3444" VPOS="72" WIDTH="15" HEIGHT="48">
						<String ID="P6_ST01814" HPOS="3444" VPOS="72" WIDTH="15" HEIGHT="48" CONTENT="1" WC="0.11" CC="8"/>
						<SP ID="P6_SP01774" HPOS="3459" VPOS="120" WIDTH="0"/>
					</TextLine>
				</TextBlock>
			</PrintSpace>
		</Page>
	</Layout>
</alto>
