3308 4415
1180 81 142 71 TIDE
1356 90 363 65 NATIONAL
1759 98 366 77 REGIgTE4.

295 216 104 43 tam,
433 213 66 38 for
520 221 50 30 au
599 210 169 47 instant,
797 213 70 41 the
896 215 177 44 delusive
1107 221 94 47 idea,
1231 226 87 39 that
1356 230 256 38 BONAPARTE

294 276 136 41 would
461 285 203 33 renounce
699 276 60 41 his
778 282 259 48 pretensions,
1068 298 47 26 or
1134 292 84 48 stop
1238 289 187 54 suddenly
1446 293 109 40 shout
1574 294 35 38 in

295 345 70 39 the
392 354 138 28 career
559 344 52 47 Of
646 344 63 40 his
736 356 211 45 conquests
978 350 79 40 and
1091 353 150 48 crimes,
1287 364 104 33 were
1427 372 54 26 we
1512 373 98 27 even

295 405 157 54 willing
472 410 44 37 to
540 406 118 40 Make
671 415 161 46 greater
841 411 194 41 sacrifices
1055 413 97 40 than
1166 416 65 40 the
1251 424 102 34 most
1372 420 237 53 unthinking

293 468 221 45 advocates
543 474 64 40 fors
627 470 255 59 negdtiation
901 475 129 45 would
1050 485 159 37 consent
1227 489 70 34 tb?
1354 487 41 39 If
1408 487 56 40 we
1480 490 129 39 Would

296 539 200 54 purchase
514 553 25 26 a
553 544 115 37 truce
681 541 48 40 of
754 541 78 43 five
847 555 111 40 years
979 549 44 47 (a
1036 559 117 39 peace
1169 547 90 43 with
1280 550 87 41 that
1388 565 90 27 man
1498 556 28 38 is
1544 555 66 39 the

298 602 110 39 most
425 606 274 51 extravagant
719 605 86 40 idea
823 605 89 41 that
924 607 93 40 ever
1036 611 161 40 entered
1215 612 83 40 into
1318 613 69 40 the
1406 614 93 40 head
1517 618 48 39 of
1586 628 25 28 a

299 665 167 43 modern
488 666 335 54 visionary)-4e
844 676 119 35 must
964 673 122 41 make
1100 685 21 28 a
1139 676 142 43 radical
1302 678 151 53 change
1473 676 37 44 in
1532 696 79 27 our

299 726 187 54 political
503 722 337 50 establishments.
896 733 94 47 Ask,
1012 735 78 46 Sir,
1120 738 98 40 Lord
1237 742 274 39 WHITWORTH
1532 743 77 41 and

296 789 72 40 the
390 790 91 39 Earl
501 791 46 39 of
574 794 243 39 LIVERPOOL
848 794 90 39 how
957 796 93 53 they
1071 806 100 33 were
1192 802 177 51 annoyed
1391 801 90 40 with
1500 815 83 28 com-

299 852 150 53 plaints
468 853 76 40 and
579 854 317 41 rernonstranceS
913 856 126 43 about
1059 859 69 39 the
1148 859 291 44 licentiousness
1467 865 46 38 of
1535 879 77 26 our

299 925 137 43 press;
467 915 77 39 and
585 922 133 47 pretty
741 918 125 39 broad
887 918 103 40 hints
1011 934 103 26 were
1129 917 151 46 thrown
1299 930 71 34 out
1391 925 50 51 by
1476 927 107 39 BONA-

300 989 161 33 PARTE,
490 977 103 40 after
612 979 72 39 the
704 991 119 40 peace
843 979 48 39 of
914 981 131 43 Amiens
1045 981 21 43 .
1067 981 22 43 ,
1119 983 86 39 that
1222 985 67 39 the
1309 990 243 47 simplifying
1566 989 50 40 of

300 1050 78 26 our
399 1039 291 47 Constitution,
718 1050 46 30 or
784 1042 211 53 rendering
1016 1043 31 39 it
1064 1042 135 56 purely
1219 1048 259 46 monarchial,
1496 1048 92 41 with-

299 1104 77 34 out
406 1100 70 40 the
508 1096 275 45 troublesome
820 1103 252 54 appendages
1097 1104 48 39 of
1182 1107 265 52 parliaments,
1469 1108 141 51 ivies,

299 1160 80 40 and
398 1159 85 43 free
513 1176 118 39 press,
664 1163 131 40 would
816 1165 51 39 be
887 1178 109 27 more
1032 1167 214 41 consistent
1279 1170 96 39 with
1408 1172 70 39 the
1501 1179 89 32 tran-

299 1226 159 47 quillity
478 1225 76 39 and
573 1224 70 40 the
677 1231 157 47 present
870 1230 139 37 liberal
1026 1227 107 40 ideas
1153 1228 46 39 of
1222 1233 172 50 Europe.
1453 1226 58 45 Ite
1539 1232 71 41 has

298 1290 73 34 not
391 1286 227 40 renounced
635 1286 72 40 the
726 1287 87 40 idea
843 1285 48 41 of
913 1289 231 52 conferring
1172 1290 86 39 that
1291 1292 170 53 blessing
1480 1302 53 31 on
1564 1309 46 25 us

299 1345 103 47 still;
433 1348 79 46 for,
540 1349 105 39 since
676 1348 70 40 the
775 1348 194 54 breaking
997 1355 77 34 out
1103 1350 48 40 of
1173 1351 65 39 the
1257 1359 157 46 present
1441 1368 94 33 war,
1564 1355 52 40 he

298 1407 73 43 has
390 1409 227 54 frequently
653 1410 161 40 alluded
834 1415 43 35 to
907 1411 67 39 the
1010 1413 276 54 impossibility
1323 1415 47 39 of
1394 1427 24 28 a
1447 1416 168 40 durable

296 1483 139 39 peace,
467 1485 41 26 as
529 1473 96 52 long
644 1486 44 26 as
709 1475 123 38 Great
850 1473 151 39 Britain
1028 1472 193 43 laboured
1239 1476 125 39 under
1382 1474 69 43 the
1468 1473 123 54 imper-

286 1534 177 48 fections
493 1533 47 39 of
562 1535 48 38 its
643 1531 158 56 present
829 1535 239 48 oligarchial
1100 1541 156 45 system,
1311 1538 72 38 We
1419 1539 99 38 have
1556 1537 39 40 al-

300 1594 123 52 ready
456 1594 78 40 had
553 1609 24 25 a
594 1596 201 52 specimen
824 1594 50 39 of
888 1609 24 25 a
934 1598 125 37 Peace
1088 1597 92 38 with
1205 1599 260 38 BONAPARTE
1483 1603 8 32 !
1528 1600 78 38 and

299 1654 71 41 the
390 1656 85 39 first
495 1668 65 28 use
581 1658 50 39 he
660 1658 115 39 Made
794 1658 50 39 Of
866 1657 45 46 it,
939 1667 79 30 was
1049 1663 45 33 to
1111 1658 67 39 fall
1215 1668 48 30 on
1286 1661 66 38 the
1374 1659 236 40 defenceless

304 1720 129 45 Swiss,
463 1723 41 34 to
526 1720 159 52 destroy
715 1724 120 47 every
859 1720 150 52 vestige
1038 1720 51 39 of
1111 1720 100 39 their
1245 1720 142 53 liberty
1407 1726 11 40 ;
1448 1719 90 48 and,
1577 1722 39 39 in

300 1779 155 52 perfect
488 1779 196 40 violation
722 1780 50 40 of
794 1782 69 37 the
894 1781 152 40 solemn
1078 1787 283 47 engagements
1381 1785 50 37 he
1448 1782 77 40 had
1550 1796 45 25 en-

301 1841 111 38 tered
437 1843 84 38 into
543 1841 37 39 in
598 1841 77 39 this
692 1853 96 31 very
809 1844 148 51 Treaty
991 1844 51 38 of
1065 1844 172 46 Amiens,
1270 1848 43 33 to
1333 1856 119 40 usurp
1468 1844 148 39 several

304 1905 126 37 States
452 1904 35 38 in
507 1903 116 53 Italy.
680 1906 94 43 Yes,
793 1905 76 43 Sir,
888 1904 50 39 he
954 1904 135 39 would
1111 1903 178 53 willingly
1316 1905 119 39 make
1452 1905 167 39 another

300 1971 123 45 pease
443 1964 47 38 of
514 1964 90 39 that
624 1964 115 47 kind,
769 1965 35 39 in
826 1967 117 38 order
961 1970 43 35 to
1033 1964 159 54 employ
1215 1968 65 35 the
1302 1965 169 39 interval
1487 1967 47 38 of
1559 1978 38 26 re-

301 2040 96 39 pose
416 2027 38 38 in
472 2026 278 53 constructing
765 2026 106 52 ships
892 2028 35 38 in
947 2026 51 40 all
1017 2027 71 39 the
1116 2026 246 53 dock-yards
1381 2027 48 39 of
1446 2029 171 48 Europe.

300 2085 133 41 There
449 2087 31 38 is
495 2089 228 48 something.
738 2096 111 31 more
867 2088 221 51 suspicious
1097 2089 93 38 than
1211 2087 97 52 folly
1329 2088 39 38 in
1388 2100 119 39 every
1525 2101 71 38 pro-

305 2147 112 52 posal
435 2153 43 34 to
494 2148 154 39 confide
664 2150 40 37 in
722 2150 66 38 the
801 2150 187 52 morality
1010 2146 79 43 and
1103 2144 157 44 honour
1280 2148 48 38 of
1342 2150 276 37 BoNAPIRTE.

306 2207 89 40 The
413 2215 175 33 monster
606 2215 9 32 !
656 2209 235 40 confidence
909 2210 37 38 in
984 2210 59 38 his
1081 2209 193 52 integrity
1297 2211 31 37 Is
1348 2209 184 39 followed
1569 2209 52 52 by

306 2269 71 39 the
393 2268 219 40 inevitable
632 2269 246 40 deltruction
899 2269 46 40 of
966 2270 70 39 the
1051 2270 311 51 good-natured,
1394 2276 206 45 unsuspect-

304 2329 70 53 ing
390 2330 228 53 simpleton,
651 2333 107 46 who,
788 2333 39 38 in
866 2328 177 44 defiance
1068 2330 48 39 of
1137 2331 181 40 fourteen
1338 2343 115 40 years
1472 2331 47 39 of
1545 2341 52 27 aw-

307 2391 77 47 ful,
413 2392 229 53 impressive
659 2393 254 52 experience,
932 2393 27 38 is
981 2392 91 39 mad
1085 2393 156 51 enough
1258 2398 45 32 to
1323 2395 104 35 trust
1444 2391 66 39 the
1531 2404 70 39 pro-

306 2453 167 41 fessions
491 2453 48 41 of
562 2467 22 27 a
602 2453 178 53 shatper,
809 2454 78 40 and
904 2453 65 41 the
984 2453 210 52 humanity
1212 2450 48 44 of
1281 2465 25 26 a
1326 2452 219 40 murderer.

1417 2516 159 43 CIVIs.

553 2640 294 51 FOREIGN
886 2642 503 47 INTELLIGENCE.

544 2750 161 44 PROM
733 2751 112 43 THE
872 2748 236 44 FRENCH
1149 2747 228 41 PAPERS.

341 2864 433 48 TWENTY4IrTH
804 2864 273 46 BULLETIN
1108 2871 69 35 OF
1204 2867 109 40 THE
1346 2868 157 37 ARMY
1539 2867 70 37 OF

886 2930 91 34 SPA
990 2929 72 35 IN.

2517 94 22 20 'f
2548 103 19 19 ~,
2647 91 11 27 t.

1670 233 135 37 formed
1824 240 78 32 that
1918 240 58 34 the
1983 240 144 45 English
2141 247 191 41 ittnyWas
2344 243 156 35 reduced
2516 249 39 28 m
2571 243 67 34 less
2652 241 85 40 than
2737 241 21 40 4
2758 241 130 40 2o,ooo
2901 244 83 27 Lunn

1671 281 159 37 resolved
1859 296 97 34 upon
1975 292 143 41 moving
2135 292 52 32 his
2205 292 280 44 head-quarters
2503 289 93 34 from
2629 288 158 48 Astorga
2806 293 37 26 to
2865 285 100 34 Ilene-

1671 335 113 34 v.eote.

1826 333 80 44 .Iye
1936 334 105 34 found
2061 337 33 33 in
2128 337 61 51 tke
2215 338 103 32 barns
2348 337 141 34 sevetal
2515 335 146 46 English
2693 346 25 20 %t
2731 335 46 32 ltd
2805 333 66 34 had
2891 332 92 33 been

1670 363 146 56 hanged
1825 379 46 44 by
1891 374 59 39 lair
1963 372 210 53 gPaniaids,
2196 383 66 34 His
2274 376 457 53 -STaysTfUtlit.izkiig.aiant
2747 371 69 44 and
2831 373 155 56 Ortlklitti

1670 422 58 33 the
1746 425 103 33 barns
1876 430 38 30 to
1932 428 43 33 be
1991 431 231 32 burntThe
2238 436 180 39 peasants,
2434 428 191 37 whalever
2653 438 79 33 may
2752 422 45 39 be
2811 416 96 45 their
2926 433 39 25 re-

1684 476 171 37 entutent,
1874 472 91 34 have
1981 485 46 22 no
2043 476 98 44 right
2159 468 38 41 to
2213 482 157 39 attempt
2387 478 63 33 the
2464 477 91 33 liven
2571 474 44 35 of
2629 476 65 45 ti*
2713 465 214 52 waggoners
2943 469 46 54 ?f

1668 515 118 35 either
1799 526 117 38 army.
1946 520 67 45 Nil

2027 521 163 46 .11Iskjesty
2206 524 61 39 has
2278 526 150 32 ordered
2444 524 60 32 the
2524 521 146 45 Eiiglish
2689 521 178 51 prismiert
2881 523 40 30 to
2935 513 50 40 he

1670 556 139 40 treated
1831 566 90 33 with
1937 568 50 33 all
2007 570 59 31 the
2085 576 139 38 respect
2241 570 69 34 due
2323 575 37 28 to
2376 569 155 35 soldiers
2550 570 85 32 who
2655 566 93 35 hale
2769 559 216 53 latintrested

1669 608 130 35 liberal
1819 611 112 45 ideas,
1955 617 66 31 and
2048 618 202 32 sentiments
2264 618 46 34 of
2324 618 151 32 honour.
2529 615 57 34 On
2602 615 60 33 the
2680 614 81 39 4th,
2785 611 40 37 tit
2855 605 123 54 night,

1670 656 59 34 the
1747 657 110 38 Duke
1883 659 44 35 of
1949 661 215 34 Dalmatia's
2184 663 274 46 head-quarters
2489 671 97 26 were
2615 663 58 32 ten
2705 659 149 44 leagues
2884 657 59 34 fro
2948 667 38 39 ft

1667 703 117 45 'Lugo.
1834 706 188 44 Governor
2052 709 53 33 De
2125 711 52 31 St.
2198 704 107 51 Cyr's
2330 709 161 37 division
2523 707 146 37 entered
2705 702 206 40 Barcelooa
2935 713 48 22 on

1672 749 57 35 the
1760 749 98 38 17th.
1910 755 56 33 On
1984 748 59 40 the
2062 756 97 40 15th,
2186 755 45 43 he
2257 767 99 24 came
2391 768 47 32 up
2476 756 91 37 with
2601 754 174 34 Generals
2810 745 174 54 Itedinks

1668 795 67 35 and
1756 796 141 37 wives's
1915 807 122 39 troops
2053 809 37 26 at
2109 804 136 34 Lieias,
2271 803 69 35 and
2367 801 224 46 conipletelv
2611 798 126 34 routed
2758 798 110 34 theca.
2921 797 63 35 lie

1670 844 90 34 took
1775 846 57 33 slx
1851 847 118 44 pieces
1985 848 43 33 of
2042 857 151 34 cannon,
2217 842 47 43 JO
2285 856 184 39 waggons,
2494 849 70 34 and
2577 840 96 43 :3000
2686 840 92 39 Lien.

1693 970 417 46 TWENTY-SIXTII
2140 977 270 39 BULLETIN
2438 970 74 45 dF
2550 971 113 43 THIS
2699 970 161 41 ARMY
2888 965 76 56 Of!

2232 1048 178 35 SPAIN.

1717 1114 312 45 VALt.ADOLItI,
2053 1113 107 45 JAlret
2178 1110 202 47 t.--,ltel'
2406 1121 161 35 General
2588 1113 144 41 GOzion
2758 1115 45 38 de
2820 1114 52 39 St.
2906 1108 84 54 Or

1671 1156 143 41 entered
1838 1165 217 45 Barielonai
2080 1168 45 34 he
2144 1160 197 53 Proceeded
2369 1175 37 25 to
2437 1167 63 41 the
2532 1169 197 41 Lobregat,
2757 1161 69 40 and
2855 1160 128 38 forced

1674 1212 59 34 the
1757 1211 161 46 enemy's
1945 1214 206 35 intrenChed
2183 1211 125 50 camp,
2340 1212 70 38 and
2445 1214 91 34 took
2554 1214 47 34 V,..5
2634 1206 122 51 13ieces
2771 1202 214 45 biCohnoti.

1675 1260 56 35 lie
1748 1261 86 33 then
1852 1260 92 34 took
1962 1261 227 45 Tarrapida,
2213 1272 22 24 a
2252 1258 107 50 place
2376 1260 41 34 of
2430 1266 106 40 great
2554 1261 244 43 importance.

1675 1364 502 53 TWENTY-SEVENTH
2207 1375 269 43 BULLETIN
2497 1364 72 54 OF
2594 1381 111 34 THIS
2725 1364 161 51 ARMY
2914 1378 72 35 OF

2235 1446 177 41 SPAIN.

1721 1524 33 33 V
1767 1534 14 22 4
1794 1528 79 28 LLA
1884 1524 142 40 nottn,
2052 1524 105 33 JAY.
2184 1519 169 37 9:The
2372 1518 113 37 Duke
2504 1521 43 33 of
2575 1519 208 40 Dalmatia;
2802 1518 97 34 after
2923 1517 65 34 the

1675 1570 113 33 battle
1804 1571 41 33 of
1864 1571 177 43 Prievass,
2062 1570 200 46 proceeded
2278 1573 39 28 to
2335 1570 112 41 expel
2465 1570 61 32 the
2544 1569 144 40 English
2707 1560 97 39 from
2823 1566 61 32 the
2902 1570 89 39 post

1675 1617 41 32 of
1744 1617 136 34 Piedra
1900 1618 119 33 Fallst.
2073 1617 58 32 lie
2160 1616 103 33 there
2290 1615 92 33 took
2409 1615 91 34 1500
2522 1615 150 44 English
2693 1616 197 41 prisoners,
2916 1612 74 32 five

1677 1663 118 44 pieces
1808 1664 43 33 of
1864 1670 129 34 cannon
1993 1670 22 34 ;
2040 1663 67 34 and
2125 1663 137 32 several
2282 1661 170 34 caissdas.
2505 1662 79 33 The
2601 1670 128 33 enemy
2751 1667 73 26 was
2836 1656 152 45 obliged

1676 1717 37 27 to
1742 1711 149 43 destroy
1909 1722 22 22 a
1946 1711 165 44 quantity
2143 1709 43 33 of
2213 1711 159 40 baggage
2405 1708 70 34 and
2493 1714 132 28 stores.
2678 1707 81 33 The
2784 1704 207 45 precipices

1680 1767 93 25 were
1804 1757 102 34 filled
1932 1759 90 33 with
2041 1757 110 33 them.
2203 1756 94 33 Such
2319 1766 76 25 was
2413 1756 98 33 their
2542 1753 221 45 precipitate
2793 1749 107 46 flight
2914 1750 76 34 and

1677 1805 200 40 confusion,
1920 1805 77 33 that
2028 1805 60 32 the
2114 1802 157 34 division
2298 1801 44 33 of
2366 1805 112 39 Sorge
2504 1802 71 34 and
2609 1801 240 39 Lahoussaye,
2875 1798 116 34 found

1676 1863 129 30 among
1821 1852 61 33 the
1898 1850 161 34 deserted
2092 1851 175 40 baggage,
2295 1859 181 34 waggons,
2505 1847 96 33 tilled
2633 1846 85 32 with
2738 1844 85 45 gold
2838 1834 70 44 and
2923 1844 66 33 site

1678 1909 60 22 ver
1750 1910 9 27 t
1791 1900 27 31 it
1851 1909 74 25 was
1944 1900 81 41 'Sart
2053 1896 41 34 of
2106 1898 63 31 the
2202 1903 158 26 treasure
2394 1896 44 33 ef
2464 1896 64 33 the
2549 1893 149 44 Unglish
2726 1899 120 35 army.
2897 1890 85 34 The

1681 1951 171 38 property
1874 1945 110 33 fallen
2002 1945 73 31 into
2093 1954 66 22 our
2177 1942 111 34 hands
2301 1943 26 33 is
2343 1941 248 34 etaimated.at
2608 1948 74 25 two
2702 1937 175 38 millions.

1726 1994 102 32 Since
1866 2002 69 22 our
1974 1993 196 40 departdre
2210 1989 93 32 from
2337 1990 204 33 Benevente
2575 1996 50 34 up
2659 1993 38 27 to
2731 1987 63 33 the
2819 1984 69 35 sth.
2901 1980 87 51 ialita

1681 2049 54 22 we
1768 2040 155 32 counted
1952 2049 44 22 on
2022 2039 61 32 the
2109 2035 87 35 road
2233 2028 89 43 1800
2353 2036 150 43 English
2531 2034 137 39 horses,
2694 2031 81 34 that
2803 2028 77 41 had,
2893 2029 102 44 begs

2820 2098 8 19 F
2894 2085 76 33 i!!1,1

1726 2133 80 33 The
1817 2132 154 34 remains
1984 2131 41 35 of
2037 2128 191 35 Romana's
2250 2137 104 37 army
2373 2137 61 26 are
2452 2127 111 35 found
2591 2124 211 45 wandering
2818 2124 115 39 aboSt

1680 2180 48 32 all
1746 2180 211 38 directions,
2004 2179 79 33 The
2104 2178 154 32 retdains
2275 2176 43 34 of
2341 2176 60 33 the
2415 2181 107 35 army
2550 2172 45 35 of
2610 2172 194 43 Mayorea,
2829 2170 43 34 of
2888 2170 104 34 Met=

1682 2225 72 40 nia,
1780 2226 45 33 of
1839 2225 214 39 Barcelona,
2076 2224 69 32 and
2158 2222 43 33 of
2210 2222 154 45 Naples,
2388 2231 63 24 are
2464 2219 105 37 made
2583 2218 194 45 prisontis.

1727 2272 78 34 The
1825 2271 152 45 Spanish
2008 2268 191 46 peasantry
2216 2270 43 38 of
2275 2268 146 44 Galicia
2446 2268 70 32 and
2543 2265 111 39 Leon,
2695 2265 91 31 have
2803 2274 44 21 no
2868 2264 124 43 me?ey

1681 2330 45 22 on
1773 2320 63 33 the
1886 2320 159 43 English.
2112 2315 338 43 Notwithstanding
2487 2313 63 33 the
2591 2313 159 32 strictest
2780 2310 124 33 orders
2953 2313 39 30 10

1683 2366 59 33 the
1755 2362 170 48 contrary
2001 2365 57 33 wt
2076 2363 119 44 every'
2220 2361 73 45 day
2323 2361 69 34 find
2424 2372 26 22 a
2476 2359 152 35 itualet
2661 2356 44 35 of
2731 2359 61 33 the
2831 2357 156 43 Ling`ibh

1682 2414 249 31 assassinated.

1728 2460 80 34 The
1830 2460 109 34 Duke
1958 2458 41 35 of
2023 2457 154 37 Belluno
2203 2457 28 34 is
2254 2466 60 25 on.
2331 2453 60 38 the
2422 2453 132 46 fragus.
2555 2453 19 46 -
2606 2450 81 40 The
2719 2448 124 43 !whole
2862 2447 52 37 of.
2930 2448 63 35 the

1689 2507 172 44 Imperial
1893 2506 120 34 Guard
2035 2506 27 32 is
2091 2503 255 37 concentrated
2373 2509 39 26 at
2435 2491 233 45 Valladolid,.
2719 2497 79 34 The
2828 2496 105 33 cities
2959 2496 45 43 9f

1690 2552 227 40 Valladolid,
1943 2552 41 33 of
1997 2552 185 38 Palencia,
2213 2550 171 43 Segovia,
2413 2541 344 50 Avilia,Astorgas
2785 2541 210 46 Leoni.l4.

1689 2603 90 33 have
1800 2607 77 28 sent
1891 2608 185 25 numerous
2106 2597 242 44 Deputations
2367 2604 37 25 to
2422 2596 63 32 the
2505 2593 117 45 King.
2939 2607 37 32 rI

1736 2649 77 33 The
1832 2648 77 43 city
1928 2646 44 33 of
1991 2646 143 34 Madrid
2165 2649 64 28 has
2259 2642 239 44 particularly
2532 2636 259 45 distinguished
2809 2631 15 46 .
2824 2631 15 46 ;
2839 2631 92 46 itself
2941 2646 64 33 pip.

1689 2694 131 41 28,500
1841 2694 110 33 heeds
1981 2694 43 32 of
2047 2692 157 33 families
2238 2691 92 33 have
2369 2689 112 33 taken
2517 2687 61 34 the
2606 2686 91 34 va.th
2732 2683 43 34 of
2797 2680 208 47 allegiance

1695 2754 92 31 upon
1807 2744 64 32 the
1902 2741 87 43 holy
1989 2741 221 43 Sacrament.
2262 2739 78 31 The
2356 2737 155 33 citizens
2529 2733 92 34 have
2647 2730 182 46 proiniwd
2848 2731 56 33 his
2924 2731 77 39 bia.

1694 2790 113 44 perial
1830 2787 156 46 Majesty
2014 2787 78 34 that
2111 2780 33 38 if
2157 2787 44 32 he
2229 2785 74 32 *ill
2331 2783 104 45 plate
2463 2781 56 34 his
2536 2779 150 34 brother
2705 2785 46 38 up
2777 2772 61 51 the
2855 2779 150 39 throne,

1694 2841 83 40 they
1812 2835 78 33 will
1918 2843 102 25 serve
2053 2833 71 32 hit*
2157 2832 90 34 with
2277 2830 53 37 ail
2359 2830 97 34 their
2486 2822 141 46 efforts,
2652 2819 71 39 aka
2753 2823 131 40 defend
2926 2823 78 38 him

1729 2885 51 40 ith
1809 2883 53 33 all
1891 2881 97 35 their
2002 2889 136 26 means.
2950 2881 2 45 .

304 76 157 59 FEU.

378 2998 293 47 13ENEVEtitt,
706 2993 106 43 JAN.
842 2987 168 46 t.'the
1057 2994 94 34 head
1192 2991 41 37 of
1270 2988 151 41 Merle's
1461 2989 170 39 division,
1652 2982 2 63 I

320 3048 162 45 forming
517 3056 83 39 part
626 3050 44 33 of
692 3050 65 33 the
801 3046 112 37 Duke
953 3037 41 41 of
1036 3037 222 40 Dalmatia's
1290 3044 125 39 corps,
1457 3047 99 25 came
1585 3047 48 34 up

319 3097 94 34 with
435 3100 61 31 the
517 3094 183 43 advanced

717 3107 61 69 the

853 3104 46 25 on
918 3087 63 39 the
997 3089 64 37 2d.
1085 3090 50 33 At
1160 3087 80 34 four
1270 3084 44 38 P.
1337 3087 52 33 M.
1420 3085 28 33 it
1476 3084 154 34 reached

320 3145 63 34 the
404 3144 214 45 rear-guard
652 3142 45 35 of
717 3142 61 34 the
800 3135 164 51 English,
990 3141 86 31 Who
1104 3138 96 32 were
1218 3144 97 35 upon
1343 3132 63 34 the
1424 3126 139 50 heights
1596 3130 41 34 of

324 3191 190 41 Prievass,
540 3202 22 24 a
579 3193 128 44 league
725 3189 124 37 before
866 3187 105 37 Villa
999 3183 159 40 Franca,
1174 3178 196 46 cotrilsting
1387 3180 44 33 of
1441 3180 69 33 five
1521 3180 91 33 thou-

322 3240 90 34 sand
458 3235 175 50 infantry,
660 3239 71 33 and
756 3237 57 34 six
844 3233 158 37 hundeed
1030 3229 168 52 tavalty.
1245 3223 91 40 This
1375 3226 156 46 position
1560 3234 77 24 was

320 3298 27 24 a
367 3298 93 34 very
484 3285 72 38 fine
588 3286 177 45 position,
788 3283 70 34 arid
891 3280 151 35 difficult
1075 3286 39 27 to
1137 3275 141 37 attack.
1331 3274 152 35 General
1518 3272 120 35 Merle

320 3334 109 35 khade
443 3333 57 35 his
511 3333 250 46 dispositions.
810 3328 81 37 The
911 3328 156 44 infantry
1087 3322 197 41 advanced,
1309 3324 87 33 heat
1414 3321 60 33 the
1489 3318 148 51 charge,

321 3383 73 34 and
423 3381 65 35 the
521 3380 149 46 English
706 3390 97 26 were
834 3376 155 45 entirely
1009 3370 144 39 rooted.
1205 3370 79 35 The
1310 3367 180 45 difficulty
1507 3365 47 44 of
1577 3366 60 34 the

351 3431 91 33 toutl
482 3428 63 34 did
562 3430 63 33 not
640 3430 137 43 pertnit
802 3429 63 32 the
892 3423 150 45 cavalry
1062 3429 40 27 to
1120 3418 143 45 charge,
1287 3416 67 35 and
1375 3416 85 45 only
1474 3415 70 33 200
1561 3415 58 43 pri-

324 3487 125 26 soners
477 3487 98 24 were
604 3477 129 33 taken.
784 3468 69 40 We
881 3469 69 37 had
964 3480 99 25 some
1080 3461 50 43 56
1155 3474 74 27 men
1258 3463 117 35 killed
1390 3474 44 22 or
1452 3461 185 33 wounded.

326 3526 158 33 General
504 3523 146 37 Colbert
671 3520 183 38 advanced
876 3527 34 26 to
938 3526 59 27 see
1025 3513 35 39 if
1076 3519 64 33 the
1156 3513 148 45 cavalry
1320 3509 109 37 could
1446 3509 112 37 form;
1587 3508 54 32 his

327 3572 97 35 hour
452 3582 73 22 was
554 3570 223 40 4rtiveda
794 3568 72 34 ball
896 3567 122 34 struck
1051 3565 76 33 him
1153 3565 34 32 in
1217 3561 61 33 the
1292 3557 194 40 forthead,
1508 3555 67 34 and
1597 3554 45 34 he

324 3619 102 37 lived
445 3624 63 31 but
527 3631 22 22 a
574 3624 154 40 quarter
738 3615 45 35 of
791 3626 47 24 an
859 3617 104 32 hour.
1015 3612 124 35 There
1153 3619 61 25 are
1238 3617 76 24 two
1332 3604 107 35 roads
1452 3604 91 34 from
1576 3602 45 33 As-

325 3674 111 38 torga
449 3672 39 30 to
508 3667 102 34 Villa
628 3665 155 44 Franra.
811 3663 80 35 The
905 3660 149 46 English
1068 3657 92 35 took
1172 3657 59 46 the
1244 3654 113 44 right,
1369 3653 64 32 the
1447 3650 196 46 Spaniards

326 3715 66 33 the
420 3715 91 40 left;
540 3716 89 44 they
661 3712 172 35 marched
869 3709 154 34 without
1059 3706 252 34 orderwere
1336 3704 60 31 Cut
1421 3699 52 34 off
1482 3696 67 35 and
1566 3706 57 24 sur-

330 3761 165 37 rounded
513 3762 48 44 by
581 3763 61 32 the
663 3759 237 35 Hanoverian
920 3756 210 35 Chasseurs.
1179 3751 37 38 A
1233 3748 155 37 General
1416 3748 44 33 of
1486 3743 156 46 Brigade

331 3809 72 37 and
423 3820 22 24 a
467 3808 120 35 whole
601 3808 162 39 division
777 3806 74 34 laid
867 3806 106 33 down
991 3802 104 34 their
1108 3806 109 28 arms.

380 3855 107 37 53inte
501 3857 61 33 the
579 3855 86 37 27th
677 3855 70 35 tilt.
770 3863 53 24 we
842 3853 92 34 have
951 3852 111 33 taken
1082 3854 102 27 more
1199 3844 85 34 than
1300 3837 136 45 10,000
1453 3835 201 50 prisoners,.

330 3898 137 51 timong
484 3905 204 32 whotnare
719 3900 109 41 1,500
862 3898 163 41 English.
1081 3893 70 35 We
1182 3893 91 32 have
1306 3891 110 33 Pilsen
1443 3888 74 33 also
1546 3894 99 25 more

331 3954 91 32 than
437 3951 72 37 400
522 3953 158 43 baggage
699 3957 182 38 waggons,
912 3945 51 35 it
973 3938 229 54 waggonof
1214 3937 187 39 tirelocks,
1415 3934 92 35 their
1525 3943 120 33 maga-

333 4002 116 40 Zines,
475 3999 71 34 and
578 3998 195 44 hospitals.
822 3996 79 33 The
918 3990 154 47 English
1093 3993 131 32 retreat
1243 3987 34 31 in
1294 3983 182 38 disorder,
1505 3980 143 40 leaving

332 4048 227 43 magazines,
573 4045 94 41 sick,
680 4042 194 40 wounded,
885 4039 69 41 and
967 4038 85 45 equi
1062 4043 105 38 pa7,e.
1218 4031 104 44 They
1337 4042 30 22 w
1375 4031 41 33 ill
1429 4039 46 22 ex
1485 4028 164 44 perience

331 4106 25 24 a
369 4094 74 33 still
461 4100 143 40 grea.ter
615 4094 86 39 loss,
728 4090 67 35 and
814 4090 33 33 if
860 4088 83 44 they
963 4088 45 32 he
1023 4085 87 33 able
1129 4088 37 28 to
1182 4080 169 39 embark,
1378 4077 30 33 it
1428 4077 28 31 is
1470 4074 178 45 probable

332 4143 34 33 it
384 4142 78 37 will
476 4148 65 31 ant
562 4142 46 37 be
627 4140 157 38 without
801 4139 60 34 the
879 4137 72 34 loss
965 4133 43 38 of
1016 4131 87 41 bpif
1114 4130 219 47 their,army
1350 4139 12 30 ;
1390 4126 63 33 but
1479 4121 105 45 being
1598 4120 53 33 in-

1691 3017 468 45 TITENTiNEiGHTH
2199 3018 270 39 BULLLTIN
2498 3011 71 41 OF
2595 3006 117 54 TUX
2744 2989 266 72 MNIM.AP

2748 3077 18 24 ~1
2784 3089 18 12 y
2816 3077 9 24 ~
2836 3077 5 24 .

2256 3089 175 43 semi*.
2478 3090 32 19 ..
2581 3077 4 54 '
2877 3077 64 32 ..t:
2974 3083 9 25 t

2518 3124 4 31 .
2667 3124 5 31 .
2700 3124 12 20 t
2757 3128 34 26 ,:;
2824 3124 56 31 ~,,,
2910 3129 26 9 .

1740 3165 313 41 VALLADOMN
2078 3155 106 48 ;lAN&
2216 3146 188 52 13.4-fbe
2432 3161 89 41 part
2538 3145 122 48 01'114
2696 3155 162 37 treaters
2885 3152 46 39 of
2947 3152 65 41 the

1694 3226 124 33 enemy
1838 3213 126 40 which
1978 3211 183 34 hatfalleti
2178 3213 76 32 into
2265 3208 67 33 (Air
2347 3207 107 33 hands
2485 3207 31 33 is
2535 3195 344 51 I,BOo46o,fraiNS.
2927 3200 86 46 The

1698 3265 220 33 inhabitants
1950 3263 113 32 assert
2087 3259 80 33 that
2200 3257 60 33 the
2276 3253 150 45 English
2347 3207 124 40 hand;,

2569 3250 144 38 carried
2731 3250 53 33 off
2798 3248 98 37 from
2909 3246 107 47 eight

1696 3318 38 27 to
1752 3317 58 28 ten
1832 3309 177 37 Millions.
2764 3309 2 37 .
2797 3309 5 37 .

1742 3357 81 35 The
1857 3356 149 44 English
2040 3344 152 47 General
2222 3348 167 41 tensing
2406 3348 30 32 it
2460 3337 219 53 impesstble
2688 3335 85 45 that
2787 3343 63 33 the
2869 3332 144 46 trench

1700 3404 158 44 infantry
1891 3403 69 33 and
1988 3400 174 40 artillery
2187 3396 128 35 should
2348 3396 91 33 haile
2457 3392 181 35 followed
2669 3392 90 40 him,
2781 3390 86 39 Arid.
2882 3379 135 56 oioed

1700 3463 93 34 upon
1815 3452 73 32 him
1904 3459 25 22 a
1943 3449 141 37 certain
2095 3444 154 37 number
2256 3442 44 34 of
2310 3442 177 39 marches,
2506 3438 241 46 particularly
2765 3436 38 35 is&
2813 3435 204 38 mountains

1698 3510 35 24 so
1753 3500 152 33 difficult
1922 3507 39 24 as
1978 3496 102 34 those
2100 3494 45 34 of
2170 3490 177 40 Gallicia,
2373 3487 156 45 thought
2549 3487 44 33 be
2624 3485 109 34 could
2751 3484 86 43 only
2865 3485 44 30 he
2929 3493 67 37 pur-

1698 3546 81 39 sued
1799 3547 48 43 by
1864 3543 150 44 cavalry
2033 3541 66 40 and
2118 3537 309 44 sharp-shouters.
2479 3533 61 34 He
2556 3533 91 34 tobk
2666 3528 185 38 thereCre
2869 3529 63 37 the
2952 3534 67 39 pu

1698 3594 109 35 sition
1825 3582 44 46 of
1889 3592 128 33 Castro
2042 3598 44 22 on
2105 3588 54 32 his
2177 3586 111 44 right,
2314 3573 200 53 supported
2535 3580 46 44 by
2601 3579 63 34 the
2682 3576 99 35 river
2807 3574 183 51 Tombite
2991 3574 27 51 s

1703 3641 119 34 which
1839 3646 122 37 poises
1977 3637 47 43 by
2047 3635 112 43 Lugo,
2184 3632 69 34 and
2271 3631 27 32 is
2313 3637 59 27 not
2389 3626 184 37 fordable.
2812 3652 11 9 ..

1747 3687 80 34 The
1844 3686 111 34 Duke
1981 3683 41 39 of
2037 3681 190 34 Daltnatia
2244 3678 145 33 arrived
2408 3685 45 24 on
2471 3676 64 32 the
2558 3671 63 38 6:11
2641 3671 38 34 In
2712 3679 169 37 presence
2901 3660 44 44 ot
2955 3669 64 37 the

1701 3739 143 40 enemy.
1897 3732 60 33 He
1987 3729 193 44 employed
2213 3726 61 32 the
2301 3715 13 45 s
2314 3715 52 45 tili
2385 3723 67 33 and
2478 3720 65 34 Bth
2568 3722 33 31 in
2627 3713 292 48 reconnoiterity,
2953 3710 64 39 the

1703 3794 143 32 enemy,
1871 3780 70 33 and
1968 3776 196 43 collecting
2193 3774 56 39 his
2280 3771 158 41 infantry
2467 3767 72 34 and
2558 3765 188 43 artillery,
2777 3761 122 38 which
2921 3774 51 25 we
2999 3772 21 24 e

2973 3772 25 116 ;
1704 3831 73 34 still
1811 3830 34 32 in
1864 3828 60 33 the
1945 3834 91 25 rear.
2092 3822 57 33 lie
2177 3819 137 38 formed
2335 3817 52 34 his
2417 3816 86 44 plan
2516 3813 45 37 of
2568 3813 21 34 s
2589 3813 43 34 ta
2631 3813 44 34 ck
2675 3813 22 34 .
2751 3811 79 33 The
2848 3801 65 44 ISt
2931 3820 46 22 on
2999 3819 25 34 y

1704 3878 43 34 of
1772 3879 61 32 the
1857 3883 128 33 enemy
2021 3880 73 25 was
2120 3866 216 38 attackable
2368 3865 61 32 he
2456 3854 71 41 man
2526 3854 24 41 o
2550 3854 24 41 e
2574 3854 71 41 uvr
2644 3854 24 41 e
2668 3854 25 41 d
2724 3868 47 24 on
2806 3859 94 32 their
2936 3856 31 33 le
2992 3860 28 32 t.

1711 3926 64 33 His
1792 3921 241 44 dispositions
2049 3915 167 45 required
2233 3920 98 25 some
2346 3915 220 28 movements
2581 3918 44 21 on
2640 3907 61 34 the
2718 3905 81 39 81h,
2825 3905 60 32 the
2906 3901 117 40 Duke

1708 3973 104 41 being
1828 3965 220 39 determined
2070 3970 38 27 to
2125 3961 125 34 attack
2271 3970 45 24 on
2334 3959 60 33 the
2418 3957 83 45 9th-
2500 3971 15 31 7
2516 3953 87 39 -but
2617 3948 60 38 the
2693 3961 126 34 enemy
2839 3948 185 35 retreated

1708 4022 34 32 in
1774 4019 63 33 the
1863 4016 118 39 &tilt,
2006 4011 67 34 and
2102 4013 33 31 in
2171 4010 58 32 the
2257 4006 163 43 morning
2437 4013 69 24 our
2538 3991 322 52 advancedguara
2875 3996 151 44 entered

1713 4070 110 38 Lugo.
1877 4063 80 33 The
1983 4068 126 33 enemy
2141 4055 66 33 left
2226 4046 71 44 3(1)
2313 4054 81 34 sick
2412 4054 33 32 in
2460 4049 64 45 the
2542 4048 203 44 hospitals;
2771 4056 22 21 a
2806 4044 93 45 picric
2919 4042 47 35 of
2982 4039 46 38 18

1709 4115 120 44 pieces
1846 4110 44 34 of
1910 4117 152 32 cannon,
2083 4103 76 37 and-
2183 4103 72 37 319
2291 4107 165 39 waggaus
2472 4094 44 39 of
2529 4091 256 41 auimutatio4.
2837 4089 40 37 IN
2887 4090 143 43 cosags

2554 4170 52 19 .tl`-

2728 4183 17 7 ..
2778 4180 7 11 I

3257 73 13 69 ;~~

3201 89 6 26 I,
