3222 4417
1074 125 149 56 THE
1258 123 379 56 NATIONAL
1674 124 380 54 REGISTER.

177 269 148 47 Ikuhject
343 273 43 32 of
402 269 76 37 Mt.
500 269 172 45 Knight's
691 270 177 43 business,
888 272 78 34 'and
983 272 81 34 that
1078 269 45 33 of
1134 270 129 37 others
1289 270 46 44 by
1346 279 125 33 menus
1488 267 43 34 of

175 317 155 44 letters;
358 321 85 33 how
461 319 65 34 did
548 318 154 40 Colonel
729 319 148 35 Wardle
895 326 61 39 get
978 319 202 46 possesskm
1200 317 45 34 of
1254 318 98 35 these
1371 315 150 35 letters?

178 366 56 39 A,
254 365 57 38 lie
331 367 90 33 took
437 369 102 32 then
559 378 66 34 up,
652 366 91 35 read
763 367 116 41 them,
907 367 94 46 kept
1013 366 117 43 them,
1154 365 72 35 and
1248 365 17 35 I
1285 373 112 27 never
1415 364 107 35 could

177 419 63 39 get
261 415 97 39 them
376 413 115 35 hart.

228 461 46 41 Q.
306 459 93 39 How
423 462 65 35 did
506 462 99 35 these
622 462 130 35 letters
769 471 103 25 come
899 461 34 34 in
966 461 63 34 the
1058 471 85 33 way
1169 459 47 35 of
1239 458 155 35 Colonel
1416 458 79 35 War-

178 509 63 35 dle
257 511 11 32 ?
322 511 48 34 A.
402 509 19 38 I
458 511 74 33 waS
561 509 189 43 removing
776 520 99 28 some
900 509 168 43 articles,
1094 509 71 33 and
1182 517 135 37 among
1333 508 103 34 them
1459 517 43 33 pa-

182 560 99 41 wn,
298 557 70 34 and
385 550 104 43 this!.
510 556 197 48 happened
730 562 38 31 to
785 556 46 37 he
848 556 106 45 lying
976 556 119 40 loose,
1111 556 70 33 and
1200 555 46 34 be
1266 556 90 34 took
1383 554 115 35 them.

229 604 46 40 Q.
306 599 72 41 bid
404 604 48 34 he
475 606 92 34 take
596 605 99 34 them
723 614 111 33 away
856 605 93 35 with
974 605 59 33 the
1050 607 150 32 consent
1226 601 47 41 of
1293 602 163 39 witness,
1481 611 41 24 or

182 652 162 37 without
359 653 65 35 her
437 653 193 45 4utburity
650 652 13 34 ?
717 652 51 37 A..
798 651 59 35 He
873 651 63 35 did
953 657 64 30 not
1043 652 90 34 take
1152 651 100 41 thew
1283 650 47 44 by
1355 660 61 33 my
1436 659 64 25 con-

182 694 94 40 sCnt.

230 746 45 44 Qs,
302 749 109 34 Were
424 748 105 37 these
543 748 128 37 letters
686 746 149 35 written
846 751 38 30 to
901 745 144 38 witness
1057 745 50 46 by
1122 745 65 34 the
1198 744 111 35 Duke
1320 743 44 35 of
1375 743 116 38 York
1506 743 12 33 ?

187 796 51 37 A.
266 791 73 40 No,.

230 843 45 39 Q.
306 843 139 35 Whose
463 843 129 35 letters
606 853 100 25 were
723 843 85 45 they
822 842 13 34 ?
889 842 50 35 A.
969 841 107 45 They
1103 849 103 26 were
1234 839 93 34 from
1352 839 169 37 different

184 891 156 34 Mends.

231 940 45 39 Q.
309 938 71 35 Did
402 940 149 33 witness
562 947 87 25 ever
664 938 91 34 hear
771 935 43 37 of
836 947 47 24 an
902 937 92 33 offer
1012 935 44 32 of
1069 945 131 35 money
1219 934 93 34 front
1325 934 61 33 the
1402 932 115 35 Duke

183 986 45 33 of
248 980 17 43 1
265 980 18 43 -
282 980 71 43 ‘ofk
370 986 58 34 for
444 987 236 45 suppressing
699 987 64 32 the
780 985 235 47 publication
1031 984 43 34 of
1084 984 102 34 these
1202 984 143 40 letters,
1357 990 45 24 or
1413 980 107 34 make

183 1045 69 27 one
267 1035 13 33 ?
334 1035 46 37 A.
415 1035 141 35 Never.
1493 1071 9 1 _

235 1082 43 40 Q.
311 1082 74 34 Did
415 1083 149 33 witness
585 1091 86 24 ever
697 1080 164 35 threaten
880 1084 39 30 to
939 1082 67 43 put
1024 1078 102 34 these
1148 1078 131 33 letters
1304 1077 77 33 into
1408 1075 113 35 hands

182 1130 86 33 that
287 1129 122 40 wapiti
428 1130 111 33 make
557 1129 97 33 them
686 1130 141 41 public,
847 1128 118 33 unless
991 1127 139 33 certain
1161 1126 130 34 claims
1318 1123 66 34 she
1420 1123 100 35 made

182 1187 103 31 were
300 1178 188 44 complied
511 1176 86 32 with
615 1176 12 33 ?
685 1178 47 31 A.
764 1175 135 34 Never.
954 1175 18 34 I
1000 1183 111 25 never
1139 1179 117 28 wrote
1285 1176 39 32 to
1350 1182 72 34 any
1454 1181 66 24 one

182 1226 70 33 best
276 1233 38 26 to
334 1225 74 34 Mr.
430 1225 120 34 Adam
562 1234 44 22 on
624 1222 63 34 the
704 1222 157 45 subject,
880 1221 72 34 and
971 1221 45 34 he
1032 1222 63 33 has
1115 1232 59 34 my
1195 1220 145 41 letters,
1369 1220 52 33 let
1448 1218 71 35 him

184 1273 168 47 produce
366 1273 116 33 them.

236 1319 256 45 Interrogated
520 1319 48 44 by
599 1317 96 34 Lord
724 1319 110 33 STAN
847 1317 204 39 Lry.—Q.
1082 1316 92 34 Was
1222 1313 64 37 the
1326 1313 115 35 Duke
1482 1313 43 33 of

185 1368 116 43 York
333 1372 144 40 present
506 1368 104 33 when
635 1365 146 35 witness
800 1364 168 34 received
994 1365 64 33 the
1083 1364 112 33 letter
1222 1363 81 34 that
1328 1361 191 37 contained

188 1416 66 33 the
269 1416 98 34 2001.
385 1416 12 33 ?
451 1416 48 32 A.
530 1414 76 34 No.
1188 1450 7 1 _
1328 1414 5 38 _
1363 1450 7 1 _

235 1463 45 41 Q.
317 1462 99 34 How
430 1472 91 25 soon
554 1460 61 35 did
634 1461 148 34 witness
809 1461 65 34 tell
908 1460 64 34 the
1004 1457 116 38 Duke
1153 1456 44 35 of
1220 1457 28 33 it
1261 1456 13 33 ?
1325 1455 83 37 The
1426 1467 96 22 same

184 1509 90 45 may.

235 1554 278 48 tlutcrrogated
533 1558 47 43 by
617 1557 60 33 Sir
700 1554 46 37 F.
765 1553 189 45 Burdett).
1009 1554 46 39 Q.
1089 1554 78 33 Did
1196 1553 148 34 witness
1377 1551 145 35 receive

183 1616 74 35 any
279 1606 104 35 other
397 1606 141 32 monies
570 1604 57 33 for
646 1604 243 33 transactions
907 1603 46 32 Of
973 1612 22 25 a
1019 1599 392 46 similacalescription
1431 1599 87 33 with

182 1655 105 32 those
301 1651 206 35 mentioned
528 1652 47 44 by
596 1651 71 33 Mr.
691 1650 169 44 Knight?
914 1651 50 33 A.
989 1651 14 32 I
1024 1648 63 35 did
1106 1654 60 30 not
1186 1654 137 39 expect
1337 1651 38 30 to
1390 1646 46 32 be
1456 1657 45 22 ex-

182 1700 145 38 amined
345 1710 38 22 as
398 1707 39 26 to
451 1709 73 33 any
544 1698 106 33 other
663 1698 148 45 subject
828 1697 73 33 this
919 1696 279 45 night.—Here
1213 1694 61 37 the
1290 1695 145 34 witness
1452 1703 71 24 was

184 1747 198 48 permitted
400 1753 40 27 to
459 1746 217 37 withdraw.

234 1795 72 34 Mr.
332 1795 58 34 W.
415 1795 130 34 ADAtit
567 1794 157 43 thought
743 1793 27 33 it
788 1801 191 34 necessary
993 1795 39 30 to
1044 1794 96 31 state
1154 1794 39 30 to
1211 1788 63 34 the
1287 1788 144 43 House,
1442 1788 79 33 that

181 1854 41 24 so
234 1841 59 35 far
311 1844 97 33 back
425 1853 43 21 as
481 1843 66 32 the
572 1852 90 34 year
683 1841 96 35 17::9
797 1841 45 32 he
861 1840 73 33 had
952 1839 92 34 been
1064 1838 188 34 honoured
1273 1837 90 34 with
1380 1847 26 22 a
1422 1846 73 24 com-

182 1891 227 39 munication
429 1887 99 35 from
548 1889 59 33 the
624 1889 112 34 Duke
754 1886 44 37 of
811 1887 115 37 York
941 1897 45 22 on
999 1886 64 35 the
1082 1884 145 46 subject
1245 1884 44 34 of
1299 1884 53 34 his
1372 1884 150 45 pecan'.

180 1943 69 28 are
263 1946 187 28 concerns,
476 1936 72 34 and
566 1936 78 33 that
660 1937 99 33 since
772 1933 81 35 that
867 1933 131 45 period
1026 1933 45 33 he
1091 1932 69 33 had
1181 1932 90 32 been
1285 1932 34 33 in
1339 1931 63 33 the
1420 1931 102 33 habit

182 1985 46 33 of
241 1984 181 46 directing
437 1984 54 33 his
509 1984 182 35 attention
705 1990 38 27 to
759 1983 53 34 his
835 1982 123 45 Royal
980 1980 194 45 Highness'
1193 1978 141 38 affairs.
1364 1980 39 34 It
1421 1988 100 22 came

182 2039 39 30 to
243 2033 57 34 his
313 2031 224 43 knowledge
548 2031 34 32 in
600 2030 60 33 the
678 2041 93 34 year
790 2030 105 39 1805,
913 2029 80 33 that
1010 2039 22 22 a
1051 2036 149 35 person,
1219 2026 136 45 calling
1375 2024 150 35 himself

182 2079 66 35 tke
268 2080 159 37 husband
456 2078 46 33 of
516 2078 90 37 Mrs.
622 2078 158 40 Clarke,
802 2078 66 33 had
889 2075 157 44 brought
1059 2085 46 24 an
1123 2075 125 33 action
1261 2073 43 34 of
1317 2075 102 32 crint.
1441 2082 78 25 con.

182 2128 144 45 against
340 2128 64 32 the
435 2126 202 34 illustrious
664 2125 128 34 Duke.
846 2125 92 33 This
954 2125 265 32 circumstance
1238 2121 103 33 made
1355 2121 28 33 it
1402 2130 100 25 neces-

182 2186 85 33 sary
289 2183 37 25 to
343 2176 158 44 enquire
521 2173 73 33 into
614 2172 80 34 that
722 2171 131 45 Lady's
881 2171 126 34 affairs
1023 2183 9 25 ;
1059 2169 70 34 and
1150 2170 30 33 it
1196 2167 63 34 fell
1281 2173 35 27 to
1337 2167 57 33 his
1410 2167 56 33 lot
1483 2173 35 26 to

182 2232 66 34 say
263 2225 80 33 that
364 2222 27 37 it
416 2231 76 25 was
508 2220 214 35 discovered
742 2219 80 34 that
840 2219 63 33 the
925 2217 133 43 Lady's
1076 2217 156 34 conduct
1251 2215 69 34 had
1339 2219 63 28 not
1433 2213 86 35 been

181 2283 40 21 so
241 2275 139 30 correct
405 2278 43 26 as
476 2268 65 33 she
573 2267 138 34 wished
739 2271 37 31 to
795 2271 184 39 represent
1003 2265 40 33 it.
1097 2264 83 33 Her
1196 2264 215 33 connection
1429 2261 89 35 with

182 2317 59 35 his
259 2317 117 44 Royal
398 2315 181 45 Highness
598 2315 27 34 it
643 2323 74 28 was
728 2311 262 48 apprehended
1020 2310 115 47 might
1155 2310 84 33 tend
1265 2315 38 28 to
1316 2308 124 47 injure
1465 2308 54 34 his

181 2367 230 44 reputation,
437 2369 65 32 not
521 2363 40 38 in.
578 2362 51 33 his
657 2362 164 45 military
841 2361 178 45 capacity
1037 2357 202 44 certainly,
1258 2357 66 32 but
1343 2356 92 34 with
1462 2366 38 22 re-

178 2421 106 40 spect
302 2419 37 26 to
360 2409 201 45 pecuniary
579 2415 171 32 twitters,
777 2409 50 44 by
846 2408 64 33 her
938 2413 275 34 extravagance
1230 2401 69 35 and
1324 2402 64 33 the
1414 2401 110 37 debts.

177 2459 229 35 contracted.
462 2457 52 35 At
531 2457 71 34 this
619 2457 150 44 period,
785 2456 190 38 however,
1000 2454 63 32 the
1090 2452 123 45 Royal
1234 2450 111 35 Duke
1362 2460 77 24 was
1457 2454 59 30 not

178 2507 159 37 inolined
358 2512 37 27 to
410 2506 145 33 believe
573 2505 79 33 that
665 2505 104 33 there
787 2513 74 22 was
878 2512 74 33 any
970 2500 102 44 thing
1091 2510 126 33 wrong
1235 2499 35 33 in
1285 2499 61 33 the
1363 2496 152 37 conduct

176 2555 50 37 of
237 2556 70 33 this
330 2555 119 43 Lady,
468 2552 70 33 and
554 2552 24 32 it
594 2561 74 24 was
681 2557 63 28 not
763 2551 90 33 until
867 2559 98 25 some
981 2558 85 24 very
1082 2548 202 44 important
1297 2545 221 34 discoveries

182 2611 100 25 were
302 2601 103 35 made
424 2603 83 31 that
523 2600 53 35 his
595 2600 123 44 !loyal
739 2597 183 45 Highness
940 2606 74 25 was
1031 2594 201 37 convinced
1250 2593 43 33 of
1305 2593 66 33 her
1385 2591 109 34 misbe-

180 2650 175 35 haviour.
409 2648 72 32 She
502 2647 70 35 had
586 2646 216 45 repeatedly
815 2643 256 35 endeavoured
1088 2649 37 26 to
1136 2644 128 30 extort
1280 2649 129 35 money
1424 2639 93 34 from

182 2700 92 40 him,
300 2695 69 35 and
387 2695 103 33 these
509 2700 175 40 attempts
697 2692 106 35 could
821 2693 45 31 be
880 2691 158 45 brought
1058 2689 106 32 home
1180 2693 39 30 to
1239 2688 64 33 her
1324 2688 50 43 by
1394 2686 123 46 proof.

180 2745 41 37 It
240 2754 74 26 was
332 2743 231 39 discovered,
587 2745 80 30 that
697 2741 35 34 in
763 2739 104 41 1806,
902 2739 73 33 Mr.
1005 2737 156 37 Clarke,
1186 2734 70 33 and
1273 2735 141 32 several
1435 2744 63 33 per-

176 2796 103 37 son's,
304 2791 71 35 had
396 2790 149 35 written
563 2794 37 27 to
619 2789 64 35 the
705 2787 111 34 Duke
842 2786 35 33 in
896 2785 107 34 order
1022 2791 37 26 to
1078 2781 130 37 obtain
1225 2792 144 33 money.
1424 2783 93 30 Soon

178 2842 99 37 stficr
299 2839 43 32 he
361 2837 69 34 had
456 2846 45 24 an
530 2837 193 32 interview
752 2835 90 33 with
870 2833 65 34 the
958 2831 117 44 Lady,
1102 2830 54 34 his
1193 2829 122 43 Royal
1338 2828 177 44 Highness

181 2890 138 41 baying
339 2884 228 37 undertaken
587 2891 37 25 to
641 2882 135 35 defend
795 2883 64 33 her
879 2881 34 33 in
932 2891 46 21 an
996 2878 141 39 action,
1166 2878 34 32 in
1220 2875 120 35 which
1358 2876 65 33 she
1452 2874 67 33 had

178 2935 193 37 described
387 2930 142 37 herself
541 2942 39 22 as
595 2941 24 24 a
637 2930 152 37 widow.
848 2928 40 34 In
908 2929 61 31 the
987 2935 128 25 course
1133 2923 44 34 of
1193 2923 60 33 the
1281 2922 239 45 proceedings

176 2987 37 34 it
228 2980 189 48 appeared
437 2980 81 33 that
536 2979 63 33 she
626 2988 78 25 was
730 2988 24 22 a
780 2975 159 34 married
970 2982 158 25 woman.
1180 2972 83 33 Her
1292 2975 156 28 account
1481 2968 44 33 of

181 3028 143 39 herself
339 3038 73 24 was
430 3035 91 35 very
536 3026 304 41 contradictory;
865 3033 47 22 on
924 3032 67 24 one
1009 3019 172 35 occasion
1195 3018 64 33 she
1277 3017 76 34 sail
1367 3018 65 32 she
1447 3026 73 21 was

180 3077 163 38 married
359 3080 39 28 at
420 3073 178 39 Pancras,
622 3073 72 33 awl
726 3081 46 24 on
798 3069 158 37 another
978 3073 41 28 at
1054 3063 308 46 Berkampstead,
1397 3063 123 34 where

183 3126 69 35 her
270 3125 123 34 father
410 3132 78 22 was
504 3132 25 22 a
548 3119 151 34 farmer.
754 3118 73 33 She
842 3118 80 33 also
940 3113 118 37 stated
1078 3113 78 33 that
1182 3112 65 33 her
1266 3111 162 34 husband
1450 3120 71 22 was

182 3177 67 33 tile
279 3171 157 46 nephew
464 3167 45 35 of
534 3168 69 34 Mr.
632 3167 203 35 Alderman
874 3164 157 33 Clarke.
1085 3161 71 34 His
1193 3159 124 44 Royal
1338 3158 182 43 Hir,liness

183 3220 139 44 having
353 3215 172 46 signified
561 3214 52 33 his
632 3215 94 34 wish
746 3220 39 27 to
803 3215 176 41 separate
1007 3210 96 33 from
1134 3207 76 34 this
1228 3207 102 43 lady,
1352 3206 44 32 he
1426 3204 93 44 (.Ir.

182 3267 146 44 Adam)
358 3274 76 25 was
450 3262 117 34 asked
587 3262 167 34 whether
772 3262 43 38 he
841 3260 71 33 had
931 3269 72 32 any
1023 3255 189 44 objection
1245 3261 34 26 to
1320 3253 174 34 communi-

182 3321 85 32 cate
283 3315 81 33 that
379 3309 291 37 determination
689 3314 39 27 to
742 3308 78 33 her.
874 3305 71 35 His
967 3304 120 35 Royal
1113 3301 182 43 Highness
1326 3300 133 40 stated,
1487 3300 32 32 in

182 3378 26 26 a
224 3366 128 35 letter,
376 3360 86 34 that
480 3357 138 46 though
639 3357 92 34 Mrs.
761 3356 139 34 Clarke
926 3353 72 33 had
1017 3357 61 30 not
1095 3348 35 34 in
1152 3359 72 33 any
1246 3353 139 39 respect
1416 3347 104 33 acted

180 3410 209 41 correctly,
417 3406 46 33 be
493 3415 76 24 was
599 3404 144 41 willing
777 3406 37 32 to
847 3400 85 44 give
958 3402 64 31 her
1044 3409 45 24 an
1115 3396 156 44 annuity
1300 3394 45 33 of
1365 3394 102 34 4001.
1500 3404 21 22 a

181 3470 112 38 year,
319 3458 63 33 but
403 3455 56 32 his
482 3451 120 44 Royal
626 3451 144 40 Ilighue.
770 3451 18 40 ,
788 3451 19 40 3
822 3448 182 41 tytainin4
1020 3445 63 35 the
1103 3452 132 35 power
1265 3448 35 28 to
1319 3442 200 33 withdraw

178 3510 69 37 the
263 3504 154 41 annuity
437 3501 33 34 if
490 3501 64 32 she
574 3497 272 34 mi,conductea
865 3494 146 34 herself.
1069 3493 150 40 Havoig
1234 3489 286 34 communicated

181 3556 67 35 the
267 3560 158 34 message
455 3548 45 34 of
523 3547 53 33 his
600 3543 124 45 Royal
763 3542 202 41 Highness,
993 3541 44 32 he
1056 3539 70 34 left
1148 3539 87 32 Mrs.
1270 3536 158 41 Clarke,
1453 3536 67 33 and

182 3602 77 39 bad
279 3606 64 30 not
357 3606 81 26 teen
459 3595 69 33 her
544 3593 94 34 from
659 3592 81 33 that
762 3591 86 34 time
867 3595 40 27 to
926 3588 63 33 the
1006 3591 158 41 present.

230 3657 90 41 The
344 3654 239 38 ATTORNEY
604 3648 211 38 GESEHAL
834 3644 96 40 then
961 3647 71 47 put
1064 3637 155 43 several
1239 3638 204 52 questions
1472 3641 41 34 to

176 3706 170 47 Colonel
369 3700 167 44 Wardel

227 3775 50 40 Q.
309 3771 17 33 I
347 3767 125 37 would
490 3764 69 34 ask
576 3764 61 33 the
660 3761 99 35 Hon.
782 3759 171 35 Member
971 3756 165 37 whether
1154 3757 46 32 he
1219 3754 180 35 collected
1421 3752 100 35 what

183 3823 50 35 he
248 3819 117 38 stated
394 3823 37 26 to
465 3814 66 33 the
567 3811 125 34 House
713 3808 97 35 from
830 3808 89 34 Mrs.
945 3806 157 39 Clarke,
1119 3804 70 33 and
1213 3815 26 21 w
1252 3803 126 33 hether
1398 3803 45 32 he
1462 3803 59 31 has

180 3869 123 38 stated
321 3875 67 34 any
407 3859 244 39 information
670 3856 81 34 that
769 3866 56 22 we
841 3856 64 32 did
925 3860 63 28 not
1005 3853 136 35 collect
1168 3850 93 33 from
1281 3849 89 34 her?
1427 3853 47 31 A.
1506 3849 12 33 1

183 3918 74 35 bad
276 3928 24 20 a
313 3913 93 45 good
426 3908 84 34 deal
540 3907 43 33 of
608 3905 241 34 information
869 3901 96 33 from
987 3901 78 39 her,
1088 3899 124 34 which
1233 3898 17 34 I
1269 3901 113 31 wrote
1411 3896 34 34 in
1463 3908 56 33 any

178 3954 404 48 memorandum-book
596 3965 11 28 ;
635 3956 63 31 she
719 3951 81 34 said
819 3951 105 33 much
945 3954 38 27 to
1004 3958 69 24 me.

230 4023 47 39 Q.
308 4019 99 34 Does
439 4015 61 33 the
540 4011 96 34 lion.
659 4007 170 35 Member
854 4006 111 33 know
999 4003 171 35 whether
1187 4000 65 35 she
1283 3999 76 34 told
1387 3999 76 34 him
1480 4011 43 22 on

175 4068 215 41 Thursday,
406 4064 63 32 :he
485 4058 90 35 25th
593 4057 43 34 of
650 4058 21 33 J
683 4057 80 44 uly,
782 4055 61 35 the
862 4058 177 40 payment
1058 4051 44 33 of
1117 4051 59 33 the
1187 4050 96 33 200/.
1300 4058 72 25 was
1391 4049 103 34 made
1508 4050 11 32 ?

178 4120 52 35 A.
263 4117 110 33 From
410 4116 66 27 her
493 4106 211 43 a,•:iertions,
731 4103 97 33 from
848 4103 78 33 first
945 4107 35 28 to
1002 4102 86 40 last,
1107 4110 46 22 no
1172 4098 115 34 doubt
1304 4097 159 34 remains
1481 4106 44 25 on

176 4179 64 33 my
263 4162 96 35 mind
379 4160 83 33 that
478 4156 63 33 she
556 4154 76 34 did.

221 4220 230 39 TheCUAN
519 4220 117 28 zt.on
652 4208 46 37 of
713 4207 65 37 the
797 4207 279 41 EXCLIZQVER
1098 4213 77 27 was
1192 4201 155 38 anxious
1357 4207 40 30 to
1415 4201 110 37 know

2679 120 165 59 FEE';
2875 119 54 56 5.

1591 272 31 24 w
1630 262 65 38 hat
1714 272 125 27 courie
1853 262 65 38 .the
1935 259 243 43 Honourable
2199 257 168 35 Member
2385 256 86 35 who
2485 254 164 47 brought
2661 254 171 35 forward
2850 252 76 37 this

1587 311 170 45 question
1776 308 169 35 intended
1958 315 37 26 to
2010 313 148 39 purNe.

1633 358 154 35 Colonel
1809 356 201 37 WARDLE
2028 366 73 22 was
2119 364 41 24 as
2179 353 164 35 desirous
2361 361 39 25 as
2415 361 74 33 any
2506 351 206 46 gentleman
2730 348 110 35 could
2874 347 47 35 be

1589 406 81 32 that
1706 406 60 33 the
1799 405 161 34 business
1988 403 115 43 might
2139 402 45 33 be
2202 399 209 47 proceeded
2440 399 38 34 in
2505 398 90 34 with
2614 406 109 34 every
2751 394 170 46 possible

1585 452 189 45 dispatch.
1826 451 39 35 It
1886 451 137 40 would,
2042 451 188 37 however,
2257 449 47 35 be
2316 455 190 37 necessary
2525 445 60 34 for
2600 444 74 34 him
2693 450 39 28 to
2752 443 92 35 wait
2856 442 65 34 the

1585 501 143 34 arrival
1748 500 92 37 from
1860 498 116 48 Spain
1993 498 43 35 of
2054 497 142 34 several
2213 495 171 35 essential
2412 494 202 41 witnesses,
2639 502 132 34 among
2791 481 131 43 orbefs

1589 547 162 46 Captain
1770 547 157 44 Huxley
1948 546 155 38 Sande!),
2128 543 71 37 and
2228 541 308 47 hl:3jor-General
2567 539 156 37 French.
2781 536 139 37 Todeed

1589 595 44 33 he
1649 595 110 35 could
1775 600 61 32 not
1863 594 89 35 well
1976 604 66 25 say
2076 592 110 35 when
2217 591 91 44 they
2341 588 124 35 would
2491 587 143 41 arrive,
2657 595 43 26 as
2731 595 47 25 no
2794 589 126 30 return

1586 641 137 48 having
1741 644 86 33 been
1846 641 109 37 made
1978 641 43 37 of
2042 640 63 34 the
2119 639 117 34 killed
2246 637 72 37 and
2336 635 198 45 wounded,
2563 634 31 35 it
2613 644 74 25 was
2700 631 219 47 impossible

1585 693 39 31 to
1637 699 66 26 say
1726 689 169 37 whether
1911 690 87 43 they
2021 699 97 22 were
2137 686 130 43 living.

1633 737 110 41 After
1769 748 100 24 some
1902 736 154 45 pointed
2085 712 313 58 diiimaeversions
2430 731 97 37 from
2556 728 79 35 Mr.
2660 728 152 40 ADAM,
2838 725 78 37 Mr.

1590 784 106 37 WAR
1708 795 79 25 nLE
1818 784 150 34 assured
1996 784 65 34 the
2089 783 123 34 House
2232 781 45 34 he
2293 780 132 35 should
2444 780 46 35 be
2507 776 118 43 ready
2642 781 40 28 to
2700 775 110 43 bring
2837 772 59 33 for-

1585 833 104 34 ward
1708 833 167 44 Captain
1897 830 170 45 Maling's
2080 840 84 28 case
2178 836 44 26 on
2243 828 158 45 Friday.
2456 827 40 35 It
2530 835 77 22 was
2630 823 85 34 then
2737 820 175 41 ordered,

1584 891 46 25 on
1644 880 64 34 the
1729 880 143 34 Motion
1885 879 45 35 of
1951 879 73 37 Mr.
2047 879 78 33 Wit
2135 887 20 24 A
2167 882 130 34 !MIN,
2315 875 99 34 that
2414 875 64 34 the
2491 873 156 34 minutes
2665 869 41 33 of
2720 869 195 41 evidence,

1584 931 113 34 taken
1717 927 79 35 that
1813 928 118 45 night,
1958 928 44 33 be
2021 925 149 48 printed
2183 924 67 34 and
2269 924 77 37 laid
2365 921 130 37 before
2511 921 65 33 the
2590 919 144 35 Hoase-

2028 1035 265 31 TIIVIttoDAY,
2354 1033 69 25 1:13.
2440 1025 37 33 2.

1961 1097 219 28 INCREASE
2207 1097 56 28 OF'
2290 1095 91 27 THE
2411 1091 146 30 ARMY.

1632 1140 97 35 Lord
1746 1141 54 33 CA
1811 1147 132 27 STLER
1952 1146 48 25 EA
2010 1147 61 24 Gil/
2092 1136 137 43 having
2246 1131 130 38 moved
2394 1133 64 33 the
2473 1129 132 38 second
2624 1128 149 43 reading
2790 1126 46 35 of
2856 1129 63 34 the

1586 1188 145 33 Militia
1748 1187 215 34 Enlistment
1985 1183 93 41 Bill,
2093 1182 98 40 said,
2210 1182 80 33 that
2306 1181 28 34 it
2347 1180 122 45 surely
2490 1188 78 25 was
2578 1181 65 30 not
2661 1186 187 33 necessary
2862 1175 58 34 for

1584 1234 77 34 him
1678 1240 37 28 to
1734 1239 103 30 enter
1848 1243 102 35 upon
1967 1241 24 26 a
2008 1231 115 35 detail
2146 1230 45 35 of
2211 1230 61 33 the
2304 1238 144 25 reasons
2477 1227 59 33 for
2568 1234 25 25 a
2621 1225 100 43 large
2750 1221 171 45 military

1583 1283 104 33 force
1702 1287 39 28 at
1755 1286 159 39 present.
1967 1279 81 35 The
2063 1278 197 35 executive
2278 1277 247 33 Government
2551 1271 118 45 ought
2704 1273 39 30 to
2766 1267 106 37 intim'
2894 1279 28 25 a

1578 1330 178 34 sufficient
1774 1329 116 43 force,
1910 1326 34 35 if
1964 1326 176 45 possible,
2160 1324 89 34 both
2277 1323 60 35 for
2354 1322 143 40 foreign
2513 1319 188 34 exertions
2720 1317 71 34 and
2812 1318 109 32 home

1579 1378 167 33 defence.
1776 1377 50 33 As
1844 1377 89 44 long
1948 1384 40 24 as
2001 1374 61 34 the
2080 1374 137 45 people
2233 1371 43 34 of
2287 1371 115 46 Spain
2420 1378 99 26 were
2535 1374 80 28 true
2634 1371 37 26 to
2687 1364 233 39 themselves,

1584 1436 57 22 we
1656 1435 96 22 were
1763 1423 122 34 bound
1904 1424 50 41 by
1965 1422 89 44 duty
2070 1421 72 35 and
2163 1422 148 33 interest
2328 1426 39 27 to
2387 1421 157 41 support
2562 1414 115 34 them.
2728 1410 63 35 He
2807 1410 112 34 could

1580 1478 64 31 nut
1661 1472 145 35 believe
1822 1470 64 34 the
1896 1469 161 44 struggle
2074 1474 38 30 to
2132 1469 46 32 be
2196 1474 39 28 at
2248 1476 45 25 an
2302 1465 93 38 end;
2426 1465 65 33 but
2510 1462 33 33 if
2565 1462 28 34 it
2610 1469 96 26 were
2720 1463 38 30 at
2774 1469 47 22 an
2832 1457 89 39 end.

1579 1519 208 44 something
1819 1518 119 43 might
1963 1526 104 34 grow
2098 1521 67 28 out
2196 1515 45 34 of
2263 1514 80 34 that
2365 1513 263 34 circumstance
2659 1505 126 37 which
2800 1504 122 46 might

1580 1567 122 33 atford
1720 1578 21 21 a
1755 1567 84 33 field
1873 1566 59 33 for
1951 1564 139 38 British
2112 1563 187 35 exertion.
2350 1560 119 35 Great
2485 1559 168 34 interests
2668 1553 117 45 might
2804 1554 46 32 be
2876 1554 44 33 at

1583 1616 109 34 stake
1719 1619 38 28 at
1783 1625 26 21 a
1834 1613 180 37 distance.
2047 1622 39 24 as
2114 1612 85 33 well
2225 1620 40 24 as
2293 1613 40 31 at
2361 1607 124 35 home.
2515 1603 71 35 and
2617 1603 31 33 it
2674 1611 78 24 was
2778 1610 142 35 proper

1584 1665 39 31 to
1657 1663 46 32 be
1722 1661 198 45 precared.
1988 1659 35 33 A
2067 1658 196 33 deduction
2288 1655 60 34 for
2380 1652 64 37 the
2472 1652 110 33 losses
2608 1650 35 34 in
2676 1648 113 44 Spain
2825 1651 96 31 must

1585 1710 45 33 be
1664 1710 118 39 made,
1809 1708 73 34 and
1916 1707 46 35 he
1993 1706 117 34 stated
2139 1706 80 34 that
2248 1715 24 21 a
2290 1711 91 34 very
2406 1697 255 39 considerable
2694 1694 227 45 proportion

1584 1756 46 32 of
1657 1757 60 33 the
1748 1755 201 34 battalions
1982 1753 46 34 of
2067 1753 63 35 the
2157 1762 106 33 army
2306 1749 135 44 (about
2467 1743 69 45 56)
2571 1753 98 25 were
2700 1743 124 33 below
2859 1741 61 34 six

1586 1802 161 35 hundred
1766 1804 90 33 rank
1878 1802 85 50 'mod
1990 1801 77 40 tile,
2095 1801 72 33 and
2185 1800 63 33 the
2264 1795 169 38 addition
2453 1795 47 44 by
2524 1791 71 37 this
2615 1799 162 43 measure
2798 1788 125 35 would

1584 1853 86 43 only
1690 1852 93 33 raise
1802 1851 102 34 these
1930 1854 39 28 to
1987 1848 73 33 900
2075 1847 91 34 rank
2186 1847 70 34 and
2271 1845 76 35 file.
2400 1843 45 34 In
2464 1841 60 34 the
2542 1848 106 34 army
2666 1838 81 34 that
2764 1841 97 30 went
2880 1841 38 31 to

1591 1899 189 44 Portugal,
1799 1898 61 33 the
1879 1898 77 33 first
1972 1894 201 37 battalions
2192 1893 71 33 had
2282 1893 90 33 been
2389 1889 102 35 filled
2510 1898 48 34 up
2577 1886 96 34 from
2691 1884 61 34 the
2770 1883 149 40 second,

1584 1946 125 33 which
1728 1945 171 34 rendered
1917 1945 27 33 it
1970 1955 25 24 a
2008 1952 89 34 very
2113 1942 158 34 efficient
2295 1949 124 34 army,
2433 1936 138 39 29,000
2584 1932 106 44 being
2706 1930 213 46 comprised

1584 1994 35 34 in
1632 1995 48 34 32
1697 1993 224 40 battalions;
1946 1991 71 34 and
2036 1990 72 34 this
2132 1997 165 26 measure
2331 1996 74 24 was
2439 1982 169 35 intended
2633 1988 37 25 to
2702 1978 53 33 fill
2776 1989 51 34 up
2856 1978 61 33 the

1581 2041 217 44 deficiency,
1831 2040 72 35 and
1931 2039 79 35 also
2044 2043 39 30 to
2109 2036 137 45 supply
2283 2035 64 33 the
2369 2030 198 37 casualties
2594 2029 35 33 in
2663 2026 129 45 Spain.
2846 2023 74 37 His

1585 2088 182 45 Lordship
1780 2088 85 33 then
1876 2086 194 40 observed,
2087 2085 80 34 that
2181 2094 91 24 even
2285 2080 113 34 while
2412 2079 60 33 the
2485 2082 156 37 country
2659 2082 94 25 were
2770 2073 130 34 labour-

1584 2137 59 43 ing
1661 2135 111 34 under
1796 2134 103 34 these
1930 2141 198 32 measures,
2172 2130 69 34 and
2257 2128 112 34 under
2382 2127 63 33 the
2464 2124 175 35 burthens
2654 2121 43 33 of
2709 2119 213 39 unlimitled

1579 2184 161 39 service,
1750 2183 74 34 still
1845 2180 105 37 there
1982 2190 72 24 was
2087 2179 207 43 something
2326 2186 40 24 so
2393 2173 178 34 stubborn
2590 2171 35 34 in
2643 2167 61 34 the
2721 2173 131 31 nature
2874 2166 47 34 of

1583 2232 61 32 the
1670 2230 201 43 recruiting
1896 2228 156 39 service,
2081 2226 81 33 that
2191 2225 61 33 the
2270 2222 169 37 numbers
2454 2229 98 25 were
2569 2216 208 43 constantly
2798 2215 120 37 about

1580 2278 113 40 1,200
1708 2288 77 24 men
1800 2287 25 24 a
1841 2276 124 34 month
1985 2276 115 34 under
2113 2274 53 37 all
2180 2272 292 35 circumstances.
2523 2265 61 34 lie
2601 2262 219 43 contended,
2832 2262 84 35 that

1580 2327 28 33 it
1629 2336 77 25 was
1722 2334 189 35 necessary
1942 2328 37 28 to
2008 2322 115 34 allow
2141 2330 83 26 men
2252 2324 38 27 to
2322 2322 104 31 enter
2445 2315 60 34 for
2522 2310 191 39 unlimited
2727 2310 142 33 service
2889 2308 34 35 it

1578 2374 90 41 they
1682 2372 163 45 pleased,
1874 2381 41 24 as
1942 2369 87 41 this,
2056 2373 40 28 at
2122 2368 53 34 all
2207 2369 142 37 events,
2366 2362 123 35 would
2509 2361 107 34 leave
2634 2369 39 25 .a
2700 2365 216 37 permanent

1578 2420 144 34 feature
1739 2419 33 33 in
1789 2428 70 25 our
1872 2417 116 35 force.
2040 2415 61 37 lie
2112 2414 120 34 called
2249 2422 46 25 on
2315 2412 63 34 the
2398 2409 126 35 House
2544 2414 39 27 to
2597 2405 109 35 make
2724 2404 61 34 the
2804 2413 90 25 exer-

1577 2467 79 34 tion
1674 2465 185 45 required,
1891 2477 39 22 as
1965 2464 27 35 it
2026 2473 76 25 was
2119 2461 99 35 their
2235 2460 78 34 first
2337 2459 90 43 ditty
2457 2461 40 31 to
2530 2453 102 35 their
2648 2457 170 39 country.
2862 2452 53 34 •It

1579 2526 77 22 was
1674 2513 213 45 impossible
1904 2512 81 33 that
2002 2516 39 30 at
2061 2515 146 40 present
2224 2507 105 34 there
2344 2504 111 37 could
2483 2504 46 32 be
2542 2511 77 34 any
2636 2499 138 45 danger
2791 2505 40 27 to
2851 2498 64 33 the

1579 2563 168 33 liberties
1762 2561 43 33 of
1819 2559 65 34 the
1909 2564 174 38 country,
2096 2561 66 31 not
2179 2556 90 41 only
2285 2556 48 43 by
2354 2551 63 35 the
2434 2550 136 34 checks
2583 2545 241 43 established,
2846 2546 70 38 bet

1578 2610 52 44 by
1649 2610 59 33 the
1724 2609 150 35 feeline,s
1907 2606 44 34 of
1967 2606 61 34 the
2052 2604 148 45 regular
2216 2611 105 34 army
2341 2597 116 41 itself,
2476 2595 125 37 which
2621 2593 65 34 felt
2698 2604 40 24 as
2750 2594 168 43 strong,ly

1578 2668 40 22 as
1637 2668 70 32 any
1723 2656 104 32 other
1850 2654 228 43 description
2093 2650 44 33 of
2163 2660 78 22 men
2259 2649 63 34 the
2348 2647 109 33 value
2485 2643 44 34 of
2556 2642 64 34 the
2650 2640 263 37 Constitution.

1579 2704 81 33 The
1681 2704 150 43 dangers
1850 2707 38 27 to
1906 2711 66 22 our
1990 2699 171 34 liberties
2178 2696 94 33 from
2289 2706 25 22 a
2328 2694 148 41 regular
2489 2700 106 34 army
2611 2698 97 24 were
2728 2693 80 38 past
2809 2693 21 38 e
2856 2696 61 31 or,

1581 2752 33 33 if
1637 2756 78 34 not,
1735 2751 59 32 the
1809 2747 137 34 checks
1961 2751 39 30 at
2019 2746 146 45 present
2180 2740 224 37 established
2422 2747 100 26 were
2539 2737 124 44 surely
2675 2734 191 39 sufficient.

1633 2797 94 34 Lord
1746 2798 92 32 TEst
1847 2804 83 26 eta:
1949 2793 94 39 said,
2062 2793 81 32 that
2170 2789 63 35 the
2251 2787 123 35 Noble
2402 2786 96 33 I.Grd
2526 2784 69 34 had
2615 2792 83 24 now
2726 2780 126 35 shewn
2877 2790 41 26 us

1583 2845 63 33 the
1658 2850 126 28 nature
1802 2842 70 34 and
1892 2841 110 45 spirit
2035 2838 45 35 of
2107 2838 64 33 the
2196 2845 178 30 measure,
2404 2833 61 34 for
2491 2832 63 35 the
2587 2828 157 37 transfer
2760 2839 74 25 was
2855 2832 65 31 not

1581 2904 83 22 now
1684 2891 103 33 made
1805 2900 46 24 on
1869 2900 46 24 an
1943 2896 234 34 emergency,
2205 2884 65 33 hut
2303 2883 37 35 in
2367 2878 294 45 contemplation
2680 2876 44 33 of
2734 2887 46 24 an
2798 2884 97 25 emer-

1579 2950 131 33 gency.
1763 2939 45 31 So
1835 2936 83 34 that
1946 2935 72 34 this
2043 2943 74 25 was
2137 2942 84 24 now
2241 2936 38 28 to
2298 2930 152 35 become
2466 2937 24 25 a
2509 2924 148 46 regular
2670 2930 133 37 system
2818 2921 99 44 from

1581 2998 92 33 year
1693 2992 37 28 to
1747 2995 100 33 year.
1904 2982 104 41 This,
2028 2981 46 33 he
2091 2979 96 41 said,
2206 2988 74 25 was
2298 2987 25 25 a
2339 2986 89 34 very
2445 2974 72 34 bad
2537 2972 105 35 mode
2654 2970 45 35 of
2712 2970 208 46 increasing

1583 3034 61 33 the
1665 3034 143 39 regular
1824 3041 123 32 army,
1962 3028 70 34 and
2048 3039 39 22 as
2105 3038 25 22 a
2158 3025 149 44 regular
2329 3028 149 40 system,
2494 3021 45 33 he
2557 3019 72 35 had
2656 3018 63 34 the
2734 3022 183 38 strongest

1584 3080 190 45 objection
1793 3086 37 26 to
1851 3079 41 32 it.
1946 3076 70 35 His
2039 3073 185 45 Lordship
2250 3072 79 35 also
2359 3067 180 39 defended
2574 3067 64 34 the
2673 3066 85 44 plan
2787 3064 44 34 of
2861 3064 59 33 his

1586 3129 117 43 Right
1733 3126 97 34 Hon.
1854 3123 132 35 Friend
2008 3122 98 44 (Mr.
2128 3117 239 45 Windham),
2381 3117 74 35 and
2471 3115 136 40 stated,
2624 3112 79 35 that
2719 3112 107 45 when
2854 3112 64 43 the

1585 3176 123 34 Noble
1728 3172 92 35 Lord
1839 3171 78 34 laid
1937 3171 54 33 his
2008 3170 84 35 cold
2111 3168 129 44 fingers
2255 3177 99 33 upon
2372 3165 43 43 it,
2437 3164 28 34 it
2480 3172 77 25 was
2575 3159 203 48 producing
2793 3164 39 28 at
2851 3158 64 41 the

1584 3230 80 26 rate
1684 3221 44 34 of
1746 3220 137 41 24,000
1899 3230 25 22 a
1943 3228 104 34 year,
2080 3215 138 35 instead
2252 3213 45 34 of
2319 3214 61 34 the
2417 3210 133 40 13,000
2582 3208 183 46 produced
2783 3207 52 44 by
2854 3204 66 47 the

1585 3269 123 35 Noble
1726 3268 92 34 Lord
1834 3278 11 25 ;
1872 3267 73 34 and
1963 3270 70 28 out
2065 3262 45 35 of
2134 3262 64 34 the
2230 3261 141 40 27,000
2386 3260 83 35 that
2485 3255 239 37 volunteered
2735 3254 98 43 from
2852 3253 65 43 the

1586 3318 157 37 Militia,
1761 3314 139 40 20,000
1917 3322 91 25 were
2024 3311 59 37 for
2100 3309 143 37 limited
2256 3308 142 35 service
2411 3313 40 28 at
2469 3317 22 25 a
2511 3302 120 38 loWer
2649 3305 156 43 bounty.

1631 3364 79 43 The
1735 3363 72 44 pip
1830 3371 76 24 was
1922 3360 85 33 then
2024 3358 86 35 read
2130 3369 25 24 a
2178 3356 130 35 second
2328 3354 104 43 time,
2443 3354 72 39 and
2529 3350 155 44 ordered
2700 3356 37 30 to
2756 3351 159 43 becpats

1584 3411 130 35 mitted
1731 3420 44 25 on
1802 3409 163 44 Monday
1983 3403 387 47 nexto—Ad.;ourned,

2059 3524 203 39 FRIDAY,
2282 3522 159 44 FULL,

1754 3591 255 38 cOmyITTEE
2028 3591 56 25 Or
2104 3585 354 33 SITIPP&T—NAVY
2480 3581 256 38 FSTIMATIM

1630 3632 81 37 The
1730 3634 126 35 nonce
1878 3631 135 43 hating
2026 3639 93 35 gone
2137 3628 79 40 19t0
2238 3625 262 46 ;Committee
2525 3621 50 37 of
2594 3621 148 48 Supply
2770 3628 50 28 oo
2848 3618 64 38 the

1584 3683 141 32 motion
1742 3680 43 33 of
1807 3681 72 33 Mr.
1898 3678 221 37 Iluskisson.

1606 3719 35 0 __

1630 3731 81 33 The
1728 3728 195 44 following
1937 3735 93 27 sums
2044 3719 220 40 were-Teta
2277 3732 66 26 t...

1633 3778 78 35 For
1739 3778 126 39 Wages
1886 3775 59 33 for
1967 3771 156 43 130,000
2139 3768 156 39 asesier
2314 3769 47 40 13
2376 3764 158 44 months,

1580 3830 44 31 at
1642 3824 63 34 the
1723 3830 76 27 rate
1811 3823 43 33 of
1867 3823 45 33 It.
1937 3822 71 34 17s.
2031 3830 66 34 per
2115 3829 81 24 man
2215 3827 67 37 per
2295 3816 144 40 month,
2572 3809 200 47 3,126,500
2817 3810 28 33 0
2891 3810 26 34 0

1632 3873 79 35 For
1724 3870 170 35 Victuals
1911 3868 59 35 for
1988 3867 156 40 130,090
2159 3875 79 25 men
2251 3863 60 39 for
2322 3865 45 37 13
2379 3861 158 45 months,

1581 3926 40 28 at
1642 3921 61 33 the
1722 3925 78 30 rate
1818 3918 41 34 of
1872 3919 52 33 21.
1949 3917 72 37 19s.
2042 3922 66 37 per
2121 3922 81 25 man
2219 3921 66 34 per
2303 3912 142 39 month,
2570 3906 201 46 4,985,500
2818 3907 25 33 0
2891 3906 27 35 0

1636 3967 73 34 For
1722 3977 99 24 wear
1834 3965 70 34 and
1924 3971 80 27 tear
2021 3961 60 35 for
2096 3960 64 34 the
2176 3960 110 43 Navy
2304 3959 58 34 for
2381 3957 162 44 130,000

1585 4025 78 26 men
1688 4013 58 35 for
1767 4015 40 35 13
1826 4012 156 44 months,
2007 4015 41 31 at
2065 4010 61 34 the
2141 4015 81 30 rate
2238 4006 44 39 of
2307 4007 50 35 1/..
2374 4006 74 37 19s.
2467 4015 71 40 per

1585 4074 81 24 man
1689 4072 64 34 per
1768 4061 143 38 month,
2576 4049 198 46 3,295,500
2820 4051 27 34 0
2893 4049 28 35 0

1633 4110 122 34 There
1774 4119 76 25 was
1877 4109 85 34 then
1987 4104 110 37 voted
2128 4109 39 31 to
2192 4102 157 48 provide
2374 4101 67 37 foe
2452 4104 64 33 out-

1585 4157 168 44 standing
1773 4154 224 46 Exchequer
2019 4154 94 35 13ills
2251 4162 22 18 u
2415 4167 20 13 .
2549 4144 47 40 10
2610 4146 161 43 500,000
2822 4144 27 34 0
2894 4146 26 34 0

1638 4207 78 35 For
1733 4206 61 35 the
1807 4213 92 37 same
1899 4213 24 37 ;
2050 4219 19 12 .
2211 4219 18 12 .
2372 4215 17 14 .
2576 4172 202 70 4500,000
2823 4194 34 37 a
2895 4193 31 38 a
