3230 4414
1113 85 146 51 THE
1297 85 381 56 NATIONAL
1711 89 384 52 REGISTER.

226 202 176 41 contend
423 206 157 51 agaiost
596 208 71 39 the
686 208 184 44 fortunes
896 213 77 40 and
993 224 148 41 genius
1157 213 51 41 of
1233 227 24 26 a
1278 215 180 41 BONAPA
1468 231 18 21 it
1494 229 72 27 TE.

230 259 89 44 Thtl
339 265 125 47 look,
495 282 47 26 or
561 285 149 38 rogues
728 275 13 34 F
769 276 37 46 (1
830 274 73 38 am'
913 280 43 33 at
976 288 24 27 a
1018 275 81 40 loss
1119 278 130 39 which
1271 289 122 27 name
1413 289 43 27 io
1473 289 98 40 give

226 322 136 52 thew,
390 330 158 53 though
568 332 94 56 they
680 346 86 33 are,
796 337 187 53 perhaps,
1002 351 25 26 a
1045 338 273 53 composition
1329 338 50 39 of
1388 338 181 52 knavery

229 387 80 41 and
330 390 278 57 imbecillity,)
638 397 97 39 with
755 410 27 27 a
800 398 174 53 particle
990 399 52 40 of
1075 399 318 53 understanding
1413 399 76 46 and
1515 400 38 39 in-

227 454 154 52 tegrity
406 444 97 64 they
544 456 130 41 would
694 462 294 51 comprehend,
1017 462 93 40 that
1129 462 97 41 such
1264 463 252 45 sentiments,
1543 464 27 37 it

219 514 4 64 .
235 514 253 56 yuiversally
509 519 191 52 adopted,
731 522 130 38 would
886 521 111 45 place
1017 524 80 38 this
1116 528 170 50 country
1310 524 38 38 in
1371 526 67 40 the
1457 535 111 28 same

226 570 244 58 deplorable
484 583 106 41 state
607 580 50 39 of
673 582 305 44 abandonment
998 586 77 39 and
1098 588 163 48 misery,
1292 586 40 39 in
1348 585 130 40 which
1504 586 66 39 the

234 644 165 46 greater
420 645 92 45 part
530 640 50 44 of
589 643 71 41 the
687 645 213 44 continent
917 647 31 39 is
971 660 89 26 now
1082 647 142 54 raced
1245 647 40 39 is
1302 659 275 39 consequence

235 696 51 44 of
300 699 69 43 the
407 705 275 51 propagation
717 705 52 41 of
798 707 156 41 similar
986 710 217 39 doctrines.
1259 712 125 39 Some
1402 709 164 52 gloomy

235 758 255 47 visionaries,
523 764 222 57 brooding,.
759 768 39 40 iu
819 769 67 40 the
904 769 148 43 silence
1072 770 73 38 and
1162 783 132 38 sp.een
1316 770 51 40 of
1388 769 188 54 solitude,

234 833 102 30 over
369 824 72 39 the
489 824 102 43 vices
627 828 48 40 of
707 828 124 43 social
865 831 266 45 institutions,
1178 831 76 40 and
1287 829 116 43 lettin
1466 830 110 40 these

236 888 234 39 monitrons
490 892 259 52 conceptions
781 893 48 39 of
844 905 26 27 a
889 893 239 41 bewildered
1149 893 76 40 and
1263 893 131 53 sickly
1431 893 120 53 imagi-

234 946 188 54 gination
448 951 110 41 loose
573 964 150 41 among
745 953 104 40 their
865 961 286 47 countrymen,
1166 954 244 54 completely
1433 956 118 41 under-

237 1010 135 39 mined
407 1012 115 39 those
555 1015 287 47 attachments,
872 1016 129 43 which
1036 1030 109 32 men,
1183 1017 39 39 in
1257 1030 123 40 every
1402 1029 76 40 age
1496 1018 78 39 and

239 1070 135 47 Clime,
406 1074 266 56 instinctively
697 1076 74 40 feel
791 1076 66 41 for
889 1077 70 40 the
987 1076 113 58 place
1135 1078 94 52 they
1261 1090 69 28 are
1352 1080 100 41 born
1474 1078 104 39 in.—

240 1133 124 45 Tbeir
402 1140 175 51 country
612 1139 83 41 and
728 1137 239 44 themselves
1002 1140 106 40 were
1146 1139 170 41 crushed
1351 1139 125 40 under
1508 1140 69 39 the

240 1195 109 43 ruins
380 1198 50 39 of
441 1212 22 24 a
485 1198 78 52 pile
583 1199 130 40 which
754 1206 148 35 nature
933 1200 152 43 herself
1113 1200 81 41 had
1224 1199 164 44 erected
1427 1213 44 28 as
1505 1201 71 41 the

240 1264 129 34 burest
387 1266 106 48 prvp
513 1259 50 38 of
575 1271 151 43 socie:y
748 1263 73 38 and
842 1264 296 39 Government.

295 1332 74 40 But
402 1331 86 39 this.
503 1330 180 43 madness
710 1332 31 44 is
774 1331 149 44 almost
952 1332 180 54 peculiar
1159 1337 45 35 to
1235 1345 79 28 our
1345 1345 92 41 age.
1493 1333 87 40 The

239 1394 132 40 duties
391 1395 194 53 forninrly
606 1396 177 53 imposed
803 1410 54 27 on
878 1398 71 40 the
969 1398 202 40 members
1189 1397 50 41 of
1265 1411 24 27 a
1307 1398 272 53 community,

240 1455 170 41 allowed
432 1457 111 40 them
570 1459 156 40 neither
745 1460 115 46 time,
885 1473 78 26 nor
981 1460 163 46 leisure,
1173 1465 44 34 to
1235 1460 168 52 indulge
1424 1460 37 39 in
1483 1461 96 38 such

239 1519 464 54 speculations:—They
726 1533 104 30 were
849 1524 175 43 satisfied
1045 1528 43 33 to
1115 1535 113 27 serve
1248 1524 110 38 their
1381 1528 172 47 country
1553 1528 25 47 ;

242 1581 77 39 and
339 1581 94 53 they
456 1581 233 54 performed
713 1584 93 39 that
831 1585 154 38 service
1013 1584 97 40 with
1131 1596 25 27 a
1178 1583 103 47 zeal,
1302 1596 50 27 an
1374 1584 163 46 ardour,
1558 1597 24 26 a

242 1645 379 48 disinterestedniss,
645 1646 125 41 which
793 1662 60 26 we
869 1649 197 39 condemn
1094 1661 44 30 as
1157 1650 219 45 romantic,
1398 1654 123 47 reject
1540 1662 41 26 as

664 1710 227 52 prosperity
926 1709 50 41 of
1012 1711 72 40 the
1121 1714 253 51 community
1413 1711 169 53 proved,

242 1768 204 48 however,
467 1773 71 39 the
556 1773 242 52 siiperiorit)
831 1773 48 38 of
904 1772 209 53 practical,
1135 1786 96 26 over
1246 1773 248 53 speculative
1514 1786 45 39 pa-

241 1832 174 40 triotism
433 1851 9 21 :
478 1834 86 39 And
596 1834 38 38 iY
661 1845 51 26 au
743 1831 262 44 enthusiastic
1032 1833 178 48 leveller,
1228 1847 46 25 or
1294 1848 51 25 an
1368 1835 216 40 ambitious

241 1893 278 53 demagogue,
549 1893 125 53 urged
703 1891 78 43 the
811 1896 193 53 necessity
1026 1897 51 37 of
1108 1896 257 45 innovation,
1385 1896 92 53 they
1498 1896 86 45 fell,

243 1954 148 41 almost
410 1955 241 53 invariably,
669 1956 161 41 victims
849 1962 45 34 to
915 1957 104 38 their
1041 1956 202 40 mistaken
1266 1956 105 48 zeal,
1387 1972 47 25 or
1452 1958 110 40 crimi-

243 2017 67 38 nal
327 2016 243 50 restlessness
570 2016 21 50 ;
612 2017 74 40 ,for
702 2015 72 43 t%e
793 2016 149 53 people
961 2017 119 43 loved
1111 2017 105 40 their
1246 2019 249 41 institutions
1514 2026 70 33 too

243 2078 202 54 ardently,
464 2079 96 40 with
587 2085 73 34 too
680 2079 125 40 much
831 2079 254 47 veneration,
1109 2093 44 26 as
1170 2085 44 34 to
1235 2086 167 33 consent
1421 2086 44 34 to
1482 2080 104 41 their

242 2138 223 54 becoming
495 2140 70 40 the
591 2145 111 47 sport
729 2138 56 41 of
806 2138 168 54 novelty
1002 2153 46 26 or
1077 2144 171 50 passion.
1306 2145 80 39 But
1409 2141 86 41 Ido
1515 2147 70 34 not

242 2199 207 48 recollect.
482 2203 73 46 Sir,
587 2203 45 38 in.
647 2202 70 40 the
746 2202 133 40 whMe
898 2213 143 27 course
1069 2203 51 39 of
1144 2203 170 40 Grecian
1344 2215 48 27 or
1426 2204 159 39 Roman

243 2264 170 51 history,
430 2277 26 26 a
472 2264 126 52 singic
619 2267 180 38 instance
816 2262 139 43 where
969 2265 128 40 either
1115 2267 52 39 of
1188 2267 78 39 this
1281 2267 241 53 description
1543 2269 51 39 of

244 2327 241 39 innovators
503 2337 79 28 was
599 2324 132 54 guilty
752 2324 50 41 of
817 2327 69 39 the
911 2327 206 52 temerity,
1143 2328 39 38 in
1204 2328 117 41 order
1333 2333 46 35 to
1398 2334 189 46 promote

660 2380 7 0 _
690 2380 5 0 _

243 2386 73 39 the
334 2386 243 40 attainment
596 2385 50 40 of
659 2386 59 40 his
741 2386 133 48 views,
896 2392 50 34 to
966 2389 247 51 panegyrize
1233 2389 69 40 the
1316 2391 177 40 conduct
1508 2392 76 37 and

247 2447 144 40 talents
409 2446 52 40 of
485 2461 26 25 a
530 2447 144 40 hostile
693 2451 285 50 government`,
1036 2451 99 39 This
1167 2458 234 33 monstrous
1419 2452 163 52 novelty

246 2519 83 28 was
343 2509 189 40 reserved
549 2509 65 40 for
632 2523 77 28 our
729 2510 304 53 philanthropic
1058 2511 78 38 and
1165 2511 262 53 enlightened
1444 2519 116 34 centu-

243 2584 71 43 ry;
344 2572 80 41 and
457 2574 41 39 iii
529 2574 69 40 the
615 2575 123 52 decay
768 2575 51 41 of
833 2575 279 53 Christianity,
1147 2589 59 27 we
1222 2588 107 28 seem
1350 2577 172 40 inclined
1543 2584 40 33 to

242 2646 120 41 carry
381 2647 106 27 even
521 2640 44 34 to
593 2647 136 30 excess
761 2639 71 38 the
857 2637 171 40 sublime
1063 2639 144 50 theory
1235 2640 48 39 of
1359 2639 94 39 love
1483 2653 102 40 your

496 2699 45 38 In
560 2700 206 41 countries
783 2699 74 39 and
881 2712 94 39 ages
1004 2712 100 27 over
1134 2700 128 39 which
1284 2713 58 25 we
1363 2707 126 34 vaunt
1508 2715 77 26 our

240 2758 257 41 intellectual
528 2759 77 39 and
638 2759 124 40 social
801 2760 312 52 improvement,
1144 2759 78 40 this
1248 2761 240 40 refinement
1506 2776 79 27 was

241 2818 209 43 unknown
467 2836 13 30 ;
509 2823 79 38 and
608 2822 70 39 the
697 2822 87 39 idea
802 2823 47 38 of
862 2836 24 25 a
908 2823 158 38 Roman
1084 2825 170 37 Senator
1265 2823 217 53 extolling,
1504 2825 37 38 in
1561 2839 20 25 a

239 2881 78 41 full
338 2884 163 45 Senate,
535 2883 70 38 the
622 2882 214 44 character
855 2884 52 39 of
937 2884 217 46 Hannibal,
1183 2883 105 40 after
1305 2885 61 39 his
1387 2888 198 51 unjustif:-

240 2943 96 43 able
354 2943 142 40 attack
516 2957 54 27 on
586 2947 246 51 Saguntum,
848 2959 170 40 appears
1033 2960 44 26 so
1093 2950 288 47 extravagant,
1395 2948 77 38 an:l
1491 2962 72 26 con-

240 3005 231 53 tradictory
491 3012 47 34 in
557 3019 76 27 our
667 3007 184 39 received
885 3006 163 40 notions
1080 3007 51 38 of
1156 3007 91 38 that
1276 3009 312 51 magnanimous

241 3066 230 54 Assembly,
502 3066 89 41 that
621 3081 60 27 we
711 3071 128 50 reject
870 3069 33 39 it
938 3069 96 39 with
1061 3069 172 47 disdain,
1261 3070 80 40 and
1358 3071 229 54 something

241 3129 285 54 approaching
544 3135 45 34 to
608 3129 168 41 horror.

291 3207 18 38 I
332 3215 66 28 am
418 3202 226 56 unwilling,
678 3207 76 46 Sir,
785 3210 46 35 to
863 3217 111 41 press
1006 3206 79 38 this
1119 3207 189 51 question
1328 3221 54 26 on
1404 3222 80 38 yogi
1517 3213 72 37 too

236 3266 93 50 far;
361 3266 177 40 because
557 3269 13 37 l
594 3266 191 53 sincerely
806 3266 162 40 admire
981 3280 107 40 your
1109 3267 162 46 talents,
1303 3269 78 39 and
1403 3276 185 34 venerate

239 3326 109 57 your
374 3328 165 53 private
569 3331 164 44 virtues.
791 3326 96 44 You
915 3330 145 39 should
1095 3337 76 33 not
1204 3331 150 52 forget,
1387 3332 202 47 however,

239 3390 74 41 the
331 3396 346 47 encouragement
697 3391 129 39 which
848 3391 69 40 the
935 3391 187 40 sanction
1153 3390 52 41 of
1233 3406 106 38 your
1372 3406 120 30 name
1514 3396 74 39 and

237 3456 124 39 merit
380 3456 118 52 gives
516 3462 43 34 to
580 3457 115 39 those
715 3457 216 39 miserable
960 3456 77 39 and
1068 3457 288 54 unprincipled.
1383 3462 207 40 wretches,

237 3517 113 47 who,
385 3519 178 40 without
594 3519 146 40 talents
759 3521 78 39 and
860 3521 148 45 virtue,
1046 3520 106 39 have
1178 3534 54 25 no
1266 3522 250 50 pretensions
1548 3527 43 34 to

356 3593 21 26 c
394 3583 155 44 notice,
581 3581 103 40 than
702 3582 52 52 by
774 3594 25 26 a
827 3582 235 52 systematic
1095 3581 141 39 attack
1256 3581 50 38 of
1333 3594 126 41 every
1479 3585 115 52 thing

235 3647 125 48 great
386 3641 40 41 in
457 3643 117 53 point
602 3643 48 39 of
680 3645 164 51 theory,
875 3641 219 41 venerable
1121 3641 69 40 for
1220 3643 50 39 its
1302 3644 221 53 antiquity,
1544 3659 50 25 or

234 3705 318 43 cemmendable
586 3705 64 39 for
689 3706 48 38 its
767 3719 81 25 use.
909 3705 174 51 Employ
1111 3704 138 39 rather
1267 3706 91 38 that
1393 3706 200 41 influence

234 3767 135 40 which
384 3780 106 41 your
508 3767 250 53 popularity,
775 3767 183 47 fortune,
969 3768 77 38 and
1061 3765 259 53 knowledge,
1335 3769 98 52 give
1444 3782 97 39 you,
1553 3770 38 40 in

234 3829 321 52 counteracting
578 3829 69 38 the
665 3828 93 39 etre'
771 3834 34 34 is
833 3828 51 39 of
907 3828 196 39 domestic
1122 3829 167 39 traitors
1316 3830 81 45 and
1434 3830 156 54 foreign

235 3892 109 46 foes,
364 3898 44 33 to
425 3891 165 52 destroy
612 3889 72 41 the
699 3889 158 40 noblest
878 3891 135 40 fabric
1028 3889 48 40 of
1098 3889 71 40 the
1186 3889 163 41 wisdom
1365 3892 51 40 of
1429 3906 165 39 ages,—

234 3953 76 41 the
331 3953 279 43 Constitution
631 3951 51 41 of
703 3952 79 39 this
801 3958 193 46 country.
1050 3953 74 37 Let
1142 3960 107 44 your
1264 3952 116 39 voice
1401 3953 51 43 be
1470 3953 119 41 heard

234 4017 71 40 for
340 4019 67 37 the
436 4020 142 35 future
608 4016 39 38 in
679 4015 260 54 supporting,
976 4015 156 39 instead
1165 4013 48 40 of
1241 4015 249 53 depressing,
1525 4016 69 44 the

233 4080 208 52 dr►►oping
458 4078 137 53 spirits
622 4078 51 39 of
699 4077 215 47 mankind,
948 4076 77 40 and
1062 4077 35 37 in
1139 4075 259 56 s!.itnulating
1419 4078 110 40 thr.nr
1548 4084 43 33 to

236 4141 203 43 maintain
471 4140 111 45 their
609 4140 302 56 intlcrendeuce
947 4139 161 57 against
1141 4140 71 39 the
1243 4146 107 34 most
1389 4141 203 54 revolting

2715 84 157 59 FEB.
2919 83 50 51 5.

1635 216 298 44 andatrucious
1946 219 215 54 despotism
2177 219 91 40 that
2283 230 94 27 ever
2392 217 207 39 harrassed
2619 229 47 27 or
2683 215 208 52 disgraced
2907 213 71 38 the

1636 279 138 40 world.
1835 282 159 51 Appear
2013 280 71 40 the
2104 280 313 53 magnanimous
2443 279 79 40 and
2552 279 142 40 ardent
2714 276 198 43 advocate
2931 273 50 40 of

1638 354 47 24 an
1701 341 201 52 outraged
1922 343 77 39 and
2020 343 233 51 struggling
2269 341 249 52 community
2533 357 12 28 ;
2574 340 66 39 for
2665 338 117 40 there
2796 337 32 40 is
2845 347 105 28 some-

1637 405 113 47 thing
1768 415 191 28 meanner
1980 403 99 40 than
2100 403 196 45 baseness,
2315 415 47 31 or
2381 415 113 30 more
2515 399 202 53 dastardly
2737 399 100 39 than
2867 410 80 27 cow-

1639 464 146 44 ardice,
1804 469 43 35 to
1860 465 135 40 advise
2014 465 260 52 abandoning
2293 465 71 39 the
2379 463 165 54 Spanish
2567 463 174 52 patriots
2754 459 105 41 after
2877 461 97 52 they

1638 527 78 39 had
1746 526 200 53 implored
1967 540 80 28 our
2066 527 250 53 protection,
2336 527 78 39 and
2443 524 196 54 appealed
2667 529 44 34 to
2741 521 145 41 British
2906 534 47 39 ge-

1641 588 193 52 nerosity,
1852 593 43 33 to
1915 589 71 39 the
2006 588 214 54 brutality,
2243 588 215 46 insolence,
2481 586 86 43 and,
2588 585 202 53 rapacity,
2810 583 50 40 of
2872 582 105 43 their

1641 651 197 50 terocious
1838 651 21 50 .
1859 651 200 50 invaders.
2117 652 52 38 Or
2187 664 77 27 can
2284 664 83 40 you
2387 648 135 47 think,
2549 647 174 39 without
2745 646 162 44 horror,
2933 644 51 40 of

1642 712 150 52 naving
1809 724 105 39 your
1933 724 120 32 name
2069 712 223 41 associated
2313 712 38 39 in
2370 712 69 39 the
2458 710 240 53 judgments
2717 709 79 39 and
2809 719 145 28 execra-

1641 774 105 39 tions
1763 772 48 40 of
1819 774 137 40 future
1975 775 278 52 generations,
2264 775 93 39 with
2393 774 117 40 those
2529 772 50 40 of
2606 771 67 40 the
2695 770 165 40 ruffians
2884 769 91 39 who

1641 847 67 27 arc
1726 847 93 28 now
1827 834 210 54 weltering
2052 836 40 39 in
2107 836 69 39 the
2190 835 142 46 blood,
2353 836 77 39 and
2444 835 151 53 rioting
2611 834 38 39 in
2665 833 71 40 the
2751 830 168 56 plunder
2933 828 51 41 of

1641 900 139 43 eleven
1806 900 171 43 millions
1993 901 51 40 of
2070 901 213 54 Spaniards
2298 906 9 34 I
2340 904 79 37 For
2439 901 50 38 he
2507 899 177 46 assured,
2704 898 78 46 Sir,
2800 896 80 40 this
2900 900 59 37 tre-

1644 964 202 59 mendous,
1857 976 168 30 censure
2050 964 50 39 of
2114 977 24 26 a
2157 977 118 27 more
2296 960 208 56 impartial
2529 961 77 39 and
2627 960 188 39 virtuout
2830 971 91 27 race
2937 957 47 40 of

1645 1036 103 34 men,
1769 1024 138 39 awaits
1926 1038 100 40 you,
2062 1025 77 39 and
2170 1037 126 40 every
2317 1025 118 39 other
2461 1023 183 40 Member
2662 1022 52 39 of
2737 1020 70 39 the
2832 1019 145 40 British

1644 1088 157 45 Senate,
1821 1085 144 40 should
1983 1100 84 40 you
2086 1085 257 41 recommend
2363 1089 43 35 to
2424 1097 106 40 your
2555 1088 269 47 countrymen
2843 1087 44 34 to
2904 1082 59 39 dis-

1642 1147 191 40 continue
1848 1147 105 40 their
1967 1147 143 41 efforts
2127 1147 38 40 in
2179 1150 172 53 support
2365 1146 50 40 of
2428 1147 235 45 innocence,
2681 1144 202 48 freedom,
2904 1142 79 41 and

1637 1212 165 46 justice.

1697 1273 14 37 I
1728 1284 65 26 am
1809 1270 66 40 far
1894 1270 110 41 from
2020 1271 123 54 being
2161 1284 105 43 your
2285 1283 158 40 enemy,
2466 1270 77 47 Sir,
2559 1267 78 41 and
2659 1280 86 34 am,
2761 1266 220 48 therefore,

1644 1331 237 43 disinclined
1899 1338 43 34 to
1965 1333 99 39 take
2083 1348 81 39 you
2184 1337 45 37 at
2257 1345 106 40 your
2381 1330 128 47 word,
2531 1331 113 40 when
2665 1343 83 39 you
2767 1329 143 39 advert
2936 1333 47 35 to

1646 1396 67 41 the
1731 1397 162 53 sinking
1918 1400 78 39 and
2016 1400 203 53 degraded
2239 1402 105 37 state
2363 1396 51 41 of
2439 1396 81 40 this
2536 1395 370 52 country.—Much
2926 1394 39 39 al-

1646 1461 180 40 lowance
1847 1468 109 35 must
1975 1463 80 40 and
2073 1463 132 53 ought
2236 1469 47 33 to
2320 1462 51 39 be
2391 1461 117 39 made
2528 1460 65 40 for
2611 1473 25 26 a
2654 1460 174 39 number
2846 1460 51 39 of
2911 1472 48 27 un-

1649 1525 268 39 warrantable
1938 1525 253 53 expressions
2219 1524 92 40 that
2331 1535 70 27 are
2421 1521 98 41 used
2554 1522 40 38 in
2611 1520 72 40 the
2701 1521 97 39 heat
2817 1520 50 39 of
2881 1519 83 54 poli-

1646 1584 93 40 tical
1763 1589 253 39 contention.
2075 1586 86 43 The
2181 1584 150 43 British
2366 1584 149 40 islands
2545 1597 70 26 are
2647 1587 74 34 not
2750 1583 39 39 in
2810 1581 89 40 that
2917 1581 46 40 de-

1649 1646 181 51 plorable
1853 1654 129 41 state;
2022 1648 81 40 and
2125 1650 15 38 I
2160 1646 202 41 entertain
2383 1646 91 39 that
2493 1644 168 54 opinion
2681 1643 51 39 of
2747 1656 105 39 your
2877 1642 111 54 good

1646 1723 122 32 souse,
1791 1723 43 27 as
1852 1715 44 35 to
1918 1711 118 39 think
2059 1711 91 38 that
2181 1722 85 41 you
2294 1722 70 26 arc
2383 1721 78 26 one
2490 1707 51 40 of
2567 1706 69 40 the
2654 1704 78 40 last
2753 1719 90 26 men
2864 1704 103 41 exist-

1651 1773 67 52 ing
1739 1773 90 39 that
1846 1770 137 41 would
2015 1773 52 38 be
2087 1769 190 41 deceived
2308 1770 51 52 by
2379 1782 53 26 an
2451 1766 196 41 assertion
2663 1766 47 40 of
2726 1766 71 40 the
2815 1766 98 40 kind
2933 1779 54 27 an

1651 1833 67 39 the
1740 1839 90 47 part
1851 1834 50 39 of
1915 1833 188 40 another.
2159 1835 17 38 I
2199 1831 180 54 deplore,
2400 1831 207 44 however,
2633 1828 72 40 the
2724 1828 203 39 existence
2943 1827 52 41 of

1651 1897 111 38 those
1782 1894 102 40 fatal
1904 1896 180 52 passions
2100 1893 130 40 which
2249 1905 77 27 can
2344 1897 141 34 extort
2517 1890 109 39 from
2655 1903 51 26 an
2731 1889 145 40 honest
2896 1902 94 27 man

1650 1972 22 25 a
1693 1957 242 47 confession,
1959 1956 269 54 disapproved
2249 1955 54 53 by
2326 1955 59 39 his
2404 1952 254 46 conscience,
2693 1950 80 40 and
2794 1956 194 50 contrary

1650 2026 43 34 to
1714 2021 59 38 his
1791 2020 249 40 conviction.
2102 2016 278 41 Declarations
2399 2015 48 39 of
2460 2014 81 44 thin
2559 2014 113 46 kind,
2694 2024 104 28 even
2833 2011 37 39 if
2883 2017 105 44 true,

1651 2094 67 26 are
1741 2080 190 40 attended
1949 2079 97 40 with
2067 2092 54 27 no
2140 2079 177 53 possible
2337 2076 170 47 benefit,
2536 2076 76 39 but
2635 2086 94 41 may
2747 2074 51 38 be
2819 2073 149 53 produc-

1652 2145 80 38 tive
1765 2143 51 39 of
1839 2141 128 53 signal
1998 2139 418 53 disadvantage;—as
2435 2137 97 54 they
2552 2137 96 39 tend
2675 2140 45 34 to
2747 2133 146 43 delude
2913 2137 80 40 and

1651 2205 155 51 dispirit
1827 2218 24 25 a
1870 2216 223 28 numerous
2120 2203 77 40 and
2224 2203 141 53 highly
2387 2200 132 41 useful
2549 2198 103 40 class
2679 2196 51 40 of
2747 2197 72 40 the
2838 2197 154 53 public.

1654 2264 201 46 Contrast,
1876 2265 74 47 Sir,
1967 2278 107 40 your
2088 2264 301 50 disheartening
2404 2263 235 45 sentiment,
2654 2259 96 38 with
2767 2258 70 40 the
2857 2258 138 56 manly

1652 2326 74 38 and
1746 2326 195 53 inspiring
1959 2324 217 54 principles
2194 2323 51 41 of
2259 2327 80 37 Mr.
2363 2327 196 38 CANNING
2578 2336 13 31 ;
2611 2321 149 46 which,
2781 2334 105 27 were
2898 2321 94 54 they

1652 2401 41 24 as
1711 2400 222 27 erroneous
1948 2400 43 26 as
2008 2388 98 51 they
2135 2401 70 25 are
2231 2386 178 40 founded
2439 2398 56 27 on
2515 2383 71 40 the
2614 2382 247 40 immutable
2883 2382 87 54 prin-

1650 2452 122 52 ciples
1785 2453 187 47 oftruth,
1984 2454 171 51 justice,
2176 2453 86 39 and
2274 2451 130 40 sound
2425 2451 155 52 policy,
2593 2446 137 44 would
2757 2448 51 39 be
2828 2450 168 52 capable

1649 2515 50 38 of
1706 2516 183 52 creating
1902 2528 25 26 a
1945 2517 150 51 degree
2111 2515 52 41 of
2169 2513 117 54 spirit
2302 2512 78 40 and
2401 2517 237 45 constancy,
2657 2520 116 28 more
2793 2509 99 41 than
2911 2512 64 40 suf-

1651 2575 133 40 ficient
1811 2582 43 34 to
1883 2582 250 35 counteract
2164 2576 72 41 the
2268 2575 155 52 danger
2452 2572 98 54 they
2578 2584 93 39 may
2704 2571 206 41 occasion.
2931 2571 5 56 '

1646 2639 124 56 speak
1819 2648 47 33 to
1894 2656 84 40 you
2015 2642 99 40 with
2158 2641 133 40 canda
2303 2654 48 26 ur
2382 2639 79 40 and
2497 2637 176 41 without
2704 2637 72 40 the
2811 2636 185 54 slightest

1650 2718 156 27 reserve
1824 2721 12 28 ;
1863 2705 67 40 for
1949 2718 24 25 a
1989 2705 80 40 few
2091 2719 91 26 men
2202 2704 52 41 of
2267 2717 109 40 your
2394 2699 381 47 disinterestedness,
2797 2699 104 51 zeal,
2919 2701 78 41 and

1648 2778 195 40 courage,
1863 2765 40 40 in
1922 2765 120 40 times
2070 2764 85 44 like
2173 2778 112 34 ours,
2306 2763 133 40 would
2456 2763 54 40 be
2532 2773 50 27 an
2608 2760 235 43 invaluable
2858 2763 116 56 acqui-

1646 2829 120 40 sition
1783 2833 44 33 to
1840 2829 70 39 the
1929 2842 119 27 cause
2065 2829 51 40 of
2128 2828 182 41 freedom
2334 2825 79 40 and
2431 2823 234 54 humanity.

1702 2902 78 38 But
1812 2900 91 40 that
1937 2907 94 47 part
2065 2900 52 40 of
2135 2913 105 40 your
2277 2898 191 45 conduct,
2497 2895 131 40 which
2650 2908 174 41 appears
2842 2902 46 35 to
2923 2910 66 28 me

1652 2968 105 33 most
1787 2962 313 53 unintelligible,
2130 2962 78 39 and
2236 2960 103 43 least
2366 2960 172 53 capable
2572 2959 48 40 of
2642 2957 185 47 defence,
2856 2960 33 39 is
2920 2960 71 40 the

1652 3024 236 53 pertinacity
1909 3025 96 39 with
2024 3024 131 40 which
2178 3037 83 40 you
2283 3022 111 40 insist
2412 3034 52 27 on
2483 3020 76 40 the
2580 3019 254 54 expediency
2855 3019 51 45 of
2927 3033 47 30 ne-

1652 3085 203 53 gotiating
1870 3086 97 39 with
1988 3086 70 39 the
2076 3097 161 43 enemy.
2297 3084 98 41 This
2414 3084 35 39 is
2466 3096 25 25 a
2510 3081 158 52 subject
2705 3080 51 41 of
2778 3080 98 41 such
2911 3079 89 44 vast

1654 3150 270 51 importance,
1952 3149 78 39 and
2049 3149 210 39 embraces
2291 3161 47 27 so
2369 3158 119 40 many
2512 3143 78 44 and
2610 3143 97 41 such
2730 3143 268 53 complicated

1654 3215 198 45 interests,
1865 3214 89 39 that
1967 3214 32 39 it
2014 3214 208 52 impresses
2242 3224 25 27 a
2287 3223 113 28 more
2414 3209 100 43 than
2531 3208 191 53 ordinary
2738 3208 260 50 seriousness,

1655 3276 84 38 and
1750 3279 152 37 excites
1923 3289 50 26 an
1993 3273 274 43 accountable
2293 3274 204 39 sensation
2533 3282 45 28 as
2596 3269 115 41 often
2748 3282 46 28 as
2815 3282 58 28 we
2891 3269 106 50 refer

1656 3341 43 34 to
1719 3338 46 39 it.
1821 3340 131 37 Peace
1970 3338 31 39 is
2021 3351 46 26 se
2083 3335 201 41 desirable
2306 3348 22 25 a
2349 3333 172 54 blessing
2541 3350 12 28 ;
2584 3332 78 40 and
2682 3332 40 40 in
2754 3331 71 41 the
2845 3331 91 41 idea
2955 3332 50 41 of

1657 3399 311 40 indeterminate
1985 3399 79 39 and
2086 3397 219 41 unlimited
2323 3396 169 41 warfare
2510 3394 138 40 there
2648 3393 11 50 i
2659 3393 11 50 t
2669 3393 11 50 s
2705 3392 233 57 something
2955 3409 45 26 so

1657 3463 198 53 diocking
1885 3465 79 39 and
1993 3477 103 27 even
2115 3463 222 45 ferocious,
2365 3462 91 39 that
2476 3461 72 40 the
2585 3463 107 37 most
2722 3457 279 57 unprincipled

1658 3527 76 38 and
1756 3526 204 53 unfeeling
1980 3527 148 39 ruffian
2148 3524 135 40 would
2319 3523 120 40 recoil
2460 3527 43 35 at
2523 3522 70 40 the
2613 3522 136 53 image
2781 3521 52 40 of
2856 3534 118 32 never-

1657 3588 159 52 ceasing
1837 3588 213 52 antipathy
2070 3588 181 39 between
2287 3585 145 53 people
2448 3585 83 39 and
2549 3582 159 54 people.
2766 3581 90 43 The
2883 3582 94 54 plun-

1657 3652 71 38 der
1749 3651 50 39 of
1821 3651 112 38 cities
1971 3651 76 37 and
2086 3646 354 56 provinces,—the
2461 3645 92 41 ruin
2591 3645 78 40 and
2687 3644 235 54 separation
2957 3645 48 40 of

1659 3712 309 47 families,--tile
1987 3710 241 40 subversion
2257 3707 51 40 of
2331 3709 182 46 thrones,
2544 3705 78 40 and
2640 3718 53 28 an
2712 3705 203 57 alarming
2935 3718 41 28 re-

1644 3769 1 57 ,
1658 3777 181 41 taxation
1860 3776 47 41 of
1920 3775 335 46 morals,—these
2267 3769 226 45 calamities
2512 3784 116 28 more
2640 3769 265 57 particularly
2924 3770 59 43 dis-

1657 3840 178 53 tinguish
1856 3840 70 39 the
1941 3842 161 48 present
2117 3840 156 35 contest
2285 3847 115 26 more
2420 3834 98 39 than
2538 3847 78 39 any
2637 3834 119 39 other
2774 3833 40 40 in
2835 3831 169 41 modern

1658 3902 129 39 times.
1846 3901 40 39 If

1894 3900 19 48 .
1913 3900 213 48 sacrifices,
2154 3898 221 40 consistent
2392 3894 97 40 with
2510 3893 305 54 independance
2831 3893 80 40 and
2927 3894 76 44 bo•

1658 3977 118 31 nonr,
1804 3964 65 39 for
1889 3964 176 39 without
2086 3961 113 39 them
2228 3958 71 41 life
2329 3954 112 43 itself
2465 3957 32 39 is
2529 3951 74 44 not
2627 3954 132 40 worth
2790 3954 213 53 enjoying,

1656 4025 117 39 c•luld
1796 4024 131 41 aThrd
1956 4036 11 27 c
1967 4036 11 27 -
1977 4036 83 27 -,•!!1:
2095 4035 27 27 a
2157 4016 240 46 reasonable
2428 4017 109 53 hope
2570 4016 50 40 of
2643 4016 215 53 removing
2890 4010 112 46 these

1656 4090 276 56 complicated
1949 4089 116 45 evils,
2088 4088 113 39 there
2223 4087 31 38 is
2268 4097 54 27 no
2340 4095 93 27 man
2452 4082 93 41 who
2559 4081 135 40 would
2714 4085 74 35 not
2810 4080 195 54 willingly

1655 4154 207 43 subscribe
1898 4159 45 37 to
1967 4153 132 41 them.
2154 4153 97 46 But,
2281 4147 119 56 good
2414 4143 90 45 God
2519 4149 11 38 1
2562 4144 77 50 Sit,
2667 4156 74 31 cao
2761 4156 85 41 you
2867 4149 135 39 eutcr-

17 3122 47 117 t

138 3283 28 15 `'
