3247 4417
1054 100 143 54 THE
1231 104 374 53 NATIONAL
1635 107 369 64 REGISTER.

338 243 73 26 uuu
432 233 94 39 Mr,'
543 231 143 35 Robert
716 231 142 48 Knight
873 244 103 38 come
994 241 39 27 to
1046 244 72 35 you
1139 235 241 45 voluntarily,
1404 247 40 22 or
1460 236 37 33 di

211 294 73 34 you
305 282 80 32 send
406 281 52 33 foi
485 280 72 34 him
574 280 13 33 ?
643 281 50 35 A.
720 276 20 37 I
762 291 70 26 was
850 282 35 35 in
924 285 59 31 the
997 282 103 35 habit
1111 281 43 34 of
1182 280 149 46 writing
1348 283 122 33 letters

216 332 74 33 Mr.
309 328 159 44 Knight',
495 326 104 46 401
617 328 89 35 dare
720 339 65 37 say
806 331 43 33 he
866 331 64 33 has
943 331 97 33 them
1062 330 91 43 still,
1178 330 69 35 and
1263 339 66 27 can
1346 331 65 33 tell
1428 327 74 38 whe-

215 378 84 34 ther
322 378 13 33 I
357 384 76 27 sent
448 376 60 35 for
524 377 86 34 him.
755 376 5 37 .

265 425 45 38 Q.
343 419 74 40 Dia
438 420 73 37 vOu
527 430 64 28 not
605 424 89 35 send
703 420 58 41 for
777 424 71 33 him
852 423 19 47 -
870 423 233 47 particularly
1117 415 39 45 to
1170 428 105 31 come
1290 424 70 35 and
1372 420 63 38 tell
1454 423 74 35 him

217 472 111 34 about
347 470 61 34 the
433 461 141 46 bake's
595 471 152 44 letters/
796 471 48 35 A.
870 470 97 37 tdid
984 477 74 28 not.

270 521 44 38 Q.
338 519 74 35 Did
463 528 45 25 ou
526 524 63 28 not
606 520 161 34 mention
784 521 33 33 in
831 528 96 38 your
938 519 107 35 letter
1056 523 37 30 to
1110 519 77 34 him
1204 517 79 37 that
1302 528 72 35 you
1388 515 141 39 wanted

220 574 40 28 to
278 567 139 34 consult
435 556 77 44 him
529 576 98 34 upon
645 567 63 33 the
725 565 138 48 subject
879 556 262 57 orpublishing
1155 567 59 33 the
1230 565 137 41 Duke's
1380 566 123 33 letters
1515 565 12 32 ?

222 614 52 35 A.
295 614 33 33 It
360 625 74 22 was
458 613 94 43 ,only
588 625 24 24 a
643 625 164 25 common
823 620 77 27 sort
930 613 43 34 Of
991 613 120 41 letter,
1128 613 86 33 such
1232 612 15 44 a
1263 612 17 44 5
1294 612 15 44 I
1332 620 72 26 was
1421 613 34 32 in
1470 612 60 33 the

224 661 104 34 haiiit
341 663 40 31 of
412 659 194 47 l'ndinito
606 659 21 47 .
627 659 87 47 many
735 661 224 40 Gentletnen,
976 671 37 22 as
1030 661 80 34 well
1128 671 39 24 as
1181 657 37 39 to
1235 660 71 37 Mr.
1328 659 156 44 Knight.

272 710 45 38 Q.
346 707 92 35 You
452 718 64 35 say
535 718 71 35 you
620 719 64 25 are
704 707 150 39 married
868 711 13 32 ?
895 706 4 47 •
935 707 47 35 A.
1004 706 103 37 tam.

273 754 45 43 Q.
352 757 89 34 You
457 767 91 35 gave
573 752 74 39 out'
657 757 81 33 that
767 767 72 35 you
852 764 81 32 was
947 765 24 24 a
989 756 130 33 widow
1139 756 8 32 !
1201 755 50 34 A.
1269 754 80 34 The
1367 750 111 37 Duke
1494 751 44 34 tif

223 803 115 35 York
358 804 77 33 told
455 813 56 27 me
526 809 38 30 to
578 803 46 35 do
641 815 56 32 so,
716 804 63 35 but
795 806 81 32 that
892 803 30 34 is
941 802 92 34 dim
1052 811 242 37 consequence
1312 808 39 27 at
1367 801 65 34 all.
1461 800 71 33 Mr.

227 852 116 35 Adam
358 861 69 26 can
444 850 67 37 tell
534 849 84 38 who
640 849 17 37 I
677 852 213 48 am—[The
905 850 162 45 question
1084 861 72 22 was
1173 848 187 46 repeated,
1385 847 66 45 ho
1473 847 63 33 the

228 893 143 40 witness
402 900 156 41 ordered
585 906 38 27 to
651 907 141 32 answer
824 900 31 34 it
881 900 48 44 by
959 898 60 34 the
1050 892 234 47 Chairman.]
1339 894 46 34 A.
1407 895 90 32 lam
1514 904 22 22 a

227 946 156 33 married
402 957 154 22 woman.

276 997 44 37 Q.
350 994 99 35 How
480 994 80 44 long
574 996 12 32 ?
632 994 50 34 A.
711 993 19 35 I
749 994 91 34 refer
857 1004 74 35 you
966 991 35 37 to
1028 993 73 34 Mr.
1122 991 133 43 Adam,
1278 989 85 35 who
1385 987 61 34 has
1476 998 59 33 my

230 1042 181 41 marriage
425 1042 214 35 certificate.

279 1088 44 40 V.
356 1089 61 35 Ho
426 1100 30 24 w
477 1089 80 46 lung
569 1090 94 39 have
681 1101 72 34 yott
767 1089 90 35 been
874 1085 155 38 married
1042 1088 13 37 ?
1084 1088 48 38 A.
1165 1085 182 37 Fourteen
1358 1094 43 25 or
1416 1082 124 35 fifteen

235 1147 120 37 years.

283 1187 44 37 Q.
358 1183 37 37 Is
413 1194 96 35 your
526 1185 161 37 husband
702 1186 113 44 living
828 1185 13 34 ?
898 1183 47 35 A.
974 1182 20 34 I
1011 1180 100 37 don't
1129 1183 125 31 know.

283 1233 44 39 Q.
356 1233 111 34 Have
488 1245 67 32 you
573 1239 63 28 not
661 1244 118 22 sworn
800 1231 163 35 yourself
974 1237 35 27 to
1025 1233 43 31 be
1083 1239 67 24 a%%
1161 1228 99 33 Wow
1278 1227 12 33 ?
1344 1226 48 33 A.
1421 1225 76 40 No,
1522 1224 19 35 I

235 1280 94 33 have
347 1289 77 34 not,
446 1283 60 32 hut
524 1281 58 33 the
604 1280 111 35 Duke
732 1280 41 33 of
788 1271 112 44 York
920 1278 158 34 believes
1095 1274 77 35 that
1194 1274 20 37 I
1227 1274 61 33 did
1303 1285 12 28 ;
1332 1272 67 34 and
1422 1273 41 32 he
1481 1273 64 32 has

237 1330 209 33 threatened
468 1336 37 27 to
526 1330 91 33 have
635 1338 56 24 me
709 1328 176 45 punished
904 1326 57 33 for
977 1325 41 33 it.
1049 1323 118 34 When
1183 1322 17 34 I
1221 1328 74 30 sent
1309 1330 38 25 to
1363 1318 76 35 him
1454 1318 91 34 fora

237 1376 71 35 few
330 1376 180 33 hundreds
519 1376 51 33 'he
585 1376 84 34 send
690 1385 54 24 me
763 1374 56 34 for
834 1383 158 31 answer,
1004 1372 79 32 that
1101 1370 44 32 he
1157 1369 128 33 should
1305 1370 91 32 have
1410 1376 56 25 me
1480 1370 65 40 put

240 1423 37 33 in
295 1423 61 33 the
373 1423 138 44 pillory
524 1434 41 22 or
583 1423 65 34 the
671 1422 154 39 Bastite,
850 1421 61 33 for
943 1420 130 44 falsely
1093 1416 177 43 swearing
1287 1415 80 33 that
1396 1415 22 33 h
1435 1423 72 24 was
1524 1423 24 22 a

241 1481 31 22 w
283 1470 109 40 idow,
410 1469 105 37 when
536 1472 19 33 1'
569 1480 93 34 gave
676 1470 170 34 evidence
857 1479 46 24 on
914 1479 22 22 a
953 1463 302 37 Court-Martial.
1307 1461 72 35 But
1396 1461 61 34 the
1473 1459 74 34 fact

242 1527 90 31 was,
354 1518 80 34 that
458 1519 14 33 I
493 1519 117 37 stated
630 1524 39 28 to
689 1518 63 34 the
770 1515 151 46 Deputy
939 1513 120 41 Judge
1078 1512 203 35 Advocate,
1302 1511 84 32 who
1403 1507 144 34 shewed

244 1576 54 22 me
312 1571 148 38 greater
478 1565 167 40 kindness
664 1564 34 34 in
725 1564 125 44 taking
878 1573 58 32 my
953 1560 185 38 evidence,
1156 1559 86 32 than
1258 1558 60 32 the
1338 1557 210 34 Gentleman

241 1612 84 34 who
346 1613 26 33 is
387 1624 81 22 now
485 1612 209 44 examining
712 1620 57 24 me
782 1611 28 33 is
823 1609 170 50 disposed
1010 1613 38 28 to
1061 1609 47 31 do
1111 1630 12 15 ,
1237 1604 19 37 I
1272 1604 136 33 wished
1421 1602 133 45 myself

243 1667 38 27 to
299 1662 44 31 he
360 1659 189 37 described
563 1670 40 24 as
620 1670 22 24 a
664 1659 149 37 widow,
840 1669 40 22 as
917 1658 14 34 1
967 1656 60 33 did
1055 1661 60 27 not
1135 1652 92 33 wish
1241 1658 41 26 to
1313 1650 61 33 tell
1397 1650 18 33 I
1437 1659 73 24 was
1530 1659 19 22 o

241 1707 154 34 married
417 1715 154 28 woman.
596 1707 72 35 and
692 1706 69 37 the
783 1706 111 34 Duke
919 1702 43 35 of
989 1701 123 40 York,
1136 1698 111 35 under
1266 1696 120 34 whose
1406 1702 124 39 protec-

243 1755 77 35 tion
347 1756 11 32 1
380 1754 86 33 then
488 1754 112 39 lived,
622 1762 72 25 was
713 1754 76 33 also
806 1763 24 24 a
847 1750 156 38 married
1023 1759 93 22 man.
1173 1746 17 34 I
1209 1744 202 37 mentioned
1427 1743 71 33 this
1515 1748 39 26 to

244 1801 64 35 the
322 1801 152 45 Deputy
489 1800 120 45 Judge
630 1801 202 33 Advocate,
846 1805 38 28 at
896 1807 24 25 a
931 1799 126 33 dinner
1075 1793 116 41 table,
1211 1793 72 33 and
1302 1791 45 34 he
1362 1791 145 34 entered
1528 1789 22 33 it

246 1851 35 33 in
301 1848 53 33 his
372 1853 118 33 notes,
509 1851 60 31 but
586 1848 144 34 I'never
742 1851 117 30 swore
876 1852 39 26 to
935 1846 40 33 it.

295 1897 46 38 Q.
371 1896 100 34 Who
491 1896 154 41 brought
665 1896 81 35 that
763 1896 64 32 last
844 1903 159 32 message
1020 1891 98 33 from
1143 1887 64 34 the
1227 1885 113 37 Duke
1356 1885 44 33 of
1413 1884 115 35 York
1543 1884 12 33 ?

247 1943 50 35 A.
326 1943 30 33 A
376 1943 202 44 particular
595 1943 119 33 friend
733 1942 43 34 of
788 1939 193 37 the-Duke
998 1937 43 34 of
1057 1937 126 34 York.

296 1990 45 39 Q.
373 1989 115 34 What
506 1990 27 33 is
552 1989 56 33 his
619 1998 105 24 name
736 1989 12 33 ?
800 1989 47 33 A.
879 1989 83 33 One
972 1984 135 45 Taylor
1107 1984 24 45 )
1148 1983 85 32 who
1248 1982 30 33 is
1302 1990 22 25 a
1341 1978 220 37 shoemaker

250 2040 34 33 in
304 2035 300 41 Bond-street---(
612 2037 33 32 A
667 2035 149 44 laugh).

267 2072 4 57 •
299 2085 43 40 Q.
374 2085 65 44 By.
452 2082 118 35 whom
589 2082 63 34 did
670 2093 74 34 you
756 2080 83 37 send
857 2091 93 35 your
969 2087 157 37 message
1139 2076 58 35 for
1219 2087 24 22 a
1260 2075 71 34 few
1354 2073 177 34 hundreds
1546 2072 11 33 ?

257 2132 26 35 A
296 2157 8 8 .
337 2131 54 46 By
412 2141 60 34 my
488 2141 81 34 pen.
1041 2131 5 46 •

302 2179 43 40 Q.
377 2179 57 44 By
456 2178 118 35 whom
591 2178 61 33 did
669 2186 72 38 you
754 2177 79 34 send
846 2185 97 35 yoar
957 2176 109 33 letter
1077 2173 13 33 ?
1142 2172 50 33 A.
1222 2170 59 44 By
1297 2171 58 31 the
1369 2166 171 35 Ambassa-

255 2228 65 34 dor
337 2228 45 44 of
396 2226 176 33 Morocco.

304 2275 78 34 The
411 2272 125 37 House
565 2271 215 45 frequently
798 2269 157 46 laughed
984 2272 40 30 at
1054 2267 63 39 the
1141 2274 161 28 answers
1318 2263 105 45 given
1440 2263 47 43 by
1507 2261 61 34 the

259 2323 143 32 witness
420 2327 40 27 to
478 2321 137 33 several
635 2319 181 44 questions
835 2322 65 39 put
919 2321 38 28 to
976 2316 78 33 her.

306 2369 78 33 The
399 2368 197 34 Chairman
611 2366 188 33 addressed
817 2365 65 34 her
899 2365 69 35 and
984 2362 96 40 said,
1096 2359 167 39 that.her
1289 2367 157 24 answers
1473 2365 97 22 were

257 2415 209 45 frequently
487 2413 236 43 unbecoming
739 2413 58 33 the
815 2411 143 44 dignity
979 2408 44 35 of
1049 2409 83 33 that
1157 2406 209 43 Assembly,
1395 2404 66 33 and
1491 2404 78 32 that

261 2464 35 37 if
304 2463 139 34 shedid
462 2467 60 28 not
539 2459 190 37 answerin
742 2459 152 33 another
906 2465 161 33 mariner,
1083 2456 45 33 he
1140 2452 129 34 should
1284 2452 70 33 feel
1370 2450 28 34 it
1417 2450 53 33 his
1481 2448 61 34 dut

261 2517 40 28 to
319 2522 78 34 pass
415 2519 129 34 a•very
568 2510 125 32 severe
710 2516 144 26 censure
870 2509 100 41 upon
989 2504 76 34 her.
1117 2502 73 34 She
1215 2509 76 26 was
1316 2498 84 34 then
1423 2497 148 33 ordered

260 2563 39 32 to
320 2558 207 34 withdraw.

313 2606 70 34 Mr.
406 2606 119 33 Adam
539 2602 135 41 stated,
689 2602 39 33 in
745 2601 63 34 her
821 2601 170 38 absence,
1004 2596 81 35 that
1103 2596 28 33 it
1153 2603 77 25 was
1247 2593 54 34 his
1322 2590 91 35 wish
1431 2589 79 34 that
1530 2600 45 22 no

266 2654 184 45 questions
472 2644 137 41 should
622 2649 53 34 be
705 2654 64 40 put
797 2653 37 28 to
854 2648 66 33 her
939 2644 120 35 Which
1078 2643 113 44 might
1209 2641 201 33 embarrass
1428 2639 63 33 her
1512 2646 43 24 an-

267 2709 124 31 ewers,

314 2748 79 34 The
428 2746 145 34 witness
598 2753 78 31 wal
702 2744 106 46 again
827 2739 202 39 'etamined
1059 2738 52 51 by
1142 2737 63 35 the
1230 2731 324 40 ATTORNEY-GE-

272 2804 169 35 pERAII“

319 2844 45 39 Q.
394 2842 76 34 Did
489 2850 70 35 you
573 2844 63 31 not
652 2844 66 39 say
738 2843 38 30 to
793 2837 74 34 Mr.
880 2835 120 35 Adam
1015 2832 81 38 that
1115 2832 73 45 yoti
1208 2839 74 25 was
1297 2825 181 37 married?
1530 2824 52 34 A.

274 2891 20 40 I
313 2890 77 35 said
406 2901 56 31 so,
480 2889 65 33 but
559 2889 89 44 only
661 2884 151 45 laughed
826 2889 43 28 at
875 2883 13 33 -
888 2883 40 33 it.
1010 2894 7 7 •

321 2939 45 40 Q.
397 2936 79 35 Did
495 2941 76 39 )1)0
570 2941 19 39 .
589 2941 57 39 not
672 2937 188 43 persevere
879 2930 38 34 in
934 2929 28 35 It
977 2927 14 37 ?
1043 2927 21 37 I
1083 2927 80 34 told
1182 2924 73 35 hiin
1272 2920 215 38 afterwards
1504 2919 80 35 that

275 2987 21 35 I
315 2987 86 45 only
419 2981 203 38 mentioned
644 2981 122 37 Want
774 2976 115 48 joke.

322 3034 46 39 Q.
402 3032 76 35 Did
493 3038 71 39 you
582 3030 103 41 learn
703 3027 80 34 that
801 3026 70 33 Mr.
891 3024 116 35 Adam
1026 3022 78 34 had
1106 3019 106 40 'acted
1230 3027 97 37 upon
1343 3027 24 24 a
1381 3013 117 35 belief
1508 3013 80 33 that

275 3092 73 35 you
369 3090 99 24 were
488 3078 200 34 trim:vied
715 3077 157 37 wiiutan,
887 3072 94 34 from
997 3071 60 33 the
1075 3067 174 46 inquiries
1269 3066 45 33 he
1333 3065 70 32 had
1426 3064 89 32 been
1534 3060 35 33 in-

278 3128 111 35 duced
407 3133 40 27 to
464 3126 135 34 atitt!
735 3120 221 39 Ntr6.Adam,
979 3128 66 24 nor
1059 3116 71 45 any
1149 3115 105 33 other
1273 3122 143 34 person,
1433 3118 65 25 can
1522 3116 65 34 say

278 3176 80 34 that
379 3176 17 34 I
415 3174 107 47 acted
541 3170 221 45 iucbrrettly
780 3168 126 34 whilst
926 3165 19 35 I
976 3176 72 25 was
1069 3162 118 37 under
1205 3159 69 37 the
1285 3157 142 37 Duke's
1444 3161 124 40 protec-

279 3226 92 35 tion.
607 3211 5 50 .
1096 3211 8 18 '
1212 3211 4 50 •
1307 3211 4 50 -

327 3272 44 39 Q.
402 3269 87 35 Did'
503 3274 70 28 volt
601 3270 66 31 not
681 3285 6 6 •
696 3261 204 47 represent'
913 3261 92 43 sour
1030 3254 161 39 husband
1204 3259 51 30 'as
1274 3253 66 44 the
1372 3250 156 48 nephew
1553 3248 44 34 of

279 3306 392 54 Aldermantlarkeo?
709 3313 20 34 -
729 3313 43 34 A.
803 3312 66 33 Ile'
878 3307 77 35 teld
966 3309 61 32 'me
1042 3307 45 32 he
1101 3300 76 39 was
1193 3313 54 24 so.
1344 3300 4 60 •

331 3359 236 50 Q."Did'you
567 3359 24 50 -
591 3359 378 50 evresee•Aiderman
984 3353 135 38 Clarke
1133 3352 27 34 ?•
1199 3351 48 34 A.
1276 3347 78 44 No,
1378 3347 64 33 but
1457 3343 28 45 II
1504 3352 90 26 -saw

283 3423 99 28 some
398 3412 45 34 of
467 3411 54 34 his
539 3409 221 37 relations...
826 3409 5 43 •
1186 3412 18 6 ••
1409 3409 6 6 •

332 3463 47 39 Q.
413 3461 60 34 Do
491 3469 72 35 you
578 3468 81 22 now
680 3456 139 34 believe
831 3454 81 34 that
931 3459 92 35 your
1035 3444 161 39 husband
1217 3437 13 67 i
1243 3437 13 67 3
1269 3437 12 67 a
1291 3443 151 43 nephew
1459 3437 44 35 of
1517 3437 79 33 that

286 3507 240 39 Gentleman?
580 3504 50 37 A.
651 3504 17 34 I
702 3511 106 34 never
822 3498 176 46 enquired
1024 3497 100 33 since
1126 3495 15 33 -
1141 3495 17 33 1
1182 3491 143 46 quitted
1354 3489 87 33 him.
1492 3484 60 34 He
1570 3484 28 33 is

286 3556 156 45 tiothing
461 3562 117 31 tutor,
604 3561 69 26 nor
693 3552 74 35 Ito
785 3549 105 38 hiM..
930 3547 18 33 I
967 3546 92 34 have
1089 3540 63 37 not
1173 3541 87 44 'seen
1294 3536 73 44 him
1387 3533 4 69 .
1402 3534 59 34 for
1491 3533 104 34 three

289 3613 120 38 years,
439 3602 103 37 when
561 3600 44 34 he
624 3598 213 46 broughtan
852 3593 124 40 action
989 3587 142 51 against
1147 3586 64 35 the
1227 3585 83 35 Duke
1310 3585 20 35 .
1330 3585 21 35 .

335 3660 46 40 Q.
415 3658 113 34 What
544 3657 162 35 business
723 3654 28 33 is
765 3663 92 35 your
876 3648 157 37 husband
1049 3648 13 33 ?
1085 3640 4 60 •
1114 3646 51 34 A.
1183 3640 177 45 Nothing.

339 3709 47 39 Q.
404 3706 39 35 Is
458 3705 44 37 he
519 3711 59 28 not
595 3715 22 24 a
634 3709 243 28 stone-masoa
891 3698 13 34 ?
957 3698 50 33 A.
1028 3696 77 37 No.

339 3755 48 41 Q.
410 3752 78 37 Did
507 3763 69 33 )0u
594 3761 90 27 ever
702 3750 72 39 13ve
791 3749 34 40 in
839 3743 332 45 Tatviguck-place
1187 3738 14 35 ?
1222 3733 4 63 •
1253 3736 48 47 A.
1320 3733 94 37 Yes.
1415 3749 17 22 ;

341 3806 44 37 Q.
411 3802 40 32 W
461 3802 67 33 hen
539 3802 19 38 ?.
605 3800 51 35 A.
680 3797 24 35 1.
716 3796 56 45 40.
780 3801 59 28 not
859 3795 123 39 !uite.

340 3853 48 39 Q.
409 3848 78 35 Did
507 3859 71 34 you
596 3855 87 27 ever
702 3844 72 35 live
791 3836 64 44 in.
855 3836 217 44 Park-lane?
1126 3835 47 33 A.
1196 3831 92 37 Yes.
1446 3857 7 13 ,
1478 3831 2 61 •

294 3870 4 71 •
343 3901 45 38 Q.
410 3896 76 35 Did
500 3906 71 35 you
587 3895 78 32 live
681 3904 69 32 any
774 3892 122 32 where
921 3887 73 34 else
1016 3886 165 40 betweeo
1207 3880 102 34 these
1336 3881 76 37 two
1440 3870 138 45 frie.ntls
1591 3870 12 32 ?

298 3947 46 38 A.
371 3946 85 34 Ido
471 3948 60 30 not
549 3941 188 37 recollect.
787 3938 79 37 The
883 3934 112 44 Ppke
1013 3928 230 50 mighthavp
1256 3926 112 41 taken
1377 3933 58 26 me
1454 3926 38 28 to
1509 3928 98 25 some

296 3994 107 43 ether
420 3992 139 33 houses.
656 3994 25 43 .
680 3994 50 43 4t
730 3994 102 43 .tat

345 4043 46 40 Q.
415 4039 116 37 When
539 4037 65 38 did
624 4046 77 37 you
724 4033 77 37 first
819 4032 113 35 know
950 4028 65 43 the
1029 4024 139 46 Duke)
1219 4017 46 47 A.
1265 4017 24 47 ,
1289 4017 165 47 llpNcto
1476 4016 45 34 be
1537 4023 46 28 ex-

300 4089 123 40 cnsed.
503 4109 19 26 4
735 4097 48 24 -4;
1127 4093 56 22 -s,
1309 4088 5 47 '
1345 4095 11 13 •
1398 4090 19 11 •-

345 4135 177 39 Queation
539 4130 79 39 wit
627 4124 184 52 repeated.
866 4119 20 56 A
886 4119 20 56 t
906 4119 144 56 ldontt_
1050 4119 20 56 i
1070 4119 209 56 recollect.

346 4183 46 44 Q.
417 4182 96 47 Why
531 4182 66 37 did.
607 4188 77 40 you
704 4179 86 37 wish
807 4181 37 32 so
861 4174 48 37 be
924 4162 180 46 excused?
1129 4166 76 40 .A.
1226 4163 100 45 That
1348 4168 80 35 sgak
1444 4167 60 35 ply
1524 4154 102 47 a,el.,

520 4247 1 14 •
578 4247 12 14 •.•

521 4263 5 20 •
583 4263 18 20 S

743 4260 4 15 •
780 4260 26 15 ,slo

2812 98 21 46 S
2855 98 21 46 9

1584 257 138 26 reason.
1775 250 85 33 Ido
1879 255 61 28 not
1954 249 104 33 think
2083 250 30 32 it
2135 260 22 22 a
2176 248 71 34 fair
2263 247 185 45 question,
2473 246 69 31 and
2572 243 15 32 I
2620 253 58 21 ant
2698 250 25 22 a
2743 236 157 35 married

1589 298 243 37 woman,-and
1850 298 91 32 have
1954 296 169 43 a-family
2140 296 43 32 of
2202 294 169 35 children
2389 299 37 26 to
2448 292 104 41 bring
2572 300 61 31 up.

1632 344 44 38 Q.
1700 345 57 32 Do
1772 353 71 32 you
1861 353 102 24 mean
1980 351 32 25 to
2033 353 81 33 say,
2140 343 79 34 that
2237 350 72 26 you
2337 350 72 22 was
2428 339 112 32 under
2559 337 61 32 the
2647 331 144 45 Duke's
2810 340 64 32 pro-

1586 389 132 35 tection
1749 389 104 35 when
1872 399 70 38 yojt
1964 391 94 33 lived
2092 391 37 32 in
2151 385 348 45 Tavlstoasarttee•?
2499 385 21 45 ,
2563 378 48 38 A.
2631 376 145 40 cli'ved
2798 380 104 31 there

1586 437 197 33 sometimes
1804 438 91 40 with
1911 449 54 34 my
1985 437 157 33 mother.

1633 482 43 40 Q.
1698 482 71 34 Did
1789 494 72 34 you
1879 490 61 27 not
1957 489 183 39 represent
2157 480 164 46 yourself
2331 481 34 32 in
2383 477 79 34 that
2480 471 305 48 neighbourhood
2810 477 35 27 to
2859 471 46 32 be

1587 539 24 24 a
1630 530 128 33 widow
1770 530 13 31 ?
1838 530 48 34 A.
1916 530 72 39 No,
2013 539 110 25 never
2138 529 65 33 but
2226 534 38 27 at
2282 528 65 33 the
2363 522 291 41 court-martial,
2682 521 70 33 and
2776 515 84 37 then
2887 517 20 34 1.

1590 575 61 34 did
1669 576 28 33 it
1715 576 89 34 with
1824 578 63 34 the
1911 578 90 33 view
2020 576 45 33 of
2083 576 125 44 saving
2226 586 58 31 my
2306 583 84 24 own
2418 572 228 44 reputation,
2673 568 83 32 that
2780 563 43 35 of
2844 574 61 34 my

1589 620 144 47 family,
1757 624 70 34 and
1840 621 44 34 of
1903 624 60 34 the
1982 624 110 34 Duke
2109 622 43 34 of
2173 622 125 34 York.

1639 671 44 39 Q.
1706 670 89 35 You
1824 679 107 25 never
1950 669 223 46 reptesented
2191 673 35 28 to
2246 667 201 38 tradesmen
2476 665 84 33 that
2594 672 74 34 you
2686 659 91 33 'waS•
2798 658 25 33 h
2842 670 25 21 w
2878 658 63 33 i.•

1592 726 79 24 now
1688 717 12 33 ?
1752 717 47 38 A.
1825 717 72 41 No,
1923 728 119 24 never.

1641 763 45 40 Q.
1704 763 72 34 Did
1796 774 71 34 you
1884 769 61 27 not
1954 769 90 28 state
2062 770 38 26 to
2119 763 70 33 Mr.
2204 761 145 44 Knight
2366 761 83 32 that
2467 767 72 35 you
2557 754 169 35 intended
2745 759 38 27 to
2805 752 107 32 write

1594 821 24 22 a
1630 813 149 39 memoir
1796 810 43 33 of
1863 820 91 34 your
1970 810 64 34 life
2063 810 59 34 for
2143 811 59 31 the
2219 810 66 31 last
2303 806 165 35 fourteen
2485 814 44 21 or
2548 803 123 33 fifteen
2691 810 124 35 years,
2839 797 70 34 and

1597 857 79 33 that
1706 868 70 33 you
1798 859 71 34 had
1890 861 65 40 put
1972 857 27 33 it
2019 857 76 34 into
2113 856 59 33 the
2203 854 110 34 hands
2331 853 44 33 of
2396 854 100 32 those
2519 849 83 33 who
2624 848 119 33 would
2765 848 146 43 publish

1599 905 51 34 it?
1701 906 46 34 A.
1770 905 17 34 I
1809 902 98 35 don't
1928 905 169 33 recollect
2117 904 94 34 what
2239 904 14 32 1
2291 900 78 34 baid
2383 912 12 28 ;
2422 900 65 33 but
2518 896 97 34 rekr
2648 902 35 26 to
2706 895 60 32 the
2783 895 129 41 letter,

1597 952 70 33 and
1681 952 77 34 that
1772 952 78 33 will
1869 952 94 33 shew
1985 952 40 33 it.

1646 998 43 39 Q.
1726 998 87 35 You
1841 998 197 33 mentioned
2070 997 27 33 it
2118 1004 37 27 to
2172 996 139 34 several
2347 991 106 34 other
2481 998 164 38 persons,
2672 985 143 37 besides
2835 987 71 32 Mr.

1603 1043 148 35 Wardle
1765 1044 71 37 and
1860 1046 69 33 Mr.
1949 1043 152 46 Knight.
2160 1044 93 32 Who
2276 1051 65 25 are
2355 1043 86 40 they
2457 1041 12 30 ?
2523 1039 50 32 A.
2608 1036 141 34 Indeed
2771 1035 18 33 I
2815 1032 103 34 don't

1602 1093 185 35 recollect.

1650 1139 43 39 Q.
1726 1140 84 34 Was
1838 1149 70 34 any
1939 1148 128 34 pers•in
2099 1142 139 39 present
2261 1136 105 31 when
2394 1143 71 34 you
2484 1128 207 37 mentioned
2711 1128 30 33 it
2765 1134 39 27 to
2841 1128 74 35 Mr.

1610 1187 170 33 Wardle?
1834 1187 47 33 A.
1905 1186 15 34 l
1938 1191 128 28 cannot
2083 1185 197 33 undertake
2300 1189 37 26 to
2357 1192 78 34 say.
2492 1179 15 34 I
2529 1179 146 33 believe
2691 1176 104 32 there
2815 1183 104 26 wasa

1609 1233 112 45 Lady,
1747 1235 64 31 but
1828 1233 99 33 there
1945 1243 71 22 was
2036 1244 44 20 no
2101 1243 90 22 men.

1652 1281 43 37 Q.
1726 1280 74 35 Did
1820 1290 73 34 you
1905 1286 59 28 not
1975 1279 156 32 mention
2145 1280 24 31 it
2189 1284 35 27 to
2241 1285 98 26 some
2352 1274 104 35 other
2470 1283 83 27 man
2571 1271 125 33 beside
2717 1270 74 33 Mr.
2813 1270 109 33 War.

1605 1326 56 34 die
1675 1329 12 33 ?
1740 1329 48 32 A.
1808 1325 18 37 I
1845 1326 98 34 don't
1962 1325 181 34 recollect.

1654 1375 44 39 Q.
1728 1374 59 34 Do
1806 1384 74 34 yon
1907 1374 104 33 know
2037 1371 123 46 Major
2180 1370 128 43 Hogan
2323 1369 12 33 ?
2396 1369 43 33 A.
2469 1368 78 39 No,
2575 1365 18 34 I
2619 1374 110 25 never
2754 1363 79 35 saw
2859 1363 53 41 the
2913 1363 19 41 .

1607 1433 100 28 man;
1736 1423 65 31 but
1821 1422 71 32 Mr.
1916 1420 224 34 Greenwood
2157 1427 71 25 sent
2246 1428 53 21 me
2317 1428 21 20 a
2359 1424 174 32 message,
2548 1423 58 32 say
2619 1414 59 40 ing
2694 1413 78 32 that
2791 1411 44 31 he
2850 1413 60 32 was
2910 1413 20 32 .

1607 1478 98 35 sorry
1729 1468 15 33 I
1760 1468 107 33 knew
1883 1478 22 22 a
1920 1476 77 24 man
2014 1466 44 34 of
2070 1467 60 32 the
2144 1474 102 24 name
2259 1463 43 32 of
2352 1463 156 44 innerty,
2530 1460 119 34 whom
2667 1457 18 34 I
2708 1459 69 33 had
2790 1459 136 33 known

1609 1520 38 28 at
1667 1515 169 44 Margate
1852 1515 110 32 about
1978 1514 80 32 nine
2080 1521 102 35 years
2198 1522 86 32 ago.

1657 1564 41 38 Q.
1729 1560 98 35 How
1847 1563 83 41 long
1944 1560 93 34 since
2054 1570 73 33 any
2156 1557 254 34 conversation
2428 1554 90 34 took
2538 1552 106 46 place
2661 1553 168 33 between
2841 1551 98 40 wit..

1612 1619 70 24 ness
1702 1609 69 34 and
1800 1609 152 34 Colonel
1988 1606 155 34 Waddle
2160 1617 94 33 upon
2276 1604 61 33 the
2352 1602 139 45 subject
2518 1600 43 33 of
2584 1603 60 31 the
2663 1599 164 44 inquiry.
2880 1598 46 38 A.

1659 1702 47 41 Q.
1733 1703 80 33 Has
1831 1701 61 35 the
1905 1700 252 37 conversation
2176 1697 91 35 with
2287 1695 152 34 C..lonel
2473 1694 149 34 Wardle
2637 1704 98 32 upon
2752 1693 73 34 this
2844 1691 64 34 sub-

1607 1749 78 44 ject
1713 1750 112 33 taken
1856 1750 104 43 place
1976 1748 98 35 since
2095 1747 138 43 Friday
2270 1748 63 31 last
2352 1746 12 30 ?
2420 1744 44 32 A.
2492 1742 79 32 The
2591 1741 255 33 conversation
2867 1741 71 31 be..

1616 1806 115 26 tween
1743 1799 151 34 Colonel
1912 1794 145 34 Wardle
2074 1793 69 34 and
2161 1805 53 21 me
2233 1802 97 33 upon
2357 1791 72 33 this
2445 1787 158 46 s•abject,
2629 1788 90 32 took
2743 1787 104 45 place
2867 1787 64 33 be.

1617 1844 76 34 fore
1714 1844 156 44 Friday.

1665 1892 46 38 Q.
1742 1891 74 33 Did
1839 1890 154 34 Witness
2007 1898 58 25 see
2086 1885 150 38 Colonel
2259 1885 154 33 Wardle
2430 1884 96 33 since
2545 1880 182 45 Saturday
2747 1880 92 34 last?
2881 1878 51 37 A.

1623 1937 18 34 I
1656 1949 76 24 saw
1752 1937 152 34 Colonel
1930 1936 146 34 Wardle
2092 1937 38 32 at
2143 1935 59 33 the
2220 1935 128 41 Opera
2365 1932 93 32 since
2474 1929 196 38 Saturday.

1667 1985 44 41 Q.
1733 1983 118 37 When
1867 1983 61 33 did
1959 1983 161 32 Witness
2151 1982 72 33 first
2246 1981 128 37 know,
2401 1978 77 32 that
2497 1964 154 45 Colonel
2672 1975 152 33 Wardle
2841 1983 74 24 men-

1622 2031 120 34 tioned
1760 2031 60 33 the
1838 2030 156 34 business
2008 2029 76 33 first
2104 2028 34 34 in
2153 2028 59 33 the
2232 2028 125 32 House
2378 2023 41 34 of
2443 2026 189 34 Commons
2646 2022 12 31 ?
2714 2022 48 34 A.
2785 2021 116 33 When

1624 2079 74 33 first
1727 2088 72 24 saw
1830 2076 63 34 the
1922 2076 260 44 Newspapers,
2206 2074 67 33 and
2307 2074 104 33 when
2443 2072 18 34 I
2480 2080 71 21 saw
2583 2068 74 33 him
2685 2067 113 41 after,
2829 2067 18 33 I
2874 2078 69 24 ex.

1628 2126 123 45 pre.ed
1770 2122 137 46 myself
1920 2133 110 33 angry
2054 2122 89 33 with
2161 2121 87 33 him.

1672 2173 46 38 Q.
1747 2172 78 33 alas
1847 2172 141 32 witness
1998 2169 71 34 had
2083 2178 70 33 any
2172 2165 252 35 conversation
2445 2161 91 34 with
2557 2160 152 35 Colonel
2733 2160 152 34 Wardle
2897 2171 47 24 on

1628 2219 69 34 this
1723 2217 142 46 subject
1884 2217 126 33 within
2029 2217 100 33 these
2161 2216 66 33 last
2246 2215 103 33 three
2366 2211 113 45 days?
2533 2211 47 32 A.
2611 2210 19 33 1
2652 2209 70 32 had
2741 2219 21 22 a
2791 2207 157 35 conver.

1628 2268 117 32 cation
1765 2263 89 37 with
1876 2263 149 35 Colonel
2049 2263 148 32 Wardle
2225 2263 97 32 .bout
2341 2270 59 25 my
2420 2257 214 33 attendance
2654 2256 102 37 here,
2780 2255 102 33 when
2898 2256 46 33 he

1630 2313 91 41 said,
1747 2313 83 34 that
1850 2311 32 33 if
1902 2313 13 34 I
1939 2311 59 33 did
2017 2315 66 28 nut
2105 2309 138 40 attend,
2271 2315 60 25 Lite
2352 2296 124 43 House
2497 2302 124 35 would
2639 2302 150 33 commit
2807 2313 71 30 me,
2902 2309 48 34 as,

1631 2353 315 53 atey.committed
1961 2367 98 25 some
2078 2354 149 35 Sheriff's
2245 2354 141 32 before.

1681 2405 247 44 Interrogated
1946 2406 47 41 by
2026 2401 97 35 Lord
2144 2395 389 40 LITTLETON.—Did
2558 2395 170 39 Witness,
2756 2394 34 34 in
2822 2394 99 34 spew-

1636 2454 56 43 ing
1707 2452 61 34 the
1789 2459 86 26 note
1891 2457 37 28 to
1946 2451 59 34 the
2026 2448 112 37 Duke
2158 2447 44 34 of
2230 2446 131 43 York,
2389 2445 157 33 mention
2565 2448 38 28 to
2624 2444 72 32 him
2717 2443 91 34 from
2825 2441 112 53 whotsi
2937 2441 19 53 l

1633 2500 60 34 she
1713 2499 168 35 received
1898 2498 53 33 it?
2002 2497 48 33 A.
2068 2494 201 44 Certainly.

1681 2550 46 37 Q.
1757 2546 76 34 Did
1856 2545 139 34 witness
2011 2543 96 34 have
2133 2552 71 34 any
2230 2537 253 38 conversation
2513 2537 207 44 respecting
2756 2532 201 47 Finnerty,*

1637 2595 195 43 excepting
1866 2591 90 35 with
1984 2589 142 46 Taylor
2141 2589 12 34 ?
2206 2589 47 35 A.
2285 2589 17 32 I
2342 2597 71 22 was
2443 2585 106 43 given
2580 2590 37 26 to
2652 2583 217 33 understand
2900 2584 48 44 by

1641 2641 151 46 Taylor,
1819 2637 80 37 that
1916 2639 44 34 he
1978 2648 74 24 was
2070 2647 67 22 one
2154 2635 41 33 of
2209 2636 61 33 the
2301 2634 190 44 pamphlet
2524 2631 163 37 writers;
2717 2628 78 34 but'
2811 2629 67 33 had
2906 2640 46 24 ne

1641 2687 215 45 knowledge
1867 2685 197 35 otherwise
2076 2682 44 35 of
2133 2683 172 43 }latterly
2320 2693 12 28 ;
2359 2688 106 25 never
2485 2679 150 41 hadany
2648 2674 308 43 coMmuuicatiott

1581 2734 1 35 •
1646 2734 85 35 with
1753 2735 90 32 him.

1693 2779 247 45 Interrogated
1967 2779 48 44 by
2046 2777 60 34 Sir
2134 2777 45 34 A.
2213 2772 281 39 PIGOTT.—Q.
2524 2770 74 35 Did
2626 2770 144 34 witness
2794 2779 58 25 see
2880 2770 78 39 Mr.

1648 2828 183 45 Biddulph
1850 2829 71 33 and
1939 2826 71 34 Mr.
2033 2825 48 33 It.
2105 2824 137 41 Knight
2255 2823 12 32 ?
2324 2823 46 32 A.
2396 2820 26 35 1
2437 2830 52 24 es.

1690 2876 41 37 Q.
1765 2874 73 35 Did
1856 2876 73 32 Mr.
1946 2874 46 34 It.
2013 2870 142 43 Knight
2169 2870 71 34 call
2254 2880 46 22 on
2315 2869 142 32 witness
2471 2864 97 35 after
2580 2865 61 33 she
2656 2863 165 34 received
2835 2863 119 37 20011

1654 2923 43 33 A.
1717 2922 91 34 Yes.

1693 2970 44 37 Q.
1768 2967 73 35 Did
1863 2967 168 40 Witness,
2057 2965 35 34 in
2124 2974 71 33 any
2220 2961 44 34 of
2291 2961 66 34 her
2382 2959 268 38 conversations
2678 2957 93 34 with
2800 2957 73 35 Mr.
2898 2949 61 44 'R.:

1652 3013 151 46 Knight,
1821 3014 130 45 signify
1971 3025 21 21 a
2011 3012 92 33 wish
2124 3012 79 32 that
2218 3011 58 32 the
2297 3008 239 33 transactions
2558 3005 120 34 which
2701 3005 69 33 had
2785 3006 177 33 occurred
3002 3005 4 54 .

1650 3066 159 32 between
1830 3063 65 32 her
1911 3060 66 34 and
1995 3061 76 37 Mr,
2093 3059 139 44 Knight
2245 3056 131 35 should
2392 3057 44 31 he
2453 3052 195 35 concealed
2662 3051 93 34 from
2776 3052 59 33 the
2850 3052 131 51 Dukcr

1649 3111 43 34 of
1707 3111 109 33 York
1828 3109 113 33 ?—A.
1963 3106 136 35 Never.

1698 3155 252 46 InterrogatNi
1967 3155 45 43 by
2036 3152 93 33 Lord
2152 3150 198 39 FOLKSTO
2360 3158 21 25 N
2550 3143 159 37 Witness
2727 3145 30 33 is
2774 3143 191 46 requested

1652 3200 37 40 to
1706 3209 92 33 state
1830 3202 98 34 what
1948 3210 72 25 was
2036 3200 76 32 said
2131 3200 35 33 in
2185 3200 59 31 the
2258 3202 83 30 note
2359 3195 203 43 conveying
2580 3194 61 37 the
2653 3193 60 34 200
2713 3193 41 34 f.
2807 3195 46 31 A:
2884 3193 71 43 The
2955 3193 24 43 .

1654 3257 80 30 note
1750 3261 72 22 was
1834 3255 76 28 sent
1928 3248 84 34 with
2030 3247 98 34 2001.
2148 3246 91 34 with
2258 3241 71 35 Dr.
2348 3237 422 53 Thyune'scompliments
2770 3237 22 53 .
2792 3237 22 53 ,
2845 3240 70 35 and
2936 3239 27 48 A-

1654 3307 90 37 gave
1761 3299 61 32 the
1843 3307 80 22 man
1938 3306 19 22 a
1975 3294 132 45 guinea
2125 3292 81 34 who
2225 3289 165 45 brought
2408 3289 25 32 it
2448 3296 37 26 to
2504 3299 69 22 me.

1698 3346 46 39 Q.
1778 3345 98 33 Does
1907 3345 137 32 witne-s
2070 3340 106 32 know
2210 3339 59 33 the
2298 3347 79 22 mast
2401 3337 81 32 who
2503 3330 157 47 brotight
2681 3333 66 34 her
2771 3333 63 33 the
2849 3326 118 43 200/.)

1659 3392 43 34 A.
1729 3392 76 39 No,
1828 3391 14 33 I
1864 3399 105 25 never
1985 3391 177 39 expected
2176 3391 37 28 to
2230 3386 44 31 he
2291 3383 118 34 called
2430 3385 98 48 nen
2544 3378 113 38 about
2678 3374 67 40 it:
2776 3380 20 35 I
2816 3378 156 48 thought

1659 3441 26 34 it
1704 3450 72 24 was
1799 3439 64 37 Dr.
1883 3437 149 41 Thynce
2050 3436 79 31 that
2145 3441 71 26 seat
2233 3431 43 33 it.

1704 3487 43 39 Q.
1776 3485 79 34 The
1878 3483 150 34 Witness
2050 3482 63 32 has
2140 3478 130 39 stated,
2303 3476 81 34 that
2402 3477 165 32 between
2585 3475 63 34 the
2662 3471 89 48 time
2769 3474 45 47 Of
2813 3474 22 47 -
2836 3474 138 47 theap;

1659 3531 178 47 plication
1856 3529 67 35 and
1949 3529 61 33 the
2035 3528 187 43 exchange
2241 3526 130 41 taking
2391 3524 71 43 place
2461 3524 14 43 .
2476 3524 43 43 ,t-
2538 3517 103 38 there
2661 3523 99 37 were
2778 3523 63 32 but
2851 3534 27 35 ji
2898 3517 74 44 few

1659 3582 100 44 days.
1814 3580 72 33 She
1905 3578 27 33 is
1944 3587 78 22 now
2039 3573 187 47 requested
2242 3581 38 25 to
2297 3581 83 33 say,
2396 3565 165 39 whether
2576 3566 79 37 that
2673 3579 122 38 means
2809 3572 169 33 between

1663 3632 57 31 the
1737 3628 86 33 time
1845 3624 240 43 Dr.•Thynne
2102 3620 103 33 made
2220 3619 63 33 the
2298 3617 248 45 application,
2567 3612 45 37 or
2629 3619 167 37 between
2815 3620 58 30 the
2889 3618 92 41 time

1662 3678 59 32 she
1739 3673 104 34 made
1861 3672 60 32 the
1938 3670 228 44 application
2197 3672 35 27 to
2254 3666 52 32 his
2341 3665 119 37 Royal
2489 3664 198 41 Highness,
2714 3665 67 32 and
2816 3664 61 33 the
2893 3661 83 37 'exi

1663 3724 133 41 change
1815 3718 106 44 being
1939 3716 177 34 Gazetted
2130 3716 12 32 ?
2193 3713 47 34 A.
2274 3702 259 52 linuiediately
2551 3709 98 34 alter
2668 3705 61 38 ttie
2745 3711 239 45 application.
3004 3702 5 64 •

1668 3781 70 24 was
1750 3768 105 34 made
1873 3772 37 27 to
1929 3775 52 22 me
1997 3764 14 33 1
2030 3762 204 45 appliedto
2250 3762 60 31 the
2328 3758 123 40 Duke,
2465 3758 69 32 and
2549 3757 71 33 took
2620 3757 19 33 -
2655 3757 61 33 the
2733 3757 249 45 opportunity

1665 3817 92 37 after
1773 3815 129 33 dinner
1928 3819 34 27 to
1980 3810 157 34 mention
2157 3809 39 33 it.
2246 3808 84 33 The
2347 3804 190 45 exchange
2559 3815 72 22 was
2647 3806 240 44 accordingly
2906 3807 76 32 Gas%

1667 3862 117 38 netted

1671 3961 33 32 in
1717 3959 65 32 fac

1672 4006 57 33 the
1747 4005 31 32 vi

1675 4054 71 34 Mr.

1720 4100 48 38 Int

1677 4148 156 40 Witnebo

265 448 45 15 14.
343 448 74 12 i./,u
441 448 15 9 V
467 448 45 9 USI
527 448 64 11 Inn
605 448 87 12 WWI
704 448 51 14 lin
777 448 71 9 HIM
857 448 66 22 Vial
934 448 124 13 litAilill
1067 448 34 22 ij
1119 448 38 12 iv
1170 448 105 11 ViiilllC
1290 448 70 12 Valli
1374 448 61 11 ILGII
1454 448 63 22 111
1538 448 21 22 W
1580 448 20 22 •
1684 448 25 22 u
1726 448 33 22 we
1759 448 18 22 n

1586 448 94 20 some
1714 448 7 21 1
1770 454 13 17 h
1804 448 32 31 W
1843 448 52 22 ith
1911 449 40 26 ins
1951 449 14 26 ,
1985 448 157 22 mother.
2784 448 5 31 •

217 472 111 34 about
347 470 53 34 the
400 470 19 34 .
433 461 141 46 buke's
595 471 152 44 letters).
796 471 48 35 A.
870 470 97 37 tdid
984 477 74 28 not.
1633 482 43 40 Q.
1698 482 71 34 Did
1789 494 72 34 you
1879 490 61 27 not
1957 489 183 39 represent
2157 480 164 46 yourself
2331 481 34 32 in
2383 477 79 34 that
2480 471 305 48 neighbourhood
2810 477 35 27 to
2859 471 46 32 be
3146 461 4 67 ,

270 521 44 38 Q.
338 519 74 35 Did
436 528 72 25 iou
526 524 63 28 not
606 520 161 34 mention
784 521 33 33 in
831 528 96 38 your
938 519 107 35 letter
1056 523 37 30 to
1110 519 77 34 him
1204 517 79 37 that
1302 528 72 35 you
1388 515 141 39 wanted
1587 539 24 24 a
1630 530 128 33 widow
1770 530 13 31 ?
1838 530 48 34 A.
1916 530 72 39 No,
2226 541 21 20 a
2013 539 110 25 never
2138 529 65 33 but

220 574 40 28 to
278 567 139 34 consult
438 567 73 33 him
529 576 98 34 upon
645 567 63 33 the
725 565 138 48 subject
874 556 20 57 .
894 556 247 57 ofpublishing
1155 567 59 33 the
1230 565 137 41 Dake's
1380 565 148 34 letters?
2252 534 12 27 t
2282 528 65 33 the
2363 522 291 41 court-martial,
2682 521 70 33 and
2776 515 84 37 then
2887 517 18 50 I
2904 517 19 50 .

1590 575 61 34 did
1669 576 28 33 it
1715 576 89 34 with
1824 578 63 34 the
1911 578 74 33 viess
1985 578 15 33 ,
2020 576 45 33 of
2083 576 125 44 saving
2226 586 58 31 my
2306 583 84 24 own
2418 572 228 44 reputation,
2673 568 83 32 that
2780 563 43 35 of
2844 574 61 34 my

222 614 52 35 A.
295 614 33 33 it
360 609 80 38 was
470 613 83 38 only
588 625 24 24 a
643 625 164 25 common
823 620 77 27 sort
930 613 43 34 of
991 613 120 41 letter,
1128 613 86 33 such
1232 624 38 24 as
1293 612 17 34 I
1332 620 72 26 was
1421 613 34 32 in
1470 612 60 33 the

446 654 17 9 ..
542 600 5 100 .
1589 620 144 47 family,
1757 624 70 34 and
1840 621 44 34 of
1903 624 60 34 the
1982 624 110 34 Duke
2109 622 43 34 of
2173 622 125 34 York.
3154 600 26 100 li
3180 600 26 100 ir

224 661 104 34 batik
341 663 40 31 of
412 660 131 44 criding
554 666 37 28 to
608 663 106 44 many
735 661 224 40 Gentletnen,
976 671 37 22 as
1030 661 80 34 well
1128 671 39 24 as
1181 657 37 39 to
1235 660 71 37 Mr.
1328 659 156 44 Knight.
2920 648 6 7 .

1639 671 44 39 Q.
1706 670 89 35 You
1824 679 107 25 never
1950 669 223 46 reptesented
2191 673 35 28 to
2246 667 201 38 tradesmen
2476 665 84 33 that
2594 672 74 34 you
2686 659 91 33 'vraS•
2798 658 25 33 h
2842 658 67 33 wi.
2937 658 4 57 •

1641 763 45 40 Q.

272 710 45 38 Q.
346 707 92 35 You
452 718 64 35 say
535 718 71 35 you
620 719 64 25 are
704 707 150 39 married
868 711 13 32 ?
895 685 4 77 •
935 707 47 35 A.
1004 706 103 37 tam.
1592 726 79 24 now
1688 717 12 33 ?
1752 717 47 38 A.
1825 717 72 41 No,
1923 728 119 24 never.
3174 685 37 77 ?I!

273 754 45 43 Q.
352 757 89 34 Yoe.
457 767 91 35 gave
573 763 64 28 out
643 752 19 38 -
661 752 77 38 that
767 767 72 35 you
852 764 81 32 was
947 765 24 24 a
989 756 130 39 widow
1139 755 112 34 !A.
1269 754 80 34 The
1367 750 111 37 Duke
1494 751 44 34 af
1704 763 72 34 Did
1796 774 71 34 you
1884 769 159 28 notstate
2062 770 38 26 to
2119 763 70 33 Mr.
2204 761 145 44 Knight
2366 761 83 32 that
2467 767 72 35 you
2557 754 169 35 intended
2745 759 38 27 to
2805 752 107 32 write
3150 732 27 26 r.

223 803 115 35 York
358 804 77 33 told
455 813 56 27 we
526 809 38 30 to
570 803 53 41 ,du
641 815 56 32 so,
716 804 63 35 but
795 806 81 32 that
892 803 30 34 is
941 803 39 33 of
991 802 43 33 no
1052 811 242 37 consequence
1312 808 39 27 at
1367 801 65 34 all.
1461 798 71 34 Mr.

1594 821 24 22 a
1630 813 149 33 memoir
1796 810 43 33 of
1863 820 91 34 your
1970 810 64 34 life
2063 810 59 34 for
2143 811 59 31 the
2219 810 66 31 last
2303 806 165 35 fourteen
2485 814 44 21 or
2548 803 123 33 fifteen
2691 810 124 35 years,
2839 797 70 34 and
3165 793 9 65 l
3175 793 11 65 i
3185 793 11 65 f
3196 793 11 65 4

227 852 116 35 Adam
358 861 69 26 can
444 850 67 37 tell
534 849 84 38 who
640 849 17 37 I
677 852 213 48 am--.EThe
905 850 162 45 question
1084 861 72 22 was
1173 848 170 46 repeated
1350 872 9 15 ,
1385 849 22 31 h
1411 847 40 45 o
1473 847 63 33 the

1597 857 79 33 that
1677 844 11 7 '

1707 868 69 27 sou
1798 859 71 34 had
1890 861 65 40 put
1972 857 27 33 it
2019 857 76 34 into
2113 856 59 33 the
2203 854 110 34 hands
2331 853 44 33 of
2396 854 100 32 those
2519 849 83 33 who
2624 848 33 33 w
2657 848 86 33 ould
2765 848 146 43 publish

402 900 156 41 ordered
585 906 38 27 to
651 907 141 32 answer
824 900 31 34 it
881 900 48 44 by
959 898 60 34 the
1050 892 234 47 Chairman.]
1339 894 46 34 A.
1407 895 90 32 lam
1514 904 22 22 a
3202 868 8 19 /

228 900 143 33 witness

1599 905 51 34 it?
1701 906 46 34 A.
1770 905 17 34 I
1809 902 98 35 don't
1928 905 169 33 recollect
2117 904 94 34 what
2239 904 14 32 I
2291 900 104 40 bald;
2422 900 65 33 but
2518 896 97 34 refer
2648 902 35 26 to
2706 895 60 32 the
2783 893 142 44 letter,'

227 946 156 34 married
402 957 154 24 woman.

1597 952 70 33 and
1681 952 77 34 that
1772 952 78 33 will
1869 952 91 33 sheer
1985 952 40 33 it.

276 996 44 38 Q.
350 994 99 35 How
480 994 80 44 long
574 996 12 32 ?
632 994 50 34 A.
711 993 19 35 I
749 994 91 34 refer
857 1004 74 35 you
966 991 35 37 to
1028 993 73 34 Mr.
1122 991 133 43 Adam,
1278 989 85 35 who
1385 987 61 34 has
1476 998 59 33 my
1646 998 43 39 Q.
1726 998 87 35 You
1841 998 197 33 mentioned
2070 997 27 33 it
2118 1004 37 27 to
2172 996 139 34 several
2347 991 106 34 other
2481 998 164 38 persons,
2672 985 143 37 besides
2835 987 71 32 Mr.

230 1042 181 41 tru'i•iage
425 1042 214 35 certificate.
696 1028 2515 21 '•

1603 1043 148 35 Wardle
1765 1044 71 37 and
1860 1046 69 33 Mr.
1949 1043 152 46 Knight.
2160 1044 93 32 Who
2276 1051 65 25 are
2355 1043 86 40 they
2457 1041 12 30 ?
2523 1039 50 32 A.
2608 1036 141 34 Indeed
2771 1035 18 33 1
2815 1032 103 34 don't
3169 1049 11 21 i,

279 1088 44 40 V.
356 1089 100 35 How
477 1089 80 46 lung
569 1090 94 39 hteit
681 1101 72 34 you
767 1089 93 35 been'
874 1085 155 38 married
1042 1088 91 38 ?A.
1165 1085 182 37 Fourteen
1358 1094 43 25 or
1416 1082 124 35 fifteen
1602 1093 185 35 recollect.
2927 1115 6 5 .

235 1143 120 40 years.
1650 1139 43 39 Q.
3208 1107 9 41 I

235 1147 71 37 yea
1650 1139 43 39 Q.
1726 1140 84 34 Was
1838 1149 70 34 any
1939 1148 128 34 pers-n
2099 1142 139 39 present
2261 1136 105 31 when
2394 1143 71 34 you
2484 1128 207 37 mentioned
2711 1128 30 33 it
2765 1134 39 27 to
2841 1128 74 35 Mr.

283 1187 44 37 Q.
358 1183 37 37 Is
413 1194 96 35 your
526 1185 161 37 husband
702 1186 113 44 living
828 1185 13 34 ?
898 1183 47 35 A.
974 1182 20 34 I
1011 1180 100 37 don't
1129 1183 125 31 know.
1610 1187 170 33 Wardle?
1834 1187 47 33 A.
1905 1186 15 34 I
1938 1191 128 28 cannot
2083 1185 197 33 undertake
2300 1189 37 26 to
2357 1192 78 34 say.
2492 1179 15 34 I
2529 1179 146 33 believe
2691 1176 104 32 there
2815 1183 104 26 nasa

283 1233 44 39 Q.
356 1233 111 34 Have
488 1245 67 32 you
573 1239 63 28 not
661 1244 118 22 sworn
800 1231 163 35 yourself
974 1237 35 27 to
1025 1233 43 31 be
1083 1239 22 24 a
1126 1228 135 33 widow
1278 1227 12 33 ?
1344 1226 48 33 A.
1421 1225 76 40 No,
1522 1224 19 35 I
1609 1233 112 45 Lady,
1747 1235 21 31 h
1768 1235 21 31 u
1789 1235 21 31 t
1828 1233 59 33 the
1887 1233 40 33 re
1945 1243 71 22 was
2036 1244 44 20 no
2101 1243 67 22 men
2169 1243 22 22 .

235 1280 94 33 have
347 1287 77 35 not,
446 1283 60 32 hut
524 1281 58 33 the
604 1280 111 35 Duke
732 1280 41 33 of
788 1271 112 44 York
920 1278 158 34 believes
1095 1274 77 35 that
1194 1274 20 37 I
1227 1274 61 33 did
1303 1285 12 28 ;
1332 1272 67 34 and
1422 1273 41 32 he
1481 1273 64 32 has
1652 1281 43 37 Q.
1726 1280 74 35 I)id
1820 1290 73 34 you
1905 1286 59 28 not
1975 1279 156 32 mention
2145 1280 24 31 it
2189 1284 35 27 to
2241 1285 98 26 some
2352 1274 104 35 other
2470 1283 83 27 inau
2571 1271 125 33 beside
2717 1270 74 33 Mr.
2813 1270 109 33 War.
3154 1258 4 69 '
3170 1258 12 69 :
3182 1258 12 69 5
3194 1258 24 69 11

237 1330 209 33 threatened
468 1336 37 27 to
526 1330 91 33 have
635 1338 56 24 me
709 1328 176 45 punished
904 1326 57 33 for
977 1325 41 33 it.
1049 1323 118 34 When
1183 1322 17 34 I
1221 1328 74 30 seat
1309 1330 38 25 to
1363 1318 76 35 him
1454 1318 91 34 fora
1605 1326 56 34 die
1675 1329 12 33 ?
1740 1329 48 32 A.
1808 1325 18 37 I
1845 1326 98 34 don't
1962 1325 181 34 recollect.

237 1376 71 35 few
330 1376 168 33 hundred
497 1376 72 33 She
585 1376 84 34 send
690 1385 54 24 me
763 1374 56 34 for
834 1383 158 31 answer,
1004 1372 79 32 that
1101 1370 44 32 he
1157 1369 128 33 should
1305 1370 91 32 have
1410 1376 56 25 me
1480 1370 65 40 put
1654 1375 44 39 Q.
1728 1374 93 45 Dos
1834 1384 46 22 on
1907 1374 104 33 know
2037 1371 123 46 Major
2180 1370 128 43 Hogan
2323 1369 12 33 ?
2396 1369 43 33 A.
2469 1368 78 39 No,
2575 1365 18 34 I
2619 1374 110 25 never
2754 1375 77 24 saw
2859 1363 53 41 the
2913 1363 19 41 .
3172 1362 9 39 i

240 1423 37 33 in
295 1423 61 33 the
373 1423 138 44 pillory
524 1434 41 22 or
583 1423 65 34 the
671 1422 154 39 Bastite,
850 1421 61 33 for
943 1420 130 44 falsely
1093 1416 177 43 swearing
1287 1415 80 33 that
1396 1415 17 33 1
1524 1423 24 22 a
1607 1433 100 28 man;
1736 1423 65 31 hot
1821 1422 71 32 Mr.
1916 1420 224 34 Greenwood
2157 1427 71 25 sent
2246 1428 53 21 me
2317 1428 21 20 a
2359 1424 174 32 message,
2548 1423 58 24 sa'
2619 1414 59 40 ing
2694 1413 78 32 that
2791 1411 44 31 he
2850 1422 22 20 w
2882 1413 48 32 ;it

241 1481 31 22 w
283 1470 109 40 idow,
410 1469 105 37 when
536 1472 19 33 I
569 1480 93 34 gave
676 1470 170 34 evidence
857 1479 46 24 on
914 1479 22 22 a
953 1463 302 37 Court-Martial.
1307 1461 72 35 But
1396 1461 61 34 the
1473 1459 74 34 fact
1607 1478 98 35 sorry
1729 1468 15 33 I
1760 1468 107 33 knew
1883 1478 22 22 a
1920 1476 77 24 roan
2014 1466 44 34 of
2070 1467 60 32 the
2144 1474 102 24 name
2259 1463 43 32 of
2315 1465 9 32 I
2324 1465 9 32 ,
2334 1465 9 32 '
2352 1463 155 44 iunetty,
2506 1450 2 64 ,
2530 1450 119 44 whOin
2667 1457 18 34 I
2708 1459 69 33 had
2790 1459 136 33 known

242 1527 90 31 was,
354 1518 80 34 that
458 1519 14 33 I
493 1519 117 37 stated
630 1524 39 28 to
689 1518 63 34 the
770 1515 151 46 Deputy
939 1513 120 41 Judge
1078 1512 203 35 Advocate,
1302 1511 84 32 who
1403 1507 144 34 shewed
1609 1520 38 28 at
1667 1515 169 44 Margate
1852 1515 110 32 about
1978 1514 80 32 nine
2080 1521 102 35 year,
2198 1522 86 32 ago.
2933 1499 6 9 .
3156 1427 48 129 I

244 1576 54 22 me
312 1571 148 38 greater
478 1565 167 40 kindness
664 1564 34 34 in
725 1564 125 44 taking
878 1573 58 32 my
953 1559 203 39 evidence,
1156 1559 86 32 than
1258 1558 60 32 the
1338 1557 210 34 Gentleman
1657 1564 41 38 Q.
1729 1560 32 35 H
1761 1560 33 35 o
1794 1560 33 35 w
1847 1563 20 41 l
1867 1563 20 41 o
1887 1563 43 41 ng
1944 1560 93 34 since
2054 1570 73 33 any
2156 1557 254 34 conversation
2428 1554 90 34 took
2538 1552 106 46 place
2661 1553 168 33 between
2841 1551 98 40 wit..
3180 1571 6 12 ,

241 1612 84 34 who
346 1613 26 33 is
387 1624 81 22 now
485 1612 209 44 examining
712 1620 57 24 me
782 1611 28 33 is
823 1609 170 50 disposed
1010 1613 38 28 to
1061 1609 63 37 do,
1136 1604 80 37 that
1237 1604 19 37 I
1272 1604 136 33 wished
1421 1602 133 45 myself
1612 1619 70 24 ness
1702 1609 69 34 and
1800 1609 152 34 Colonel
1988 1606 155 34 Waddle
2160 1617 94 33 upon
2276 1604 61 33 the
2352 1602 139 45 subject
2518 1600 43 33 of
2584 1603 60 31 the
2663 1599 164 44 inquiry.
2880 1598 15 60 A.
2919 1598 7 60 ,

243 1667 38 27 to
299 1662 44 31 he
360 1659 189 37 described
563 1670 40 24 as
620 1670 22 24 a
664 1659 162 37 widow,'
840 1669 40 22 as
917 1658 14 34 1
967 1656 60 33 did
1055 1661 60 27 not
1135 1652 92 33 wish
1241 1658 41 26 so
1313 1650 61 33 tell
1397 1650 18 33 I
1437 1659 73 24 was
1530 1659 19 22 n
1612 1654 190 47 Notiloug.

241 1707 154 34 married
417 1715 154 28 woman,
596 1707 72 35 and
692 1706 69 37 the
783 1706 111 34 Duke
914 1702 47 35 •of
989 1701 123 40 York,
1136 1698 111 35 under
1266 1696 120 34 whose
1406 1702 144 39 protec-
1659 1702 47 41 Q.
1733 1703 80 33 Has
1831 1701 61 35 the
1905 1700 252 37 conversation
2176 1697 91 35 with
2287 1695 152 34 C..lonel
2473 1694 149 34 Wardle
2637 1704 98 32 upon
2752 1693 73 34 this
2844 1691 84 34 sub.

243 1755 77 35 tion
347 1756 11 32 I
380 1754 86 33 then
488 1754 112 39 lived,
622 1754 91 33 was
713 1754 76 33 also
806 1763 24 24 a
847 1750 156 38 married
1023 1759 93 22 man.
1173 1746 17 34 I
1209 1744 202 37 mentioned
1427 1743 71 33 this
1515 1748 39 26 to
1607 1749 78 44 ject
1713 1750 112 33 taken
1856 1750 104 43 place
1976 1748 98 35 since
2095 1747 138 43 Friday
2270 1748 63 31 last
2352 1746 12 30 ?
2420 1744 44 32 A.
2492 1742 79 32 The
2591 1741 255 33 conversation
2867 1741 64 31 he.

244 1801 64 35 the
322 1801 152 45 Deputy
489 1800 120 45 Judge
630 1801 202 33 Advocate,
846 1805 38 28 at
896 1807 24 25 a
931 1799 126 33 dinner
1075 1793 116 41 table,
1211 1793 72 33 and
1302 1791 45 34 he
1362 1791 145 34 entered
1528 1789 22 33 it
1616 1806 115 26 tween
1743 1799 151 34 Colonel
1912 1794 145 34 Wardle
2074 1793 69 34 and
2161 1805 53 21 me
2233 1802 97 33 upon
2357 1791 72 33 this
2445 1787 158 46 subject,
2629 1788 90 32 took
2743 1787 104 45 place
2867 1787 64 33 be.
3195 1782 6 18 i

3170 1802 2 27 .
3196 1802 5 27 I

246 1851 35 33 in
301 1848 53 33 his
372 1853 118 33 notes,
509 1851 60 31 but
586 1848 144 34 ['never
742 1851 117 30 swore
876 1852 39 26 to
935 1846 40 33 it.
1617 1844 76 34 fore
1714 1844 156 44 Friday.

295 1897 46 38 Q.
371 1896 100 34 Who
491 1896 154 41 brought
665 1896 81 35 that
763 1896 64 32 last
844 1903 159 32 message
1020 1891 98 33 from
1143 1887 64 34 the
1227 1885 113 37 Duke
1356 1885 44 33 of
1413 1884 115 35 York
1543 1884 12 33 ?
1665 1892 46 38 Q.
1742 1891 74 33 Did
1839 1890 154 34 Witness
2007 1898 58 25 see
2086 1885 150 38 Colonel
2259 1885 154 33 Wardle
2430 1884 96 33 since
2545 1880 182 45 Saturday
2747 1880 92 34 last?
2881 1878 51 37 A.
3156 1880 6 6 •

247 1943 50 35 A.
326 1943 30 33 A
376 1943 202 44 particular
595 1943 119 33 friend
733 1942 43 34 of
788 1942 60 34 the
870 1939 110 35 Duke
998 1937 43 34 of
1057 1937 126 34 York.
1623 1937 18 34 I
1656 1949 76 24 saw
1752 1937 152 34 Colonel
1930 1936 146 34 Wardle
2092 1937 38 32 at
2143 1935 59 33 the
2220 1935 128 41 Opera
2365 1932 93 32 since
2474 1929 196 38 Saturday.
2942 1924 5 63 •

3107 1936 5 34 .
3213 1936 6 34 I

296 1990 45 39 Q.
373 1989 115 34 What
506 1990 27 33 is
552 1989 56 33 his
619 1989 129 33 name?
800 1989 47 33 A.
879 1989 83 33 One
972 1984 135 45 Taylor
1107 1984 24 45 )
1148 1983 85 32 wbo
1247 1982 31 33 is
1302 1990 22 25 a
1341 1978 220 37 shoemaker
1667 1985 44 41 Q.
1733 1983 118 37 When
1867 1983 61 33 did
1959 1983 161 32 Witness
2151 1982 72 33 first
2246 1981 128 37 know,
2401 1978 77 32 that
2497 1964 154 45 Colonel
2672 1975 152 33 Wardle
2841 1983 99 24 men-

250 2040 34 33 in
3200 1985 19 12 ..

304 2035 300 41 Bond-street---(
612 2037 33 32 A
667 2035 149 44 laugh).
1622 2031 120 34 cloned
1760 2031 60 33 the
1838 2030 156 34 business
2008 2029 76 33 first
2104 2028 34 34 in
2153 2028 59 33 the
2232 2028 125 32 House
2378 2023 41 34 of
2443 2026 189 34 Commons
2646 2022 12 31 ?
2714 2022 48 34 A.
2785 2021 116 33 When
2919 2017 26 54 I
3157 2006 15 31 t

3158 2030 14 15 ~

299 2085 43 40 Q.
374 2082 196 46 By.whom
589 2082 63 34 did
670 2093 74 34 you
756 2080 83 37 send
857 2091 93 35 your
969 2087 157 37 message
1139 2076 58 35 for
1219 2087 24 22 a
1260 2075 71 34 few
1354 2073 177 34 hundreds
1546 2072 11 33 ?
1624 2079 74 33 first
1727 2088 72 24 saw
1830 2076 63 34 the
1923 2076 259 44 Newspapers,
2206 2074 67 33 and
2307 2074 104 33 when
2443 2072 18 34 I
2480 2080 71 21 saw
2583 2068 74 33 him
2685 2067 113 41 after,
2829 2067 18 33 I
2874 2078 69 24 ex.

257 2132 47 35 A.
337 2131 54 46 By
412 2141 60 34 my
488 2141 81 34 pen.
1628 2126 123 45 presed
1770 2122 137 46 myself
1920 2133 110 33 angry
2054 2122 89 33 with
2161 2121 87 33 him.

302 2179 43 40 Q.
377 2179 57 44 By
456 2178 118 35 whom
591 2178 61 33 did
669 2186 72 38 you
754 2177 79 34 send
846 2185 97 35 yoar
957 2173 133 35 letter?
1142 2172 50 33 A.
1222 2170 59 44 By
1297 2171 58 31 the
1369 2166 198 35 Ambassa-
1672 2173 46 38 Q.
1747 2172 78 33 Ilas
1847 2172 141 32 witness
1998 2169 71 34 had
2083 2178 70 33 any
2172 2165 252 35 conversation
2445 2161 91 34 with
2557 2160 152 35 Colonel
2733 2160 152 34 Wardle
2897 2171 47 24 on
3098 2160 5 64 •
3211 2165 6 7 ,

255 2228 65 34 dor
337 2228 45 44 of
396 2226 176 33 Morocco.
627 2194 1 77 •
1396 2194 2 77 .
1628 2219 69 34 this
1723 2217 142 46 subject
1884 2217 126 33 within
2029 2217 100 33 these
2161 2216 66 33 last
2246 2215 103 33 three
2366 2211 113 45 days?
2533 2211 47 32 A.
2611 2210 19 33 1
2652 2209 70 32 had
2741 2219 21 22 a
2791 2207 157 35 conver...
3197 2194 12 33 I.

304 2275 78 34 The
411 2272 125 43 House
565 2271 215 45 frequently
798 2269 157 46 laughed
984 2272 40 30 at
1054 2267 63 39 the
1141 2274 161 28 answers
1318 2263 105 45 given
1440 2263 47 43 by
1507 2261 61 34 the
1628 2268 117 32 satire'
1765 2263 89 37 with
1876 2263 149 35 Colonel
2049 2263 148 32 Wardle
2211 2263 111 32 about
2341 2270 59 25 my
2420 2257 214 33 attendance
2654 2256 102 37 here,
2780 2255 102 33 when
2898 2256 46 33 he

259 2323 143 32 witness
420 2327 40 27 to
478 2321 137 33 several
635 2319 181 44 questions
835 2322 65 39 put
919 2321 38 28 to
976 2316 78 33 her.
1630 2313 91 41 said,
1747 2313 83 34 that
1850 2311 32 33 if
1902 2313 13 34 I
1939 2311 59 33 did
2017 2315 66 28 nut
2105 2309 138 40 attend,
2271 2315 60 25 the
2352 2296 124 43 House
2497 2302 124 35 would
2639 2302 150 33 connnit
2807 2313 71 30 we,
2902 2309 48 34 as,
3058 2319 6 5 •
3183 2306 9 24 s

306 2369 78 33 The
399 2368 197 34 Chairman
611 2366 188 33 addressed
817 2365 65 34 her
899 2365 69 35 and
984 2362 96 40 said,
1096 2359 167 39 that-her
1289 2367 157 24 answers
1473 2365 97 24 were
1631 2361 84 43 they
1734 2359 213 34 committed
1961 2367 98 25 some
2078 2354 149 35 Sheriff's
2245 2354 141 32 before.
2983 2353 7 8 •

257 2415 209 45 frequently
487 2413 236 43 unbecoming
739 2413 58 33 the
815 2411 143 44 dignity
979 2408 44 35 of
1049 2409 83 33 that
1157 2406 209 43 Assembly,
1395 2404 66 33 and
1491 2402 78 33 that
1681 2405 247 44 Interrogated
1946 2406 47 41 by
2026 2401 97 35 Lord
2144 2401 124 34 LITTL
2277 2409 78 25 ETO
2365 2395 168 38 N.—Did
2558 2395 170 39 Witness,
2756 2394 34 34 in
2822 2394 123 34 slim.
3038 2396 7 5 •

3043 2419 2 9 .
3090 2419 4 9 .

261 2464 35 37 if
304 2463 139 34 shedid
462 2467 60 28 not
539 2459 190 37 answer'in
742 2459 152 33 another
906 2465 161 33 moiler,
1083 2456 45 33 he
1140 2452 129 34 should
1284 2452 70 33 feel
1370 2450 28 34 it
1417 2450 53 33 his
1481 2448 84 37 duty
1636 2454 56 43 ing
1707 2452 61 34 the
1789 2459 86 26 note
1891 2457 37 28 to
1946 2451 59 34 the
2026 2448 112 37 Duke
2158 2447 44 34 of
2230 2446 131 43 York,
2389 2445 157 33 mention
2565 2448 38 28 to
2624 2444 72 32 him
2717 2443 91 34 from
2825 2432 131 63 whom;

261 2517 40 28 to
319 2522 78 34 pass
415 2519 129 34 a•very
568 2513 125 28 severe
710 2516 144 26 censure
870 2507 100 43 tfpou
989 2504 76 34 her.
1117 2502 73 34 She
1215 2509 76 26 was
1316 2498 84 34 then
1423 2497 132 33 ordered
1556 2497 38 33 .-
1633 2500 60 34 she
1713 2499 168 35 received
1898 2498 53 33 it?
2002 2497 48 33 A.
2068 2494 201 44 Certainly.

3211 2517 5 12 ,

260 2563 39 32 to
320 2558 207 34 withdraw.
594 2558 41 15 '"-•
1681 2550 46 37 Q.
1757 2546 76 34 Did
1856 2545 139 34 witness
2011 2543 96 46 have
2133 2552 71 34 any
2230 2537 253 38 conversation
2513 2537 207 44 respecting
2756 2535 195 45 Finnerty,
3107 2528 26 14 •.
3201 2487 22 83 1

3193 2561 6 12 .

313 2606 70 34 Mr.
406 2606 119 33 Adam
539 2602 135 41 stated,
689 2602 39 33 'in
745 2601 63 34 her
821 2601 170 38 absence,
1004 2596 81 35 that
1103 2596 28 33 it
1153 2603 77 25 was
1247 2593 54 34 his
1322 2590 91 35 wish
1431 2589 79 34 that
1530 2600 45 22 no
1637 2595 195 43 excepting
1866 2591 90 35 with
1984 2589 142 46 Taylor
2141 2589 12 34 ?
2206 2589 47 35 A.
2285 2589 17 32 I
2342 2597 71 22 was
2443 2585 106 43 given
2580 2590 37 26 to
2652 2583 217 33 understand
2900 2584 48 44 by

266 2654 184 45 questions
472 2644 137 41 should
622 2649 53 34 be
691 2654 15 40 -
706 2654 15 40 -
722 2654 47 40 put
797 2653 37 28 to
854 2648 66 33 her
939 2644 120 35 Which
1078 2643 113 44 might
1209 2641 201 33 embarrass
1428 2639 63 33 her
1512 2646 64 24 an-
1641 2641 151 46 Taylor,
1819 2637 80 37 that
1916 2639 44 34 he
1978 2648 74 24 was
2070 2647 67 22 one
2154 2635 41 33 of
2209 2636 61 33 the
2301 2634 190 44 pamphlet
2524 2631 163 37 writers;
2717 2628 78 34 but'
2811 2629 67 33 had
2906 2640 46 24 no

267 2709 124 31 ewers,
1641 2688 103 33 kuow
1752 2687 104 45 ledge
1867 2685 197 35 otherwise
2076 2682 44 35 of
2133 2683 172 43 Fionerty
2320 2693 12 28 ;
2359 2688 106 25 never
2485 2679 69 33 had
2565 2687 70 33 any
2648 2674 308 43 coMmuuicatiois

314 2748 79 34 The
428 2746 145 34 witness
598 2744 81 40 was
702 2744 106 46 again
827 2739 202 39 'etamined
1059 2738 52 51 by
1142 2737 63 35 the
1230 2738 211 33 ATTORNE
1452 2731 130 34 Y-GE-
1646 2734 85 35 with
1753 2735 90 32 him.
3093 2737 17 7 -

2955 2752 4 11 .
3102 2752 31 7 ..

272 2804 169 35 pERAL.
503 2802 14 28 ',
1693 2779 247 45 lnterrogated
1967 2779 48 44 by
2046 2777 60 34 Sir
2134 2777 45 34 A.
2213 2772 281 39 PIGOTT.—Q.
2524 2770 74 35 Did
2626 2770 144 34 witness
2794 2779 58 25 see
2880 2770 78 39 Mr.

319 2844 45 39 Q.
394 2842 76 34 Did
489 2850 70 35 you
573 2844 63 31 not
652 2844 66 39 say
738 2843 38 30 to
793 2837 74 34 Me.
880 2835 120 35 Adam
1015 2832 81 38 that
1115 2832 73 45 yoti
1208 2839 74 25 was
1297 2825 181 37 married?
1530 2824 52 34 A.
1648 2828 183 45 Biddulph
1850 2829 71 33 and
1939 2826 71 34 Mr.
2033 2825 48 33 It.
2105 2823 162 43 Knight?
2324 2823 46 32 A.
2396 2820 30 35 I
2437 2830 52 24 es.

3048 2852 7 4 .

274 2891 20 40 I
313 2890 77 35 said
406 2901 56 31 so,
480 2889 65 33 but
559 2889 92 46 only
661 2884 151 45 laughed
826 2889 43 28 at
875 2883 13 33 -
888 2883 40 33 it.
1010 2894 7 7 •
1690 2876 41 39 Q.
1765 2874 73 35 Did
1856 2876 73 32 Mr.
1946 2874 46 34 It.
2013 2870 142 45 Knight
2169 2870 71 34 call
2254 2880 46 22 on
2315 2869 142 32 witness
2471 2864 97 35 after
2580 2865 61 33 she
2656 2863 165 34 received
2835 2863 119 37 200!.?
3006 2862 4 73 .
3044 2862 2 73 •

321 2939 45 40 Q.
397 2936 79 35 I)id
495 2941 151 39 ssanot
672 2937 188 43 persevere
879 2929 84 35 inlt
977 2927 14 37 ?
1043 2927 21 37 I
1083 2927 80 34 told
1182 2924 73 35 hiin
1272 2920 215 38 afterwards
1504 2919 80 35 that
1654 2923 43 33 A.
1717 2922 22 34 y
1740 2922 45 34 es
1785 2922 24 34 .
3138 2919 4 61 .

2781 2950 7 5 .
2845 2950 4 5 .

275 2987 21 35 I
315 2987 86 45 only
419 2981 203 38 mentioned
644 2981 122 37 Weil
774 2976 115 48 joke..
911 2979 21 14 -.'
1693 2970 44 37 Q.
1768 2967 73 35 Did
1863 2967 168 40 Witness,
2057 2965 35 34 in
2124 2974 71 33 any
2220 2961 44 34 of
2291 2961 66 34 her
2382 2959 268 38 conversations
2678 2957 93 34 with
2800 2957 73 35 Mr.
2898 2949 61 44 'R.:

3131 2988 9 6 -

322 3034 46 39 Q.
402 3032 76 35 Did
493 3038 71 39 you
582 3030 103 34 leani
703 3027 80 34 dial'
801 3026 70 33 Mr.
891 3024 116 35 Adam
1026 3019 185 40 hadlected
1230 3027 97 37 upon
1343 3027 24 24 a
1381 3013 117 35 belief
1508 3013 80 33 that
1652 3013 151 46 Knight,
1821 3014 130 45 signify
1971 3025 21 21 a
2011 3012 92 33 wish
2124 3012 79 32 that
2218 3011 58 32 the
2297 3008 239 33 transactions
2558 3005 120 34 which
2701 3005 69 33 had
2785 3006 177 39 occurred

2978 3013 9 31 ,-
3002 3013 4 31 .

275 3092 73 35 you
369 3090 99 24 were
488 3078 200 34 !vita:vied
715 3077 157 37 winnan,
887 3072 94 34 from
997 3071 60 33 the
1075 3067 174 46 inquiries
1269 3066 45 33 he
1333 3065 70 32 had
1426 3064 89 32 been
1534 3060 35 33 in
1570 3060 18 33 -
1650 3066 159 32 between
1830 3063 65 32 her
1911 3060 66 34 and
1995 3061 50 37 Mr
2044 3061 26 37 ,
2093 3059 116 44 Knigh
2209 3059 24 44 t
2245 3056 65 35 sho
2310 3056 21 35 u
2331 3056 22 35 l
2354 3056 22 35 d
2392 3057 44 31 he
2453 3052 195 35 concealed
2662 3051 93 34 from
2776 3052 59 33 the
2850 3052 131 51 Duker
3098 3045 43 18 .1.

3093 3092 2 4 .

278 3128 111 35 duced
407 3133 40 27 to
464 3126 135 34 Wake!
654 3124 48 34 A.
735 3120 221 39 Msa.Adam,
979 3128 66 24 nor
1059 3116 71 45 any
1149 3115 105 33 other
1273 3122 143 34 person,
1433 3118 65 25 can
1522 3116 65 34 say
1649 3111 43 34 of
1707 3109 235 35 York?—A.
1963 3106 136 35 Never.

278 3176 80 34 that
379 3176 17 34 I
415 3174 107 47 acted
541 3170 221 45 iucbrreetly
780 3168 126 34 whilst
926 3165 19 35 I
976 3176 72 25 was
1069 3162 76 37 und
1144 3165 22 31 e
1170 3171 17 25 r
1205 3159 69 37 the'
1285 3157 142 38 Duke's
1444 3161 123 40 protec
1567 3161 21 40 -
1698 3155 313 46 Interrogatedby
2036 3152 93 33 Lord
2152 3146 273 43 FOLKSTONE.-
2425 3146 25 43 ,
2450 3146 74 43 -Q.
2550 3143 159 37 Witness
2727 3145 30 33 is
2774 3143 191 46 requested
3112 3145 24 11 ~
3200 3146 18 12 ~

928 3215 7 13 a
3136 3194 2 34 .

279 3226 92 35 Lion.
478 3229 28 6 -•
520 3193 5 69 !
544 3253 7 5 .
607 3193 5 69 .
680 3193 5 69 :
1096 3211 98 24 ',••
1212 3193 4 69 •
1652 3200 37 40 to
1706 3209 92 33 state
1830 3202 98 34 what
1948 3210 72 25 was
2036 3200 76 32 said
2131 3200 35 33 in
2185 3200 59 31 the
2258 3202 83 30 note
2359 3195 203 43 conveying
2580 3194 61 37 the
2653 3193 20 34 2
2673 3193 20 34 o
2693 3193 20 34 o
2713 3193 41 34 r.
2807 3195 46 31 A:
2884 3193 94 43 The.
3201 3201 6 32 i
3207 3201 6 32 ,

2743 3235 12 7 ..

327 3272 44 39 Q.
402 3224 80 80 Ditt
482 3224 21 80 s
503 3274 70 28 you
601 3270 66 31 not
681 3261 324 47 •reptesenelyout
1030 3254 224 39 husband:as
1274 3253 66 44 the
1372 3250 156 48 nephew
1553 3248 44 34 of
1654 3257 80 30 note
1750 3261 72 22 was
1834 3255 76 28 sent
1928 3248 84 34 with
2030 3247 98 34 2001.
2148 3246 91 34 with
2258 3241 71 35 Dr.
2348 3240 449 45 Thyune'scompliments
2845 3240 70 35 and
2936 3239 31 48 A

2791 3263 24 27 ~
3227 3263 5 27 ..
3243 3263 1 27 ,

279 3306 392 54 Aldermantiarkel
709 3313 20 34 -
729 3313 43 34 A.
803 3307 151 38 Ile'reld
966 3309 61 32 'me
1042 3307 45 32 he
1101 3306 76 33 was
1193 3313 54 24 so.
1654 3307 90 37 gave
1761 3299 61 32 the
1843 3307 80 22 man
1938 3306 19 22 a
1975 3294 132 45 guinea
2125 3292 81 34 who
2225 3289 165 45 brought
2408 3289 25 32 it
2448 3296 37 26 to
2504 3299 69 22 me.
2652 3289 2 71 -
2807 3293 8 7 •

2895 3321 11 8 ..
3102 3321 4 8 .

331 3359 227 50 Q."Did'you
557 3359 22 50 -
580 3359 389 50 ever'see•Aiderman
984 3353 135 38 Clarke
1133 3352 27 34 1-
1199 3351 48 34 A.
1276 3347 78 44 No,
1378 3347 64 33 but
1457 3343 28 45 II
1504 3352 87 26 -saw
1592 3326 2 83 .
1698 3346 46 39 Q.
1778 3345 98 33 Does
1907 3345 137 32 Witness
2070 3340 106 32 know
2210 3339 59 33 the
2298 3347 79 22 mao
2401 3337 81 32 who
2503 3330 157 47 brought
2681 3333 66 34 her
2771 3326 63 40 the
2849 3326 59 43 206
2908 3326 59 43 E.)

2654 3374 4 9 .
2696 3374 48 9 ._
2852 3374 4 9 .

283 3423 99 28 some
398 3412 45 34 of
467 3411 54 34 his
539 3411 172 34 relations
716 3409 44 34 .''
826 3371 5 80 •
1186 3412 18 6 ••
1250 3406 15 11 -
1362 3410 17 7 -
1409 3409 6 6 •
3051 3371 46 20 e•
3097 3371 47 20 4.
3151 3371 4 80 •

1659 3392 43 34 A.
1729 3392 76 39 No,
1828 3391 14 33 I
1864 3399 105 25 never
1985 3391 177 39 expected
2176 3391 37 28 to
2230 3386 44 31 he
2291 3383 118 34 Called
2430 3385 98 48 Lien
2544 3384 113 32 about
2678 3381 44 33 it.
2776 3380 20 35 I
2816 3381 156 45 thought
3112 3380 5 53 •
3180 3380 2 53 .

332 3463 47 39 Q.
413 3461 60 34 Do
491 3469 72 35 you
578 3468 81 22 now
680 3456 139 34 belie-Ye
831 3454 81 34 that
931 3444 265 51 yoar-hnsband
1217 3431 13 73 i
1243 3431 13 73 3
1269 3431 12 73 a
1291 3443 151 43 nephew
1459 3437 44 35 of
1517 3437 79 33 that
1654 3441 32 44 it
1704 3450 72 24 was
1799 3439 64 44 Dr.
1883 3437 149 41 Thynae
2050 3436 79 31 that
2145 3441 71 26 seat
2233 3431 43 33 it.
2472 3431 4 73 •
2494 3469 6 7 ,

2919 3464 13 5 ..
2965 3464 2 5 .
2968 3464 2 5 .

286 3507 240 39 Gentleman?
580 3504 50 37 A.
651 3504 17 34 I
702 3511 106 34 never
822 3498 176 46 enquired
1024 3497 106 33 since
1143 3495 14 33 I
1182 3491 143 46 quitted
1354 3489 87 33 him.
1492 3484 60 34 Ile
1570 3485 28 32 is
1704 3487 43 39 Q.
1776 3485 79 45 The
1878 3483 150 34 Witness
2050 3482 63 32 has
2140 3478 130 39 stated,
2303 3476 81 34 that
2402 3474 165 35 beetieen
2585 3475 63 34 the
2662 3471 89 48 time
2769 3474 206 47 Ortheap;
3032 3522 11 6 .

3022 3507 34 7 ..
3228 3501 2 13 .

2904 3510 4 13 •
2983 3519 6 5 •
3067 3510 4 13 .

286 3556 156 45 nothing
461 3562 117 31 tome,
593 3561 79 26 •nor
693 3552 74 35 Ito
785 3549 89 38 Win.
887 3536 4 65 •
930 3547 18 33 I
967 3546 92 34 have
1089 3540 63 37 Hilt
1178 3548 83 30 seen
1294 3536 73 44 hin

1387 3534 74 45 .for
1491 3533 104 34 three
1659 3534 178 45 pliCation
1856 3529 67 35 and
1949 3529 64 44 the
2035 3528 187 43 exchange
2241 3526 130 41 taking
2391 3524 79 43 place
2470 3524 15 43 .
2485 3524 33 43 ,s
2538 3517 103 38 there
2661 3523 99 47 were
2778 3523 63 32 but

2851 3534 27 35 .is
2898 3523 74 38 few
3022 3523 4 46 .

3104 3552 46 21 ~....,

289 3613 120 38 years,
439 3602 103 37 when
561 3600 44 34 he
624 3598 213 46 broughtan
852 3593 124 40 action
984 3587 146 51 against
1147 3586 64 35 the
1227 3585 124 35 Duke.
1659 3582 100 44 days.
1814 3580 72 33 She
1905 3578 27 33 is
1944 3587 78 22 now
2039 3573 187 47 requested
2242 3581 38 25 to
2297 3581 83 33 say,
2396 3570 165 33 whether
2576 3566 79 37 that
2673 3579 122 38 means
2809 3572 169 33 between
3004 3573 8 2 -

2590 3612 6 11 ,

1663 3632 57 31 the
1737 3628 86 33 time
1845 3624 240 43 Dr.sThynne
2102 3620 103 33 made
2220 3619 63 33 the
2298 3617 248 45 application,
2567 3626 45 22 or
2629 3619 167 37 between
2815 3620 58 30 the
2889 3618 92 41 time
3014 3617 2 50 .
3076 3650 12 2 ..

335 3660 46 40 Q.
415 3658 113 34 What
544 3657 162 35 business
723 3654 28 33 is
765 3663 92 35 your
876 3648 157 37 husband
1049 3648 13 33 ?
1085 3640 4 60 •
1114 3646 51 34 A.
1183 3640 177 45 Nothing.

1662 3678 59 32 she
1739 3673 104 34 made
1861 3672 60 32 the
1938 3670 228 44 application
2197 3672 35 27 to
2254 3666 52 32 his
2341 3665 119 37 Royal
2489 3664 198 41 Highness,
2714 3664 67 33 Tied
2816 3664 61 33 the
2893 3661 83 37 'exi

339 3709 47 39 Q.
404 3706 39 35 Is
458 3705 44 37 he
519 3711 59 28 not
595 3715 22 24 a
634 3698 269 39 stone..mason?
957 3698 50 33 A.
1028 3696 77 37 $O.
1195 3696 2 52 .

339 3755 48 41 Q.
410 3752 78 37 Did
507 3763 69 33 you
594 3761 90 27 ever
702 3750 72 39 Ow
791 3749 53 34 in'
872 3743 299 45 avisSuck-place
1187 3736 115 47 ?.A.
1320 3733 495 37 Y
1815 3718 106 44 being
1364 3743 83 28 es.,--
1478 3750 56 18 .:,
1569 3702 5 94 -
1663 3724 133 41 change
1939 3716 177 34 Gazetted
2130 3713 111 34 ?A.
2274 3702 259 52 lonnediately
2551 3709 98 34 after
2668 3705 61 38 the
2745 3711 239 45 application.

298 3757 5 92 •
341 3806 44 37 Q.
411 3802 40 32 %V
461 3802 104 38 hen?..
591 3800 21 50 l
612 3800 44 50 A.
680 3796 81 37 Ido
780 3801 59 28 not
859 3795 123 39 know.
1004 3811 14 8 -
1361 3822 11 4 ..
1567 3801 6 6 .
1636 3757 5 92 ;
1668 3781 70 24 was
1750 3768 105 34 made
1873 3772 37 27 to
1929 3775 52 22 me
1997 3764 14 33 I
2030 3762 204 45 applied-to
2250 3762 60 31 the
2328 3758 123 40 Duke,
2465 3758 69 32 and
2549 3757 90 33 took
2655 3757 61 33 the
2733 3757 249 45 optio•rturnitY

340 3853 48 39 Q.
409 3848 78 35 Did
507 3859 71 34 you
596 3855 87 27 ever
702 3844 72 35 live
791 3836 64 44 in.
855 3836 65 44 Par
920 3836 21 44 k
941 3836 131 44 -lane?
1126 3835 47 33 A.
1196 3831 22 37 Y
1219 3831 70 37 es.
3004 3759 4 133 •
3061 3759 5 133 '
3178 3762 33 5 '•
3243 3759 1 133 .

1616 3831 9 9 •
1665 3817 92 37 after
1773 3815 129 33 dinner
1928 3819 34 27 to
1980 3810 157 34 mention
2157 3809 39 33 it.
2246 3808 84 33 The
2347 3804 190 47 exchange
2559 3815 72 22 was
2647 3806 241 44 accordingly
2906 3806 76 33 Gas.
3056 3806 26 24 •'•
3158 3797 15 33 .'.

1355 3833 14 35 ...
1404 3833 2 38 -
1446 3857 7 13 ,
1478 3833 2 38 •

294 3859 4 83 •
343 3901 45 38 Q.
410 3896 76 35 I)id
500 3906 71 35 you
587 3895 78 32 live
681 3904 69 32 any
774 3892 122 32 where
921 3887 73 34 else
1016 3886 57 34 bet
1081 3892 100 34 weeo
1207 3880 102 34 these
1336 3881 76 37 two
1431 3870 146 45 .friearls
1591 3870 33 32 ?•
1648 3859 5 83 '
1667 3862 117 53 zetted
1805 3862 34 32 in
1856 3872 24 22 a
1891 3861 69 32 few
1978 3859 104 43 days.
2164 3859 4 83 .

2228 3878 45 30 ..,..

2295 3869 141 33 ,„..,.,,.
2463 3885 14 14 ,
2518 3866 4 37 .
2767 3866 1 37 .
2829 3874 8 6 •
2872 3866 5 37 -
2944 3866 5 37 ,
2983 3866 15 15 .•
3118 3866 4 37 •
3198 3881 9 18 .

1713 3913 44 37 Q.
1794 3908 72 34 Did
1881 3907 165 38 theavitti
2059 3915 18 25 -•.
2091 3914 19 24 s
2120 3901 57 37 ens
2189 3918 6 17 ..
2211 3907 30 30 •:.;
2255 3915 6 50 ~

2280 3938 13 13 ..
2303 3931 12 12 ,
2329 3932 41 14 ...
2389 3900 17 46 ,
2406 3900 122 46 I.eason
2545 3904 39 30 to
2598 3900 164 38 conceal,
2791 3908 43 25 or
2845 3898 60 33 did
2919 3898 65 33 she

298 3947 46 38 A.
371 3946 85 34 Ido
471 3948 60 30 not
549 3941 188 37 recollect.
787 3938 79 37 The
883 3934 112 44 Duke
1013 3932 117 46 might
1139 3928 105 44 havp.
1256 3926 112 41 taken
1377 3933 58 26 me
1454 3926 38 28 to
1509 3928 98 26 some
1637 3926 4 59 •

296 3994 107 43 ether
420 3992 139 33 houses.
576 4012 14 8 -
663 3991 45 46 4t
707 3991 22 46 .
731 3994 100 43 tat
1548 3985 11 13 .
1671 3961 33 32 in
1717 3959 76 32 fact
1805 3959 90 30 ever
1905 3946 156 50 cintiseal;
2111 3965 56 13 •e.
2196 3981 6 5 .
2270 3967 6 12 .
2331 3946 44 32 't
2422 3947 162 44 Ugliness
2600 3947 63 41 tits!
2685 3946 110 37 Doke
2812 3946 38 32 of
2856 3946 47 37 .IT
2913 3945 71 37 ark
2999 3945 5 92 -
3015 3959 6 6 •
3133 3945 1 92 .
3198 3964 7 13 ,

345 4043 46 40 Q.
412 4039 118 37 When
539 4037 65 38 did
624 4046 77 37 you
725 4037 76 33 first
819 4035 113 33 know
950 4015 219 56 Ihe,Duko
1219 4020 52 37 A.
2561 4041 61 33 the
1476 4016 45 34 be
1537 4023 69 28 CA'
1672 4006 57 33 the
1747 4004 104 33 visits
1869 3986 292 69 ofitfr.lia'"7"/(::
2160 3986 17 69 .
2194 3991 25 61 ::!
2219 3991 8 61 !
2228 3991 8 61 •
2236 3991 25 61 :..
2261 3991 8 61 i
2281 3983 22 56 -l
2303 3983 12 56 c

2331 3987 43 43 .4+
2391 3985 60 51 'lse
2454 4000 64 28 Yer
2533 3993 195 39 concealed
2748 3994 60 31 time
2828 3996 102 30 visits
2947 3991 45 34 of
3026 4005 31 30 •.:,
3086 3985 1 51 •
3198 3985 5 51 .
3233 3985 4 51 .

1506 4070 5 48 •
1638 4070 2 48 .
819 4070 5 48 .

1127 4091 5 24 '
1175 4108 7 7 ,
1217 4104 6 5 -
1235 4091 7 21 ,

1675 4054 71 34 Mr.
1772 4045 356 53 Katight,'.oeitay.sst
2143 4055 15 15 •-•
2183 4075 7 8 :
2215 4039 5 59 .
2254 4049 24 28 n
2311 4039 233 48 eintilayfrom
2561 4041 61 33 the
2639 4041 112 33 Duke
2769 4039 44 32 of
2828 4039 143 35 York...

300 4090 85 39 cnte
385 4089 38 33 d.
503 4109 24 26 4.
657 4096 54 30 ~j.
735 4103 8 6 .
743 4101 9 14 4
756 4088 2 53 '
764 4097 19 24 .-.
989 4095 14 13 •,
1044 4088 5 53 -
1078 4088 2 53 :
1154 4100 8 14 s
1246 4094 27 18 *...
1720 4088 250 53 Interrogatid
1989 4091 50 46 hy

1309 4090 5 18 .
1345 4095 11 13 •
1398 4090 19 11 •-

305 4087 5 90 '
345 4135 177 39 Question
539 4130 79 39 wit
627 4124 184 52 repeated.
866 4126 48 35 A...
930 4124 25 37 I
967 4119 83 47 ileA
1050 4119 20 47 i
1070 4119 209 47 recollect.
1369 4135 25 20 4.,
2043 4088 215 47 lhAs.'!Cnitts
2296 4093 51 33 at.
2357 4091 80 37 Oa
2453 4089 44 33 of
2510 4088 61 34 the
2593 4088 90 34 EXC
2691 4097 25 24 If
2725 4096 83 30 11QU
2818 4087 170 40 ER.:-'4.

2082 4135 242 52 4.4!.Q0i544(14-.
2336 4136 150 44 Wardle
2500 4140 69 41 got
2580 4135 223 46 acquainted
2822 4135 90 33 with
2930 4136 63 31 the

346 4183 46 40 Q.
417 4182 96 50 Why
531 4182 66 37 did.
607 4188 77 40 you
704 4179 86 37 wish
807 4181 37 32 to
861 4174 48 37 be
924 4161 130 47 excuse
1056 4162 24 43 d
1129 4166 76 40 .A.
1226 4163 100 45 That
1348 4168 80 35 Mak
1444 4167 60 35 ply
1524 4154 86 47 Ov.
1617 4185 8 8 ,
1670 4148 126 43 .Witneb
1796 4148 18 43 s
1814 4148 19 43 .
1844 4144 71 43 :has
1929 4141 116 47 4*.ed

578 4247 12 35 '
589 4247 12 35 s
661 4244 18 26 i
739 4257 7 15 .•
780 4260 26 15 ~,..
822 4254 8 7 •

996 4269 4 22 •
3200 4269 4 22 .

1080 4302 4 7 .
1993 4303 6 6 •

1802 3850 46 44 in
1856 3872 24 22 a
1891 3861 69 32 few
1978 3859 104 43 days.
2872 3850 5 51 •
2944 3850 5 51 •

1794 3908 72 34 Did
1881 3907 165 33 the.wito
2061 3915 9 9 •
2091 3914 19 24 s
2120 3907 57 31 eat
2211 3907 30 26 ..;
2330 3896 197 44 •,t:l.eason
2545 3904 39 30 to
2598 3900 164 38 conceal,
2791 3908 43 25 or
2845 3898 60 33 did
2919 3898 65 33 she

1763 3963 30 28 ct
1805 3959 90 30 ever
1905 3952 156 44 CinitrOAL
2196 3981 6 5 •
2270 3947 183 34 lli
2484 3947 100 32 hness
2600 3947 63 32 the
2685 3946 110 37 Duke
2812 3946 38 32 of
2872 3945 111 38 York
3015 3945 5 51 •

1763 4004 87 33 visits
1869 4000 43 34 of
1923 3998 122 48 Tiffr.4l,
2044 3998 13 48 -
2057 3998 54 48 .'"'
2112 3998 28 48 9,
2285 3998 13 40 '
2298 3998 13 40 1
2331 3987 32 43 .4,
2363 3987 11 43 ,
2391 3985 128 51 ''Oever
2533 3993 195 39 concealed
2748 3994 60 31 the
2828 4002 102 24 Nit•ltS
2947 3991 45 34 of

2183 4078 6 5 .
2254 4049 24 28 tt
2311 4039 233 48 einslayfront
2561 4041 61 33 the
2639 4041 112 33 Duke
2769 4039 44 32 of
2828 4039 26 34 1
2870 4041 100 33 oil—

1763 4088 207 53 Iterrogated
1989 4090 269 47 by'tarCtikty
2296 4093 110 35 gLi.o
2417 4089 80 33 aof
2510 4088 61 34 the
2593 4087 396 40 EXCHIIQUER.:-•••Q•

1763 4154 70 33 !leo
1846 4144 69 35 has
1929 4141 116 39 acted
2065 4135 260 52 th4t,QoiNtild-.
2336 4136 149 37 Wardle
2500 4140 69 41 gut
2580 4135 223 46 acquLt.iuted
2822 4135 90 33 with
2930 4136 63 31 the

203 104 152 51 FFP.
394 102 54 50 5.
