3215 4417
1084 77 142 54 THE
1261 81 363 53 NATIONAL
1658 81 369 54 REGISTER.

243 219 80 33 The
348 214 87 34 Llll
454 226 25 20 sr
480 209 19 37 f
579 222 25 22 v
674 223 110 24 POOL
798 214 92 44 said,
909 215 78 35 that
1005 219 60 31 the
1089 219 124 33 Treaty
1234 220 120 33 would
1372 221 45 32 he
1428 222 66 32 sub-
1494 222 17 32 ,

197 265 125 37 mined
344 269 40 25 to
400 261 94 32 tneir
511 261 197 43 Lordships
739 272 39 22 as
804 274 85 22 soon
919 273 41 25 as
986 265 70 39 the,
1080 265 236 41 ratifications
1333 278 96 24 were
1444 278 45 25 ex-

196 309 175 38 chan:!ed.
425 307 59 34 ire
514 307 191 41 ofiserred,
736 321 47 21 nu
811 317 104 27 eves-t
945 312 71 33 had
1044 312 187 45 happened
1257 319 38 28 to
1312 313 106 35 make
1440 325 70 34 any

197 359 194 34 difference
406 356 34 33 in
462 356 44 33 it►;
523 356 261 45 stipulations;
811 359 66 32 and
899 358 94 44 al.°,
1012 358 80 37 that
1116 372 43 22 no
1176 365 106 30 event
1302 361 67 33 had
1381 371 109 27 occur-

198 406 59 35 red
278 406 120 32 which
417 404 115 43 ought
552 410 37 26 to
619 405 104 33 cause
757 417 22 22 a
813 406 189 34 ditll'rence
1029 407 34 33 in
1091 409 58 32 the
1174 410 187 32 exertions
1389 409 118 33 which

198 458 28 30 it
242 452 122 33 would
396 451 91 32 have
506 454 91 31 been
618 462 136 34 proper
775 454 57 32 for
852 454 69 32 this
947 461 151 38 country
1119 459 34 28 to
1172 456 110 33 make
1297 455 35 35 in
1346 456 164 44 assisting

200 503 115 44 Spain
331 498 142 46 against
493 498 61 33 the
570 509 167 25 common
754 501 412 46 enemy.—Adjourued.

674 599 144 37 FaIDA
831 609 44 33 Y,
905 600 103 35 FEU.
1022 602 38 34 3.

572 671 333 27 IMPRISONMENT
930 673 78 25 FOR
1031 673 120 26 DEBT.

248 711 80 35 The
350 710 90 35 Earl
461 709 43 35 of
526 707 67 38 Mo
605 720 74 25 tax
698 720 96 34 gave
809 713 119 32 notice
946 711 56 34 for
1028 712 185 43 Thursday
1232 710 44 38 of
1297 710 53 34 his
1374 709 137 37 motion

202 761 59 34 for
283 770 22 22 a
322 759 219 35 Coininitten
570 767 38 25 to
627 759 165 33 rousicler
810 759 60 33 the
895 759 167 46 practice
1089 759 41 33 of
1153 759 278 45 Imprisontucnt
1456 757 54 34 for

206 804 378 47 Debt.—Adjourned
602 807 54 33 till
720 806 132 45 oodny.

570 931 172 40 HOUSI:
782 935 50 34 Of
954 930 198 39 N.I.IIONS.

647 1037 138 37 TUESD
798 1046 44 31 %N
842 1046 22 31 I
893 1032 99 40 JAN.
1015 1037 65 35 31.

772 1111 204 26 DEBTORS.

252 1173 59 34 Sir
330 1172 35 34 S.
389 1170 208 33 ROMILLY
621 1176 94 30 rose,
735 1170 171 40 pursuant
927 1170 37 26 to
989 1163 137 40 notice,
1149 1167 39 31 to
1217 1172 105 25 move
1337 1161 57 35 for
1410 1162 104 34 leave

206 1227 39 27 to
262 1221 106 41 bring
389 1220 33 32 in
439 1228 22 24 a
485 1217 72 34 Bill
579 1222 38 26 to
633 1214 133 34 extend
800 1214 61 32 the
891 1212 206 44 provisions
1120 1209 44 34 of
1185 1211 64 33 the
1264 1211 69 34 32d
1349 1209 44 34 of
1419 1209 97 44 Kin

206 1272 144 39 George
372 1269 59 31 the
452 1263 152 41 Second,
622 1260 203 43 commonly
844 1259 117 34 called
993 1260 61 31 the
1078 1259 109 33 Lords
1208 1259 85 39 Act,
1313 1264 34 25 to
1372 1267 143 32 persons

203 1315 164 37 confined
386 1315 53 32 for
458 1316 262 39 uon-paymeut
735 1307 45 34 of
793 1307 102 33 small
917 1306 87 34 fines
1024 1306 162 44 imposed
1204 1305 58 34 fur
1278 1310 181 38 contempt
1478 1303 41 33 of

207 1363 135 35 Courts
366 1361 45 34 of
429 1359 156 46 Equity.

2807 60 21 51 S
2851 60 21 51 5

1571 227 60 35 did
1650 230 45 33 •it
2246 221 83 44 siia
2472 219 65 45 ing
2743 214 177 77 iiet
2920 214 45 77 o
2965 236 33 9 ••
3009 214 4 77 -

1574 275 59 33 the
1650 278 92 32 suite
1752 275 52 34 •uf
1821 278 65 32 the
1902 274 150 37 Ron's*
2062 272 135 35 Cashel
2197 270 20 35 -
2217 270 63 35 Wet
2280 270 21 35 .
2301 270 21 35 -
2333 266 150 38 Ireland
2493 263 92 40 ;Anat
2585 263 19 40 .
2833 259 33 30 6
2868 211 15 76 r
2976 247 13 24 *

1576 322 92 34 Irish
1707 324 185 34 Catholics
1928 328 98 27 Were
2062 320 119 34 rebels
2203 317 44 35 or
2276 321 77 34 not,
2393 315 106 33 then-
2515 317 97 27 were
2648 306 64 34 the
2747 294 137 43 laWfut

1571 369 154 45 subjects
1757 376 38 27 to
1827 379 24 24 a
1880 366 175 37 Monarch
2079 365 181 45 complete
2285 364 38 33 in
2352 363 57 32 his
2431 359 113 45 righti
2574 353 73 35 and
2674 350 69 47 per
2743 350 69 47 Vet
2841 348 45 33 iss
2926 356 6 5 •

1573 416 210 44 possession.
1835 416 87 33 Was
1952 416 60 32 the
2037 415 171 41 sincerity
2395 404 142 37 Freoch
2568 402 116 33 Ruler
2700 406 39 27 to
2756 398 46 33 be
2815 394 72 34 de.:
2978 394 4 65 •

1573 463 135 44 petaled
1727 472 109 34 upon,
1860 472 92 24 even
1980 459 32 34 if
2023 462 79 31 this
2127 456 150 46 country
2294 456 80 33 'bad
2392 443 495 53 delayeeite'comnrunieos-
2955 438 4 69 •

1574 510 89 33 tinny
1685 509 87 33 with
1793 515 144 38 respect
1951 516 37 26 to
2011 507 60 33 the
2106 506 152 44 Spanish
2280 498 163 38 'nation?
2535 494 184 37 riference
2750 500 39 26 to
2819 488 69 33 the

1572 555 100 35 dlttes
1693 556 76 33 will
1787 565 115 37 prove
1928 555 79 33 that
2033 565 44 24 no
2102 552 223 45 dependence
2348 544 109 39 could
2476 546 51 33 be
2537 543 146 44 pluce•!.
2734 537 71 41 On'
2818 535 69 34 the

1570 604 71 34 red
1656 602 43 34 of
1713 604 161 34 October
1889 602 64 34 the
1971 601 74 33 first
2057 604 174 31 overture
2248 596 93 33 from
2368 593 139 34 France
2617 583 165 37 receivitd
2797 594 12 28 ;
2830 587 56 27 off

1574 648 79 35 that
1668 650 69 45 day
1756 645 178 48 sennight
1964 647 61 38 the
2041 654 141 26 answer
2197 643 44 54 at
2263 643 61 41 the
2350 640 150 35 •British
2515 637 118 33 .Gove
2637 644 37 21 rn
2680 637 91 32 ment
2807 638 76 25 was

1573 697 120 41 (tatted,
1715 661 26 70 a
1741 697 45 37 nd
1800 696 215 45 subsequent
2031 691 231 41 information
2282 689 63 34 has
2363 683 154 48 kroved,
2543 681 91 33 that
2635 690 48 37 am
2698 678 64 39 the
2776 674 99 57 Vstli„
2875 674 18 57 ,

1579 744 208 45 Bonaparte
1799 739 216 46 acquainted
2031 741 60 33 the
2109 736 219 46 Legislative
2344 731 206 47 Irodst.that
2564 725 45 45 he
2621 733 76 26 was
2713 726 118 40 about
2841 723 44 32 'hi

1574 796 50 28 set
1641 793 54 32 off
1711 793 54 33 for
1795 789 125 45 Spain,
1948 789 35 32 in
2011 785 105 33 order
2146 790 37 28 to
2215 791 123 27 crown
2373 780 56 33 his
2446 772 149 39 brother
2611 778 41 28 at
2667 759 219 50 .Madrid:---

1577 837 123 34 Hence
1719 839 28 32 it
1767 847 70 24 was
1861 834 137 35 certain
2000 853 15 20 ,
2042 833 80 40 that
2152 831 45 37 he
2225 829 73 40 had
2326 826 168 44 actually
2510 819 343 47 departed
2852 815 34 35 w'
2705 822 38 28 to
2763 810 124 40 renew'

1577 885 196 37 hostilities,
1785 893 45 34 ag
1831 882 96 34 ainst
1944 879 61 35 the
2026 879 152 44 Spanish
2210 875 145 45 people,
2383 870 128 34 before
2531 870 43 31 he
2591 865 110 34 could
2714 861 177 47 vossiblg

1576 934 41 30 be
1646 931 171 44 apprised
1850 928 45 34 of
1917 930 63 32 the
2004 922 136 43 British
2157 932 138 27 answer
2311 930 38 25 to
2368 920 54 32 his
2456 922 185 28 overture.
2692 901 132 53 Spain,
2849 907 41 44 in

1574 978 144 34 defence
1737 978 41 41 of
1792 978 64 32 her
1863 974 79 46 just
1959 974 128 44 right:,
2117 969 120 37 would
2255 969 122 35 ,make,
2399 976 46 22 no
2474 957 243 47 compromise
2731 956 70 47 'Or
2824 954 63 40 the
2917 979 6 5 •

1578 1024 158 45 possible
1753 1022 219 43 advrininges
1993 1020 117 33 which
2130 1015 213 45 usurpation
2368 1020 85 33 may
2484 1009 118 41 bring.
2654 1004 124 43 There
2811 1009 94 38 was..

1576 1082 44 22 no
1644 1070 120 45 polish
1778 1059 84 45 that
1890 1069 65 32 she
1980 1067 104 34 could
2113 1064 135 44 expect
2275 1059 96 34 from
2401 1056 139 43 foreign
2562 1050 252 45 s.lbjugation,

1576 1116 221 45 equivalent
1817 1117 59 33 for
1900 1115 64 34 her
1993 1111 159 35 violated
2186 1098 278 53 independence.
2515 1101 80 34 The
2634 1095 115 58 Met
2761 1093 124 40 'Hon,

1578 1165 209 33 (ientleinat,
1807 1159 196 38 concluded
2023 1159 46 45 by
2088 1157 144 40 moving
2248 1165 45 22 au
2316 1153 157 34 Address
2490 1154 34 27 to
2545 1142 53 38 his
2622 1146 172 43 Majesty.
2815 1137 50 39 de-

1576 1212 137 43 daring
1731 1209 59 34 the
1808 1215 237 28 concurrence
2063 1204 43 33 of
2118 1204 83 33 that
2219 1201 119 34 House
2359 1199 37 33 in
2413 1198 63 33 the
2497 1195 169 43 gracious
2681 1196 144 27 answer

1578 1259 59 33 the
1652 1264 184 28 overtures
1854 1254 92 34 from
1964 1259 59 28 the
2043 1253 151 32 Russian
2211 1248 69 33 and
2296 1245 142 40 French
2454 1241 275 35 Goveroinents.
2785 1233 5 59 •
2825 1254 6 6 •
2844 1233 4 59 •

1626 1318 70 33 Mr.
1720 1313 219 35 Whitbread
1971 1322 92 28 rose,
2087 1307 70 35 and
2176 1302 280 48 complimented
2476 1302 59 32 the
2572 1296 118 45 Right
2718 1293 154 34 llonottr-

1578 1365 83 32 able
1682 1364 223 34 :,ieniietuan,
1932 1367 61 26 not
2021 1359 79 40 only
2125 1367 46 27 on
2197 1357 61 30 the
2282 1355 200 40 eloqueoce
2503 1346 122 33 which
2656 1342 45 33 he
2731 1341 70 32 had

2818 1339 74 32 dish

1581 1411 145 43 placed,
1753 1410 65 32 but
1835 1419 46 22 on
1915 1406 52 39 his
1995 1406 131 41 having
2144 1400 116 40 stated
2276 1408 98 26 some
2392 1406 144 25 axioms
2554 1394 40 32 of
2626 1391 268 38 Government,

1581 1457 120 34 which
1727 1455 61 35 did
1807 1461 60 27 not
1887 1452 142 45 usually
2056 1460 102 24 come
2189 1447 90 33 from
2298 1446 79 32 that
2396 1444 78 31 silie
2503 1440 43 31 of
2571 1439 61 32 the
2654 1436 139 35 House,
2818 1431 74 46 and,

1584 1505 135 44 which,
1744 1504 33 32 if
1791 1502 105 33 acted
1915 1509 97 33 upon
2037 1498 144 33 sixteen
2202 1502 103 34 years
2319 1501 85 32 ago,
2432 1491 61 32 the
2513 1486 152 34 balance
2683 1481 44 34 of
2744 1482 152 40 Europe

1583 1552 118 33 would
1736 1560 60 22 not
1826 1548 93 33 have
1959 1547 87 31 been
2079 1540 200 37 disturbed.
2344 1540 26 14 •‘
2408 1535 65 33 We
2510 1541 94 32 carte
2635 1535 38 35 to
2707 1528 102 46 take,
2830 1525 12 45 t
2842 1525 13 45 s
2855 1525 39 45 lic

1579 1602 233 41 government
1839 1594 43 33 of
1904 1603 24 25 a
1951 1596 149 38 country
2121 1597 38 35 as
2177 1589 61 32 the
2265 1583 135 46 people
2433 1577 198 48 presented•
2750 1581 76 25 was
2851 1580 43 25 as

1583 1654 78 26 true
1680 1656 22 22 a
1721 1644 136 32 maxim
1876 1641 34 32 in
1933 1639 159 44 politics,
2111 1648 38 22 as
2167 1644 70 33 any
2259 1630 230 46 proposition
2510 1628 32 32 in
2561 1620 272 37 mathematics,
2846 1617 50 33 he

1583 1690 231 40 recollected,
1834 1689 185 38 however,
2042 1685 102 32 when
2161 1683 103 31 those
2284 1684 80 27 woo
2379 1672 201 46 supported
2601 1672 27 28 it
2648 1678 93 25 were
2760 1664 112 34 brand-

1581 1740 47 32 ed
1641 1740 67 32 and
1722 1731 285 39 overwhelmed,
2020 1731 96 33 amid
2133 1729 61 33 the
2209 1726 216 35 enthusiasm
2443 1726 77 27 that
2536 1719 57 33 led
2611 1722 39 27 to
2669 1719 60 28 the
2748 1710 145 47 Freqclt

1587 1795 92 24 war.
1734 1778 58 39 lie
1804 1782 148 43 agreed,
1965 1778 79 33 that
2057 1776 98 33 after
2173 1770 217 37 iheauhwer
2409 1762 167 39 returned
2594 1765 46 40 by
2666 1755 231 48 Bouatiarte,

1585 1834 26 32 it
1631 1841 74 38 was
1723 1827 209 46 impossible
1955 1832 38 33 to
2022 1824 124 34 recede
2179 1812 224 48 consistent!)
2432 1826 24 20 w
2470 1814 52 32 ith
2552 1820 73 32 onr_
2648 1804 263 40 natamil.llot.

1583 1870 90 43 noun
1689 1878 69 33 and
1775 1873 169 46 dignity,'
1956 1873 64 32 but
2043 1866 198 39 contended
2259 1866 79 32 that
2356 1864 80 32 that
2450 1861 145 32 .aiiiYer
2614 1854 70 33 %ad
2702 1843 194 52 been'proi
2947 1843 4 77 .

1586 1926 118 33 yoked
1722 1931 45 35 by
1788 1924 58 32 the
1867 1918 191 46 iii-placed
2074 1923 119 27 taunts
2207 1909 189 38 coinaiued
2427 1911 33 30 in
2487 1910 61 30 the
2563 1902 133 34 official
2717 1906 83 26 note
2818 1902 81 28 sent

1586 1975 45 40 by
1659 1974 71 32 Mr.
1754 1968 175 43 Canniug,
1955 1967 73 44 and
2053 1963 64 34 the
2135 1968 197 35 arrogance
2354 1951 260 47 displayel,,b)
2644 1956 67 25 our
2734 1946 142 41 Govern-

1587 2027 106 25 ment.
1766 2016 64 33 We
1861 2014 117 44 ought
2019 2019 60 26 not
2119 2014 39 28 to
2202 2006 105 35 think

2337 2003 18 44 .
2355 2003 74 44 that
2472 1997 227 35 Providence
2734 1988 167 38 confined

1586 2065 189 34 atrocities
1804 2069 37 27 to
1878 2059 201 45 particular
2109 2049 142 48 regions
2281 2061 44 22 or
2355 2049 137 44 places,
2520 2047 66 33 but
2620 2039 174 35 recollect
2815 2029 89 41 that

1590 2122 54 24 we
1670 2112 69 33 had
1757 2113 70 31 last
1853 2108 132 33 session
2006 2104 105 34 voted
2138 2102 84 43 that
2237 2096 143 34 similar
2409 2091 206 44 atroeities.
2629 2083 211 38 cammated
2861 2083 38 32 irl
2959 2113 6 6 ,

1593 2154 104 38 India
1719 2153 92 38 Were
1830 2156 59 33 fur
1902 2147 65 38 'the
2002 2148 138 35 honour
2158 2144 44 38 of
2223 2144 59 34 the
2304 2143 138 34 British

2460 2131 154 51 ,nation.
2663 2131 41 37 If
2722 2135 61 28 'we
2805 2122 99 39 were

1590 2206 164 43 bigotted
1767 2212 37 26 to
1822 2203 72 33 this
1905 2199 151 44 opinion
2074 2196 43 33 of
2127 2204 67 24 our
2211 2189 164 41 national
2391 2178 195 50 rectitude,
2657 2187 54 37 we
2727 2169 180 41 dezeivea

1590 2254 197 37 ourselves,
1811 2250 69 34 and
1899 2249 61 31 tire
1978 2243 96 34 truth
2095 2254 73 22 was
2186 2246 59 26 not
2265 2239 33 32 in
2461 2228 59 48 (A
2541 2228 155 45 laugh.)
2826 2231 77 22 was

1590 2310 103 33 sorry
1711 2306 39 27 to
1780 2300 43 32 be
1848 2296 85 35 thus
1959 2287 126 39 scored
2115 2294 56 35 at,
2194 2289 65 32 but
2290 2283 246 41 Government
2551 2276 117 31 'durst
2689 2275 63 31 not
2769 2262 137 53 pursUe

1591 2347 98 32 their
1715 2343 203 46 iniquitous
1950 2346 193 28 measures,
2169 2340 98 26 were
2293 2331 98 45 they,
2412 2319 64 41 not
2502 2319 202 47 supported
2731 2319 46 41 by
2800 2316 105 32 those

1594 2395 80 31 who
1695 2400 96 24 were
1806 2386 98 37 blind
1925 2391 34 27 to
1980 2383 94 33 their
2091 2391 123 32 wrong
2216 2389 26 21 s.
2272 2378 66 32 We
2355 2372 130 35 should
2499 2376 129 39 pursue
2641 2366 63 32 the
2719 2368 132 38 system
2867 2357 45 39 of

1594 2441 141 33 honour
1755 2438 34 32 in
1808 2441 59 27 the
1894 2431 122 37 North
2030 2440 38 21 as
2086 2428 37 33 in
2144 2426 38 34 th
2186 2437 20 22 e
2225 2417 89 41 Last
2333 2431 56 25 we
2411 2412 273 41 recommended
2701 2418 39 26 to
2766 2409 142 43 others,

1592 2487 67 34 and
1675 2491 61 28 not
1767 2481 94 34 brand
1861 2481 20 34 .
1903 2479 209 41 Bonaparte
2130 2472 91 48 with
2233 2465 281 50 unparalleled
2515 2457 208 41 atrocities,
2746 2465 39 24 as
2805 2456 31 31 if
2854 2461 56 26 we

1596 2533 69 33 had
1689 2528 125 46 forgot
1830 2528 50 37 all
1912 2526 157 40 history,
2094 2519 76 45 and,
2181 2528 89 32 eyeu
2297 2517 81 37 that
2401 2511 120 35 which
2542 2503 220 46 had,passed
2779 2511 35 22 in
2841 2507 71 26 our

1594 2589 84 25 own
1706 2580 90 40 days
1846 2584 39 24 as
1904 2571 34 39 if
1962 2581 56 24 we
2035 2567 71 35 had
2130 2565 125 45 forgot
2284 2559 61 40 the
2370 2557 189 35 atrocities
2588 2546 213 41 which.had
2817 2549 93 31 been

1599 2623 230 47 perpetrated
1847 2623 48 41 by
1916 2614 194 50 Spaiu.and
2128 2614 48 41 by
2196 2610 195 41 ouEselves,
2417 2616 39 22 so
2477 2611 83 33 very
2580 2597 116 44 lately
2714 2607 45 22 on
2780 2593 130 46 Spain:

1602 2674 56 34 Ile
1669 2669 167 35 censured
1850 2678 31 24 w
1890 2667 61 32 hat
1972 2665 67 32 had
2055 2662 113 37 fallen
2185 2657 94 34 from
2293 2656 73 38 :Mr.
2378 2652 45 35 C:
2435 2644 204 48 res'picting
2653 2646 60 32 the
2728 2631 187 53 tmperok

1602 2715 240 38 Alexander's
1865 2712 151 44 feelings
2031 2720 39 27 as
2095 2705 33 51 a'
2148 2717 97 30 matt,
2268 2704 71 33 and
2372 2698 155 47 thought
2543 2695 30 43 4
2591 2704 77 22 was
2686 2688 90 44 hard
2798 2696 38 22 to
2857 2695 40 24 re-

1603 2767 137 45 proach
1760 2761 73 37 him
1851 2761 59 33 for
1930 2759 122 44 actin;
2069 2756 35 37 in
2118 2764 28 28 a,
2160 2747 141 44 manner
2319 2748 46 33 he
2379 2738 64 51 was
2443 2738 21 51 .
2464 2738 259 51 eompelled'to
2738 2728 67 47 do,
2816 2732 100 34 from

1602 2815 60 33 the
1678 2811 174 34 situation
1876 2806 44 38 of
1928 2802 237 46 degradation
2191 2798 34 34 in
2245 2794 119 40 which
2382 2789 47 38 he
2445 2790 70 34 had
2533 2789 90 32 been
2650 2781 142 46 placed,
2818 2773 99 47 friina

1594 2859 161 45 joining,
1786 2857 40 34 as
1844 2852 152 37 induced
2015 2852 44 40 by
2079 2859 57 26 us,
2161 2846 61 33 the
2241 2841 177 35 coalition
2434 2831 43 44 of
2487 2828 105 48 ISOS.
2611 2830 105 32 •We
2739 2823 180 45 were-hat
2965 2832 26 24 a

1603 2917 81 24 now
1702 2906 150 43 fighting
1880 2901 66 33 for•
1957 2898 61 33 the
2037 2891 118 47 rights'
2165 2893 44 40 of
2233 2883 228 46 Sovereigns,
2494 2877 61 38 but
2572 2880 83 33 that
2672 2877 61 31 the
2752 2875 141 45 Goveru
2893 2875 24 45 7

1606 2957 92 30 went
1714 2952 129 33 chosen
1861 2949 47 41 by
1930 2944 60 33 the
2006 2941 152 45 Spanish
2180 2939 130 44 people
2327 2934 118 43 might
2463 2939 78 35 pro
2551 2926 91 45 ail..
2674 2922 48 33 At
2732 2931 72 32 ally
2819 2924 99 40 rate,

1606 3002 60 31 but
1685 2996 58 37 for
1760 2999 37 31 th
1801 2995 24 34 e
1839 2991 194 47 petulanie
2044 2989 41 32 of
2106 2986 191 37 Nlinisters,
2311 2978 63 38 the
2383 2981 73 31 late
2476 2978 32 31 O
2512 2981 122 26 vertur
2636 2978 38 26 es
2692 2968 119 44 might
2826 2967 94 40 have
2937 2967 4 71 .

1607 3050 87 32 been
1723 3044 148 38 broken,
1892 3040 65 38 oil',
1985 3037 156 33 without
2169 3031 163 41 exciting
2350 3018 81 44 that
2456 3021 109 44 spirit
2594 3017 45 33 of
2667 3022 156 30 rancour
2848 3011 73 34 and
2957 3026 38 9 •••

1610 3093 163 38 hostility
1788 3089 96 34 their
1902 3084 106 37 Mode
2024 3083 41 32 of
2080 3079 156 35 conduct
2252 3079 67 34 hati
2335 3074 80 33 left.
2466 3071 60 39 Ile
2545 3061 145 37 blamed
2708 3052 74 43 Mr.
2798 3061 43 32 C.
2861 3058 64 44 for
2934 3052 5 79 •
2956 3087 8 7 .

1610 3141 138 47 putting
1765 3139 76 32 into
1854 3135 53 32 his
1928 3128 189 48 Majesty's
2131 3124 123 35 mouth
2267 3117 206 40 sentiments
2484 3113 194 40 unworthy
2696 3119 21 24 a
2733 3105 191 35 Christian

1607 3188 176 43 Country,
1811 3190 35 25 to
1863 3193 24 21 a
1907 3176 187 37 Christian
2118 3170 138 40 World,
2281 3171 45 41 by
2357 3158 146 51 saying,
2533 3161 46 32 he
2598 3167 76 25 was
2700 3152 159 46 rejoiced
2885 3157 67 28 to.,
3013 3152 5 78 •

1612 3235 67 34 find
1700 3233 78 33 that
1805 3230 63 33 the
1894 3220 235 41 commercial
2147 3219 92 33 evils
2251 3217 45 34 de
2298 3211 124 46 signed
2439 3208 142 45 against
2600 3204 58 38 hitt
2674 3201 255 45 people•were
3014 3201 5 69 •
3094 3215 6 5 •

2203 3252 7 9 .

1612 3279 157 38 retorted
1787 3287 47 24 on
1848 3276 63 43 the
1923 3274 139 43 enemy.
2096 3268 70 35 .As
2183 3274 66 22 our
2267 3262 137 43 regtklat
2413 3260 59 34 ion
2489 3254 67 35 had
2569 3249 161 45 brought
2741 3257 44 24 no
2803 3244 129 35 Muni-
2962 3244 2 74 .

1612 3328 129 35 halloo
1759 3334 99 34 upon
1876 3320 226 43 Bimaparte,
2119 3324 40 24 as
2178 3312 84 43 they
2283 3309 70 39 had
2382 3309 61 30 not
2463 3300 117 45 raised
2596 3308 24 22 a
2636 3295 115 44 single
2769 3296 162 31 morrner
2943 3295 1 73 •

1612 3376 138 45 against
1770 3373 89 37 Linn,
1884 3369 31 33 it
1945 3376 74 24 was
2046 3361 84 44 only
2159 3356 176 46 rejoicing
2363 3353 35 33 in
2419 3350 60 35 the
2498 3348 130 40 misery
2652 3341 60 34 of.
2724 3351 25 25 a
2776 3337 26 47 '
2802 3337 26 47 K
2828 3337 78 47 iak
2906 3337 26 47 *

1618 3422 117 35 which
1755 3418 61 35 did
1835 3428 37 22 us
1889 3424 48 24 no
1962 3410 110 48 goad.
2124 3405 41 35 It
2194 3400 72 37 was
2289 3402 80 34 also
2388 3399 92 33 false
2509 3402 38 26 to
2564 3403 81 31 say,
2674 3389 81 33 that
2773 3387 60 33 the
2854 3392 86 30 war.
3022 3394 7 9 •

1619 3480 72 26 was
1704 3465 143 37 entered
1861 3463 77 33 into
1959 3461 33 32 in
2008 3455 71 37 self
2089 3454 143 37 defence
2232 3454 21 37 ,
2272 3450 22 33 m
2295 3450 45 33 id
2352 3442 43 47 co
2394 3442 21 47 n
2415 3442 131 47 tinued
2556 3441 156 39 because
2728 3441 233 35 no•oppor.:—

1617 3517 115 44 tunity
1752 3513 40 35 of
1805 3506 226 46 concluding.
2048 3513 47 25 an
2130 3496 224 39 honourable
2388 3498 113 39 peace
2535 3485 69 34 had
2628 3488 92 30 been
2980 3485 4 76 •

1620 3567 57 34 He
1696 3557 220 39 maintained
1936 3553 63 43 the
2016 3557 138 39 proper
2178 3542 123 44 course
2328 3539 125 35 would
2486 3536 93 32 have
2595 3533 92 32 been
2711 3534 38 27 to
2767 3527 92 33 infer
2872 3534 47 24 oe-
2920 3534 17 24 ,

2373 3588 7 5 '
2452 3581 22 35 fi
2539 3580 118 37 broke
2669 3582 17 26 -
2686 3582 52 26 oat
2756 3575 34 33 i't
2803 3575 136 41 Spain;

2863 3617 78 35 lied

2934 886 7 11 I
2981 886 4 11 .

3030 3000 25 17 •,
3054 3000 1 17 -
3086 3000 2 17 ,

3044 3347 11 26 t
3065 3347 12 26 4
3087 3347 21 26 ..

536 1436 207 27 ERFURTH
774 1430 416 27 COERESPONDENCE.

254 1491 76 33 Mr.
352 1489 191 40 Secretary
565 1485 208 34 CANNING
793 1492 91 28 rose,
895 1486 45 31 .t;4
959 1491 105 21 move
1080 1489 46 21 an
1147 1476 150 33 Address
1316 1478 37 32 to
1368 1476 53 33 his
1436 1476 53 33 Ma-

196 1535 102 48 jesty
328 1546 47 22 on
407 1535 59 33 the
503 1532 139 44 subject
746 1535 60 27 the
831 1527 119 34 Erfurt
961 1528 17 30 h
1009 1525 261 45 propositions,
1299 1525 152 32 relative
1479 1530 38 26 to

206 1587 61 32 the
287 1584 159 45 opening
464 1581 41 33 of
515 1593 24 21 a
559 1577 247 47 Negociation
826 1577 54 31 for
898 1576 130 32 Peace.
1059 1572 198 33 Whatever
1276 1570 129 33 doubts
1419 1571 98 32 then:

206 1633 113 43 might
341 1633 44 31 be
394 1636 43 27 as
446 1636 34 27 to
501 1631 63 32 the
578 1626 189 46 propriet:,
787 1623 43 32 i4f
839 1619 59 37 the
908 1628 93 38 steps
1022 1620 110 33 taken
1148 1620 41 40 by
1207 1618 60 32 the
1281 1618 233 32 Govermnem

207 1682 37 33 in
260 1680 215 40 conducting
494 1676 73 34 this
586 1676 235 32 transaction,
840 1681 43 22 110
898 1680 84 27 one,
1006 1668 44 33 he
1075 1678 70 25 was
1169 1665 191 33 convinced
1398 1663 119 34 would

207 1730 72 33 rise
296 1726 70 34 and
384 1736 63 32 say
465 1726 79 32 that
573 1722 31 33 if
630 1723 28 31 it
678 1720 71 33 had
769 1721 87 31 been
882 1716 200 33 other,vise
1108 1711 198 34 conducted
1331 1711 60 33 the
1408 1711 111 33 result

206 1776 124 35 would
346 1776 44 30 be
407 1772 164 44 negociat
580 1770 59 32 ion
653 1778 40 24 or
706 1775 126 34 peace.
867 1765 56 33 Ile
935 1762 155 44 thought
1103 1760 27 34 it
1140 1761 60 32 the
1213 1757 87 43 duty
1312 1757 41 38 of
1363 1757 137 33 Govern-

206 1830 94 28 ment
322 1826 39 30 to
379 1819 191 46 ascertain,
593 1814 142 45 beyond
755 1812 61 34 the
835 1809 211 46 possibility
1063 1807 45 35 of
1122 1817 24 25 a
1162 1806 132 37 doubt,
1313 1817 27 20 v.-
1350 1805 60 33 hat
1427 1796 96 40 were

207 1864 61 41 the
287 1869 74 34 real
386 1866 191 33 intentions
596 1861 43 33 of
654 1861 60 33 the
732 1869 144 34 enemy.
928 1859 60 33 He
1017 1856 70 34 and
1119 1854 52 33 his
1185 1852 227 44 *Colleagues
1439 1860 85 34 pro-

208 1917 111 45 posed
339 1923 38 25 to
397 1912 213 39 themselves
622 1915 73 28 two
715 1906 139 44 objects
868 1918 9 21 :
906 1905 91 39 first,
1016 1907 38 28 to
1078 1902 125 33 obtain
1222 1909 24 25 a
1261 1902 122 38 result,
1400 1898 123 34 which

208 1963 124 39 would
365 1962 107 33 make
502 1959 61 33 the
589 1955 193 35 intentions
808 1954 41 32 of
878 1954 64 32 the
966 1959 126 33 enemy
1119 1946 170 35 manifest
1318 1954 35 26 to
1381 1945 51 34 all
1461 1944 64 33 the

208 2011 118 34 world
347 2022 11 26 ;
384 2007 71 37 and
471 2006 187 43 secondly,
676 2010 38 26 to
733 2001 107 44 bring
857 2001 63 33 the
939 2003 133 34 matter
1098 1994 168 45 speedily
1284 1998 38 27 to
1349 2003 24 22 a
1402 1991 119 44 point,

206 2059 70 37 and
301 2062 99 28 meet
415 2056 59 32 the
491 2052 250 45 propositions
771 2048 35 33 in
826 2057 21 24 a
866 2057 81 32 way
966 2044 81 33 that
1064 2042 103 34 could
1187 2046 63 28 not
1269 2039 79 34 lead
1367 2043 38 30 to
1419 2049 103 32 many

210 2101 344 38 communications;
583 2101 63 30 but
666 2098 94 37 that,
790 2094 32 33 if
846 2092 176 47 possible,
1050 2091 61 32 the
1129 2091 76 32 first
1220 2087 128 33 should
1369 2087 44 31 be
1428 2083 83 35 (loci-

209 2153 91 34 tive.
334 2152 31 33 It
390 2159 71 26 was
478 2147 155 41 thought
650 2146 79 32 that
749 2143 60 33 the
822 2140 217 35 evacuation
1059 2135 40 34 of
1115 2135 115 45 Spain
1245 2135 50 41 by
1310 2132 60 34 the
1384 2130 139 38 Flinch

209 2206 144 38 troops,
371 2196 70 35 and
459 2198 59 31 tile
534 2191 217 37 restoration
770 2189 43 32 of
826 2189 61 34 the
906 2185 157 48 Spauish
1085 2183 119 44 Royal
1230 2180 161 43 Family,
1414 2180 115 41 ought

213 2254 38 27 to
278 2248 44 32 be
341 2245 102 33 made
459 2242 202 35 conditions
687 2238 44 33 of
752 2237 164 43 entering
945 2244 98 33 upon
1064 2242 24 22 a
1102 2225 364 47 Negociation—and
1486 2226 44 32 he

209 2294 135 45 agreed
367 2293 89 33 with
482 2291 104 32 those
605 2288 83 33 who
706 2285 152 40 thought
878 2293 52 30 so,
950 2282 37 31 in
1018 2280 100 43 point
1136 2276 41 33 of
1191 2274 117 34 moral
1335 2272 144 45 feeling.
1483 2288 45 7 —

213 2343 79 34 Yet
326 2342 35 32 in
389 2340 59 32 the
467 2336 176 34 situation
661 2335 34 31 in
726 2331 122 33 which
868 2330 43 32 he
928 2327 69 34 and
1022 2326 56 32 his
1098 2322 216 43 Colleagues
1341 2319 119 41 stood,
1486 2319 44 33 be

211 2388 156 41 thought
394 2383 83 35 that
506 2385 87 41 they
630 2391 92 22 were
750 2370 120 40 bound
883 2381 52 31 _to
970 2378 73 30 rest
1069 2378 93 38 upon
1191 2368 110 33 other
1317 2366 210 44 principles,

211 2435 71 40 had
300 2437 28 32 it
345 2434 72 33 did.
433 2439 59 27 not
511 2439 111 25 occur
639 2435 35 25 to
697 2427 76 32 him
798 2425 79 32 that
902 2419 87 45 tfiey
1012 2417 69 35 had
1098 2427 69 31 any
1188 2412 170 47 political
1377 2413 97 43 right
1492 2417 38 27 to

213 2481 154 38 demand
389 2481 71 33 this
478 2481 222 33 atonement,
718 2472 71 34 and
807 2472 76 32 that
904 2469 104 34 there
1022 2474 77 25 was
1121 2474 44 22 no
1183 2460 195 46 precedent
1408 2459 34 33 in
1462 2456 91 35 his-'

215 2539 84 35 tory
322 2536 39 27 to
379 2525 198 37 authorize
606 2524 98 31 their
739 2526 38 27 to
795 2516 115 35 break
939 2512 56 37 off
1013 2510 96 47 upon
1135 2510 102 33 these
1263 2505 169 45 grounds,
1463 2506 69 38 and
1561 2502 1 73 '

216 2578 139 43 though
377 2577 44 32 he
438 2569 200 50 confessed,
654 2570 79 31 that
754 2568 34 32 in
806 2564 109 41 doing
941 2569 58 32 so,
1020 2556 90 46 they
1131 2555 124 34 would
1270 2552 103 34 stand
1390 2562 97 34 upon
1511 2562 22 22 a

216 2627 87 44 high
326 2624 71 33 and
417 2604 165 60 splendid
599 2616 151 35 fuundat
772 2624 60 27 on,
850 2606 59 50 yet
925 2609 44 33 he
981 2607 63 34 did
1059 2611 60 28 not
1139 2603 106 34 think
1273 2600 79 33 that
1368 2610 69 31 any
1457 2598 78 33 risk

217 2674 116 44 ought
354 2678 37 27 to
420 2672 44 32 he
490 2678 69 22 ran
643 2660 207 43 Sacrifscing
868 2659 60 33 the
946 2656 77 34 real
1044 2655 162 33 interests
1222 2647 45 34 of
1289 2647 61 33 the
1367 2644 168 43 country.

215 2725 40 35 It
278 2732 72 22 was
381 2719 60 33 the
456 2715 89 43 duty
566 2711 43 35 of
637 2711 54 33 his
722 2705 189 48 Majesty's
935 2694 243 41 Government
1209 2700 39 30 to
1284 2692 178 35 ascertain
1478 2691 60 34 the

216 2770 79 35 real
321 2765 194 37 intentions
535 2759 50 35 of
604 2758 250 35 France—not
879 2751 89 44 only
978 2748 52 33 'so
1048 2758 40 24 as
1111 2752 35 27 to
1160 2741 129 45 satisfy
1311 2739 227 41 thetmelves,

219 2819 66 34 but
306 2826 38 24 to
367 2810 125 44 satisfy
513 2809 52 34 all
588 2803 172 38 mankind
777 2799 79 39 that
869 2799 110 39 _there
997 2805 73 25 was
1084 2805 44 22 no
1137 2789 144 51 „chance
1299 2781 40 39 of
1354 2799 21 21 a
1393 2786 128 40 favuut-
1520 2786 19 40 .

219 2867 86 33 aide
343 2859 124 35 result.
498 2831 2 69 '
520 2857 74 34 But
621 2852 60 34 the
715 2849 154 35 &maul
902 2846 37 33 he
939 2846 19 33 -
984 2843 71 35 and
1098 2841 52 32 his
1189 2831 216 46 Colleagues
1446 2842 93 24 were

221 2911 120 37 bound
372 2916 40 30 to
441 2906 111 40 make
582 2900 189 43 wat,lliat
791 2890 266 51 Spain•should
1075 2889 45 34 be
1137 2882 177 47 admitted
1336 2891 24 22 a
1378 2885 105 40 party
1502 2885 38 26 to

222 2960 63 35 the
306 2955 265 46 Negociation,
599 2948 69 35 and
702 2940 163 40 allowed
900 2948 39 27 to
980 2942 93 30 state
1101 2935 45 45 its
1178 2941 85 26 own
1287 2927 178 40 demands,
1492 2926 47 43 by

223 3007 125 35 which
378 3017 24 21 a
426 2996 66 39 fUll

515 2994 260 48 .opportunity
819 2989 123 35 would
977 2986 70 34 be
1046 2978 158 40 afforded
1232 2978 44 33 of
1294 2974 170 43 claiming
1487 2972 56 33 for

223 3056 67 34 her
330 3053 85 35 that
431 3056 61 28 •to
510 3020 2 70 .
534 3044 141 38 which
698 3041 66 35 she
798 3048 73 26 was
898 3034 128 47 Justly
1052 3027 165 37 entitled.
1273 3020 109 41 Noiv,
1409 3022 28 33 it
1470 3030 72 24 was

224 3109 63 28 not
327 3098 116 35 asked
478 3097 80 34 that
596 3087 133 39 Prince
772 3081 206 39 Ferdinand
1016 3076 129 37 should
1187 3076 46 31 be
1276 3069 171 39 restored,
1481 3067 61 31 but

224 3151 83 34 that
322 3149 66 33 the
407 3138 309 41 Government-de
736 3133 123 47 facto,
883 3128 131 38 should
1043 3128 45 31 be
1111 3119 176 38 admitted
1307 3128 39 26 as
1371 3126 24 22 a
1421 3124 58 37 pat
1491 3118 51 38 ty.

229 3198 37 34 It
286 3206 76 26 was
379 3198 76 33 not,
472 3191 86 43 only
579 3198 41 24 as
635 3196 24 26 a
674 3181 223 48 phta,e,but
914 3172 35 39 in
965 3174 63 37 the
1044 3171 67 34 foil
1126 3167 163 45 meaning
1300 3162 78 35 that
1393 3161 60 38 the
1472 3161 58 32 lan

228 3255 117 35 guage
363 3241 71 35 and
448 3243 59 31 the
529 3239 96 40 hope
643 3230 187 44 conveyed
847 3228 83 38 thai
945 3224 56 33 his
1022 3219 152 46 Majesty
1194 3209 15 39 i
1225 3208 161 39 servants
1401 3207 85 39 had,
1512 3207 33 32 in

226 3294 64 33 the
313 3283 294 41 Ueclarationof
619 3281 96 34 their
728 3274 213 43 Sovereign,
957 3260 118 52 commu
1075 3260 168 52 nicated
1258 3266 37 26 to
1307 3259 61 33 the
1382 3257 113 32 Court
1509 3252 53 56 of,

231 3343 53 33 St.
309 3334 249 41 Petersburgh
579 3330 99 35 their
693 3324 214 38 confidence'
1028 3317 61 32 the
1106 3308 174 44 example
1296 3305 43 39 of
1362 3302 126 44 Spain,
1515 3296 47 34 in'

229 3393 246 37 consequence
494 3381 43 34 of
550 3380 60 34 the
628 3371 253 50 unjustifiable
904 3361 209 53 aggression
1143 3351 143 50 agttirisf
1315 3353 45 33 its
1383 3348 148 43 indepen-

228 3436 129 38 de.ice,
402 3428 120 39 would
552 3430 128 32 arouse
709 3419 133 35 Rusgia
870 3415 94 34 froth
987 3413 46 32 its
1063 3394 265 48 unaccountable
1328 3394 21 48 *
1370 3394 67 37 and
1463 3394 86 39 dans

233 3493 137 37 gerous
387 3477 254 39 subserviency
669 3469 122 37 to'the
817 3458 159 46 kheini.i
987 3456 63 37 •of
1071 3446 59 41 the
1169 3445 138 40 French
1336 3442 138 38 Ruler.'
1517 3441 15 32 1

234 3531 72 33 bad
333 3530 91 33 been
452 3523 118 37 stated
598 3521 83 33 that
706 3515 66 37 the
802 3507 244 40 introduction
1080 3497 178 46 of'Spain
1283 3503 39 25 as
1346 3503 21 22 a
1389 3485 152 50 prOimi•

317 3589 6 5 •
356 3544 4 70 •
369 3572 219 43 necessarily
607 3562 194 51 produlcett.
810 3559 60 35 the
885 3552 171 51 &olive
1071 3548 44 48 Of
1127 3547 64 34 the
1205 3544 110 33 B

1315 3542 47 77 hi
1398 3583 40 33 di,
1240 3542 77 35 aler
1335 3537 44 33 nf
1388 3533 97 38 Fr

1441 3531 87 81 itan&

234 3543 72 21 had
333 3543 91 20 been
452 3543 118 17 staters
600 3543 80 11 tow.
707 3543 63 8 Li...
803 3543 243 4 ....•••-_______

231 3589 110 32 nary,
369 3572 219 43 necessarily
607 3559 263 54 produted.the
885 3552 171 51 negative
1072 3548 43 35 of
1127 3547 64 34 the
1205 3543 112 34 Rifler
1335 3543 44 27 Of
1388 3543 141 27 France
1543 3544 11 28 ;
1618 3543 12 18 1
1630 3543 12 18 ,
1642 3543 86 18 11154.7
1752 3543 34 5 .i.
1806 3543 187 8 ----------
1993 3543 38 8 0•

231 3626 80 34 that
345 3624 31 33 it
406 3631 73 25 was
513 3612 216 50 ftnpossible
765 3609 80 34 that
879 3605 20 40 h
899 3605 40 40 e,
964 3595 194 40 consistent
1191 3591 92 35 with
1315 3581 54 39 his
1398 3581 133 44 dignit%
1544 3604 12 17 ,
1597 3611 8 7 .
1620 3567 38 34 li
1658 3567 19 34 e
1696 3548 220 48 maint:Ained
1936 3553 63 43 tho
2016 3557 138 39 proper
2178 3543 102 43 cours
2280 3543 21 43 e
2328 3543 125 31 would
2486 3543 93 25 have
2595 3543 92 21 been
2711 3543 38 18 to
2767 3543 92 17 oner
2872 3543 64 14 ire.
3069 3543 53 1 .._

1581 3575 4 81 ,
1616 3608 187 48 iodation
1817 3611 37 28 to
1877 3596 137 46 Frauet•
2028 3596 103 33 when
2148 3593 61 34 the
2228 3588 207 35 revolution
2452 3581 73 35 first
2539 3580 118 37 broke
2667 3582 18 26 -
2685 3582 54 26 oak
2756 3575 34 33 in
2803 3575 136 41 Spout;
2974 3596 30 7 ..
3030 3585 6 8 •

234 3672 110 35 could
361 3665 261 50 subsequently
640 3654 136 50 accede
793 3661 39 28 to
849 3653 63 35 the
930 3638 237 48 continuance
1182 3638 45 46 of
1246 3647 24 25 a
1300 3630 227 39 nfOciation
1544 3639 11 25 ;

1604 3659 81 35 .and
1706 3656 110 34 while
1832 3650 63 38 the
1913 3646 132 46 people
2062 3639 124 45 called
2202 3633 57 39 for
2276 3628 208 41 Periliiiand
2505 3626 96 35 Vil.
2619 3627 87 39 they
2719 3622 76 33 also
2813 3614 198 41 c‘tiled'-.'
3012 3614 54 41 ..-
3066 3614 54 41 !.:

239 3722 80 40 but,
350 3729 74 24 %VAS
456 3716 28 34 it
517 3718 64 31 not
614 3706 163 50 possible
795 3707 37 28 to
866 3700 92 33 have
976 3689 176 43 admitted
1178 3686 63 34 the
1261 3672 2 90 •
1276 3678 228 47 government
1520 3672 41 35 of

241 3769 133 44 Spain,
402 3763 124 44 acting
560 3761 35 33 in
633 3756 59 37 the
718 3759 105 30 name
841 3748 43 37 of
894 3738 222 53 ,Fertlinand
1149 3733 61 37 the
1245 3726 51 40 Sei
1296 3726 17 40 r
1312 3726 34 40 en
1346 3726 70 40 tli,
1443 3730 35 26 to
1499 3719 59 34 the
1620 3706 57 34 for
1694 3705 59 33 the
1769 3693 257 45 annelioratioo
2044 3689 41 34 of
2096 3686 97 35 their
2210 3678 402 50 horrikliovernment,
2639 3678 40 26 to
2699 3661 122 40 whicb
2843 3666 96 41 they
2963 3676 39 31 ~+
3018 3689 11 5 ,
3040 3661 5 151 •
3094 3663 41 32 .%

240 3814 249 46 negociation,
515 3819 43 25 as
573 3817 24 24 a
606 3802 241 48 'government
863 3795 40 35 de
915 3793 123 46 facto,
1067 3783 120 35 whilst
1201 3780 54 32 4w
1274 3772 105 40 could
1401 3772 91 33 have
1508 3767 45 34 iir•
1620 3751 104 38 owed
1739 3749 52 37 all
1809 3744 96 35 their
1923 3741 145 41 misery.
2122 3733 58 39 lie
2192 3732 60 34 did
2270 3735 64 30 not
2352 3728 145 43 require
2519 3719 184 34 Mitristers
2719 3715 237 38 lo'abandms.
2956 3715 22 38 -
3018 3704 5 156 •
3111 3704 24 19 '.
3193 3717 19 11 -

1605 3756 2 90 •
1618 3803 26 40 •5
1652 3798 99 47 pain,
1762 3796 65 43 but
1845 3793 9 32 i
1861 3789 18 35 f
1883 3789 90 46 they
1983 3780 137 43 wished
2132 3790 25 31 g
2167 3781 112 45 peace
2287 3777 89 44 they
2396 3772 91 35 inuta
2499 3768 142 37 behave
2655 3770 38 27 to
2708 3756 235 54 Bonaparte;

241 3862 132 35 cluded
400 3859 61 37 the
480 3856 112 35 claim
608 3852 43 37 of
673 3841 57 44 his
759 3843 151 38 brother
966 3831 187 40 oas
1186 3827 64 34 the
1269 3814 235 54 government
1522 3814 39 33 de

236 3909 69 46 jur
404 3908 56 34 'ro
480 3905 72 34 this
562 3896 203 50 position,.
765 3886 169 52 justitied
943 3833 146 86 Joseph'
1090 3882 151 33 tame,p
1271 3873 35 31 in
1328 3865 144 43 'history
1493 3859 67 44 and
1625 3852 83 32 who
1729 3852 74 31 was
1817 3843 40 31 at
1873 3837 67 43 the
1951 3824 91 54 head
2067 3829 43 34 of
2122 3829 65 35 the
2196 3827 159 43 greateat
2341 3784 89 31 in
2631 3811 89 44 they
2735 3819 92 22 ever
2846 3814 72 26 SIOV
2929 3827 21 19 w
3124 3784 5 171 ,

244 3960 51 43 by
314 3957 61 35 the
409 3953 206 47 particular
631 3943 177 39 situatioa
826 3948 24 25 o
850 3937 17 39 f
888 3932 131 53 Sgain,
1049 3926 98 35 what
1167 3932 77 25 was
1263 3917 63 34 the
1341 3920 141 28 air-wer
1509 3908 56 32 re-
1625 3896 34 33 iii
1669 3904 30 38 a
1708 3893 174 37 decorous
1893 3888 158 33 manner.
2083 3878 47 32 As
2144 3872 58 37 for
2220 3865 243 50 Bonaparte's
2478 3860 162 45 Message
2650 3865 40 39 to
2705 3853 242 44 thttlesido.
2976 3867 138 14 ._.....

244 4004 132 37 turned
403 4004 50 43 by
485 3998 63 37 the
580 3986 161 45 Minister
741 3986 21 45 -
778 3985 43 38 of
839 3970 247 56 'Burlap:int?
1131 3970 103 35 That
1257 3965 45 32 he
1319 3969 106 28 never
1444 3954 117 38 would
1625 3943 74 33 tive
1724 3935 99 47 Body
1843 3931 28 37 it
1886 3926 227 46 alfordedno
2127 3920 148 35 defence
2291 3918 60 37 far
2370 3915 74 34 this
2461 3917 97 32 note,
2584 3915 41 25 as
2643 3906 27 31 it
2687 3899 110 38 could
2815 3904 65 28 uot
2897 3896 48 31 be

243 4004 111 83 witte
354 4004 22 83 d

379 4059 73 34 any
469 4046 112 37 claim
601 4042 41 37 of
663 4041 64 34 the
745 4011 506 70 Spanishpeople,sbecallse
1270 4010 86 43 they
1378 4015 93 26 were
1491 4010 73 26 wit
1628 3989 135 34 known
1781 3981 105 51 when
1902 3977 32 39 it,
1952 3966 298 50 Wasdispatched
2264 3979 11 26 ;
2302 3961 71 37 and
2388 3969 39 26 at
2445 3970 47 33 all
2492 3970 17 33 )
2532 3961 80 28 rate
2644 3950 33 37 it
2707 3956 74 27 was
2809 3948 66 31 not
2903 3947 41 27 to

244 4108 94 27 State
366 4098 43 33 of
430 4094 193 38 rebellion.
673 4085 85 38 And
785 4081 111 34 'when
919 4074 83 35 'this
1028 4070 151 39 country
1209 4056 20 51 p
1230 4056 20 51 r
1250 4056 105 51 essed
1382 4054 19 45 u
1401 4054 77 45 ptiu
1525 4041 41 41 he
1628 4038 44 41 be
1690 4028 17 52 .
1707 4028 123 52 argiseo
1863 4033 100 37 upon
1996 4030 39 25 Rh
2075 4024 107 35 many
2220 4011 144 35 siutliar

2396 4002 21 52 .
2418 4002 234 52 deelartions
2692 3994 72 35 had
2806 3992 37 34 in
2882 3989 69 35 the

244 4147 150 50 knifes
438 4141 247 50 Clovriaroeot
728 4131 66 39 the
831 4126 167 39 iutete,sts
1038 4116 44 37 of
1106 4110 145 48 •,Spaiu,
1265 4041 4 156 •
1291 4103 105 40 what
1429 4100 146 34 41111WCr
1628 4078 126 45 cUatue
1778 4077 52 38 or.
1841 4067 229 60 aeouttattna
2104 4065 94 33 been
2231 4055 161 46 receded
2411 4054 99 37 from
2539 4046 51 48 by
2602 4044 63 40 all
2694 4041 154 51 pattios:
2856 4041 99 41 —Ai
3038 4041 5 156 •

1101 4157 5 7 .

579 4186 20 17 ...,
2851 4094 17 13 ~
2881 4084 5 118 •
2957 4084 5 118 •
3009 4084 2 118 .

2657 4120 5 6 .

2272 4139 2 12 .
2404 4139 6 6 .
2443 4139 4 12 .

963 4212 6 5 .
1413 4191 9 6 ..
1511 4183 31 11 ...
1814 4173 20 6 ..
1880 4169 2 47 .

754 4225 4 14 .
912 4225 5 14 .
973 4225 4 14 .
1019 4225 4 14 .

2849 4152 9 12 '

1081 4315 9 7 •
3176 4270 4 52 i
3194 4270 12 32 .0

196 81 155 53 FEB.
392 79 48 47 5.

3177 0 35 45 41

3164 87 7 32 1
