3262 4415
183 128 66 57 $6

185 256 110 37 With
313 260 148 47 respect
485 259 41 31 to
555 255 102 34 what
685 253 72 37 had
785 254 93 37 been
901 250 81 37 said
1005 250 208 47 respecting
1240 249 63 35 the
1329 244 194 39 Catholics

185 304 39 38 fn
273 302 167 40 Ireland,
468 302 67 33 •he
580 301 138 37 trusted
750 301 45 35 •it
839 298 126 38 would
1003 299 178 38 convince
1220 295 187 39 Ministers
1442 292 80 35 that

185 356 72 34 our
286 360 131 34 enemy
438 359 78 25 was
534 359 135 25 aware
686 348 45 35 of
742 358 69 27 our
835 347 115 35 weak.
977 345 93 41 side,
1097 345 73 40 and
1201 343 130 39 induce
1359 341 99 34 them
1485 343 38 28 to

187 398 210 50 etrengthee
410 398 28 33 it
457 397 144 44 beyond
618 397 64 35 the
699 404 131 37 passer
844 394 200 35 ofassaalt.
1101 392 59 34 He
1179 389 165 40 believed
1363 389 83 34 that
1461 386 63 34 the

187 445 228 41 enthusiasm
439 444 50 37 of
513 445 116 34 Slain
650 446 79 33 wat
750 452 109 37 ritu,
887 442 74 38 and
989 441 123 39 would
1127 445 65 30 not
1212 441 145 35 consent
1374 441 40 28 to
1436 433 86 40 shed

189 493 159 43 gnother
360 493 97 45 drop
475 491 46 38 of
536 491 142 39 Bi4tish
696 490 116 38 blond
836 490 37 39 in
888 488 65 38 the
978 497 124 33 cause,
1124 487 115 34 unless
1257 495 24 30 a
1305 480 119 41 moral
1448 490 59 33 cer-

190 540 123 48 falaty
330 539 46 38 of
391 549 142 27 success
548 539 109 37 could
676 539 46 33 be
738 534 143 39 shewri.

385 596 107 48 wiro
506 601 76 38 this
596 599 240 46 complexion
855 607 58 33 we
930 601 214 39 must:come
1161 601 39 30 at

240 661 60 41 TO
311 666 99 35 treat
431 661 91 37 with
540 661 146 43 France
702 670 45 26 on
769 669 118 26 worse
898 643 41 61 an
959 643 21 61 4
1000 643 103 61 worse
1121 661 111 31 terms
1246 654 59 33 the
1324 653 129 41 longer
1472 659 54 24 we

190 710 159 51 ilelayed
367 710 177 46 agreeing
561 711 38 32 to
612 707 177 35 conclude
801 717 24 24 a
842 713 128 40 peace.
999 704 52 40 As
1069 704 59 38 for
1148 702 63 35 the
1226 700 131 48 charge
1376 699 81 44 that
1473 707 53 24 we

196 758 214 47 ttinullated
432 767 112 32 wars,
567 755 71 40 and
657 754 86 39 then
757 754 167 57 partook
943 752 43 33 of
998 749 61 37 the
1080 742 154 63 plunder
1246 748 43 34 of
1312 746 72 41 Our
1407 746 119 39 allies,

196 806 66 46 the
280 806 103 45 Irptlt
394 804 45 34 of
449 802 35 40 It
504 814 73 28 was
595 798 142 53 proved
757 811 35 26 in
809 798 159 48 the'case
986 798 44 43 of
1043 798 181 46 Holland.
1274 789 111 41 After
1402 793 128 43 taking

197 852 276 125 fdostionding
489 852 72 38 and
578 848 233 44 melancholy
844 847 97 35 view
961 844 44 34 of
1026 844 63 34 the
1107 844 125 37 affairs
1261 841 44 44 of
1326 840 116 47 Spain
1460 840 69 35 and

239 900 165 46 artugal,
431 900 45 40 he
494 896 196 41 cenclnded
706 896 51 44 by
772 888 161 50 moving'
937 904 46 24 an
992 892 228 40 amendment
1233 883 38 54 to
1283 889 61 33 the
1358 888 43 37 Ad
1401 888 21 37 d
1422 888 109 37 ress,

209 938 228 57 ,thanking
454 943 57 43 his
530 943 157 50 Majesty
704 940 59 41 fhr
781 943 64 33 the
860 935 309 53 communication
1186 937 45 37 of
1243 938 60 35 the
1318 937 142 44 Papers
1472 947 60 28 ;-

202 996 171 46 4ssuring
390 994 74 39 him
484 994 81 43 that
583 992 89 43 they
699 987 123 37 would
843 987 91 46 haye
952 979 193 54 regretted'
1150 984 207 39 extremely
1380 980 71 43 had
1470 981 63 33 the

206 1054 106 33 cause
332 1041 45 40 of
398 1041 123 48 Spain
531 1041 90 33 been
639 1036 231 45 ahandoned,
898 1037 65 31 but
978 1035 83 41 that
1082 1032 89 46 they
1189 1033 63 34 did
1271 1042 60 33 see
1348 1030 83 41 that
1448 1029 85 34 such

203 1082 279 61 Oandopmeta
502 1098 73 26 was
587 1083 120 40 called
724 1083 57 43 for
797 1084 48 43 by
863 1084 61 33 the
938 1074 364 51 other'Relligerents
1313 1078 143 40 t—that
1474 1077 61 33 the

249 1144 61 28 ote
328 1131 229 51 trqnsraitted
568 1131 53 45 by
639 1134 56 33 his
715 1129 191 47 Majesty's
928 1124 196 50 Secretary
1143 1129 60 32 for
1224 1127 159 44 Foreigb
1401 1124 138 39 Affairs

209 1195 81 38 yitts
319 1183 142 54 mow's('
469 1207 8 20 1
521 1180 197 46 impolitic,
756 1178 72 34 awl
857 1174 256 47 unnecessary,
1153 1176 60 33 for
1246 1174 59 34 the
1337 1172 130 38 course
1499 1170 43 38 of

211 1228 157 57 Spin's%
390 1228 295 46 ifidependance;
711 1225 79 41 that
810 1225 63 44 the
888 1222 235 47 negociatinn
1142 1222 117 45 ought
1278 1225 37 35 to
1335 1221 94 34 have
1448 1222 89 32 been

210 1280 146 40 farther
379 1276 150 39 entered
561 1276 91 38 into,
676 1274 41 33 in
745 1271 109 35 order
872 1276 38 28 to
931 1271 181 34 ascertain
1135 1270 33 33 if
1188 1269 72 45 anY
1278 1267 115 34 bent
1394 1263 21 45 6t
1431 1264 106 39 could

214 1326 168 59 possibly
400 1328 133 32 accrue
550 1322 94 34 from
664 1320 46 39 it,
735 1319 71 38 and
827 1325 38 33 to
880 1319 70 45 beg
966 1317 57 35 his
1043 1316 162 45 Majesty
1224 1322 39 28 to
1278 1317 100 33 avail
1401 1313 146 35 himself

215 1374 46 37 of
281 1382 73 35 any
373 1372 122 45 fulnre
511 1367 246 48 opportunity
776 1367 143 51 otlqed
945 1364 46 34 of
1011 1363 222 45 concluding
1246 1374 22 24 a
1297 1372 129 34 peace,
1459 1369 64 26 con-

213 1422 124 43 fistent
363 1420 90 38 with)
472 1419 220 34 thehenour
711 1414 44 38 of
781 1409 60 43 the
869 1417 157 40 country
1055 1406 71 40 anti
1156 1411 64 41 the
1248 1411 143 44 dignity
1422 1409 45 35 of
1487 1408 56 35 his

268 1517 81 33 The
389 1511 240 37 Amendment
654 1520 80 27 was
776 1507 197 46 negatived
1016 1506 161 38 without
1215 1517 24 22 a
1264 1504 176 46 division,
1479 1502 70 35 and

220 1564 64 45 the
300 1561 204 39 Addreds'w
515 1558 135 34 ashen
665 1564 65 39 put
742 1557 71 41 and
829 1551 136 50 agreed
980 1553 338 47 to.—Adjourned.
1434 1551 1 58 •

723 1603 4 13 .
746 1603 4 13 •

652 1696 300 33 WEDNESDAY,
985 1696 93 27 FEB.
1097 1687 37 50 t.

270 1765 58 43 On
350 1763 67 43 tho
445 1762 143 40 motion
613 1760 45 37 of
672 1760 78 41 Mr.
780 1759 133 35 ADAM
945 1768 24 27 a
992 1768 83 31 new
1110 1757 90 35 writ
1235 1767 73 33 ergs
1324 1757 154 40 ordered
1495 1756 61 34 for

222 1814 65 44 the
300 1809 171 46 borniigli
493 1809 46 43 of
561 1808 231 47 'Aylesbury,
820 1807 37 40 in
880 1805 73 33 the'
974 1798 148 52 County
1142 1804 45 38 of
1218 1805 273 46 Bnciiinghain,
1520 1806 34 34 in

224 1871 107 37 room
346 1860 46 38 of
406 1859 64 52 file
489 1856 100 45 gnu.
600 1845 142 57 hNor
758 1851 222 46 Cavendish,
1006 1852 195 43 kleceascd.

630 1905 5 7 •
660 1905 4 7 •
690 1905 4 7 •
716 1905 5 7 •

704 1939 123 27 DUKE
855 1939 58 26 OF
944 1938 141 33 YORK.

274 2001 77 41 Yr,
373 2000 203 52 IVlant.r
593 1993 138 50 having
744 1995 129 40 moved
891 1994 65 34 the
972 1994 109 47 order
1096 1993 46 45 of
1162 1994 63 43 the
1240 1993 72 48 day
1337 1994 60 35 for
1414 2006 24 25 a
1453 1998 106 37 Corn-

228 2049 129 86 Rittee
370 2048 44 37 of
442 2047 61 33 the
521 2041 135 39 whole'
831 2046 61 30 'to
926 2042 217 44 investigate
1174 2043 61 33 the
1270 2042 149 35 conduct
1439 2044 45 33 of
1507 2046 52 34 his

266 2096 92 45 oyal
378 2093 187 50 llighpeo
580 2088 63 41 tOe
659 2091 115 44 Phke
789 2089 46 39 of
850 2081 209 48 York,lhe
1087 2091 169 43 Speaker
1273 2078 67 45 left
1357 2091 64 41 the
1440 2093 118 43 Chair,

464 2151 34 24 111

227 2140 73 45 and
319 2153 46 28 op
383 2143 65 48 the
502 2141 103 37 Q6Oll
622 2137 43 45 of
672 2137 85 44 *Mr.
780 2135 170 43 Wardle,
970 2135 74 44 Mr.
1065 2125 183 54 Whittler)
1279 2146 71 26 was
1374 2130 120 46 called
1524 2146 35 28 to

228 2190 150 58 preside
398 2180 372 53 Inthetommittee.

274 2235 235 44 111r,Wartnt
509 2235 21 44 ,
530 2235 44 44 t;
608 2230 139 40 wishe'd
778 2235 39 41 to
835 2230 91 43 take
957 2242 46 25 no
1028 2230 208 45 advantage
1259 2230 204 46 whatever,
1495 2233 64 46 but

227 2289 43 43 to
293 2285 107 37 leave
431 2281 65 38 the
522 2280 169 47 question
710 2285 38 27 to
765 2277 104 51 stapd
887 2283 43 37 or
952 2277 78 46 fall
1030 2277 20 46 .
1050 2277 40 46 by
1107 2271 2 60 -
1124 2280 47 33 its
1200 2289 83 30 own
1293 2277 125 37 merits
1436 2271 124 53 (hear!

228 2331 107 43 Acid
346 2334 12 38 )
384 2322 4 52 •
435 2324 66 43 All
536 2329 45 32 he
609 2327 71 43 had
697 2326 106 34 -done
835 2324 74 44 wai
932 2330 39 34 la
978 2326 17 34 -
994 2326 89 34 offer
1110 2322 151 47 himself
1283 2337 40 22 as
1352 2337 150 27 accuser
1520 2331 45 32 of

201 2365 1 58 ,
223 2365 4 58 .
252 2380 45 33 he
326 2376 129 45 novo
497 2374 115 48 puke
625 2381 53 26 'on
703 2372 157 48 grounds
891 2372 122 45 Which
1041 2372 71 44 had
1140 2365 104 52 cone
1276 2378 38 43 to
1345 2372 57 43 his
1426 2367 110 43 'know-

248 2426 106 44 edge,
381 2417 73 57 and
472 2421 265 46 from'reports
757 2418 122 38 Which
908 2420 116 47 ought
1049 2418 63 44 no't
1141 2425 39 33 to
1213 2430 80 35 pa=s
1311 2422 193 44 anootied
1524 2422 35 35 in

254 2473 61 35 hat
332 2471 152 50 lioase,*
500 2470 70 37 and
589 2464 141 46 Which,
764 2465 32 35 if
817 2471 97 37 true,
940 2457 117 47 caned
1078 2464 129 46 loudly
1228 2466 47 34 for
1276 2466 17 34 .
1317 2458 98 50 ilie'ir
1448 2470 93 33 inter-

228 2517 168 47 ference.
416 2504 5 60 •
449 2515 112 39 Much
592 2513 67 39 had
674 2515 97 44 beep
796 2509 79 41 said
906 2513 44 35 of
969 2504 250 56 Jacobinism,
1246 2513 104 47 much
1375 2515 71 38 had
1467 2517 90 37 been

231 2568 81 44 paid
346 2565 45 33 of
422 2564 64 39 the
514 2550 273 56 liceptiouSt4ss
815 2561 43 39 of
882 2561 64 41 the
973 2564 116 43 press;
1115 2561 72 35 and
1215 2559 44 39 of
1285 2564 31 31 ri•
1341 2564 217 45 conspiracy

229 2613 148 48 against
400 2608 63 56 the
497 2604 130 50 fam'ily
663 2608 43 43 of
742 2598 230 59 Itrunswrck.
1026 2608 59 34 lie
1106 2608 70 37 had
1208 2608 142 50 neither
1382 2607 112 45 taken
1513 2622 47 34 up

228 2668 150 44 Teports
406 2657 207 38 circulated
646 2654 161 46 through
835 2655 64 41 the
921 2655 157 46 Medium
1104 2654 44 34 of
1166 2655 63 41 the
1253 2659 112 41 press,
1390 2667 69 25 nor
1485 2669 50 22 em-

228 2708 144 53 ployed
403 2706 65 45 the
501 2714 98 43 press
632 2704 37 35 in
694 2702 56 33 his
774 2708 90 35 accu
868 2704 13 32 s
881 2702 104 43 ation
1012 2701 45 41 of
1082 2701 64 37 the
1172 2702 124 45 Royal
1323 2680 128 66 liuke.
1501 2705 61 37 Ile

229 2751 197 59 prufesie4.
463 2748 152 44 himielf
635 2747 43 56 *t9
712 2750 48 34 be
790 2759 45 34 pa
868 2758 130 37 enemy
1042 2747 38 40 to
1111 2741 231 59 korrUptlon,
1383 2761 40 30 as
1449 2761 112 35 every

227 2813 90 47 loan
348 2802 37 39 in
411 2800 93 37 that:
519 2798 124 35 house
666 2797 118 45 ought
813 2802 38 39 to
869 2796 64 45 be,
959 2796 65 38 but
1050 2794 46 35 he
1115 2806 76 27 was
1217 2794 46 37 Ito
1274 2792 131 50 enemy
1429 2803 40 35 to
1500 2800 64 41 the

230 2849 207 45 tilustrious
457 2846 130 43 House
600 2843 15 37 -
615 2843 32 37 of
671 2838 236 48 Brunswick,
1004 2844 65 33 ficit
1096 2854 46 28 an
1173 2845 177 44 assertion
1372 2848 120 45 'night
1526 2852 37 34 ip

227 2895 98 50 )4ve
339 2897 83 34 beer
445 2895 116 41 fnqui
561 2893 65 34 ved
647 2903 51 33 up
718 2893 50 43 by
783 2890 206 44 sinhethiog
1005 2893 52 32 lilt
1064 2901 19 21 e
1102 2891 128 44 proof,
1256 2901 43 26 er
1313 2898 38 27 to
1368 2893 97 35 have
1474 2895 89 40 hern

228 2944 143 45 wholly
385 2940 178 39 avoided.
615 2939 28 34 N
653 2949 21 21 o
694 2941 81 38 Man
796 2939 34 35 in
846 2937 63 34 the
931 2940 28 32 II
971 2949 84 25 ouse
1070 2937 124 37 would
1207 2937 45 41 tie
1265 2940 85 37 hold
1363 2941 144 44 enough
1526 2946 38 31 to

228 2991 85 45 liay,
338 2992 84 37 that
452 2988 204 47 any'rank,
685 2983 176 38 howeier
881 2986 217 38 illwArions,
1123 2976 132 43 should
1273 2986 137 37 shelter
1428 2989 61 35 the
1508 2989 35 34 in-

228 3038 170 40 dividual
431 3035 86 37 who
540 3045 73 30 was
630 3035 122 44 guilty
782 3033 41 33 of
835 3034 130 33 abuses
987 3032 94 50 from
1102 3033 244 43 punishment,
1370 3035 71 33 and
1461 3035 102 38 much

228 3089 72 39 less
318 3085 107 41 screen
425 3085 19 41 .
459 3084 77 43 hint
553 3081 92 38 from
665 3080 167 46 imoiry.
883 3081 81 33 The
984 3079 129 47 poison
1141 3080 85 43 then
1254 3087 46 26 to'
1311 3093 28 20 w
1350 3081 85 39 hose
1456 3084 51 37 lot
1538 3084 25 33 it

229 3129 65 51 Fell
314 3141 38 26 to
365 3129 89 38 take
470 3141 50 34 up
536 3141 25 22 a
592 3130 169 56 iuestion
778 3128 43 33 of
835 3126 72 40 this
928 3126 86 34 kind
1037 3138 73 21 was
1128 3133 39 26 to
1187 3128 46 32 be
1259 3128 209 38 considered
1488 3130 35 34 in
1540 3141 22 27 a

228 3181 131 51 plii4le
386 3178 113 43 li4ht,
524 3178 71 33 and
622 3175 181 44 sheltered
823 3176 35 34 in
881 3176 65 33 the
964 3180 135 33 outset,
1123 3180 39 28 at
1181 3175 116 33 least
1297 3175 91 34 from
1407 3187 72 33 any
1500 3178 50 34 lin-

257 3223 146 43 urvient,
419 3222 45 43 of
474 3223 129 43 unfair.
613 3219 30 44 rr
643 3219 15 44 o
658 3219 123 44 litives.
833 3222 45 35 If
900 3221 104 43 there
1025 3231 97 25 were
1139 3231 73 33 any
1227 3223 175 46 Jacobins
1414 3222 97 35 •noW
1531 3226 32 33 in

228 3272 65 52 pie
313 3269 183 47 'coui:tey,
517 3269 38 38 it
581 3269 142 35 would'
733 3270 48 34 be
822 3270 99 33 their
958 3269 91 43 wish
1076 3269 124 37 rather
1234 3270 80 37 that
1343 3270 216 46 corruption

226 3322 132 46 ihould
377 3319 170 40 flourish.
604 3318 32 43 It
658 3320 76 31 was
748 3322 38 28 to
801 3327 103 31 save,
930 3317 70 39 and
1018 3321 63 32 not
1096 3321 39 27 to
1155 3317 84 33 ruin
1257 3318 60 32 the
1328 3324 154 40 country
1496 3331 11 28 ;
1535 3320 27 34 it

228 3378 78 34 was
324 3376 35 31 to
372 3369 133 41 render
522 3367 64 34 the
615 3366 246 43 Ciqvviliment
879 3370 99 39 more
998 3369 211 47 permanent
1227 3366 70 32 and
1317 3367 246 43 rcspectahle,

224 3418 20 40 4
244 3418 43 40 11
287 3418 21 40 4
308 3418 21 40 .
330 3418 43 40 00
387 3402 19 59 t
426 3402 19 59 4
465 3402 136 59 degrade
621 3412 71 35 and
711 3412 209 46 ultimately
935 3406 172 39 overturn
1122 3418 43 33 it,
1185 3402 80 53 that
1281 3411 83 35 such
1388 3413 175 46 inquiries

226 3471 40 41 its
285 3465 44 34 be
350 3462 195 54 proposed_
555 3471 93 22 were
669 3467 38 26 to
726 3459 46 39 he
801 3455 176 48 adopted:
1028 3459 80 33 The
1131 3457 244 45 Honour:ole
1396 3461 165 34 Member

226 3514 87 37 filen
339 3509 176 38 uthertcd
536 3516 39 26 to
607 3507 98 35 what
739 3506 71 40 had
836 3506 116 34 fallen
970 3513 45 32 on
1041 3507 61 34 the
1123 3506 141 34 former
1281 3507 102 45 night
1402 3508 96 35 from
1515 3520 44 22 an

227 3557 249 50 honourable
503 3555 73 35 and
594 3555 161 35 learned
783 3554 215 35 Gentleman
1031 3563 80 37 now
1147 3554 34 33 in
1215 3555 63 33 the
1304 3555 125 44 linase
1459 3553 18 44 '(
1491 3556 69 34 Mr.

224 3607 188 84 .Adailstf•
439 3605 83 38 that
540 3604 231 39 Ceutleman,
798 3601 43 41 he
861 3594 194 48 observed,
1082 3601 70 34 had
1169 3601 135 41 stated,
1328 3604 81 35 that
1427 3601 57 35 for
1499 3604 61 33 the

222 3650 151 58 fastois
405 3656 80 33 teen
506 3656 106 40 years
643 3650 44 38 he
718 3648 73 33 had
810 3648 90 40 been
920 3648 209 44 intimately
1148 3648 219 46 actinaintrd
1388 3651 100 37 'with
1507 3652 48 32 all

220 3691 70 111 416
289 3691 22 111 7
312 3691 141 111 c4sti'
452 3691 24 111 A
476 3691 47 111 ry
553 3697 246 37 transa:tions
828 3694 43 34 oc
896 3693 63 35 the
994 3694 211 46 illostrious'
1232 3697 124 43 Duke,
1381 3698 70 37 and
1479 3699 77 33 that

901 3741 6 7 •
953 3739 2 18 .
994 3739 8 18 •
1004 3739 4 18 .

223 3746 60 60 slo
283 3746 20 60 .
304 3746 162 60 ..glta't
857 3746 5 60 •

506 3745 131 47 period
672 3755 46 28 no
751 3744 87 43 ;uclt
857 3749 19 38 l
876 3749 19 38 i
895 3749 213 38 •ansactions
1124 3754 38 25 as
1185 3743 46 35 he
1250 3743 69 34 had
1337 3746 117 34 stated
1487 3745 67 34 had

221 3796 106 52 bode
343 3802 40 37 to
405 3790 58 56 4is
478 3793 234 48 knoiviedv,
731 3804 11 7 -
757 3784 71 43 •Ile
844 3802 28 25 vs
886 3791 85 37 ould
991 3791 137 33 remind
1157 3791 64 33 the
1247 3793 142 33 learned
1410 3793 128 34 Gentle-

219 3842 104 46 &lei,
346 3840 201 47 ii4mc.ver„
573 3837 79 46 that
666 3850 22 22 a
711 3839 201 45 prceniary
928 3839 241 41 transaction,
1198 3837 45 34 of
1254 3840 24 33 a
1293 3841 102 33 much
1409 3846 148 38 greater

215 3891 106 102 024f
321 3891 26 102 r
347 3891 133 102 viji0
573 3891 19 45 ,
608 3883 51 38 'lie
673 3883 77 41 Ilia
764 3881 5 111 .
780 3881 226 52 Mentionest,
1031 3886 70 51 hsni
1103 3881 4 111 °
1123 3896 105 25 come
1257 3892 37 28 to
1312 3887 84 35 that'
1408 3889 145 40 learned

208 3935 33 13 .
339 3935 32 13 .
404 3935 65 13 .•

253 3950 45 32 ca
391 3948 47 31 an
454 3948 26 24 e
496 3935 235 45 knowledg,
758 3934 37 34 in
816 3943 247 37 consequence
1082 3933 57 34 of
1152 3946 25 21 w
1189 3933 84 35 hich
1289 3944 22 25 n
1329 3935 132 34 breach
1486 3935 66 33 had

215 3981 117 63 tsilten
348 3985 109 46 place
475 3985 170 37 betweeo
663 3984 61 32 the
743 3980 206 46 illitstrioas
978 3979 109 45 ptike
1106 3981 72 38 and
1206 3981 73 37 the
1290 3981 99 45 Lady
1409 3983 46 34 he
1482 3983 69 34 bad

211 4036 158 47 already
385 4033 74 50 hod
476 4031 175 39 occaiimO
670 4033 37 31 to
737 4026 182 50 oientiim;
969 4025 57 35 lie
1050 4032 77 32 was'
1139 4039 130 24 aware
1299 4029 81 33 how
1400 4030 105 35 mach
1526 4031 27 34 it

211 4094 8 35 5
220 4094 8 35 t
228 4094 9 35 5
237 4094 9 35 .
247 4094 28 35 ..4
275 4094 9 35 ,
285 4094 9 35 s
304 4083 69 44 tat:
386 4083 152 41 interest
555 4080 41 35 of
612 4078 66 33 Ma
679 4087 40 34 ay
737 4077 267 57 tiiidiseourage
1018 4076 61 34 the
1100 4074 231 47 prosecution
1351 4077 44 34 of
1408 4077 73 34 this
1500 4078 35 34 in-

209 4129 67 48 etiii
282 4131 41 41 ri
334 4128 8 43 .
343 4128 9 43 1
370 4127 46 45 (h
418 4130 77 40 jr
495 4131 131 43 strung
640 4121 125 39 mrirks
777 4124 17 44 u
794 4124 17 44 .
810 4124 18 44 r
837 4122 389 45 dissalikractiogieei•e
1246 4124 306 45 ea'petsied:from

207 4178 97 43 *WC
314 4181 111 52 ?gas
455 4176 50 46 of
519 4173 67 41 'the
620 4175 150 41 Jicuse)
785 4185 15 32 i
828 4172 46 34 he
907 4181 77 27 was
1004 4181 98 32 sure,
1128 4170 161 51 how:tver
1289 4170 20 51 )
1309 4170 20 51 .
1344 4170 84 39 that
1446 4172 18 38 ,
1463 4172 89 38 Ither

322 4247 8 11 ,
364 4232 2 26 •
412 4232 17 14 .

2668 103 157 53 FEB.
2864 104 51 51 5.

1586 237 288 35 considerations
1904 235 122 34 would
2060 233 144 47 prevail
2237 231 91 33 with
2346 231 65 34 the
2446 231 143 39 House,
2613 229 69 35 and
2717 237 26 24 a
2767 237 73 28 %as
2858 227 58 34 his

1591 283 92 34 wish
1714 291 37 27 to
1785 285 165 39 declare,
1975 281 159 47 through
2169 280 64 35 the
2261 278 156 37 medium
2437 276 43 37 of
2503 276 81 33 that
2620 275 145 40 HOuse,
2791 280 37 30 to
2857 274 64 34 the

1589 337 151 39 country
1749 324 77 44 and
1844 330 65 35 the
1928 330 136 46 people
2091 331 39 38 at
2147 327 118 43 large,
2291 326 64 37 the
2387 325 142 35 honour
2555 322 70 37 and
2643 322 176 45 integrity
2839 320 44 34 of
2894 331 24 25 a

1597 378 131 56 Britis4
1761 378 244 35 Parliament.
2076 374 45 38 In
2153 376 65 35 the
2251 374 235 45 prosecution
2512 369 46 35 of
2583 371 61 34 the
2679 369 168 45 inquiry,
2872 367 46 35 he

1593 426 119 34 would
1740 425 193 39 therefore
1951 425 117 34 throw
2105 422 149 38 hinit.elf
2265 431 48 24 on
2339 420 61 33 the
2417 420 163 33 candour
2608 418 70 34 and
2707 416 214 50 indulgence

1591 472 44 34 of
1648 474 60 34 the
1728 472 143 41 House,
1896 472 71 39 and
1987 471 120 37 would
2135 468 161 51 proceed
2314 474 38 33 to
2368 467 71 39 call
2458 467 34 39 in
2511 465 57 47 his
2589 465 198 39 witnesses,

1639 520 71 35 Mr.
1734 521 43 32 NV
1787 529 150 26 Artntr
1956 519 235 45 accordingly
2211 513 89 39 read
2316 515 61 35 the
2394 513 214 47 paragraph
2628 511 34 35 in
2681 511 64 34 the
2764 506 157 39 Gazette

1591 567 43 34 of
1657 569 59 33 the
1731 568 65 35 6th
1824 567 45 34 of
1885 567 111 44 July,
2026 565 109 44 15,5,
2152 565 152 44 stating,
2326 562 83 44 that
2427 561 125 44 Henry
2577 560 162 44 Rowley
2763 557 157 44 Knight,

1591 617 150 44 captain
1756 617 45 33 of
1822 614 64 38 the
1900 614 64 38 sth
1987 615 208 41 Dragoons,
2220 622 79 26 was
2315 617 39 27 to
2370 609 46 40 he
2434 608 94 46 major
2529 608 19 46 .
2548 608 19 46 ,
2587 607 43 34 of
2642 607 64 34 the
2721 604 90 41 56th
2824 604 78 45 regi-

1592 669 96 30 ment
1703 663 44 43 of
1768 663 99 41 font,
1885 663 84 34 vice
1988 661 124 46 Major
2128 660 151 40 Brook,
2306 657 87 37 who
2409 657 219 43 exchanges.

1821 717 267 38 Examination
2112 715 45 41 of
2173 716 69 37 Dr.
2259 715 74 41 AM
2334 715 125 35 DREW
2476 710 100 48 Tip'
2588 720 100 28 NNE.

1644 767 45 40 Q.
1717 767 21 35 I
1766 767 93 35 wish
1891 772 39 28 to
1956 767 66 34 ask
2065 761 81 48 you'
2170 759 171 43 Whether
2367 772 73 34 you
2472 759 170 46 attended
2674 758 91 34 Mrs.
2785 757 138 48 Clark;

1600 816 32 33 in
1662 815 107 45 July,
1806 816 93 41 180
1916 827 9 27 ;
1956 814 20 35 I
2003 814 46 33 do
2079 816 65 34 not
2174 804 177 43 recollect
2368 804 110 47 July,
2510 808 104 39 1805,
2636 816 103 25 more
2765 806 143 45 particu-

1600 862 92 46 larly
1724 863 89 33 than
1832 869 85 37 'any
1950 861 106 35 other
2088 860 90 37 time
2192 870 12 30 ;
2241 857 20 40 I
2289 857 96 35 have
2413 848 137 45 known
2578 857 90 34 Mrs.
2699 853 141 38 Clarke
2868 850 60 40 fur

1600 909 97 33 these
1713 919 105 26 seven
1835 921 43 22 or
1894 909 107 44 eight
2015 919 119 34 years.

1646 958 45 43 Q.
1722 956 74 38 Did
1811 969 76 33 yon
1903 967 87 24 ever
2007 956 118 45 apply
2144 956 50 44 by
2206 953 122 34 desire
2342 952 43 35 of
2392 961 72 34 any
2478 960 132 37 person
2626 953 40 31 to
2683 948 93 37 Mrs.
2791 947 138 35 Clarke

1600 1004 58 35 for
1682 1015 44 25 an
1741 1005 193 43 exchange
1961 1006 167 44 betwpen
2159 1000 294 44 Lieut.-Colonel
2490 997 141 45 Knight
2662 997 71 41 and
2772 993 156 47 Colonel

1604 1052 122 33 Brook
1742 1052 12 32 ?
1809 1054 50 33 A.
1884 1054 15 34 I
1915 1051 154 47 applied
2087 1056 41 28 to
2145 1051 91 34 Mrs.
2255 1048 141 35 Clarke
2411 1048 35 33 in
2465 1041 246 47 consequence
2730 1042 45 35 of
2797 1043 50 45 an
2862 1051 45 37 ap-

1605 1101 176 44 plication
1799 1100 94 34 from
1913 1100 76 34 Mr.
2010 1098 46 37 R.
2079 1096 158 43 Knight,
2262 1096 63 35 the
2342 1095 150 33 brother
2524 1091 46 35 of
2582 1091 152 39 Colonel
2769 1087 161 56 Knight,

1603 1148 70 35 and
1689 1141 61 40 did
1766 1148 174 45 Speak:to
1958 1144 247 37 Mrs.'Clarke
2218 1142 207 47 respecting
2440 1142 83 33 that
2536 1140 204 44 exchange.

1652 1196 44 39 Q.
1726 1195 113 41 What
1857 1195 129 45 passed
2000 1204 44 26 on
2057 1194 81 33 that
2151 1191 141 45 subject
2302 1192 163 33 between
2485 1188 90 34 Mrs.
2590 1186 142 37 Clarke
2745 1185 70 35 and
2828 1195 72 34 you
2915 1183 13 35 ?

1609 1243 50 35 K.
1689 1244 19 34 I
1727 1243 77 35 told
1825 1243 65 34 her
1905 1243 81 33 that
2015 1241 17 35 I
2062 1251 79 24 was
2159 1237 213 37 authorised
2388 1243 39 27 to
2445 1246 65 34 say
2530 1234 79 34 that
2637 1233 63 35 she
2720 1232 126 35 would
2875 1243 39 25 re-

1607 1283 135 43 ceil4a
1756 1291 78 35 sum
1847 1289 46 34 of
1900 1299 136 35 .money
2056 1299 44 28 on
2114 1287 61 37 the
2192 1286 189 43 exchange
2396 1283 109 45 being
2522 1281 167 40 effected,
2713 1280 73 35 and
2812 1279 100 48 speci
2913 1279 21 48 ,

1611 1338 67 33 lied
1695 1349 21 22 a
1728 1348 78 24 sum
1820 1337 44 34 of
1869 1338 100 33 200/.
2717 1370 11 1 _
2745 1370 7 1 _
2881 1370 28 1 _

1659 1385 45 39 Q.
1735 1385 78 34 For
1826 1384 102 34 what
1945 1393 161 44 purpose
2124 1391 74 31 was
2211 1381 74 35 this
2301 1390 78 33 sum
2394 1377 44 40 of
2451 1387 128 35 money
2594 1376 136 37 offered
2743 1374 115 35 ?—A.
2881 1374 54 37 To

1615 1431 128 39 induce
1761 1433 93 46 Mrs.
1870 1430 143 35 Clarke
2026 1439 37 25 to
2080 1428 177 46 expedite
2272 1427 65 35 the
2353 1426 204 45 exchange,
2569 1424 69 33 and
2656 1424 35 33 in
2709 1423 110 40 order
2831 1428 39 30 to
2882 1431 54 32 re,

1615 1491 104 25 move
1735 1480 129 47 delays
1879 1480 84 33 that
1976 1478 137 38 seemed
2133 1483 38 27 to
2190 1476 44 38 be
2252 1476 37 33 in
2302 1474 63 35 the
2380 1483 99 33 way.
2531 1474 4 53 .

1663 1526 47 43 Q.
1736 1527 180 43 Thropgh
1936 1526 99 34 what
2055 1524 157 45 medium
2238 1520 78 41 was
2335 1518 30 38 it
2388 1518 184 50 expected
2590 1518 79 43 that
2687 1517 94 35 Mrs.
2798 1515 142 35 Clarke

1615 1574 128 34 should
1755 1574 181 48 expedite
1954 1574 81 48 that
2050 1572 190 47 exchange
2254 1571 15 34 ?
2322 1569 50 40 A.
2400 1569 19 35 I
2437 1569 161 45 suppete
2620 1566 30 37 it
2668 1565 28 37 is
2709 1565 131 51 pretty
2857 1563 85 39 well

1619 1622 145 38 known.

1637 1658 2 53 •
1669 1671 44 37 Q.
1735 1667 97 38 'Was
1861 1669 31 34 it
1918 1674 66 32 not
2009 1668 35 37 in
2078 1674 247 38 consequence
2352 1662 39 38 of
2414 1664 91 34 Mrs.
2531 1658 172 40 Clarke's
2728 1658 215 39 connection

1622 1716 89 38 with
1728 1716 64 34 the
1806 1716 115 39 Duke
1937 1716 44 34 of
1994 1715 113 48 York
2126 1715 81 33 that
2222 1721 73 37 you
2313 1711 102 34 made
2434 1711 61 33 the
2509 1708 236 52 application
2758 1707 14 34 ?
2825 1708 48 33 A.
2907 1702 41 48 it

1624 1774 74 24 was
1714 1762 183 46 certainly
1922 1763 35 33 in
1970 1770 243 37 consequence
2238 1757 46 35 of
2309 1760 63 33 her
2387 1756 215 39 connection
2630 1755 92 40 with
2750 1763 25 26 a
2803 1753 143 39 certain

1622 1817 100 39 great
1742 1811 224 45 personage,
1983 1820 44 25 or
2036 1821 46 24 an
2096 1807 239 48 application
2353 1812 38 32 to
2409 1805 65 37 her
2497 1802 128 44 would
2642 1807 64 33 not
2720 1801 94 41 'have
2815 1801 20 41 .
2851 1801 94 40 been

1619 1859 181 46 supposed
1818 1869 206 25 necessary.

1671 1906 45 39 Q.
1744 1906 76 34 Did
1840 1907 91 40 Mrs.
1951 1894 139 46 Clarke
2100 1912 189 26 announce
2298 1907 40 30 to
2352 1900 72 34 Mr.
2439 1898 143 45 Knight
2598 1896 64 37 the
2676 1897 269 38 circumstance

1624 1952 44 34 of
1677 1949 70 44 'the
1759 1954 191 44 exchange
1976 1952 107 44 being
2099 1951 171 44 gazette('
2289 1949 112 47 ?—A.
2430 1948 72 34 She
2523 1950 77 32 sent
2616 1950 39 30 to
2673 1955 60 34 my
2753 1945 115 34 house
2883 1941 65 38 the

1624 2001 157 34 Gazette
1802 2001 230 44 announcing
2066 1998 63 34 the
2157 1998 216 43 exchange
2373 1998 27 43 '
2400 1993 139 46 though
2572 2004 46 24 no
2650 2001 130 34 money
2817 1989 130 48 passed

1625 2044 155 47 through
1799 2057 63 35 my
1890 2048 128 44 hands,
2042 2046 71 38 and
2143 2046 18 34 I
2186 2050 76 33 sent
2278 2044 64 35 the
2361 2044 158 38 Gazette
2550 2044 39 37 to
2609 2041 60 37 the
2688 2037 143 46 parties
2858 2039 90 37 can.:

1624 2083 144 46 corned.

1674 2143 46 39 Q.
1748 2143 77 35 Did
1847 2143 73 34 Mr.
1943 2143 51 37 IL
2015 2141 143 53 Knight
2189 2140 109 34 alone
2328 2137 188 38 authorise
2544 2145 74 37 yeti
2648 2138 38 33 to
2702 2132 170 43 mention'
2884 2130 64 37 the

1623 2187 99 41 200/.
1748 2200 41 24 or
1809 2200 78 25 was
1905 2183 156 43 Colonel
2081 2187 145 45 Knight
2254 2187 81 33 also
2350 2191 26 28 a
2392 2184 111 54 party
2537 2183 37 34 in
2604 2181 64 40 The
2692 2179 224 38 transaction

1625 2238 51 33 A.
1708 2237 40 37 In
1763 2248 57 33 my
1839 2237 239 46 application
2095 2241 38 30 to
2154 2236 90 39 Mrs.
2259 2233 158 46 Clarke,
2484 2241 74 27 was
2570 2228 159 45 entirely
2747 2223 203 41 influenced

1625 2285 50 41 by
1691 2284 72 40 Mr.
1786 2285 47 40 R.
1850 2281 159 50 Knight.
2060 2283 72 34 His
2160 2281 91 37 wife
2283 2282 83 34 wag
2389 2291 25 22 a
2446 2276 143 48 Patient
2617 2275 45 35 of
2675 2275 131 40 *mitie;
2831 2272 70 35 and

1626 2331 136 35 wished
1781 2337 39 31 to
1837 2333 130 43 oblige
1981 2331 72 35 him
2068 2341 39 22 as
2125 2340 60 38 my
2199 2328 136 47 ftind,
2388 2324 104 44 Wish
2505 2324 159 40 Colonel
2680 2321 145 46 Knight
2843 2322 19 35 I.
2877 2330 77 27 was

1623 2385 63 27 not
1703 2388 39 24 so
1761 2378 85 37 well
1863 2374 236 59 acquainted,

1671 2425 45 39 Q.
1749 2426 86 33 Was
1866 2421 298 50 Lieut.-Colonel
2184 2421 144 47 Knight
2354 2422 144 46 present
2515 2417 107 38 when
2642 2417 54 38 his
2718 2415 158 40 brother
2889 2414 43 35 de-

1623 2472 97 35 sired
1739 2484 73 34 you
1828 2477 40 31 to
1887 2473 92 34 offer
2006 2472 59 41 the
2091 2471 102 39 2001,
2206 2471 13 32 ?
2274 2470 50 40 A.
2355 2469 19 41 I.
2391 2471 132 35 cannot
2549 2465 175 38 recollect
2741 2464 96 35 that.
2894 2461 60 37 He

1626 2529 74 25 wag
1717 2513 219 47 Sometimes
1948 2524 159 41 present,
2133 2517 72 37 and
2237 2516 207 39 sometimes
2469 2517 80 38 not,
2576 2512 105 34 when
2715 2512 65 34 the
2809 2507 146 63 sulciect

1628 2577 74 22 was
1720 2565 128 37 talked
1859 2567 65 41 of;
1951 2565 66 39 but
2039 2565 167 34 whether
2217 2565 44 33 he
2276 2574 74 24 was
2370 2567 141 43 present
2524 2567 39 31 at
2576 2564 73 40 any
2667 2557 94 50 tune
2769 2558 109 39 whey
2896 2557 61 35 the

1623 2614 98 35 2001.
1739 2626 74 22 was
1839 2614 222 41 ineoimied,
2088 2613 64 37 has
2167 2610 158 53 escaped
2343 2621 59 41 my
2417 2616 184 35 memory.*

1676 2661 45 38 Q.
1736 2661 69 46 (by
1826 2662 60 35 Sir
1910 2662 41 37 F,
1970 2657 172 46 Rurdett)
2164 2660 79 39 Did
2257 2668 76 35 you
2348 2654 151 50 reqeest•
2511 2655 106 41 Mn,s
2617 2654 143 43 Clarke
2773 2657 41 33 to
2828 2659 51 38 ap
2891 2653 67 46 ply

1626 2713 38 28 to
1684 2708 63 53 Or
1767 2702 113 47 Duke
1894 2708 46 35 of
1963 2707 116 35 York
2099 2712 40 30 to
2156 2705 180 47 expedite
2362 2705 64 34 the
2439 2699 195 48 exchange
2661 2700 25 34 it
2704 2704 254 44 tensequence

1626 2754 46 37 of
1696 2756 61 37 her
1772 2753 188 46 receiving
1976 2756 63 32 the
2070 2754 89 33 2001
2161 2777 8 7 .
2184 2754 13 32 ?
2220 2748 4 51 •
2244 2748 93 50 The
2348 2748 104 46 thing
2470 2748 265 38 is.understood
2748 2759 13 27 ;
2791 2748 14 37 1
2832 2748 129 34 would'

1625 2807 64 28 not
1709 2802 90 40 have
1814 2802 161 46 applied
2008 2806 38 28 to
2066 2802 89 39 Mrs.
2170 2800 141 41 Clarke
2339 2799 119 41 Weis
2480 2796 65 45 she
2581 2794 74 39 had
2676 2794 188 53 possessed
2893 2796 65 35 the

2360 2843 4 15 .
2450 2845 9 8 •
2532 2843 5 15 ;

1628 2845 185 50 necessary
1832 2859 138 25 means.

1676 2898 46 39 Q.
1756 2898 111 33 What
1885 2906 99 25 were
1997 2896 59 35 the
2072 2906 120 26 mr.ans
2206 2897 71 43 you
2293 2891 215 51 understand
2519 2890 64 37 she
2598 2889 185 48 possessed
2838 2890 51 37 A.
2919 2890 41 38 It

1629 2955 77 24 was
1721 2944 219 39 understood
1967 2949 39 37 at
2026 2944 61 34 the
2105 2937 87 40 lime
2210 2943 64 41 she
2297 2941 74 35 had
2387 2950 98 32 some
2504 2930 177 51 ititlitenee
2700 2933 92 46 wild
2811 2948 25 24 a
2850 2943 111 40 great

1631 3000 213 35 personage.

1676 3038 46 39 Q.
1743 3040 67 44 (by
1832 3040 60 33 Sir
1922 3039 45 34 F.
1991 3038 181 50 purdett)
2200 3037 76 38 Did
2301 3044 77 38 yon
2411 3039 65 31 not
2505 3034 123 47 apply
2646 3035 37 35 to
2701 3032 92 40 Mrs.
2813 3030 144 40 Clarke

1629 3090 37 30 to
1683 3087 65 33 ask
1769 3087 60 33 the
1852 3087 111 39 Duke
1981 3087 41 32 of
2046 3087 112 39 York
2177 3090 38 38 to
2228 3084 177 44 expedite
2422 3083 63 38 the
2502 3079 214 48 exchange?
2770 3080 51 35 A.
2844 3079 17 35 I
2881 3079 81 34 did.

1675 3133 47 46 Q.
1754 3133 85 35 Was
1852 3133 65 34 the
1932 3135 100 35 2001.
2048 3133 137 39 ofered
2204 3133 59 38 for
2277 3132 83 34 that
2375 3129 180 56 purpose?
2555 3129 22 56 .
2616 3128 47 37 A.
2696 3126 76 35 For
2785 3128 81 39 that
2882 3126 78 35 sole

1630 3185 172 39 purrice.

1676 3229 44 39 Q.
1753 3229 85 34 Was
1857 3230 64 32 the
1937 3239 105 33 name
2061 3229 41 35 of
2117 3229 64 40 the
2196 3228 112 35 Duke
2323 3226 45 33 of
2382 3224 113 39 York
2511 3222 206 44 mentioned
2732 3223 35 34 iu
2786 3223 71 35 this
2869 3233 65 26 con-

1630 3276 178 33 versation
1830 3276 93 35 with
1943 3275 90 37 Mrs.
2056 3268 165 43 Clarke?
2276 3276 46 33 A.
2348 3274 18 35 I
2382 3276 130 30 cannot
2531 3270 93 45 4y..

1676 3322 44 40 Q.
1742 3324 66 44 (by
1830 3326 60 33 Sir
1905 3325 43 34 J.
1971 3322 110 44 Hall)
2113 3315 96 41 Who
2229 3322 59 35 did
2309 3332 74 35 you
2399 3317 104 38 mean
2536 3319 106 37 whet)
2662 3328 73 33 you
2763 3317 79 38 said
2863 3318 92 38 Mrs.

1631 3370 141 35 Cliirke
1800 3371 72 35 had
1905 3381 100 25 some
2033 3372 176 37 influence
2230 3369 91 39 with
2348 3380 22 22 a
2387 3373 105 40 great
2516 3370 198 45 personage
2730 3366 14 35 ?
2798 3367 51 33 A.
2878 3366 83 37 The

1631 3415 243 43 Commander
1892 3419 35 34 in
1950 3418 116 37 Chief
2086 3418 44 34 of
2148 3428 143 26 course.
2320 3415 2 43 •

1676 3467 44 39 C.
1743 3467 69 45 (by
1828 3458 76 41 Mr.
1926 3464 171 45 Wardle)
2120 3467 129 52 At..the
2268 3467 89 43 time
2374 3463 64 44 the
2450 3461 193 46 exchange
2657 3471 72 25 was
2743 3459 146 48 spoken
2906 3459 60 44 of,

1624 3513 64 33 did
1709 3521 70 37 you
1794 3511 175 46 give'apy
1993 3513 103 46 thing
2126 3503 44 45 it
2183 3508 154 50 writing
2361 3519 39 32 to
2420 3509 91 38 Sirs.
2532 3509 167 35 Clarke?
2752 3508 53 37 A.
2872 3507 93 40 did;

1664 3569 92 34 gave
1774 3561 65 34 her
1857 3560 63 52 the
1935 3570 122 31 names
2072 3560 43 34 of
2138 3560 61 35 the
2219 3561 141 44 parties
2372 3570 46 24 on
2435 3569 22 22 a
2470 3557 72 48 slip
2562 3556 44 34 of
2617 3565 133 45 paper.
2806 3553 20 38 I
2838 3555 124 35 either

1626 3615 25 26 %%
1667 3613 76 30 rote
1761 3609 96 33 then
1878 3609 129 39 down,
2033 3619 41 24 or
2092 3608 63 34 she
2172 3608 61 34 did
2254 3609 30 33 it
2302 3605 150 40 herself.

1670 3656 48 44 Q.
1740 3654 66 46 (by
1826 3656 293 45 sirT.Turfon)
2146 3658 52 33 At
2209 3653 73 46 'any
2297 3652 219 48 subsequent
2531 3651 91 35 time
2637 3648 63 35 did
2714 3648 91 43 Mrs.
2819 3648 142 37 Clarke

1620 3703 144 44 sayshe
1781 3702 70 37 had
1869 3702 164 47 applied
2047 3707 35 28 to
2096 3704 63 35 the
2172 3693 120 46 bake
2310 3702 44 34 of
2376 3700 116 40 York
2511 3709 44 31 on
2574 3697 74 39 this
2663 3698 159 35 business
2837 3697 13 34 ?
2904 3694 59 39 A.'

1620 3750 83 35 The
1722 3751 149 44 sending
1890 3752 63 33 the
1972 3751 157 34 Gazette
2148 3751 28 34 is
2193 3750 51 34 all
2265 3750 18 34 I
2304 3749 109 35 knew
2426 3745 118 39 about
2561 3746 41 34 it.
2624 3748 7 8 '
2754 3745 5 50 •
2778 3745 5 50 '

1670 3798 46 39 Q.
1752 3798 74 40 hid
1847 3798 90 35 Mrs.
1961 3798 139 35 Clarke
2117 3807 89 25 ever
2231 3809 63 33 say
2314 3796 84 34 that
2426 3795 60 34 the
2503 3793 191 45 exchange
2718 3802 76 25 was
2811 3802 124 25 accom-

1622 3839 143 52 plkhed
1781 3847 47 44 by
1851 3846 66 34 her
1932 3844 146 38 means?
2107 3844 48 37 A.
2172 3844 91 37 Mrs.
2281 3844 142 34 Clarke
2439 3840 261 46 accompanied
2718 3840 65 33 the
2794 3841 167 35 Gazette

1658 3893 54 33 ith
1733 3904 19 24 a
1774 3893 112 38 Note,
1917 3898 37 31 to
1981 3904 64 33 say
2065 3891 63 37 the
2144 3887 191 51 exchange
2354 3901 74 24 was
2440 3887 283 45 accomplished
2739 3900 12 27 ;
2778 3887 96 33 that'
2889 3886 66 35 she

1622 3952 74 22 was
1711 3943 109 40 goiot
1835 3947 63 27 out
1911 3941 45 33 of
1977 3943 102 33 town
2095 3943 33 35 is
2139 3952 26 25 a
2179 3941 76 46 day
2270 3943 45 33 (ir
2331 3945 93 38 two,
2448 3937 76 52 and
2535 3937 81 41 that
2635 3935 61 34 the
2711 3932 100 53 2001.
2836 3933 124 38 would

1619 3989 45 32 be
1684 3999 87 33 very
1806 3989 219 45 :i.nVenient.
2225 3993 6 5 '

1668 4045 45 47 9.
1742 4037 106 43 Wye
1866 4055 74 33 you
1957 4044 196 47 preserved
2171 4043 64 47 the
2250 4046 85 33 note
2354 4035 14 41 ?
2379 4028 4 65 .
2420 4042 46 38 A.
2498 4041 76 41 No,
2602 4041 21 37 I
2641 4028 132 53 setilt,
2785 4038 96 37 with
2893 4037 64 37 the

2759 4083 6 14 i
2831 4085 8 11 •

1622 4094 162 48 Cootie
1796 4097 38 28 to
1853 4093 65 35 the
1937 4093 152 44 parties.

1757 4135 81 48 (lIV
1872 4134 76 39 Mr.
1978 4135 188 47 Wardle).
2231 4139 78 38 Did
2339 4141 73 41 ytm
2447 4136 112 34 know
2593 4135 45 35 of
2666 4135 90 35 Mrs.
2778 4131 189 45 ;Clarke's

1613 4187 122 47 living
1774 4187 86 45 with
1860 4187 22 45 )
1924 4188 74 37 and
2042 4188 110 35 under
2190 4186 61 37 the
2296 4185 228 37 immediate'
2548 4179 216 53 'protection
2800 4175 48 44 bf
2891 4180 65 43 IM

1058 97 38 74 ;
1096 97 117 74 rHE
1246 111 378 57 NATIONAL
1658 104 383 56 REGISTER.

739 146 60 7 ........

739 156 60 9 06.4.1111.
