3240 4417
1136 133 143 53 THE
1315 131 369 54 NATIONAL
1719 128 369 54 REGISTER.

248 136 156 52 FEB.
443 133 53 51 5.

679 281 90 22 THE
790 281 117 24 DUKE
927 282 54 24 OF
1004 279 139 26 YORK.

300 319 85 37 The
404 318 128 38 House
548 318 85 35 then
646 324 102 31 went
761 319 74 35 into
852 331 22 22 a
888 319 229 38 Committee.
1169 318 72 34 Mr.
1260 317 181 34 Wharton
1459 317 35 33 in
1507 313 61 35 the

257 366 137 39 Chair.

307 415 80 38 Mr:
417 415 152 45 Wardlp
587 425 77 30 rose
684 420 38 27 to
737 419 142 32 correct
902 424 44 24 an
965 413 223 34 inadvertent
1205 420 104 26 error
1337 412 34 33 in
1391 410 54 37 his
1472 409 102 34 testi.

255 465 113 41 'bony
383 470 44 25 on
450 462 226 44 Wednesday
703 459 116 48 night.
872 462 58 34 He
948 461 71 35 had
1038 461 83 34 then
1135 459 92 41 said,
1256 459 81 33 that
1364 458 43 34 he
1428 456 70 34 had
1512 462 60 27 not

257 509 93 35 been
372 509 91 34 with
485 510 90 38 Mrs.
593 509 139 37 Clarke
750 521 46 24 on
823 509 168 45 Tuesday
1011 509 176 43 morning,
1213 508 66 32 hut
1307 506 71 38 had
1404 515 78 24 seen
1511 503 64 33 her

259 557 47 33 an
321 556 83 38 that
419 557 169 44 evening,
615 557 45 38 he
678 568 83 24 now
787 556 217 37 recollected
1031 555 130 43 having
1187 565 84 24 seen
1302 554 65 33 her
1396 552 109 33 twice
1531 559 45 25 on

260 604 85 35 that
360 605 89 44 day,
476 604 137 45 though
633 612 64 28 not
712 617 48 24 on
776 604 63 35 the
854 604 67 45 day
943 604 41 37 bet
984 604 27 37 .,
1011 604 13 37 .
1024 604 14 37 ,
1038 604 43 37 re,
1135 602 58 33 He
1212 600 138 35 wished
1376 596 200 40 therefore,

260 650 84 35 that
364 652 79 35 that
459 661 107 40 errpr
580 652 117 45 might
711 653 45 34 he
771 651 200 38 corrected,

311 699 83 38 The
417 699 223 51 'Chancellor
673 700 47 34 of
748 700 60 33 the
841 699 234 43 Exchequer.
1127 694 83 35 Had
1241 694 63 34 the
1341 691 237 37 Honourable

262 744 216 38 Gentleman
494 758 72 34 any
581 746 255 35 conversation
855 745 92 34 with
969 746 90 33 Mrs.
1076 744 136 35 Clarke
1230 754 45 22 on
1291 741 165 44 Tuesday
1479 739 76 33 rela-

262 794 79 44 tive
359 798 39 31 to
417 796 60 34 the
496 800 144 39 present
659 794 144 46 inquiry
817 794 13 34 ?

312 841 78 37 Mr.
415 842 162 41 Wardle.
628 841 60 43 No
700 841 249 40 conversation
967 839 46 35 of
1019 849 72 34 any
1109 841 167 32 moment.
1330 833 190 44 Certainly
1535 842 43 22 no

262 889 224 45 particular,
514 900 46 22 no
580 889 150 44 pointed
745 888 266 34 conversation.

317 935 223 35 Chancellor
555 938 43 33 of
608 937 63 37 the
691 935 233 51 Exchequer.
977 933 74 35 Did
1069 932 59 34 the
1154 930 246 38 Honourable
1417 926 165 39 Member

266 983 80 35 first
360 985 159 35 mention
539 986 59 33 the
617 985 152 43 charges
781 984 139 50 against
932 981 60 33 the
1012 979 240 41 Commander
1265 978 34 33 in
1311 974 113 35 Chief
1434 979 37 30 to
1491 974 89 32 Mrs.

266 1030 158 45 Clarke,
449 1043 44 22 or
506 1032 61 34 she
586 1038 39 28 to
644 1033 76 38 him
732 1031 14 35 ?

320 1080 74 37 Mr.
418 1080 162 40 Wardle.
634 1080 18 37 1
672 1074 110 50 Palley
800 1078 80 39 that
899 1078 34 33 in
961 1076 63 34 the
1054 1074 74 37 first
1152 1074 159 33 instance
1342 1071 17 34 I
1395 1072 64 39 put
1485 1076 99 25 some

267 1127 185 51 questions
472 1134 37 26 to
529 1128 65 40 her
608 1126 217 52 coareffling
841 1126 99 39 what
959 1123 18 37 I
998 1123 71 34 had
1085 1122 122 37 heard,
1233 1120 67 32 and
1318 1119 76 33 that
1415 1117 27 32 it
1461 1124 73 22 was
1550 1115 34 31 in

267 1183 249 41 consequence
534 1174 45 44 of
591 1174 105 37 those
711 1172 183 51 queitions
917 1172 18 39 I
958 1178 64 39 got
1039 1170 90 33 from
1148 1169 63 35 her
1227 1167 63 33 the
1309 1163 237 37 information
1566 1160 18 34 1

270 1221 81 43 did.

320 1269 84 39 The
432 1269 226 40 Chancellor
685 1269 45 37 of
743 1267 60 37 the
823 1265 236 50 Exchequer.
1114 1261 117 37 Could
1257 1259 63 35 the
1350 1256 239 37 Honmirable

273 1316 216 43 Gentleman
506 1323 94 28 state
612 1317 96 38 from
730 1316 118 34 whom
867 1315 45 32 he
930 1315 74 32 first
1025 1310 71 35 had
1111 1310 52 38 his
1178 1307 236 35 information
1429 1307 141 40 respect-

273 1364 64 46 ing
353 1367 100 33 those
470 1365 181 43 charges?
706 1364 7 8 •

325 1411 76 37 Mr.
433 1411 167 34 Wardle.
656 1411 35 34 It
722 1408 119 35 would
866 1410 46 33 be
941 1406 210 45 impossible
1180 1403 63 41 for
1266 1411 54 22 me
1348 1406 38 32 to
1410 1398 47 40 do
1475 1408 38 24 so
1528 1406 11 28 t
1570 1396 15 33 I

274 1460 111 38 could
402 1465 61 31 not
483 1459 92 34 with
594 1457 193 46 proprjety
807 1467 99 24 name
922 1456 63 33 the
1003 1463 145 35 persons
1165 1450 91 33 from
1277 1448 120 34 whom
1422 1444 15 35 I
1459 1444 67 33 had
1547 1444 39 32 it.

325 1507 80 34 The
422 1504 358 47 Attorney-Ceittrul
809 1504 117 34 called
943 1511 99 37 upon
1061 1500 71 34 Mr.
1154 1498 118 34 Adam
1286 1501 38 33 to
1345 1493 159 45 produce
1532 1491 59 32 the

274 1554 130 47 Intiers
419 1560 77 30 sent
509 1561 39 33 to
563 1554 74 33 him
658 1556 47 41 by
724 1554 86 32 Mrs.
827 1552 151 34 Clarke.

326 1603 74 45 Mr.
422 1599 118 38 Adani
574 1602 84 35 then
689 1599 184 46 produced
900 1598 59 33 the
977 1597 138 33 letters.
1165 1592 80 35 One
1260 1590 44 33 of
1317 1589 98 32 them
1442 1587 45 33 he
1511 1584 78 35 said

276 1659 80 33 was
372 1646 107 40 dated
511 1649 99 44 June
643 1648 64 38 the
732 1646 100 45 190,
861 1644 157 34 without
1048 1652 71 33 any
1148 1649 104 35 year,
1274 1636 69 41 and
1375 1636 27 32 it
1435 1643 74 24 was
1537 1633 34 32 in-

279 1697 132 38 dorsed
429 1697 34 39 in
482 1696 54 39 his
554 1706 85 31 own
658 1695 110 38 hand,
794 1693 94 34 June
917 1693 56 39 19,
993 1690 106 34 1508.
1149 1685 77 40 The
1252 1684 107 34 other
1385 1693 73 25 was
1483 1680 107 34 dated

279 1746 15 37 4
294 1746 15 37 ,
567 1742 158 38 without
750 1752 70 32 any
849 1739 128 34 month
1005 1746 44 25 or
1081 1744 99 37 year.

326 1792 85 39 The
430 1791 74 43 first
522 1791 111 34 letter
652 1788 133 40 stated,
813 1787 80 34 that
920 1785 84 35 Mrs.
1030 1783 137 39 Clarke
1193 1779 72 35 had
1289 1778 155 45 applied
1469 1779 38 32 to
1533 1773 63 34 the

281 1839 117 48 Poke
418 1837 43 35 of
489 1837 115 51 York
631 1835 61 34 for
725 1835 61 40 the
814 1838 171 40 pasinent
1010 1830 44 34 of
1076 1831 63 33 her
1165 1825 184 48 promised
1383 1822 150 43 annuity
1559 1820 41 33 of

278 1887 102 35 4001.
402 1893 63 38 per
480 1894 148 30 annum,
645 1883 45 34 of
704 1881 118 50 which
844 1881 100 33 5001.
973 1889 78 25 was
1068 1874 83 37 then
1169 1876 70 32 due
1258 1881 37 25 to
1315 1872 78 41 her,
1420 1872 65 32 but
1499 1874 39 27 to
1552 1877 44 22 no

278 1943 175 78 hurpose.
504 1932 72 34 She
601 1929 128 44 found,
755 1929 61 33 she
839 1928 94 39 said,
957 1926 83 38 that
1072 1925 44 34 he
1136 1933 76 22 was
1239 1932 22 22 a
1287 1928 81 32 man
1394 1916 21 40 d
1415 1916 44 40 ev
1459 1916 22 40 o
1481 1916 45 40 id
1553 1915 41 31 of

307 1991 117 35 onour
437 1980 70 39 and
526 1978 200 47 principle,
738 1976 70 38 and
826 1976 77 33 that
922 1974 54 32 his
1005 1971 102 39 word
1126 1967 109 38 could
1252 1972 60 27 not
1333 1968 45 32 be
1397 1963 113 35 relied
1534 1970 61 24 on.

281 2028 77 43 She
385 2026 188 45 requested
593 2022 72 43 Mr.
681 2014 119 44 Adam
830 2028 37 30 to
896 2021 133 37 inform
1059 2019 54 33 his
1142 2014 122 46 Royal
1292 2013 201 45 Highness,
1519 2009 78 33 that

280 2075 120 45 qnleits
419 2073 45 37 he
478 2070 135 47 agreed
630 2078 39 35 to
685 2081 124 26 secure
833 2070 64 33 her
918 2067 171 43 annuity,
1108 2065 64 38 she
1191 2060 122 37 would
1332 2057 145 47 publish
1488 2065 109 33 every

281 2119 266 43 circumstance
559 2115 143 50 against
722 2118 72 34 him
809 2117 81 41 that
908 2115 70 33 had
997 2113 113 38 taken
1128 2111 106 46 place
1253 2108 132 41 during
1402 2104 97 35 their
1515 2111 64 28 con-

282 2170 163 50 gection,
458 2169 71 34 and
547 2166 37 37 al
619 2161 53 43 his
697 2166 125 33 letters
837 2169 38 33 to
894 2161 79 41 her,
993 2158 123 37 which
1131 2156 195 41 amounted
1346 2161 37 25 to
1396 2143 204 48 something

280 2218 158 54 efrious.
489 2215 99 39 That
606 2215 46 33 he
670 2223 77 24 was
763 2220 98 28 more
892 2211 33 32 in
948 2210 65 31 her
1043 2215 129 39 power
1201 2203 89 37 than
1318 2199 117 44 might
1453 2199 43 31 he
1514 2196 67 34 ima-

283 2264 126 46 glued.
461 2263 74 40 But
559 2261 63 34 she
641 2259 139 41 wished
796 2265 39 27 to
852 2256 110 37 avoid
979 2255 63 34 the
1064 2254 85 45 pain
1170 2251 61 34 she
1261 2246 139 41 herself
1422 2249 89 30 must
1531 2242 67 33 feel

285 2319 41 37 at
344 2311 181 47 exposing
543 2309 91 35 him.
660 2289 4 70 •
691 2306 131 39 Before
836 2306 65 37 she
917 2297 78 46 did,
1011 2301 65 34 she
1096 2297 118 37 would
1232 2296 84 34 send
1332 2306 22 22 a
1371 2302 97 35 Copy
1487 2290 45 34 of
1546 2289 58 32 the

287 2359 185 47 proposed
510 2353 230 50 publication
772 2357 40 30 to
854 2352 53 33 his
932 2349 146 43 family.
1129 2347 71 37 She
1238 2341 190 46 requested
1455 2339 79 33 that
1561 2336 43 32 he

286 2406 130 43 Could
430 2405 170 38 continue
620 2402 56 33 his
693 2399 203 47 protection
915 2401 37 31 to
972 2396 67 33 her
1067 2404 77 30 son,
1174 2401 43 25 or
1245 2394 61 39 got
1336 2388 73 34 him
1440 2386 73 33 into
1544 2382 60 33 the

287 2452 293 41 Charteryhoase
599 2445 151 41 School.
797 2446 80 35 The
905 2443 100 50 child
1024 2452 76 24 was
1121 2443 60 31 not
1201 2434 240 37 accountable
1461 2431 58 33 for
1543 2430 64 32 the

288 2500 156 37 conduct
461 2499 45 34 of
526 2499 46 34 its
589 2502 145 40 parent.
771 2494 72 33 Mr.
865 2491 120 40 Adam
998 2489 131 41 stated,
1144 2486 81 34 that
1251 2485 72 32 this
1339 2480 99 35 child
1455 2487 24 30 w
1479 2487 48 30 as
1545 2480 60 30 not

288 2550 54 44 by
359 2548 61 34 the
439 2546 112 54 !hike
569 2545 43 33 of
627 2541 130 45 York.

340 2589 83 41 The
437 2593 129 45 wowd
585 2593 109 35 letter
711 2598 76 26 was
807 2585 107 38 dated
933 2583 274 50 holler-street,
1233 2572 373 44 Cavendish-square.

293 2643 44 35 It
367 2639 113 48 begin
513 2628 91 54 with
635 2648 25 22 a
691 2631 217 48 complaint,
931 2631 83 34 that
1028 2626 64 39 she
1109 2628 69 34 had
1198 2622 165 38 received
1394 2631 46 31 nn
1467 2627 144 25 answer

292 2696 43 33 to
347 2691 64 33 her
428 2689 137 34 former
580 2685 111 41 letter
703 2685 112 38 about
835 2673 69 53 her
925 2678 168 44 annuity.
1146 2674 71 34 She
1230 2670 132 35 stated,
1383 2668 61 43 she
1463 2676 73 24 was
1552 2674 40 22 en-

293 2737 119 50 gaged
437 2737 34 37 in
502 2730 231 46 committing
750 2735 39 33 to
813 2738 118 38 paper
956 2721 54 45 i'll4
1036 2724 63 38 the
1123 2722 274 33 circumstances
1424 2721 38 27 to
1491 2709 118 37 which

293 2787 72 34 site
379 2784 69 35 had
463 2781 150 37 alluded
634 2780 38 37 in
691 2779 64 38 her
774 2776 135 35 former
925 2774 125 44 letter,
1064 2769 69 39 and
1152 2769 80 33 that
1256 2766 61 33 she
1336 2761 71 34 had
1430 2757 113 38 about
1566 2757 46 34 50

293 2843 47 37 cpr
357 2833 48 37 60
418 2832 126 34 letters
563 2828 44 34 of
621 2828 57 34 his
696 2824 119 45 Royal
835 2817 227 50 Highness's,
1080 2815 119 38 which
1226 2810 119 37 would
1371 2803 84 52 give
1481 2805 131 43 weight

287 2888 51 34 to
358 2881 65 33 her
437 2878 168 43 charges.
658 2875 71 33 She
750 2872 66 39 had
839 2867 200 50 promised,
1063 2864 63 34 she
1153 2861 93 37 said,
1272 2865 38 30 to
1337 2857 84 45 give
1446 2854 97 38 them
1565 2861 46 34 up

295 2927 129 47 tnitlie
441 2926 171 43 Tuesday
627 2922 209 40 following,
862 2915 69 37 and
951 2916 27 33 it
998 2911 124 35 would
1140 2911 45 33 be
1200 2903 222 48 afterwards
1448 2897 143 47 impossi-

298 2976 64 38 ble
390 2983 35 25 to
454 2973 100 35 recal
580 2970 117 34 them.
752 2968 33 38 It
810 2975 73 24 was
908 2968 64 41 pot
999 2967 39 26 to
1068 2956 202 53 publishers
1293 2953 64 35 she
1385 2948 119 37 would
1533 2944 83 45 give

296 3024 119 45 them,
439 3021 70 35 but
526 3026 38 30 to
592 3012 210 46 Gentlem'en
819 3022 39 25 as
876 3009 152 46 opulent
1054 3017 39 25 as
1111 3005 53 35 his
1183 3001 123 45 Royal
1330 2993 195 48 Ilighoess,
1550 2992 66 34 and

299 3074 105 33 More
422 3065 241 48 independent
677 3059 12 45 ;
715 3061 69 37 and
813 3059 32 35 if
867 3060 61 34 the
953 3056 115 37 Duke
1095 3051 59 38 did
1180 3056 63 33 Rot
1265 3040 138 54 OlieVe
1428 3043 79 39 her,
1533 3040 83 43 they

300 3117 143 38 would.
498 3115 63 37 He
578 3112 113 44 might
711 3112 50 33 do
772 3100 102 43 as'he
893 3102 162 48 pleased.

351 3163 256 39 Theselotters
622 3169 98 26 were
742 3155 159 46 directed
920 3157 39 28 to
976 3150 73 38 Mr.
1063 3146 133 46 Adam,
1213 3141 405 43 Bloomsbury-square,

300 3211 76 52 god
396 3210 125 47 Signed
548 3210 26 39 t•
589 3207 56 44 M.
666 3207 52 34 A.

417 3273 76 37 Mr.
513 3269 132 44 Aciax
663 3265 194 39 examined
870 3263 47 43 by
935 3260 64 35 the
1019 3250 250 43 ATTOItNEY-
1270 3250 25 43 4
1294 3250 226 43 1.:NERAL.

351 3322 83 37 The
450 3321 184 40 Attorney
659 3313 156 38 General
847 3309 131 40 asked,
1004 3306 165 34 whether
1198 3301 99 34 these
1326 3304 96 26 were
1454 3292 61 33 the
1546 3292 74 30 two

301 3371 130 37 letters
446 3365 149 39 alluded
624 3369 39 30 to
698 3363 35 33 in
755 3361 91 33 Mrs.
866 3353 174 40 Clarke's
1070 3346 195 39 evidence?
1317 3343 74 35 Mr:
1417 3339 117 35 Adam
1569 3345 37 24 re-

301 3417 107 48 plied
424 3416 80 37 that
520 3415 100 33 these
638 3415 96 32 must
750 3409 46 33 be
827 3407 61 33 the
919 3404 141 38 letters,
1083 3407 40 25 as
1141 3398 44 32 he
1204 3404 74 24 was
1296 3389 178 37 confident
1493 3384 44 33 he
1552 3381 70 34 bad

302 3463 171 41 received
490 3472 46 24 no
554 3459 125 41 other,
704 3459 137 39 except
860 3451 159 46 perhaps
1048 3457 25 28 a
1088 3450 81 28 note
1187 3442 43 33 of
1259 3446 77 40 two
1359 3429 107 40 lines,
1496 3426 122 38 which

304 3513 48 39 be
366 3511 61 34 did
445 3516 61 28 not
522 3519 87 33 very
628 3506 86 34 well
735 3501 191 38 recollect;
956 3498 27 33 it
998 3506 77 32 was
1090 3498 60 27 not
1168 3491 35 47 in
1219 3487 54 48 his
1291 3480 241 52 possinsion.*

358 3553 376 53 Attorney.,General.
783 3549 78 43 Did
880 3547 54 33 his
959 3542 125 45 Royal
1107 3539 176 43 Highness
1300 3539 149 37 express
1461 3536 72 33 any
1551 3533 46 35 ap-

305 3605 223 51 prehension
541 3613 45 25 as
601 3607 40 28 to
661 3600 102 33 what
781 3598 90 33 Mrs.
893 3592 139 41 Clarke
1059 3585 115 48 alight
1200 3585 45 46 lip
1260 3580 86 35 able
1371 3583 38 30 to
1428 3569 175 50 cuanunni-

305 3661 89 35 ate
406 3654 43 33 ?•
470 3652 52 35 A.
592 3660 45 25 on
680 3647 200 39 vat:Owe.

360 3702 44 41 Q.
435 3700 74 34 Did
527 3709 73 35 you
618 3692 267 40 communicate
898 3687 61 33 the
983 3686 125 38 letters
1122 3689 43 26 or
1191 3676 99 38 their
1317 3672 163 37 contents
1507 3669 39 33 to
1573 3661 57 35 his

309 3749 128 44 Royal
459 3739 208 53 Highnieis?
691 3733 4 59 .
722 3741 51 35 A.
801 3738 92 39 Yes,
919 3736 20 37 I
959 3733 78 33 did.

360 3796 46 47 Q.
437 3795 81 44 The
536 3794 126 38 Letters
674 3780 246 45 'themselves?
972 3781 50 34 A.
1050 3776 96 40 Yes,
1169 3771 63 35 the
1258 3771 128 33 letters
1402 3759 227 41 themselyes,

308 3844 77 58 }ad
404 3842 43 35 he
465 3839 89 38 read
573 3839 99 38 them
689 3839 35 32 in
743 3844 59 32 my
822 3839 182 39 presence.

359 3892 46 41 Q.
435 3889 113 38 After
562 3889 83 33 that
659 3883 65 37 did
743 3883 45 33 he
804 3880 131 43 betray
954 3876 63 33 the
1036 3870 164 46 slightest
1214 3857 289 53 apprehensions
1517 3854 13 33 ?
1581 3852 48 34 A.

313 3938 83 52 clot
412 3937 64 41 the
491 3934 184 47 slightest.

363 3984 369 39 Mr.•BEREsfoRD
745 3971 207 41 considered
972 3971 28 33 it
1013 3978 43 24 as
1070 3977 25 25 a
1103 3959 240 48 degradation
1359 3960 38 28 to
1416 3952 64 34 the
1509 3947 123 35 House

313 4037 45 46 %o
374 4032 159 48 prOceed
548 4028 237 38 farfherinto
802 4019 63 39 the
883 4013 138 47 history
1043 4015 41 34 of
1106 4013 69 48 this
1192 4004 180 40 infarnmis
1393 4007 157 28 woman,
1576 3993 58 34 for

314 4093 44 41 go
376 4082 45 37 he
433 4081 102 37 must
542 4077 73 37 call
634 4075 81 37 her.

464 4119 243 46 Pancitvat.
722 4111 94 47 sold,
843 4115 34 35 if
892 4115 45 33 he
956 4120 100 26 were
1071 4104 116 38 called
1207 4109 99 37 upon
1324 4103 38 28 to
1378 4095 83 44 give
1480 4091 54 34 his
1553 4085 84 46 opi-

554 4209 176 66 4414.*
765 4204 44 35 In
828 4201 119 34 %wßose
966 4193 198 52 pouei4ion
1186 4191 30 32 is
1233 4187 58 35 the
1311 4183 98 39 Note

2871 120 20 66 9
2891 120 20 66 \
2911 120 20 66 l

1630 265 98 38 lion,
1753 274 87 22 even
1857 270 40 26 as
1924 261 59 34 the
1996 262 96 32 'Me
2113 257 122 39 'WWI,
2263 257 41 32 he
2328 256 109 34 could
2465 255 96 32 have
2589 265 45 22 no
2669 253 196 33 hesitation
2898 252 38 34 iu

1630 311 142 44 saying,
1798 309 78 33 that
1897 308 59 33 the
1972 308 170 33 evidence
2170 305 41 33 of
2232 304 60 32 the
2324 305 145 32 wi:ness
2505 311 71 24 was
2603 304 63 28 not
2692 306 37 26 to
2765 306 41 25 'be
2824 298 117 37 relied

1633 369 111 33 upon,
1799 356 38 33 If
1850 356 91 33 Mrs.
1957 353 136 35 Clarke
2111 352 69 34 had
2196 352 93 38 said,
2315 351 78 32 that
2413 348 61 33 she
2492 348 70 33 had
2582 353 109 26 never
2711 344 230 45 represented

1637 402 136 35 herself
1791 413 39 22 as
1845 412 24 22 a
1886 399 149 40 widow,
2057 399 70 35 and
2154 398 32 33 if
2209 399 28 32 it
2256 397 104 34 could
2381 397 44 33 be
2458 394 136 45 proved
2626 392 81 35 that
2728 402 66 25 sue
2812 390 71 35 had
2902 400 41 25 so

1635 449 227 46 represented
1891 446 144 39 herself,
2057 445 71 34 and
2159 450 61 37 got
2250 442 111 37 credit
2396 452 96 33 upon
2524 442 78 31 that
2629 439 156 44 ground,
2813 438 26 32 it
2870 445 78 26 woe

1637 497 176 43 certainly
1830 506 24 22 a
1871 506 86 33 very
1989 494 196 45 important
2203 493 272 33 circumstance,
2499 487 71 35 and
2588 487 73 34 still
2691 496 100 22 more
2819 495 58 33 so,
2902 484 46 40 if,

1637 554 97 35 upon
1753 546 171 43 payment
1951 540 43 34 of
2015 540 64 33 her
2108 539 103 32 debts
2241 539 106 41 being
2376 534 215 40 demanded,
2614 534 66 33 she
2713 533 67 32 had
2817 531 130 34 turned

1637 591 111 34 round
1766 591 69 34 and
1852 585 227 47 represepteil
2094 583 138 34 herself
2250 595 39 21 as
2304 596 21 20 a
2344 581 157 35 married
2518 589 155 26 woman.
2858 588 90 28 was,

1637 638 152 39 besides,
1813 635 154 35 another
1983 632 87 40 fact,
2099 632 118 33 which
2245 632 26 31 it
2294 640 72 21 was
2386 639 84 32 very
2490 626 170 34 material
2688 630 38 30 to
2750 624 194 34 ascertain.

1642 684 70 37 llis
1736 681 240 41 Ilonoorahle
1989 680 65 33 and
2078 677 157 43 [maimed
2264 676 132 34 Friend
2421 676 106 34 could
2550 681 131 35 prove,
2707 681 43 22 or
2769 670 182 45 imagined

1642 732 43 32 he
1702 730 107 35 could
1830 738 131 35 prove,
1985 728 80 32 that
2091 728 72 32 this
2185 733 154 27 woman,
2367 722 85 33 who
2484 720 73 33 had
2585 719 78 33 said
2685 719 77 32 that
2783 719 65 32 her
2870 718 84 35 hop.

1641 778 92 33 hand
1750 787 72 31 was
1839 775 159 47 engaged
2013 775 33 31 iu
2062 782 45 24 no
2121 772 172 38 business,
2319 771 61 35 did
2400 769 73 34 live
2493 767 90 34 with
2602 767 65 35 her
2686 764 162 34 husband
2865 765 89 35 who

1643 835 73 24 was
1734 836 21 21 a
1770 833 120 27 mason
1911 820 87 35 with
2017 819 103 38 three
2137 819 176 35 children.
2366 816 63 33 All
2445 815 71 33 this
2526 813 111 41 ought
2656 819 35 26 to
2704 813 45 32 he
2769 808 185 47 prodnee4

1643 872 57 33 fur
1727 872 60 33 the
1805 867 227 37 satisfaction
2046 865 41 34 of
2108 866 60 35 the
2187 865 141 38 Ilouse,
2353 861 69 35 and
2444 861 45 37 he
2517 859 118 44 hoped
2667 859 78 33 that
2778 859 30 32 it
2824 859 129 34 would

1645 920 91 33 have
1755 919 45 31 its
1825 917 70 33 full
1912 914 113 40 force,
2053 914 150 32 because
2231 911 60 33 the
2322 918 130 31 corpus
2473 907 123 35 dairti
2628 906 38 32 in
2695 905 74 40 this
2792 915 83 22 ewe
2891 905 66 40 de,

1644 964 136 47 pended
1807 961 158 44 entirely
1994 970 44 24 on
2063 961 65 32 her
2159 957 188 35 evidence.
2399 954 123 33 There
2554 961 74 27 was
2654 961 46 25 no
2727 951 116 34 doubt
2876 951 83 37 that

1649 1020 128 35 money
1812 1009 69 35 had
1912 1007 87 35 been
2029 1007 120 43 given,
2190 1005 65 35 but
2284 1004 61 32 the
2369 1000 170 45 question
2575 1009 87 32 was,
2704 1000 164 35 whether
2902 999 58 35 lois

1650 1058 120 44 Royal
1794 1055 181 44 Highness
1991 1054 103 33 knew
2118 1051 41 34 of
2180 1054 80 32 that
2282 1050 275 35 circumstance,
2582 1046 70 33 and
2673 1046 67 33 had
2770 1045 87 33 been

1646 1104 120 35 smiled
1785 1111 97 37 upon
1894 1104 47 40 by
1963 1101 61 32 her
2037 1098 174 40 influence
2238 1104 37 27 to
2297 1101 106 39 grant
2420 1093 228 46 promotions
2666 1091 69 34 and
2752 1093 209 44 exchanges

1649 1155 32 31 in
1696 1152 59 33 the
1772 1160 120 33 army.
1942 1147 89 34 This
2048 1144 187 46 depended
2257 1142 158 43 entirely
2439 1150 99 34 upon
2572 1140 63 33 her
2653 1139 210 45 testimony,
2887 1136 19 44 r
2906 1136 19 44 o
2924 1136 38 44 ad

1648 1198 183 35 therefore
1850 1196 31 33 it
1898 1204 73 26 was
1987 1193 165 37 material
2171 1196 38 32 to
2224 1191 116 39 skew,
2366 1188 35 38 in
2420 1189 63 37 the
2500 1193 91 28 most
2608 1183 236 47 satisfactory
2857 1194 117 27 mom.

1650 1256 76 31 ncr,
1752 1244 78 38 that
1850 1243 63 37 her
1924 1240 169 37 evidence
2113 1248 73 24 was
2204 1234 194 45 unworthy
2415 1233 45 34 of
2481 1235 61 37 the
2559 1233 91 35 least
2669 1231 135 38 credit.

1695 1293 80 33 The
1793 1291 30 33 A
1834 1298 72 26 TIO
1917 1298 51 24 RN
1980 1294 52 26 EY
2055 1287 89 32 UEN
2159 1293 79 25 ERA
2250 1293 21 25 L.
2288 1283 92 39 said,
2413 1285 78 28 that
2511 1281 35 33 in
2567 1279 61 41 the
2643 1278 174 37 evidence
2838 1277 125 43 which

1652 1342 43 32 he
1715 1336 163 37 adduced
1900 1335 44 33 he
1961 1333 142 43 always
2120 1331 135 34 looked
2277 1336 38 30 at
2340 1328 61 33 the
2419 1328 151 32 distinct
2587 1326 106 45 point
2712 1325 112 34 under
2841 1328 122 34 toast.

1650 1385 180 35 deration.
1879 1383 80 38 The
1975 1378 141 58 subject
2132 1378 85 33 here
2237 1385 72 25 was
2323 1376 59 33 the
2396 1375 156 33 conduct
2563 1372 46 34 of
2620 1372 60 34 his
2700 1372 122 46 Royal
2842 1372 100 45 High-

1663 1443 76 24 ness
1756 1431 60 35 the
1839 1429 110 35 Duke
1965 1427 43 34 of
2014 1427 28 33 I
2056 1426 89 39 ark,
2165 1426 90 35 with
2270 1422 129 50 regard
2414 1427 38 28 to
2478 1422 64 32 the
2556 1429 135 35 army;
2714 1423 70 30 mid
2800 1419 65 37 the
2882 1430 67 35 par-

1664 1479 136 35 ticular
1821 1476 164 44 question
2021 1483 87 28 was,
2140 1470 168 33 whether
2335 1469 41 32 he
2407 1468 67 33 had
2493 1467 198 34 conducted
2726 1466 150 37 himself
2887 1478 86 28 core

1661 1527 125 44 ropily
1807 1525 32 31 in
1858 1522 163 46 granting
2040 1519 247 38 commissions
2306 1514 87 34 with
2411 1525 24 30 a
2452 1514 91 35 view
2565 1521 38 26 to
2622 1519 66 38 put
2706 1522 129 34 money
2851 1513 38 35 in
2908 1513 66 37 the

1663 1573 150 45 pockets
1834 1571 44 31 of
1892 1569 103 33 those
2015 1567 119 31 whom
2156 1564 44 33 he
2223 1563 136 34 wished
2379 1569 35 25 to
2434 1560 142 34 favour.
2628 1560 100 34 That
2746 1563 104 32 there
2875 1564 99 32 Were

1657 1628 144 35 persons
1819 1618 117 31 about
1950 1617 19 30 h
1977 1615 6 31 i
2054 1624 38 20 as
2105 1613 129 37 almost
2250 1610 143 38 always
2407 1606 191 47 happened
2616 1606 35 34 in
2663 1607 87 33 such
2761 1609 104 45 cases
2865 1609 21 45 '
2887 1618 28 22 s%
2926 1607 51 37 he

1656 1665 226 46 represeoted
1904 1662 215 33 themselves
2137 1669 38 22 as
2194 1657 180 44 possessed
2393 1654 41 33 of
2457 1655 176 37 influence
2648 1665 13 33 i
2685 1654 70 33 and
2772 1659 80 30 ('sat
2869 1654 107 40 thew

1658 1723 93 24 were
1768 1711 113 41 dupes
1899 1709 188 33 credulous
2105 1706 139 44 enough
2259 1711 35 25 to
2311 1702 143 34 believe
2472 1700 113 45 them.
2602 1700 70 34 and
2693 1706 40 30 to
2752 1706 112 30 waste
2876 1701 103 41 their

1659 1757 226 44 moues—he
1904 1756 69 33 had
1996 1765 43 22 no
2055 1753 130 38 doeht.
2239 1752 60 33 No
2314 1750 144 32 witness
2476 1747 69 40 had
2563 1747 204 46 attempted
2789 1753 39 28 to
2838 1747 51 37 fix
2901 1757 76 37 any

1657 1809 131 39 charge
1817 1813 98 35 upon
1946 1802 53 33 his
2022 1800 119 43 Royal
2165 1798 178 45 Highness
2361 1795 61 32 the
2453 1785 110 46 Duke
2596 1793 44 34 of
2680 1794 91 34 'erk
2802 1794 65 35 but
2881 1795 83 50 Ildirs
2963 1795 14 50 t

1663 1854 139 34 Clarke
1818 1863 11 27 ;
1857 1851 70 31 and
1958 1848 33 32 if
2014 1847 63 33 the
2104 1856 109 24 cause
2241 1844 69 32 Had
2346 1845 87 31 been
2459 1840 125 35 before
2609 1848 25 26 a
2644 1838 111 48 jury,
2778 1841 64 34 the
2857 1839 120 51 jade

1662 1900 118 35 would
1807 1890 247 48 immediately
2075 1894 64 32 tell
2173 1891 93 45 theni
2267 1891 19 45 l
2304 1890 77 32 that
2402 1890 28 32 it
2446 1887 109 35 could
2571 1893 65 34 pot
2661 1887 104 34 stand
2779 1896 25 26 a
2822 1894 158 31 moment

1659 1958 98 34 upon
1769 1945 61 34 the
1848 1942 190 43 testimony
2060 1939 43 33 of
2115 1941 87 35 sock
2220 1949 22 26 a
2263 1944 157 32 witness,
2435 1943 90 24 even
2544 1932 96 35 from
2657 1933 69 35 her
2739 1943 89 25 own
2843 1933 118 38 admits

1706 2040 79 38 The
1807 2039 170 39 NTTORN
1989 2034 170 37 EY7GEN
2169 2041 51 24 ER
2258 2041 24 35 4.
2300 2029 85 44 tin
2405 2027 142 34 desired
2567 2026 198 40 landovick
2785 2028 137 37 Armor
2936 2033 44 30 to

1661 2091 45 32 be
1716 2087 132 35 called.
1904 2083 87 33 Mrs.
2009 2082 150 34 Clarke,
2183 2083 41 32 he
2241 2076 191 35 observed,
2452 2074 70 33 had
2537 2074 78 33 said
2635 2073 81 39 that
2730 2075 64 33 she
2815 2085 73 25 was
2896 2086 84 25 sure

1662 2130 60 39 the
1747 2134 106 34 Duke
1872 2130 44 34 of
1943 2130 105 33 York
2067 2128 104 33 knew
2200 2127 63 43 she
2289 2130 63 39 got
2379 2122 61 38 the
2454 2121 103 38 'lOOl.
2583 2121 154 34 because
2753 2120 59 35 his
2828 2130 149 30 sorwaut

1663 2181 71 39 had
1761 2181 89 33 been
1865 2184 76 27 sent
1959 2176 44 44 by
2033 2174 73 33 him
2127 2181 37 25 to
2181 2178 60 37 get
2265 2171 34 32 it
2329 2169 176 43 changed.

1715 2237 118 33 [Judos
1841 2233 61 34 ick
1920 2231 132 45 Armor
2069 2228 195 44 examined
2278 2228 48 43 by,
2347 2224 60 35 the
2426 2223 176 40 ATTORN
2615 2222 236 39 EV•GgNER
2859 2233 20 25 A
2891 2235 38 25 L.

1711 2285 46 43 Q.
1788 2283 43 34 In
1861 2280 119 34 whose
2014 2277 138 34 service
2186 2285 64 22 are
2274 2270 202 47 you?—A.
2504 2269 45 37 In
2580 2268 85 38 that
2694 2269 46 43 of
2769 2270 56 35 his
2857 2272 122 45 Royal

1667 2331 178 46 flightless
1859 2319 60 43 the
1938 2326 109 35 Duke
2061 2322 44 35 of
2131 2321 124 37 York.
2763 2319 4 59 •

1714 2378 44 39 Q.
1787 2378 98 32 How
1915 2373 83 43 long
2028 2370 92 33 have
2146 2378 73 34 you
2251 2367 89 32 been
2367 2365 38 37 in
2427 2363 58 38 his
2509 2362 141 46 service
2666 2363 13 33 ?
2733 2363 47 34 A.
2804 2365 178 45 Eighteen

1665 2434 107 41 years
1787 2426 87 38 next
1890 2418 223 46 September.
2185 2418 1 58 -

1715 2469 47 43 Q.
1796 2469 107 33 Were
1922 2464 87 45 ally,
2042 2460 71 41 and
2133 2461 99 33 what
2262 2467 164 28 servants
2450 2456 231 39 accustomed
2708 2463 38 26 to
2772 2459 123 34 attend
2929 2460 58 35 his

1672 2517 119 37 Royal
1813 2511 181 48 Highness
2010 2520 44 24 on
2072 2509 100 34 these
2187 2505 211 48 occasions?
2451 2505 48 35 A.
2530 2505 104 37 None
2654 2504 64 32 but
2739 2506 144 40 myself.

1716 2568 46 31 (.
1793 2563 142 41 During
1952 2559 78 34 how
2049 2557 85 50 luitg
2151 2565 73 30 was
2241 2548 63 40 the
2322 2554 144 34 witness
2492 2552 34 40 in
2558 2550 59 32 the
2640 2554 99 30 halm
2759 2551 44 33 of
2824 2554 106 41 going
2944 2559 41 28 to

1672 2613 54 33 his
1765 2609 119 45 Royal
1912 2606 181 52 Highness
2119 2608 41 40 at
2190 2600 337 44 Gloucester-place
2541 2597 14 34 ?
2606 2591 51 39 A.
2691 2597 109 34 Front
2836 2600 87 37 kW
2947 2606 40 28 to

1720 2708 44 45 9.
1796 2701 115 34 What
1932 2709 74 28 was
2035 2698 61 32 the
2122 2695 116 44 single
2265 2693 170 43 occasion
2467 2702 45 32 on
2549 2691 122 34 which
2707 2691 45 33 he
2780 2702 76 24 saw
2896 2693 91 37 Mrs.

1676 2750 161 39 Clarke?
1891 2744 57 38 A.'
1972 2745 112 33 When
2104 2744 44 33 he
2165 2743 91 33 took
2272 2752 24 24 a
2310 2740 184 34 favourite
2506 2739 70 43 dog
2595 2738 41 33 of
2653 2738 54 33 his
2730 2738 119 44 Royal
2871 2739 94 45 High-

1672 2811 76 25 ness
1761 2800 58 32 for
1839 2796 89 34 Mrs.
1944 2792 136 37 Clarke
2098 2796 38 27 to
2152 2799 72 24 see.

1702 2848 66 45 --Q.
1800 2844 86 34 Was
1904 2851 72 35 you
1994 2835 85 39 ever
2106 2842 72 31 seut
2205 2838 46 41 by
2272 2833 53 34 his
2352 2832 119 43 Royal
2490 2831 177 41 Highness
2680 2841 56 24 or.
2785 2841 45 25 rs.
2850 2832 142 35 Clarke

1677 2895 111 35 while
1804 2896 38 30 at
1860 2891 211 35 Gloucester
2074 2883 124 45 -place
2217 2889 35 26 to
2263 2887 59 39 get
2341 2891 25 24 a
2380 2885 84 28 mite
2481 2880 157 41 changed
2724 2881 47 31 A.
2800 2880 136 32 Never.

1722 2944 46 37 Q.
1801 2939 85 40 Was
1904 2933 63 38 the
1985 2944 24 21 is
2021 2934 105 33 itness
2141 2928 76 37 lent
2229 2930 47 43 by
2296 2937 71 33 any
2382 2936 69 25 one
2464 2931 38 27 at
2518 2926 78 33 that
2610 2926 106 44 place
2737 2931 35 26 to
2790 2933 60 37 get
2867 2936 25 24 a
2906 2933 87 31 note

1676 2979 161 53 ehaaged
1850 2985 13 38 ?
1915 2983 51 38 A.
1985 2981 72 46 No.

2026 3032 204 39 Examirrd
2250 3032 50 46 by
2320 3031 76 34 Mr.
2420 3030 211 33 WARDLE.

1727 3094 44 39 Q.
1795 3090 81 35 The
1892 3089 145 34 witness
2053 3083 63 33 has
2127 3081 111 33 taken
2257 3080 30 34 it
2301 3089 94 38 loan
2417 3074 149 34 himself
2581 3081 38 26 to
2636 3085 65 34 say
2724 3074 80 34 that
2820 3079 48 31 no
2888 3076 110 39 other

1680 3145 143 31 servant
1841 3131 93 39 went
1955 3142 37 25 to
2009 3128 339 44 Gloucester-place
2361 3131 37 26 to
2411 3124 61 33 the
2493 3120 112 35 Duke
2623 3120 43 33 of
2692 3122 112 37 York
2824 3124 59 32 but
2906 3124 96 35 hints

1681 3188 76 34 self.
1808 3185 59 37 On
1883 3183 98 34 what
1996 3176 135 47 ground
2148 3177 86 31 does
2255 3175 41 31 he
2311 3182 64 32 say
2393 3180 39 25 so
2448 3170 12 33 ?
2490 3169 50 34 A.
2565 3169 159 33 Becanse
2746 3168 18 35 I
2786 3170 67 33 had
2875 3171 128 34 ordera

1683 3243 37 27 to
1735 3233 104 45 bring
1852 3231 103 33 those
1970 3226 116 44 things
2098 3223 71 34 and
2194 3231 45 22 no
2257 3220 105 46 other
2381 3222 143 30 servant
2543 3228 11 28 ;
2571 3226 45 24 no
2635 3216 107 33 other
2759 3224 143 28 servant
2924 3226 77 28 was

1684 3278 197 51 permitted
1900 3283 37 26 to
1952 3274 47 34 do
2016 3273 39 33 it.

1731 3330 44 39 Q.
1806 3326 59 34 He
1881 3320 113 37 asked
2015 3315 163 37 whether
2211 3313 60 35 the
2302 3312 144 40 witness
2478 3309 106 35 could
2603 3314 112 31 assert
2735 3308 80 34 that
2835 3320 45 22 no
2896 3311 110 38 other

1684 3378 142 32 servant
1844 3371 91 34 took
1954 3379 22 22 a
2002 3367 107 33 letter
2140 3370 37 26 to
2204 3363 89 33 Mrs.
2314 3359 136 35 Clarke
2471 3365 35 26 to
2528 3353 343 48 Gloucester-place
2883 3359 13 32 ?

1689 3424 103 40 None
1808 3422 64 32 but
1890 3426 67 27 me.

1734 3470 44 40 Q.
1807 3468 15 34 1
1845 3459 211 39 understood
2072 3468 72 35 you
2163 3461 38 28 to
2218 3465 65 33 say
2301 3454 79 34 that
2400 3463 44 22 no
2464 3450 261 35 otherservant
2741 3449 44 34 of
2805 3449 59 37 the
2887 3449 116 40 Bugs

1688 3515 139 38 carried
1861 3514 124 32 letters
2015 3509 100 44 ther,e
2150 3510 38 28 to
2225 3511 94 35 your
2350 3498 226 47 kuowledge
2589 3491 117 39 ?—A.
2735 3496 104 37 None
2874 3506 38 30 to
2942 3507 63 37 my

1674 3559 2 45 .
1689 3559 228 45 knowledge.

1736 3611 45 39 Q.
1806 3609 17 33 I
1840 3604 109 38 think
1968 3602 45 33 he
2024 3599 76 35 said
2117 3598 44 33 he
2172 3596 86 45 only
2272 3605 74 25 saw
2361 3594 93 34 Mrs.
2472 3591 139 35 Clarke
2622 3600 91 25 once
2725 3594 40 31 at
2773 3591 213 38 Gloucester-

1689 3659 107 45 place
1812 3656 13 33 ?
1878 3652 51 35 A.
1956 3648 98 45 Only
2073 3656 104 25 once.

2107 3706 60 43 By
2193 3702 61 37 Sir
2274 3702 44 35 F.
2341 3702 222 35 BURDETT.

1737 3778 45 40 Q.
1811 3772 87 39 Had
1917 3780 74 39 yoa
2014 3777 73 37 any
2113 3763 307 41 communication
2438 3759 92 34 with
2545 3768 77 35 rosy
2640 3768 69 26 one
2725 3769 43 24 as
2794 3763 19 30 t
2813 3763 19 30 o
2850 3758 40 34 th
2890 3758 21 34 e
2929 3758 32 35 ev
2961 3758 50 35 i.,

1689 3827 110 31 deuce
1820 3831 70 26 vou
1910 3821 91 33 have
2014 3816 106 45 given
2133 3813 154 44 to-night
2302 3810 13 34 ?
2368 3810 52 34 A.
2447 3807 74 35 His
2538 3807 123 44 Royal
2691 3806 183 45 Highness
2888 3806 120 39 asked

1693 3883 56 22 me
1768 3870 32 33 if
1819 3870 14 33 I
1853 3868 71 35 had
1937 3875 86 34 ever
2035 3860 159 45 changed
2212 3870 25 22 a
2252 3865 97 27 note.

1740 3919 45 39 Q.
1815 3917 87 38 Had
1931 3924 71 34 you
2026 3921 69 33 any
2120 3904 305 39 communication
2441 3900 92 37 witb
2557 3909 73 33 any
2648 3908 129 35 person
2796 3899 143 37 besides
2953 3899 60 37 his

1697 3966 123 44 Royal
1838 3961 180 46 Highness
2033 3958 12 33 ?
2096 3957 50 34 A.
2174 3954 18 34 I
2225 3961 76 25 was
2324 3948 117 39 asked
2472 3948 63 37 the
2557 3957 97 34 same
2681 3948 167 46 question
2865 3947 47 44 by
2935 3948 77 34 Mr.

1697 4015 129 33 Adam.

1741 4061 46 40 Q.
1815 4056 85 37 Had
1926 4064 60 34 yoi
2024 4061 71 35 any
2130 4046 253 38 conversation
2404 4042 96 41 with
2525 4051 73 38 any
2614 4041 109 43 other
2741 4049 129 37 person
2889 4050 46 24 on
2952 4041 65 37 the

1696 4117 97 26 same
1804 4102 142 46 subject
1957 4102 13 32 ?
2022 4100 47 35 A.
2096 4096 143 40 Iresor
2248 4094 25 34 it
2281 4094 21 34 h
2321 4093 77 35 Mr.
2420 4089 219 35 Wilkinson.

1744 4155 44 41 Q.
1821 4153 96 38 Will)
1933 4150 32 34 is
1980 4146 73 38 be?
2080 4144 53 37 A.
2148 4141 64 38 lie
2233 4142 28 35 is
2270 4152 27 26 a
2313 4134 319 50 Geetilmskfrutn
2648 4135 74 35 Mr.
2746 4135 87 35 Low
2843 4139 72 33 teas

3185 112 17 32 }

3188 288 17 120 t
3204 288 34 120 'p
