3215 4415
164 85 67 47 n°-,

188 216 262 25 "'"'"""'"-""---."
516 222 53 35 By
589 223 63 33 the
672 224 170 35 ATTORN
855 235 20 22 1;
885 227 112 34 V-(11;
1006 236 83 25 NER
1102 236 67 25 AL.

209 269 48 40 Q.
267 269 112 34 Were
391 270 65 33 the
470 279 209 27 sersantsat
697 273 341 46 ciloweester-place
1052 274 90 35 Mrs.
1142 274 180 35 Clarke's
1332 276 182 33 servants?

163 319 52 34 A.
248 318 96 38 Yes,
361 328 58 22 as
420 319 64 33 .far
498 330 39 22 as
561 320 11 32 1
592 320 31 44 I%
622 320 15 44 .
638 320 79 44 ueur.

215 366 47 39 Q.
293 365 111 37 Wtsre
424 369 64 31 the
502 367 200 33 dirrtaioas
718 369 110 43 given
848 365 48 39 htir
912 370 63 34 the
993 372 115 33 Duke
1124 371 44 33 of
1185 371 126 40 York,
1328 378 83 26 tiat
1424 383 92 22 none

163 416 67 33 hut
253 424 73 24 xon
344 416 132 32 should
495 426 47 32 go
561 423 37 26 to
628 416 54 33 his
717 417 78 45 Ro3
807 418 33 32 al
863 418 182 44 Highness;
1072 426 43 27 at
1143 419 341 46 Gloucester-place
1501 420 12 31 ?

168 463 51 34 A.
256 463 91 33 Yec.

214 511 50 38 Q.
295 511 118 32 When
430 510 57 33 his
508 510 122 45 Royal
653 511 99 43 llighn
752 511 17 43 ,
769 511 66 43 7.ss
848 513 113 34 asked
987 514 167 33 whether
1172 524 76 34 you
1264 524 87 22 ever
1369 515 143 33 carried

164 569 25 24 a
208 567 85 26 vow
313 565 38 26 to
369 560 45 32 he
433 560 164 40 changed
614 559 96 34 from
730 560 80 34 that
830 562 123 44 place,
976 561 100 34 what
1091 561 59 32 dirt
1169 573 72 32 you
1261 562 252 45 iinmediately

164 617 149 24 answer
374 607 45 32 A.
457 607 14 32 I
495 606 76 33 told
592 607 73 33 him
696 608 13 32 I
744 620 74 21 was
848 607 142 37 ccrtaiti
1006 611 83 33 that
1109 608 99 35 I.dia
1231 617 63 27 not
1311 620 110 34 carry
1441 620 72 34 any

164 661 90 28 note
273 664 35 22 to
331 656 45 31 he
397 654 183 43 changed.

193 703 2 47 •
215 704 47 38 Q.
287 703 77 35 Can
385 704 61 33 the
469 703 145 35 witoesi
631 712 65 35 say
712 704 207 46 positively
937 704 80 34 that
1037 704 45 35 he
1102 704 183 35 neverdid
1299 704 12 33 ?
1343 704 50 34 A.
1416 704 97 44 Yes,

167 751 27 35 I
211 758 84 26 can.

215 798 46 39 Q.
295 797 17 34 I
331 796 90 35 wish
443 795 63 35 the
522 798 143 33 witness
681 804 38 28 to
738 802 96 32 state
850 809 39 25 as
907 801 132 43 nearly
1056 810 40 24 as
1122 801 46 33 be
1187 809 66 25 can
1272 800 169 45 posibly
1455 810 39 25 re-

165 848 159 38 collect,
345 846 259 41 •whayriassed
626 848 165 33 between
824 849 72 32 Mr.
922 848 133 40 Adam,
1089 848 72 33 Mr.
1187 848 40 32 W
1238 848 176 40 ilkinson,
1441 849 67 32 and

167 895 142 38 others,
343 894 76 33 'and
456 894 162 43 ltitnself,
646 906 45 22 on
725 895 71 32 this
835 894 257 46 subject.--?l.
1134 895 69 33 Mr.
1243 895 120 34 Adam
1397 896 113 34 asked

167 953 74 30 em',
269 943 31 32 if
315 952 87 22 ever
425 940 15 34 I
465 952 74 22 was
567 944 34 33 in
624 944 58 32 the
700 943 106 34 habit
826 944 40 32 of
886 945 110 40 going
1024 947 39 31 to
1091 943 371 44 Gloucester-place;
1496 945 12 32 I

167 991 83 33 tisld
270 990 74 33 him
365 990 13 33 I
400 999 89 24 was.
548 990 57 33 lie
621 991 113 33 as.ked
756 1002 56 22 me
834 991 164 33 whether
1020 991 15 33 I
1056 1000 89 24 ever
1173 991 142 33 carried
1335 1003 20 21 a
1372 998 83 26 note
1476 997 35 27 to

168 1038 144 40 e-ltat4;e
327 1050 11 26 ;
371 1037 11 33 I
420 1037 79 33 told
535 1037 72 33 him
634 1037 15 35 I
672 1050 111 22 never
802 1038 74 34 did.
930 1039 73 33 Mr.
1036 1039 167 37 I,owten,
1230 1039 69 32 and
1320 1039 71 33 Mr.
1419 1038 67 33 Wil-

169 1088 137 33 kin.;on
339 1084 112 32 a•ked
483 1096 58 21 me
560 1085 60 32 the
639 1096 93 22 sante
761 1089 198 43 questions,
987 1087 69 34 and
1095 1087 15 33 1
1141 1096 92 32 gave
1252 1089 59 28 the
1329 1096 99 24 same
1446 1096 43 22 an-

164 1141 129 27 swer;.
352 1134 70 32 :tlr.
456 1133 209 34 Wilkinson

680 1134 84 40 ,also
784 1134 110 33 a-ked
915 1146 33 21 ,n
996 1144 119 30 name,
1143 1144 59 34 my
1221 1143 83 33 age,
1331 1136 71 31 and
1424 1135 81 32 how

168 1180 91 45 Wag
280 1181 17 33 I
318 1180 66 33 had
404 1180 129 33 served
554 1180 53 33 his
626 1180 119 46 Ilnyal
769 1181 195 43 Iligittte,s.

190 1239 11 7 -
216 1228 76 35 Mr.
318 1228 150 33 Wardle
478 1228 130 34 stated.
641 1228 72 45 11171
728 1228 14 45 t
756 1228 30 45 he
810 1228 135 40 Meant,
972 1239 45 24 on
1037 1228 189 45 Tuesday,
1256 1233 39 28 to
1325 1230 70 33 call
1414 1239 70 22 ano-

165 1277 89 35 ther
274 1276 158 38 witness,
455 1276 89 33 with
565 1283 141 37 rer:pect
722 1283 37 27 to
772 1283 149 27 'flatters
935 1278 139 43 arising
1095 1277 92 33 from
1205 1277 100 33 what
1320 1277 70 34 hail
1408 1287 103 24 come

168 1330 67 33 out
254 1324 35 33 in
307 1324 61 33 the
380 1324 256 33 examination
654 1323 43 34 of
711 1324 61 33 the
787 1325 67 34 last
875 1324 159 35 witnes.

591 1387 73 34 Mr.
697 1388 129 33 AOAM
850 1387 222 35 Fxa►uined.

219 1434 76 33 Mr.
319 1433 151 34 Wardle
488 1433 93 39 said,
611 1435 76 31 that
705 1435 44 32 he
772 1447 22 20 w
809 1435 97 34 ished
930 1442 38 25 to
1002 1435 67 33 ask
1108 1435 72 34 Mr.
1218 1434 117 34 Adam
1363 1444 71 22 one
1467 1444 43 22 or

168 1491 84 27 two,
275 1482 202 45 questions,
502 1492 39 21 as
568 1480 44 34 he
645 1480 70 34 had
736 1482 120 33 stated
889 1482 84 35 that
994 1483 43 33 he
1068 1483 126 33 served
1230 1483 61 33 the
1328 1482 115 34 Duke
1472 1482 41 32 of

171 1530 116 38 Fork
308 1528 20 45 g
328 1528 244 45 ratuitously.

220 1578 46 39 Q.
295 1578 76 33 Ilas
389 1578 61 31 the
472 1576 244 35 Honourable
738 1578 219 34 Gentleman
972 1587 24 25 a
1024 1578 202 35 Son?—A.
1246 1578 80 35 Yes
1343 1589 9 22 :
1383 1578 123 34 Lieut.

172 1625 154 35 Colonel
346 1624 43 33 of
402 1624 64 33 the
483 1625 79 32 21st
586 1625 194 44 Regiment
798 1626 43 33 of
855 1625 112 35 Foot.

182 1670 4 45 •
220 1674 47 37 Q.
294 1672 48 32 At
365 1671 96 32 what
476 1683 69 32 age
562 1683 72 24 was
658 1675 41 31 he
722 1675 103 32 made
843 1675 154 32 Colonel
1013 1675 12 32 ?

221 1721 79 33 Mr.
314 1710 118 44 Adam
454 1720 79 33 said
552 1720 77 34 that
651 1720 44 34 he
724 1722 123 33 would
866 1733 144 21 answer
1029 1722 81 33 that
1140 1721 170 46 question
1325 1734 12 25 ;
1364 1722 65 32 hut
1448 1722 60 33 the

171 1768 146 40 Pouse,

337 1767 51 40 .he
407 1767 141 44 hoped,
575 1768 123 32 would
716 1769 112 33 allow
861 1769 72 32 him
956 1775 37 26 to
1013 1769 109 33 make
1139 1779 98 22 some
1258 1768 175 45 previous
1444 1772 64 32 ob.

168 1817 219 34 ibersations.
443 1815 157 33 General
625 1815 57 33 Sir
699 1818 156 34 Charles
875 1818 143 40 Stuart,
1048 1819 60 31 the
1128 1817 116 33 friend
1265 1817 44 33 of
1333 1817 56 33 his
1403 1819 76 32 earl

167 1863 89 41 rfe,
280 1863 115 35 asked
410 1860 96 44 him,
535 1863 246 47 whetherany
803 1865 43 33 of
870 1865 56 33 his
945 1865 72 33 five
1030 1874 77 24 sons
1127 1865 69 33 had
1225 1872 45 25 an
1285 1865 221 33 inclination

169 1904 65 43 for
254 1911 59 33 the
343 1910 120 44 aruiy.
516 1910 122 34 There
669 1922 74 24 was
761 1923 67 24 one
853 1911 40 34 of
909 1912 99 33 them
1030 1913 40 33 14
1095 1923 43 22 or
1156 1911 45 35 la
1226 1923 105 33 years
1357 1911 44 35 of
1424 1924 83 33 age,

169 1957 92 37 who
280 1958 46 34 he
345 1957 157 46 thought
522 1957 70 34 had
619 1968 22 22 a
666 1965 128 39 strong
813 1959 176 44 tendency
1004 1959 81 34 that
1102 1970 98 32 way.
1252 1958 81 37 The
1352 1959 154 34 General

168 2007 99 40 said,
292 2006 81 34 that
386 2008 48 40 by
456 2004 64 33 the
539 2004 93 34 rules
646 2006 45 33 of
703 2006 60 34 the
776 2009 138 32 service
931 2006 45 35 lie
992 2017 74 24 was
1088 2007 194 44 permitted
1300 2014 34 27 to
1346 2008 162 46 appoint

171 2054 79 37 him
268 2060 38 27 to
319 2063 46 26 an
383 2054 190 43 ensigney.
626 2053 60 34 lie
705 2066 77 22 was
794 2054 236 45 accordingly
1050 2054 106 34 made
1174 2055 136 44 ensign.
1352 2054 60 34 He
1427 2055 83 33 then

169 2101 177 38 narrated
360 2100 317 47 Lhemeritorituts
698 2102 154 34 conduct
869 2101 44 34 of
927 2101 54 34 his
998 2113 63 22 son
1076 2114 9 25 ;
1114 2101 67 34 and
1193 2101 77 33 said
1289 2102 78 33 that
1385 2108 39 28 at
1452 2102 59 33 the

171 2159 70 32 age
261 2148 43 33 of
312 2153 229 38 twenty-one
559 2147 43 33 he
618 2159 78 24 rose
717 2156 35 28 to
775 2151 60 32 the
846 2148 178 35 situation
1043 2150 45 33 of
1115 2150 214 38 Lieutenant
1350 2150 156 34 Colonel

174 2197 51 33 of
234 2197 65 33 the
313 2197 138 33 Second
474 2196 187 33 Battalion
679 2197 46 33 of
738 2197 63 33 the
819 2198 92 33 21st.
930 2197 70 33 and
1025 2197 221 34 afterwards
1264 2197 44 33 of
1331 2198 66 33 the
1414 2197 93 33 First

176 2244 209 39 }3att:►lion,
416 2243 45 33 he
476 2243 97 44 (Mr.
595 2244 139 39 Adam)
764 2244 136 45 having
917 2245 139 44 merely
1074 2244 118 33 stated
1209 2255 22 21 a
1245 2248 265 34 circumstance

176 2294 34 40 lu
231 2293 54 34 his
305 2289 146 43 favour,
467 2289 120 34 which
608 2289 44 33 he
665 2290 67 35 left
751 2293 157 43 entirely
931 2298 35 26 to
984 2291 59 35 the
1063 2290 143 41 Duke's
1220 2291 286 35 consideration.

224 2341 76 33 Mr.
324 2339 118 33 Adam
465 2337 202 45 proceeded
689 2343 39 30 to
746 2341 83 33 read
850 2341 60 33 the
930 2340 122 33 Letter
1069 2341 130 41 nearly
1222 2348 40 24 as
1279 2340 152 34 follows
1448 2350 60 22 :

287 2388 73 40 sir,
385 2398 92 30 your
497 2387 188 32 oharacter
710 2398 69 22 was
811 2399 78 21 once
918 2387 206 43 respected;
1148 2388 83 32 that
1247 2388 31 32 is
1311 2399 78 22 now
1408 2399 97 21 over.

182 2433 105 38 Your
299 2433 159 44 shifting
476 2435 35 31 in
524 2434 57 32 the
600 2433 125 34 House
745 2434 46 44 of
796 2433 201 41 Commons,
1024 2433 72 33 and
1108 2446 92 32 your
1217 2433 239 45 interference
1469 2437 37 32 in

176 2485 60 32 the
274 2481 100 34 Duke
398 2481 50 44 of
469 2478 133 38 York's
633 2481 156 44 letchery
823 2492 181 31 concerns,
1030 2481 118 33 would
1179 2485 87 32 have
1289 2483 135 33 dubbed
1441 2493 69 31 any

177 2530 106 33 tither
313 2539 83 22 wan
429 2539 21 21 a
472 2530 119 43 pimp.
646 2530 86 33 This
763 2530 249 44 subserviency
1030 2532 35 30 to
1101 2529 155 48 Royalty
1283 2538 83 25 HAS
1387 2538 120 25 MADE

176 2585 123 27 Youtt
317 2584 74 25 SON
423 2585 25 27 A
481 2577 214 33 COLONEL
717 2587 52 24 AT
796 2584 187 27 TWENTY
1019 2584 161 33 YEARS,
1207 2577 74 35 and
1294 2578 109 43 given
1417 2589 91 31 your

176 2626 104 33 eaer
311 2624 65 41 boy
404 2634 21 21 a
462 2622 176 44 ship—(l
676 2623 107 41 wish,
808 2623 209 34 exclaimed
1054 2622 63 34 the
1152 2624 102 34 lion.
1278 2624 230 40 Gentleman,

176 2670 150 44 turning
345 2678 37 26 to
415 2670 74 35 Mr.
515 2670 163 43 Wardle,
706 2682 71 32 you
810 2673 118 33 would
948 2672 65 33 ask
1050 2682 54 22 me
1122 2682 24 24 a
1162 2674 168 43 question
1349 2678 141 37 respect-

176 2720 64 43 ing
265 2719 71 34 this
353 2728 63 24 son
437 2726 64 25 too
522 2720 77 41 ttt
630 2719 14 33 I
666 2719 119 43 might
806 2719 92 33 have
914 2731 46 21 an
978 2720 246 45 opportunity
1244 2720 44 33 of
1317 2719 130 44 telling
1463 2720 45 41 hy

220 2767 59 33 hat
300 2765 188 37 means..he
504 2774 60 35 got
582 2766 54 33 his
880 2767 124 33 Bravo
1022 2765 13 33 !
1063 2765 52 34 Go
1134 2766 71 34 on!
1237 2766 119 44 Trgif
1358 2777 70 32 you
1447 2777 64 21 ran

175 2823 65 35 say
254 2824 72 33 you
354 2817 56 30 at
435 2812 73 45 for
526 2825 44 21 nu
596 2813 115 44 profit
730 2816 98 31 when
839 2824 70 33 pan
937 2817 64 40 get
1028 2824 91 33 your
1135 2825 83 22 sons
1243 2817 81 33 thus
1333 2815 180 43 provided

169 2862 86 46 for.
306 2862 132 34 Decide
455 2871 41 22 as
511 2872 70 33 you
596 2862 123 41 please
739 2863 80 32 that
840 2863 54 32 the
913 2871 84 22 man
1016 2862 74 32 who
1115 2863 31 31 is
1168 2863 90 41 paid
1269 2861 67 45 for
1357 2862 57 32 his
1437 2871 56 22 ser-

176 2911 94 32 vices
287 2913 63 28 out
377 2909 47 45 of
436 2909 59 32 the
513 2909 123 43 public
651 2920 124 32 purse,
802 2909 142 33 because,
964 2909 40 32 he
1022 2910 28 31 is
1069 2909 58 32 the
1149 2909 126 33 second
1291 2917 83 24 man
1400 2909 37 31 in
1454 2909 58 32 tht

176 2957 190 43 kingdom,
386 2967 40 22 as
437 2959 72 41 you
528 2967 80 33 say,
634 2957 72 32 and
730 2968 21 21 a
772 2956 145 39 Prince,
930 2954 189 45 forsooth,
1147 2957 126 32 should
1290 2959 61 31 not
1377 2955 91 32 shell,
1492 2967 19 20 a

172 3006 100 43 good
282 3006 182 40 example.
520 3005 67 33 Let
606 3005 59 32 the
685 3005 189 34 Commons
900 3001 122 35 decide
1051 3013 39 22 as
1108 3005 79 40 they
1206 3006 85 38 will,
1309 3005 59 31 the
1391 3002 122 43 public

174 3052 79 33 will
256 3051 116 45 judge
384 3052 298 44 fi)r.themselves
696 3065 12 25 ;
736 3052 73 33 and
826 3052 26 33 it
872 3052 28 33 is
917 3052 61 35 not
997 3060 20 22 a
1048 3051 152 33 decision
1233 3051 47 43 of
1305 3051 58 32 the
1388 3048 122 34 BEAR

176 3098 64 34 GA
254 3102 217 40 RUENth4
489 3099 73 33 will
579 3100 165 33 convince
763 3098 180 34 burdened
964 3098 162 33 millions
1144 3099 77 32 that
1239 3099 98 31 black
1352 3098 156 32 iswhite.

283 3148 163 34 Rubritk
485 3145 52 44 (it
555 3157 74 22 was
651 3146 150 37 written
822 3148 33 35 in
875 3144 60 34 red
958 3144 85 44 ink)
1061 3148 30 30 is
1113 3146 138 44 typical
1265 3144 46 44 of
1333 3155 57 31 my
1416 3144 76 43 feel-

172 3196 102 45 engs.
327 3195 26 33 I
367 3196 102 32 blush
482 3194 67 45 for
563 3207 84 31 you,
676 3195 74 34 and
767 3195 85 33 wish
867 3203 70 33 you
957 3194 115 34 would
1089 3194 137 44 change
1252 3202 90 33 your
1375 3194 97 41 prim
1483 3195 26 28 1-

167 3243 84 44 ples
280 3246 38 31 to
337 3243 219 43 correspond
567 3246 80 30 with
667 3244 57 31 the
743 3243 120 32 colour
881 3241 47 45 of
945 3250 92 32 your
1059 3241 98 39 hair,
1187 3240 71 34 and
1277 3241 66 31 live
1362 3240 58 31 the
1444 3240 67 31 late

174 3293 60 32 ter
254 3294 91 39 part
372 3287 66 46 of
472 3294 69 28 bur
567 3292 84 39 time
674 3292 37 33 in
743 3292 150 32 honour.
950 3287 156 45 Though
1134 3288 57 33 the
1219 3288 156 32 derision
1402 3286 46 43 of
1460 3287 37 32 th-

171 3339 115 33 house
306 3334 210 48 wilnitit`go
522 3337 70 46 fat'
608 3339 85 34 with
711 3339 59 33 the
782 3338 137 43 public,
944 3339 60 39 get
1017 3338 54 31 all
1089 3345 77 30 cues
1179 3346 61 21 are
1252 3346 97 31 upon
1377 3334 45 39 it,
1443 3341 69 24 arm'

172 3386 63 32 the
253 3378 216 41 daninitian
500 3390 41 28 or
561 3387 183 32 salvation
772 3385 47 45 of
841 3386 58 31 the
926 3385 190 32 Commons
1139 3381 154 44 depends
1317 3391 98 33 upon
1441 3383 71 31 this

224 3481 115 46 Upon
353 3481 61 34 the
432 3482 172 45 question
622 3477 256 51 peineasked,
904 3478 77 37 Mr.
1003 3476 123 37 Adam
1141 3476 79 37 said
1234 3476 60 34 the
1311 3476 110 34 letter
1440 3485 71 24 was

168 3528 174 39 'lrithout

221 3599 170 27 SLCOND
419 3600 187 26 CHARGE
626 3600 195 26 AGAINST
837 3599 90 27 THE
945 3596 278 27 COMMANDER
1243 3595 43 25 IN
1306 3594 152 28 CHIEF.

221 3647 74 34 Mr.
321 3647 433 47 NV4_9;o_4...considered
775 3653 31 27 .t
824 3647 53 33 his
898 3647 109 38 duty,
1032 3645 129 33 before
1182 3646 44 32 he
1239 3643 200 35 submitted
1456 3643 54 33 his

168 3694 144 45 charge
338 3698 143 44 against
508 3698 64 32 the
607 3696 248 33 Commairler
874 3697 33 32 in
934 3693 115 37 Chief
1076 3693 35 32 ;n
1141 3694 59 31 the
1231 3691 215 46 promotion
1474 3690 43 33 of

170 3744 168 45 Captain
358 3745 157 43 M::liug,
535 3752 32 24 to
585 3744 200 53 positively
800 3749 107 34 state,
928 3744 83 32 that
1026 3742 44 33 he
1089 3739 165 35 believed
1272 3739 78 33 that
1362 3737 129 37 Gentle-

168 3802 85 26 man
267 3803 39 22 as
322 3803 141 34 proper
476 3802 46 26 an
541 3790 135 38 °dicer
690 3797 41 30 as
748 3795 28 39 aa
776 3795 14 39 .
790 3795 14 39 i
804 3795 14 39 ,
840 3789 45 34 of
893 3790 54 33 his
970 3789 90 33 rank
1082 3789 33 33 in
1129 3788 60 33 the
1202 3787 154 35 service.
1388 3787 122 41 Every

168 3840 152 45 inquiry
343 3841 43 33 he
409 3841 72 33 had
497 3840 106 34 made
628 3847 96 27 went
743 3844 39 28 to
802 3848 115 37 prove
935 3836 76 34 that
1035 3836 53 33 his
1107 3835 152 33 conduit
1277 3841 74 26 Was
1365 3828 143 46 strictly

169 3887 248 35 honourable.
476 3888 69 35 His
561 3888 135 34 chars
716 3898 92 28 was,
842 3888 80 32 that
958 3885 118 44 Capt.
1102 3883 143 43 Milling
1272 3881 86 39 had,
1388 3880 34 34 in
1452 3880 58 35 the

167 3937 103 33 short
292 3948 109 33 sp:ice
430 3937 45 34 of
498 3943 9 27 t
608 3946 104 24 sears
737 3934 76 38 mid.
840 3934 102 33 three
971 3932 157 40 months,
1148 3928 165 37 received
1335 3928 54 33 his
1408 3930 103 32 three

165 3985 265 39 commis‘ion4,
446 3980 71 38 and
548 3993 72 34 was
633 3972 104 56 appiii
737 3972 17 56 ,
754 3972 141 56 ited..fo
912 3992 22 26 a
952 3990 184 33 company
1157 3976 89 35 over
1263 3977 61 33 the
1343 3977 112 34 heads
1472 3976 43 32 of

167 4042 107 24 main
296 4032 206 34 %nip:kerns
527 4031 18 34 -
544 4031 72 34 WllO
651 4030 67 33 had
751 4026 106 37 Made
874 4026 240 47 application
1131 4032 37 26 to
1188 4025 60 34 the
1271 4024 243 39 Commander

168 4082 34 31 in
216 4081 116 33 (Allot'
347 4083 56 31 for
424 4083 106 32 leave
552 4087 35 26 to
607 4082 198 44 purchase,
835 4076 69 44 aild
934 4076 86 34 who
1051 4083 97 25 were
1180 4069 61 38 old
1277 4072 150 45 Ensigns
1443 4070 70 34 and

170 4128 240 37 Lieuterianth
424 4130 91 45 long
535 4122 130 45 before
1051 4121 73 37 left
1153 4121 76 37 Mr.
1253 4111 262 44 Greenwood's

189 4178 107 32 )hire.

2663 89 157 51 FEB.
2861 90 48 54 5.

1624 228 84 34 The
1728 227 306 34 CDANCELLOR
2063 224 46 34 of
2137 224 64 34 the
2230 224 278 39 EXCIEEQUER
2530 221 196 33 conceived
2746 220 83 33 that
2849 219 78 34 the.

1578 275 137 40 charge
1735 274 111 41 ought
1878 280 38 27 to
1932 274 46 33 be
1995 273 209 44 proceeded
2223 283 45 22 on
2295 273 46 41 by
2374 273 60 31 the
2453 269 234 35 Committee.
2743 268 32 33 It
2798 267 118 41 might

1581 322 183 44 probably
1787 324 150 33 become
1955 327 24 27 t
1996 320 119 35 future
2134 320 184 45 question,
2346 320 67 32 and
2427 328 25 24 a
2470 318 138 32 serious
2620 315 291 37 consideration,

1579 377 38 27 to
1642 372 106 32 know
1772 370 105 34 when
1905 370 70 33 and
1995 379 46 22 on
2072 380 28 21 iv
2112 370 64 32 hat
2204 366 157 45 grounds
2380 366 60 32 the
2461 363 128 37 House
2620 374 73 22 was
2709 361 189 44 originally
2898 361 20 44 ,

1578 418 118 33 called
1713 429 97 32 upon
1832 424 37 26 to
1885 416 182 34 entertain
2086 417 40 32 it.

1630 467 72 32 Mr.
1727 465 66 33 WA
1807 464 115 34 RDLD
1941 463 135 33 wished
2094 470 38 26 to
2152 462 190 45 acquiesce
2361 459 34 35 in
2414 459 61 35 the
2491 458 146 44 general
2654 457 126 34 wishes
2793 455 45 34 of
2851 455 64 33 the

1576 514 235 37 Committee,
1835 514 123 32 either
1989 517 38 27 to
2044 510 196 35 withdraw
2258 520 43 21 or
2327 515 40 26 to
2387 508 155 44 proceed
2568 506 86 34 with
2674 506 63 34 the
2757 504 151 43 charge.

1583 561 31 33 It
1637 570 76 24 was
1733 561 159 44 pornsible
1906 560 79 33 that
2008 561 33 31 in
2059 560 61 32 the
2140 556 158 35 warmth
2320 555 40 35 of
2374 554 201 34 discussion
2602 554 44 33 he
2672 553 112 41 might
2817 550 97 33 have

1576 608 118 34 stated
1713 608 33 33 in
1765 607 70 33 this
1856 608 133 40 charge
2015 606 206 43 something
2249 611 165 35 stronger
2432 605 87 32 than
2539 602 61 33 the
2615 612 80 22 ease
2713 598 195 35 admitted.

1580 656 71 35 But
1672 666 44 24 on
1737 654 159 41 referring
1897 654 18 41 -
1942 663 35 26 to
2008 653 53 33 his
2093 665 85 21 own
2197 658 100 33 notes
2317 652 44 33 he
2380 641 67 43 had
2478 661 46 24 no
2544 650 84 33 idea
2647 654 35 27 to
2702 648 109 32 make
2830 656 73 31 any

1576 704 111 33 other
1701 704 214 45 impression
1932 703 90 33 than
2048 702 79 32 that
2165 699 119 34 which
2307 699 44 32 he
2386 698 148 34 himself
2557 696 66 33 felt
2653 706 43 21 on
2717 696 61 32 the
2797 692 113 45 rapid

1577 754 210 43 promotion
1805 750 46 34 of
1865 750 162 46 Captain
2046 749 145 43 Mating
2205 757 91 25 over
2311 745 189 46 deserving
2517 744 156 40 officers,
2699 743 53 33 his
2770 750 152 26 seniors.

1577 801 34 33 in
1631 800 64 33 the
1709 809 118 32 army.
2445 820 33 22 40

1748 863 154 37 Colonel
1924 863 178 35 GottooN
2121 860 198 37 examined
2340 861 48 44 by
2408 860 74 34 Mr.
2503 857 216 35 WARDLE.

1624 926 154 33 Colonel
1799 926 59 33 Go
1867 934 24 25 it
1900 933 77 26 DON
1996 924 133 37 stated,
2159 925 79 31 that
2256 921 163 44 Captain
2438 920 143 40 Mating
2602 927 72 25 was
2692 919 34 32 in
2745 915 176 35 Norem-•

1574 973 81 40 her,
1685 972 104 40 1805,
1804 984 44 21 on
1869 972 60 33 the
1944 970 334 34 recommendation
2294 967 45 35 of
2352 969 57 33 Sir
2422 965 103 38 John
2550 966 137 45 Doyle,
2700 963 208 46 appointed

1574 1026 39 27 to
1630 1031 46 24 an
1695 1022 168 43 ensigncy
1884 1020 32 31 in
1937 1018 61 33 the
2011 1018 86 34 i;7th
2115 1017 193 45 regiment.
2361 1016 57 34 On
2439 1016 61 34 the
2515 1013 87 34 24th
2619 1012 43 33 of
2674 1012 107 39 July',
2804 1010 105 40 18(38,

1572 1080 46 22 an
1637 1069 235 44 application
1892 1077 74 25 was
1983 1067 100 33 made
2105 1068 47 41 by
2177 1063 301 46 Major-General
2503 1062 138 34 Frazer
2661 1065 34 30 to
2715 1058 61 35 the
2798 1058 120 34 COM;

1576 1116 149 33 wander
1746 1116 31 32 in
1812 1114 125 40 Chief,
1964 1113 209 45 requesting
2199 1113 54 33 his
2275 1111 120 43 Royal
2419 1109 182 45 Highness
2613 1109 17 32 -
2629 1109 70 32 that
2730 1108 43 33 he
2791 1106 118 43 might

1574 1165 45 33 he
1637 1162 163 34 allowed
1819 1167 39 28 to
1872 1161 157 45 appoint
2054 1161 214 33 Lieutenant
2287 1159 139 43 Maling
2445 1157 56 33 his
2517 1155 270 44 aid-de-camp.
2826 1148 94 47 The!

1573 1212 175 43 regiment
1770 1211 33 32 in
1826 1211 123 32 which
1970 1208 234 34 that:oilicer
2237 1217 89 30 was,
2354 1206 104 41 being
2477 1204 113 35 under
2607 1204 119 33 orders
2746 1201 58 33 for
2831 1211 52 22 em-

1574 1259 214 38 barkation,
1814 1258 70 33 and
1903 1267 39 24 as
1963 1258 26 33 it
2008 1266 72 25 was
2094 1254 234 39 inconsistent
2346 1253 89 33 with
2464 1253 60 44 the
2524 1253 20 44 .
2544 1253 143 44 lionour
2700 1248 43 33 of
2757 1248 63 34 the
2833 1248 67 31 set-
2901 1248 18 31 .

1573 1306 99 39 vice,
1701 1305 41 33 he
1759 1304 59 33 did
1839 1309 61 30 not
1928 1304 80 46 quit
2037 1303 52 34 his
2122 1304 190 38 regiment.
2369 1299 70 35 lint
2467 1310 89 21 soon
2575 1298 111 39 :dirt-,
2715 1297 106 33 when
2843 1293 63 34 the

1578 1355 150 34 African
1747 1363 107 33 corps
1872 1363 71 22 was
1962 1350 216 46 augmented
2194 1350 93 33 from
2304 1348 83 34 four
2404 1354 40 27 to
2460 1348 57 34 six
2544 1342 227 47 companies,
2803 1343 87 33 Lieu-

1574 1407 120 28 tenant
1721 1401 139 40 Mating
1880 1409 76 25 was
1975 1397 274 37 recommended
2268 1396 56 33 for
2349 1406 67 22 one
2433 1394 45 34 of
2492 1394 64 34 the
2574 1403 76 25 new
2680 1390 228 45 companies.

1576 1448 154 33 Colonel
1755 1448 163 39 Gordon,
1948 1447 189 37 however,
2164 1444 78 34 first
2262 1443 70 34 had
2353 1453 44 24 an
2415 1441 195 35 interview
2633 1439 89 35 with
2743 1437 164 44 Captain

1577 1494 171 43 Maling's
1763 1494 167 40 brother,
1959 1494 34 33 in
2016 1492 119 34 which
2158 1492 45 33 he
2230 1489 190 35 intimated
2439 1495 37 27 to
2497 1488 91 41 him,
2615 1487 77 33 that
2713 1487 33 32 if
2759 1487 63 32 the
2838 1482 80 45 ap-'

1574 1544 203 44 pointment
1795 1539 44 35 of
1854 1543 53 32 hi.
1928 1544 41 32 hr
1984 1541 94 33 ,ther
2098 1546 38 26 to
2153 1539 64 33 the
2249 1544 129 28 vacant
2406 1546 183 35 company
2619 1533 86 33 took
2737 1534 104 44 place
2863 1533 46 32 he

1572 1591 131 34 should
1716 1602 45 32 go
1781 1590 91 33 with
1893 1590 54 33 his
1965 1591 176 39 regiment
2163 1593 38 26 to
2219 1586 135 34 Goree.
2406 1584 168 46 Captain
2595 1581 138 43 Maling
2746 1580 64 33 did
2819 1578 89 46 join

1571 1650 20 21 a
1611 1639 229 33 detachment
1854 1636 44 34 of
1917 1638 59 32 the
1997 1637 154 33 African
2165 1644 124 33 corps:
2316 1632 86 35 who
2424 1642 94 24 were
2531 1630 112 44 doing
2655 1625 89 47 duty
2764 1625 38 51 al
2802 1625 19 51 ,
2820 1625 77 51 oard
2897 1625 20 51 ,

1571 1696 20 22 a
1620 1687 122 46 prison
1760 1685 81 43 ship
1850 1708 15 17 ,,
1887 1684 63 33 but
1974 1695 73 21 was
2062 1682 260 45 subsequently
2354 1684 76 30 sent
2447 1684 39 28 to
2507 1677 220 41 Guernsey..
2764 1676 47 33 At
2833 1674 74 34 this

1572 1734 87 33 time
1677 1743 25 24 a
1726 1733 128 34 second
1873 1731 233 44 application
2126 1740 78 24 was
2237 1728 104 34 made
2365 1728 47 44 by
2433 1723 304 46 Major-General
2774 1722 120 45 Fraser
2895 1722 20 45 .

1572 1787 37 26 to
1630 1781 93 33 have
1755 1780 162 45 Captain
1937 1779 143 43 Maling
2106 1774 204 48 appointed
2333 1774 56 34 his
2419 1773 270 43 aid-de-camp.
2741 1769 83 35 The
2843 1780 44 24 an-

1572 1839 97 24 swer
1697 1827 44 35 of
1761 1827 61 34 the
1858 1826 239 35 Commander
2124 1826 35 32 in
2197 1821 117 38 Chief
2335 1832 90 28 was,
2452 1821 81 33 that
2569 1820 44 33 he
2646 1815 194 48 approved
2867 1814 47 44 of.

1574 1877 162 44 Captain
1756 1874 142 44 Maling
1930 1874 105 43 being
2053 1872 198 45 employed
2280 1871 35 33 in
2342 1870 80 34 that
2451 1869 174 45 capacity
2650 1878 39 22 so
2706 1866 99 43 long,
2818 1873 41 25 as
2882 1873 26 25 a

1572 1924 227 33 detachment
1815 1920 44 35 of
1874 1922 56 34 his
1945 1930 109 34 corps
2072 1918 184 35 remained
2276 1917 34 35 in
2329 1917 79 34 that
2427 1916 136 34 island.
2609 1916 4 48 •

1620 1971 44 38 Q.
1698 1972 33 33 is
1750 1972 28 31 it
1792 1969 132 34 within
1943 1978 93 34 your
2049 1967 240 43 knowledge,
2314 1965 80 33 that
2419 1975 25 22 a
2473 1963 152 34 number
2641 1959 43 35 of
2696 1958 211 37 subalterns

1576 2019 84 33 who
1681 2017 72 35 had
1769 2016 128 35 served
1916 2016 130 45 longer
2061 2015 89 33 than
2172 2014 115 45 Capt.
2309 2011 157 43 Mating,
2491 2021 94 22 were
2604 2008 125 46 passed
2752 2008 66 44 by,
2844 2004 39 37 al-

1574 2066 139 44 though
1735 2065 84 44 they
1841 2063 70 35 had
1924 2061 168 46 signified
2106 2061 103 34 their
2225 2060 90 34 wish
2335 2067 39 27 to
2393 2056 203 47 purchase?
2649 2056 48 33 A.
2735 2048 148 51 Unques-

1573 2113 169 44 tionably
1759 2124 25 22 a
1801 2121 87 34 very
1906 2108 253 37 considerable
2174 2108 164 35 number.
2396 2107 32 33 It
2445 2107 28 32 is
2491 2105 65 34 the
2575 2102 204 35 invariable
2796 2107 119 40 prac-'

1574 2160 71 33 tice
1663 2160 33 34 in
1715 2159 61 34 the
1793 2170 124 33 army,
1943 2163 39 30 at
2009 2159 92 34 least
2131 2157 27 34 it
2180 2157 63 34 has
2268 2156 89 33 been
2389 2152 61 34 the
2483 2148 206 38 invariable
2725 2148 190 47 practice,:

1572 2206 100 35 since
1689 2207 60 33 the
1769 2205 131 46 period
1923 2205 105 34 when
2046 2204 53 35 his
2120 2204 124 44 Roytil
2265 2202 180 45 Highness
2465 2211 74 24 was
2565 2197 201 47 appointed
2785 2196 115 37 Com-

1574 2255 146 33 wander
1739 2255 33 33 in
1792 2251 130 43 Chief,
1949 2252 79 35 that
2047 2250 183 46 nojunior
2243 2250 123 34 officer
2380 2248 131 35 should
2530 2249 46 32 be
2597 2244 196 47 promoted
2815 2244 102 32 over'

1573 2302 63 33 the
1650 2301 92 35 head
1761 2301 44 34 of
1815 2311 25 24 a
1852 2302 123 33 senior
1993 2301 35 32 in
2046 2298 60 34 the
2119 2309 102 22 same
2245 2296 191 45 regiment.
2487 2295 93 34 This
2613 2293 207 44 regulation
2837 2289 67 35 did

1572 2355 63 27 not
1650 2348 136 34 extend
1805 2354 39 28 to
1864 2348 60 33 the
1942 2347 145 34 routine
2104 2346 44 33 of
2164 2344 61 34 the
2248 2344 120 34 whole
2383 2353 122 34 army.
2562 2341 35 34 It
2617 2341 30 33 is
2662 2350 59 32 my
2752 2339 91 44 duty
2864 2343 41 30 to

1572 2401 145 39 report,
1743 2395 79 34 that
1841 2394 63 34 the
1917 2394 124 33 officer
2056 2392 279 34 recommended
2356 2400 73 26 was
2439 2400 22 25 a
2472 2389 43 35 fit
2530 2388 72 34 and
2617 2396 138 35 proper
2767 2394 137 37 person

1569 2444 70 34 and
1657 2443 131 35 within
1806 2443 56 34 his
1893 2439 194 50 Majesty's
2106 2439 239 46 regulations.
2398 2438 100 34 That
2517 2437 111 44 Capt.
2649 2433 149 44 Maling
2826 2441 80 25 was

1571 2502 37 22 so
1630 2491 20 35 I
1669 2484 61 40 did
1749 2490 190 38 conceive,
1963 2490 72 34 and
2065 2487 18 34 I
2104 2487 113 33 know
2248 2485 74 35 him
2341 2491 39 28 to
2398 2486 87 33 lieu
2503 2483 198 46 promising
2726 2480 125 34 officer
2867 2489 43 26 as

1570 2548 72 34 any
1664 2538 35 33 in
1719 2537 60 33 the
1794 2548 124 33 army,
1943 2537 70 33 and
2028 2536 119 43 likely
2170 2538 40 31 to
2223 2533 47 34 do
2290 2533 141 34 honour
2447 2537 39 30 to
2506 2531 57 33 his
2580 2536 171 35 country.

1620 2587 44 38 Q.
1702 2585 85 34 Was
1804 2591 61 27 not
1880 2584 152 37 Colonel
2062 2583 145 41 Pigott,
2226 2581 43 34 of
2280 2581 63 33 the
2362 2580 92 37 14th
2478 2580 92 43 drag
2575 2581 100 38 oons,
2702 2572 200 50 promoted

1572 2642 90 24 over
1680 2642 22 25 a
1724 2634 120 33 senior
1865 2630 126 46 Major
2015 2631 33 34 in
2075 2629 83 33 that
2192 2628 176 43 regiment
2385 2628 12 33 ?
2453 2628 46 33 A.
2584 2624 69 34 hen
2674 2624 15 33 l
2711 2622 80 34 said
2822 2622 91 47 that,

1573 2680 86 33 such
1688 2691 45 22 an
1765 2689 221 25 occurrence
2014 2687 110 26 never
2141 2675 96 34 took
2256 2675 120 45 place,
2406 2674 17 35 I
2446 2674 64 34 did
2542 2681 104 25 mean
2678 2667 80 37 that
2777 2670 28 33 it
2824 2679 67 41 was
2891 2679 22 41 .

1576 2727 59 33 the
1655 2726 155 35 uniform
1826 2726 209 45 regulation
2063 2724 43 34 of
2120 2722 65 35 the
2211 2733 106 33 army
2347 2733 39 22 so
2405 2726 37 30 to
2471 2718 227 48 recowmend
2733 2714 34 38 O
2772 2717 31 35 ffi
2809 2724 98 33 cers,

1576 2776 115 31 unless
1708 2785 97 25 some
1832 2774 139 44 special
1991 2772 171 34 occasion
2190 2770 58 34 for
2262 2780 24 22 a
2302 2774 176 38 contrary
2494 2765 159 46 conduct,
2667 2765 92 33 took
2781 2764 124 45 place.

1580 2823 14 33 I.
1616 2822 145 34 believe
1791 2820 79 35 that
1910 2819 154 35 Colonel
2093 2817 138 45 Piggot
2256 2817 175 43 belonged
2461 2822 39 28 to
2537 2813 61 35 the
2615 2815 78 33 2lst
2709 2811 206 46 regiment,

1573 2869 72 33 and
1669 2870 19 33 I
1706 2878 57 24 am
1788 2868 142 34 certain
1948 2868 80 34 that
2048 2865 44 33 he
2115 2875 79 24 was
2223 2863 227 46 specifically
2470 2859 348 47 recommendedby
2842 2858 76 34 the'

1573 2916 263 46 Commanding
1856 2916 33 33 O
1894 2915 32 34 ffi
1930 2924 76 30 cer,
2036 2911 234 37 Lieut.-Gen.
2287 2902 191 44 Tiirleton.

1623 2965 46 39 Q.
1701 2962 74 34 Can
1796 2974 72 33 you
1881 2962 176 34 recollect
2079 2960 167 34 whether
2263 2965 38 27 at
2320 2960 60 32 the
2395 2953 128 53 period
2543 2955 46 35 of
2603 2943 24 56 f
2627 2943 289 56 CapeMalines;

1578 3011 325 45 promotionthere
1915 3020 97 24 were
2028 3019 71 32 any
2120 3007 154 32 number
2289 3007 44 32 of
2354 2999 350 40 recoMmendations
2722 3000 43 35 of
2776 2999 115 35 Kubal

1577 3065 94 27 terns
1689 3059 176 33 senior'to
1885 3058 91 39 him,
2002 3057 58 33 for
2087 3054 110 34 leave
2216 3060 52 33 to.'
2498 3051 137 34 *before
2654 3050 59 34 the
2739 3046 176 37 Dukeof

1583 3106 109 34 York
1706 3106 12 32 ?
1894 3102 106 48 great
2017 3104 167 40 number,
2211 3102 65 35 but
2294 3102 72 41 this
2391 3107 159 40 vacancy
2570 3107 77 25 was
2656 3104 60 27 not
2733 3097 175 44 filledup

1578 3155 46 41 by
1646 3152 193 46 purchase.

1624 3202 44 39 Q.
1716 3201 169 34 Without
1930 3197 177 46 purchase
2121 3195 13 35 ?
2204 3196 47 34 A.
2294 3196 34 35 It
2353 3196 37 33 is
2426 3204 90 34 very
2557 3202 83 26 rare

2652 3188 111 51 _that
2800 3189 104 35 these

1579 3259 107 32 wee.
1741 3248 79 34 The
1837 3247 252 47 applications
2106 3250 94 30 must
2219 3246 43 33 be
2280 3252 191 27 numerous
2491 3244 33 32 in
2544 3241 89 35 such
2648 3252 45 24 an
2706 3240 198 35 extensive

1577 3306 125 34 army:

1624 3344 154 34 Colonel
1800 3344 188 34 GORDON
2019 3341 85 34 then
2120 3339 80 37 said
2218 3340 78 34 that
2316 3339 110 34 there
2451 3337 99 35 were
2567 3347 46 25 no
2630 3335 226 43 regulations
2872 3333 35 34 in

1576 3391 61 33 the
1652 3402 122 33 army,
1794 3391 59 33 till
1874 3391 87 43 they
1983 3399 96 24 were
2092 3387 211 34 introduced
2321 3390 47 40 by
2386 3386 61 33 the
2465 3386 111 34 Duke
2591 3384 44 33 of
2650 3384 128 34 York.
2833 3383 50 33 Be-

1577 3439 79 33 fore
1691 3439 96 40 that,
1827 3449 48 22 an
1907 3437 136 33 Officer
2074 3437 84 32 who
2197 3436 66 33 had
2298 3443 146 33 money,
2490 3432 117 43 might
2636 3431 181 45 purchase
2850 3438 65 35 up•

1577 3488 58 32 the
1657 3487 119 43 length
1789 3487 43 32 of
1845 3497 25 22 a
1891 3484 215 35 Lieutenant
2126 3483 154 34 Colonel
2302 3483 33 33 in
2353 3483 102 32 three
2472 3483 125 32 weeks
2608 3489 51 24 .or
2674 3489 22 24 a
2714 3477 141 34 month.

1578 3535 161 38 witness,
1757 3534 34 32 in
1808 3541 247 35 consequence
2068 3530 69 34 had
2153 3541 28 25 a
2193 3530 213 34 conference
2417 3539 47 22 on
2478 3529 64 33 the
2559 3528 144 43 subject
2727 3524 90 34 with
2843 3523 73 34 the.

1578 3582 215 33 Gentleman
1811 3580 87 34 who
1926 3580 86 33 then
2037 3579 180 34 executed
2238 3578 60 34 the
2316 3578 102 33 office
2437 3575 43 34 of
2494 3579 207 38 •Secretary
2721 3579 44 28 at
2802 3572 107 39 War,

1573 3630 71 33 and
1663 3630 50 43 by
1734 3630 72 32 him
1822 3639 24 24 a
1878 3626 125 35 clause
2033 3637 76 24 was
2132 3626 221 34 introduced,
2369 3625 76 33 into
2472 3622 65 35 the
2569 3621 145 44 Mutiny
2735 3620 90 39 Act,
2858 3619 54 32 in..

1569 3665 1 56 •
1574 3677 142 44 flicting
1733 3686 24 24 a
1773 3676 151 45 penalty
1941 3685 45 24 on
2000 3684 70 33 any
2089 3684 132 35 person
2238 3672 84 34 who
2341 3672 132 34 should
2492 3669 172 35 interfere
2685 3666 113 35 lathe
2824 3665 91 35 sale.

1573 3724 45 34 of
1631 3724 267 35 commissions:

1054 92 148 52 THE
1238 93 379 52 NATIONAL
1654 92 379 52 REGISTER.

1942 3776 213 38 Examined
2173 3778 52 43 by
2241 3776 74 34 Mr.
2340 3776 72 37 WA
2422 3783 132 26 !IDLE.
2565 3784 6 7 •

1623 3837 116 34 lirhat
1757 3848 99 24 were
1873 3835 63 35 the
1959 3835 155 34 services
2131 3835 44 32 of
2204 3833 163 47 Captain
2395 3828 172 46 Maling's
2583 3824 175 45 brother,
2774 3827 92 34 who
2883 3827 31 34 is

1572 3887 78 33 also
1670 3896 25 24 a
1716 3887 159 41 Captain
1896 3885 34 33 in
1959 3883 63 34 the
2048 3893 104 33 army
2170 3883 12 32 ?
2239 3882 45 33 A.
2315 3880 120 34 There
2466 3880 28 32 is
2524 3889 24 24 a
2576 3876 164 45 Captain
2770 3866 148 53 Alaiini

1576 3934 85 34 who
1682 3933 28 34 is
1727 3945 41 22 nit
1782 3933 170 34 assistant
1971 3930 45 35 of
2031 3920 112 44 mine
2163 3932 35 33 in
2217 3930 61 34 the
2291 3921 244 43 Comniander
2558 3926 37 33 in
2613 3922 142 37 Chief's
2774 3922 141 41 Ofbce,

1578 3983 102 40 who,
1713 3981 223 44 I-suppose,
1956 3978 30 34 is
2002 3979 63 33 the
2085 3987 132 37 person
2244 3986 73 37 you
2339 3985 117 26 mean.
2511 3973 130 39 What,
2656 3972 61 39 his
2738 3971 157 50 terVices-

1573 4039 79 31 are,
1670 4030 12 34 I
1707 4030 45 33 do
1765 4035 63 28 not
1845 4029 129 33 know.
2023 4026 13 34 I
2060 4025 20 32 h
2095 4036 59 24 lye
2169 4024 119 37 found
2302 4023 74 34 him
2395 4030 37 27 to
2451 4024 45 33 he
2516 4019 43 34 of
2568 4017 256 38 considerable
2839 4026 58 24 ser-

1577 4078 97 39 vice,
1703 4076 67 33 and
1795 4076 37 34 in
1852 4074 275 35 consideration
2144 4071 45 35 of
2205 4072 54 34 his
2282 4070 98 47 good
2398 4070 211 38 character,
2636 4065 69 37 and
2727 4063 77 37 'the
2833 4074 57 25 ser-

1578 4126 98 35 vice)

1689 4124 189 38 _rendered
1893 4123 37 34 in
1955 4122 190 44 attending
2160 4128 39 26 to
2217 4120 250 34 commissions
2485 4116 70 35 and
2575 4114 105 41 other
2693 4113 163 35 business
2874 4106 44 39 of

1577 4172 65 38 the
1650 4173 124 46 office,
1791 4172 20 38 I
1828 4168 279 40 recommended
2126 4169 80 37 him
2218 4174 38 32 to
2270 4168 64 38 the
2354 4165 248 39 Commander
2617 4162 35 38 in
2678 4161 120 43 Chief
2811 4165 41 35 tin
2869 4159 48 41 be

2623 4250 7 6 •
2663 4251 9 8 .
