3214 4417
226 110 159 57 rr.B.
423 110 52 48 5.

231 255 69 39 put
319 257 45 22 on
389 248 63 31 the
470 243 176 44 half-pad
661 242 79 40 16t,
757 239 59 34 'on
836 237 120 34 which
980 237 45 33 ht
1039 236 76 33 will
1137 239 45 31 be
1199 237 130 43 placed
1346 246 38 25 so
1401 244 85 26 soon
1506 246 19 22 a-

228 296 66 33 the
317 294 111 34 Duke
445 291 43 34 of
517 291 116 34 York
654 289 63 33 has
735 289 30 31 it
782 288 35 31 in
847 287 54 33 his
924 294 145 35 power,
1095 279 103 39 there
1221 283 106 45 being
1345 287 35 31 at
1402 292 122 35 preset)
1524 292 18 35 .

229 354 48 24 no
298 339 249 46 opportunity
569 335 41 34 crf
627 335 112 43 doing
754 344 56 24 so.

282 389 46 39 Q.
360 387 74 34 Did
448 386 84 34 that
546 384 161 44 Captain
722 381 161 44 Malin
882 389 86 26 ever
984 389 103 25 serve
1104 378 34 34 in
1167 389 71 34 any
1257 389 107 34 corps
1377 379 13 33 ?
1450 377 47 34 A.
1531 378 14 32 1

229 445 119 27 never
377 433 112 34 heard
510 432 135 39 hedid,
670 429 70 35 and
762 429 18 34 I
795 429 47 33 do
857 433 59 27 not
937 428 146 34 believe
1109 426 43 34 he
1170 436 86 24 ever
1273 428 77 34 did.

285 482 83 35 The
381 482 109 33 other
506 481 180 33 witnesses
711 483 66 28 not
794 476 107 43 being
919 480 164 39 present,

285 530 77 34 Mr.
379 528 181 35 Perceval
578 526 184 46 pCoposed
783 524 78 33 that
879 520 60 38 ih'e
956 523 198 33 Chairman
1176 520 125 35 should
1317 526 126 44 report
1468 531 66 34 pro-

239 588 112 34 gress,
376 578 71 33 and
467 574 172 47 inquired
657 572 45 45 of
711 574 63 32 the
791 570 242 35 Honourable
1048 570 213 33 Gentleman
1278 570 90 41 (Mr.
1389 568 163 40 Wardle)

239 627 111 34 when
378 624 45 34 he
457 624 128 34 would
621 622 44 33 be
684 620 116 45 ready
830 624 38 28 to
908 628 46 33 go
986 628 47 22 on
1065 617 92 34 with
1186 626 72 35 any
1290 617 44 34 of
1358 618 59 33 the
1444 617 105 34 other

241 673 167 43 charges.

293 720 73 35 Mr.
389 719 155 34 Wardle
556 717 96 43 said,
678 715 74 35 this
780 718 91 30 must
888 711 143 47 depend
1049 716 44 31 on
1110 710 60 35 the
1186 711 141 35 arrival
1344 710 41 35 of
1400 710 157 46 Captain

246 768 158 43 Huxley
425 767 157 34 Sandon.

298 815 442 34 I.ordCAsTLEnt.scat
774 808 93 43 said,
892 807 45 34 he
963 804 215 37 understood
1206 806 63 33 the
1292 816 146 34 waggon
1465 806 93 32 train

244 874 81 22 was
343 861 150 35 arrived
507 874 12 26 ;
546 860 64 34 the
639 859 111 34 ord'r
778 862 73 28 sent
885 856 107 33 down
1006 867 11 27 ;
1044 854 69 33 and
1129 852 78 34 that
1224 854 155 43 Captain
1413 852 142 35 Huxle,

248 909 142 34 Sanden
409 909 120 41 might
546 909 45 32 he
611 908 33 32 in
657 914 105 26 town
789 905 48 43 by
857 904 59 32 the
933 904 91 32 time
1051 902 60 33 the
1140 901 214 33 Committee
1375 899 126 34 should
1518 899 45 33 be

249 957 115 46 ready
385 963 38 28 to
445 956 159 46 proceed
624 966 45 22 on
691 951 175 44 Monday.

299 1006 77 33 Mr.
406 1006 215 33 CANNING
638 1002 115 33 asked
782 997 119 37 which
933 997 137 44 charge
1088 994 58 35 the
1166 994 236 35 Honourable
1421 993 124 34 Gentle-

247 1062 86 27 man
352 1059 120 26 meant
491 1056 39 30 to
549 1051 105 43 bring;
667 1046 164 37 forward
852 1046 73 33 first
943 1046 13 32 ?

301 1101 74 34 Mr.
397 1098 203 37 WARDLE
625 1097 94 40 said,
748 1095 46 33 he
811 1093 103 34 could
940 1096 64 30 not
1022 1090 168 34 discover
1208 1089 118 34 where
1348 1089 84 33 Mrs.
1453 1085 110 35 Shaw

250 1157 102 25 was:
380 1146 110 35 could
515 1146 158 33 he'have
690 1142 113 34 found
826 1141 73 38 her,
928 1139 43 35 he
989 1137 126 34 should
1142 1139 91 32 have
1250 1136 156 43 brought
1422 1144 45 25 on
1486 1135 78 33 that

249 1196 139 43 charge
402 1195 91 34 first.
549 1193 57 34 He
621 1191 148 37 should,
796 1187 34 35 if
852 1186 213 44 agreeable,
1093 1185 105 33 make
1225 1194 25 22 a
1269 1181 298 35 communication

250 1250 217 28 to-morrow
493 1245 39 31 to
548 1251 72 34 any
639 1238 43 35 of
694 1239 64 33 the
776 1235 112 45 Right
909 1233 236 35 Honourable
1157 1231 208 34 Gentlemen
1381 1228 187 45 opposite,

253 1291 45 34 of
312 1291 64 34 the
391 1290 138 44 charge
549 1289 44 32 he
606 1286 128 34 should
746 1289 90 30 next
853 1281 156 46 proceed
1025 1281 51 40 in,
1089 1280 66 33 and
1172 1278 41 34 of
1227 1279 61 32 the
1302 1277 70 44 day
1383 1287 45 22 on
1448 1287 24 21 w
1485 1276 81 33 hich

244 1339 57 33 •he
320 1338 128 33 should
468 1337 106 43 bring
591 1333 26 35 it
637 1332 180 35 forward.

307 1385 74 34 Mr.
403 1387 233 32 SHERIDAN
665 1380 137 40 stated,
826 1376 78 35 that
928 1376 45 34 he
1002 1374 72 34 had
1093 1372 83 35 used
1204 1372 64 33 the
1293 1371 158 34 freedom
1470 1380 98 26 some

253 1433 97 45 days
381 1443 85 33 ago,
510 1427 282 41 understanding
826 1427 78 32 that
939 1423 57 33 his
1031 1420 237 37 Honourable
1307 1419 129 34 Friend
1473 1419 94 44 (Mr.

259 1480 180 43 Wardle)
462 1489 76 24 was
569 1478 113 33 about
702 1481 39 28 to
770 1473 107 44 bring
901 1470 165 34 forward
1095 1469 149 43 charges
1272 1466 44 34 of
1341 1466 60 33 the
1420 1465 86 33 kind
1533 1469 35 27 to

256 1530 86 33 send
358 1534 37 27 to
416 1527 90 40 him,
533 1522 207 46 requesting
763 1522 79 32 that
867 1519 44 33 he
930 1518 123 33 would
1071 1517 43 32 he
1126 1515 163 33 cautious
1303 1514 79 32 how
1401 1513 41 32 he
1462 1513 93 31 inter-

261 1576 103 34 fered
394 1576 34 33 in
449 1576 63 32 the
537 1574 171 34 business,
738 1570 45 32 he
814 1565 92 46 (Mr.
938 1561 197 44 Sheridan)
1161 1563 130 38 having
1313 1571 118 22 reason
1452 1565 38 27 to
1512 1558 43 33 be-

257 1624 116 39 lieve,
407 1620 97 41 that,
542 1620 92 33 with
666 1619 61 33 the
765 1626 87 32 very
892 1615 78 32 best
1002 1611 207 38 intentions,
1237 1609 54 32 his
1307 1605 2 58 •
1333 1605 236 35 Honourable

262 1670 138 35 Friend
426 1667 70 35 had
522 1669 76 33 lent
625 1663 149 35 himself
800 1670 39 25 to
867 1671 44 22 an
939 1658 219 34 association
1183 1655 41 35 of
1248 1665 45 24 an
1320 1651 249 46 unprincipled

261 1719 107 33 kind.
423 1717 60 35 He
506 1726 73 24 was
598 1724 104 32 sorry
730 1717 39 27 to
801 1707 214 37 understand
1033 1706 79 33 that
1139 1706 52 33 his
1220 1702 99 34 Hon.
1344 1698 130 35 Friend
1504 1698 69 33 had

260 1770 66 28 not
356 1763 170 35 received
552 1761 80 34 that
656 1768 177 32 message,
857 1755 72 40 for,
956 1755 38 33 in
1023 1753 61 34 the
1102 1752 78 38 end,
1207 1752 43 32 he
1269 1759 77 24 was
1369 1746 142 35 assured
1533 1747 41 31 he
1596 1746 1 54 •

260 1813 131 35 should
411 1811 70 33 find
500 1811 43 32 he
562 1808 69 33 had
651 1809 89 32 been
764 1804 159 43 decoyed
943 1802 78 33 into
1035 1811 25 24 a
1080 1799 72 34 foul
1169 1796 67 34 and
1257 1794 250 47 unprincipled
1522 1802 37 22 as-

261 1861 194 33 sociation.
515 1857 106 32 Were
637 1864 73 31 we,
738 1853 187 37 however,
952 1853 38 28 to
1018 1848 46 33 be
1093 1845 90 38 told,
1213 1844 78 33 that
1315 1853 39 24 so
1380 1851 109 35 grave
1506 1840 67 33 and

263 1907 201 44 important
490 1902 354 45 charges—charges
862 1898 48 43 by
930 1894 125 34 which
1072 1894 59 33 the
1152 1892 91 33 vital
1271 1891 163 33 interests
1452 1886 43 34 of
1517 1887 60 32 the

261 1962 157 28 country
435 1959 41 27 at
491 1952 73 33 this
582 1948 141 37 critical
746 1952 155 27 moment
918 1952 99 25 were
1035 1941 164 39 affected,
1228 1938 34 33 in
1291 1936 118 35 which
1431 1936 26 32 it
1470 1944 76 22 was
1558 1943 22 24 a

263 2002 171 45 question
468 1998 170 34 whether
672 2004 72 34 any
774 1993 133 37 officer,
924 2000 41 25 or
990 1988 136 37 soldier
1152 1987 34 33 in
1217 1985 60 33 the
1310 1983 136 35 British
1478 1991 100 31 army

257 2049 20 43 •
278 2049 105 43 ought
412 2057 43 24 or
474 2044 116 46 ought
614 2048 61 30 not
694 2050 38 25 to
748 2041 91 34 look
870 2049 46 33 up
945 2036 91 34 with
1064 2042 190 26 reverence
1280 2031 67 33 and
1376 2033 141 40 respect
1545 2031 37 28 to

265 2096 104 33 their
402 2094 117 38 head;
552 2091 180 39 whether,
761 2086 141 39 indeed,
930 2085 45 33 he
1003 2093 76 24 was
1100 2081 142 43 worthy
1270 2078 45 34 of
1338 2076 206 41 continuing
1561 2083 21 22 a

267 2147 161 30 moment
444 2143 126 39 longer
598 2139 33 32 in
650 2137 61 33 the
741 2133 188 37 command
946 2130 43 35 of
1016 2131 61 32 the
1104 2138 115 33 army.
1272 2125 107 33 Were
1400 2133 54 22 we
1481 2130 39 26 to
1539 2122 43 31 be

269 2189 80 38 told
365 2189 83 34 that
465 2189 34 32 in
514 2186 86 33 such
619 2194 24 24 a
657 2193 84 24 case
755 2192 41 22 as
820 2181 70 33 this
905 2189 73 33 any
997 2177 106 44 delay
1123 2176 110 41 ought
1256 2177 39 30 to
1312 2173 45 32 be
1374 2169 176 35 admitted
1565 2169 11 31 ?

269 2237 84 44 The
381 2232 98 37 Hon.
508 2232 231 38 Gentleman,
765 2228 181 39 forsooth,
992 2233 74 26 was
1094 2229 60 26 not
1178 2220 112 43 ready
1319 2225 37 27 to
1388 2226 113 34 prove
1533 2215 53 32 his

269 2281 317 45 charges.—Yes,
613 2280 64 32 but
696 2277 44 34 he
762 2285 76 26 was
855 2274 111 44 ready
986 2278 37 27 to
1050 2270 106 34 make
1173 2269 97 33 them
1285 2267 9 33 !
1346 2265 54 33 Of
1415 2264 123 41 delay,
1554 2262 34 33 is

268 2330 90 35 such
379 2341 22 22 a
415 2340 98 31 case,
539 2328 65 33 the
618 2327 155 38 honour,
800 2322 61 35 the
878 2321 77 33 best
973 2320 162 32 interests
1154 2315 40 34 of
1209 2315 60 32 the
1283 2317 168 38 country,
1470 2309 117 34 would

272 2383 66 30 not
350 2378 130 37 admit.
536 2374 39 35 If
591 2374 58 34 the
667 2370 216 35 Gentleman
899 2367 110 35 chose
1028 2372 39 27 to
1087 2365 102 33 make
1204 2362 53 34 his
1276 2361 149 43 charges
1443 2359 43 32 he
1501 2363 89 27 must

274 2428 48 33 be
337 2425 111 44 ready
467 2431 39 28 to
526 2431 117 37 prove
663 2419 116 35 them.

327 2473 38 34 It
383 2481 78 26 was
480 2476 38 30 at
534 2469 124 45 length
687 2464 146 43 settled,
860 2463 85 35 that
961 2461 65 33 the
1048 2457 217 38 Committee
1281 2453 126 35 should
1422 2453 46 34 sit
1485 2450 110 44 again

276 2531 48 24 on
347 2519 187 40 Tuesday,
559 2516 70 35 and
656 2515 80 33 that
752 2513 116 43 Capt.
907 2510 152 41 Huxley
1090 2505 152 39 Sanden,
1271 2504 72 33 Mr.
1381 2502 216 33 Donnovan,

279 2570 93 33 Mrs.
403 2567 155 40 Clarke,
587 2565 89 33 Mrs.
702 2561 130 40 Shaw,
867 2558 69 35 &c.
969 2558 46 32 be
1035 2551 203 37 summoned
1264 2557 38 27 to
1331 2545 247 38 attand.—Ad

272 2615 181 46 journed.

337 2701 369 41 Note.—Something
720 2698 81 33 like
824 2698 133 32 serious
976 2692 209 33 altercation
1202 2688 91 34 took
1315 2687 103 43 place
1435 2685 167 32 between

285 2752 78 35 Mr.
387 2750 167 44 Canning
583 2747 69 34 Rad
689 2746 76 34 Mr.
789 2738 211 39 Whitbread
1013 2752 9 26 ;
1065 2739 117 37 when,
1211 2735 106 44 aptly
1341 2732 157 44 enough,
1527 2730 74 32 Mr.

288 2800 131 33 Fuller
441 2792 237 39 admonished
696 2793 63 34 the
780 2792 124 35 House
921 2789 83 34 that
1030 2785 89 45 they
1137 2783 70 35 had
1280 2772 117 44 better
1424 2790 46 33 go
1498 2777 103 33 home

285 2846 72 37 and
373 2858 45 33 go
437 2851 40 30 to
497 2844 71 35 bed

439 2931 369 52 TUESDAY'S
842 2929 123 45 LON
981 2926 131 45 DON
1149 2919 315 50 GAZETTE.

678 3043 361 46 Admiralty-Office,
1063 3038 92 35 Jan.
1180 3035 61 35 31.
1319 3035 4 53 •

294 3115 98 47 Copy
407 3113 50 47 of
467 3125 21 24 a
507 3112 128 37 Letter
650 3105 235 41 transmitted
898 3104 39 44 by
963 3099 274 37 Viee.Admiral
1251 3094 103 37 Lord
1363 3090 244 47 Collingtrnod.

533 3168 74 40 llie
626 3165 193 50 Majesty's
839 3165 91 44 Ship
944 3161 210 39 Excellent,
1174 3158 115 34 Rosas
1307 3155 94 44 Bay,
1415 3154 96 34 Nov.
1528 3150 60 35 21.

343 3223 73 35 MY
442 3217 209 51 Lottb,—l
666 3219 94 33 have
771 3213 191 44 anxiously
981 3209 131 34 waited
1126 3216 46 24 an
1183 3203 237 46 opportunity
1435 3206 37 28 to
1485 3198 128 34 inform

293 3282 98 35 your
407 3268 184 44 Lordship
608 3265 44 34 of
664 3265 63 34 the
745 3263 213 33 investment
976 3257 44 33 of
1041 3255 69 34 this
1124 3259 83 40 port
1222 3254 46 43 by
1289 3252 59 33 the
1365 3257 141 33 enemy,
1524 3247 86 31 with

295 3331 26 25 a
338 3319 103 34 force
457 3313 200 46 computed
680 3311 47 34 at
741 3311 72 32 five
844 3317 40 25 or
901 3307 58 34 six
978 3302 176 37 thousand
1172 3311 92 24 men.
1317 3298 56 34 On
1390 3296 59 33 the
1465 3292 149 45 evening;

295 3365 48 38 Of
358 3365 60 37 the
436 3363 64 35 6th
513 3361 89 35 inst.
624 3360 63 33 the
702 3367 131 34 enemy
854 3365 72 24 was
944 3354 79 34 first
1041 3348 171 35 observed
1240 3347 33 33 in
1298 3344 135 35 motion
1450 3343 163 33 between

299 3415 184 45 Figueras
507 3409 71 35 and
602 3406 216 38 Castillern,
835 3402 85 41 and,
939 3411 45 22 on
1002 3399 64 34 the
1082 3396 193 43 following
1290 3392 175 40 morning,
1488 3397 73 25 was
1581 3387 32 33 in

295 3461 188 45 complete
500 3468 50 38 po
561 3455 141 37 'session
720 3452 45 33 of
780 3452 64 33 the
844 3449 158 46 Aicights
1019 3446 79 33 that
1113 3451 195 34 encompas
1323 3439 70 33 this
1413 3439 96 40 13ay.
1547 3433 67 45 'On

296 3513 70 33 the
389 3519 99 24 same
504 3506 90 39 da;,
612 3506 45 32 at
666 3511 115 31 noon,
800 3511 24 22 a
837 3498 100 34 small
959 3493 98 46 body
1077 3491 41 34 of
1126 3489 74 35 •the
1228 3497 125 33 enemy
1378 3482 143 37 entered
1554 3481 59 34 the

301 3565 105 30 town
422 3555 44 35 of
483 3556 133 37 Rotas,
643 3549 144 41 which,
817 3547 34 34 in
869 3539 43 40 an
939 3544 149 38 instant,
1108 3549 72 24 was
1198 3534 142 37 cleared
1357 3531 43 33 of
1413 3533 44 33 its
1474 3529 120 34 inhohi-

299 3611 115 37 tants,
429 3604 85 33 who
526 3601 119 34 either
659 3596 70 34 fled
746 3601 38 28 to
804 3594 93 35 their
911 3593 107 33 boats
1035 3598 41 25 or
1091 3587 59 34 the
1169 3583 133 37 citadel
1320 3578 58 45 for
1378 3578 19 45 .
1397 3578 216 45 protecti4n;

298 3654 70 34 but
381 3663 25 25 a
423 3650 84 37 well
527 3646 161 35 directed
718 3645 65 32 fire
806 3643 93 43 from
926 3639 64 34 the
1031 3634 188 34 Excellent
1337 3628 139 33 Meteor
1494 3624 120 38 bomb,

299 3698 92 37 both
412 3698 132 35 within
565 3690 239 51 point-blank
821 3690 80 34 shot
932 3683 46 38 of
1004 3684 64 34 the
1096 3689 111 32 town,
1230 3676 150 45 obliged
1411 3673 59 35 the
1492 3681 123 32 enemy

299 3744 273 53 precipitately
592 3749 38 27 to
648 3741 128 34 retire.
821 3737 57 35 On
905 3733 64 34 the
994 3732 79 34 first
1101 3733 230 40 appearance
1348 3720 43 33 of
1402 3720 58 33 the
1476 3726 141 34 enemy,

306 3796 89 35 Col.
415 3793 174 43 O'DttlY,
608 3785 191 38 Goveroor
819 3784 40 34 of
880 3782 71 34 this
969 3780 163 38 fortress,
1150 3772 103 37 made
1269 3768 229 53 application
1513 3772 37 26 to
1551 3762 22 37 -
1573 3762 45 37 me

302 3843 63 34 UK
379 3841 223 38 assistance;
630 3837 105 33 when
757 3835 14 33 I.
790 3820 235 59 immeliately
1025 3820 21 59 •
1046 3820 215 59 reinforced
1281 3820 52 32 his
1350 3816 161 44 garrison
1530 3811 87 33 with

302 3892 66 32 the
392 3891 158 32 marines
580 3883 45 34 of
644 3883 64 34 the
730 3880 208 37 Eltc.llent,
959 3873 115 46 (with
1091 3872 60 38 the
1167 3866 198 45 exception
1380 3863 39 33 of
1431 3870 44 24 an
1491 3859 130 35 Officer

304 3935 72 37 and
390 3934 234 46 twenty-five
641 3937 94 35 men,
755 3930 85 33 who
856 3925 67 37 had
944 3924 91 33 been
1051 3917 210 50 previously
1280 3909 175 37 detached
1473 3915 38 26 to
1532 3907 89 33 Fort

304 3981 276 46 Trinite),„and
591 3991 48 24 an
656 3978 137 35 Officer
806 3973 67 37 and
889 3971 81 44 fifty
991 3977 154 27 seamen.
1172 3965 58 34 On
1250 3961 59 34 the
1326 3959 78 41 ith,
1421 3957 61 32 the
1495 3963 125 34 enemy

306 4033 96 34 took
416 4029 206 50 possession
638 4026 189 35 ofseveral
843 4022 123 34 houses
976 4017 71 35 and
1063 4015 92 33 ruins
1168 4010 206 51 itOlie-rear
1389 4004 40 37 of
1439 4003 60 40 the
1499 4003 20 40 l
1519 4003 102 40 town,

307 4085 43 31 as
377 4090 48 22 an
446 4075 185 38 advanced
664 4080 99 43 post,
790 4072 92 33 from
917 4067 120 33 which
1069 4065 43 31 he
1131 4062 60 32 has
1198 4057 100 35 been
1317 4048 211 51 repeatedly
1554 4049 52 33 dis-

292 4122 150 50 lodged
458 4127 48 44 by
527 4126 64 33 the
611 4121 150 37 Citadel
790 4117 69 35 and
892 4117 58 32 the
970 4122 86 35 guns
1072 4109 67 35 and
1165 4106 110 37 shells
1294 4100 41 37 of
1361 4101 52 33 his
1441 4095 183 50 Majesty's

403 4175 71 35 sin
491 4173 64 37 the
570 4172 98 45 Bay.
720 4170 63 34 On
811 4165 60 38 the
904 4162 79 44 Bth,
1016 4165 39 28 at
1088 4166 106 31 noun,
1217 4148 193 45 observing
1431 4157 22 24 a
1470 4144 96 45 body
1587 4142 40 35 of

1100 98 142 52 THE
1274 99 365 52 NATIONAL
1674 100 370 50 REGISTER'.

2053 43 6 5 -
2086 35 28 13 e.

1615 237 189 41 Miquelets
1819 236 89 34 hard
1931 234 139 45 pressed
2102 236 46 41 by
2171 234 59 32 the
2246 240 124 33 enemy
2391 229 94 32 front
2505 226 93 32 their
2611 217 182 35 advanceil
2812 221 38 38 po
2850 221 19 38 s
2869 221 57 38 ts,

1650 294 76 22 was
1741 283 146 33 induced
1902 291 37 26 to
1952 283 105 35 m-ke
2075 292 22 21 a
2114 281 112 32 sortie
2246 279 92 31 from
2357 278 59 32 the
2440 270 144 35 Citadel
2600 281 24 20 w
2636 269 24 30 it
2670 268 19 30 it
2711 269 58 28 the
2781 270 143 26 seamen'

1612 331 65 33 and
1697 333 165 38 marines,
1878 330 70 34 and
1967 331 59 32 the
2052 328 148 33 ()dicers
2228 321 248 41 commanding
2496 321 118 32 them;
2649 317 63 28 but
2746 311 61 33 the
2835 317 89 33 very

1612 378 165 44 superior
1796 377 97 34 force
1926 376 43 34 of
1989 376 60 33 the
2081 384 143 27 enemy,
2244 371 81 34 woo
2344 369 136 33 endeav
2490 364 109 34 mire,'
2619 367 35 27 to
2674 356 174 37 surround
2870 365 54 30 us,

1613 424 144 41 obliged
1791 433 40 25 us
1863 429 38 30 to
1935 423 124 39 retire,
2091 423 60 31 but
2187 428 58 25 not
2278 418 54 33 till
2354 426 57 21 my
2433 413 137 32 officers
2587 407 67 33 and
2676 416 76 22 men
2773 403 67 32 had
2854 402 26 32 di
2880 402 13 32 ,
2893 402 33 32 :-

1631 472 116 32 ,laved
1766 482 21 24 a
1799 471 110 44 spirit
1922 471 67 32 and
2007 478 156 32 courage
2183 465 118 33 which
2319 475 20 31 r
2343 472 66 22 ave
2428 470 54 22 me
2504 458 61 34 the
2583 459 87 28 most
2691 451 112 33 lively
2820 450 85 32 sata
2906 450 22 32 ,

1618 519 150 33 faction.
1822 519 92 33 lam
1935 527 102 32 sorry
2075 515 12 33 I
2124 526 58 21 am
2211 489 144 63 obliged
2383 510 46 33 by
2450 506 71 34 this
2548 502 92 35 little
2657 500 110 33 affair
2784 504 38 26 to
2841 493 85 35 send

1620 576 91 21 sour
1731 565 176 44 Lordship
1926 574 21 22 a
1967 568 118 28 return
2102 561 43 33 of
2170 557 169 35 wounded
2360 565 91 24 men.
2509 553 87 31 Late
2613 559 44 21 on
2686 546 63 33 the
2773 544 155 39 evening

1618 611 43 33 of
1675 613 63 33 the
1752 612 79 37 9th,
1853 613 15 32 I
1889 609 163 34 received
2072 609 93 33 from
2185 608 60 31 the
2264 606 187 31 Governor
2469 599 59 33 the
2549 595 209 43 unpleasant
2778 591 146 35 advice,

1620 659 79 33 that
1716 670 22 22 a
1753 660 100 40 large
1873 656 131 34 breach
2026 667 71 21 was
2114 654 103 33 mathe
2237 653 33 31 in
2288 651 60 32 the
2365 651 167 38 rampart
2548 643 41 33 of
2616 643 58 34 the
2698 637 163 39 Citadel,
2880 637 48 32 by

1620 717 21 22 a
1655 712 84 38 part
1756 705 41 34 of
1812 706 61 31 the
1892 704 165 33 bulwark
2089 702 128 41 failine,
2233 700 119 34 down,
2366 691 214 38 sufficiently
2596 689 195 41 capacious
2806 689 35 26 to
2861 673 43 41 ad-

1624 754 63 32 mit
1706 752 226 43 twenty-five
1950 761 77 24 men
2044 750 158 32 abreast.
2261 746 12 31 I
2295 741 178 47 proffered
2491 746 37 25 to
2543 737 59 32 the
2619 735 189 32 Governor
2818 738 113 24 every

1623 801 188 32 assistance
1830 800 80 32 that
1928 797 60 33 the
2006 806 151 33 urgency
2173 793 41 34 of
2230 794 59 32 the
2309 794 151 28 moment
2481 780 184 47 required,
2683 778 69 34 aad
2770 774 162 35 directed

1626 848 112 44 Capt.
1756 846 138 34 Collins
1907 843 242 34 immediately
2165 848 37 26 to
2217 839 132 43 weigh,
2363 835 66 33 and
2446 834 102 44 place
2565 830 56 32 the
2639 828 139 31 \leaser
2794 833 39 22 as
2850 830 85 26 neat

1626 895 60 32 the
1697 894 100 33 shoal
1818 904 38 22 as
1872 891 171 46 pos:lble,
2056 896 34 25 to
2104 888 97 33 flank
2215 887 59 32 the
2290 883 129 33 breach
2434 881 34 31 in
2484 879 59 33 the
2561 881 104 27 event
2679 873 44 32 or
2734 875 43 28 an
2789 870 145 34 attack.

1631 943 15 33 I
1665 946 73 30 sent
1757 946 37 27 at
1811 940 61 33 the
1890 948 97 25 same
2003 938 86 31 time
2106 943 76 26 two
2202 935 100 30 boats
2333 935 37 26 to
2386 925 155 37 enfilade
2559 922 59 33 the
2631 917 116 35 beach
2765 919 63 31 wit
2837 918 19 30 h
2875 917 63 31 the

1626 991 242 34 cannonades;
1899 983 237 44 cartenately,
2156 981 60 33 the
2236 981 149 31 lateness
2408 973 43 32 of
2473 973 60 31 the
2554 971 89 31 hour
2665 963 191 46 precloded
2874 961 64 33 the

1610 1009 1 69 •
1626 1044 125 33 enemy
1770 1035 145 41 gaining
1935 1030 233 34 information
2187 1026 40 33 of
2245 1028 57 31 the
2316 1026 118 30 event.
2467 1018 77 33 The
2563 1015 193 39 following
2774 1009 168 43 morning

1632 1082 15 33 I
1669 1088 76 28 sent
1762 1091 43 21 an
1826 1080 131 33 Officer
1974 1077 65 33 and
2059 1087 22 22 a
2099 1080 110 39 party
2228 1072 43 33 of
2289 1078 142 26 seamen
2450 1072 37 25 to
2500 1063 104 34 assist
2620 1061 34 32 in
2674 1057 187 44 repairing
2878 1056 60 32 the

1629 1128 149 40 breach,
1811 1127 181 40 directing
2020 1124 59 32 the
2111 1130 139 25 seamen
2280 1119 66 33 and
2366 1114 157 34 marines
2539 1111 33 31 in
2593 1108 58 32 the
2672 1103 146 37 Citadel
2841 1110 35 25 to
2896 1103 45 31 be

1628 1174 196 46 employed
1843 1185 46 22 on
1903 1173 61 33 the
1977 1180 93 24 same
2087 1169 154 34 service!.
2296 1165 56 32 By
2368 1170 112 33 every
2499 1154 185 38 exertion,
2699 1155 61 30 the
2780 1153 165 39 'sampan

1633 1234 72 21 was
1724 1221 126 46 placed
1871 1221 35 32 in
1935 1230 22 22 a
1991 1222 91 28 state
2117 1215 41 33 of
2177 1212 158 34 security
2355 1209 56 32 for
2431 1206 20 33 t
2451 1206 21 33 h
2472 1206 21 33 e
2511 1204 38 41 ni
2549 1204 19 41 g
2568 1204 59 41 ht,
2647 1200 61 33 the
2726 1196 149 33 defence
2900 1185 45 43 Of

1635 1269 117 34 which
1775 1278 72 22 was
1863 1264 180 37 entrusted
2062 1270 35 26 to
2108 1273 44 21 an
2166 1261 129 34 ()dicer
2313 1256 64 34 and
2398 1254 98 32 forty
2516 1258 155 31 seamen,
2692 1245 118 33 whom
2836 1241 13 33 I
2871 1246 76 28 sent

1631 1328 44 22 on
1693 1318 105 32 shore
1812 1315 57 32 for
1887 1315 78 32 that
1987 1320 171 37 purpose.
2211 1307 56 33 On
2285 1305 58 31 the
2362 1300 98 34 third
2476 1300 70 40 day
2564 1296 14 33 I
2604 1303 71 25 was
2692 1294 125 39 happy
2833 1298 37 22 to
2887 1297 61 24 see

1623 1364 70 39 .the
1714 1362 123 44 repair
1853 1358 223 45 completed,
2096 1357 66 32 and
2181 1350 182 37 the.work
2383 1358 38 21 ns
2438 1343 189 37 defensibte
2643 1365 9 8 .
2668 1350 39 22 as
2727 1339 25 32 it
2776 1343 72 25 was
2861 1345 64 34 pre-

1635 1411 102 33 viout
1753 1416 38 25 to
1811 1409 58 32 the
1894 1408 164 32 disaster.
2113 1403 56 33 On
2202 1401 60 32 the
2293 1395 163 41 morning
2476 1391 41 34 of
2537 1393 61 32 the
2626 1387 81 35 15th
2730 1385 146 35 instant,
2902 1382 59 31 at'

1633 1457 99 39 eight
1749 1454 159 40 o'clock,
1929 1455 60 32 the
2006 1460 124 25 enemy
2146 1448 102 32 made
2265 1456 21 21 a
2303 1448 87 28 most
2405 1440 157 33 resolute
2572 1434 133 35 assault
2721 1442 44 22 on
2780 1430 60 33 the
2857 1428 93 33 Fort

1633 1504 143 34 Tr!nite
1796 1501 89 34 with
1902 1501 112 33 about
2031 1504 76 27 two
2121 1492 156 37 hundred
2300 1500 90 28 men,
2407 1486 69 33 anti
2493 1496 21 20 a
2535 1491 137 26 reserve
2686 1479 44 33 of
2743 1478 111 32 about
2870 1483 77 25 two

1636 1550 172 35 thousand
1828 1554 39 27 to
1883 1551 155 41 support
2055 1545 112 32 them.
2218 1541 80 32 The
2314 1546 123 22 enemy
2466 1541 94 22 were
2580 1527 150 35 bravely
2754 1522 164 45 repulsed
2934 1533 12 22 ;

1636 1602 64 31 but
1719 1598 34 33 in
1770 1607 21 22 a
1811 1602 155 27 moment
1982 1592 106 44 again
2109 1585 181 37 advanced
2310 1585 33 31 in
2369 1586 142 38 greater
2535 1578 94 31 force
2644 1587 12 26 ;
2678 1567 1 69 •
2693 1572 104 32 when
2815 1577 76 25 two
2907 1567 46 34 of

1637 1646 60 33 the
1715 1650 103 28 outer
1834 1648 103 37 gates
1957 1650 94 24 were
2074 1637 144 33 broken
2244 1641 117 34 open;
2389 1630 60 30 hut
2470 1628 46 40 by
2544 1633 25 22 a
2597 1630 84 24 mils(
2711 1617 139 45 galling
2876 1615 72 33 and

1636 1691 124 44 steady
1780 1691 65 33 fire
1863 1687 43 34 of
1933 1688 183 39 musketry
2150 1681 69 34 and
2254 1674 287 43 hand-greoadea
2565 1670 89 32 from
2683 1667 61 33 the
2771 1663 90 40 fort,
2889 1661 64 33 the

1638 1749 126 33 enemy
1783 1746 76 25 was
1874 1746 22 22 a
1913 1734 125 34 second
2057 1731 87 33 time
2159 1726 143 39 obliged
2320 1730 37 26 to
2385 1721 126 37 retire,
2535 1717 83 32 with
2637 1719 103 39 great
2753 1711 8 32 I
2771 1711 163 38 oss,leav-

1641 1788 59 41 ing
1715 1786 94 33 their
1824 1782 139 40 leader,
1975 1792 24 21 a
2014 1778 112 38 Chief
2135 1775 41 34 of
2196 1770 169 46 Brigade,
2379 1768 67 33 and
2460 1775 104 32 many
2580 1763 133 33 others,
2732 1757 89 33 dead
2838 1757 116 32 under

1642 1834 45 33 its
1720 1832 120 39 walls,
1872 1830 70 32 and
1975 1828 60 32 the
2061 1822 129 34 second
2222 1821 33 32 in
2282 1813 187 39 command
2497 1809 138 35 carried
2652 1808 57 33 oft'
2718 1804 234 45 desperately

1644 1879 188 35 wounded.
1885 1876 208 43 Expecting
2104 1881 22 21 a
2143 1867 96 34 third
2256 1863 130 35 assault
2408 1859 118 34 would
2543 1860 41 28 be
2604 1856 118 35 made,
2746 1852 13 32 I
2781 1854 113 28 threw
2919 1850 38 32 iu

1642 1939 22 21 a
1683 1928 276 33 reinforcement
1977 1920 41 33 of
2031 1920 115 32 thirty
2163 1915 169 35 marines,
2352 1922 22 19 o
2405 1907 34 33 tit
2459 1918 22 21 a
2499 1907 50 33 Ca
2557 1904 94 43 'Will)
2665 1900 69 33 and
2750 1897 207 37 Subaltern,

1645 1977 47 41 by
1713 1983 118 25 means
1845 1974 43 32 of
1898 1985 22 21 a
1938 1965 165 47 rope-lad
2108 1965 19 30 d
2132 1972 56 27 er,
2207 1972 24 20 w
2246 1959 78 33 filch
2353 1965 72 22 was
2443 1950 150 35 effected
2614 1961 26 21 w
2650 1946 222 34 itbout-loss,
2887 1942 71 33 and

1648 2021 90 34 with
1757 2031 66 22 one
1840 2031 80 24 man
1941 2019 60 31 hnt
2020 2011 148 43 slightly
2191 2004 187 38 wounded,
2406 2001 130 40 daring
2562 2008 44 22 an
2640 1996 170 32 incessant
2841 1991 64 31 fire
2920 1987 45 45 of

1648 2068 272 37 musketry.-1
1939 2066 126 31 cannot
2094 2056 117 45 speak
2245 2054 33 32 in
2310 2057 106 26 terms
2446 2046 43 33 of
2509 2044 170 34 sufficient
2698 2040 122 44 praise
2836 2035 44 34 of
2900 2036 64 33 the

1649 2117 135 33 officers
1793 2115 69 33 and
1880 2122 76 26 men
1972 2111 33 32 in
2019 2104 266 44 theirglorious
2293 2096 144 34 defence
2452 2094 43 33 of
2507 2092 89 34 Fort
2606 2086 163 39 .Trinite,
2777 2096 45 21 on
2841 2082 119 34 which

1650 2161 165 34 occasion
1834 2161 70 33 five
1922 2157 154 37 marines
2096 2160 97 22 were
2212 2143 185 39 wounded,
2417 2141 70 32 and
2517 2148 65 24 one
2616 2131 180 48 Spaniard
2815 2143 9 27 ;
2856 2132 64 31 but
2941 2130 20 33 I

1651 2211 92 32 have
1757 2209 64 32 Ihe
1838 2204 227 37 satisfaction
2093 2204 37 28 to
2160 2194 132 33 inclose
2313 2198 35 26 to

2366 2198 18 35 .
2383 2198 73 35 vour
2479 2183 175 43 Lordship
2672 2191 25 22 a
2709 2181 106 31 letter
2832 2177 17 33 I
2871 2178 91 31 have

1654 2255 163 34 received
1834 2255 96 33 from
1948 2254 59 32 the
2020 2244 152 47 Spanish
2185 2241 131 34 Officer
2329 2233 249 41 commanding
2591 2231 40 32 its
2646 2228 181 43 garrison,
2839 2228 26 27 iv
2880 2223 83 33 Bich

1657 2308 84 28 does
1761 2302 72 33 him
1869 2306 105 39 great
2006 2289 233 39 honour.---1\
2249 2298 20 20 o
2287 2284 141 34 further
2445 2284 155 37 attempt
2616 2285 73 24 was
2704 2272 104 34 made
2822 2282 45 21 on
2895 2271 70 31 this

1656 2350 72 33 fort
1747 2350 56 32 till
1831 2348 61 33 the
1916 2344 87 38 '2oth
2023 2344 145 33 instant,
2198 2347 28 21 w
2235 2335 66 31 lieu
2333 2331 61 33 the
2422 2337 126 32 enemy
2567 2322 138 45 opened
2724 2330 22 22 a
2763 2320 141 40 battery
2929 2315 41 35 of

1658 2398 99 32 three
1776 2396 115 33 heavy
1911 2404 86 34 guns
2019 2391 92 32 from
2130 2396 21 21 a
2180 2381 122 43 height
2322 2373 248 40 commanding
2607 2372 25 31 it
2646 2381 12 27 ;
2688 2369 61 32 but
2769 2375 38 22 as
2826 2369 60 31 vet
2906 2365 65 32 has

1656 2444 103 34 made
1776 2453 44 22 no
1848 2439 213 46 impression
2093 2444 45 22 on
2174 2431 44 33 its
2243 2427 97 34 wall.
2396 2422 79 33 The
2497 2417 142 37 Lucifer
2657 2417 107 32 bomb
2785 2401 70 44 had
2872 2412 91 32 been

1659 2490 181 43 throwing
1859 2491 63 30 her
1935 2485 107 35 shells
2059 2481 60 33 the
2137 2485 12 26 t
2191 2489 21 20 o
2230 2471 193 47 preceding
2439 2469 91 43 (lays
2544 2472 35 26 to
2600 2466 146 40 prevent
2766 2460 60 33 the
2841 2466 128 35 enemy

1661 2537 148 41 making
1820 2546 22 22 a
1859 2536 182 41 lodgment
2067 2538 45 22 on
2146 2525 71 33 this
2244 2519 123 40 height
2382 2529 11 27 ;
2413 2518 65 30 but
2498 2524 71 21 was
2585 2507 203 45 compelled
2804 2512 37 26 to
2861 2505 110 32 retire

1662 2584 96 34 after
1776 2584 106 43 being
1899 2580 124 35 struck
2040 2578 103 33 three
2163 2572 102 33 times
2291 2569 47 41 by
2357 2565 61 33 the
2437 2564 159 38 battery.
2652 2555 139 41 During
2810 2554 61 32 the
2891 2561 60 34 pre-

1665 2631 102 33 vious
1782 2631 102 43 night
1899 2630 59 33 the
1974 2634 125 27 eaemy
2118 2621 117 32 threw
2254 2626 46 33 up
2319 2624 44 20 an
2379 2608 188 35 extensive
2587 2603 267 34 entrenchment
2874 2600 99 32 three

1668 2678 157 34 hundred
1841 2675 106 46 yards
1967 2675 92 33 from
2078 2670 60 33 the
2163 2663 159 37 Citadel,
2339 2657 69 34 and
2428 2662 34 26 at
2481 2644 211 52 day-hre'zik
2712 2646 137 46 opened
2865 2656 21 21 a
2906 2644 65 33 fire

1668 2735 96 34 upon
1796 2725 61 32 the
1887 2722 99 44 ships
2020 2721 34 32 in
2080 2718 61 32 the
2171 2714 80 33 Itay
2285 2709 91 31 front
2404 2705 104 32 three
2538 2704 98 39 large
2663 2702 164 30 mortars,
2851 2691 120 34 which

1669 2772 142 41 obliged
1830 2781 39 24 us
1881 2776 38 27 to
1937 2769 107 34 retire
2062 2767 64 31 out
2156 2761 43 32 of
2217 2747 96 45 their
2330 2751 106 35 reach
2457 2761 7 20 :
2496 2750 58 32 the
2580 2746 106 33 bomb
2719 2743 142 37 vessel=,
2881 2738 92 33 from

1672 2820 131 41 having
1828 2829 22 22 a
1869 2818 124 39 longer
2007 2820 106 33 range
2131 2807 43 33 of
2194 2804 107 35 shells
2317 2802 84 32 than
2420 2798 61 31 the
2498 2805 142 32 enemy,
2661 2800 93 21 were
2772 2786 149 34 enabled
2939 2791 38 27 to

1674 2869 117 33 throw
1805 2865 96 33 them
1922 2863 90 33 with
2031 2859 119 33 effect.
2205 2854 92 32 Fort
2314 2846 156 38 Trinite,
2491 2843 91 32 from
2611 2841 40 32 its
2670 2835 174 35 insulated
2863 2833 96 33 situa-

1674 2915 73 33 tion
1770 2913 69 33 and
1864 2909 175 44 strength,
2060 2907 14 32 1
2094 2914 58 25 am
2172 2900 41 34 of
2226 2895 163 47 opinion,
2408 2903 81 31 may
2509 2887 97 34 stand
2623 2897 21 21 a
2665 2885 83 40 long
2763 2884 111 40 siege.
2910 2880 70 32 Rut

1680 2963 13 32 l
1707 2972 58 24 ant
1782 2965 61 28 not
1857 2969 38 22 so
1913 2957 171 41 sanguine
2101 2963 9 27 N
2111 2963 9 27 I
2120 2963 9 27 .
2141 2949 51 34 ith
2213 2948 136 39 respect
2372 2949 35 24 to
2428 2940 60 31 the
2502 2934 156 39 Citadel,
2676 2931 118 32 whose
2813 2927 165 41 garrison

1675 3009 28 33 is
1721 3017 86 34 very
1826 3005 219 44 inadequate
2061 3008 39 24 to
2135 2999 43 31 its
2206 2992 161 35 defence,
2385 2987 67 33 and
2476 2983 143 41 having,
2639 2991 38 21 as
2708 2979 14 32 L
2743 2976 184 38 conceive,
2954 2983 24 21 a

1674 3056 208 35 vulnerable
1898 3052 116 44 point.
2069 3046 15 33 I
2106 3043 131 35 waited
2257 3048 43 22 on
2327 3035 60 33 the
2419 3033 189 34 Governor
2623 3037 45 22 on
2688 3026 142 39 Sunday
2852 3022 83 38 last,
2948 3028 37 25 to

1676 3103 86 33 take
1780 3112 57 21 my
1854 3102 119 34 leave,
1993 3094 105 37 when
2130 3092 44 33 he
2212 3081 172 39 inforated
2405 3090 72 28 me,
2497 3079 77 31 that
2604 3076 41 31 he
2667 3083 74 31 oats
2760 3072 34 32 in
2811 3074 150 33 expecta-

1678 3152 73 32 tion
1770 3148 41 33 of
1831 3155 25 26 A
1869 3144 276 35 reinforcement
2163 3149 9 27 ;
2193 3138 63 30 hut
2280 3133 12 31 I
2313 3141 56 22 am
2387 3122 268 50 opprOwnAive
2670 3120 59 37 the
2745 3115 187 48 blockade
2950 3113 41 33 of

1678 3198 60 33 the
1754 3206 128 33 enemy
1900 3194 34 33 in
1958 3189 201 37 Barcelona
2179 3183 73 33 will
2285 3185 112 38 prove
2430 3184 45 21 an
2492 3169 161 34 obstacle
2670 3167 171 44 tobiffex
2852 3162 130 45 peewit

1674 3253 150 26 success.
1881 3242 15 32 I
1918 3242 67 39 beg
2002 3239 110 33 leave.
2124 3241 37 25 to
2176 3226 170 39 coitclude
2363 3221 71 34 this
2446 3217 168 45 dispatch
2628 3220 37 32 fO
2685 3217 97 40 your.
2794 3209 195 43 Lordship,

1677 3294 46 33 by
1741 3289 214 45 expressing
1974 3287 81 32 how
2073 3270 300 56 highly•satisficd
2398 3268 15 33 I
2434 3267 94 32 have
2542 3266 89 31 been
2650 3261 89 33 with
2757 3259 60 33 the
2835 3257 156 33 conduct

1677 3330 43 43 of
1733 3339 58 32 time
1809 3335 139 33 officers
1975 3333 69 32 and
2075 3333 183 37 company.
2289 3319 43 34 of
2352 3318 63 32 the
2431 3313 85 43 ship
2554 3311 18 34 I
2606 3309 90 33 have
2715 3302 61 38 the
2794 3306 139 35 tumour
2952 3305 39 31 to

1676 3384 206 38 command,
1891 3392 38 22 as
1942 3377 170 38 likewise
2125 3372 45 35 of
2190 3360 155 44 thoselif
2365 3363 65 34 the
2445 3361 145 33 Meteor
2600 3356 67 33 aud
2687 3352 145 35 Lucifer
2845 3350 145 39 bombs,

1677 3430 230 37 commanded
1942 3429 47 41 by
2026 3420 178 46 Captains
2225 3415 138 37 Collins
2394 3407 69 34 and
2502 3405 103 39 Hall,
2626 3402 123 33 whose
2765 3404 103 38 great
2888 3407 86 24 eaer-

1678 3481 91 33 lions
1785 3477 129 41 during
1930 3476 63 32 the
2006 3472 157 33 ardeous
2179 3464 69 34 and
2258 3465 90 32 most
2365 3454 111 45 fatigu
2476 3454 38 45 in
2513 3454 19 45 g
2532 3454 19 45 -
2562 3449 137 35 service
2713 3448 85 41 they
2817 3442 91 37 have

2928 3445 50 31 itu-

1678 3526 185 46 periouily
1881 3524 90 33 been
1988 3519 116 35 called
2124 3523 94 35 upon
2238 3517 35 27 to
2294 3506 176 47 perform,
2481 3498 141 35 reflects
2639 3497 63 33 the
2711 3500 158 39 greatest
2881 3491 118 34 credit

1680 3583 96 34 upon
1793 3572 89 33 him.
2124 3563 19 33 I
2171 3562 109 34 have,
2294 3555 69 33 Ike.

2250 3605 172 52 (Signed)
2544 3596 4 60 •
2613 3596 4 60 •
2648 3596 4 60 •
2819 3596 69 33 W2s
2888 3596 22 33 -
2910 3596 47 33 r.

1687 3676 111 45 Right
1817 3673 103 34 Hon.
1941 3661 286 45 Vice-Admiral
2254 3659 91 34 Lord
2360 3648 278 43 Collingwood,
2652 3645 178 35 &e.-15zc..

1684 3733 76 33 List
1776 3730 41 35 of
1833 3741 77 25 men
1936 3725 194 41 belonging
2154 3725 39 30 to
2213 3718 53 33 his
2288 3707 191 50 Majesty's
2496 3706 84 46 ship
2600 3704 58 32 the
2681 3696 210 45 Excellent,
2913 3696 85 35 who

1728 3784 96 27 we're
1840 3772 177 38 wounded
2048 3772 33 33 in
2101 3768 120 37 actibn
2244 3762 86 37 with
2350 3759 71 33 the'
2437 3763 128 33 enemy
2584 3752 165 32 between
2767 3748 60 33 the
2846 3746 63 33 Sth
2927 3737 73 43 and

1728 3826 84 37 16th
1830 3824 73 43 day
1919 3821 43 35 of
1982 3817 228 39 November,
2225 3811 102 39 1808,
2353 3808 34 32 in
2417 3804 117 34 Itosas
2550 3798 94 44 Bay.

1683 3888 97 34 Rob.
1796 3885 165 39 Palmer,
1975 3880 102 34 John
2087 3875 126 46 Sands,
2223 3870 69 35 and
2306 3869 46 33 F.
2367 3867 50 34 D.
2434 3862 122 37 Coke,
2574 3867 155 31 seamen,
2743 3853 257 51 dangerously;

1728 3934 83 34 Jas.
1832 3931 150 39 Lambe,
1997 3927 70 41 and
2091 3922 132 35 Deli&
2235 3909 106 46 Nosh
2348 3915 50 41 ia,
2409 3909 188 38 mariners,
2614 3905 137 46 badly;
2769 3904 21 47 .1,
2926 3902 79 38 cal,

1727 3990 69 30 sea
1795 3990 93 30 man,
1920 3963 142 56 slightly
2062 3963 18 56 .
2080 3963 18 56 ;
2111 3971 18 34 -
2128 3971 35 34 J.
2191 3969 150 35 Brown,
2373 3952 167 52 Serjeant
2556 3954 41 33 of
2628 3951 175 40 Marines,
2820 3948 150 44 slightly
2987 3959 14 28 ;

1693 4046 6 6 •
1731 4028 67 35 Ed.
1824 4023 201 46 Magennis,
2044 4028 170 26 seaman;
2232 4016 81 32 Jas.
2336 4010 158 33 Roberts
2511 4002 69 34 and
2601 4002 41 32 P.
2660 3999 142 43 Hyson,
2820 3996 180 38 marines;

1731 4075 79 35 Jas.
1832 4070 155 41 Martin,
2011 4076 158 30 seaman,
2185 4059 151 46 slightly
2352 4069 11 30 ;
2381 4057 43 33 J.
2450 4054 185 34 Burrows,
2652 4046 111 37 ditto,
2781 4043 113 44 badly
2913 4054 12 24 :

2960 4042 44 35 J.

1734 4120 118 38 Smith
1884 4120 71 35 and
1988 4119 20 34 J
2055 4111 139 46 Brady,
2230 4107 169 41 marines,
2426 4096 237 48 dangerously
2679 4106 9 26 ;
2724 4093 92 33 Wm.
2848 4089 157 38 Wilson.

3193 0 20 30 U

3202 73 11 14 gl

2117 141 9 7 •
2169 146 7 13 ,

2200 103 20 9 r•

2300 14 37 13 1....
2354 11 5 17 •
2363 18 8 7 •
2376 19 9 5 ...
2411 11 52 15 ..►

2861 83 66 48 93
