3259 4417
1100 73 142 51 THE
1276 67 371 56 NATIONAL
1677 66 372 51 REGISTER.

231 77 155 54 FEB.
422 78 56 47 5.

361 202 59 35 10
443 202 111 35 OUR
575 200 60 37 MI
648 202 283 37 IsSe:tatiEßS
952 203 109 35 AND
1081 202 107 37 THE
1209 202 206 37 PUBLIC.

283 257 39 35 It
341 260 27 32 is
387 265 64 28 tree
470 260 174 33 intention
661 259 43 33 of
719 262 60 31 the
804 261 227 43 Prcprietors
1048 261 45 44 of
1106 262 58 33 the
1181 259 177 37 National
1374 261 170 44 Register

235 321 40 30 to
307 321 144 39 present
481 317 94 32 their
593 315 233 35 Subscribers
849 317 66 33 and
934 318 60 33 the
1015 317 133 37 Public
1180 318 34 34 in
1240 317 145 46 general
1410 319 91 32 with
1520 327 24 24 a

239 370 241 38 COMPO.ETE
501 372 154 33 SERIES
676 380 53 26 OF
750 372 247 37 PORTRAITS
1015 374 45 34 of
1070 376 61 33 the
1149 372 119 37 whole
1284 376 44 33 of
1341 376 61 32 the
1417 376 126 33 MALE

513 428 43 34 of
580 429 64 34 the
664 428 162 38 ROYAL
848 430 193 44 FAMILY,
1070 429 94 38 from
1193 431 185 45 Paintings
1411 431 46 46 by
1485 431 61 34 the

235 493 92 27 most
356 485 263 44 distinguished
644 485 168 44 Masters,
841 488 34 34 in
901 490 54 32 the
973 498 93 25 same
1089 488 159 45 splendid
1279 488 76 34 and
1372 488 176 45 beautiful

235 552 152 30 manner
397 555 40 24 as
454 544 294 38 thePoRTRAir
759 547 44 34 of
813 547 56 34 his
879 548 37 34 Al
924 556 157 32 AJCSTir
1081 556 24 32 s
1117 547 118 35 which
1250 557 73 25 was
1335 547 213 34 distributed

237 601 167 34 GRATIS
431 609 54 26 ON
517 604 182 34 SUNDAY
723 612 117 27 LAST.
891 604 78 34 The
986 602 129 35 choice
1131 604 69 33 and
1218 604 74 34 first
1315 604 231 43 impressions

237 658 45 35 of
296 660 67 31 -Oie
386 657 125 37 Plates
528 658 76 35 will
630 659 61 43 be,
709 658 44 35 of
767 669 143 33 course,
925 659 155 35 selected
1106 660 57 33 for
1178 660 59 33 the
1257 659 227 34 Subscribers
1509 664 40 28 to

237 715 76 34 this
346 713 126 45 Paper
487 726 12 27 ;
531 715 183 35 therefore
730 715 103 46 early
853 715 246 47 applications
1117 716 77 33 will
1221 725 122 25 secure
1362 715 63 34 the
1448 720 92 27 most

243 770 175 35 valuable
441 769 194 37 Portraits.
694 772 71 33 The
780 772 174 33 National
972 772 168 43 Register
1152 771 76 34 will
1248 770 144 35 contain
1410 780 22 22 a
1452 769 99 34 Bto-

240 835 155 30 GRAPH
407 834 25 26 Y
459 835 57 26 OF
534 835 89 27 TUE
645 826 210 44 PRINCES,
883 828 47 44 by
950 827 64 34 ON
1029 827 217 40 ESIMUS;
1271 837 24 24 a
1320 826 83 33 task
1422 824 120 34 which

241 883 66 34 the
325 881 235 47 Proprietors
580 883 94 35 have
693 883 156 46 happily
872 883 184 46 prevailed
1074 895 97 33 upon
1191 883 71 33 him
1281 887 38 30 to
1338 881 214 40 undertake,

235 938 71 38 and
327 939 122 35 which
472 939 74 34 will
554 940 18 34 -
572 940 38 34 be
628 940 185 45 regularly
831 939 268 45 accomplished
1135 950 40 25 so
1200 948 37 24 as
1264 944 37 27 to
1316 948 227 33 accompany

235 997 66 34 the
330 994 138 35 several
504 994 181 37 Portraits
718 996 34 35 in
775 997 211 34 succession.
1036 996 97 34 THE
1153 997 135 32 LIKEN
1300 1003 63 25 i:ss
1388 1003 53 25 or
1465 1003 53 25 TII
1531 1002 22 25 E

239 1052 177 35 PRINCE
432 1062 54 25 OF
511 1046 156 41 WALGS
687 1054 78 34 will
785 1054 44 33 be
846 1052 110 46 ready
972 1050 57 35 for
1045 1052 163 44 delivery
1228 1062 45 24 on
1291 1050 145 44 Sunday
1448 1052 103 33 next,

246 1111 197 44 February
465 1110 97 37 11th.

289 1168 80 37 The
394 1168 126 46 object
544 1168 41 35 of
609 1169 65 34 the
694 1169 235 45 Proprietors
958 1168 28 35 is
1004 1173 38 31 to
1062 1172 66 41 put
1144 1167 60 34 the
1224 1165 141 37 British
1388 1166 141 34 Commu-

241 1224 80 45 nity
350 1225 37 34 in
422 1228 197 43 possession
648 1226 45 34 of
720 1226 151 34 faithful
894 1225 178 35 Portraits
1098 1225 67 34 and
1187 1224 217 35 Characters
1422 1221 41 34 of
1492 1222 64 33 the

241 1280 189 48 principal
468 1283 220 44 Personages
715 1281 45 35 of
793 1281 59 35 the
889 1280 346 35 ILLUSTRIOUS
1270 1279 178 35 HOUSE
1480 1277 72 35 OF

246 1337 326 38 BRUNSWICK
587 1351 11 28 ;
627 1341 66 32 but
707 1349 40 24 as
767 1337 210 43 their.loyal
999 1337 190 34 intentions
1205 1339 129 31 cannot
1354 1335 45 32 be
1416 1344 118 24 accom-

239 1394 144 48 plished
398 1395 89 35 with
503 1396 93 33 their
611 1394 163 35 confined
789 1403 190 32 resources,
996 1393 89 43 they
1106 1393 91 33 have
1214 1390 178 41 resolved,
1409 1388 137 45 though

242 1452 77 35 still
343 1452 233 45 abandoning
602 1452 53 33 all
676 1452 84 33 idea
775 1450 44 34 of
834 1450 122 46 profit,
976 1454 38 28 to
1030 1448 135 45 charge
1193 1448 174 43 Sixpence
1385 1446 57 34 for
1459 1446 90 32 each

244 1509 234 44 impression,
504 1517 37 26 to
565 1509 105 33 those
689 1507 83 34 who
798 1507 148 35 become
963 1504 229 35 Subscribers
1218 1513 44 24 or
1289 1501 180 46 purchase
1495 1502 59 33 the

246 1570 182 35 National
458 1569 180 44 Register.
705 1566 217 35 Immediate
952 1564 123 34 orders
1098 1561 129 35 should
1256 1561 46 33 be
1326 1565 77 30 sent
1428 1566 37 27 to
1493 1559 64 34 the

244 1628 129 39 Office,
394 1624 76 37 No.
500 1624 58 41 11,
568 1623 343 38 Catherine-street,
934 1620 142 40 Strand,
1095 1630 43 24 or
1162 1619 104 44 given
1286 1622 39 28 to
1344 1616 61 34 the
1426 1616 128 34 News.

244 1693 96 33 men,
357 1680 248 40 Booksellers,
618 1689 44 22 or
671 1680 131 35 Clerks
814 1677 44 34 of
872 1678 60 33 the
952 1676 135 40 Roads,
1100 1687 41 22 so
1154 1674 79 34 that
1248 1672 60 35 the
1323 1671 234 45 Proprietors

244 1749 85 34 may
347 1739 47 34 be
415 1736 85 35 able
519 1740 35 30 to
572 1736 168 35 estimate
757 1734 61 34 the
836 1733 148 34 number
1000 1731 44 33 of
1063 1731 24 33 is
1309 1728 122 44 likely
1447 1733 38 28 to
1509 1728 47 33 be

249 1793 158 37 wanted.

296 1856 90 34 This
418 1852 123 37 Series
567 1852 80 35 will
676 1851 92 35 form
790 1861 24 24 a
839 1850 60 33 Set
930 1847 40 34 of
1002 1847 167 34 Pictures
1193 1844 43 34 of
1253 1844 64 34 the
1351 1841 208 35 Illustrious

249 1907 125 39 House
403 1909 45 35 of
467 1907 235 41 Brunswick,
733 1905 144 44 worthy
908 1904 58 34 the
985 1902 182 44 Drawing
1191 1902 122 33 Room
1346 1909 44 22 or
1416 1899 59 33 the
1491 1899 47 34 Ca-

244 1968 117 41 binet,
389 1967 72 34 and
491 1965 78 34 will
596 1963 126 35 render
756 1965 60 32 the
844 1961 174 35 National
1036 1959 172 40 Regibter
1224 1954 246 47 particularly
1496 1963 43 24 va-

244 2024 144 40 luable,
410 2031 44 26 as
469 2020 207 47 presenting
692 2021 58 32 the
775 2019 81 44 only
882 2017 165 43 complete
1075 2016 61 32 Set
1153 2014 45 44 of
1206 2013 58 33 the
1281 2010 123 44 Royal
1421 2010 142 44 Family

249 2074 144 33 extant.
1015 2068 7 19 t

300 2167 39 40 .4
360 2171 280 45 Chronological
660 2167 105 37 Table
784 2167 46 47 of
840 2169 58 32 the
924 2169 132 33 Events
1083 2163 48 46 of
1142 2164 59 34 the
1217 2165 84 41 past
1323 2159 112 43 Year,
1463 2163 84 39 tope-

248 2219 90 35 21ter
354 2219 92 34 with
462 2228 26 25 a
506 2218 152 41 Copious
676 2215 132 40 index,
826 2219 39 28 to
880 2215 178 44 complete
1072 2212 64 33 the
1157 2210 97 33 First
1267 2209 158 33 'Volume
1436 2207 41 32 of
1492 2206 76 32 this

253 2267 144 45 Paper,
424 2265 33 34 Ia
470 2274 81 25 now
570 2261 115 46 ready
702 2259 58 38 for
777 2261 180 43 delivery,
978 2259 118 33 which
1115 2267 83 33 may
1218 2257 45 32 be
1281 2254 71 33 had
1371 2254 43 32 of
1424 2254 50 32 all
1501 2254 66 32 the

252 2314 200 35 Newsmen
482 2311 70 33 and
586 2309 239 43 ISoultsellers
853 2307 221 45 throughout
1109 2306 61 33 the
1205 2301 136 37 United
1368 2298 200 46 Kingdom.

257 2362 107 39 Price
389 2359 261 46 Eight-pence.

305 2421 209 37 POPULAR
544 2419 265 35 I/ILEAC/MRS
839 2417 37 33 in
891 2424 66 25 nur
969 2418 104 30 next.

373 2537 171 56 THE
578 2530 419 59 NATIONAL
1037 2523 415 58 REGISTER.

801 2683 247 52 Lontou,

539 2770 231 45 SUNDAY,
798 2766 294 45 FEBRUARY
1123 2767 40 40 5,
1193 2766 111 37 1809.

536 2909 230 32 POLITIC4L
976 2906 53 27 OP
1057 2903 94 31 THE
1167 2898 146 30 WEEK.

317 3027 77 43 Wes
411 3038 70 30 are
498 3035 113 40 sorry
643 3026 46 37 to
707 3024 122 43 state,
856 3018 89 39 that
978 3012 174 57 positive
1179 3009 155 40 advices
1352 3007 100 39 have
1479 3004 102 40 been

270 3079 184 46 received
489 3076 50 43 of
563 3076 69 40 the
669 3072 180 41 invasion
876 3070 47 39 of
948 3065 193 52 Portugal
1170 3064 51 52 by
1259 3074 22 26 a
1315 3056 268 46 considerable

270 3132 156 41 French
458 3130 125 45 force,
611 3128 78 40 and
707 3128 89 38 that
826 3120 54 43 all
908 3120 67 41 the
1009 3118 146 43 British
1182 3128 104 27 were
1303 3113 214 52 preparing
1539 3113 44 34 to

273 3185 120 43 leave
403 3185 91 40 that
520 3185 188 45 country,
733 3191 44 27 as
791 3175 84 41 also
896 3174 67 41 the
989 3168 191 57 principal
1202 3170 247 47 Portuguese
1469 3162 92 38 fami-

270 3239 85 41 lies.
417 3239 59 39 Au
495 3231 275 46 observation,
800 3226 215 56 supremely
1033 3229 107 39 true,
1168 3221 126 39 forces
1315 3216 109 41 itself
1435 3228 48 26 on
1507 3226 77 26 our

272 3291 130 41 minds
435 3301 56 28 on
519 3286 77 41 this
614 3283 202 43 occasion,
847 3281 87 38 that
956 3274 213 43 falsehood
1196 3275 30 35 is
1244 3281 143 28 sooner
1404 3279 45 26 or
1482 3265 103 40 later

274 3343 203 46 detected,
506 3339 197 52 sophistry
723 3333 190 56 exposed,
943 3330 73 39 and
1035 3327 185 40 bluudcrs
1237 3320 185 43 followed
1439 3321 47 51 by
1509 3319 58 38 dis-

272 3409 123 40 grace
411 3394 78 39 and
511 3391 268 56 punishment.
819 3389 85 38 Our
922 3381 157 41 readers
1097 3381 141 39 cannot
1256 3377 72 38 but
1349 3372 236 45 remember,

276 3451 92 39 that
399 3452 70 37 the
508 3449 162 37 reasons
697 3439 182 53 assigned
905 3436 63 39 for
1000 3432 190 50 acceding
1207 3433 44 34 to
1281 3428 70 39 the
1381 3425 208 40 Armistice

275 3503 79 41 and
376 3498 252 44 Convention
645 3494 50 41 of
710 3496 152 43 Ciutra,
891 3485 190 44 consisted
1111 3485 38 38 in
1168 3483 67 38 the
1252 3480 146 39 almost
1419 3480 146 48 impreg-

273 3554 123 41 nable
423 3550 181 52 strength
628 3548 50 41 of
700 3547 69 40 the
788 3539 135 46 works
950 3539 126 40 which
1097 3539 138 39 JUNOT
1256 3531 77 40 had
1350 3531 154 38 thrown
1527 3541 52 38 up

270 3608 43 40 in
345 3609 70 38 the
446 3596 341 59 neighbourhood
819 3595 50 41 of
908 3594 159 43 Lisbon.
1148 3589 111 39 Have
1306 3585 110 38 these
1452 3580 132 39 works

278 3660 103 40 been
400 3656 242 46 demolished
661 3658 14 34 ?
707 3665 46 30 ur
785 3650 104 40 have
915 3647 92 51 they
1046 3639 189 43 vanished
1264 3637 86 39 into
1378 3635 58 38 air
1452 3638 12 34 ?
1520 3632 70 38 We

272 3724 111 43 gave
402 3724 53 26 no
468 3709 149 46 .credit,
645 3711 44 35 at
706 3706 69 40 the
793 3703 98 39 time
925 3699 69 39 the
1020 3696 139 40 merits
1178 3692 47 39 of
1248 3690 66 39 the
1331 3689 133 39 Cintra
1483 3685 85 38 busi-

278 3778 89 27 ness
380 3777 105 28 were
504 3763 66 38 the
588 3761 158 47 subject
759 3756 50 40 of
821 3751 226 43 discussion,
1063 3752 43 35 to
1126 3746 67 39 the
1209 3743 200 43 existence
1426 3735 47 44 of
1482 3737 110 39 these

280 3817 181 40 fortified
483 3814 217 54 positions;
730 3807 78 43 and
839 3819 56 27 we
928 3801 177 43 founded
1141 3811 73 27 our
1244 3791 188 41 disbelief
1454 3801 51 28 on
1525 3790 69 37 the

278 3868 248 54 probability
549 3867 86 40 that
656 3866 141 38 JUNOT
815 3857 132 41 would
965 3860 71 34 not
1056 3854 102 38 have
1175 3863 43 26 so
1239 3844 126 52 easily
1377 3841 207 41 consented

280 3928 45 33 to
341 3922 107 40 their
467 3919 257 44 evacuation,
754 3914 78 40 had
852 3913 91 47 they
965 3909 98 39 been
1098 3918 43 26 so
1170 3914 90 38 very
1283 3895 157 41 tenable
1465 3905 43 27 as
1525 3894 70 38 the

283 3976 322 43 Conventionists,
633 3970 107 41 their
772 3964 164 45 friends,
965 3959 78 43 and
1077 3954 242 54 dependants
1345 3948 77 40 had
1457 3959 113 40 repre-

283 4028 139 41 sented
455 4028 124 40 them.
637 4026 79 37 But
743 4035 24 27 a
783 4020 113 39 short
925 4015 96 40 time
1052 4009 78 40 will
1153 4017 123 43 prove
1306 4003 66 38 the
1406 4000 107 39 truth
1548 4010 46 26 or

280 4080 149 52 fallacy
454 4080 50 39 of
516 4080 67 39 the
604 4080 233 48 conjecture
856 4082 58 28 we
931 4068 92 46 then
1044 4059 215 46 hazarded,
1316 4056 74 38 We
1406 4048 188 53 sincerely

283 4133 99 50 wash
402 4136 33 38 it
455 4144 100 31 wore
591 4126 248 52 uufouhded•
892 4123 86 39 We.
992 4115 133 45 would
1160 4107 187 58 willingly
1374 4103 149 47 suhmit
1552 4107 43 37 to

371 4174 24 28 /;

2842 59 61 47 95

1628 172 5 1 .
1782 172 93 1 _

1605 185 67 38 the
1691 172 279 50 mortification
1970 172 22 50 .
2006 183 47 35 of
2073 182 116 50 being
2223 183 197 35 detected
2420 190 50 25 .an
2502 187 51 27 au
2577 184 220 30 erroneous
2830 174 80 37 and

1610 237 230 50 precipitate
1866 235 243 43 conclusion,
2138 234 32 37 if
2184 233 136 38 future
2339 239 254 32 occurrencas
2606 227 106 38 sbew
2732 224 69 37 the
2819 234 67 39 pos-

1607 288 143 50 sibility
1773 287 47 38 of
1845 296 76 27 our
1956 291 136 45 troops
2120 285 119 51 being
2270 283 86 39 able
2392 287 41 33 to
2464 278 190 40 maintain
2675 275 240 40 themselves

1611 353 37 25 in
1678 339 106 39 these
1815 338 190 52 positions
2034 335 58 40 WI
2111 335 66 39 the
2194 335 149 39 arrival
2362 334 47 38 of
2443 332 344 39 reinforcements,
2815 338 46 26 or
2888 338 27 27 a

1609 392 152 50 change
1779 393 48 35 of
1851 391 175 43 fortune,
2055 390 37 37 in
2121 389 146 39 favour
2302 387 45 38 of
2370 387 69 35 the
2476 383 187 52 patriotic
2683 378 229 53 Spaniards,

1610 443 138 39 should
1765 441 155 52 compel
1941 443 65 37 the
2023 452 138 39 enemy
2179 452 100 27 once
2295 450 109 26 more
2422 442 41 32 to
2486 439 195 34 evacuate
2696 437 70 33 the
2789 442 99 27 coun-

1612 501 74 46 try.
1742 496 76 35 But
1833 495 107 37 these
1959 506 66 26 arc
2055 493 113 52 pious
2189 491 138 38 wishes
2342 503 54 26 we
2417 489 96 38 dare
2544 493 67 33 not
2644 483 164 51 indulge
2844 482 38 37 in
2898 495 13 31 ;

1618 546 74 40 and
1726 544 136 39 future
1892 549 149 39 events,
2069 556 57 27 we
2156 556 66 26 arc
2254 542 116 39 much
2389 539 168 40 inclined
2593 542 40 34 to
2670 533 247 54 apprehend,

1616 598 73 39 will
1709 602 69 34 too
1795 596 175 52 strongly
1989 596 268 39 demonstrate
2278 593 83 40 that
2379 592 66 38 the
2461 591 100 39 cries
2580 589 46 38 of
2639 588 275 50 indiguatioef

1619 648 182 53 repeated
1822 648 105 39 from
1965 660 73 25 one
2066 648 209 48 extremity
2303 645 46 39 of
2379 644 69 38 the
2479 643 159 50 Empire
2669 646 43 32 to
2733 637 185 44 another,

1615 715 102 26 were
1741 706 71 34 not
1844 700 92 52 only
1950 703 99 48 just,
2078 699 71 38 but
2184 711 102 25 even
2317 702 66 33 too
2420 694 219 40 moderate,
2668 689 252 52 considering

1618 754 65 39 the
1704 754 177 52 disgrace
1902 764 26 26 N%
1937 767 21 24 e
1976 750 209 43 sustained,
2218 748 76 40 and
2326 750 66 35 the
2420 746 224 52 pernicious
2675 741 191 51 tendency
2893 746 32 33 it

1609 806 84 39 had
1709 809 43 35 to
1770 817 78 25 sow
1869 806 219 39 discontent
2101 814 146 38 among
2267 800 64 39 the
2348 802 262 47 Portuguese,
2629 794 78 39 and
2724 798 44 34 to
2781 794 139 38 render

1617 857 109 39 them
1744 855 223 41 indifferent
1985 860 43 33 to
2044 854 65 39 the
2130 853 210 39 liberation
2362 852 47 38 of
2424 850 107 39 their
2550 853 185 44 country.

1668 912 33 37 A
1722 908 99 40 false
1840 908 74 38 and
1946 907 222 50 dangerous
2197 904 167 53 opinion
2391 902 141 50 begins
2559 905 44 33 to
2622 898 94 51 gain
2745 894 175 57 ground,

1622 959 187 48 fostered,
1830 972 41 26 as
1891 958 126 46 usual,
2054 959 47 48 by
2122 956 115 53 party
2259 956 124 52 spirit,
2404 952 78 40 and
2502 950 214 43 re-echoed
2747 950 48 50 by
2819 947 84 39 hire-

1618 1012 81 51 ling
1721 1010 306 45 writers,—that
2042 1012 122 35 Great
2184 1007 150 39 Britain
2352 1004 142 40 should
2526 1006 117 34 make
2662 1015 54 26 no
2744 999 119 44 etiost
2882 1011 44 26 to

1619 1065 142 38 favour
1783 1063 50 39 of
1850 1063 67 38 the
1937 1061 224 43 Continent,
2179 1059 129 39 unless
2328 1058 63 37 the
2409 1056 158 39 natives
2594 1067 104 26 Isere
2881 1057 45 33 to

1625 1117 118 38 make
1757 1113 306 52 corresponding
2089 1111 200 39 exertions
2311 1110 74 38 and
2414 1108 198 39 sacrifices
2637 1107 37 38 in
2696 1108 165 47 support
2878 1103 53 39 of

1618 1168 104 39 their
1756 1167 306 51 independence.
2133 1166 59 37 To
2229 1162 64 53 lay
2329 1161 74 38 this
2430 1161 118 38 down
2582 1170 41 26 as
2654 1169 24 25 a
2717 1154 210 53 principle,

1620 1218 129 40 would
1781 1220 51 37 be
1869 1218 67 39 the
1972 1221 100 34 most
2108 1215 223 51 dangerous
2365 1213 151 38 maxim
2551 1222 59 26 we
2643 1208 118 40 could
2802 1208 128 51 adopt

1620 1271 35 37 in
1684 1270 66 52 pol
1766 1274 18 33 t
1801 1270 59 38 cal
1893 1270 223 48 reasoning,
2144 1280 47 25 or
2220 1267 39 37 in
2294 1264 185 53 practical
2498 1264 280 51 government.
2839 1261 86 37 Tee

1620 1328 176 32 moment
1817 1333 58 26 we
1907 1320 102 39 take
2027 1320 31 39 it
2092 1331 43 26 as
2171 1318 67 38 the
2274 1317 86 39 rule
2383 1316 51 39 of
2459 1328 78 26 our
2555 1312 188 44 conduct,
2776 1320 58 28 we
2867 1322 40 28 re-

1619 1387 168 32 nounce,
1826 1372 65 39 for
1919 1385 110 30 ever,
2060 1383 116 40 every
2213 1370 105 51 hope
2350 1369 46 37 of
2428 1364 215 53 curtailing
2669 1362 71 43 the
2771 1368 157 46 present

1620 1426 197 52 alarming
1866 1423 322 54 preponderance
2225 1422 48 37 of
2321 1421 66 37 the
2420 1430 162 40 enemy,
2623 1415 79 39 and
2738 1415 189 43 abandon

1619 1491 120 39 every
1775 1476 93 39 wish
1900 1478 47 37 of
1975 1475 178 50 resisting
2189 1472 59 38 his
2280 1470 132 39 future
2446 1468 343 41 cucroachments.

1622 1531 115 51 thing
1769 1530 30 39 is
1835 1540 111 30 more
1967 1527 198 48 flattering
2185 1524 39 38 in
2248 1524 74 52 Pre
2355 1527 156 47 present
2544 1519 197 52 depraved
2761 1521 103 35 state
2882 1517 39 39 of
2921 1517 20 39 .

1620 1583 163 50 society,
1804 1579 78 39 and
1902 1579 39 39 in
1970 1579 67 38 the
2057 1576 195 40 universal
2274 1574 87 39 lack
2380 1574 48 38 of
2443 1571 136 54 public
2591 1573 130 51 spirit,
2733 1570 99 39 than
2849 1581 47 40 ge-

1624 1632 106 40 neral
1752 1633 184 41 maxims,
1956 1630 126 38 which
2113 1628 150 52 gratify
2295 1639 74 26 our
2395 1625 216 39 selfishness
2643 1623 78 38 and
2758 1622 91 38 love
2883 1620 56 39 of

1620 1697 100 27 ease.
1762 1681 242 43 individuals
2020 1693 71 26 are
2109 1680 206 51 unwilling
2329 1683 43 33 to
2392 1677 104 40 meet
2516 1677 66 37 the
2597 1681 112 45 great
2728 1672 204 40 sacrifices.

1622 1736 124 41 which
1763 1749 24 25 a
1805 1740 145 47 system
1969 1731 50 39 of
2030 1731 198 52 enesgetic
2250 1730 125 52 policy
2398 1729 171 50 imposes
2583 1739 48 26 on
2650 1727 69 37 the
2737 1737 152 27 comma-

1628 1792 83 48 nity
1730 1804 13 30 ;
1780 1787 94 45 and,
1893 1783 353 50 notnithstanding
2268 1782 103 39 their
2396 1779 227 40 conviction
2643 1779 47 37 of
2717 1778 50 38 its
2781 1778 124 39 advan-

1596 1830 4 64 'l
1625 1847 125 46 tages,
1767 1837 216 52 cheerfully
2006 1835 184 40 abandon
2210 1835 32 39 it
2258 1833 38 40 iu
2311 1834 144 37 favour
2484 1830 48 39 of
2546 1830 98 39 their
2662 1830 272 39 effesnittan.fa

1625 1893 76 38 and
1715 1892 176 38 avarice.

1677 1946 35 35 It
1729 1948 106 34 must
1856 1943 46 37 be
1920 1938 248 46 recollected,
2197 1942 44 35 at
2272 1936 66 41 the
2356 1946 107 28 same
2481 1935 110 40 time,
2610 1933 77 38 and
2707 1932 226 53 constantly

1630 1994 203 54 repeated,
1853 1994 89 38 that
1962 2006 57 25 we
2037 2003 70 27 are
2131 1995 70 33 not
2220 1988 170 53 fighting
2409 1987 64 39 for
2497 1985 70 40 the
2585 1988 248 47 Portuguese
2854 1985 79 40 and

1628 2048 213 51 Spaniards
1856 2043 237 51 exclusively
2113 2043 139 37 :—W'c
2284 2053 64 26 arc
2375 2037 239 50 contending
2644 2036 65 39 for
2735 2049 78 26 our
2845 2048 91 27 own

1633 2101 146 50 safety,
1795 2109 77 26 our
1899 2109 89 26 own
2016 2095 141 51 rights,
2187 2106 79 27 our
2295 2104 86 26 own
2400 2091 204 43 freedom;
2635 2088 37 38 in
2691 2089 71 40 the
2781 2096 157 43 present

1631 2156 100 34 state
1750 2151 46 38 of
1822 2147 189 41 mankind
2043 2159 57 26 we
2130 2144 135 40 would
2298 2144 58 38 be*
2374 2143 128 38 afraid
2522 2146 44 33 to
2580 2141 265 50 repeat,—ter
2862 2153 77 26 our

1630 2216 87 25 own
1747 2202 132 52 glory.
1894 2200 77 39 and
2003 2198 306 53 pre-eminence.
2361 2194 129 38 These
2519 2192 125 38 words
2662 2204 67 27 are
2750 2189 81 40 like
2859 2192 69 39 the

1633 2256 111 37 voice
1779 2264 141 40 crying
1955 2251 38 37 in
2026 2249 69 39 the
2126 2250 148 43 desert,
2302 2246 89 51 they
2422 2257 69 28 are
2520 2248 111 46 spent
2657 2255 52 26 on
2741 2246 104 35 trees
2859 2244 85 41 and

1632 2304 276 52 Jocks,—they
1930 2313 71 27 can
2030 2306 154 34 extract
2205 2311 56 27 no
2284 2295 304 53 correspondiug
2603 2293 126 40 sound
2748 2293 105 40 from
2872 2297 67 37 the

1632 2357 103 46 cold,
1756 2355 197 48 unfeeling
1974 2354 131 38 hearts
2135 2352 47 39 of
2205 2352 71 39 the
2300 2355 156 46 present
2481 2346 248 53 generation.
2789 2346 71 39 Let
2878 2359 63 34 us,

1635 2412 201 41 however,
1869 2404 168 40 without
2062 2418 24 25 a
2112 2404 126 52 single
2267 2401 164 54 particle
2461 2399 51 39 of
2533 2396 215 52 sensibility
2780 2396 64 40 fur
2872 2396 72 41 the

1635 2461 203 48 sufferings
1873 2460 47 37 of
1954 2458 71 37 the
2053 2454 224 53 Spaniards,
2311 2467 45 25 or
2401 2451 48 39 of
2487 2450 243 39 abhorrence
2769 2448 65 40 foe
2876 2453 70 37 the

1637 2516 162 50 atrocity
1820 2511 48 39 of
1883 2511 65 37 the
1964 2520 240 39 aggression,
2226 2505 118 40 make
2357 2516 110 27 some
2485 2502 137 40 efforts
2635 2507 43 33 to
2693 2505 165 48 prevent
2874 2503 70 39 the

1643 2567 143 38 french
1806 2565 104 37 from
1930 2561 208 51 obtaining
2154 2556 234 61 undisputed
2409 2555 215 50 possession
2644 2554 47 39 of
2706 2552 70 39 the
2799 2554 120 40 Penin-

1638 2619 80 38 sula
1734 2633 12 30 ;
1766 2623 40 30 to
1822 2626 151 39 occupy
1987 2613 58 38 his
2059 2593 198 59 attention
2272 2622 35 25 in
2322 2608 89 39 such
2430 2621 24 25 a
2471 2617 177 33 manner,
2660 2606 90 38 that
2769 2604 26 38 it
2813 2606 47 40 be
2876 2611 74 33 not

1639 2668 117 53 solely
1769 2667 176 39 directed
1956 2670 43 33 to
2008 2665 67 38 the
2091 2663 180 38 invasion
2284 2661 47 37 of
2339 2672 76 27 our
2426 2670 89 26 own
2525 2659 146 38 shores.
2685 2660 91 50 part
2781 2656 117 40 iculas

1661 2733 90 26 nose
1773 2719 48 40 of
1843 2717 170 40 Ireland.
2069 2715 40 38 If
2131 2715 70 38 the
2232 2713 152 38 natives
2413 2711 48 39 of
2487 2709 116 52 Spain
2623 2709 51 38 do
2707 2712 73 37 Rot
2798 2720 151 40 possess

1641 2773 51 39 ail
1726 2773 65 38 the
1821 2781 148 39 energy
2003 2766 76 40 and
2114 2766 243 39 enthusiasm
2387 2776 59 26 we
2477 2774 103 26 were
2614 2760 60 40 led
2708 2764 46 35 to
2787 2766 158 46 expect,

1643 2833 89 44 tney
1759 2825 103 35 have
1880 2820 201 52 displayed
2104 2830 110 27 more
2244 2816 50 40 of
2316 2815 94 40 both
2446 2813 98 40 than
2563 2811 118 41 could
2713 2812 235 53 reasonably

1645 2880 46 37 be
1713 2875 129 52 hoped
1857 2875 64 38 for
1943 2872 104 39 flint)
2066 2884 21 24 a
2108 2867 159 56 people,
2296 2867 104 45 who,
2430 2865 65 40 for
2522 2869 78 38 two
2628 2864 213 45 centuries,
2869 2864 83 41 had

1646 2934 92 34 been
1761 2924 209 54 oppressed
1991 2926 46 50 by
2073 2922 70 39 the
2163 2926 106 37 most
2287 2919 148 53 galling
2454 2919 76 37 and
2551 2915 141 39 odious
2717 2915 234 51 despotism.

1646 2981 109 51 They
1774 2991 69 26 arc
1861 2978 78 39 still
1958 2976 39 38 in
2030 2986 126 32 arms;
2185 2973 107 39 their
2310 2970 237 39 detestation
2567 2966 45 39 of
2635 2967 105 39 their
2770 2967 185 41 invaders

1646 3034 66 38 has
1733 3035 71 35 not
1822 3028 142 40 abated
1980 3043 12 30 ;
2021 3026 92 52 they
2144 3024 103 39 have
2277 3022 67 39 the
2373 3020 170 45 sublime
2572 3031 177 39 courage
2779 3025 44 33 to
2846 3019 107 52 cliug

1645 3085 74 38 fast
1742 3090 43 32 to
1804 3081 72 39 the
1894 3081 72 38 last
1987 3077 119 53 plank
2126 3074 50 40 of
2193 3076 105 39 their
2316 3071 157 54 sinking
2494 3077 168 46 country
2679 3089 20 28 ;,
2721 3071 94 53 they
2846 3071 106 40 have

1646 3133 234 41 manifested
1915 3146 50 25 no
1984 3129 230 41 inclination
2235 3139 44 27 as
2297 3130 64 48 yet
2391 3131 44 33 to
2467 3123 198 53 purchase-
2696 3123 130 52 safety
2859 3124 99 43 vii.tla

1645 3188 243 45 dishonour;
1918 3183 76 40 and
2013 3182 70 40 the
2099 3180 340 52 correspondence
2458 3177 50 37 of
2530 3176 69 47 the
2616 3176 149 38 traitor
2785 3177 180 46 MonLa„

1648 3240 221 48 describing
1890 3237 67 38 the
1977 3234 171 40 heroism
2167 3231 48 39 of
2230 3231 69 39 the
2324 3229 142 53 people
2490 3227 51 40 of
2569 3227 176 45 Madrid,
2769 3227 198 39 notwith.

1649 3291 182 52 standing
1851 3292 69 38 the
1939 3286 206 50 treachery
2176 3282 52 40 of
2254 3283 100 39 their
2380 3280 167 45 lead,ms,
2575 3279 77 39 and
2670 3279 67 38 the
2769 3280 193 39 immense

1650 3346 107 38 force
1776 3343 51 39 of
1852 3344 66 37 the
1949 3350 158 39 enemy,
2135 3337 30 38 is
2181 3335 194 39 sufficient
2393 3338 45 33 to
2466 3332 132 39 refute
2630 3330 70 43 the
2734 3330 213 53 despicable-

1650 3393 224 43 falsehoods
1889 3397 87 34 that
1993 3391 104 39 have
2115 3389 97 39 been
2233 3385 118 53 lately
2370 3381 207 54 published
2594 3381 50 40 of
2668 3381 90 39 that
2777 3381 162 53 people.

1606 3432 2 57 '
1702 3449 102 37 W!:0
1824 3445 96 39 dues
1936 3448 72 34 not
2039 3439 188 40 recollect
2245 3439 73 39 the
2329 3448 198 41 generous
2557 3433 243 41 enthusiasm
2836 3432 129 43 which

1652 3498 168 53 inspired
1839 3497 69 39 the
1922 3493 142 56 people
2082 3493 47 40 of
2143 3491 78 40 this
2235 3495 188 46 country,
2451 3487 116 39 when
2585 3487 66 40 the
2669 3485 86 40 first
2773 3493 200 35 account*

1654 3554 45 38 of
1723 3549 161 54 Spanish
1905 3548 208 39 resistance
2131 3556 104 27 were
2248 3540 206 54 conveyed
2471 3544 45 33 to
2536 3552 74 26 our
2627 3539 152 39 shores.
2835 3537 131 41 When

1655 3609 67 33 nas
1757 3608 30 34 it
1805 3596 240 57 evaporated
2060 3601 12 34 ?
2130 3595 58 40 Oh
2205 3599 9 35 I
2244 3606 60 27 we
2323 3598 102 34 must
2445 3596 72 34 not
2536 3592 50 38 be
2603 3604 41 26 so
2674 3602 130 39 eager.
2826 3595 45 34 to
2887 3591 85 39 dig..

1676 3666 94 30 over
1789 3669 24 25 a
1832 3660 102 32 mote
1952 3656 40 34 in
2009 3661 76 27 our
2101 3648 250 48 neighbdfir's
2368 3658 84 37 eye,
2480 3646 109 35 when
2606 3656 59 26 we
2693 3645 103 38 have
2813 3657 22 25 a
2854 3647 117 39 beam

1654 3713 39 35 in
1711 3720 74 27 our
1808 3719 85 27 own
1910 3709 14 33 I
1978 3702 73 39 We
2078 3700 104 40 scoff
2203 3703 59 41 at,
2290 3709 56 28 we
2365 3694 196 54 proclaim
2580 3693 117 40 aloud
2720 3693 69 40 the
2807 3693 159 40 relaxa.

1655 3763 84 38 tion
1772 3758 50 39 of
1843 3754 163 56 Spanish
2042 3763 163 41 energy,
2235 3748 96 41 with
2357 3762 50 25 an
2426 3748 213 44 intention,
2665 3759 53 25 no
2750 3746 146 46 donbt,
2914 3754 58 34 -to

1658 3813 158 52 palliate
1835 3821 74 27 our
1924 3819 87 27 own
2031 3806 163 52 apathy.
2254 3804 106 37 Even
2376 3800 198 40 Ministers
2591 3810 102 31 seem
2709 3803 44 33 to
2773 3798 197 51 despond.

1659 3865 117 39 Their
1808 3861 145 43 silence
1996 3859 32 38 is
2070 3855 214 51 alarming.
2349 3852 85 41 The
2480 3852 174 39 Taunted
2692 3852 282 63 reparations

1655 3917 64 39 for
1752 3928 22 26 a
1807 3909 242 45 formidable
2074 3907 231 53 expedition
2336 3905 100 40 have
2470 3904 254 44 terminates,
2763 3904 30 38 it
2829 3914 144 35 seems,

1659 3974 33 33 in
1713 3967 136 40 orders
1867 3966 65 38 for
1945 3966 67 37 the
2036 3963 222 48 transports
2276 3964 43 35 to
2336 3970 53 40 go
2409 3946 131 50 round
2561 3961 43 33 to
2619 3954 220 40 Chatham.
2893 3956 78 39 We

1658 4033 100 26 were
1776 4032 44 27 so
1841 4015 126 56 proud
1985 4013 48 39 of
2046 4015 69 38 the
2130 4012 113 51 spirit
2272 4009 125 47 which
2432 4007 131 51 began
2582 4012 41 34 to
2659 4005 188 48 manifest
2867 4005 117 41 itself

1657 4085 109 31 some
1791 4068 163 44 months
1972 4077 103 43 ago;
2106 4076 56 30 we
2180 4061 135 43 hailed
2341 4062 31 41 it
2404 4072 45 30 as
2472 4059 71 40 the
2559 4057 151 43 revival
2730 4057 52 41 of
2794 4057 92 51 04
2900 4068 91 47 ye-,

3196 268 18 149 C
3214 268 38 149 EP

162 2246 18 9 ~
248 2242 87 13 cars
354 2242 92 12 wau
462 2242 26 11 to
506 2242 151 18 ‘eupive**
676 2242 110 9 Al•ae%••
797 2242 11 13 1
827 2242 38 6 w
880 2242 122 17 %•-•■••y•
1002 2242 13 17 ,
1015 2242 41 17 ..-
1074 2242 60 4 ••••-
1157 2242 15 1 -
1191 2242 8 1 •
1208 2242 46 1 •--
1276 2242 9 1 •
1304 2242 118 1 ---•---
1439 2242 32 1 ---
1494 2242 37 1 ---
1540 2242 25 1 --
1633 2242 48 1 ---
1693 2242 25 1 --
1747 2242 40 12 rs-
1820 2242 39 17 -J

4 2276 13 59 t
253 2267 144 45 Paper,
424 2265 33 34 is
470 2274 81 25 now
570 2261 115 46 ready
702 2259 58 38 for
777 2261 180 43 delivery,
978 2259 118 33 which
1115 2267 83 33 may
1218 2257 45 32 be
1281 2254 71 33 had
1371 2254 43 32 of
1424 2254 17 32 a
1441 2254 33 32 ll
1501 2254 66 32 the
1633 2256 111 37 voice
1779 2254 141 50 crying
1955 2251 38 37 in
2003 2242 22 46 L
2026 2242 69 46 the
2126 2250 148 43 desert,
2302 2246 89 51 they
2422 2257 69 28 are
2520 2248 111 46 spent
2657 2255 52 26 on
2741 2246 104 35 trees
2859 2244 85 41 and

252 2314 200 35 Newsmen
482 2311 70 33 and
586 2309 239 43 Booksellers
853 2307 221 45 throughout
1109 2306 61 33 the
1205 2301 136 37 United
1368 2298 200 46 Kingdom.
1632 2304 276 52 Jocks,—they
1930 2313 71 27 can
2030 2306 154 34 extract
2205 2311 56 27 no
2284 2295 304 53 correspontliug
2603 2293 126 40 sound
2748 2293 105 40 from
2872 2297 67 37 the

257 2362 107 39 Price
389 2359 261 46 Eight-pence.
850 2346 2 59 .
1632 2357 103 46 cold,
1756 2355 197 48 unfeeling
1974 2354 131 38 hearts
2135 2352 47 39 of
2205 2352 71 39 the
2300 2355 156 46 present
2481 2346 248 53 generation.
2789 2346 71 39 Let
2878 2359 63 34 us,

305 2421 209 37 POPULAR
544 2419 265 35 PREACIIERS
839 2417 37 33 in
891 2424 66 25 nor
969 2418 104 30 next.
1635 2412 201 41 however,
1869 2404 168 40 without
2062 2418 24 25 a
2112 2404 126 52 single
2267 2401 164 54 particle
2461 2399 51 39 of
2533 2396 215 52 sensibility
2780 2396 64 40 fur
2872 2396 72 41 the

1498 2448 4 61 .
1635 2461 203 48 sufferings
1873 2460 47 37 of
1954 2458 71 37 the
2053 2454 224 53 Spaniards,
2311 2467 45 25 or
2401 2451 48 39 of
2487 2450 243 39 abhorrence
2769 2448 65 40 for
2876 2453 70 37 Use

373 2537 171 56 THE
578 2530 419 59 NATIONAL
1037 2523 416 58 itEGIS'I.ER.
1637 2516 162 50 atrocity
1820 2511 48 39 of
1883 2511 65 37 the
1964 2520 240 39 aggression,
2226 2505 118 40 make
2357 2516 110 27 some
2485 2502 137 40 efforts
2635 2507 43 33 to
2693 2505 165 48 prevent
2874 2503 70 39 the

1643 2567 143 38 french
1806 2565 104 37 from
1930 2561 208 51 obtaining
2154 2556 234 61 undisputed
2409 2555 215 50 possession
2644 2554 47 39 of
2706 2552 70 39 the
2799 2554 144 40 Peniu-

262 2636 360 34 ssursamamagr....
1243 2622 34 22 '-
1277 2622 17 22 -
1293 2622 52 22 '-'
1345 2622 35 22 11
1416 2622 35 22 -7
1452 2622 18 22 -
1469 2622 18 22 -
1487 2622 89 22 -'*"'
1638 2619 80 38 sula
1734 2623 72 39 ;to
1822 2626 151 39 occupy
1987 2613 58 38 his
2059 2593 198 59 attention
2272 2622 35 25 in
2322 2608 89 39 such
2430 2621 24 25 a
2471 2617 177 33 manner,
2660 2606 90 38 that
2769 2604 26 38 it
2813 2606 47 40 be
2876 2611 74 33 not

801 2683 247 52 LonDott,
1639 2668 117 53 solely
1769 2667 176 39 directed
1956 2670 43 33 to
2008 2665 67 38 the
2091 2663 180 38 invasion
2284 2661 47 37 of
2339 2672 76 27 our
2426 2670 89 26 own
2525 2659 146 38 shores.
2685 2656 214 53 partii;ulas
2908 2656 37 57 ly

1661 2733 90 26 hose
1773 2719 48 40 of
1843 2717 170 40 Ireland.
2069 2715 40 38 If
2131 2715 70 38 the
2232 2713 152 38 natives
2413 2711 48 39 of
2487 2709 116 52 Spain
2623 2709 51 38 do
2707 2712 73 37 not
2798 2720 151 40 possess
3226 2743 19 24 if

1641 2773 51 39 ail
1726 2773 65 38 the
1821 2781 148 39 energy
2003 2766 76 40 and
2114 2766 243 39 enthusiasm
2387 2776 59 26 we
2477 2774 103 26 were
2614 2760 60 40 led
2708 2764 46 35 to
2787 2750 158 63 expect,

1759 2825 103 35 have
1880 2820 201 52 displayed
2104 2830 110 27 more
2244 2816 50 40 of
2316 2815 94 40 both
2446 2813 98 40 than
2563 2811 118 41 could
2713 2812 235 53 reasonably
3221 2693 24 50 1

539 2770 231 46 SUNDAY,
798 2766 294 45 FEBRUARY
1123 2767 40 40 5,
1193 2766 89 37 1809
1281 2766 22 37 .

3220 2769 8 80 ~
3228 2769 19 80 1j

536 2909 230 33 POLITIC4L
782 2906 174 32 BVII:NTS
976 2906 53 27 of
1057 2903 94 31 THE
1167 2898 146 30 WEEK.
1645 2880 46 37 he
1713 2875 129 52 hoped
1857 2875 64 38 for
1943 2872 104 39 fioin
2066 2884 21 24 a
2108 2867 159 56 people,
2296 2867 104 45 who,
2430 2865 65 40 for
2522 2869 78 38 two
2628 2864 213 45 centuries,
2869 2864 83 41 had
3226 2849 20 78 1

1646 2934 92 34 been
1761 2924 209 54 oppressed
1991 2926 46 50 by
2073 2922 70 39 the
2163 2926 106 37 most
2287 2919 148 53 galling
2454 2919 76 37 and
2551 2915 141 39 odious
2717 2915 234 51 despotism.
3231 2931 14 46 1

1655 2981 100 51 Chet'
1774 2991 69 26 arc
1861 2978 78 39 still
1958 2976 39 38 in
2030 2986 126 32 arms;
2185 2973 107 39 their
2310 2970 237 39 detestation
2567 2966 45 39 of
2635 2967 105 39 their
2770 2967 185 41 invaders

826 2972 188 20 +!-

317 3027 77 43 We
411 3038 70 30 are
498 3035 113 40 sorry
643 3026 46 37 to
707 3024 122 43 state,
856 3018 89 39 that
978 3012 174 57 positive
1179 3009 155 40 advices
1352 3007 100 39 have
1479 3004 76 40 bee
1554 3004 26 40 n

1646 3034 66 38 has
1733 3035 71 35 not
1822 3028 142 40 united
1980 3043 12 30 ;
2021 3026 92 52 they
2144 3024 103 39 have
2277 3022 67 39 the
2373 3020 170 45 sublime
2572 3031 177 39 courage
2779 3025 44 33 to
2846 3019 107 52 chug
3223 2979 24 39 :4

11 3102 7 37 I
270 3079 184 46 received
489 3076 50 43 of
563 3076 69 40 the
669 3072 180 41 invasion
876 3070 47 39 of
948 3065 193 52 Portugal
1170 3064 51 52 by
1259 3074 22 26 a
1315 3056 268 46 considerable

1645 3089 74 34 fast
1742 3090 43 32 to
1804 3081 72 39 the
1894 3081 72 38 last
1987 3077 119 53 plank
2126 3074 50 40 of
2193 3076 105 39 their
2316 3071 157 54 sinking
2494 3077 168 46 country
2679 3089 20 28 ;,
2721 3071 94 53 they
2846 3071 106 40 hale

270 3132 156 41 French
458 3130 125 45 force,
611 3128 78 40 and
707 3128 89 38 that
826 3120 54 43 all
908 3120 67 41 the
1009 3118 146 43 British
1182 3128 104 27 were
1303 3113 214 52 preparing
1539 3113 44 34 to

1646 3133 223 65 manifested
1870 3133 45 65 ..
1915 3146 50 25 no
1984 3129 230 41 inclination
2235 3139 44 27 as
2297 3130 64 48 yet
2391 3131 44 33 to
2467 3123 191 53 purchase
2696 3123 130 52 safety
2859 3124 99 43 wialla

273 3185 120 43 leave
403 3185 91 40 that
520 3185 188 45 country,
733 3191 44 27 as
791 3175 84 41 also
896 3174 67 41 the
989 3168 170 57 principa
1159 3168 21 57 l
1202 3170 24 47 P
1226 3170 99 47 ortu
1325 3170 25 47 g
1350 3170 99 47 uese
1469 3162 115 38 lami-

1645 3189 243 44 dishonour;

1688 3198 177 34 snonour
1877 3202 12 30 ;
1918 3183 76 40 and
2013 3182 70 40 the
2099 3180 340 52 correspondence
2458 3177 50 37 of
2530 3176 69 47 the
2616 3176 149 38 traitor
2785 3177 64 37 Ma
2850 3188 107 35 oLt,

270 3239 85 41 lies.
417 3239 59 39 Au
495 3231 275 46 observation,
800 3226 24 56 s
823 3226 191 56 upremely
1033 3229 107 39 true,
1168 3221 126 39 forces
1315 3216 109 41 itself
1435 3228 48 26 on
1507 3226 77 26 our

1648 3240 221 48 describing
1890 3237 67 38 the
1977 3234 171 40 heroism
2167 3231 48 39 of
2230 3231 69 39 the
2324 3229 142 53 people
2490 3227 51 40 of
2569 3227 150 45 Madrid
2719 3227 26 45 ,
2769 3227 198 39 notwitb...
3215 3231 13 17 ..

272 3291 130 41 minds
435 3301 56 28 on
519 3286 77 41 this
614 3283 202 43 occasion,
847 3281 87 38 that
956 3274 213 43 •falsehood
1196 3275 30 35 is
1244 3281 143 28 sooner
1404 3279 45 26 or
1482 3265 103 40 later

1649 3291 182 52 standing
1851 3296 69 33 the
1939 3286 206 50 treachery
2176 3282 52 40 of
2254 3283 100 39 their
2380 3280 167 45 leaders,
2575 3279 77 39 and
2670 3279 67 38 the
2769 3280 193 39 immense

274 3343 203 46 detected,
506 3339 197 52 sophistry
723 3333 190 56 exposed,
943 3330 73 39 and
1035 3327 185 40 bluudcrs
1237 3320 185 43 followed
1439 3321 47 51 by
1509 3319 77 38 dis-
1650 3346 107 38 force
1776 3343 51 39 of
1852 3344 66 37 the
1949 3350 158 39 enemy,
2135 3337 30 38 is
2181 3335 194 39 sufficient
2393 3338 45 33 to
2466 3332 132 39 refute
2630 3330 70 43 the
2734 3330 233 53 despicable-

272 3409 123 40 grace
411 3394 78 39 and
511 3391 268 56 punishment.
819 3389 85 38 Our
922 3381 157 41 readers
1097 3381 141 39 cannot
1256 3377 72 38 but
1349 3372 236 45 remember,

1650 3393 224 43 falsehoods
1889 3397 87 34 that
1993 3391 104 38 have
2115 3389 97 39 been
2233 3385 118 53 lately
2370 3381 207 54 published
2594 3381 50 40 of
2668 3381 90 39 that
2777 3381 162 53 people.

276 3451 92 39 that
399 3452 70 37 the
508 3449 162 37 reasons
697 3439 182 53 assigned
905 3436 63 39 for
1000 3432 190 50 acceding
1207 3433 44 34 to
1281 3428 70 39 the
1381 3425 208 40 Armistice
1606 3425 2 67 ,
1702 3449 59 37 Iv

1654 3501 6 7 .
1739 3462 65 45 ..:0
1824 3445 96 39 dots
1936 3448 72 34 not
2039 3439 188 40 recollect
2245 3439 73 39 the
2329 3448 198 41 generous
2557 3433 243 41 enthusiasm
2836 3432 129 43 which

275 3503 79 41 and
376 3498 252 44 Convention
645 3494 50 41 of
710 3496 152 43 Ciutra,
891 3485 190 44 consisted
1111 3485 38 38 in
1168 3483 67 38 the
1252 3480 146 39 almost
1419 3480 170 48 iinpreg-

1652 3497 35 90 i_n
1688 3497 12 90 e
1700 3497 24 90 si
1723 3497 24 90 ,;
1747 3497 37 90 are
1783 3497 12 90 .
1795 3497 12 90 d
1807 3497 37 90 ..:
1844 3497 12 90 t
1856 3497 13 90 s
1869 3497 13 90 h
1881 3497 13 90 h
1894 3497 13 90 e
1922 3510 76 38 peo
2002 3493 61 53 ple
2082 3493 47 40 of
2143 3491 78 40 this
2235 3495 188 46 country,
2451 3487 116 39 when
2585 3487 66 40 the
2669 3485 27 40 fi
2702 3491 53 34 rst
2773 3493 200 35 account*

7 3510 17 154 1
46 3510 4 154 .
273 3554 123 41 Liable
423 3550 181 52 strength
628 3548 50 41 of
700 3547 69 40 the
788 3539 135 46 works
950 3539 126 40 which
1097 3539 138 39 JUNOT
1256 3531 77 40 had
1350 3531 154 38 thrown
1527 3541 52 38 up
1905 3560 92 27 resis
1998 3552 115 33 tance
2131 3556 104 27 were
2248 3540 206 54 conveyed
2471 3544 45 33 to
2536 3552 74 26 our
2627 3539 152 39 shores.
2835 3537 131 41 When
3226 3510 4 154 •

270 3608 43 40 in
345 3609 70 38 the
446 3596 341 48 neimhhourhood
819 3595 50 41 of
908 3594 159 43 Lisbon.
1148 3589 111 39 have
1306 3585 110 38 these
1452 3580 132 39 works
1768 3566 22 38 1
1791 3566 24 38 '
1814 3566 24 38 1

517 3639 21 17 ~.
1655 3617 67 26 nas
1757 3608 30 34 it
1805 3596 240 57 evaporated
2060 3601 12 34 ?
2130 3595 58 40 Oh
2205 3599 9 35 I
2244 3606 60 27 we
2323 3598 102 34 must
2445 3596 72 34 not
2536 3592 50 38 be
2603 3604 41 26 so
2674 3602 125 39 eager
2826 3595 45 34 to
2887 3591 85 39 dig..

278 3660 103 40 been
400 3656 242 46 demolished
661 3658 92 37 ?ur
785 3650 104 40 have
915 3647 92 51 they
1046 3639 189 43 vanished
1264 3637 86 39 into
1378 3635 58 38 air
1452 3638 12 34 ?
1520 3632 70 38 We
1676 3666 94 30 over
1789 3669 24 25 a
1832 3660 102 32 mote
1952 3656 40 34 in
2009 3661 76 27 our
2101 3648 250 48 ncighbOiir's
2368 3658 84 37 eye,
2480 3646 109 35 when
2606 3656 59 26 we
2693 3645 103 38 have
2813 3657 22 25 a
2854 3647 117 39 beam

272 3724 111 43 gave
402 3724 53 26 no
468 3709 149 46 -credit,
645 3711 44 35 at
706 3706 69 40 the
793 3703 98 39 time
925 3699 69 39 the
1020 3696 139 40 merits
1178 3692 47 39 of
1248 3690 66 39 the
1331 3689 133 39 Ciutra
1483 3685 106 38 bust-
1654 3713 39 35 in
1711 3720 74 27 our
1808 3719 85 27 own
1910 3709 14 33 I
1978 3702 73 39 We
2078 3700 104 40 scoff
2203 3703 59 41 at,
2290 3709 56 28 we
2365 3694 196 54 proclaim
2580 3693 117 40 aloud
2720 3693 69 40 the
2807 3693 159 40 relaxa.

9 3774 7 18 I
26 3771 24 221 1
278 3778 89 27 uess
380 3777 105 28 were
504 3763 66 38 the
588 3761 158 47 subject
759 3756 50 40 of
821 3751 226 43 discussion,
1063 3752 43 35 to
1126 3746 67 39 the
1209 3743 200 43 existence
1426 3735 47 44 of
1482 3737 110 39 these

1655 3767 8 98 t
1663 3767 8 98 p
1671 3767 8 98 i
1680 3767 18 98 ai
1697 3767 19 98 ol
1716 3767 9 98 i
1726 3767 9 98 i
1735 3767 9 98 .
1772 3758 50 39 of
1843 3754 163 56 Spanish
2042 3763 163 41 energy,
2235 3748 96 41 with
2357 3762 50 25 an
2426 3748 213 44 intention,
2665 3759 53 25 no
2750 3746 146 46 doubt,
2914 3754 58 34 -to

280 3817 181 40 fortified
483 3814 217 54 positions;
730 3807 78 43 and
839 3819 56 27 we
928 3801 177 43 founded
1141 3811 48 27 ou
1189 3811 25 27 r
1244 3791 188 41 disbelief
1454 3801 51 28 on
1525 3790 43 37 th
1573 3802 20 24 e
1739 3811 56 39 lat
1794 3824 22 26 e
1835 3821 74 27 our
1924 3819 87 27 own
2031 3806 163 52 apathy.
2254 3804 106 37 Even
2376 3800 198 40 Ministers
2591 3810 102 31 seem
2709 3803 44 33 to
2773 3798 197 51 despond.

278 3868 248 54 probability
549 3867 86 40 that
656 3866 141 38 JIINOT
815 3857 132 41 would
965 3860 71 34 not
1056 3854 102 38 have
1175 3863 43 26 so
1239 3844 126 52 easily
1377 3841 207 41 consented
1659 3865 19 39 ,
1678 3865 98 39 Choir
1808 3861 145 43 silence
1996 3859 32 38 is
2070 3855 214 51 alarming.
2349 3852 85 41 The
2480 3852 174 39 Taunted
2692 3852 282 63 reparations,

280 3928 45 33 to
341 3922 107 40 their
467 3919 257 44 evacuation,
754 3914 78 40 had
852 3913 91 47 they
965 3909 98 39 been
1098 3918 43 26 so
1170 3914 90 38 very
1283 3895 157 41 tenable
1465 3905 43 27 as
1525 3894 70 38 the
1655 3917 64 39 fur
1752 3928 22 26 a
1807 3909 242 45 formidable
2074 3907 231 53 expedition
2336 3905 100 40 have
2470 3904 254 44 terminated,
2763 3904 30 38 it
2829 3914 144 35 seems,

283 3976 322 43 Conventionists,
633 3970 107 41 their
772 3964 164 45 friends,
965 3959 78 43 and
1077 3954 242 54 dependants
1345 3948 77 40 had
1457 3959 136 40 reprc-

1659 3983 33 25 in
1713 3967 136 40 orders
1867 3966 65 38 for
1945 3966 67 37 the
2036 3963 222 48 transports
2276 3964 43 35 to
2336 3970 53 40 go
2409 3946 131 50 round
2561 3961 43 33 to
2619 3954 220 40 Chatham.
2893 3956 78 39 We

283 4028 139 41 seated
455 4028 124 40 them.
637 4026 79 37 But
743 4035 24 27 a
783 4020 113 39 short
925 4015 96 40 time
1052 4009 78 40 will
1153 4017 123 43 prove
1306 4003 66 38 the
1406 4000 107 39 truth
1548 4010 46 26 or

1658 4033 100 26 were
1776 4032 44 27 so
1841 4015 126 56 proud
1985 4013 48 39 of
2046 4015 69 38 the
2130 4012 113 51 spirit
2272 4009 125 47 which
2432 4007 131 51 began
2582 4012 41 34 to
2659 4005 188 48 manifest
2867 4005 117 41 itself

280 4080 149 52 fallacy
454 4080 50 39 of
516 4080 67 39 the
604 4080 233 48 conjecture
856 4082 58 28 we
931 4068 92 46 then
1044 4059 215 46 hazarded,
1316 4056 74 38 We
1406 4048 188 53 sincerely
1657 4085 109 31 some
1791 4068 163 44 months
1972 4077 103 44 ago;
2106 4076 56 30 we
2180 4061 135 43 hailed
2341 4062 31 41 it
2404 4072 45 30 as
2472 4059 71 40 the
2559 4057 151 43 revival
2730 4057 52 41 of
2794 4057 92 51 thit
2900 4068 91 47 ye-,

283 4133 99 50 Wash
402 4136 33 38 al
455 4144 100 31 wore
591 4126 248 52 oufoundedo
892 4123 86 39 We.
992 4115 133 45 would
1160 4107 187 58 willingly
1374 4103 149 47 suhmit
1552 4107 44 37 to

944 4194 5 18 .
971 4194 11 15 .

22 4284 28 53 .ijr

3149 0 72 81 -1
3221 0 37 81 1
