3413 4441
1173 66 145 56 THE
1349 69 376 58 NATIONAL
1757 71 371 53 REGISTER.

306 214 79 33 ton,
403 219 52 20 ae•
491 217 91 24 even
600 215 110 27 twice
728 216 272 31 recommended
1018 216 47 44 by
1084 226 71 24 one
1169 219 41 33 of
1224 219 110 40 them,
1365 224 60 37 yet
1450 220 79 35 that
1558 231 43 24 no-

305 256 105 39 thine
428 255 109 32 cipeld
554 265 221 35 overpower
791 260 64 34 the
883 260 176 41 iftfluence
1094 265 43 33 of
1168 265 87 34 Mrs.
1277 266 152 40 Clarke,
1452 267 81 34 who
1551 267 70 35 had

306 300 229 37 determined
567 301 83 34 that
684 302 123 47 Major
835 307 109 34 Shaw
973 309 128 41 should
1130 311 46 37 be
1202 317 63 40 put
1281 322 45 24 on
1345 312 80 35 half
1440 324 90 35 pay,
1552 315 70 33 Find

305 351 83 33 that
407 351 156 32 bec..use
583 352 24 31 it
626 353 189 43 appeared
833 353 84 34 that
943 356 46 33 be
1007 359 105 32 could
1147 366 59 25 not
1239 361 268 33 accommodate
1535 361 87 34 Mrs.

309 397 144 34 Clarke
470 399 97 32 with
583 398 59 33 the
659 400 175 37 thousand
853 402 141 45 pounds
1004 403 122 37 which
1144 405 44 33 he
1208 406 69 34 had
1294 407 180 43 promised
1489 415 35 26 to
1541 407 85 45 give

307 452 39 26 to
367 443 87 34 her?
509 444 63 34 He
591 446 221 35 maintained
830 448 79 34 that
940 450 63 32 the
1020 454 118 32 whole
1159 452 43 33 of
1226 454 69 34 this
1317 454 308 46 disappointment

307 498 38 27 to
361 491 61 34 the
443 491 115 34 views
575 493 41 33 of
640 493 123 47 Major
785 495 129 37 Shaw.
931 507 105 25 arose
1057 498 97 34 from
1170 503 58 30 the
1246 502 256 34 circumstance
1517 502 45 34 of
1572 501 56 35 his

307 540 135 40 having
461 539 117 35 fallen
595 541 100 34 short
713 542 44 32 of
769 542 128 44 giving
906 543 38 34 to
961 544 89 33 Mrs.
1062 547 139 34 Clarke
1217 547 77 34 that
1310 548 118 34 10001.
1446 548 122 35 which
1584 549 44 34 he

307 586 203 44 stipulated
540 593 38 27 to
591 589 85 43 give
692 594 38 27 to
751 591 65 32 her
839 600 46 22 on
905 592 56 31 his
976 594 252 41 appoinnueat
1248 600 37 28 to
1302 596 63 33 the
1390 594 89 35 rank
1496 595 44 34 of
1556 598 50 33 Co-

309 634 98 34 lonel
422 645 12 28 ;
463 635 63 32 but
547 635 35 32 in
604 635 120 33 which
744 637 44 34 he
811 648 71 24 was
902 639 257 43 disappointed
1179 654 11 27 ;
1215 643 67 33 and
1302 653 76 25 was
1397 647 63 40 put
1473 652 45 24 on
1537 643 76 35 half-

308 691 93 35 pay,
420 681 86 44 only
530 680 132 44 havine
690 684 61 33 the
780 687 259 41 nppointmeut
1061 689 40 32 of
1129 687 498 37 Barrack-Mrener-General

308 735 41 27 at
378 730 61 31 the
469 728 107 45 Cape
608 731 43 32 of
672 730 387 46 Good-Hope.—The
1090 742 89 28 next
1204 746 79 22 case
1310 737 120 33 which
1462 737 45 33 he
1540 738 86 34 took

309 777 124 33 notice
467 776 43 33 of
541 787 74 24 was
631 777 64 33 the
723 789 83 22 case
836 778 44 33 of
904 781 74 33 Mr.
1018 781 167 43 Dowler,
1212 783 56 33 for
1294 784 60 33 the
1378 785 252 45 appointment

311 824 44 34 of
389 823 120 34 whom
544 824 45 33 he
625 824 90 33 read
739 826 93 33 from
865 827 64 34 the
965 829 169 38 evidence
1167 830 44 32 of
1246 831 77 33 that
1359 833 159 33 witness.
1552 833 77 32 that

312 870 46 33 Le
373 881 92 32 gave
496 876 39 28 to
556 872 58 33 Mr
618 883 9 20 s
635 898 8 7 .
669 873 142 35 Clarke
842 874 61 34 for
928 876 60 32 the
1007 876 99 33 office
1135 878 118 32 which
1274 880 41 31 he
1339 888 74 24 now
1439 878 104 34 holds
1566 891 66 21 one

313 919 180 33 tainisand
534 920 207 44 gyineas.—
751 922 142 43 Stating
925 922 159 39 further,
1126 925 78 33 that
1248 925 44 32 he
1326 925 151 45 applied
1509 932 37 27 to
1587 935 44 24 no

313 966 109 37 other
441 976 132 34 person
586 966 57 34 for
659 967 43 40 it,
715 969 70 32 and
802 969 79 33 that
896 969 45 38 be
958 980 73 22 was
1044 973 167 40 gazetted
1224 972 32 32 in
1273 971 74 34 that
1367 973 100 33 office
1481 983 22 21 o
1517 973 115 32 ithout

311 1024 72 33 aey
405 1013 144 33 further
567 1015 235 44 proceeding.
847 1016 80 33 The
946 1024 86 27 next
1055 1028 72 24 was
1143 1019 59 32 the
1230 1029 78 24 case
1325 1019 41 38 of
1391 1020 138 33 Samitel
1548 1023 64 31 Car-

315 1067 70 28 ter.
442 1061 100 34 Here
563 1062 44 33 lie
627 1062 84 33 read
733 1063 60 32 the
810 1063 175 34 evidence
1002 1065 44 33 of
1075 1067 87 33 Mrs.
1179 1067 137 33 Clarke
1342 1077 41 22 as
1416 1074 38 26 to
1488 1067 53 32 his
1567 1077 44 34 ap-

306 1110 237 43 pointment,
581 1109 67 34 and
676 1110 78 32 also
796 1109 61 34 the
900 1111 172 33 evidence
1102 1114 43 38 of
1176 1113 60 33 her
1274 1119 174 35 servants,
1478 1114 157 33 Thomas

327 1157 156 38 Walker
519 1157 70 33 and
611 1157 164 33 William
806 1157 123 33 M‘Do
935 1160 102 39 wall,
1057 1160 81 32 who
1170 1170 94 24 were
1283 1160 64 33 her
1374 1161 158 33 footman
1565 1165 69 30 and

317 1204 206 33 coachman
542 1209 40 27 at
601 1205 60 33 the
681 1204 111 34 house
822 1204 35 33 in
875 1206 354 45 Gloucester-place,
1247 1209 47 41 by
1315 1208 119 33 which
1462 1209 41 32 he
1522 1208 90 33 main-

318 1252 126 32 tained
464 1251 80 34 that
557 1253 74 33 this
650 1252 116 43 youth
789 1263 74 22 was
882 1254 60 33 the
961 1261 141 26 servant
1120 1256 43 32 of
1180 1256 86 33 Mrs.
1289 1256 136 34 Clarke
1440 1267 11 26 ;
1478 1256 73 33 that
1574 1256 64 33 the

322 1297 118 43 fluke
458 1298 45 35 of
511 1299 111 34 York
643 1300 107 33 knew
772 1299 74 34 hint
863 1306 38 27 to
914 1302 44 32 he
976 1302 83 34 such
1074 1315 9 28 ;
1110 1302 67 32 and
1194 1303 77 32 that
1286 1303 41 32 he
1349 1313 71 22 wus
1439 1303 196 44 appointed

322 1345 51 45 by
396 1346 64 33 her
478 1346 177 33 influence
676 1346 91 33 w;th
794 1346 60 34 the
878 1349 112 33 Duke
1024 1348 43 33 of
1101 1349 107 34 York
1227 1362 8 27 ;
1265 1350 78 33 that
1362 1351 43 31 he
1426 1359 71 22 %vas
1513 1359 45 22 en
1577 1349 60 33 the

320 1395 98 32 Staff
433 1394 33 33 in
488 1394 63 33 the
569 1396 12 30 1
581 1396 12 30 4
593 1396 13 30 (
617 1400 52 27 est
694 1395 119 33 Indies
842 1395 60 33 for
934 1406 86 24 near
1045 1396 100 33 three
1165 1407 117 33 yteirs,
1302 1398 156 32 Ivithout
1483 1407 70 33 any
1571 1407 45 33 ap-

321 1442 184 43 plication
537 1443 105 32 made
677 1441 35 34 in
745 1442 54 33 his
831 1443 151 39 behalf;
1009 1444 67 32 and
1108 1444 78 33 that
1217 1444 30 33 it
1277 1454 70 24 was
1378 1444 204 45 impossible
1610 1444 26 33 it

319 1489 132 34 should
467 1491 46 32 be
534 1491 135 32 known
702 1488 86 34 here
808 1491 168 33 whether
1004 1491 43 33 he
1078 1501 72 22 was
1182 1492 96 32 alive
1306 1504 41 20 or
1372 1491 89 33 dead
1487 1492 56 32 for
1560 1491 74 33 that

317 1537 154 43 period,
493 1546 44 22 as
566 1547 44 21 no
631 1535 176 45 inquiries
828 1547 94 22 were
943 1539 104 32 made
1077 1540 214 41 concerning
1411 1551 9 27 ;
1447 1539 50 33 all
1520 1538 117 33 which

321 1584 46 32 he
387 1583 222 33 maintained
631 1589 37 26 to
699 1585 45 33 be
770 1586 125 41 owing
922 1590 39 28 to
981 1585 59 33 the
1058 1586 176 33 influence
1253 1586 118 34 which
1403 1586 86 34 Mrs.
1504 1586 136 34 Clarke

321 1630 71 39 had
409 1641 89 22 over
519 1631 60 32 the
596 1630 97 33 mind
705 1632 70 33 and
789 1632 91 33 cond
887 1637 60 30 uct
965 1633 43 32 of
1024 1633 52 33 his
1090 1635 120 33 Ro‘al
1233 1633 189 41 Highnee.
1465 1633 78 33 The
1561 1642 79 25 case

320 1678 46 32 of
398 1676 129 46 Major
541 1678 141 33 Turner
704 1678 43 32 he
774 1682 78 30 also
870 1681 222 34 maintained
1111 1688 38 26 to
1169 1683 41 32 he
1231 1693 64 21 one
1313 1681 33 32 in
1368 1681 116 33 which
1504 1681 61 33 the
1589 1681 35 32 in-

320 1726 139 32 fluence
475 1726 45 33 of
544 1726 89 33 Mrs.
651 1727 138 32 Clarke
809 1739 87 21 over
918 1728 56 33 his
993 1729 117 33 Koval
1133 1728 174 43 Highness
1333 1739 72 22 oas
1423 1739 86 32 very
1524 1733 117 34 great,

318 1775 73 37 atk
412 1785 44 21 oe
480 1772 122 34 which
624 1773 45 32 he
686 1775 86 31 read
798 1774 65 33 the
882 1775 187 34 evidence.
1122 1776 51 33 As
1192 1782 34 26 to
1246 1776 60 33 the
1333 1786 80 24 case
1431 1775 43 32 of
1507 1775 132 32 Robert

322 1822 178 39 Kennett,
527 1821 71 33 and
704 1822 215 33 connection
956 1824 89 33 with
1076 1824 61 33 the
1155 1830 122 35 agents
1307 1822 43 33 of
1383 1822 58 33 the
1480 1822 107 32 Duke
1606 1821 41 32 of

322 1869 133 40 York,
485 1869 111 33 under
626 1870 63 31 the
718 1869 83 33 idea
819 1869 78 35 that
927 1871 80 33 that
1041 1881 128 34 person
1205 1871 116 32 would
1342 1871 44 32 he
1416 1870 80 32 able
1515 1876 34 26 to
1565 1869 79 32 lend

322 1922 39 26 to
385 1916 52 32 his
459 1915 76 43 Rov
546 1915 38 33 al
605 1915 60 45 Hig
665 1915 20 45 -
685 1915 100 45 hness
814 1928 24 24 a
861 1929 74 22 sum
953 1918 45 33 of
1010 1929 146 33 money,
1183 1918 28 32 it
1231 1928 72 24 was
1319 1928 21 21 a
1356 1922 132 30 matter
1509 1916 135 34 which,

319 1962 184 44 although
526 1964 33 32 in
578 1963 104 34 itself
696 1965 207 45 improper,
928 1976 96 34 upon
1046 1967 124 32 which
1191 1965 43 33 he
1247 1965 126 33 should
1390 1971 63 27 not
1470 1963 172 32 dwell.—

389 2011 13 32 I
436 2013 96 32 have
715 2011 78 33 said
822 2013 61 39 he,
909 2014 26 18 6'
958 2013 161 45 perhaps
1152 2011 163 34 troubled
1348 2011 60 34 the
1434 2011 124 33 House
1585 2015 61 27 too

322 2057 100 33 lone.
478 2057 15 33 I
521 2057 93 33 have
632 2059 89 45 only
738 2065 39 28 to
802 2065 110 35 state,
940 2062 83 32 that
1044 2061 15 33 I
1080 2062 92 33 have
1192 2065 66 39 put
1276 2070 58 33 my
1346 2059 207 34 sentiments
1572 2057 74 32 into

321 2104 65 32 the
404 2104 94 33 form
519 2104 45 33 of
576 2114 46 22 an
641 2106 149 34 address
815 2112 37 28 to
882 2107 57 34 his
976 2106 176 47 Majesty,
1178 2107 119 34 which
1323 2106 15 33 I
1359 2106 91 33 shall
1476 2104 170 33 conclude

322 2161 28 21 N%
364 2151 52 33 ith
441 2153 149 43 moving
609 2152 34 33 in
657 2153 73 33 this
751 2154 194 35 House—l
964 2156 155 44 thought
1144 2156 30 33 it
1182 2153 135 46 justice
1336 2158 37 30 to
1393 2154 70 32 this
1478 2154 171 32 House—

367 2198 157 44 fhought
544 2200 27 33 it
585 2199 139 45 justice
741 2207 38 33 tq
798 2202 61 33 the
881 2202 112 35 Duke
1011 2203 43 33 of
1080 2202 184 37 York—l
1293 2200 156 41 thought
1474 2202 26 32 it
1512 2198 136 45 justice

322 2254 39 25 to
397 2245 148 44 myself,
572 2252 39 28 to
643 2252 93 30 state
767 2248 171 46 distinctly
938 2248 18 46 -
956 2248 18 46 ,
1000 2250 67 33 and
1106 2250 155 33 without
1285 2248 172 44 disguise,
1482 2257 59 33 my
1570 2245 77 34 real

321 2294 210 39 sentintents
547 2306 45 26 en
609 2295 72 33 this
699 2295 201 46 important
926 2297 154 45 subject.
1134 2298 18 32 1
1175 2297 91 33 have
1280 2293 268 41 endeavoured,
1574 2293 72 40 Sir,

322 2350 38 24 to
380 2342 47 31 do
446 2353 39 21 so
503 2342 91 31 with
615 2342 52 32 all
687 2344 59 31 the
765 2342 167 46 delicacy
950 2344 125 34 which
1088 2344 38 33 Is
1142 2344 70 33 doe
1230 2347 39 30 to
1286 2343 54 33 his
1359 2340 174 45 Majesty,
1557 2339 89 39 both

321 2399 40 24 as
383 2389 60 33 the
464 2388 197 44 Sovereign
679 2388 44 35 of
742 2388 73 34 this
831 2398 172 38 country,
1028 2391 70 39 ond
1114 2391 64 34 the
1201 2391 135 33 Father
1352 2388 44 34 of
1403 2389 61 32 the
1482 2386 109 35 Duke
1607 2385 45 34 of

332 2435 128 37 York.
517 2435 17 33 I
553 2435 129 33 should
709 2438 45 39 he
787 2437 60 33 the
879 2438 69 33 last
977 2448 79 27 man
1076 2439 34 32 in
1141 2438 70 35 this
1228 2443 151 38 country
1413 2435 84 37 who
1525 2433 122 34 would

324 2485 84 33 hurt
430 2485 60 31 the
509 2484 94 33 mind
621 2483 40 32 of
690 2494 44 24 an
754 2484 204 43 illustrioos
976 2486 222 43 Sovereign;
1227 2486 61 38 l;ut
1317 2494 45 25 on
1388 2481 73 34 this
1478 2481 169 33 occasion

332 2533 11 32 I
366 2533 92 32 have
474 2541 45 22 no
537 2530 143 38 choice.
733 2532 19 34 1
772 2531 110 41 have,
904 2539 35 26 to
959 2533 60 33 the
1048 2533 78 33 best
1143 2533 43 41 of
1214 2543 58 31 nty
1281 2529 209 45 judgment,
1518 2528 72 34 and
1609 2531 39 30 to

325 2582 66 31 the
418 2583 133 32 utmost
568 2578 43 33 of
625 2589 60 33 my
703 2589 148 34 power,
875 2580 96 34 done
989 2591 58 33 my
1065 2582 107 43 duty.
1222 2580 81 34 The
1318 2583 152 39 country
1491 2575 78 35 will
1586 2575 44 32 de-

326 2630 85 30 cide
430 2636 102 34 upon
552 2626 60 32 the
630 2630 151 28 conduct
810 2626 43 33 of
868 2628 60 32 the
947 2628 241 35 Commander
1205 2626 34 33 in
1258 2623 220 35 Chief—the
1494 2626 154 39 country

327 2676 80 33 will
428 2673 129 34 decide
589 2683 97 34 upon
706 2673 60 33 the
791 2674 155 34 conduct
978 2674 44 34 of
1045 2676 60 32 the
1127 2673 231 37 House—the
1387 2674 151 39 country
1571 2669 79 34 will

325 2722 133 33 decide
476 2731 102 35 upon
604 2732 58 33 my
680 2721 154 34 conduct
850 2734 9 28 ;
888 2722 69 37 and
984 2728 39 27 to
1055 2722 61 33 the
1143 2720 161 35 decision
1320 2718 44 34 of
1375 2728 63 34 my
1453 2721 155 40 country
1630 2717 18 32 1

327 2769 214 45 cheerfully
559 2769 148 33 submit.
761 2769 17 34 1
798 2779 80 24 now
900 2780 120 31 move,
1041 2769 72 45 Sir,

379 2832 25 34 4
541 2841 45 24 an
612 2830 148 37 humble
780 2831 161 35 Address
953 2832 46 32 be
1018 2829 187 47 presented
1222 2833 39 30 to
1279 2828 53 34 his
1351 2828 177 45 Majest:v,
1547 2825 78 34 hum-

328 2880 69 44 bly
412 2880 106 40 statim.
519 2880 15 40 ,
534 2880 15 40 ;
568 2885 35 26 to
620 2878 56 33 his
691 2876 159 48 Majesty
870 2880 83 35 that
965 2880 138 33 certain
1121 2878 236 33 information
1372 2877 63 32 has
1452 2875 86 34 been
1554 2884 74 22 com-

331 2927 208 35 municated
561 2931 38 27 to
626 2926 69 34 thL
716 2926 142 43 House,
882 2926 70 35 and
971 2926 174 37 evidence
1170 2924 180 46 produced
1372 2928 38 28 to
1426 2926 156 43 support
1607 2920 45 43 it,

320 2976 54 34 .of
389 2974 150 34 various
555 2982 155 35 corral;t
728 2975 182 43 practices
931 2973 70 35 and
1018 2974 107 34 other
1147 2974 128 32 abuses
1305 2970 133 44 having
1460 2968 191 47 prevailed

330 3024 60 33 for
406 3033 99 22 some
526 3032 110 33 years
659 3028 94 37 past,
785 3022 34 35 iu
839 3022 63 33 the
917 3021 162 46 disposal
1097 3018 46 38 of
1166 3018 246 37 commissions
1429 3017 35 34 in
1498 3017 54 32 his
1570 3017 84 32 Ma...

321 3070 104 45 jest)/
436 3077 12 25 -
448 3077 12 25 s
481 3069 102 34 Land
609 3069 133 34 Forces
762 3084 11 24 ;
804 3070 79 33 that
914 3069 57 34 his
996 3067 152 35 faithful
1170 3067 208 40 Commons,
1401 3063 194 44 according
1612 3067 38 28 to

332 3120 64 31 the
415 3117 90 43 duty
526 3119 48 40 by
596 3117 124 33 wide!)
749 3120 90 40 they
856 3128 66 24 are
940 3115 119 37 bound
1075 3120 39 28 to
1142 3115 57 34 his
1221 3112 177 47 Majesty,
1413 3111 71 35 and
1502 3116 37 28 to
1554 3110 100 33 their

330 3165 265 40 Constitueati;,
611 3163 92 35 have
715 3165 185 45 carefully
917 3162 196 44 examined
1127 3163 77 35 into
1217 3161 63 35 the
1297 3159 99 34 truth
1414 3158 44 35 of
1474 3157 61 35 the
1551 3167 81 25 seve-

334 3215 54 31 ral
410 3211 136 44 sundry
576 3217 242 31 transactions
837 3211 158 46 brought
1015 3211 130 33 before
1163 3209 98 34 them
1293 3209 35 34 in
1364 3206 113 46 proof
1496 3203 43 37 of
1566 3203 87 35 such

330 3265 156 39 corrupt
506 3259 202 45 practices,
733 3262 70 34 and
806 3261 15 43 -
821 3261 31 43 it
867 3260 30 34 is
918 3259 89 34 with
1026 3259 59 34 the
1104 3260 158 43 greatest
1274 3263 151 27 concern
1441 3253 69 34 and
1532 3257 103 28 aston-

335 3308 157 34 ishment
513 3306 83 34 that
615 3306 56 35 his
687 3304 196 51 Majesty's
908 3304 155 39 faithful
1091 3307 190 33 Commons
1297 3302 71 33 find
1395 3304 27 32 it
1452 3299 97 35 their
1564 3299 91 44 duty

331 3363 97 26 most
452 3354 149 43 humbly
622 3360 39 28 to
681 3353 135 37 inforin
836 3356 54 33 his
915 3354 161 46 Majesty
1093 3354 84 33 that
1193 3352 61 33 the
1271 3350 110 34 result
1394 3347 44 34 of
1450 3346 96 34 their
1561 3346 77 34 deli-

333 3405 129 32 berate
483 3402 176 45 inquiries
678 3402 79 43 iuto
769 3403 64 34 the
852 3400 260 46 factscharged
1131 3402 50 43 by
1199 3399 61 33 the
1276 3394 250 37 examination
1537 3393 45 34 of
1596 3393 61 34 the

335 3461 151 34 persons
503 3450 217 41 concerned,
746 3450 171 45 together
938 3450 90 35 with
1046 3449 106 33 other
1167 3446 196 39 witnesses,
1387 3443 67 32 and
1470 3454 25 21 a
1512 3441 142 45 variety

333 3498 46 33 of
387 3498 226 40 documents,
638 3497 109 44 being
772 3497 87 35 such
878 3508 41 24 as
937 3497 94 34 have
1045 3494 159 37 satisfied
1226 3493 54 33 hi,
1294 3490 150 35 faithful
1466 3490 194 32 Commons

333 3547 84 32 that
431 3546 61 33 the
510 3544 190 35 existence
722 3544 45 34 of
791 3544 104 35 those
917 3549 152 41 corrupt
1085 3553 45 24 or
1156 3542 200 41 dangerous
1384 3537 181 46 practices
1591 3544 66 24 are

335 3594 144 44 ,•learly
507 3592 141 45 proved
664 3604 11 24 :
702 3593 84 34 that
819 3593 56 34 his
900 3589 193 48 Majesty's
1116 3587 152 38 faithful
1292 3589 190 33 Coinmons
1511 3593 65 24 are
1603 3593 38 24 re-

335 3641 163 34 strained
517 3643 48 43 by
585 3640 97 33 their
693 3639 230 38 attachment
934 3644 39 31 to
989 3639 53 34 his
1059 3634 191 48 Majesty%
1264 3645 128 35 perstin
1407 3634 70 32 and
1494 3633 141 32 Govern-

335 3694 115 37 rhent,
474 3687 97 34 from
587 3689 165 45 entering
771 3689 76 34 into
875 3699 25 24 a
930 3687 117 33 detail
1077 3684 44 35 of
1148 3684 103 34 these
1276 3680 253 40 transactions,
1551 3677 107 44 being

335 3735 202 35 convinced
557 3733 86 45 they
658 3736 109 37 could
784 3741 64 30 not
861 3736 47 33 he
919 3744 85 26 seen
1020 3735 48 44 by
1098 3732 58 34 his
1179 3728 159 48 Majesty
1357 3726 159 35 without
1539 3725 100 33 excit-

339 3785 61 41 ing
411 3784 198 34 sensations
625 3781 44 35 of
681 3782 98 45 grief
785 3783 72 35 and
879 3781 227 45 indignation
1126 3780 37 33 in
1180 3780 56 32 his
1254 3776 123 46 Royal
1398 3776 120 33 breast
1532 3785 9 20 :
1569 3772 87 44 they

335 3831 157 44 humbly
522 3837 185 39 represent
735 3836 38 28 to
809 3831 56 33 his
906 3827 180 48 Majesty,
1126 3827 80 33 that
1246 3826 61 32 the
1346 3821 235 47 proceedings
1620 3819 45 34 of

335 3881 59 31 Pus
420 3878 152 35 faithful
601 3880 191 34 Commons
831 3878 97 35 have
965 3880 90 31 been
1080 3874 130 46 public
1240 3880 97 37 upon
1364 3870 71 33 this
1461 3869 202 43 important

334 3925 158 46 subject,
519 3925 72 35 and
608 3927 81 33 that
706 3925 64 37 the
784 3925 177 37 evidence
979 3924 65 34 has
1059 3924 91 32 been
1168 3918 172 38 recorded
1355 3930 12 28 ;
1391 3917 70 33 and
1475 3917 81 33 that
1574 3914 87 43 they

337 3978 96 31 trust
463 3973 60 46 his
557 3972 162 47 Majesty
739 3973 78 34 will
846 3976 90 43 give
961 3971 99 34 them
1088 3969 122 34 credit
1233 3966 103 34 when
1363 3963 89 45 they
1468 3971 122 26 assure
1609 3961 56 33 his

335 4020 183 46 M-jesty,
539 4020 81 34 that
634 4020 34 35 in
689 4020 71 35 this
780 4019 143 47 paiuful
940 4018 191 41 discharge
1146 4015 45 34 of
1204 4015 97 33 their
1312 4013 106 40 duty,
1439 4010 52 34 his
1509 4007 152 34 faithful

334 4071 206 33 .toinim,bs
557 4068 96 35 have
680 4068 203 46 proceeded
908 4067 89 35 with
1022 4063 54 37 all
1107 4064 71 33 due
1194 4069 83 26 care
1302 4059 71 44 and
1398 4055 261 38 deliberation.

326 4117 119 44 -'they
465 4116 154 45 humbly
648 4121 190 40 represent
870 4121 39 30 to
943 4114 58 35 his
1020 4110 176 47 Majesty.,
1230 4110 78 34 that
1326 4108 156 34 without
1499 4103 165 41 entering

1683 219 76 34 into
1778 219 60 35 the
1854 230 105 34 many
1980 220 176 45 injurious
2171 229 257 34 consequences
2463 219 122 33 which
2615 228 76 21 may
2726 217 45 31 hey
2805 194 180 74 expected

1672 272 48 28 '11)
1739 265 125 41 follow
1885 269 48 43 by
1954 278 25 24 a
2010 267 116 33 belief
2153 267 80 37 only
2268 267 107 41 being
2402 266 177 43 generally
2611 262 222 34 established
2862 260 39 32 of
2923 261 35 30 tat

1685 314 214 44 prevalence
1916 314 43 34 of
1971 314 81 34 such
2070 317 128 38 abuses
2226 313 35 34 in
2280 313 63 33 the
2361 313 165 43 Military
2551 313 255 41 Department,
2839 309 98 32 there
2959 308 30 32 is

1685 370 65 25 one
1767 365 102 40 great
1891 361 70 33 and
1980 360 164 34 essential
2161 359 268 35 consideration
2445 359 228 43 inseparable
2701 358 91 31 Flom
2815 356 59 33 the
2902 365 65 33 pre-

1684 411 80 30 sent
1786 406 155 47 subject,
1970 407 119 37 which
2120 407 81 44 they
2236 407 150 43 humbly
2421 407 65 40 beg
2517 407 76 31 leav
2602 415 33 28 e,
2669 405 33 31 in
2730 415 21 21 a
2787 402 203 45 particular

1687 461 144 28 manner
1856 462 39 26 to
1910 455 131 34 submit
2059 459 39 28 to
2117 454 52 33 his
2191 454 189 45 Majesty's
2405 452 286 35 consideration;
2718 450 162 40 namely,
2909 446 80 35 that

1688 500 34 34 if
1747 511 45 24 an
1820 502 152 47 opinion
2002 501 128 34 should
2151 501 142 44 prevail
2313 501 34 32 in
2367 500 51 32 his
2439 498 189 44 :Majesty's
2650 498 164 41 Military
2844 497 146 41 Forces,

1689 548 80 33 that
1786 548 169 43 Military
1976 548 228 34 Promotions
2222 557 83 33 may
2324 548 45 30 he
2386 546 168 32 obtaieed
2587 546 45 33 by
2654 544 102 31 other
2771 555 118 21 means
2904 543 87 33 than

1690 596 103 33 merit
1808 595 66 34 and
1890 595 162 44 military
2070 594 150 41 service,
2243 600 40 27 at
2300 604 90 25 once
2407 592 113 45 utjast
2539 593 66 32 and
2636 591 217 43 disgraceful
2872 599 35 24 to
2935 592 56 31 his

1693 641 188 45 Majesty's
1897 653 120 33 army,
2042 641 79 34 that
2143 641 58 34 the
2216 643 107 32 effect
2350 639 41 33 of
2405 641 83 32 such
2507 650 46 21 an
2585 639 149 43 opinion
2766 646 87 24 must
2874 648 120 21 twee,-
3022 659 7 14 ,

1690 691 112 41 sarily
1819 691 57 39 be,
1907 696 37 27 to
1964 690 129 35 wouud
2112 689 58 32 the
2187 689 151 41 feelings
2354 687 66 33 and
2448 689 110 31 abater
2578 685 58 32 the
2656 685 76 31 zeal
2751 683 44 33 of
2815 684 50 31 ail
2884 685 110 31 tanks

1691 736 66 32 arid
1787 736 239 44 descriptions
2052 736 43 32 of
2118 735 54 32 his
2193 732 189 47 Majesty's
2404 733 169 33 Military
2606 732 143 32 'Forces.
2803 730 92 33 Thai
2919 732 26 30 it
2966 732 28 30 is

1693 784 59 32 the
1770 784 149 43 opinion
1951 783 41 35 of
2011 783 73 33 this
2118 782 138 40 House,
2288 780 194 40 therefore,
2517 781 80 32 that
2629 780 56 31 the
2713 778 131 32 abuses
2874 789 24 20 o
2910 776 73 34 hieu

1696 829 81 44 they
1802 834 87 30 have
1909 837 91 27 most
2026 830 148 43 huuthly
2206 835 35 25 to
2263 831 182 40 represent
2528 827 53 32 his
2604 824 170 43 Majesty,
2802 824 103 32 could
2933 831 67 26 tint

1695 876 90 33 have
1804 878 185 44 prevailed
2022 881 35 28 to
2083 876 61 32 the
2177 883 96 34 great
2293 881 126 27 extent
2448 880 37 25 to
2507 874 122 31 which
2662 874 81 39 they
2786 870 92 32 rinse

1696 925 136 43 proved
1851 930 38 27 to
1906 925 111 38 exist,
2044 924 154 33 without
2218 922 60 32 the
2294 920 215 35 knowledge
2528 920 41 32 of
2593 919 52 31 his
2678 919 122 32 Royal
2824 917 180 43 Iliginiess

1695 971 61 32 the
1776 971 237 34 Commander
2042 971 33 33 in
2101 969 119 34 Chief.
2276 969 78 33 And
2387 969 74 32 that
2490 969 26 31 it
2549 967 52 32 his
2640 961 188 46 Majesty's
2852 963 151 34 faithful

1695 1020 202 39 Commons,
1924 1020 183 39 reasoning
2125 1026 91 33 upon
2241 1026 71 33 any
2331 1013 182 45 principle
2532 1013 41 33 of
2606 1010 243 45 Prshability,
2875 1010 131 33 should

1696 1065 105 33 think
1822 1067 26 32 it
1874 1081 6 18 t
1880 1081 7 18 ,
1894 1067 107 32 hould
2022 1067 43 32 he
2085 1063 185 44 presumed
2298 1064 79 31 that
2406 1062 126 31 abuses
2555 1070 38 21 so
2615 1069 81 22 ‘L.ry
2728 1068 203 28 enormous,
2961 1069 43 21 so

1696 1111 84 44 long
1804 1114 208 38 continued,
2039 1111 33 33 in
2091 1111 115 38 elFect,
2224 1110 91 32 have
2336 1108 187 44 prevailed
2558 1106 90 33 with
2682 1106 53 33 his
2769 1104 104 33 knoo
2885 1104 118 41 ledge,

1696 1160 83 31 such
1798 1169 22 22 a
1838 1160 116 32 belief
1976 1157 120 34 would
2112 1163 60 26 not
2192 1163 157 26 warrant
2366 1166 22 21 a
2404 1153 207 34 conclusion
2629 1154 74 31 that
2726 1152 43 32 he
2781 1152 111 40 ought
2907 1157 39 26 to
2959 1152 47 32 be

1698 1207 185 32 continued
1910 1217 39 22 as
1972 1204 239 35 Commander
2238 1205 34 31 in
2306 1202 113 33 Chief
2443 1200 40 33 of
2515 1201 54 31 his
2597 1198 189 45 Alajostv's
2835 1198 169 45 Military

1706 1253 110 33 Force
1833 1265 8 21 :
1861 1254 99 32 That
1974 1263 43 22 on
2036 1252 70 33 this
2125 1251 194 44 principle,
2352 1248 53 33 his
2427 1245 187 45 Alajesty's
2640 1245 149 33 faithful
2813 1246 191 33 Commons

1698 1302 128 32 submit
1838 1307 35 26 to
1887 1300 53 32 his
1954 1298 187 45 Majesty's
2148 1303 87 27 most
2251 1297 167 43 gracious
2430 1294 161 33 conshlet
2594 1299 33 26 at
2637 1293 69 37 ion,
2721 1291 80 33 that
2816 1291 54 33 his
2882 1292 128 33 Royal

1702 1348 176 44 Highness
1898 1348 61 32 the
1993 1346 109 34 Duke
2117 1344 44 33 of
2185 1344 111 34 York
2319 1342 112 44 ought
2448 1346 38 27 to
2504 1342 43 31 be
2564 1341 174 45 deprived
2757 1339 45 33 of
2822 1339 60 33 the
2898 1342 83 32 Com-

1700 1395 103 32 mand
1820 1394 40 33 of
1871 1394 54 33 his
1941 1393 187 44 Majesty's

1749 1455 69 32 Mr.
1843 1454 57 38 By
1911 1463 107 25 wros7
2048 1452 83 34 then
2158 1462 91 28 rose,
2274 1448 70 34 end
2370 1446 219 46 epologized
2606 1446 57 34 for
2675 1446 217 44 trespessing
2908 1455 100 34 upon

1703 1500 59 33 the
1778 1502 177 32 attention
1984 1501 41 33 of
2039 1501 61 32 the
2264 1498 83 32 thus
2363 1496 117 41 early.
2537 1495 41 31 In
2597 1494 145 40 offering
2763 1495 52 28 his
2835 1494 171 41 opinions

1703 1558 93 33 upon
1817 1548 70 33 this
1903 1547 152 44 subject,
2085 1547 45 32 he
2158 1546 65 33 had
2245 1543 180 46 prepared
2446 1543 53 32 his
2518 1540 93 33 mind
2630 1550 92 32 upon
2744 1540 26 32 it
2796 1541 47 40 by
2870 1540 138 43 paying

1703 1596 61 32 the
1778 1596 74 32 best
1869 1596 176 32 attention
2065 1594 45 32 he
2125 1594 104 33 could
2250 1592 33 31 in
2298 1591 56 32 his
2367 1597 124 35 power
2509 1594 38 26 to
2567 1590 59 28 the
2642 1587 167 32 evidence
2833 1587 39 31 he
2893 1586 115 33 heard

1704 1643 47 43 by
1779 1654 22 22 a
1826 1649 161 26 constant
2006 1641 211 33 attendance
2242 1648 44 24 on
2306 1636 63 33 the
2391 1636 135 38 House,
2550 1633 69 33 and
2644 1644 20 21 a
2687 1633 138 33 careful
2844 1633 100 43 study
2965 1632 47 32 of
3037 1652 7 7 •

1704 1689 76 33 that
1814 1696 81 37 part
1933 1689 118 32 which
2091 1688 44 31 he
2167 1685 66 33 had
2282 1690 64 27 hot
2380 1682 124 32 heard.
2577 1681 33 32 It
2646 1683 71 30 Was
2745 1681 162 31 scarcely
2946 1690 50 21 tie-

1672 1726 1 53 ;
1706 1747 135 32 eessary
1871 1736 57 32 for
1945 1736 73 32 him
2037 1742 37 26 to
2104 1740 91 27 state
2225 1740 35 25 to
2296 1730 63 34 the
2383 1730 137 34 house,
2546 1727 81 33 that
2657 1729 58 30 :tee
2740 1727 191 37 testimonv
2967 1726 47 33 of
3039 1726 1 53 •

1704 1783 83 33 such
1809 1793 157 33 persoas,
1996 1783 112 33 unless
2138 1778 261 37 corroborated
2418 1778 45 40 by
2483 1775 67 33 full
2581 1774 67 32 and
2680 1773 226 44 respectable
2931 1774 60 33 evi-

1704 1831 106 32 dence
1839 1831 94 31 from
1965 1830 104 33 other
2096 1833 180 39 quarters,
2301 1828 93 30 must
2421 1821 180 41 certainly
2621 1820 63 32 fall
2715 1827 35 26 to
2779 1819 61 33 the
2858 1820 149 39 ground.
3037 1819 2 53 •

1708 1878 86 31 Mrs.
1817 1878 137 32 Clarke
1975 1887 71 20 was
2065 1876 61 33 the
2145 1872 183 47 principal
2346 1876 133 32 actress
2506 1869 34 33 in
2571 1867 71 33 this
2665 1877 115 25 scene.
2833 1867 70 31 Site
2936 1877 76 24 was

1704 1924 118 33 either
1846 1935 44 22 an
1907 1923 241 44 accomplice,
2181 1931 41 22 or
2238 1918 164 41 nothing.
2452 1916 120 33 There
2601 1924 96 21 were
2714 1923 106 32 many
2839 1912 119 34 others
2973 1913 46 33 of

1672 1959 1 57 I
1708 1972 59 31 the
1788 1972 178 32 witnesses
1987 1970 81 33 who
2083 1967 100 35 stood
2203 1968 35 32 in
2255 1977 22 22 a
2295 1965 141 33 similar
2452 1962 259 44 predicament.
2758 1959 58 33 lie
2833 1959 183 33 iestanced

1710 2020 107 40 Capt.
1832 2017 157 39 Sande°,
2003 2019 90 32 Airs.
2113 2015 162 43 Favory,
2298 2011 69 33 and
2382 2011 84 33 Miss
2479 2009 156 43 Taylor.
2698 2007 97 32 With
2817 2011 138 38 respect
2974 2013 41 27 to

1710 2065 58 33 the
1785 2065 144 45 specific
1943 2065 165 41 charges,
2122 2063 43 32 he
2181 2070 72 24 was
2264 2066 63 28 not
2340 2055 152 37 inclined
2505 2061 35 30 to
2551 2060 100 28 enter
2666 2053 74 34 into
2757 2056 175 31 minutia.
2954 2054 64 33 lie
3048 2053 5 57 •

1711 2113 117 32 would
1858 2112 106 34 leave
1981 2112 28 32 it
2039 2118 37 26 to
2102 2108 105 33 other
2241 2106 210 34 Grentlemen
2481 2112 104 24 more
2615 2101 158 43 recently
2803 2105 215 30 conversant

1710 2160 33 33 in
1761 2159 83 33 such
1864 2163 162 31 matters.
2080 2157 73 33 But
2171 2156 43 33 he
2232 2160 92 27 must
2341 2153 164 35 observe,
2523 2148 81 33 that
2622 2148 32 33 in
2668 2148 61 32 the
2746 2157 84 24 ease
2846 2147 43 33 of
2906 2147 93 33 Colo-

1709 2207 54 33 nel
1786 2205 155 45 knight,
1958 2205 100 35 there
2086 2213 76 25 was
2178 2213 43 21 no
2241 2202 194 40 testimony
2451 2197 190 34 whatever
2668 2194 118 33 which
2806 2194 104 33 could
2929 2204 66 24 con-

1709 2259 78 28 nect
1805 2254 53 37 his
1877 2252 126 44 Royal
2023 2250 178 43 Highness
2219 2248 90 38 with
2327 2257 71 32 any
2417 2245 103 41 thing
2542 2241 123 37 which
2683 2241 105 33 could
2809 2242 44 31 be
2871 2241 148 40 regard-
3052 2241 4 56 •

1707 2301 45 41 ed
1767 2310 39 22 as
1822 2298 165 34 criminal
2004 2298 34 33 in
2057 2298 61 32 the
2144 2296 233 34 transaction.
2426 2293 89 33 This
2532 2290 155 33 business
2705 2287 117 33 rested
2836 2288 112 43 solely
2968 2297 50 24 on

1709 2348 60 32 the
1783 2347 172 33 evidence
1972 2344 45 33 of
2031 2344 92 33 Mrs.
2138 2343 154 38 Clarke,
2304 2341 71 35 and
2387 2339 102 33 there
2503 2347 74 22 was
2587 2347 45 21 no
2649 2335 195 41 testimony
2858 2339 37 27 to
2913 2334 106 33 show

1709 2395 77 34 that
1805 2394 60 34 the
1887 2392 203 34 Illustrious
2113 2389 202 41 Personage
2344 2387 35 32 in
2408 2383 165 46 question
2606 2382 66 32 had
2691 2392 72 31 any
2785 2380 237 43 knowledge,

1707 2443 119 35 either
1845 2440 159 41 directly
2023 2448 41 22 or
2083 2435 208 41 indirectly,
2309 2434 43 32 of
2381 2432 59 34 the
2458 2430 125 37 affair.
2633 2430 77 32 The
2722 2433 87 27 note
2828 2427 41 32 of
2887 2438 25 22 a
2929 2427 71 33 hun-

1708 2489 84 32 dred
1814 2486 152 46 pounds,
1983 2485 74 35 said
2078 2490 39 28 to
2135 2484 90 32 have
2244 2483 92 33 been
2352 2478 157 43 changed
2537 2478 50 43 by
2611 2473 319 41 Lodowick,•was
2956 2478 66 30 not

1711 2533 180 38 identified
1912 2533 34 33 in
1963 2543 70 33 any
2065 2541 97 33 way,
2181 2530 69 33 and
2268 2539 84 33 may
2375 2513 198 46 therefore
2585 2524 44 31 i.,e
2647 2520 110 44 fairly
2781 2520 183 44 supposed
2982 2528 40 26 to

1711 2581 90 41 form
1817 2593 24 22 a
1858 2584 86 41 part
1969 2580 43 32 of
2036 2580 63 32 the
2125 2577 123 45 ample
2275 2576 222 34 allowances
2515 2570 104 34 made
2634 2574 38 28 to
2692 2569 89 32 Mrs.
2805 2569 137 31 Clarke
2969 2568 53 44 by

1711 2629 59 32 the
1800 2627 206 38 Illustrious
2034 2626 202 43 Personage
2264 2627 37 31 in
2328 2622 180 43 question.
2563 2617 73 33 But
2660 2617 104 31 there
2793 2626 96 21 were
2913 2615 111 32 other

1710 2676 274 37 circumstances
2001 2680 35 26 to
2053 2673 116 38 show,
2189 2670 83 33 that
2285 2669 64 34 the
2363 2670 268 41 appoitameat,
2644 2662 43 33 of
2704 2662 154 33 Co;ottel
2882 2661 141 43 Nnight

1714 2733 72 24 was
1804 2727 60 30 not
1885 2720 177 45 procured
2076 2717 156 45 through
2250 2718 61 32 the
2326 2714 239 34 intervention
2581 2711 40 41 of
2621 2711 21 41 .
2642 2711 83 41 Mrs.
2745 2711 152 32 Clarke.
2919 2709 37 31 W
2968 2709 54 32 ith

1713 2776 139 39 respect
1877 2774 39 27 to
1946 2769 59 34 the
2031 2777 83 28 case
2135 2764 46 35 of
2206 2765 112 44 Capt.
2344 2761 151 41 Mating,
2525 2758 44 33 he
2597 2756 66 33 had
2691 2766 43 22 no
2761 2756 38 33 he
2799 2756 19 33 s
2818 2756 135 33 itation
2985 2756 41 33 in

1693 2802 5 59 '
1711 2828 58 32 say
1782 2818 57 43 ing
1871 2817 83 33 that
1987 2815 61 35 the
2080 2812 169 38 evidence
2284 2807 125 35 before
2447 2807 60 33 the
2542 2805 125 35 Hease
2700 2807 90 27 mt.st
2830 2802 193 43 decidedly

1713 2863 206 34 vindicated
1946 2862 53 34 his
2017 2859 125 45 Royal
2171 2858 180 44 Highness
2373 2856 93 33 from
2484 2863 111 31 every
2622 2850 219 44 imputation
2862 2849 67 32 and
2948 2859 57 21 sus-

1715 2911 120 44 picion
1861 2909 43 34 of
1931 2909 117 35 undue
2074 2907 172 34 influence
2276 2915 43 22 or
2352 2906 150 39 corrupt
2533 2898 112 33 views
2673 2897 69 33 and
2772 2900 99 30 cals.
2921 2895 100 33 That

1714 2957 214 35 Gentleman
1958 2955 70 35 had
2044 2955 90 34 been
2150 2953 110 44 fairly
2281 2950 190 46 promoted
2497 2957 46 22 on
2559 2946 63 33 the
2640 2953 207 25 recornmea:

2864 2942 17 41 s
2881 2942 84 41 stion
2985 2943 45 33 of

1716 3005 152 37 General
1891 3004 148 40 Fraser,
2062 3012 47 24 an
2126 3000 120 35 officer
2259 2999 43 34 of
2315 2994 260 44 distinguished
2593 2992 104 33 merit
2711 2991 72 33 and
2802 3002 33 19 w
2931 2994 96 28 most

1713 3052 208 34 undoubted
1948 3050 189 44 integrity.
2206 3047 79 33 The
2313 3045 78 33 fact
2417 3043 119 33 which
2572 3039 67 35 had
2670 3039 86 35 been
2787 3050 39 19 so
2858 3035 150 45 sroresly
3008 3035 19 45 .

1715 3099 113 34 relied
1857 3109 116 33 upon,
1997 3094 83 35 that
2102 3094 155 45 Captain
2277 3092 141 41 Mating
2438 3100 72 21 was
2528 3087 74 33 still
2628 3091 37 30 to
2681 3086 44 31 be
2754 3081 111 34 found
2893 3090 38 26 at
2949 3084 77 32 Mr.

1717 3144 262 37 Greenwood's
1996 3143 106 41 desk,
2130 3152 72 22 was
2224 3137 196 47 disproved
2451 3138 47 41 by
2517 3135 63 33 the
2596 3133 175 39 testimies
2810 3131 44 31 of
2877 3131 152 33 Colonel

1717 3194 161 40 Gordon,
1907 3193 85 33 who
2011 3191 71 33 had
2096 3188 138 44 clearly
2254 3185 117 34 stated
2389 3193 35 26 to
2453 3183 61 33 the
2541 3181 235 38 Committee,
2803 3180 79 32 that
2910 3180 33 31 in
2975 3177 56 34 his

1715 3240 150 47 opinion
1885 3239 102 35 there
2006 3248 74 24 was
2098 3243 60 26 not
2178 3242 35 26 to
2236 3236 45 31 be
2298 3231 109 35 found
2434 3230 33 33 in
2486 3229 60 34 the
2567 3239 119 31 army,
2709 3226 58 33 for
2789 3224 58 33 the
2871 3226 87 32 chink
2983 3227 47 32 he

1717 3288 98 41 held,
1856 3298 26 24 a
1907 3296 99 25 more
2052 3282 236 37 meritorious
2326 3280 123 32 officer
2489 3278 86 32 than
2621 3274 158 43 Captain
2793 3274 4 56 .

1717 3335 60 33 He
1791 3340 89 28 next
1891 3343 102 26 came
2011 3337 37 30 to
2067 3331 80 34 that
2173 3335 81 39 part
2274 3327 43 33 of
2336 3328 59 32 the
2413 3325 151 41 charges
2585 3322 117 32 which
2730 3320 139 32 ielateti
2885 3327 33 26 to
2942 3321 86 32 Col.

1719 3381 174 35 French's
1909 3381 103 41 levy,
2035 3378 70 35 and
2135 3377 83 32 here
2236 3376 44 32 he
2311 3373 122 34 would
2467 3369 190 39 maintain,
2683 3369 79 32 that
2786 3370 25 30 it
2835 3377 72 22 was
2929 3377 81 22 sanc-

1717 3429 120 35 tioned
1857 3430 51 43 by
1926 3428 61 33 the
2006 3424 171 45 necessity
2193 3422 41 34 of
2252 3419 285 41 extraordinary
2554 3416 184 37 exertions
2757 3413 56 34 fin
2832 3413 202 45 increasing

1717 3487 66 25 our
1802 3476 164 43 military
1985 3472 98 34 force
2104 3472 45 44 by
2169 3469 152 35 recruits
2337 3468 67 32 and
2433 3475 78 24 new
2544 3464 219 33 enlistments
2781 3472 39 20 at
2850 3462 73 30 !Ili,:
2944 3470 69 34 par-

1719 3526 132 33 ticular
1884 3521 132 46 period
2048 3519 71 37 and
2146 3523 126 37 urgent
2298 3515 117 34 crisis.
2481 3511 77 34 Mr.
2591 3511 137 32 Burton
2761 3510 89 30 nese
2908 3508 126 33 iitered

1720 3570 77 35 into
1827 3581 22 22 a
1877 3570 87 43 long
1998 3566 115 35 detail
2147 3565 41 32 of
2213 3563 203 41 reasoning,
2443 3561 56 33 for
2525 3559 61 33 the
2617 3566 158 35 purpose
2807 3556 43 31 of
2871 3556 89 31 ,:ltew
2976 3559 59 38 it:;;

1719 3618 93 43 that,
1839 3619 37 33 in
1902 3617 63 33 the
1991 3615 112 43 single
2135 3609 253 38 conversation
2418 3605 119 37 which
2570 3605 69 33 had
2672 3608 175 27 occurs:at
2881 3608 139 37 respect-

1720 3667 59 43 ing
1793 3665 152 35 Colonel
1968 3658 168 39 French's
2152 3659 100 43 levy,
2270 3658 103 32 there
2391 3656 58 33 did
2469 3659 61 28 not
2543 3661 142 33 appear
2704 3660 66 33 any
2794 3648 145 44 psoia'ss
2955 3650 64 32 hat-

1719 3723 86 24 ever
1822 3713 80 33 that
1920 3711 53 33 his
1991 3707 120 45 Royal
2134 3706 181 44 Highness
2341 3703 69 33 had
2431 3703 87 32 been
2539 3698 214 39 influenced,
2780 3697 34 32 in
2835 3697 60 31 Cie
2909 3704 131 25 course

1721 3761 43 34 of
1773 3759 79 34 that
1869 3756 239 40 transaction,
2135 3755 47 43 by

2207 3754 163 40 ,motives
2391 3751 32 32 in
2440 3749 61 33 the
2520 3748 163 43 slightest
2696 3745 135 41 degree
2850 3743 189 43 improper

1708 3819 57 24 •or
1778 3811 164 39 corrupt.
1995 3806 44 32 In
2066 3803 64 33 the
2160 3796 269 37 consideration
2458 3795 45 34 of
2525 3794 157 43 Captain
2709 3789 163 44 Tonyu's
2889 3798 94 28 case,
3011 3790 32 32 it

1726 3866 71 24 was
1811 3853 136 40 stated,
1972 3852 79 34 that
2065 3849 64 34 the
2145 3857 76 24 sum
2238 3846 41 33 of
2291 3844 99 35 3001.
2412 3844 67 33 had
2499 3843 89 33 been
2607 3840 85 45 paid
2711 3844 39 27 to
2771 3839 89 32 Airs.
2885 3836 155 33 Clarke.

1726 3904 71 32 But
1818 3901 99 33 what
1935 3909 76 22 was
2027 3898 61 32 the
2108 3895 76 34 real
2202 3893 100 37 fact?
2355 3892 80 33 The
2464 3889 237 34 interference
2719 3883 45 35 of
2792 3885 86 33 sirs.
2901 3883 142 33 Clarke

1723 3950 67 33 had
1809 3959 45 22 no
1874 3946 171 34 influence
2067 3944 187 33 whatever
2271 3941 35 33 in
2329 3939 188 43 obtaining
2543 3937 83 33 that
2641 3930 231 48 gentlemati's
2894 3941 149 32 promo.

1722 3999 90 32 tion.
1843 3992 162 46 Captain
2023 3992 130 41 Tonyn
2176 3999 76 22 was
2265 3989 65 32 the
2346 3997 64 22 son
2428 3985 41 33 of
2483 3996 25 21 a
2528 3981 154 35 General
2702 3981 150 37 Officer,
2867 3980 39 31 of
2919 3977 137 40 whoa,

1722 4041 330 37 recommendation
2070 4038 46 32 he
2138 4037 66 32 had
2228 4037 91 32 been
2335 4032 200 46 appointed
2554 4030 70 34 and
2643 4028 189 45 promoted
2852 4026 33 33 in
2902 4026 63 32 the
2983 4032 61 26 ore

1722 4093 128 40 diutery
1865 4088 77 37 .and
1976 4085 149 46 regular
2159 4095 100 33 way,
2284 4093 40 26 as
2356 4080 190 47 appeared
2574 4078 97 33 front
2699 4075 63 35 the
2790 4080 191 38 testimuay
3002 4080 27 27 •

320 1695 40 15 or
398 1695 129 27 latuor
552 1695 130 17 turner
704 1695 43 15 ne
774 1695 78 17 also
870 1695 222 20 maintained
1111 1695 38 19 to
1169 1695 41 20 tae
1231 1695 64 19 one
1313 1695 33 18 in
1368 1695 26 18 tv
1403 1695 18 18 0
1429 1695 54 19 iCli
1504 1695 61 19 tile
1589 1695 52 18 10-
1662 1695 5 39 I

352 1736 81 21 ltellt
435 1737 25 20 -0
475 1726 45 33 of
544 1726 89 33 Mrs.
651 1727 138 32 Clarke
809 1739 87 21 over
918 1728 56 33 his
993 1729 73 33 RoN
1076 1729 34 33 al
1133 1729 12 32 I
1154 1729 9 32 i
1174 1728 132 40 i-hue,ss
1333 1739 72 22 was
1423 1739 86 32 very
1524 1733 117 34 great,
1663 1695 4 76 1
1704 1695 76 27 that
1814 1696 81 37 part
1933 1700 28 21 w
1972 1695 79 26 hich
2091 1695 44 24 he
2167 1695 66 24 had
2282 1695 64 22 hot
2380 1695 124 19 beard.
2946 1695 65 17 -
3325 1695 9 25 i

320 1726 25 32 il

1186 1755 18 15 s,
1706 1747 135 32 oessary
1871 1736 57 32 for
1945 1736 73 32 him
2037 1742 37 26 to
2104 1740 91 27 state
2225 1740 35 25 to
2296 1730 63 34 the
2383 1730 137 34 house,
2546 1727 81 33 that
2657 1729 58 30 :lie
2740 1727 191 37 testimony
2967 1726 47 33 of
3039 1726 1 53 •

318 1783 70 24 ;111,4.
389 1767 2 43 1
412 1785 44 21 Oi:
480 1772 122 34 which
624 1773 45 32 he
686 1775 86 31 read
798 1774 65 33 the
882 1767 187 43 evidence.
1122 1776 51 33 As
1192 1782 34 26 to
1246 1776 60 33 the
1333 1786 80 24 case
1431 1775 43 32 of
1507 1775 132 32 Robert

3317 1824 6 6 .
3360 1802 1 27 :

3312 1695 12 216 1
3324 1695 13 216 1
3337 1695 39 216 111

70 1695 70 418 ilrl

322 1821 178 40 .Kennett,
527 1821 71 33 and
632 1821 53 33 iiii;
704 1822 215 33 connection
956 1824 89 33 with
1076 1824 61 33 the
1181 1835 14 13 .
1225 1830 52 26 nts
1307 1822 43 33 of
1383 1822 58 33 the
1480 1822 107 32 Duke
1606 1821 41 32 of

1183 1918 28 32 it

1231 1928 72 24 was
1319 1928 21 21 a

1356 1922 132 30 matter
1509 1928 24 19 w

1546 1916 98 34 bleb,

1704 1783 21 174 ..
1726 1783 11 174 ,
1736 1783 21 174 ..
1757 1783 11 174 ,
1768 1783 11 174 n
1779 1783 21 174 it
1800 1783 11 174 e
1811 1783 11 174 l
1821 1783 11 174 l
1832 1783 11 174 i
1843 1783 11 174 t
1853 1783 22 174 er
1876 1783 91 174 persoas,
1996 1783 112 33 unless
2138 1778 261 37 corroborated
2418 1778 45 40 by
2483 1775 67 33 full
2581 1774 67 32 and
2680 1773 226 44 respectable
2931 1774 80 33 evi-

1155 1834 64 31 nae

322 1869 133 40 York,
485 1869 111 33 under
626 1870 63 31 the
718 1869 83 33 idea
819 1869 78 35 that
927 1871 80 33 that
1041 1881 128 34 person
1205 1871 116 32 would
1342 1871 44 32 he
1416 1870 80 32 able
1515 1876 34 26 to
1565 1869 79 32 lend

322 1922 39 26 to
385 1916 52 32 his
459 1915 124 43 Royal
605 1915 181 45 Highness
814 1928 24 24 a
861 1929 74 22 sum
953 1918 45 33 of
1010 1929 146 33 money,
1533 1915 2 47 •

317 1962 187 44 although
526 1964 33 32 in
578 1963 104 34 itself
696 1965 207 45 improper,
928 1976 96 34 upon
1046 1967 124 32 which
1191 1965 43 33 he
1247 1965 126 33 should
1390 1971 63 27 not
1470 1963 172 32 dwell.—
1667 1957 5 59 1

389 2011 13 32 I
436 2013 96 32 have
715 2011 78 33 said
822 2013 61 39 he,
958 2013 161 45 perhaps
1152 2011 163 34 troubled
1348 2011 60 34 the
1434 2011 124 33 Douse
1585 2015 61 27 too

322 2057 100 43 long.
478 2057 15 33 I
521 2057 93 33 have
632 2059 89 45 only
738 2065 39 35 to
802 2065 110 35 state,
940 2062 83 32 that
1044 2061 15 33 I
1080 2062 92 33 have
1192 2065 66 39 put
1276 2070 58 33 my
1346 2059 207 34 sentiments
1572 2057 74 32 into

321 2104 65 32 the
404 2104 94 33 form
519 2104 45 33 of
576 2114 46 22 an
641 2106 149 34 address
815 2112 37 28 to
882 2107 57 34 his
976 2106 176 47 Majesty,
1178 2107 119 34 which
1323 2106 15 33 I
1359 2106 91 33 shall
1476 2104 170 33 conclude

322 2151 93 33 with
441 2153 149 43 moving
609 2152 34 33 in
657 2153 73 33 this
751 2154 194 35 House—l
964 2156 155 44 thought
1144 2156 30 33 it
1182 2153 135 46 justice
1336 2158 37 30 to
1393 2154 70 32 this
1478 2154 171 32 llouse—
1704 1831 106 32 dence
1839 1831 94 31 from
1965 1830 104 33 other
2096 1833 180 39 quarters,
2301 1828 93 30 must
2421 1821 180 41 certainly
2621 1820 63 32 fell
2715 1827 35 26 to
2779 1819 61 33 the
2858 1820 149 39 ground.
3037 1819 2 380 •

1708 1878 86 31 Mra
1817 1878 137 32 Clarke
1975 1887 71 20 was
2065 1876 61 33 the
2145 1872 183 47 principal
2346 1876 133 32 actress
2506 1869 34 33 in
2571 1867 71 33 this
2665 1877 115 25 scene.
2833 1867 70 31 She
2936 1877 76 24 was

1846 1935 44 22 an
1907 1932 150 34 aceomp
2079 1923 70 40 ice,
2181 1931 41 22 or
2238 1918 164 41 nothing.
2452 1916 120 33 There
2601 1924 96 21 were
2714 1923 106 24 many
2839 1912 119 34 others
2973 1913 46 33 of

1708 1972 59 31 the
1788 1972 178 32 witnesses.
1987 1970 81 33 who
2083 1967 100 35 stood
2203 1968 35 32 in
2255 1977 22 22 a
2295 1965 141 33 similar
2452 1962 259 44 predicament.
2758 1950 58 43 He
2833 1959 183 33 iastaneed

1710 2020 107 40 Capt.
1832 2017 157 39 Samlon,
2003 2019 90 32 Mrs.
2113 2015 162 43 Favory,
2298 2011 69 33 and
2382 2011 84 33 Miss
2479 2009 156 43 Taylor.
2698 2007 71 32 Wit
2777 2007 18 31 h
2817 2011 138 38 respect
2974 2013 41 27 to

1710 2065 58 33 the
1785 2067 93 43 spec;
1887 2065 41 32 tic
1943 2065 165 41 charges,
2122 2063 43 32 he
2181 2070 72 24 was
2264 2066 63 28 not
2340 2055 152 37 inclined
2505 2061 35 30 to
2551 2060 100 28 enter
2666 2053 74 34 into
2757 2056 175 31 minutia.
2954 2054 64 33 lie
3048 2053 5 57 •

1711 2113 117 32 would
1858 2112 106 34 leave
1981 2112 28 32 it
2039 2118 37 26 to
2102 2108 105 33 other
2241 2106 210 34 Gentlemen
2481 2112 104 24 more
2615 2101 158 43 recently
2803 2105 215 30 conversant

1710 2160 33 33 in
1761 2159 83 33 such
2080 2157 73 33 But
2171 2156 43 33 he
2232 2160 92 27 must
2341 2153 164 35 observe,
2523 2148 81 33 that
2622 2148 32 33 in
2668 2148 61 32 the
2746 2157 84 24 case
2846 2147 43 33 of
2906 2147 116 33 Colo-
3322 1907 41 18 •.,

3320 1919 4 7 ,

123 2203 12 33 i.

3359 2180 2 4 •

322 2199 20 35 1
367 2198 157 44 thought
544 2200 27 33 it
585 2199 139 45 justice
741 2207 38 33 to
798 2202 61 33 the
881 2202 112 35 Duke
1011 2203 43 33 of
1080 2202 184 37 York—l
1293 2200 156 41 thought
1474 2202 26 32 it
1512 2198 136 45 justice
1709 2207 54 33 net
1786 2205 155 45 knight,
1958 2205 100 35 there
2086 2213 76 25 was
2178 2213 43 21 no
2241 2202 194 40 testimony
2451 2197 190 34 whatever
2668 2194 118 33 ivhieli
2806 2194 104 33 could
2929 2204 87 24 con-
3317 2191 1 59 .
3345 2191 8 43 I

322 2254 39 25 to
397 2245 148 44 myself,
572 2252 39 28 to
643 2252 93 30 state
767 2248 171 46 distinctly
938 2248 18 46 -
956 2248 18 46 ,
1000 2250 67 33 and
1106 2250 155 33 without
1285 2248 172 44 disguise,
1482 2257 59 33 my
1570 2245 77 34 real
1709 2259 78 28 nect
1805 2254 53 37 his
1877 2252 126 44 Royal
2023 2250 178 43 Highness
2219 2248 90 33 with
2327 2257 71 32 any
2417 2245 103 41 thing
2542 2241 123 37 which
2683 2241 105 33 could
2809 2242 44 31 be
2871 2241 148 40 regard-
3052 2241 4 56 •

321 2294 210 39 sentiatents
547 2306 45 26 en
609 2295 72 33 this
699 2295 201 46 important
926 2297 154 45 subject.
1134 2298 18 32 1
1175 2297 91 33 have
1280 2293 268 41 endeavoured,
1574 2293 72 40 Sir,
1707 2301 45 33 ed
1767 2310 39 22 as
1822 2298 165 34 criminal
2004 2298 34 33 in
2057 2298 61 32 the
2144 2296 233 34 transaction.
2426 2293 89 33 This
2532 2290 155 33 business
2705 2287 117 33 rested
2836 2288 112 43 solely
2968 2300 9 19 (

322 2350 38 24 to
380 2342 47 31 do
446 2353 39 21 so
503 2342 91 31 with
615 2342 52 32 all
687 2344 59 31 the
765 2342 167 46 delicacy
950 2344 141 34 which'
1111 2354 14 24 s
1142 2344 70 33 due
1230 2347 39 30 to
1286 2343 54 33 his
1359 2340 174 45 Majesty,
1557 2316 90 61 both

3318 2268 9 298 1
3327 2268 9 298 1
3337 2268 21 298 1'

2983 2344 35 20 or

1709 2339 60 41 the
1783 2347 172 33 evidence
1972 2344 45 33 of
2031 2344 92 33 Mrs.
2138 2343 154 38 Clarke,
2304 2341 71 35 and
2387 2339 102 33 there
2503 2347 74 22 was
2587 2347 45 21 no
2649 2335 195 41 testimony
2858 2339 37 27 to
2913 2297 63 70 sho
2975 2297 43 70 ßi

321 2399 40 24 as
383 2389 60 33 the
464 2388 197 44 Sovereign
679 2388 44 35 of
742 2388 73 34 this
831 2398 172 38 country,
1028 2391 70 39 and
1114 2391 64 34 the
1201 2391 135 33 Father
1352 2388 44 34 of
1403 2389 61 32 the
1482 2386 109 35 Duke
1607 2385 46 34 of
1709 2395 77 34 that
1805 2394 60 34 the
1887 2392 203 34 Illustrious
2113 2389 202 40 Personage
2344 2387 35 32 in
2408 2383 165 46 question
2606 2382 66 32 had
2981 2391 21 20 e
2691 2392 72 22 any
2785 2380 193 43 knowledg

2743 2418 9 5 .
2993 2408 5 14 .

332 2435 128 37 York.
517 2435 17 33 I
553 2435 129 33 should
709 2438 45 39 he
787 2437 60 33 the
879 2438 69 33 last
977 2448 79 27 man
1076 2439 34 32 in
1141 2438 70 35 this
1228 2443 151 38 country
1413 2435 84 37 who
1525 2433 122 34 would
1707 2443 119 35 either
1845 2440 159 41 directly
2023 2448 41 22 or
2083 2435 208 41 indirectly,
2309 2434 43 32 of
2381 2432 59 34 the
2458 2430 125 37 affair.
2633 2430 77 32 The
2722 2433 87 27 note
2828 2427 41 32 of
2887 2438 25 22 a
2929 2427 93 33 him-

324 2485 84 33 bort
430 2485 60 31 the
509 2484 94 33 mind
621 2483 40 32 of
690 2494 44 24 an
754 2484 204 43 illustrioas
976 2486 222 43 Sovereign;
1227 2486 61 38 hut
1317 2494 45 25 on
1388 2481 73 34 this
1478 2481 169 33 occasion
1708 2489 84 32 dred
1814 2486 152 46 pounds,
1983 2485 74 35 said
2078 2490 39 28 to
2135 2484 90 32 have
2244 2483 92 33 been
2352 2478 157 43 changed
2537 2478 50 43 by
2611 2473 319 41 Lodowick,•was
2956 2478 66 30 not

332 2533 11 32 I
366 2533 92 32 have
474 2541 45 22 no
537 2530 143 38 choice.
733 2532 19 34 1
772 2531 110 41 have,
904 2539 35 26 to
959 2533 60 33 the
1048 2533 78 33 best
1143 2533 43 33 o'
1214 2543 58 31 my
1281 2529 209 45 judgment,
1518 2528 72 34 and
1609 2531 39 30 to
1711 2533 180 38 identified
1912 2533 34 33 in
1963 2543 70 33 any
2065 2541 97 33 way,
2181 2530 69 33 and
2268 2539 84 33 may
2375 2525 182 34 therefore
2585 2524 44 31 I,e
2647 2520 110 44 fairly
2781 2520 183 44 supposed
2982 2528 40 26 to

325 2582 66 31 the
418 2583 133 32 utmost
568 2578 43 33 of
625 2589 60 33 my
703 2589 148 34 power,
875 2580 96 34 done
989 2591 58 33 my
1065 2582 107 43 duty.
1222 2580 81 34 The
1318 2583 152 39 country
1491 2575 78 35 will
1586 2575 65 32 de-
1711 2581 90 37 form
1817 2593 24 22 a
1858 2584 86 41 part
1969 2580 43 32 of
2036 2580 63 32 the
2125 2577 123 45 ample
2275 2576 222 34 allowances
2515 2570 104 34 made
2634 2574 38 28 to
2692 2569 89 32 Mrs.
2805 2569 137 31 Clarke
2969 2568 53 44 by
3333 2558 20 14 .1

73 2631 65 144 IL

326 2630 85 30 cote
430 2636 102 34 upon
552 2626 60 32 the
630 2630 151 28 conduct
810 2626 43 33 of
868 2628 60 32 the
947 2628 241 35 Commander
1205 2626 34 33 in
1258 2623 220 35 Chief—the
1494 2626 154 39 country
1711 2629 39 32 th
1750 2629 20 32 e
1800 2627 206 38 Illustrious
2034 2626 202 43 Personage
2264 2627 37 31 in
2328 2622 180 43 question.
2563 2617 73 33 But
2660 2617 104 31 there
2793 2626 96 21 were
2913 2615 111 32 other

327 2676 80 33 will
428 2673 129 34 decide
589 2683 97 34 upon
706 2673 60 33 the
791 2674 155 34 conduct
978 2674 44 34 of
1045 2676 60 32 the
1127 2673 231 37 House—the
1387 2674 151 39 country
1571 2669 79 34 will
1710 2676 274 37 circumstances
2001 2680 35 26 to
2053 2673 116 38 show,
2189 2670 83 33 that
2285 2669 64 34 the
2363 2670 268 41 appointmeat,
2644 2662 43 33 of
2704 2662 154 33 Co;ottel
2882 2661 141 43 Nnight

325 2722 133 33 deride
476 2731 102 35 Upon
604 2732 58 33 my
680 2721 154 34 conduct
850 2734 9 28 ;
888 2722 69 37 and
984 2728 39 27 to
1055 2722 61 33 the
1143 2720 161 35 decision
1320 2718 44 34 of
1375 2728 63 34 my
1453 2721 155 40 country
1630 2717 18 32 I
1714 2733 72 24 was
1804 2727 60 30 not
1885 2720 177 45 procured
2076 2717 156 45 through
2250 2718 61 32 the
2326 2714 239 34 interventiou
2581 2711 144 41 ot.Mrs.
2745 2711 152 32 Clarke.
2919 2709 104 32 With
3066 2709 4 57 •

327 2769 214 46 cheerfully
559 2769 148 33 submit.
761 2769 17 34 1
798 2779 80 24 now
900 2780 120 31 move,
1041 2769 72 45 Sir,
1713 2776 139 39 respect
1877 2774 39 27 to
1946 2769 59 34 the
2031 2777 83 28 case
2135 2764 46 35 of
2206 2765 112 44 Capt.
2344 2761 151 41 Dialing,
2525 2758 44 33 he
2597 2756 66 33 had
2691 2766 43 22 no
2761 2756 38 33 he
2799 2756 19 33 s
2818 2756 135 33 itation
2985 2756 41 34 in

428 2832 100 34 That
541 2841 45 24 an
612 2830 148 37 humble
780 2831 161 35 Address
953 2832 46 32 be
1018 2829 187 47 presented
1222 2833 39 30 to
1279 2828 53 34 his
1351 2828 177 45 Majesty,
1547 2825 104 34 hum-
1693 2802 5 74 '
1711 2828 58 32 say
1782 2818 57 43 ing
1871 2817 83 33 that
1987 2815 61 35 the
2080 2812 169 38 evidence
2284 2807 125 35 before
2447 2807 60 33 the
2542 2805 125 35 Ilelse
2700 2807 90 27 most
2830 2802 193 43 decidedly

3322 2672 9 311 ‘
3332 2672 11 311 1

3369 2698 4 12 '

328 2880 69 44 bly
412 2880 74 40 6tatir
487 2880 12 40 .
498 2880 25 40 4.
523 2880 13 40 ,
536 2880 13 40 ;
568 2885 35 26 to
620 2878 56 33 his
691 2876 159 48 Majesty
870 2880 83 35 that
965 2880 138 33 certain
1121 2878 236 33 information
1372 2877 63 32 has
1452 2875 86 34 been
1554 2884 99 22 coin-
1713 2863 206 34 vindicated
1946 2862 53 34 his
2017 2859 125 45 Royal
2171 2858 180 44 Highness
2373 2856 93 33 from
2484 2863 111 31 every
2622 2850 219 44 imputation
2862 2849 67 32 and
2948 2859 74 21 sits-

331 2927 208 35 municated
561 2931 38 27 to
626 2926 69 34 tai:
716 2926 142 43 House,
882 2926 70 35 and
971 2926 174 37 evidence
1170 2924 180 46 produced
1372 2928 38 28 to
1426 2926 156 43 support
1607 2920 45 43 it,
1715 2911 120 44 picion
1861 2909 43 34 of
1931 2909 117 35 undue
2074 2907 172 34 influence
2276 2915 43 22 or
2352 2906 150 39 corrupt
2533 2898 112 33 views
2673 2897 69 33 and
2772 2900 99 30 cals.
2904 2895 5 76 .
2921 2895 100 33 That

320 2976 54 34 of
389 2974 150 34 various
555 2982 155 35 corruLL
728 2975 182 43 practices
931 2973 70 35 and
1018 2974 107 34 other
1147 2974 128 32 abuses
1305 2970 133 44 having
1460 2968 191 47 prevailed
1672 2965 17 37 h
1714 2957 214 35 Gentleman
1958 2955 70 35 had
2044 2955 90 34 been
2150 2953 110 44 fairly
2281 2950 190 46 promoted
2497 2957 46 22 on
2559 2946 63 33 the
2640 2942 198 41 recornmen:i
2838 2942 18 41 .
2856 2942 18 41 -
2874 2942 18 41 ,
2891 2942 73 41 aion
2985 2943 45 33 of

330 3024 60 33 for
406 3033 99 22 some
526 3032 110 33 years
659 3028 94 37 past,
785 3022 34 35 iu
839 3022 63 33 the
917 3021 162 46 disposal
1097 3018 46 38 of
1166 3018 246 37 commissions
1429 3027 35 24 in
1498 3017 35 32 hi
1538 3026 14 22 s
1570 3043 12 6 -
1571 3017 19 26 M
1591 3026 63 22 —Ft-
1716 3005 152 37 General
1891 3004 148 40 Fraser,
2062 3012 47 24 an
2126 3000 120 35 officer
2259 2999 43 34 of
2315 2994 260 44 distinguished
2593 2992 104 33 merit
2711 2991 72 33 and
2802 3002 33 19 1)I
2855 2999 8 24 i
2874 2999 39 22 •.t:
2931 2994 96 28 most

321 3069 138 46 jelly's
496 3090 22 13 a
481 3069 14 34 1
511 3070 71 32 an.l
609 3069 133 34 Forces
762 3084 11 24 ;
804 3070 79 33 that
914 3069 57 34 his
996 3067 152 35 faithful
1170 3067 208 40 Commons,
1401 3063 194 44 according
1612 3067 38 28 to
1713 3052 208 34 undoubted
1948 3050 189 44 integrity.
2206 3047 79 33 The
2313 3045 78 33 fact
2417 3043 119 33 which
2572 3039 67 35 had
2670 3039 86 35 been
2787 3050 39 19 :-.0
2858 3035 169 45 -!rongly
3363 3050 12 26 i.

332 3120 64 31 the
415 3117 90 43 duty
526 3119 48 40 by
596 3117 124 33 which
749 3120 90 40 they
856 3128 66 24 are
940 3115 119 37 bound
1075 3120 39 28 to
1142 3115 57 34 his
1221 3112 177 47 Majesty,
1413 3111 71 35 and
1502 3116 37 28 to
1554 3110 100 33 their
1715 3099 113 34 relied
1857 3109 116 33 upon,
1997 3094 83 35 that
2102 3094 155 45 Captain
2277 3092 141 41 Mating
2438 3100 72 21 was
2528 3087 74 33 still
2628 3091 37 30 to
2681 3086 44 31 be
2754 3081 111 34 found
2893 3090 38 26 at
2949 3084 77 32 Mr.
3322 3081 4 79 •

3322 3105 6 31 ;

330 3165 265 40 Coostitueata
611 3163 92 35 have
715 3165 185 45 carefully
917 3162 196 37 examined
1127 3163 77 35 into
1217 3161 63 35 the
1297 3159 99 34 truth
1414 3158 44 35 of
1474 3157 61 35 the
1551 3167 102 25 seve-
1717 3144 262 37 Greenwood's
1996 3143 106 41 desk,
2130 3152 72 22 was
2224 3117 196 67 disprove?
2451 3138 47 41 by
2517 3135 63 33 the
2596 3133 165 33 testinite,
2810 3131 44 31 of
2877 3131 152 33 Colonel
3327 3117 2 93 1
3356 3117 2 93 •

334 3215 54 31 rill
410 3211 136 44 sundry
576 3217 242 31 transactions
837 3211 158 46 brought
1015 3203 130 41 before
1163 3209 98 34 them
1293 3209 35 34 in
1364 3206 113 46 proof
1496 3203 43 37 of
1566 3203 87 35 such
1717 3194 161 40 Gordon,
1907 3193 85 33 who
2011 3191 71 33 had
2096 3188 138 44 clearly
2254 3185 117 34 stated
2389 3193 35 26 to
2453 3183 61 33 the
2541 3181 235 38 Committee,
2803 3180 79 32 that
2910 3180 33 31 in
2975 3177 56 34 his
3326 3184 6 60 I
3348 3177 1 80 .

330 3265 156 39 corrupt
506 3269 92 34 prat.

591 3259 117 39 lices,
733 3261 118 43 attkit
867 3260 30 34 is
918 3259 89 34 with
1026 3259 59 34 the
1104 3260 158 43 greatest
1274 3263 151 27 concern
1441 3253 69 34 and
1532 3257 102 28 aston
1633 3257 21 28 -
1715 3240 21 47 o
1736 3240 21 47 p
1757 3240 107 47 inion
1885 3239 102 35 there
2006 3248 74 24 was
2098 3243 60 26 not
2178 3242 35 26 to
2236 3236 45 31 be
2298 3231 109 35 found
2434 3230 33 33 in
2486 3229 60 34 the
2567 3239 119 31 army,
2709 3226 58 33 for
2789 3224 28 33 ti
2818 3237 28 20 at.
2871 3226 87 32 rttok
2983 3227 47 32 he
3346 3227 28 24 a

335 3308 157 34 ishment
513 3306 83 34 that
615 3306 56 35 his
687 3304 196 51 Majesty's
908 3304 155 39 faithful
1091 3307 190 33 Commons
1297 3302 71 33 find
1395 3304 27 32 it
1452 3299 97 35 their
1564 3299 91 44 duty
1717 3288 98 41 held,
1856 3298 26 24 a
1907 3296 99 25 more
2052 3282 236 37 meritorious
2326 3280 123 32 officer
2489 3278 86 32 than
2621 3276 176 40 Captain.
2828 3273 203 37 :fattier-,--
3330 3273 5 81 ;
3370 3273 5 81 ••

331 3363 97 26 twist
452 3354 149 43 humbly
622 3360 39 28 to
681 3353 135 37 inform
836 3356 54 33 his
915 3354 93 46 Maje
1009 3354 24 46 -

1020 3360 56 38 sty
1093 3354 84 33 that
1193 3352 61 33 the
1271 3350 110 34 result
1394 3347 44 34 of
1450 3346 96 34 their
1561 3346 96 34 deli-
1677 3372 6 13 ,
1717 3335 60 33 He
1791 3340 89 28 next
1891 3343 102 26 came
2011 3337 37 30 to
2067 3331 80 34 that
2173 3335 81 39 part
2274 3327 43 33 of
2336 3328 59 32 the
2413 3325 151 41 charnel

2585 3322 117 32 which
2730 3332 6 20 i
2747 3320 122 32 elateti
2885 3327 33 26 to
2942 3321 86 32 CA.

3370 3356 2 13 :
3390 3356 2 13 .

3325 3370 1 18 .
3402 3370 9 18 ~

333 3405 129 32 !aerate
483 3402 176 45 inquiries
678 3402 79 43 into
769 3403 64 34 the
852 3400 260 46 factscharged
1131 3402 50 43 by
1199 3399 61 33 the
1276 3394 250 37 examination
1537 3393 45 34 of
1596 3393 61 34 the
1719 3381 174 35 French's
1909 3381 103 41 levy,
2035 3378 70 35 and
2135 3377 83 32 here
2236 3376 44 32 he
2311 3373 122 34 would
2467 3369 190 39 maintain,
2683 3369 79 32 that
2786 3370 25 30 it
2835 3377 72 22 was
2929 3377 102 22 sane-

335 3461 151 34 persons
503 3450 217 41 concerned,
746 3450 171 45 together
938 3450 90 35 with
1046 3449 106 33 other
1167 3446 196 39 witnesses,
1387 3443 67 32 and
1470 3454 25 21 a
1512 3441 142 45 variety
1717 3429 120 35 tinned
1857 3430 51 43 by
1926 3428 61 33 the
2006 3424 171 35 necessity

2157 3461 7 8 .
2517 3454 11 7 .

2193 3422 41 34 of
2252 3419 285 34 extraordinary
2554 3416 184 37 exertions
2757 3413 56 34 leer
2832 3415 202 44 iota-easing
3333 3425 22 13 .;•

333 3498 46 33 of
387 3498 226 40 documents,
638 3497 109 44 being
772 3497 87 35 such
878 3508 41 24 as
937 3497 94 34 have
1045 3494 159 37 satisfied
1226 3493 54 33 hi,
1294 3491 65 34 fait
1370 3490 74 33 Vol
1466 3490 194 32 Commons
1717 3487 66 25 our
1802 3476 164 43 military
1985 3472 98 34 force
2104 3472 45 44 by
2169 3469 152 35 recruits
2337 3468 67 32 and
2433 3475 78 24 new
2544 3464 219 33 enlistments
2781 3472 39 20 a.
2850 3462 73 30 Ilia
2944 3470 91 34 par-

333 3547 84 32 that
431 3546 61 33 the
510 3544 190 35 existence
722 3544 45 34 of
791 3544 104 35 those
917 3549 152 41 corrupt
1085 3553 45 24 or
1156 3542 200 41 dangerous
1384 3537 181 46 practices
1591 3544 66 24 are
1719 3526 132 33 ticular
1884 3521 132 46 period
2048 3519 71 37 and
2146 3523 126 37 urgent
2298 3515 117 34 crisis.
2481 3511 77 34 Mr.
2591 3511 137 32 Burton
2761 3510 89 30 tier,.
2885 3520 6 18 ,
2908 3508 126 33 ;:tercel
3348 3530 13 4 ..

361 3594 118 44 learly
507 3592 141 45 proved
664 3604 11 24 :
702 3593 84 34 that
819 3593 56 34 his
900 3589 193 48 Majesty's
1116 3587 152 38 faithful
1292 3589 190 33 Commons
1511 3593 65 24 are
1603 3593 57 24 re-
1720 3570 77 35 into
1827 3581 22 22 a
1877 3570 87 43 long
1998 3566 115 35 detail
2147 3565 41 32 of
2213 3563 203 41 reasoning,
2443 3561 56 33 for
2525 3559 61 33 the
2617 3566 158 35 purpose
2807 3556 43 31 of
2871 3556 89 31 :Itt:%;
2976 3559 60 38 O:g-
3096 3556 4 81 •
3343 3556 1 81 .

335 3641 163 34 strained
517 3643 48 43 by
585 3640 97 33 their
693 3639 230 38 attachment
934 3644 39 31 to
989 3639 53 34 his
1059 3634 191 48 Majesty's
1264 3645 128 35 person
1407 3634 70 32 and
1494 3633 163 32 Govern-
1719 3618 93 43 that,
1839 3619 37 33 in
1902 3617 63 33 the
1991 3615 112 43 single
2135 3609 253 38 conversation
2418 3605 119 37 which
2570 3605 69 33 had
2672 3608 175 27 occurred
2881 3612 37 43 res
2917 3612 13 43 .
2936 3608 103 37 pect-

3358 3650 5 18 I

335 3694 115 37 meat,
474 3687 97 34 from
587 3689 165 45 entering
771 3689 76 34 into
875 3699 25 24 a
930 3687 117 33 detail
1077 3684 44 35 of
1148 3684 103 34 these
1276 3680 253 40 transactions,
1551 3677 107 44 being
1720 3667 59 43 ing
1793 3665 152 35 Colonel
1968 3658 168 39 French's
2152 3659 100 43 levy,
2270 3658 103 32 there
2391 3656 58 33 did
2469 3659 61 28 not
2543 3661 142 33 appear
2704 3660 66 33 any
2794 3660 103 32 proo;
2917 3658 22 22 %s
2955 3650 84 32 hat-

3334 3673 14 35 l'

335 3735 202 35 convinced
557 3733 86 38 they
658 3736 109 37 could
784 3741 64 30 not
861 3736 47 33 he
919 3744 85 26 seen
1020 3735 48 44 by
1098 3732 58 34 his
1179 3728 159 48 Majesty
1357 3726 159 35 without
1539 3725 120 33 excit-
1719 3723 86 24 ever
1822 3713 80 33 that
1920 3711 53 33 his
1991 3707 120 45 Royal
2134 3706 181 44 Highness
2341 3703 69 33 had
2431 3703 87 32 been
2539 3698 214 39 influenced,
2780 3697 34 32 iu
2835 3702 60 26 t...
2909 3704 131 25 course
3333 3697 4 81 ;

339 3785 61 41 ing
411 3784 198 34 sensations
625 3781 44 35 of
681 3782 98 45 grief
785 3783 72 35 and
879 3781 227 45 indignation
1126 3780 37 33 in
1180 3780 56 32 his
1254 3776 123 46 Royal
1398 3776 120 33 breast
1532 3785 9 20 :
1569 3772 87 33 they

1721 3761 43 34 of
1773 3759 79 34 that
1869 3756 239 40 transaction,
2135 3755 47 43 by

2207 3754 163 40 ,motives
2391 3751 32 32 in
2440 3749 61 33 the
2520 3748 163 43 slightest
2696 3745 135 41 degree

2846 3754 15 41 !
2862 3754 32 41 to
2903 3754 61 32 pro
2973 3752 66 33 per
3105 3749 2 46 -
3344 3749 6 22 t

335 3831 157 44 humbly
522 3837 185 39 represent
735 3836 38 28 to
809 3831 56 33 his
906 3830 180 45 Majesty,
1126 3827 80 33 that
1246 3826 61 32 the
1346 3821 235 47 proceedings
1620 3819 45 34 of
1720 3819 45 24 or
1778 3817 133 33 corrup

335 3881 59 31 his
420 3878 152 35 faithful
601 3880 191 34 Commons
831 3878 97 35 have
965 3880 90 31 been
1080 3874 130 46 public
1240 3880 97 37 upon
1364 3870 71 33 this
1461 3869 202 43 important
1726 3866 71 24 was
1811 3853 136 40 stated,
1916 3852 92 34 that
1995 3811 35 72 thet.
2031 3806 59 32 In
2092 3803 38 33 the
2160 3796 269 37 consideration
2458 3795 45 34 of
2525 3794 157 43 Captain
2771 3841 34 30 A

2709 3793 131 40 Toiiyo

2859 3802 13 20 s
2889 3790 122 37 case,
3011 3790 32 32 it
3240 3790 5 47 -
3331 3802 18 35 •1

2145 3857 76 24 sum
2238 3846 41 33 of
2291 3844 99 35 3001.
2412 3844 67 33 had
2499 3843 89 33 been
2607 3840 85 45 paid
2711 3844 39 27 to
2816 3849 44 21 rs.
2885 3836 155 33 Clarke.

3352 3861 24 19 '''

334 3925 158 46 subject,
519 3925 72 35 and
608 3927 81 33 that
706 3925 64 37 the
784 3925 177 37 evidence
979 3924 65 34 has
1059 3924 91 32 been
1168 3918 198 40 recorded;
1391 3917 70 33 and
1475 3917 81 33 that
1574 3914 87 43 they
1726 3904 71 32 But
1818 3901 99 33 what
1935 3909 76 22 was
2027 3898 61 32 the
2108 3895 76 34 real
2202 3893 74 37 fact
2290 3894 12 31 ?
2355 3892 80 33 The
2464 3883 300 40 interferenceof
2792 3885 86 33 sirs.
2901 3883 142 33 Clarke

337 3978 96 31 trust
463 3973 60 46 his
557 3972 162 47 Majesty
739 3973 78 34 will
846 3976 90 43 give
961 3971 99 34 them
1088 3969 122 34 credit
1233 3966 103 34 when
1363 3963 89 45 they
1468 3971 122 26 assure
1609 3961 56 33 his
1723 3950 67 33 had
1809 3959 45 22 no
1874 3946 171 34 influence
2067 3944 187 33 whatever
2271 3941 35 33 in
2329 3939 188 43 obtaining
2543 3937 83 33 that
2641 3934 201 52 gentleoma
2859 3944 13 20 s
2894 3941 149 44 pronto.
3345 3918 28 60 c:

3352 3981 20 20 i,

335 4020 183 46 M-jesty,
539 4020 81 34 that
634 4020 34 35 in
689 4020 71 35 this
780 4019 143 47 palled
940 4018 191 41 discharge
1146 4015 45 34 of
1204 4015 97 33 their
1312 4013 106 40 duty,
1439 4010 52 34 his
1509 4007 152 34 faithful
1722 4004 90 27 tom.
1843 3994 162 44 Captain
2023 3992 130 41 Tonyn
2176 3999 76 22 was
2265 3989 65 32 the
2346 3997 64 22 sou
2428 3985 41 33 of
2483 3996 25 21 a
2528 3981 154 35 General
2702 3981 150 37 Officer,
2867 3980 39 31 ut
2919 3989 26 20 w
2955 3977 100 40 ha.,

119 4055 1 59 •
334 4071 206 33 toubto,,bs
557 4068 96 35 have
680 4068 203 46 proceeded
908 4067 89 35 with
1022 4063 54 37 all
1107 4064 71 33 due
1194 4069 83 26 care
1302 4059 71 34 and
1398 4055 261 38 deliberation.

1722 4041 11 93 t
1733 4041 33 93 ri;
1766 4041 11 93 u
1776 4041 34 93 com
1811 4041 11 93 y
1821 4041 22 93 in
1844 4041 11 93 u
1854 4041 11 93 e
1865 4041 22 93 ti
1887 4041 11 93 n
1898 4041 12 93 d
1910 4041 47 93 ilti
1957 4041 12 93 r
1969 4041 24 93 ti
1993 4041 12 93 c
2004 4041 12 93 i
2016 4041 12 93 ,
2028 4041 12 93 m
2040 4041 24 93 li
2070 4038 9 66 h
2080 4038 11 66 .
2096 4048 14 71 e
2111 4048 14 71 r
2138 4037 14 91 h
2152 4037 14 91 l
2166 4037 14 91 a
2180 4037 14 91 i
2194 4037 14 91 d
2209 4037 28 91 i)
2237 4037 44 91 het
2281 4037 14 91 a
2295 4037 14 91 i
2309 4037 15 91 s
2335 4032 13 94 a
2348 4032 14 94 a
2362 4032 14 94 p
2376 4032 14 94 i
2391 4032 14 94 p
2405 4032 14 94 l
2419 4032 28 94 it
2447 4032 14 94 r
2461 4032 14 94 e
2476 4032 14 94 e
2490 4032 14 94 t
2504 4032 28 94 ti
2532 4032 14 94 l
2554 4029 50 83 and
2603 4029 34 83 fo
2637 4026 11 91 i
2648 4026 11 91 l
2659 4026 11 91 l
2669 4026 11 91 i
2680 4026 11 91 t
2691 4026 21 91 ro
2712 4026 11 91 t
2722 4026 11 91 t
2733 4026 11 91 h
2744 4026 11 91 a
2754 4026 11 91 e
2765 4026 44 91 ot,:
2809 4026 22 91 ,e
2831 4026 11 91 d
2842 4026 22 91 ,t
2864 4026 11 91 i
2875 4026 11 91 t
2885 4026 11 91 n
2896 4026 22 91 iu
2919 4026 11 91 t
2929 4026 11 91 o
2940 4026 22 91 ht
2962 4026 12 91 a
2974 4026 24 91 ;o
2998 4026 12 91 o
3009 4026 35 91 tie

3332 4013 21 92 1,,
3353 4013 7 92 :
3360 4013 7 92 .

335 4117 110 46 'they
465 4116 154 46 humbly
648 4121 190 41 represent
870 4121 39 30 to
943 4114 58 35 his
1020 4113 61 34 Ma
1083 4110 12 47 j
1100 4116 97 39 esty,
1230 4110 78 34 that
1499 4103 141 35 enterin
1642 4111 22 33 g
1734 4095 9 31 i

100 4185 4 18 1

98 4319 6 25 1
128 4305 4 39 •
1371 4305 4 39 •

315 60 249 57 MARCH
611 63 76 47 11.

2896 65 85 48 161

60 656 47 110 1

69 1183 20 123 I

3299 142 11 14 r

3283 356 7 776 '
3291 356 7 776 :
3298 356 7 776 1
3305 356 7 776 1

3302 1123 4 24 •
3363 1123 6 24 i

3301 1163 12 111 I

3306 1281 26 39 1
