3413 4441
1134 71 146 52 THE
1316 72 377 51 NATIONAL
1730 71 380 52 REGISTER.

259 203 164 28 sources
443 193 50 38 of
507 194 77 38 this
602 198 215 48 contagion
854 201 41 38 in
920 202 165 51 society.
1144 203 72 38 We
1235 206 183 50 perceive
1444 203 154 46 effects,

263 242 77 41 but
369 257 59 26 we
464 244 54 39 do
552 254 72 33 not
656 255 164 48 explore
857 257 150 34 cruces.
1065 256 73 37 We
1174 256 141 51 punish
1354 257 70 39 the
1452 257 148 45 sinner,

268 296 172 40 without
459 299 145 53 taking
626 314 76 40 any
723 304 164 39 trouble
904 312 41 31 to
967 318 164 27 remove
1152 308 69 38 the
1237 308 73 38 sin.

325 352 105 39 Does
452 351 30 39 it
503 366 124 26 never
661 369 122 26 occur
821 361 45 33 to
900 371 76 27 our
1007 372 209 26 reasoners
1246 374 51 25 on
1328 360 202 52 adultery,
1558 373 45 25 or

269 402 104 40 have
394 404 94 52 they
511 406 168 40 omitted
702 413 43 33 to
765 409 170 40 observe
956 411 47 44 it,
1033 412 107 45 that,
1172 413 37 38 in
1225 415 90 38 nine
1331 428 109 26 cases
1457 415 48 38 of
1522 420 79 38 ten,

270 467 43 26 as
328 456 66 38 the
433 457 215 41 discussion
683 467 175 45 respects
878 462 253 41 fashionable
1172 467 169 52 society,
1371 467 181 50 adultery
1576 467 28 37 is

272 508 69 38 the
356 522 280 40 consequence
653 513 47 39 of
717 513 207 54 improper
940 516 219 53 marriages
1175 522 12 33 ?
1246 520 155 38 Nature
1419 519 30 39 is
1460 524 72 33 not
1561 523 40 33 to

273 561 48 38 be
341 565 304 40 counteracted.
704 568 213 37 Emotions
935 569 133 38 native
1095 573 45 34 to
1170 570 66 39 the
1257 570 151 39 human
1423 570 182 51 feelings,

274 613 100 39 born
392 614 48 39 of
452 615 66 39 the
536 615 130 48 heart,
697 631 89 41 may
810 620 52 39 be
878 620 145 47 stifled,
1054 621 65 39 for
1134 635 110 26 some
1261 624 117 43 time,
1407 624 74 39 but
1509 624 92 51 they

270 665 99 50 mill,
402 667 37 39 if
472 669 104 40 their
609 683 139 27 causes
780 685 131 33 recur,
940 673 230 53 eventually
1204 681 58 33 set
1289 674 52 40 all
1361 676 188 52 dicipline
1567 680 38 34 at

274 719 198 40 defiance.
531 725 38 35 It
588 720 30 40 is
640 723 106 47 vain,
775 724 175 53 perhaps
969 725 70 40 the
1057 732 120 33 worst
1196 728 47 39 of
1254 728 118 52 folly,
1393 733 44 34 to
1457 741 150 39 oppose

278 772 189 39 artificial
487 772 255 41 distinctions
772 783 43 32 to
852 777 159 41 natural
1032 781 228 40 sensations.
1319 781 86 39 The
1423 781 181 52 question

272 824 51 38 of
338 826 203 52 adultery,
565 827 91 38 with
681 828 206 41 reference
905 835 40 34 to
959 831 148 51 society
1128 831 222 52 generally,
1374 834 31 38 is
1422 840 73 32 not
1513 846 93 39 very

275 876 184 40 difficult.
495 882 31 34 (t
535 883 84 34 reat
641 880 141 53 people
802 896 76 26 can
894 887 83 40 act;
1002 883 193 52 middling
1213 885 142 53 people
1371 891 128 34 would
1514 892 66 33 act
1597 901 11 28 ;

278 927 123 41 lower
415 931 143 51 people
572 932 52 38 do
644 941 64 30 not
722 938 76 34 act.
857 935 116 39 Look
1013 941 40 33 at
1075 935 116 41 facts,
1240 938 86 39 The
1362 938 143 52 higher
1544 952 44 25 or-

278 981 90 40 ders
391 994 70 26 are
483 983 111 39 often
615 986 171 39 married
803 987 53 52 by
874 989 266 50 compulsion,
1170 989 67 39 the
1254 990 193 52 middling
1476 991 135 39 orders

279 1033 111 43 often
407 1049 135 38 marry
562 1036 106 39 from
693 1039 102 38 what
811 1041 31 37 is
860 1039 123 40 called
1006 1042 191 51 prudence
1198 1042 25 51 '
1243 1043 77 38 but
1331 1042 67 47 the
1419 1042 120 41 lower
1548 1057 41 25 or-

279 1087 90 39 ders
397 1101 136 39 marry
578 1090 249 40 themselves.
891 1094 91 38 Man
1017 1093 21 39 t
1038 1093 21 39 a
1059 1093 44 39 lk
1103 1093 22 39 s
1165 1094 39 39 o
1204 1094 39 39 f
1243 1096 69 38 the
1343 1095 76 53 girl
1452 1095 50 41 of
1544 1096 66 39 the

279 1139 133 45 heart,
452 1141 73 39 but
546 1140 154 53 forgets
720 1142 85 41 that
844 1156 159 27 woman
1041 1146 72 40 has
1146 1147 84 40 also
1261 1148 71 40 the
1361 1161 93 27 man
1473 1148 50 40 of
1532 1148 70 40 the

381 1196 31 33 t.

335 1244 47 45 If,
415 1245 280 44 nevertheless,
725 1261 57 25 we
819 1256 110 33 must
956 1263 211 39 persevere
1196 1251 37 40 in
1261 1253 69 39 the
1350 1252 65 41 old
1449 1266 103 39 way,
1583 1254 33 38 if

282 1310 58 25 we
370 1302 106 34 must
506 1302 137 45 punish
661 1299 151 41 instead
849 1303 50 38 of
919 1310 167 43 prevent
1106 1304 187 47 offences,
1323 1306 130 50 might
1486 1307 31 38 it
1543 1312 67 33 not

283 1349 50 38 he
360 1349 163 51 eligible
540 1355 40 33 to
602 1351 119 39 make
741 1354 187 54 adultery
959 1355 119 41 liable
1095 1362 44 33 to
1160 1358 69 38 the
1245 1358 224 39 exhibition
1487 1359 48 39 of
1544 1359 67 39 the

283 1400 143 54 pillory
446 1406 12 33 3
519 1404 13 35 I
562 1415 73 26 can
667 1407 191 39 conceive
892 1421 53 27 no
977 1408 202 52 spectacle
1212 1424 43 26 so
1271 1409 122 52 really
1414 1411 198 53 amusing,

283 1453 151 53 pelting
456 1453 148 47 forbid,
635 1468 40 25 as
694 1459 133 39 would
859 1459 51 40 be
930 1466 78 33 two
1020 1461 131 47 dears,
1181 1462 170 52 coupled
1368 1465 37 37 in
1426 1463 124 40 board
1574 1479 39 25 as

283 1508 39 38 in
343 1506 87 44 bed,
461 1506 93 38 with
576 1509 102 37 their
689 1509 107 48 joint
827 1512 125 40 heads
984 1514 183 51 popping
1188 1530 52 38 up
1269 1515 178 53 through
1467 1517 70 39 the
1558 1517 52 39 in

280 1559 180 39 terstices
490 1558 50 39 of
570 1561 94 37 such
689 1573 52 26 an
769 1563 239 41 instrument
1023 1569 221 38 !llow
1280 1567 107 52 truly
1426 1569 187 53 affecting

282 1610 131 39 would
433 1612 48 38 be
501 1611 69 39 the
593 1613 167 52 gazings
774 1616 48 39 of
835 1617 70 39 the
922 1617 96 39 fond
1041 1618 111 52 pair;
1173 1633 87 25 now
1281 1620 203 52 obliluely
1504 1636 109 25 ;Lino-

281 1676 94 27 TOUS
391 1663 178 40 towards
588 1665 99 39 each
707 1667 132 48 other,
872 1669 79 39 and
972 1683 89 25 now
1089 1670 293 54 languishingly
1411 1672 200 54 directing

281 1716 103 39 their
404 1717 341 51 contemplatio:s
759 1734 52 25 on
828 1723 72 37 the
918 1722 270 53 surrounding
1205 1723 211 40 multitude
1435 1729 8 33 !
1465 1729 8 32 !
1532 1731 15 34 1
1566 1729 32 39 fi-

281 1780 103 43 gure
404 1767 111 40 them
531 1773 44 34 to
596 1782 59 38 my
667 1769 94 47 self;
785 1778 14 35 I
822 1787 69 26 am
905 1773 207 52 delighted
1128 1778 50 51 by
1196 1776 276 53 anticipation.

333 1820 148 40 March
504 1825 63 41 10,
604 1826 113 35 1809.
1389 1830 175 39 HOMO,

552 1939 324 46 IMPERIAL
907 1944 448 48 PARLIAMENT.

703 2053 177 39 HOUSE
917 2057 65 37 OF
1013 2056 188 39 LORDS.

732 2417 191 50 Tuesday,
954 2420 150 37 .Ifurch
1135 2421 38 37 7.

334 2481 78 34 Th'
428 2481 98 33 Irish
544 2483 239 41 Distilleries,
807 2483 64 34 the
893 2485 113 43 Spirit
1030 2486 144 43 Import
1196 2487 248 40 Prohibition,
1472 2489 70 34 and
1558 2489 58 34 the

291 2526 98 37 Irish
416 2529 104 34 Bank
542 2530 97 35 Note
661 2531 110 35 Bills.
798 2541 98 25 were
912 2532 83 33 read
1013 2544 22 22 a
1054 2533 99 34 third
1167 2535 385 46 titne.Adjourned.

750 2158 191 47 Monday,
966 2161 136 37 March
1124 2165 37 35 6.

317 2207 78 37 The
411 2207 73 34 Bill
498 2207 287 46 I'm-sit:pending
800 2213 65 32 the
878 2215 71 32 Act
963 2216 203 41 respecting
1181 2215 61 33 the
1258 2215 96 34 Irish
1372 2215 242 43 Distilleries,

285 2259 69 28 Rld
374 2258 59 30 the
456 2257 73 32 Bin
552 2257 53 32 Cor
626 2268 100 21 more
754 2259 104 32 rare;
948 2272 17 20 v
1002 2263 217 41 preventing
1248 2263 196 43 I..'orgeries
1472 2275 45 21 on
1556 2267 59 31 the

286 2303 105 34 Rink
411 2304 43 31 of'
471 2303 180 44 England,
670 2306 123 41 pa,sed
814 2306 159 45 through
999 2309 60 32 the
1076 2308 515 47 Conunittee.Adjourned.

736 2640 220 51 Thursday,
976 2644 142 38 March
1139 2647 37 37 8.

339 2766 81 35 The
442 2765 90 37 Earl
546 2764 44 35 of
599 2766 150 34 Montt
770 2765 193 43 observed,
983 2767 77 33 that
1080 2774 163 39 amongst
1260 2771 61 34 the
1339 2771 141 45 Papers
1496 2784 45 22 on
1561 2774 59 33 the

292 2815 103 33 table
415 2815 208 44 respecting
643 2815 129 43 Spain,
798 2815 104 32 there
928 2823 73 24 was
1020 2825 21 21 a
1059 2816 171 44 dispatch
1251 2818 93 34 from
1368 2820 93 33 Lord
1483 2820 120 34 Castle-

292 2861 110 44 reagh
425 2869 38 25 to
484 2861 59 33 Sir
566 2861 138 32 Arthur
726 2859 216 44 Wellesley,
956 2859 104 34 dated
1084 2863 60 32 the
1169 2864 78 33 15th
1266 2865 72 33 of,
1351 2868 77 43 u:y,
1447 2868 174 44 referring

292 2911 38 30 SA)
348 2909 157 32 another
517 2907 168 45 dispatch
702 2906 90 33 from
811 2907 64 33 the
896 2909 187 32 Secretary
1106 2909 43 33 of
1163 2911 98 33 State
1280 2919 37 27 to
1338 2915 58 32 Sir
1415 2915 96 33 Hew
1534 2915 67 34 Dal-

292 2955 162 43 rymple,
484 2954 124 33 which
628 2955 27 32 it
674 2954 190 43 appeared
883 2953 96 34 from
1000 2955 59 33 the
1076 2957 159 33 allusion
1253 2959 105 35 made
1378 2965 37 30 to
1437 2961 44 41 it,
1507 2965 113 32 stated

291 3004 80 32 that
389 3012 22 22 a
441 3008 143 37 request
605 3000 70 34 had
696 3002 87 32 been
802 3001 105 33 made
925 3002 48 43 by
999 3002 61 33 the
1085 3004 156 34 Council
1259 3006 43 32 of
1324 3008 135 33 Seville
1486 3009 58 33 for
1564 3009 59 33 the

291 3048 64 33 aid
373 3048 41 32 of
433 3048 141 33 British
596 3056 144 35 troops,
767 3048 70 33 and
865 3048 78 33 that
961 3059 45 22 an
1035 3050 196 45 authority
1252 3052 69 34 had
1342 3056 90 33 been
1459 3057 109 43 given
1585 3061 37 28 to

294 3097 59 32 Sir
383 3094 94 33 Hew
503 3096 236 44 Dalrymple,
771 3094 85 34 then
896 3097 190 33 Governor
1115 3097 45 34 of
1187 3099 206 43 Gibraltar,
1421 3107 39 27 to
1485 3103 84 44 give
1602 3115 21 24 a

292 3143 135 44 pledge
443 3143 83 33 that
546 3144 129 35 10,000
702 3142 137 33 British
865 3146 124 39 troop,
1015 3144 130 33 should
1173 3146 45 32 be
1235 3152 74 27 sent
1332 3154 37 27 to
1390 3148 96 35 their
1504 3151 103 34 assist-

291 3198 104 26 ance.
452 3190 91 41 This
561 3190 167 43 dispatch
750 3195 35 27 to
806 3190 60 33 Sir
888 3190 93 33 hew
1015 3191 221 45 Dalrymple
1252 3194 63 34 did
1333 3200 63 30 not
1411 3206 143 37 appear
1577 3210 44 22 on

292 3237 65 33 the
376 3236 117 41 table,
509 3237 69 33 and
594 3237 43 33 he
658 3237 135 33 wished
811 3242 39 28 to
870 3237 126 41 know,
1026 3239 32 32 if
1072 3240 26 31 it
1120 3250 77 22 was
1220 3248 161 37 amongst
1401 3244 63 33 the
1483 3244 139 46 Papers

291 3285 78 33 still
387 3283 203 45 remaining
619 3289 37 28 to
683 3285 45 32 be
746 3283 207 46 presented,
981 3295 44 24 or
1052 3283 33 34 if
1113 3296 73 35 any
1213 3287 189 47 objection
1426 3293 142 34 existed
1587 3299 34 30 to

293 3332 167 45 produce
480 3333 26 31 it
527 3332 13 32 ?

341 3379 79 32 The
439 3379 89 33 Earl
549 3377 44 34 of
609 3379 76 33 Ltv
697 3389 48 24 nit
757 3389 116 25 POOL
885 3379 189 41 observed,
1095 3380 83 35 that
1196 3371 59 45 the
1274 3381 170 47 dispatch
1463 3386 158 34 rererred

291 3429 39 31 to
351 3426 241 33 transactions
609 3428 210 32 antecedent
841 3433 43 26 to
899 3428 60 33 the
976 3433 123 27 events
1120 3429 33 33 in
1176 3430 125 44 Spain,
1332 3433 119 33 Ivh:ch
1475 3433 67 34 had
1563 3436 45 32 be

291 3484 104 22 col.h!
426 3478 136 27 matter
591 3472 40 33 of
650 3475 206 44 notoriety,
887 3475 67 32 and
974 3475 77 33 that
1072 3485 73 24 way
1166 3478 187 44 probably
1371 3480 61 33 the
1450 3493 126 22 reason
1598 3484 25 31 it

293 3531 76 21 was
389 3527 59 26 mit
469 3521 213 44 produced;
711 3522 45 32 he
774 3522 143 38 would,
944 3522 188 35 however,
1152 3526 87 32 look
1265 3526 76 33 into
1361 3527 44 39 it,
1430 3529 67 32 and
1513 3530 61 32 lay
1598 3530 22 32 it

291 3578 99 34 upon
407 3567 59 34 the
485 3568 118 39 table,
622 3578 43 24 or
676 3574 40 27 at
733 3569 92 34 least
843 3580 40 21 so
900 3570 102 33 much
1019 3570 43 31 of
1078 3570 27 33 it
1121 3580 40 24 as
1178 3572 105 33 could
1302 3574 45 32 he
1364 3574 103 34 made
1483 3578 138 43 public,

291 3617 37 33 if
335 3615 102 35 there
458 3626 58 25 wa.s
516 3626 15 25 .
544 3626 73 34 any
639 3622 85 37 part
741 3617 43 32 of
797 3617 25 32 it
852 3617 83 33 that
952 3617 168 45 required
1139 3620 436 47 secrecy.Adjourned.

671 3720 176 39 LOUSE
878 3723 66 37 OF
974 3725 273 40 COMMONS.

745 3827 195 48 Monday,
969 3830 151 39 March
1142 3831 37 38 6.

1971 204 321 37 CONCILIATION
2322 213 119 26 WITH
2472 211 220 26 AMERICA.

1714 252 73 37 Mr.
1809 252 287 35 Wismar:an
2115 262 84 22 now
2220 261 78 24 rose
2319 256 39 27 to
2375 252 106 32 make
2502 250 61 33 the
2585 249 144 34 Motion
2748 246 46 37 of
2811 247 125 37 which
2957 248 51 35 he

1669 300 70 33 had
1765 301 106 43 given
1904 301 89 34 such
2021 299 168 45 frequent
2222 299 177 45 previous
2622 296 59 34 He
2708 298 123 43 spoke
2859 296 34 33 in
2922 296 65 34 sub-

1669 354 119 27 stance
1809 359 39 22 as
1876 347 148 34 follows
2037 348 201 32 :Whilst
2261 347 17 33 I
2297 357 60 24 am
2376 347 92 43 plea,
2490 357 60 33 og
2584 344 60 35 the
2680 354 109 22 cause
2822 343 46 34 of
2891 345 117 44 right,

1669 394 70 33 and
1754 394 184 35 therefore
1965 397 59 33 the
2043 406 120 27 cause,
2192 394 61 34 the
2270 404 174 24 concerns
2461 392 46 34 of
2533 393 52 34 all
2604 392 162 41 nations,
2792 391 54 35 let
2869 402 57 24 me
2942 396 67 28 not

1672 443 43 32 be
1734 443 152 34 accused
1915 444 91 33 with
2036 443 159 43 wanting
2226 454 21 21 a
2276 442 71 33 due
2383 441 132 44 feeling
2546 441 59 33 for
2631 451 60 32 my
2722 449 85 24 own
2837 445 174 38 country,

1675 491 89 33 with
1792 490 174 45 pleading
1993 493 61 33 the
2080 500 106 26 cause
2213 489 45 34 of
2280 490 63 33 the
2365 495 165 37 stranger
2555 497 44 24 or
2622 487 61 34 the
2708 497 132 34 enemy
2867 485 145 46 against

1671 539 197 34 oarselves.
1917 539 135 40 Truth,
2079 537 168 44 honesty,
2272 536 72 34 and
2373 535 73 35 fair
2464 535 163 44 dealing,
2653 544 64 24 are
2745 535 67 33 the
2841 543 170 25 common

1671 595 106 22 cause
1808 586 41 33 of
1881 586 51 34 all
1969 586 165 40 nations;
2176 583 70 35 and
2281 583 109 34 when
2427 583 17 33 I
2480 583 110 44 plead
2631 582 81 33 that
2746 591 60 34 my
2848 587 161 39 country

1671 633 130 34 should
1830 638 63 31 act
1926 633 157 45 rightly,
2109 632 69 35 and
2206 632 79 34 that
2316 632 30 33 it
2375 630 130 35 should
2532 635 61 27 act
2623 630 185 44 honestly,
2839 628 17 33 I
2888 638 102 24 neces-

1671 681 116 44 sarily
1822 680 125 46 plead,
1989 686 41 28 at
2060 681 63 33 the
2159 691 96 24 same
2289 679 106 41 time,
2437 678 45 33 its
2523 683 83 30 true
2649 676 69 34 and
2757 676 157 44 genuine
2954 676 38 33 in-

1674 733 142 30 terests.
1867 728 126 35 Never
2026 738 65 24 can
2130 728 19 34 1
2181 729 90 33 take
2311 728 66 32 the
2421 730 86 40 part
2538 735 90 25 even
2662 722 45 35 of
2743 733 61 33 my
2841 722 170 45 Country

1672 776 144 44 against
1845 777 106 33 what
1976 777 28 32 is
2029 776 113 43 right,
2177 776 155 33 because
2356 783 111 25 never
2492 783 65 24 can
2589 772 19 33 I
2641 770 174 34 coercive
2841 769 61 33 the
2928 774 83 30 true

1677 823 161 34 interests
1851 824 43 32 of
1912 835 60 33 my
1990 829 155 37 country
2163 821 204 41 advanced,
2394 822 48 43 by
2469 820 200 46 departing
2694 817 94 33 from
2816 817 86 33 such
2931 816 85 34 line'

1677 869 43 34 of
1735 870 194 34 rectitude.
1958 870 80 34 The
2057 872 110 33 result
2183 870 45 33 of
2241 870 58 33 the
2320 869 124 34 whole
2459 875 133 35 system
2611 866 65 34 has
2691 865 152 34 verified
2857 874 56 34 my
2928 873 67 35 pre-

1676 917 152 41 diction,
1856 920 63 32 but
1945 919 13 33 I
1980 930 81 22 owe
2076 919 27 32 it
2122 925 37 27 to
2178 930 59 32 my
2257 917 244 34 Honourable
2522 914 155 35 Friends
2694 919 38 28 to
2756 912 176 39 mention,
2957 912 53 44 by

1676 965 61 33 the
1757 976 98 34 way,
1883 967 81 33 that
1982 966 33 34 in
2042 965 61 35 the
2122 967 123 34 Order
2275 964 44 34 of
2340 964 64 34 the
2422 963 65 37 7th
2507 961 41 34 of
2572 963 167 41 January
2759 959 87 45 they
2871 959 67 33 had
2957 969 50 25 on

1678 1012 83 34 idea
1776 1013 43 33 of
1841 1013 61 33 the
1918 1018 131 30 extent
2070 1013 120 34 which
2217 1023 24 24 a
2258 1013 220 43 subsequent
2512 1010 174 44 Ministry
2715 1007 125 34 would
2862 1007 83 44 give
2970 1013 47 27 to.

1680 1059 71 34 this
1765 1062 201 44 actthey
1985 1061 69 35 had
2073 1072 45 22 no
2139 1061 162 45 possible
2320 1059 100 41 idea,
2446 1059 83 33 that
2548 1058 99 33 what
2670 1067 72 24 was
2769 1058 123 31 meant
2907 1064 39 24 as
2961 1064 50 24 an

1675 1109 234 44 experiment
1930 1109 122 35 would
2072 1109 45 33 be
2132 1108 163 45 adopted
2320 1117 40 22 as
2387 1117 45 21 an
2464 1104 195 47 approved
2691 1102 215 47 precedent,
2928 1102 84 33 that

1676 1165 45 24 an
1747 1156 198 44 exception
1977 1161 39 30 to
2044 1157 96 33 their
2169 1155 144 44 general
2349 1154 126 45 policy
2509 1153 123 35 would
2666 1153 46 32 be
2737 1149 158 46 pleaded
2920 1159 38 25 as
2991 1159 26 24 a

1680 1204 91 40 rule,
1795 1205 66 32 and
1881 1204 81 34 that
1982 1204 89 44 they
2091 1204 122 33 would
2242 1204 45 33 be
2321 1202 83 33 thus
2434 1199 226 47 interpreted
2693 1199 77 33 into
2791 1196 103 34 what
2919 1196 91 43 they

1681 1250 120 35 would
1826 1261 111 24 never
1972 1251 92 33 have
2093 1251 185 34 intended.
2331 1248 89 34 Had
2451 1248 61 33 the
2544 1247 198 35 Continent
2769 1244 115 35 taken
2914 1254 103 24 arms

1678 1299 141 41 against
1839 1299 214 44 Bonaparte
2068 1299 13 33 ?
2121 1299 90 34 Had
2229 1298 63 34 the
2309 1297 155 34 soldiers
2483 1294 145 35 refused
2646 1299 38 28 to
2702 1291 144 43 march,
2859 1293 154 32 because

1680 1345 85 44 they
1795 1346 143 33 wanted
1957 1346 113 33 coffee
2086 1346 70 33 and
2176 1355 107 35 sugar
2315 1345 63 33 for
2395 1342 191 37 breakfast
2604 1342 13 34 ?
2670 1341 83 34 And
2770 1350 41 24 as
2841 1343 40 30 to
2898 1341 86 32 Ame-

1680 1393 91 43 rica,
1799 1393 83 34 how
1911 1394 72 34 had
2015 1393 174 35 America
2217 1393 113 34 taken
2359 1393 30 33 it
2406 1393 12 31 ?
2472 1390 87 35 Had
2584 1389 66 37 she
2667 1385 185 48 pocketed
2872 1385 63 34 the
2952 1385 61 34 af

1680 1439 97 34 front
1793 1452 40 22 as
1848 1441 191 45 predicted
2060 1442 50 43 by
2139 1441 63 34 the
2225 1440 115 44 Right
2359 1437 243 34 Honourable
2620 1437 217 34 Gentleman
2851 1434 13 33 ?
2916 1434 60 34 No
2996 1434 12 33 I

1680 1485 54 35 for
1752 1498 45 22 no
1822 1498 131 25 sooner
1971 1488 70 34 had
2073 1489 233 44 intelligence
2334 1487 46 33 of
2409 1486 61 35 the
2493 1485 138 35 Orders
2649 1482 158 35 reached
2822 1482 194 43 America,

1680 1534 85 34 than
1781 1535 61 33 the
1861 1535 198 34 American
2075 1537 243 33 Government
2337 1533 198 46 expressed
2555 1532 99 34 their
2669 1530 156 46 opinion
2842 1528 44 33 of
2896 1528 116 34 them.

1685 1581 106 34 From
1819 1583 99 33 these
1944 1584 304 40 considerations,
2276 1583 76 41 Sir,
2383 1583 18 33 I
2419 1591 64 34 say
2502 1580 81 34 that
2600 1580 65 33 the
2685 1578 188 34 Ministers
2891 1576 125 34 would

1680 1628 94 35 have
1791 1629 90 34 done
1902 1631 84 33 well
2007 1630 71 35 had
2096 1632 86 40 they
2205 1630 136 45 paused
2368 1633 38 31 to
2438 1628 118 34 revise
2583 1626 99 34 their
2713 1635 84 24 own
2823 1628 93 38 acts,
2942 1623 74 34 had

1680 1676 85 44 they
1783 1678 105 33 acted
1906 1678 113 33 under
2037 1680 98 32 their
2144 1678 241 44 experience,
2404 1677 71 33 and
2489 1677 150 32 become
2652 1672 86 34 wise
2748 1672 51 44 hy
2817 1672 63 33 the
2893 1671 124 34 effects

1677 1723 45 33 of
1736 1724 96 33 their
1847 1734 138 25 errors.
2039 1726 78 34 The
2137 1726 107 45 point
2258 1726 43 33 of
2313 1724 103 33 truth
2435 1724 44 39 is,
2498 1723 81 33 that
2598 1731 67 25 our
2680 1721 246 33 Government
2942 1719 76 34 had

1680 1776 60 27 not
1756 1770 60 34 the
1830 1773 70 32 due
1918 1773 113 44 spirit
2048 1773 45 33 of
2104 1772 260 35 conciliation.
2415 1770 105 44 They
2538 1769 70 34 had
2635 1767 214 35 disavowed
2868 1766 61 34 the
2954 1770 65 30 act

1680 1817 45 34 of
1741 1818 169 35 Admiral
1933 1820 182 45 Berkley,
2141 1821 66 32 but
2237 1819 89 45 they
2360 1819 70 33 had
2448 1822 65 30 not
2530 1814 259 47 reprimanded
2810 1814 92 33 him.
2952 1814 66 33 He

1682 1866 85 41 had,
1796 1866 144 43 indeed,
1962 1869 90 33 been
2070 1867 159 34 recalled
2248 1867 96 34 from
2360 1866 83 35 that
2459 1865 137 33 station
2611 1876 12 27 ;
2652 1864 78 40 but,
2754 1873 40 21 as
2812 1861 34 33 if
2859 1866 37 28 to
2914 1861 105 33 shew

1680 1913 83 33 that
1780 1913 45 33 he
1841 1915 72 32 bad
1944 1920 65 27 not
2026 1916 71 33 lost
2125 1917 63 32 the
2207 1915 209 33 confidence
2433 1912 46 34 of
2499 1912 204 39 Ministers,
2726 1909 70 34 and
2818 1909 81 33 that
2928 1907 89 45 they

1682 1959 63 33 did
1770 1968 64 27 not
1851 1962 122 33 blame
1993 1961 58 34 the
2068 1963 125 45 spirit,
2220 1962 143 45 though
2395 1961 86 44 they
2494 1959 110 34 could
2622 1963 63 30 not
2704 1956 137 46 justify
2861 1956 61 34 the
2939 1962 83 34 act,

1683 2007 43 34 he
1748 2019 73 22 was
1833 2010 280 44 ostentatiously
2126 2015 76 30 sent
2215 2016 63 28 out
2293 2021 46 22 on
2352 2008 158 35 another
2519 2006 155 40 service,
2685 2016 39 22 as
2737 2015 90 24 soon
2836 2014 41 25 as
2890 2004 44 33 he
2944 2002 74 35 had

1684 2057 165 33 returned
1865 2056 94 34 from
1977 2057 61 33 the
2057 2057 197 34 American
2271 2057 154 33 station.
2480 2054 40 34 If
2533 2054 63 34 the
2609 2063 79 24 war
2704 2062 85 34 goes
2807 2062 64 28 on,
2881 2062 65 24 can
2960 2062 59 22 we

1683 2109 136 38 expect
1838 2109 35 26 to
1894 2104 120 33 retain
2036 2105 168 41 Canada,
2232 2117 43 21 or
2298 2114 94 24 even
2411 2112 67 24 our
2510 2101 138 34 insular
2666 2098 221 47 possessions
2906 2098 33 34 in
2957 2099 66 34 the

1687 2148 104 35 West
1809 2151 123 34 Indies
1946 2152 13 32 ?
2019 2152 37 33 It
2080 2152 126 34 would
2239 2153 45 33 be
2315 2163 25 22 a
2374 2161 78 22 war
2474 2150 146 34 ruinous
2639 2158 46 24 on
2714 2148 46 33 its
2787 2146 131 43 result,
2949 2148 73 32 and

1687 2198 120 32 would
1826 2199 44 32 he
1889 2199 220 43 productive
2127 2202 44 32 of
2185 2200 61 33 the
2270 2204 94 30 most
2381 2198 217 35 calamitous
2613 2204 280 34 consequences.
2937 2193 92 34 The;

1726 2244 83 33 hole
1828 2246 113 33 world
1972 2246 124 34 would
2114 2248 45 32 he
2178 2246 148 44 against
2341 2257 56 31 us,
2422 2245 71 34 and
2515 2254 59 25 we
2591 2242 131 35 should
2739 2241 164 45 scarcely
2924 2241 94 33 have

1682 2301 21 22 :t
1719 2302 164 24 resource
1902 2298 38 27 to
1956 2295 122 44 apply
2092 2300 53 28 to.
2192 2295 66 32 We
2272 2294 135 34 should
2427 2293 176 34 recollect
2619 2291 63 33 the
2698 2290 165 32 millions
2880 2288 41 33 of
2933 2288 91 34 debt

1687 2339 122 33 which
1826 2350 65 21 our
1907 2341 207 34 merchants
2130 2352 66 24 are
2212 2341 137 34 unable
2368 2347 38 27 to
2430 2337 268 35 recoverirom
2727 2336 194 41 America,
2944 2336 77 33 and

1684 2385 61 32 the
1765 2386 246 35 incalculable
2027 2389 110 33 losses
2161 2389 89 43 they
2272 2389 139 33 sustain
2430 2387 96 34 from
2551 2385 63 34 the
2630 2385 213 45 suspension
2864 2382 41 34 of
2920 2383 103 33 their

1687 2433 221 35 intercourse
1951 2435 92 33 with
2083 2435 84 34 that
2206 2443 171 38 country.
2443 2435 84 33 The
2567 2432 247 35 Honourable
2856 2431 171 33 Member

1683 2481 198 33 concluded
1918 2483 51 43 by
1998 2484 161 43 moving,
2231 2484 99 33 That
2348 2494 46 24 an
2422 2481 150 34 humble
2595 2480 159 34 Address
2784 2480 47 32 be
2859 2485 144 38 present-

1684 2528 44 32 ed
1762 2533 38 27 to
1830 2529 54 33 his
1922 2529 178 45 Majesty,
2128 2531 269 44 representing,
2431 2530 83 35 that
2545 2530 35 32 in
2607 2536 252 37 consequence
2888 2526 44 35 of
2960 2528 65 32 the

1688 2575 142 43 passing
1844 2576 44 33 of
1899 2589 22 21 a
1943 2578 143 33 Decree
2104 2585 39 25 at
2167 2578 143 40 Berlin,
2336 2577 71 32 and
2425 2580 63 28 the
2515 2575 171 43 alledged
2702 2575 260 43 acquiescence
2980 2572 48 33 of

1693 2620 165 34 America
1878 2622 34 32 in
1931 2621 63 33 the
2020 2622 78 32 said
2130 2623 158 39 Decree,
2316 2621 58 34 his
2409 2620 158 47 Majesty
2597 2621 67 32 has
2691 2620 91 33 been
2818 2619 145 46 pleased
2985 2622 41 31 to

1691 2666 91 34 issue
1802 2667 53 34 his
1871 2668 124 33 Order
2019 2669 34 32 in
2074 2669 172 40 Council,
2265 2669 159 33 relative
2443 2674 39 28 to
2502 2669 61 32 the
2576 2667 79 34 said
2678 2667 159 40 Decree,
2856 2667 67 32 and
2940 2667 85 33 that

1690 2713 61 34 the
1768 2714 74 32 said
1861 2715 135 33 Orders
2017 2726 96 22 were
2135 2717 180 33 followed
2334 2727 50 34 up
2404 2717 48 44 by
2471 2715 141 33 certain
2628 2720 76 27 acts
2722 2714 133 41 (luring
2882 2713 61 35 the
2962 2725 43 24 en-

1689 2761 104 43 suing
1808 2763 132 32 session
1968 2763 44 32 of
2030 2763 242 43 Parliament,
2293 2764 35 32 in
2357 2761 124 34 which
2500 2773 22 22 a
2546 2771 131 34 power
2696 2771 76 24 was
2798 2761 167 33 reserved
2983 2767 41 27 to

1693 2807 54 33 his
1762 2807 159 46 Majesty
1941 2807 45 34 of
2006 2811 189 43 annulling
2212 2811 60 33 the
2289 2806 83 38 said
2391 2810 137 34 Orders
2546 2809 33 33 if
2595 2809 28 34 it
2641 2807 131 34 should
2791 2807 47 33 be
2854 2810 154 33 conceiv-

1689 2854 45 33 ed
1757 2856 217 43 expedient.
2029 2857 98 34 That
2146 2858 35 32 in
2200 2868 248 34 consequence
2467 2857 44 34 of
2531 2857 87 34 such
2644 2855 137 35 Orders
2802 2856 35 32 in
2855 2856 171 43 Council,

1693 2902 61 33 the
1773 2902 175 44 Congress
1974 2903 46 34 of
2043 2903 175 35 America
2245 2906 217 44 conceiving
2490 2904 85 44 they
2598 2900 195 39 interfered
2815 2902 92 35 with
2926 2904 102 34 their

1693 2949 180 41 interests,
1906 2952 72 32 anti
2004 2952 163 45 exposed
2186 2952 99 35 their
2303 2957 133 39 system
2465 2959 37 26 to
2518 2952 85 33 such
2626 2952 233 33 innovations
2881 2962 38 21 as
2939 2952 91 45 they

1690 2995 60 34 did
1768 3004 63 26 not
1843 2998 106 32 think
1967 3009 97 22 were
2080 3001 194 33 consistent
2294 3000 92 33 with
2399 3000 96 33 their
2507 2999 130 40 views,
2656 2999 86 44 they
2763 2998 128 45 parsed
2908 3009 22 22 a
2948 3000 78 32 law

1690 3043 126 45 laying
1832 3056 45 22 an
1894 3047 176 41 embargo
2091 3057 45 24 on
2153 3048 51 33 all
2226 3047 201 34 American
2446 3046 102 45 ships
2567 3046 37 33 in
2620 3046 98 33 their
2735 3057 85 24 own
2842 3052 116 37 ports,
2983 3052 45 30 at

1693 3091 60 34 the
1776 3102 94 24 same
1889 3092 91 34 time
1997 3094 168 43 offering,
2194 3094 78 34 that
2296 3094 33 33 if
2346 3105 58 22 we
2431 3094 124 33 would
2574 3094 141 33 rescind
2727 3104 70 24 our
2824 3094 135 33 Orders
2988 3094 41 35 in

1689 3138 167 43 Counci!,
1881 3139 81 33 that
1982 3152 58 22 we
2056 3141 131 34 should
2207 3142 93 34 have
2331 3141 64 34 the
2422 3142 191 34 exclusive
2640 3151 206 24 commerce
2875 3141 41 34 of
2942 3142 86 35 that

1689 3193 171 39 country,
1876 3187 47 43 by
1941 3188 124 35 which
2079 3198 136 33 means,
2231 3200 67 24 our
2319 3190 184 40 interests,
2523 3190 35 33 in
2580 3189 104 33 other
2704 3195 177 39 respects,
2902 3190 125 35 would

1691 3234 44 31 he
1750 3234 210 46 essentially
1975 3236 189 45 improved
2180 3249 11 28 ;
2223 3237 83 33 that
2326 3237 72 33 this
2411 3239 104 40 offer,
2542 3247 39 24 so
2587 3236 80 45 just
2685 3237 35 33 in
2735 3239 203 44 principle,
2952 3239 74 33 and

1691 3280 34 33 in
1740 3282 174 43 tendency
1933 3294 39 22 so
1990 3283 128 45 highly
2137 3285 279 44 advantageous
2434 3291 35 27 to
2485 3286 118 33 Great
2624 3283 163 39 Britain,
2809 3296 57 21 we
2881 3286 145 33 believe

1689 3328 69 32 and
1773 3330 94 44 hope
1887 3330 27 32 k
1930 3331 77 33 still
2030 3341 92 34 open
2141 3333 58 32 for
2218 3332 54 33 hi:
2294 3331 163 46 Majesty
2478 3338 38 28 to
2533 3333 158 34 receive.
2744 3333 104 34 That
2863 3334 60 32 the
2939 3344 67 25 con-

1689 3374 167 34 tinuance
1874 3377 41 33 of
1942 3377 64 33 the
2026 3378 201 44 Embargo,
2246 3380 28 31 is
2294 3379 209 45 manifestly
2528 3379 176 45 injurious
2722 3385 38 28 to
2778 3380 76 33 this
2871 3389 156 35 country

1689 3422 69 32 and
1778 3429 37 27 to
1832 3433 66 24 our
1917 3426 233 33 commercial
2173 3426 165 33 interests
2355 3437 11 30 ;
2394 3433 91 27 most
2504 3428 154 45 humbly
2676 3429 162 44 praying
2856 3429 78 33 that
2963 3429 59 34 his

1695 3469 155 45 Majesty
1881 3472 79 33 will
1982 3472 45 33 be
2048 3475 211 43 graciously
2285 3474 150 45 pleased
2466 3481 38 28 to
2522 3475 118 44 adopt
2659 3476 85 33 such
2774 3485 182 32 measures
2983 3485 44 25 113

1691 3526 83 33 may
1788 3528 93 34 open
1893 3529 21 22 a
1929 3530 145 31 course,
2088 3522 70 32 and
2179 3523 47 41 by
2238 3533 22 22 a
2278 3529 204 37 temperate
2502 3523 67 33 and
2582 3521 191 45 judicious
2791 3523 233 41 negociation

1691 3565 79 32 lead
1787 3570 38 27 to
1843 3576 22 21 a
1880 3566 178 44 decision,
2078 3569 202 34 conducive
2307 3575 39 28 to
2367 3570 63 33 the
2447 3569 164 34 interests
2629 3570 70 33 and
2726 3570 155 34 welfare
2907 3570 43 33 of
2970 3572 58 32 his

1693 3609 190 47 Majssty's
1900 3614 172 44 subjects.

1844 3661 204 34 S':EPIIEN
2083 3663 78 34 said
2206 3663 63 35 the
2311 3664 103 34 lion.
2451 3665 171 35 Member
2666 3665 70 34 had
2779 3666 252 45 deprecated,.

1690 3713 162 35 amongst
1878 3707 107 34 (,ther
2019 3709 137 45 things,
2181 3712 64 34 the
2267 3713 226 44 attributing
2524 3719 39 27 to
2598 3713 74 33 him
2704 3724 24 22 a
2758 3722 102 26 want
2885 3715 43 32 of
2942 3715 84 33 zeal

1693 3755 158 32 towards
1867 3754 61 34 the
1950 3755 165 37 interests
2130 3758 43 34 of
2189 3759 56 33 his
2256 3767 175 38 country,
2459 3763 64 31 but
2536 3761 44 33 he
2598 3762 135 44 begged
2752 3767 37 28 to
2809 3772 123 24 assure
2952 3763 78 33 him

1693 3798 78 35 that
1791 3802 137 41 instead
1949 3803 44 33 of
2010 3815 70 33 any
2104 3806 85 33 such
2209 3807 197 34 character
2426 3819 40 22 or
2479 3815 191 27 sentiment
2687 3810 209 47 prevailing
2916 3810 34 33 in
2969 3810 58 34 his

1693 3848 110 41 mind,
1830 3849 44 34 he
1894 3850 72 34 Lad
2002 3852 60 33 the
2095 3853 190 45 unfeigned
2307 3855 157 43 homage
2483 3855 44 34 of
2554 3856 54 34 his
2626 3855 104 35 heart
2743 3870 13 24 ;
2783 3857 46 33 he
2850 3868 72 22 was
2942 3868 64 33 per-

1690 3895 112 44 fectly
1820 3898 146 33 as:tired
2001 3899 44 33 of
2057 3900 59 33 the
2150 3904 119 32 manly
2300 3904 74 32 and
2407 3904 228 33 hnnoirable
2665 3905 207 44 principles
2901 3906 125 33 which

1688 3944 169 33 actuated
1883 3944 61 33 the
1975 3945 246 37 Houourable
2237 3950 185 40 ;Icanber,
2448 3952 70 32 and
2554 3951 43 32 he
2626 3951 168 35 believed
2815 3953 80 34 that
2923 3952 105 35 there

1795 3891 6 1 .
2194 3891 21 7 :.
2421 3891 40 7 m--

1690 3895 112 44 fectly
1820 3898 146 33 assured
2001 3899 21 33 o
2022 3899 22 33 f
2057 3900 39 33 th
2096 3900 20 33 e
2150 3904 117 32 maul.
2300 3904 74 32 and
2407 3904 228 33 honoarithle
2665 3905 207 44 principles
2901 3906 125 33 which

787 3928 14 15 4

775 3944 15 18 /
806 3935 21 27 L
887 3900 38 70 '7
925 3900 19 70 1
944 3900 19 70 7
963 3900 39 70 91
1002 3900 40 70 4.
1043 3946 30 22 r
1095 3900 4 91 ,
1120 3946 21 26 N
1141 3946 43 26 4.
1688 3943 169 34 actuated
1883 3944 61 33 the
1975 3945 246 37 Honourable
2238 3950 184 41 'lcinber,
2448 3952 70 32 and
2554 3951 43 32 he
2626 3951 168 35 believed
2815 3953 80 34 that
2923 3952 105 35 there

330 3983 44 38 In
390 3994 25 24 a
432 3981 146 37 Comm;
599 3972 12 58 '
611 3972 13 58 A
624 3972 13 58 L
637 3972 13 58 l
650 3972 39 58 'h.
689 3972 13 58 ,
762 4000 6 8 .
815 3974 39 53 ..,
930 3992 6 2 .
1019 3999 50 35 4,.4.
1069 3999 11 35 ,
1103 3994 24 25 f.
1191 3996 20 25 e
1243 3987 226 37 Chancellor
1491 3990 45 34 of
1559 3990 61 34 the
1693 4000 72 22 was
1778 3996 60 28 not
1851 3992 32 32 in
1903 3992 64 34 the
1981 3993 142 40 Howe,
2148 4006 46 22 or
2207 3996 60 37 the.:
2282 4003 174 38 country,
2472 4009 24 24 a
2512 4000 104 33 heart
2630 4000 197 44 composed
2841 4002 44 32 of
2890 4012 21 21 a
2927 4009 106 26 more

280 4033 158 44 Excheq
470 4043 41 22 er
578 4030 17 71 f
594 4030 17 71 i
611 4030 18 71 k
628 4030 18 71 v
646 4030 18 71 .
703 4020 69 105 fl
771 4020 34 105 y
806 4020 35 105 *
878 4030 30 18 vr

921 4030 67 27 TaITIT
989 4030 12 27 '
1002 4044 6 11 '
1028 4026 73 52 'lt:*
1102 4020 19 69 Vl
1130 4020 20 69 l.
1170 4032 6 8 '
1188 4033 224 46 Exchequer
1449 4037 93 35 Bills
1578 4041 44 32 he
1690 4039 98 41 truly
1822 4039 138 33 British
1982 4045 148 31 texture
2148 4044 89 34 tlicit
2263 4045 81 34 that
2376 4046 43 32 of
2443 4046 60 33 the
2525 4046 242 34 Ho:mumble
2794 4049 233 33 Gentleman.

654 3965 48 126 p
703 3965 48 126 r

650 4082 22 26 r
733 4068 4 72 -
787 4080 6 9 '
836 4069 28 45 7
865 4069 57 45 #*
932 4085 21 26 N
992 4068 4 72 .
1002 4068 33 44 \'.
1058 4082 24 27 '
1082 4082 25 27 1
1147 4068 2 72 '
1196 4093 58 37 ear
1254 4093 20 37 )
1287 4085 71 38 gad
1369 4095 47 26 on
1433 4085 61 38 the
1514 4091 107 33 le.=
1697 4085 74 33 file
1791 4085 98 33 lion.
1913 4087 214 39 Gentleman
2148 4093 71 32 had
2246 4093 188 34 branched
2461 4100 77 27 into
2565 4095 146 34 various
2740 4096 91 33 line=
2852 4096 41 33 of
2919 4106 112 34 argu-

278 4078 130 37 fouled
429 4094 9 20 (
495 4080 63 33 the
660 4111 57 43 sN
736 3891 2 288 '
831 3891 2 288 .
899 4098 48 47 r''.
947 4098 12 47 4
959 4098 13 47 ,
1023 4096 123 58 ..,r
1146 4096 31 58 e
1178 3891 2081 288 1
3260 3891 5 288 i

3263 4156 15 17 in

278 4129 17 47 i
294 4129 17 47 4
311 4129 118 47 iecifie
489 4128 59 37 ab
573 4075 5 111 .
598 4144 9 7 -
643 4098 53 58 ...t
811 4147 22 11 ~
865 4123 19 51 1
883 4123 20 51 ,
922 4075 18 111 .
940 4075 38 111 0(
978 4075 19 111 1

1050 4163 22 14 ~.
1159 4161 22 22 c.
1209 4152 13 14 .
1554 4098 14 7 -
1690 4139 90 41 Went
1780 4139 22 41 )
1830 4135 65 37 but
1912 4136 46 38 he
1978 4137 71 37 bad
2066 4143 66 40 not,
2133 4102 31 72 '

2164 4103 33 73 in
2197 4103 17 73 '
2213 4141 89 35 an
2302 4152 70 26 one
2391 4143 158 44 libiallee
2549 4143 18 44 )
2593 4143 202 46 preserved
2812 4143 84 37 that
2911 4143 54 37 dir
2967 4110 50 70 ect
3017 4110 17 70 .

1006 4165 18 40 1
1024 4165 35 40 .;
1156 4192 21 6 -

596 4194 21 40 JO
618 4194 11 40 ,
635 4188 43 39 \%.',
707 4191 9 11 '

775 4204 84 26 .....-
985 4196 30 26 ...*
1150 4202 22 19 4.
2530 4196 2 33 .

1033 4217 7 18 -
1041 4217 17 18 1.
1057 4217 8 18 ,
1143 4222 15 8 ...

660 4221 34 18 v.i.
725 4232 7 6 .

1149 4238 18 7 -

644 4269 4 28 .
677 4285 17 12 .
821 4269 32 19 -.T.,-
918 4270 32 25 fr.
950 4270 21 25 7.

1085 4317 17 7 ...

882 4344 14 20 C

767 4325 12 20 %
800 4322 14 31 :
883 4325 99 25 ~.,..-f
983 4325 14 25 .
997 4325 15 25 ,

707 4352 43 22 ....
765 4345 13 17 P
789 4344 43 22 661
837 4351 21 15 ii-
909 4348 14 32 ,
931 4358 9 5 -
1012 4325 28 37 r

265 61 89 50 16t

2606 64 254 57 MARCH
2921 71 84 63 PR,

3198 633 46 131 L
