3413 4441
1153 60 149 51 THE
1337 58 386 53 NATIONAL
1757 57 379 51 REGISTER.

239 52 92 46 170

229 178 168 50 through
430 187 92 34 Mrs.
553 182 155 39 Clarke.
764 188 80 33 The
881 188 241 38 Honourable
1140 195 217 34 Gentleman
1388 194 87 34 then
1499 204 65 34 pro-

230 231 144 34 ceeded
393 239 37 28 to
448 239 112 39 state,
587 235 81 34 that
699 236 65 34 the
790 236 219 37 Resolution
1042 239 122 37 which
1192 241 45 34 he
1263 241 130 37 shotdd
1424 252 161 35 propose

233 281 40 28 to
301 279 66 34 the
397 281 146 41 HfillE''.!,
572 283 126 33 would
716 285 178 34 embrace
912 283 63 34 the
991 291 80 31 two
1089 289 122 44 points
1230 294 39 30 to
1289 288 124 35 which
1436 288 44 35 he
1512 289 71 33 had

231 324 158 39 aLtuded
419 330 35 33 ie
483 331 61 32 the
580 340 128 24 course
741 333 45 32 of
811 331 56 35 his
899 334 161 43 speech;
1191 337 100 34 That
1322 337 37 34 in
1388 337 64 33 the
1476 331 86 40 room
1563 331 22 40 .

233 373 46 39 of
301 376 65 38 the
386 378 260 35 examination
674 378 124 37 which
817 378 77 37 this
914 380 125 35 ;Louse
1058 381 64 35 has
1139 384 115 35 taken
1277 384 43 33 of
1341 384 64 35 the
1429 383 152 46 charges

231 424 206 34 submitted
480 431 40 27 to
557 426 99 33 them
681 428 150 43 ogainst
970 428 124 47 Royal
1137 431 184 45 Highness
1363 432 65 33 the
1470 431 111 35 Duke

231 469 46 37 of
306 470 126 43 York,
459 472 77 34 this
557 472 128 35 House
711 474 65 38 has
796 475 100 34 obsel
909 475 83 44 ved,
1020 477 91 34 with
1137 480 96 45 deep
1263 485 137 40 regret,
1429 480 85 33 that
1543 480 35 33 in

231 528 256 37 consequence
501 520 50 35 of
566 531 27 25 a
620 524 216 33 connection
918 526 167 34 'mmoral
1103 535 39 26 as
1170 527 28 35 it
1231 537 77 24 was
1325 527 254 44 unbecoming,

231 575 48 25 an
301 567 246 37 interference
578 570 71 33 and
666 572 315 43 correspondence
1002 573 34 34 in
1054 572 155 38 vniftary
1225 575 125 34 affairs
1380 574 71 34 had
1469 574 111 35 taken

229 615 132 41 place.
389 617 124 34 which
531 617 66 39 kns
609 618 110 45 giveu
737 618 131 35 colour
883 619 72 33 and
973 619 106 35 etlect
1097 626 37 26 to
1153 632 47 24 an
1221 622 191 39 influence,
1439 622 80 34 real
1540 632 41 28 or

231 663 207 45 supposed,
467 670 91 30 most
573 664 129 46 highly
720 664 223 46 prejudicial
966 673 38 28 to
1020 669 150 37 himself
1188 669 72 34 and
1280 676 38 27 to
1336 669 63 34 the

287 710 309 37 :11r.NVIHTBRE
606 720 56 26 AD
678 712 100 40 said,
795 715 104 34 there
922 724 98 25 were
1037 725 98 25 some
1152 718 141 45 points,
1309 717 38 34 in
1365 716 63 35 the
1446 716 132 47 speech

231 759 47 38 of
293 758 64 37 the
374 759 230 34 Chancellor
617 758 45 34 of
672 761 61 35 the
759 759 237 46 Exchequer,
1016 768 40 31 to
1071 762 119 37 which
1213 764 44 33 he
1276 764 141 35 wished
1434 769 38 30 to
1486 771 93 28 state

233 807 59 37 kis
309 806 223 46 objections.
585 808 84 34 The
696 807 116 46 Right
837 808 244 39 Himourable
1098 811 216 37 Gentleman
1344 811 70 37 had
1431 811 145 35 scouted

229 848 54 41 all
302 854 144 45 appeOl
465 860 40 31 to
523 855 66 33 the
608 856 148 44 people.
809 856 92 34 This
917 867 104 25 came
1041 859 89 33 with
1147 867 26 27 a
1191 869 91 34 very
1302 859 39 35 ill
1357 870 111 33 grace
1483 859 94 35 from

227 904 70 32 the
320 902 289 34 Coascellaeof
625 904 63 43 the
702 904 341 46 Exchequer—the
1072 917 91 34 very
1179 917 99 26 same
1305 917 81 26 man
1417 908 100 40 who,
1544 908 35 34 in

230 951 67 40 tbe
318 959 164 34 memory
513 950 46 34 of
583 950 63 34 the
672 958 146 37 greater
839 958 81 37 part
950 953 43 33 of
1015 952 79 37 that
1117 954 142 41 House,
1293 953 73 37 had
1393 954 187 50 appealed

231 997 104 44 from
365 998 64 33 the
446 1007 103 28 sense
582 998 46 35 of
650 997 233 37 Parliament
893 1007 46 26 to
957 1000 83 35 that
1057 1002 43 35 of
1113 1002 65 34 the
1194 1003 138 45 people
1346 1002 9 35 I
1411 1003 169 35 Another

230 1045 115 46 Point
365 1046 119 43 urged
519 1046 51 43 by
596 1045 59 34 the
686 1045 118 45 Right
828 1046 244 38 Honourable
1096 1049 216 35 Gentleman
1332 1059 93 32 was,
1452 1050 80 34 that
1552 1049 32 35 if

231 1104 78 33 %ou
327 1093 171 34 removed
511 1093 64 34 the
589 1093 112 39 Duke
718 1093 46 33 of
774 1093 113 37 York
909 1095 103 35 there
1031 1106 77 26 was
1123 1107 47 25 no
1183 1108 69 25 one
1265 1102 39 30 to
1320 1097 156 35 succeed
1489 1097 89 35 him.

233 1141 97 40 This
352 1152 74 25 was
445 1144 40 31 to
501 1139 178 37 establish
694 1152 24 24 a
741 1142 203 45 principle,
969 1154 40 24 as
1028 1144 227 45 practically
1271 1144 208 46 dangerous
1495 1156 38 24 RS
1552 1146 26 35 it

230 1198 83 31 was
330 1198 201 25 erroneous
548 1189 35 33 in
615 1188 203 45 principle.
872 1191 77 33 But
971 1191 89 34 how
1089 1202 76 25 was
1181 1193 64 34 the
1267 1199 135 30 matter
1419 1193 45 34 of
1476 1193 99 35 fad?

231 1237 86 39 The
337 1237 104 45 point
461 1237 43 32 of
519 1235 77 33 fact
617 1246 87 31 was,
725 1237 80 33 that
823 1237 27 33 it
868 1248 76 22 was
961 1238 217 45 impossible
1191 1247 39 27 to
1247 1247 171 39 separate
1431 1240 78 35 this
1530 1243 34 33 Il-

229 1284 182 35 lustrious
430 1283 209 43 Personage
657 1283 96 37 from
774 1284 61 33 the
854 1284 128 46 family
1002 1292 39 28 to
1056 1287 122 33 which
1194 1289 45 33 he
1252 1289 190 45 belonged.
1465 1290 113 34 What

230 1343 84 24 was
334 1332 60 32 the
413 1331 146 34 natural
579 1329 182 35 inference
781 1330 96 37 from
895 1333 99 35 this?
1048 1333 117 47 Why,
1193 1337 83 33 that
1300 1337 30 34 it
1354 1346 77 24 was
1452 1346 128 35 wrong

231 1381 39 33 in
292 1380 188 45 principle
498 1384 39 27 to
559 1385 64 38 put
641 1389 24 22 a
683 1378 156 39 Prince,
870 1391 40 24 so
940 1391 87 24 near
1061 1382 61 34 the
1154 1382 148 43 throne,
1320 1383 78 34 into
1413 1394 72 34 any
1504 1385 61 33 effi-

230 1429 99 40 cient
350 1426 71 34 and
441 1426 230 45 responsible
698 1427 156 34 station.
909 1428 34 34 It
964 1428 31 34 is
1019 1429 38 35 in
1078 1429 74 35 fact
1185 1431 214 44 impossible
1417 1433 83 32 that
1517 1431 59 35 the

230 1474 131 34 :House
379 1485 65 22 can
464 1479 98 28 treat
580 1474 65 33 the
663 1474 118 34 Duke
810 1475 45 32 of
883 1476 111 35 York
1012 1478 79 32 like
1107 1488 71 34 any
1198 1479 109 32 other
1324 1479 255 34 individual—

226 1524 34 38 it
280 1522 30 32 is
331 1521 233 45 impossible,
579 1521 203 41 therefore,
811 1522 80 34 that
922 1524 33 33 in
986 1522 73 35 this
1077 1525 69 34 and
1168 1526 33 32 in
1231 1525 51 34 all
1300 1527 145 33 similar
1462 1535 112 34 cases,

229 1570 66 33 site
317 1569 125 33 house
459 1579 69 24 can
550 1570 92 32 have
660 1569 61 33 the
742 1570 136 34 benefit
894 1570 45 33 of
951 1571 80 37 that
1065 1572 66 35 full
1153 1574 280 43 responsibility
1454 1576 119 33 which

229 1618 33 33 is
279 1617 64 33 the
361 1617 73 32 hest
446 1615 216 45 safe-guard
681 1616 45 33 of
741 1617 61 32 the
820 1619 263 40 Constitution.
1134 1620 63 33 Ile
1218 1620 122 33 would
1357 1626 61 27 not
1434 1620 142 35 meddle

226 1665 99 38 with
343 1663 64 34 the
424 1665 154 43 private
595 1664 200 34 character
813 1665 45 33 of
883 1667 57 33 his
971 1667 122 45 Royal
1121 1667 200 45 Highness,
1348 1680 58 22 we
1426 1668 70 34 had
1522 1670 50 33 all

224 1713 118 33 faults
358 1711 248 46 enough—he
626 1711 124 33 would
768 1711 84 34 here
870 1723 83 34 pass
969 1726 63 27 no,
1044 1716 67 32 and
1133 1717 104 31 leave
1257 1715 59 34 the
1332 1716 112 34 Duke
1463 1721 38 28 to
1522 1717 53 34 his

226 1770 58 26 es,v
291 1770 25 21 a
326 1759 231 35 conscience.
588 1760 80 33 The
683 1760 106 43 point
800 1760 124 34 before
937 1761 61 33 the
1011 1762 126 34 House
1153 1774 90 30 was,
1256 1765 78 32 that
1346 1763 102 33 these
1462 1772 91 26 trans-

220 1809 154 37 u,rtions
394 1804 43 38 of
454 1806 59 34 his
533 1807 126 44 Royal
679 1807 185 43 highness
882 1809 209 44 effectually
1111 1811 157 33 touched
1287 1811 63 33 the
1370 1812 118 41 State,
1507 1813 67 33 and

226 1861 104 27 vreve
358 1856 44 33 of
425 1865 21 24 a
476 1861 135 30 nature
630 1856 65 38 told
715 1856 228 44 description
963 1856 122 34 which
1106 1858 34 33 in
1166 1859 52 32 all
1246 1869 92 24 aras
1362 1857 45 34 of
1426 1860 149 34 modern

227 1905 142 31 histor.
398 1903 69 33 had
490 1903 93 33 been
604 1902 59 35 the
683 1902 81 33 rub'
783 1902 44 34 of
848 1903 156 35 nations.
1057 1905 91 33 This
1168 1916 74 22 %vas
1258 1915 24 26 a
1298 1904 143 47 subject
1456 1907 44 32 of
1513 1915 60 26 too

223 1952 112 39 sough
358 1951 98 44 itniw
467 1958 124 26 mince
611 1957 38 26 to
666 1950 85 34 shut
769 1959 70 27 our
853 1959 86 34 eyes
958 1961 112 35 upon.
1124 1954 43 33 In
1183 1952 66 35 the
1267 1954 138 33 earlier
1433 1961 85 38 part
1537 1956 43 33 of

227 1998 58 39 Eris
305 1998 155 44 speech,
493 1998 63 33 the
591 1996 117 45 Right
739 1997 100 37 lion.
861 2000 217 34 Gentleman
1098 2000 71 34 had
1188 2000 105 34 made
1315 2011 45 22 an
1376 2002 132 33 attack
1527 2013 45 25 on

224 2056 47 25 at:
288 2046 41 35 li
330 2057 59 22 on.
407 2044 137 33 Frictal
556 2044 46 33 of
608 2044 21 33 h
638 2047 38 31 is.
690 2044 103 35 That
806 2044 215 37 Gentleman
1031 2048 58 43 (M
1096 2057 30 24 r.
1134 2047 172 44 Wardle)
1319 2048 71 34 had
1398 2049 156 34 conduct-

222 2092 19 51 .
260 2092 19 51 3
298 2092 76 51 hot:
380 2092 72 34 -elf
468 2092 92 34 with
579 2092 109 45 equal
707 2094 165 33 candour
886 2095 70 33 and
972 2095 214 40 manliness;
1221 2095 69 34 and
1316 2096 61 33 the
1406 2096 164 46 Country

224 2143 131 39 would
386 2143 84 43 lung
488 2141 183 39 entertaio
685 2152 21 21 a
730 2141 161 41 grateful
922 2152 96 24 sense
1036 2143 70 33 and
1123 2154 22 22 a
1162 2143 158 45 grateful
1352 2154 164 34 memory
1535 2146 44 33 of

223 2192 67 37 the
308 2189 159 39 services
493 2189 45 32 of
557 2189 80 32 that
658 2189 231 33 Gentleman.
943 2189 80 34 The.
1041 2189 224 37 Chancellor
1283 2190 45 34 of
1341 2191 61 34 the
1423 2193 58 33 Ex
1491 2193 63 33 che-

223 2235 187 45 goeriliad
428 2235 148 34 sneered
599 2235 171 34 likewise
784 2241 39 28 at
839 2236 59 33 the
912 2246 148 25 manner
1080 2238 33 34 in
1131 2238 123 34 which
1270 2239 64 33 the
1351 2241 221 33 resolutinas

222 2283 74 40 had
317 2285 91 33 been
420 2283 161 35 fronted,
600 2283 69 32 and
702 2284 71 32 had
802 2285 200 41 suggested,
1024 2285 81 33 that
1119 2285 129 33 cooler
1273 2285 112 33 heads
1403 2285 89 34 than
1509 2288 60 33 the

224 2331 104 41 lion.
350 2329 252 35 Gentleman's
626 2329 67 34 had
713 2331 93 33 been
826 2331 197 45 employed
1045 2334 34 33 in
1093 2333 171 44 drawing
1276 2333 97 37 them
1389 2344 65 33 up.
1508 2334 59 34 He

223 2379 111 33 could
356 2383 64 28 not
437 2378 287 33 misunderstand
746 2378 76 33 this
836 2379 172 43 allusion,
1038 2380 123 34 which
1193 2391 78 24 was
1298 2381 191 46 evidently
1517 2382 34 34 in-

222 2426 136 34 tended
402 2426 58 33 for
500 2426 91 32 him.
648 2425 59 34 He
755 2425 71 34 had
859 2427 126 33 indeed
1028 2428 136 33 known
1214 2428 63 33 the
1328 2428 242 35 Honourable

224 2474 220 35 Gentleman
464 2471 97 46 (Mr.
585 2472 174 45 Wardle)
791 2473 34 33 in
852 2484 89 35 very
958 2476 106 45 early
1082 2474 81 41 life,
1189 2476 65 33 but
1281 2476 85 45 they
1387 2477 71 33 had
1480 2479 89 32 been

223 2522 202 45 separated
444 2520 47 45 by
514 2520 64 33 the
594 2517 172 38 different
783 2531 128 24 course
930 2522 43 33 of
987 2523 98 33 their
1104 2530 164 27 *waiver
1286 2523 122 44 yeats,
1427 2525 71 33 and
1526 2525 43 34 he

226 2570 174 33 believed
418 2568 99 41 that,
544 2568 59 34 till
625 2569 60 32 the
711 2575 146 37 present
878 2570 156 41 Session,
1067 2571 43 32 he
1136 2572 67 32 had
1233 2577 63 27 not
1318 2581 80 24 seen
1420 2572 74 33 him
1513 2572 57 34 for

223 2623 146 38 twenty
390 2626 120 35 years.
567 2616 44 33 fin
630 2615 61 34 the
709 2616 197 43 beginnin;
922 2617 44 33 of
979 2617 61 33 the
1061 2619 156 39 Session,
1237 2619 63 33 the
1326 2619 243 35 Honourable

223 2665 223 33 Gentleman
469 2663 71 33 had
560 2665 184 43 certainly
767 2663 176 33 informed
964 2665 90 39 him,
1070 2665 78 33 that
1166 2666 44 32 he
1230 2665 70 34 had
1315 2666 86 34 such
1421 2667 149 43 charges

222 2719 43 30 tit
286 2712 109 44 bring
407 2711 145 45 against
572 2711 64 32 the
653 2711 111 34 Duke
780 2709 44 34 of
839 2711 129 34 York.
1019 2713 58 33 To
1102 2713 71 33 this
1194 2714 44 32 he
1253 2713 70 33 had
1343 2715 161 43 replied,
1522 2715 47 44 by

222 2760 176 43 advising
416 2758 77 33 him
513 2763 93 28 most
627 2759 184 43 earnestly
833 2763 37 28 to
891 2759 104 34 think
1016 2759 44 34 of
1084 2761 99 33 what
1204 2760 45 33 lie
1267 2771 73 24 was
1357 2763 132 38 about,
1504 2763 66 32 and

223 2807 195 45 suggested
445 2813 38 26 to
506 2806 93 40 him,
619 2805 94 34 from
745 2807 57 33 his
829 2816 84 25 own
931 2807 240 44 experience,
1198 2809 63 32 the
1289 2807 117 45 heavy
1439 2809 70 34 loss
1535 2810 40 33 of

219 2857 113 39 sine,
360 2856 63 33 the
446 2865 47 21 an
531 2855 76 44 iety
628 2854 20 47 b
669 2854 19 47 3
707 2854 98 47 night
823 2854 70 32 and
917 2856 47 43 by
981 2856 91 44 day,
1093 2855 124 34 which
1243 2863 91 26 must
1350 2857 219 44 necessarily

219 2903 132 34 attend
385 2913 46 24 on
462 2901 266 44 undertnkings
755 2901 46 33 of
821 2902 70 33 this
918 2909 143 28 nature.
1117 2903 54 32 Ile
1205 2903 94 43 (Mr.
1331 2904 237 37 Whitbread)

223 2950 74 34 had
344 2952 87 32 then
480 2949 158 44 pledged
681 2949 163 40 himself,
891 2950 79 33 that
1015 2950 45 33 he
1098 2950 123 33 would
1258 2957 90 27 most
1387 2953 181 43 certainly

219 2999 130 34 attend
371 2999 33 32 in
435 2996 53 34 his
509 3005 81 25 seat
617 3007 45 22 en
689 2996 64 33 the
768 2996 154 40 motion,
947 2998 70 33 and
1046 2998 30 34 3,
1076 2998 15 34 -
1091 2998 77 34 out/i
1196 3000 128 32 second
1351 2998 77 35 him
1454 3000 35 32 in

221 3047 168 33 Motion.
446 3045 115 34 From
582 3044 79 34 that
680 3044 89 34 time
791 3053 38 24 to
859 3045 59 33 the
945 3053 146 37 present.
1116 3046 45 33 he
1189 3045 71 33 had
1277 3047 89 41 only
1384 3056 83 25 seen

216 3094 256 44 accide!naily
503 3093 37 33 in
567 3093 67 33 the
656 3097 132 31 street.
839 3092 61 34 He
927 3092 71 34 had
1025 3104 47 22 no
1098 3093 200 33 hesitation
1322 3099 38 27 to
1385 3105 81 33 say,
1491 3100 48 27 tin

221 3143 28 32 it
280 3142 161 34 gasais
467 3139 157 35 decided
648 3139 157 46 opinion
831 3139 83 34 that
940 3139 54 33 his
1025 3141 123 45 Royal
1173 3141 181 45 Highness
1380 3142 64 34 the
1465 3141 67 34 Dui
1551 3154 19 21 e

219 3190 46 33 of
291 3188 117 37 York
430 3198 76 25 was
535 3189 120 43 guilty
676 3187 45 34 of
733 3198 26 22 a
775 3188 119 34 direct
913 3188 161 44 pri-ity.
1127 3188 59 33 He
1204 3188 61 33 did
1283 3195 64 27 not
1362 3187 109 35 think
1491 3189 76 34 that

219 3239 47 32 he
287 3237 74 33 had
376 3235 259 47 participated
651 3236 34 33 in
703 3246 77 34 any
797 3246 148 33 money,
964 3240 65 30 but
1049 3239 43 31 be
1111 3246 74 24 eras
1199 3236 142 44 clearly
1356 3235 44 34 of
1416 3237 152 44 opinion

214 3285 89 35 that
322 3285 45 34 he
381 3286 111 33 knew
513 3285 84 33 that
617 3293 130 35 'ovary
769 3283 71 33 had
860 3283 91 33 hen
969 3283 128 38 ta!;ert,
1122 3283 69 33 ;:ad
1212 3283 189 33 therefore
1421 3286 79 31 that
1527 3285 41 34 he

214 3343 84 26 was
318 3333 120 43 guilty
472 3330 46 37 of
540 3343 25 24 a
592 3339 155 37 corrupt
780 3331 156 45 privity.
990 3330 72 34 His
1078 3330 242 37 Honourable
1341 3331 137 34 Friend
1500 3332 67 34 had

211 3380 170 47 pursued
398 3381 80 33 that
494 3379 77 35 line
585 3378 45 35 of
640 3379 158 38 conduct
816 3379 94 33 from
933 3378 54 35 his
1004 3389 85 24 own
1108 3378 115 41 mind,
1243 3379 122 34 which
1385 3377 34 35 if
1434 3380 44 32 he
1499 3380 69 33 had

215 3431 100 33 done
337 3429 73 34 him
431 3428 98 45 (Mr.
554 3425 248 43 Whitbread)
821 3428 63 32 the
904 3425 143 34 honour
1061 3432 38 27 to
1113 3426 143 33 consult
1277 3426 90 40 him,
1380 3426 46 33 he
1439 3428 128 33 should

211 3477 195 41 corrainly
428 3476 97 34 Lave
622 3472 72 35 ised
726 3474 92 34 him.
857 3472 63 37 lie
940 3472 69 34 had
1030 3474 191 45 tampered
1231 3471 142 45 justice
1393 3474 94 35 with
1508 3476 59 33 the

213 3519 283 40 cOnsider:ition
519 3523 125 34 which
680 3530 77 25 was
785 3521 71 33 due
885 3527 40 28 to
956 3521 63 34 the
1037 3521 152 45 feelings
1207 3520 46 37 of
1274 3533 21 22 a
1316 3520 252 38 father.—He

210 3574 76 33 ;tad
308 3583 79 21 co!,•
402 3572 97 35 :•Ilt.i.rt
516 3578 41 27 at
573 3580 90 24 once
685 3570 100 33 what
803 3569 63 33 the
881 3569 168 34 interests
1062 3568 46 35 of
1120 3569 70 46 the
1189 3569 164 46 Country
1375 3569 190 46 required,

210 3622 73 33 and
308 3621 105 34 what
431 3620 65 33 the
606 3620 86 32 Wow
692 3620 30 32 .
752 3630 8 20 t
761 3617 12 33 -
772 3617 72 33 ,,t);:
870 3617 45 33 of
928 3617 60 34 the
1017 3617 181 40 Accused,
1224 3617 71 34 and
1320 3618 63 33 the
1413 3618 152 34 exalted

206 3674 143 30 stature
383 3669 45 33 of
458 3669 57 33 his
548 3666 191 35 connectin
849 3664 139 34 seemed
1031 3669 40 30 to
1111 3670 155 39 suggest.
1335 3665 130 35 Under
1495 3665 71 34 this

207 3717 243 45 impression,
480 3713 48 34 he
560 3713 185 43 certainly
935 3717 64 30 not
1031 3713 47 33 be
1097 3711 204 37 backward
1329 3713 35 33 in
1391 3712 57 34 his
1478 3722 87 26 own

206 3767 116 44 duty.
381 3765 35 33 It
433 3763 123 43 might
575 3762 86 44 give
677 3759 76 34 him
778 3761 102 44 pain,
899 3759 66 34 but
984 3761 47 33 he
1049 3761 122 34 would
1188 3759 193 45 discharge
1401 3761 26 33 it
1447 3765 38 28 to
1504 3761 60 34 the

207 3819 162 32 utmost.
431 3813 86 33 The
546 3810 132 34 House
703 3809 110 33 stood
841 3807 35 34 in
901 3819 47 24 on
979 3806 120 37 awful
1129 3808 178 35 situation
1341 3807 129 37 before
1502 3808 63 35 the

206 3855 183 48 conntrv,
405 3860 71 34 and
498 3857 143 45 though
659 3857 61 33 the
745 3855 118 45 Right
882 3855 244 40 lionaorable
1152 3855 220 35 Gentleman
1388 3855 178 46 opposite

208 3911 17 34 f
235 3912 74 32 Mr.
343 3898 222 52 Perceval),
593 3906 116 43 might
736 3905 106 33 deem
863 3905 28 35 it
911 3904 158 45 prudent
1096 3909 38 27 to
1152 3907 105 32 scout
1273 3904 64 33 the
1350 3904 157 45 opinion
1524 3904 45 34 of

208 3966 64 25 tt.e
299 3956 150 43 Puhlie,
480 3957 47 32 he
544 3953 63 35 for
624 3961 70 26 one
711 3952 163 45 thatight
894 3952 27 34 it
943 3951 54 35 his
1007 3950 93 45 duty
1119 3956 40 31 to
1176 3951 105 34 show
1299 3961 100 25 some
1417 3957 144 41 respect

207 4007 63 33 for
286 4006 57 34 his
360 4005 119 35 coosti
488 4009 136 34 tows,
656 4002 156 45 tt4ave
840 4007 100 25 some
956 3998 195 35 deference
1168 3997 61 37 for
1246 3999 129 45 public
1390 3999 170 44 opinion.

206 4056 85 33 'lite
317 4054 97 34 lion.
438 4052 223 34 Gentleman
681 4046 72 35 !SU
775 4046 116 35 taken
909 4054 99 39 upon
1026 4045 151 35 himself
1191 4046 64 33 the
1281 4046 84 34 task
1390 4045 47 35 of
1456 4056 86 25 over-

206 4111 13 24 t
227 4103 135 44 :!rning
377 4103 64 32 the
462 4100 203 41 testiniony
683 4097 45 33 of
744 4097 69 32 the
829 4096 185 33 witnesses
1028 4104 71 22 one
1114 4094 51 45 by
1182 4103 85 32 one,
1289 4094 71 34 and
1388 4094 93 35 then
1496 4094 45 35 ob-

206 4150 94 37 rects
317 4159 40 27 to
379 4150 100 34 them
498 4144 213 46 adallither
726 4156 12 30 ;
767 4144 72 37 aud
856 4152 150 35 asserts,
1018 4142 91 38 that
1124 4141 63 37 the
1204 4140 175 39 evidence
1396 4142 45 35 of
1466 4143 90 37 Mrs.

2631 56 94 50 MA
2739 56 141 52 RCH
2906 61 73 50 12.

1649 189 143 37 Clarke
1812 189 27 35 is
1856 195 65 30 not
1938 194 39 30 to
1995 190 46 34 be
2056 189 171 37 believed
2244 189 94 35 from
2359 189 60 35 the
2437 195 128 27 'rause
2584 189 43 34 of
2637 188 65 35 her
2718 189 64 34 life
2796 202 12 30 ;
2836 189 33 34 if
2885 189 99 40 these

1646 239 130 33 classes
1794 237 43 33 of
1853 246 142 27 women
2017 250 25 20 a
2052 248 61 22 ere
2133 244 37 26 to
2202 237 44 33 he
2263 236 222 41 discredited
2506 239 137 43 merely
2667 239 90 32 irate
2792 237 98 40 their
2917 247 43 28 up-

1646 286 187 33 fortunate
1848 286 196 40 situation,
2072 285 27 34 it
2121 283 122 34 would
2262 285 44 33 be
2326 283 91 35 hard
2435 283 144 35 indeed.
2631 283 39 34 It
2698 285 26 32 is
2745 291 57 26 '•••,
2823 286 161 32 because

1645 343 67 26 one
1731 334 63 35 has
1813 334 91 34 been
1920 332 119 45 guilty
2055 332 43 34 of
2109 332 240 41 misconduct,
2369 332 80 33 that
2463 331 185 41 therefore
2666 332 61 34 the
2744 332 124 34 whole
2885 331 94 34 class

1646 380 27 34 is
1693 387 38 27 to
1750 381 45 32 be
1811 379 222 35 coudemned
2048 392 11 30 ;
2088 380 34 39 if
2146 379 74 35 this
2249 389 97 26 were
2373 385 37 27 to
2443 381 45 32 he
2516 379 63 35 the
2606 390 96 31 -Ise,
2732 379 102 35 w:.at
2854 379 125 38 would

1645 429 151 38 become
1814 428 43 34 of
1872 431 64 30 the
1954 428 181 45 captains,
2161 428 98 33 after
2285 428 64 32 the
2379 428 155 33 conduct
2559 426 46 33 of
2629 428 163 45 Capta:a
2819 426 158 44 Huxley

1646 476 144 34 Sandon
1804 488 13 28 ;
1843 475 72 34 and
1951 475 99 34 what
2076 475 124 34 would
2232 476 149 33 become
2409 472 46 34 of
2483 472 65 35 the
2572 476 180 41 generela
2783 474 100 34 after
2916 474 61 34 the

1644 526 156 37 conduct
1815 522 43 34 of
1874 522 157 37 General
2046 521 214 46 Clavering,
2280 522 85 33 who
2383 521 181 44 certainly
2588 522 70 34 had
2682 523 93 33 done
2794 531 46 24 no
2859 522 119 33 credit

1646 575 35 28 to
1698 582 72 30 any
1792 570 90 34 class
1900 570 45 33 of
1958 570 138 43 society
2113 570 12 33 ?
2170 570 81 33 The
2275 570 158 33 conduct
2461 569 50 33 of
2531 569 80 34 that
2634 569 234 40 unfortunate
2885 569 92 40 class

1645 625 38 27 to
1706 619 124 33 which
1846 619 94 34 Mrs.
1959 617 141 37 Clarke
2131 628 76 24 was
2224 617 116 34 stated
2369 622 39 27 to
2426 617 151 45 helang,
2610 617 138 45 though
2769 617 209 34 sometimes

1642 676 214 32 erroneous,
1886 666 64 33 did
1987 673 59 26 not
2076 665 203 47 disqualify
2313 664 97 37 them
2450 664 93 33 from
2583 660 131 47 telling
2747 665 61 32 the
2846 665 98 33 truth
2965 677 11 25 ;

1644 725 67 22 nor
1740 715 30 34 is
1796 715 106 32 there
1931 723 67 24 one
2031 713 43 33 of
2099 715 116 40 them,
2265 712 138 45 though
2438 711 90 44 they
2563 711 70 34 had
2668 710 175 35 forfeited
2877 712 100 32 their

1645 761 137 43 virtue,
1809 762 125 33 whose
1958 761 175 34 evidence
2154 759 124 35 would
2308 767 63 26 not
2400 759 45 33 be
2471 759 177 33 sufficient
2666 765 37 27 to
2727 770 64 22 co::
2824 759 47 33 ict
2904 769 72 33 any

1645 819 80 26 man
1756 809 43 34 of
1821 807 156 47 perjury
2006 811 33 31 in
2065 819 24 24 a
2112 815 107 27 court
2244 808 43 33 of
2304 806 152 46 justice.
2510 807 81 33 The
2627 807 100 33 Hon.
2759 807 219 38 Gentlenans

1644 855 72 35 had
1733 857 79 33 also
1825 856 255 34 endeavoured
2101 861 39 30 to
2159 856 210 43 stigmatize
2389 854 60 40 the
2469 853 195 46 charaeter
2683 853 40 34 of
2738 854 63 34 the
2817 863 159 30 woman,

1645 904 35 33 in
1698 904 136 45 stating
1851 904 83 34 that
1951 902 65 34 she
2034 914 76 24 was
2133 904 53 33 all
2204 904 110 44 along
2330 902 171 34 actuated
2523 902 34 33 in
2578 904 64 32 her
2657 901 155 34 conduct
2833 905 47 41 by
2902 911 51 31 ma-

1645 951 71 37 lice
1750 951 69 34 and
1847 961 170 33 revenge.
2068 951 39 34 It
2122 960 80 25 was
2228 950 180 45 certainly
2427 956 63 28 not
2511 960 89 34 very
2626 950 191 33 unnatural
2841 957 37 26 to
2891 960 85 34 sttp,

1646 1009 87 34 pose
1756 999 99 34 after
1876 999 65 34 the
1959 1004 194 30 treatment
2180 999 63 33 she
2271 998 70 34 had
2370 1002 73 30 met
2476 998 91 33 with
2601 997 94 33 from
2721 1000 61 31 the
2807 998 111 33 Duke
2937 994 45 34 of

1646 1046 131 43 York,
1798 1046 84 33 who
1903 1046 72 33 had
1993 1046 190 34 discarded
2210 1045 70 34 and
2316 1045 145 33 ill-ased
2498 1045 76 41 her,
2603 1044 67 34 end
2854 1056 90 34 pecu-

1644 1094 107 46 niary
1770 1095 240 33 transactions
2027 1094 61 34 did
2107 1102 64 25 not
2194 1100 63 28 act
2283 1094 33 32 in
2335 1104 22 21 a
2378 1103 84 33 way
2484 1098 93 33 most
2591 1093 98 33 cred:
2700 1093 97 33 tp.h:s;
2820 1098 34 27 ta
2881 1093 72 35 him-

1642 1142 84 43 self,
1744 1142 78 35 that
1848 1141 66 34 she
1933 1142 123 34 would
2082 1141 91 34 take
2202 1141 61 35 the
2293 1140 73 33 first
2392 1142 248 43 opportunity
2673 1141 35 30 at
2744 1141 227 46 retaliating.

1644 1191 71 34 His
1755 1189 248 34 Honourable
2037 1188 138 37 Friend
2217 1187 70 34 had
2319 1188 183 44 certainly
2531 1187 136 43 argatai
2709 1196 89 33 vary
2829 1199 126 25 reason-

1641 1238 92 44 ably
1778 1248 45 22 on
1864 1237 64 33 the
1957 1237 229 45 separation.
2249 1235 79 33 The
2363 1235 244 33 Honourable
2650 1235 106 33 Gent!
2774 1246 92 22 luau
2904 1237 70 45 hacj

1641 1285 122 34 stated
1782 1285 79 33 that
1892 1284 64 34 she
1988 1284 70 34 had
2088 1283 105 35 made
2210 1294 24 21 a
2258 1283 125 38 claim,
2409 1281 162 46 through
2596 1281 73 33 Mr.
2691 1284 28 31 A
2730 1281 27 41 ,!
2757 1281 13 41 -
2770 1281 57 41 La.,
2859 1294 33 22 :o
2913 1285 60 33 the

1646 1332 111 34 Duke
1774 1333 44 31 of
1834 1331 131 41 York,
1984 1331 59 34 for
2074 1331 65 33 her
2158 1331 165 45 pension,
2347 1329 70 34 and
2435 1330 81 33 that
2537 1329 63 33 she
2614 1330 94 39 said,
2726 1329 33 33 if
2778 1331 35 31 di
2826 1332 7 31 i
2843 1342 63 22 yen
2922 1333 47 44 Ley

1641 1380 194 44 necessity,
1863 1380 65 32 she
1959 1385 90 26 mast
2078 1380 94 32 have
2202 1387 167 25 recourse
2396 1383 39 27 to
2464 1377 74 32 this
2756 1377 124 34 which
2909 1380 64 33 she

1641 1427 117 34 stated
1779 1433 38 27 to
1843 1426 46 33 he
1904 1437 40 22 as
1968 1428 216 38 unpleasant
2211 1431 37 26 to
2268 1426 63 33 her
2346 1436 39 21 as
2405 1430 38 27 to
2466 1426 61 32 the
2551 1426 100 32 I)uk..
2681 1424 44 33 of
2754 1426 15 32 .
2770 1426 109 32 *::ork.
2936 1427 35 34 It

1642 1480 92 28 must
1761 1475 46 33 be
1831 1474 188 34 confessed
2044 1475 79 33 that
2151 1474 60 32 the
2242 1473 242 45 provocation
2518 1482 73 22 aas
2619 1472 110 44 k:it,
2754 1472 64 34 but
2848 1474 34 31 in
2911 1475 63 32 the

1641 1533 126 24 course
1786 1522 43 33 of
1840 1522 256 33 conversation
2117 1522 91 33 with
2230 1531 107 34 many
2357 1530 163 35 persons,
2549 1520 26 33 it
2596 1522 319 32 wasnatural
2937 1530 37 26 to

1641 1580 175 34 suppose,
1841 1569 67 33 she
1942 1569 120 33 would
2094 1570 159 33 mention
2285 1569 64 33 her
2380 1569 211 40 grievance,
2617 1566 69 34 and
2719 1569 28 31 it
2784 1570 122 32 would

1641 1628 129 25 course
1786 1618 44 32 be
1850 1616 162 34 retailed
2026 1616 93 33 from
2139 1615 126 35 month
2281 1620 39 28 to
2340 1615 142 40 mouth,
2507 1615 70 32 and
2606 1615 28 33 it
2656 1615 119 32 would
2791 1623 40 25 at
2852 1616 119 44 length

1643 1667 45 32 he
1706 1664 187 43 conveyed
1904 1665 98 33 back
2020 1671 38 26 to
2070 1665 61 32 the
2144 1674 81 24 ears
2242 1663 44 33 of
2300 1663 53 33 his
2373 1664 76 32 tto'
2460 1662 35 32 al
2515 1662 195 44 Highness.
2756 1662 83 34 And
2856 1664 27 32 it
2900 1675 73 22 wos

1641 1717 60 30 not
1713 1721 38 25 at
1765 1711 50 33 all
1830 1711 248 44 improbable,
2091 1711 81 33 that
2181 1711 102 33 there
2296 1721 99 24 were
2409 1720 105 32 many
2532 1720 146 34 persons
2693 1709 98 43 who,
2805 1721 45 22 on
2867 1711 109 40 being

1641 1759 180 35 informed
1837 1757 84 34 that
1935 1760 65 32 she
2017 1769 73 22 was
2105 1760 37 32 in
2156 1757 203 46 possession
2370 1757 43 33 of
2422 1768 98 21 some
2536 1757 125 33 letters
2675 1757 43 32 of
2732 1757 63 32 the
2807 1759 111 32 Duke
2931 1759 44 32 of

1643 1808 111 34 York
1776 1807 119 32 would
1918 1808 93 32 have
2031 1807 86 33 been
2135 1806 111 44 ready
2264 1812 38 26 to
2315 1805 162 33 advance
2498 1804 65 33 her
2581 1806 9 31 I
2602 1806 111 39 MO!.
2739 1804 56 32 for
2807 1805 59 32 the
2884 1817 66 33 pur-

1639 1857 107 33 chase
1792 1853 44 35 of
1881 1854 116 41 them,
2042 1854 69 34 and
2143 1853 65 34 her
2244 1853 208 33 reccasi:ies
2492 1853 123 31 tseuld
2654 1853 90 32 have
2786 1853 89 32 hcea
2920 1864 38 26 Er
2957 1864 19 26 a

1639 1903 135 34 lieved.
1828 1900 37 35 It
1880 1902 61 33 did
1975 1907 63 27 not
2057 1912 159 34 appear,
2246 1900 188 40 however,
2454 1899 79 33 that
2565 1900 63 32 she
2647 1899 70 33 had
2748 1900 89 32 heen
2856 1912 39 20 (.o
2913 1902 43 31 de-

1641 1950 177 35 termined
1840 1954 34 33 in
1896 1950 65 32 her
1996 1951 84 43 plan
2115 1950 45 32 of
2180 1958 216 33 vengeance.
2451 1946 33 34 It
2522 1958 73 21 was
2627 1946 83 33 well
2734 1946 135 34 Llama
2891 1948 80 33 that

1642 2000 103 33 when
1774 1998 63 35 she
1869 1997 103 33 lived
1987 2006 40 25 at
2056 1996 253 45 Hampstead,
2333 1995 80 33 that
2432 1995 139 37 instead
2604 1995 44 33 of
2672 2004 119 22 conce•
2806 1997 76 41 tiog
2898 2006 72 35 any

1639 2048 86 44 plan
1744 2046 43 33 of
1802 2054 170 34 revenge,
1991 2044 63 33 she
2073 2046 109 32 burnt
2198 2044 249 33 innumerable
2464 2046 126 32 letters
2610 2041 93 34 from
2722 2042 61 33 the
2804 2043 115 34 Duke
2937 2052 37 25 to

1641 2094 146 39 herself,
1813 2094 71 34 and
1903 2098 79 28 sent
1998 2093 107 33 down
2126 2092 125 33 others
2269 2096 38 27 to
2329 2091 190 40 Nicholls,
2549 2091 34 32 in
2613 2091 110 32 order
2743 2095 38 27 to
2807 2089 93 44 light
2923 2091 53 34 his

1639 2143 66 33 tire
1719 2154 12 27 ;
1757 2143 94 33 from
1876 2141 71 34 this
1969 2141 30 33 it
2029 2140 61 33 did
2109 2147 63 26 not
2191 2148 144 35 appear
2357 2140 80 33 that
2456 2140 65 34 she
2551 2137 70 34 had
2640 2135 76 35 laid
2731 2146 25 24 a
2772 2147 85 34 very
2880 2138 91 46 dos!)

1639 2191 85 43 plan
1743 2189 44 34 of
1813 2199 167 32 revenge.
2033 2189 60 32 lie
2117 2197 73 24 was
2225 2186 113 44 ready
2357 2192 38 28 to
2425 2189 135 38 allow,
2593 2186 79 32 that
2691 2184 103 34 when
2811 2185 66 43 she
2904 2196 45 33 ap-

1638 2238 136 44 peared
1787 2244 38 28 at
1847 2238 60 33 the
1930 2236 74 33 Bar
2020 2235 44 33 of
2070 2233 61 33 the
2153 2233 141 40 House,
2314 2233 64 33 she
2409 2233 70 34 had
2500 2232 152 35 evinced
2670 2243 24 24 a
2709 2231 259 41 considerable

1633 2285 132 43 degree
1796 2284 43 34 of
1864 2283 157 44 ability,
2047 2282 44 32 of
2102 2282 211 44 flippancy,
2340 2281 44 33 of
2396 2283 126 43 spirit,
2549 2281 44 32 of
2604 2280 165 43 elfronter)
2770 2280 17 43 .
2786 2280 33 43 .,
2844 2280 67 33 and
2931 2282 45 31 of

1636 2331 240 46 impudence;
1915 2339 64 37 )et
2029 2329 105 34 when
2176 2329 64 33 she
2275 2339 73 22 was
2387 2328 200 35 examined
2622 2327 60 32 for
2709 2327 102 33 three
2846 2329 124 33 whole

1635 2380 110 34 hours
1776 2380 48 43 by
1861 2379 64 33 the
1956 2378 178 33 Solicitor
2176 2375 71 34 and
2281 2376 184 46 Attorney
2515 2375 194 39 Generals,
2740 2373 64 34 ;:he
2833 2375 131 34 Wiled

1633 2428 98 33 them
1773 2428 70 40 all,
1884 2425 71 37 and
1997 2435 92 33 gave
2133 2425 66 32 her
2243 2425 195 44 testimony
2472 2426 35 33 in
2549 2434 24 21 a
2619 2424 104 32 clear
2761 2422 71 33 and
2881 2435 66 20 con-

1632 2476 126 34 nected
1792 2474 115 45 style,
1943 2472 180 44 although
2159 2472 63 32 she
2255 2481 77 24 was
2381 2472 141 34 treated
2559 2470 92 32 with
2694 2480 22 22 a
2747 2476 145 38 g.-cater
2910 2471 40 31 de-

1632 2533 86 34 gree
1741 2523 44 34 of
1809 2522 215 45 roughness,
2053 2520 71 33 and
2157 2530 74 24 was
2263 2520 129 33 shown
2425 2520 69 33 less
2538 2519 211 41 indulgence
2779 2519 87 32 than
2895 2529 74 38 any

1632 2572 106 33 other
1766 2570 148 35 witness
1939 2569 85 33 who
2062 2568 70 33 had
2178 2569 89 31 been
2293 2568 213 34 examined.
2576 2567 33 33 It
2650 2575 103 25 came
2781 2571 63 27 out
2889 2567 83 39 that

1632 2620 64 32 she
1716 2619 69 34 had
1804 2619 71 33 had
1902 2616 241 35 transactions
2161 2615 93 33 with
2272 2615 91 34 Gen.
2379 2616 174 33 Claverin
2593 2615 70 32 and
2685 2617 67 30 Dr.
2769 2613 195 35 o':,leara.

1638 2667 117 33 When
1773 2668 89 32 Gen.
1881 2665 200 43 Clavering
2093 2663 69 33 had
2178 2663 145 33 written
2349 2673 24 24 a
2383 2663 110 33 letter
2507 2669 39 27 to
2567 2662 60 32 the
2650 2661 178 41 Attorney
2852 2661 93 35 Gene-

1635 2715 74 40 ral,
1735 2713 162 44 desiring
1915 2719 39 27 to
1972 2713 46 31 he
2042 2709 117 33 called
2180 2717 38 26 to
2238 2709 60 33 the
2324 2709 72 33 Bar
2414 2721 39 21 as
2469 2721 46 21 an
2541 2709 174 33 evidence
2735 2714 35 27 to
2791 2707 176 46 impeach

1636 2761 61 33 the
1716 2761 195 43 testimony
1929 2758 46 35 of
1993 2760 85 32 Mrs.
2100 2757 156 43 Clarke,
2276 2757 43 34 he
2337 2757 130 34 should
2481 2761 39 30 at
2539 2758 91 32 least
2646 2757 93 32 have
2753 2766 104 24 conic
2877 2757 90 40 with

1633 2810 105 32 clean
1765 2807 111 34 hands
1890 2820 11 26 ;
1928 2807 65 33 hut
2024 2807 33 32 in
2076 2805 111 33 order
2204 2811 37 26 to
2259 2815 119 33 prove
2398 2805 90 34 Mrs.
2507 2803 169 37 Clarke's
2694 2803 211 43 falsehood,
2926 2806 45 32 he

1637 2855 158 34 ce:'erred
1813 2862 34 25 to
1866 2855 66 33 her
1949 2864 85 22 own
2050 2854 177 32 evidence
2246 2852 91 33 with
2357 2858 146 38 respect
2522 2858 37 27 to
2575 2851 161 41 himself,
2750 2851 70 34 and
2839 2854 131 33 denied

1637 2904 77 33 th.it
1749 2903 43 33 he
1824 2903 71 32 had
1928 2911 89 24 ever
2043 2900 156 45 applied
2230 2903 38 28 to
2303 2898 66 34 her
2387 2898 57 33 for
2469 2910 72 32 any
2572 2898 165 45 military
2757 2902 206 34 command,

1637 2952 76 32 Th::
1724 2955 11 27 t
1753 2952 61 32 she
1833 2949 131 35 should
1983 2949 158 33 mention
2160 2946 63 35 the
2241 2956 104 24 name
2362 2948 43 32 of
2417 2947 65 34 Dr.
2504 2946 200 39 O'Meara,
2720 2957 24 22 a
2761 2953 207 38 protestant

1633 3000 226 43 elergyman,
1876 3009 43 21 as
1935 3008 24 21 a
1985 3006 130 32 person
2132 2994 63 34 for
2215 2995 119 32 whom
2353 2994 64 34 she
2435 3005 76 24 was
2531 3001 35 26 to
2587 3005 61 24 use
2679 2994 66 34 her
2774 2995 198 45 influence.

1641 3057 71 21 aas
1730 3045 214 34 considered
1980 3045 46 43 by
2046 3044 59 33 the
2132 3041 115 46 Right
2281 3043 97 33 Hon.
2400 3043 219 35 Gentleman
2641 3052 39 25 as
2696 3052 25 24 a
2737 3043 92 34 libel
2849 3050 63 28 not
2929 3043 39 37 to

1635 3094 45 32 be
1697 3094 178 38 credited,
1902 3092 71 33 and
1993 3102 38 22 as
2057 3102 25 22 a
2099 3089 177 34 sufficient
2298 3091 139 43 ground
2469 3089 59 34 for
2552 3089 239 45 discharging,
2804 3091 64 34 the
2887 3093 64 33 wit-

1636 3151 76 22 ness
1726 3141 97 33 from
1841 3142 63 31 the
1922 3141 69 32 bar
2009 3149 38 24 as
2065 3136 215 46 unworthy.
2335 3137 261 44 Fortunately,
2613 3137 189 43 however,
2828 3137 59 37 for
2906 3141 64 33 the

1632 3189 278 33 establishment
1928 3185 45 35 of
1998 3185 64 34 her
2078 3185 194 40 assertion,
2291 3185 91 34 Gen.
2400 3174 198 54 Claveriig
2627 3196 102 22 came
2744 3191 39 27 to
2803 3185 64 33 the
2884 3188 87 44 bar,,

1633 3235 70 34 and
1727 3236 103 34 those
1848 3236 142 40 letters,
2020 3234 41 34 uf
2082 3235 63 32 the
2177 3235 187 32 existence
2391 3233 44 33 of
2450 3231 123 34 which
2588 3231 65 34 she
2673 3234 104 33 knew
2797 3234 171 46 nothing,

1641 3294 91 22 acre
1752 3283 202 44 produced,
1980 3281 70 34 and
2075 3281 64 33 the
2157 3280 126 34 letters
2300 3280 123 35 which
2446 3280 69 34 had
2536 3282 90 32 been
2642 3281 106 44 given
2767 3282 50 45 by
2846 3283 64 33 her
2929 3293 37 25 to

1637 3330 154 35 Nichols
1809 3337 37 27 to
1859 3332 48 32 be
1925 3328 193 45 destroyed
2139 3338 96 24 were
2255 3328 161 44 brought
2438 3328 181 33 forward.
2672 3328 180 45 Amongst
2870 3331 99 38 them

1636 3389 76 24 was
1744 3389 22 22 a
1798 3379 109 33 letter
1938 3377 94 34 from
2066 3377 94 34 Gen.
2184 3376 215 45 Clavering.
2434 3376 35 34 in
2502 3376 54 33 his
2582 3387 83 22 own
2687 3376 282 47 hand-writing,

1636 3425 122 34 which
1787 3425 138 44 proved
1946 3425 33 33 in
1994 3425 227 39 characters,
2252 3424 110 33 black
2381 3433 41 25 as
2443 3424 158 39 Erchns,
2637 3425 61 32 the
2717 3425 191 34 falsehood
2926 3428 47 33 of

1636 3472 240 35 hisassertion
1893 3474 71 32 and
1983 3471 61 34 the
2057 3470 124 43 vanity
2203 3471 44 33 of
2257 3471 53 33 his
2327 3477 159 40 attempt
2505 3477 35 28 to
2563 3471 202 34 invalidate
2784 3472 63 33 the
2864 3474 87 33 testi-

1633 3531 107 33 mony
1763 3521 43 33 of
1820 3520 31 34 NI
1861 3531 46 22 rs.
1931 3519 152 35 Clarke.
2135 3519 124 33 There
2280 3529 74 22 was
2383 3519 78 34 also
2481 3529 22 24 a
2522 3521 111 32 letter
2652 3519 91 51 frop
2763 3520 64 33 the
2845 3520 98 35 Arch-

1632 3568 132 45 bishop
1783 3568 44 34 of
1839 3569 137 39 Tuam,
1994 3566 292 46 recommending
2303 3567 67 33 Dr.
2387 3566 185 35 O'Meara
2591 3573 37 28 to
2644 3567 61 33 the
2717 3568 122 33 notice
2854 3569 44 33 of
2911 3569 54 34 his

1636 3615 120 46 Royal
1787 3615 209 45 Highness,*
2013 3614 67 34 and
2115 3615 210 43 requesting
2361 3614 65 33 her
2450 3622 40 26 to
2525 3624 60 24 use
2626 3614 65 34 her
2722 3614 180 35 influence
2931 3618 34 33 in

1633 3664 60 33 the
1719 3663 237 35 furtherance
1982 3661 44 34 of
2046 3661 57 33 his
2126 3661 144 46 objects
2285 3674 13 27 ;
2339 3661 35 33 if
2409 3661 64 33 she
2515 3661 70 33 had
2611 3661 106 34 made
2744 3661 81 34 that
2852 3670 94 28 state-

1632 3717 96 30 ment
1768 3711 35 35 in
1845 3710 69 35 her
1952 3709 190 41 evidence,
2183 3710 28 33 it
2254 3709 123 34 would
2412 3715 64 28 not
2518 3709 93 33 have
2647 3710 89 34 been
2777 3711 185 34 believed.

1628 3759 132 34 —The
1798 3758 117 44 Right
1952 3756 244 37 Honourable
2232 3756 214 35 Gentleman
2487 3758 118 33 stated
2647 3757 35 33 in
2721 3757 54 34 his
2813 3759 156 44 speech,

1630 3806 81 34 that
1739 3806 63 37 the
1819 3806 162 45 validity
2014 3804 44 34 of
2074 3804 93 34 'Airs.
2197 3803 168 37 Clarke's
2381 3804 177 35 evidence
2589 3815 74 22 was
2682 3806 216 45 impeached
2929 3808 37 34 in

1630 3854 260 44 twenty-eight
1923 3853 170 34 different
2130 3852 190 37 instances.
2375 3852 72 34 But
2477 3853 50 44 by
2549 3852 122 34 whom
2700 3863 76 24 was
2799 3854 63 34 the
2888 3854 78 35 first

1628 3901 137 45 charge
1780 3901 206 46 supported
2000 3900 13 34 ?
2054 3900 57 45 By
2130 3900 185 40 Nicholls,
2343 3901 86 33 who
2453 3899 71 34 had
2543 3899 151 45 already
2713 3902 139 43 proved
2872 3904 71 32 him-

1626 3948 76 35 self
1715 3948 63 35 the
1796 3950 123 34 basest
1948 3948 210 40 character,
2176 3948 66 33 but
2258 3947 125 34 whose
2396 3947 197 45 testimony
2614 3958 74 24 was
2704 3947 45 34 of
2759 3957 129 27 course
2906 3960 43 22 un-

1629 3996 276 46 impeachable,
1930 3996 154 35 because
2115 3994 28 33 it
2161 4005 103 25 came
2293 3994 35 34 in
2346 3994 136 34 favour
2500 3994 43 33 of
2559 3997 61 33 the
2643 3994 111 34 Duke
2771 3994 47 34 of
2832 3994 131 38 York.

1632 4044 35 35 It
1698 4044 190 46 appeared
1907 4043 84 35 that
2010 4044 91 34 Mrs.
2120 4043 139 37 Clarke
2277 4042 155 47 applied
2450 4049 39 27 to
2511 4042 170 35 Nicholls
2699 4045 142 34 several
2859 4046 107 33 times

1628 4091 59 34 for
1701 4091 67 34 her
1778 4093 143 39 letters,
1948 4091 123 34 which
2091 4091 45 33 he
2159 4101 40 25 as
2216 4091 217 45 repeatedly
2448 4089 145 37 refused
2614 4096 38 27 to
2667 4091 142 34 deliver
2828 4098 37 27 to
2885 4094 80 39 her,

1623 4139 73 39 and
1711 4139 124 39 would
1853 4144 66 32 nut
1933 4149 92 27 even
2050 4139 53 38 let
2132 4139 67 37 her
2218 4149 126 35 peruse
2363 4139 98 35 them
2479 4149 12 32 ;
2516 4139 71 37 and
2606 4136 236 47 afterwards,
2861 4141 107 35 when

3208 1344 52 120 P,
