3413 4441
1165 76 142 56 TIIE
1343 74 369 53 NATIONAL
1750 74 369 67 REGISTVR.

369 210 83 33 how
471 219 72 33 any
565 207 223 35 transaction
807 207 44 35 of
880 208 63 33 the
970 208 112 34 Duke
1111 208 43 34 of
1180 208 111 35 York
1316 209 89 34 with
1424 209 79 32 that
1520 219 93 32 man,

377 257 45 33 be
441 256 109 34 made
565 260 35 30 to
621 265 99 35 press
737 266 100 34 upon
853 256 61 33 the
935 256 195 34 character
1148 255 43 33 of
1205 256 53 34 his
1284 256 119 37 Royal
1426 256 189 41 Highness.

363 305 38 33 th
419 304 132 45 regard
570 308 37 28 to
626 302 64 33 the
706 312 83 25 case
816 304 43 34 of
883 302 123 46 Major
1037 304 155 39 Turner,
1222 304 63 32 the
1310 304 209 33 Gentleman
1537 302 81 33 who

356 351 79 37 ,bed
454 357 39 30 to
514 351 133 44 resign,
659 351 66 33 but
742 350 184 35 who•was
940 350 197 45 prevented
1152 350 58 34 for
1226 361 22 22 a
1260 350 86 34 time
1361 352 46 31 by
1428 350 59 33 the
1509 350 109 32 inter-

330 409 111 26 Tence
459 398 45 35 of
511 407 24 24 a
548 399 89 43 lady
652 397 43 34 of
709 398 63 34 the
788 407 105 25 name
909 398 45 33 of
969 398 236 40 Sutherland,
1233 399 15 33 I
1271 398 94 35 shall
1385 398 106 33 make
1517 398 64 31 hut
1596 406 22 22 a

343 459 27 22 w
389 446 270 35 observations.
715 445 115 34 What
842 446 28 33 is
881 446 61 35 the
958 456 242 33 consequence
1215 445 41 34 of
1271 446 89 33 Mrs.
1377 442 244 37 Sutherland's

347 495 249 46 aresentations
596 495 20 46 -
627 493 43 39 of
685 490 126 48 Major
829 493 167 35 Turner?
1054 493 57 33 An
1128 493 145 45 inquiry
1294 494 26 32 is
1341 493 103 33 made
1470 491 76 33 into
1565 490 60 32 the

338 549 241 28 rcumstances
609 546 39 32 to
676 539 125 37 which
833 541 66 34 her
915 541 112 34 letter
1052 540 162 39 alludes;
1240 540 54 34 his
1317 539 168 39 Colonel,
1508 539 115 32 Lieut.

343 601 12 22 ,
354 601 39 22 !n.
407 589 253 44 Cartwright,
677 588 63 34 the
759 598 137 37 proper
918 591 129 41 person
1067 592 39 30 to
1126 587 118 34 whom
1259 598 45 22 an
1320 585 233 45 application
1571 583 57 33 for

360 638 187 34 ormation
567 638 37 32 in
620 637 84 34 such
731 646 22 24 a
772 645 80 24 case
879 637 30 33 is
935 643 40 26 to
1002 635 46 33 be
1067 635 116 40 made,
1211 635 116 33 clears
1354 634 52 33 his
1424 633 204 39 character.

345 686 27 33 id
392 684 256 45 immediately
673 683 223 35 afterwards
927 683 54 34 his
1000 681 226 43 resignation
1256 681 30 33 is
1309 676 189 48 accepted.
1548 679 79 35 Col.

356 732 133 35 'Won's
507 732 174 34 evidence
697 741 86 34 goes
800 736 39 28 to
857 732 122 39 show,
1005 731 80 33 that
1106 729 69 34 had
1192 729 60 33 the
1271 729 110 33 letter
1395 729 89 32 been
1498 736 135 25 anom-

339 791 85 31 Low,
452 780 65 35 the
536 790 87 33 very
644 789 98 24 same
768 789 129 22 course
918 777 123 34 would
1067 777 92 33 have
1186 777 90 33 been
1294 774 175 45 adopted.
1524 774 109 32 From

345 840 35 34 ly
399 828 178 35 evidence
596 827 81 34 that
704 826 67 37 has
787 827 90 33 been
895 824 185 46 produced
1101 829 37 28 to
1156 824 236 33 substantiate
1421 822 60 32 the
1501 821 130 43 charge

346 878 123 34 dative
488 880 40 30 to
550 874 145 35 Samuel
718 874 150 40 Carter,
900 873 30 34 it
947 873 28 33 is
996 870 209 46 impossible
1222 870 58 33 for
1296 870 63 33 the
1380 870 123 32 House
1517 874 38 27 to
1577 876 60 24 ea-

345 925 102 35 Ttain
465 933 73 34 any
570 922 106 33 other
694 921 97 33 view
820 921 43 34 of
883 921 61 33 the
961 930 98 32 case,
1085 919 87 34 than
1201 918 80 34 that
1307 918 28 33 it
1362 927 73 22 was
1452 926 44 22 an
1511 920 60 28 act
1598 914 43 33 of

366 981 105 26 mane
495 970 72 37 and
593 969 180 35 attentive
807 967 273 34 consideration
1104 977 45 24 on
1175 965 60 33 the
1263 970 84 40 part
1371 963 43 35 of
1436 964 60 33 the
1533 963 81 32 Com-

345 1020 120 34 alder
481 1019 35 33 in
534 1017 120 37 Chief
665 1015 161 35 towards
843 1016 60 34 the
922 1015 144 45 orphan
1082 1023 63 24 son
1149 1012 17 34 -
1166 1012 34 34 of
1222 1024 21 22 a
1258 1011 231 35 meritorious
1505 1009 136 39 officer,

348 1068 54 34 'ho
416 1067 73 34 had
503 1068 73 32 lost
594 1067 54 33 his
669 1064 67 34 life
754 1064 37 33 in
808 1063 63 34 the
886 1063 141 33 service
1046 1059 43 34 of
1103 1061 54 33 his
1174 1067 169 38 country.
1372 1059 73 33 But
1463 1057 177 41 allowing

352 1121 48 30 )at
424 1115 66 34 the
508 1111 233 39 commission
754 1121 73 25 was
840 1110 152 46 granted
1009 1107 159 45 through
1185 1108 60 33 the
1256 1107 229 45 application
1498 1104 43 33 of
1550 1104 91 34 Mrs.

353 1163 119 41 iarke,
487 1162 110 35 could
606 1170 73 33 any
696 1157 70 37 one
765 1157 24 37 .
789 1157 165 37 condemn
967 1153 60 38 the
1044 1157 110 34 Duke
1167 1154 92 35 fora
1273 1154 229 44 compliance
1518 1150 90 33 with
1620 1162 22 21 a

332 1212 135 44 request
480 1209 124 35 which
617 1217 73 26 was
709 1211 64 31 not
791 1206 138 43 merely
945 1205 182 40 innocent,
1139 1204 64 33 but
1215 1200 224 35 honourable
1454 1206 37 27 to
1506 1199 63 37 her
1581 1198 44 33 hu-

346 1259 132 43 mnity.
513 1258 14 33 I
548 1259 133 32 cannot
700 1256 87 43 help
806 1253 215 46 expressing
1041 1261 58 33 my
1119 1250 164 45 opinion,
1300 1248 165 33 whether
1479 1246 61 34 the
1557 1245 89 33 facts

348 1317 69 24 'ere
433 1316 40 26 so
485 1315 44 26 or
539 1315 61 30 no,
612 1304 83 34 that
706 1302 76 35 this
798 1305 85 41 part
894 1299 43 34 of
948 1297 86 39 Mrs.
1035 1297 175 39 Clarke's
1221 1297 187 43 testimony
1422 1294 61 33 did
1498 1294 63 32 her
1570 1303 58 24 ere-

352 1356 26 32 it
394 1357 13 40 (
423 1355 105 33 Mar
543 1354 14 32 !
567 1354 102 32 Ilear
680 1350 15 34 !
704 1350 19 43 )
763 1349 81 35 Yet
865 1349 27 33 it
905 1346 167 35 deserves
1089 1351 37 30 to
1143 1345 45 33 be
1202 1343 188 41 observed,
1404 1342 80 34 that
1502 1341 59 33 the
1573 1341 73 32 first

344 1401 221 46 pplication
596 1398 59 34 for
683 1409 25 22 a
731 1396 233 35 commission
991 1394 60 34 for
1078 1393 143 33 Samuel
1248 1391 131 34 Carter
1398 1398 73 24 was
1491 1389 33 32 in
1546 1388 100 34 1801.

346 1450 58 33 'he
423 1447 239 46 application
694 1444 78 33 was
795 1448 64 30 not
878 1443 84 34 then
980 1441 158 35 acceded
1155 1442 53 38 to,
1225 1439 70 33 and
1315 1439 60 32 the
1394 1446 124 25 reason
1537 1435 112 41 might

322 1496 191 52 probably
536 1495 93 33 have
648 1494 91 33 been
757 1492 87 39 this,
863 1491 83 34 that
961 1502 22 21 a
1000 1496 104 38 great
1120 1487 188 34 reduction
1326 1495 73 22 was
1424 1483 83 33 then
1525 1482 126 41 taking

326 1544 107 46 place
467 1543 39 34 in
531 1541 63 34 the
620 1551 124 35 army,
771 1539 71 34 and
859 1539 106 34 there
985 1547 96 24 were
1106 1535 72 33 few
1196 1533 242 34 commissions
1456 1535 38 28 to
1508 1530 142 44 dispose

326 1590 53 34 of.
432 1590 85 34 The
549 1590 126 33 letters
709 1587 45 33 of
785 1587 65 33 the
880 1597 122 32 young
1041 1593 84 24 man
1168 1581 223 45 abundantly
1433 1578 100 33 show
1573 1576 79 33 that

333 1639 46 33 he
402 1648 78 24 was
498 1638 137 33 known
665 1638 39 31 to
724 1635 63 33 the
807 1633 112 34 Duke
948 1633 44 33 of
1016 1631 129 35 York.
1198 1629 80 34 The
1309 1624 210 48 paragraph
1543 1623 33 33 in
1599 1623 54 32 his

326 1685 129 46 Royal
493 1684 214 44 Highness's
739 1684 111 32 letter
883 1680 122 38 which
1041 1680 131 33 relates
1202 1682 38 28 to
1269 1675 155 34 General
1444 1670 208 41 Clavering,

330 1735 45 40 Is,
452 1733 196 43 Clavering
666 1733 31 32 is
715 1731 196 39 mistaken,
930 1734 56 39 Mg
1002 1727 138 44 Angel,
1162 1728 34 31 in
1215 1723 168 41 thinking
1402 1723 76 31 that
1502 1729 65 31 any
1586 1729 67 21 new

330 1783 197 43 regiments
554 1791 63 21 are
635 1782 35 28 to
686 1779 39 32 be
744 1778 133 40 raised,
909 1776 79 43 only
1005 1775 125 33 second
1156 1773 193 32 battalions
1367 1773 34 30 to
1421 1769 57 32 the
1495 1767 159 40 existing

330 1840 128 32 corps;
483 1838 71 33 you
570 1827 73 33 had
658 1826 115 33 better
788 1824 190 45 therefore
978 1824 64 33 sell
1055 1822 72 33 him
1144 1833 52 28 so,
1209 1818 74 34 and
1294 1819 79 32 that
1393 1826 65 33 you
1476 1824 84 22 were
1578 1822 78 21 sure

330 1877 102 35 there
446 1876 119 33 would
583 1876 39 32 be
641 1885 45 22 no
704 1883 61 22 use
780 1876 39 31 in
837 1872 177 43 applying
1022 1869 71 46 for
1276 1866 34 33 It
1326 1872 161 37 appears
1505 1860 98 33 clear
1619 1864 37 27 to

330 1933 59 25 me
406 1924 85 33 that
511 1922 91 34 Mrs.
622 1920 139 35 Clarke
780 1925 94 28 must
891 1919 93 33 have
1007 1919 91 33 been
1117 1915 154 46 playing
1289 1911 128 35 Waite
1433 1918 97 25 same
1556 1916 104 34 game

333 1981 97 34 upon
462 1969 162 41 General
647 1968 216 44 Clavering,
881 1967 80 35 that
978 1964 64 34 she
1061 1964 72 33 had
1150 1963 87 33 been
1261 1959 152 46 playing
1431 1956 52 34 off
1500 1964 96 34 upon
1620 1964 39 21 so

325 2028 119 34 .many
463 2017 110 34 other
593 2016 154 45 people,
769 2016 72 33 and
873 2015 100 34 what
992 2011 61 34 the
1075 2011 112 34 Duke
1209 2011 117 31 wrote
1355 2013 38 27 to
1424 2006 64 33 her
1504 2011 156 33 appears

335 2066 142 46 merely
495 2069 38 28 to
552 2065 45 33 be
617 2065 35 32 in
669 2074 144 24 answer
831 2067 39 30 to
888 2070 99 26 some
1006 2056 172 37 harmless
1195 2055 69 35 and
1287 2053 257 44 unimportant•
1560 2057 83 34 ques-

332 2115 113 38 tions,
464 2111 145 41 which,
628 2111 231 43 considering
879 2109 59 33 the
957 2108 77 33 sort
1050 2107 44 34 of
1119 2105 172 34 intimacy
1310 2102 79 33 that
1407 2096 174 39 subsisted
1599 2096 43 32 be-

333 2165 122 30 tween
474 2158 117 44 them,
621 2159 30 34 it
679 2158 28 37 is
736 2161 65 32 not
829 2169 89 31 very
934 2156 204 45 surprising
1159 2152 61 33 she
1235 2150 131 33 should
1382 2148 92 33 have
1488 2143 125 38 asked.
1618 2160 46 6 —

337 2207 80 40 The
444 2207 253 35 introduction
716 2205 44 34 of
787 2206 69 33 Dr.
878 2204 189 35 O'Meara
1087 2207 38 27 to
1144 2200 53 32 his
1220 2197 120 44 Royal
1363 2194 193 41 highness,
1581 2190 83 34 who

335 2255 188 46 procured
543 2255 73 33 him
648 2254 61 33 the
744 2252 143 33 honour
904 2256 39 30 to
961 2249 137 47 preach
1119 2246 126 33 before
1265 2244 47 33 his
1312 2244 17 33 .
1341 2241 176 46 Majesty,
1535 2239 28 32 is
1587 2246 58 22 cer-

335 2304 122 41 tainly
477 2314 24 25 a
517 2303 265 33 circumstance
797 2298 209 43 extremely
1039 2303 39 26 to
1106 2296 46 32 be
1181 2291 182 44 regretted
1381 2302 11 26 ;
1433 2289 64 31 but
1532 2285 28 32 it
1590 2284 30 33 is
1635 2294 31 26 -a

337 2349 144 46 subject
511 2349 83 35 that
619 2349 64 33 has
712 2357 46 24 no
785 2343 159 35 relation
973 2352 37 26 to
1037 2343 63 34 the
1127 2341 145 48 inquiry
1307 2348 83 22 now
1435 2331 126 35 before
1602 2330 76 33 the'

339 2396 146 39 House.
555 2396 19 33 I
608 2399 133 31 cannot
770 2393 86 45 help
881 2392 213 41 remarking
1109 2400 94 33 upon
1224 2396 67 24 one
1315 2381 206 48 peculiarly
1547 2383 120 35 strong

339 2445 145 35 feature
501 2443 44 35 of
560 2444 89 35 Mrs.
669 2439 170 39 Clarke's
860 2440 188 38 evidence,
1083 2437 123 32 where
1232 2434 63 33 she
1315 2440 161 37 appears
1493 2433 38 27 to
1551 2435 54 24 me
1632 2430 34 26 to

339 2494 47 33 be
404 2490 252 38 contradicted
689 2491 50 43 by
767 2489 65 32 the
862 2492 91 28 moFt
972 2485 162 34 decisive
1152 2481 213 43 testimony.
1417 2477 71 34 She
1509 2476 26 32 is
1553 2472 112 34 asked

340 2541 99 34 from
457 2541 87 32 time
556 2541 40 32 to
615 2538 104 40 time,
741 2536 87 34 Was
846 2535 64 33 the
931 2533 110 38 Duke
1057 2531 43 33 of
1115 2529 111 35 York
1244 2529 106 44 privy
1368 2532 35 26 to
1424 2532 91 34 your
1532 2520 120 33 receiv-

345 2589 59 43 ing
420 2596 136 34 money
583 2585 98 33 from
698 2584 141 34 officers
865 2588 40 28 to
933 2578 157 47 prOcure
1108 2580 98 31 them
1226 2572 208 47 promotion
1517 2569 57 33 To
1602 2565 70 33 this

343 2635 65 34 She
424 2644 191 25 answers--
626 2633 107 41 -Yes,
765 2628 19 37 I
806 2639 109 26 never
930 2626 197 38 concealed
1142 2635 69 33 any
1232 2622 103 43 thing
1361 2620 93 34 from
1476 2616 52 34 his
1548 2614 120 44 Royal

346 2682 198 45 Highness.
601 2681 74 34 But
690 2680 83 33 how
788 2678 89 34 does
894 2678 71 32 this
981 2682 144 38 appear
1141 2670 92 33 from
1248 2670 65 32 her
1328 2678 83 24 own
1427 2666 126 33 letters
1563 2660 107 34 found

346 2732 37 34 in
402 2731 202 45 possession
618 2728 44 34 of
672 2726 159 46 Captain
852 2724 154 43 Huxley
1026 2721 143 34 Sandon
1185 2719 12 32 ?
1248 2717 120 33 There
1396 2714 30 33 is
1452 2722 45 24 an
1520 2707 152 43 anxiety

346 2779 231 44 throughout
596 2777 60 33 the
687 2774 136 38 whole,
839 2773 78 32 that
940 2771 26 33 it
984 2767 129 35 should
1136 2771 61 30 not
1215 2766 40 31 he
1276 2764 135 33 known
1426 2766 37 26 to
1481 2758 61 33 the
1563 2756 110 34 Duke

348 2826 81 35 that
446 2828 65 32 she
530 2835 76 24 was
620 2833 69 25 any
709 2832 81 28 way
811 2817 194 37 connected
1026 2815 92 37 with
1135 2813 165 35 Santlon;
1328 2809 67 34 and
1413 2806 71 34 this
1501 2805 17 33 I
1534 2813 65 24 can
1615 2813 40 21 ac-

348 2880 111 28 count
480 2872 57 35 for
556 2872 34 33 in
600 2883 45 22 no
665 2870 107 34 other
793 2878 99 33 way,
920 2867 87 32 than
1030 2867 48 41 by
1097 2859 198 46 supposing
1309 2858 64 33 she
1393 2865 73 24 was
1480 2850 117 35 afraid
1611 2850 64 32 lest

352 2921 56 43 Otis
426 2920 188 45 highness
640 2917 131 34 should
798 2916 169 33 discover
996 2911 64 33 her
1088 2909 193 47 practices.
1336 2904 81 34 The
1446 2898 110 45 Right
1577 2897 98 34 lion.

352 2970 220 33 Gentleman
591 2967 86 34 then
698 2969 94 28 went
811 2963 76 33 into
904 2973 22 22 a
944 2961 135 32 minute
1094 2954 252 37 examination
1364 2950 41 33 of
1420 2950 61 33 the
1499 2944 180 46 probable

352 3017 252 46 expenditure
631 3021 41 27 at
705 3009 356 44 Gloucester-place,
1085 3004 129 41 during
1243 3002 61 32 the
1332 2996 125 46 period
1483 2995 78 33 that
1591 2992 84 32 Mrs.

352 3065 144 34 Clarke
529 3073 76 25 was
635 3061 116 43 living
769 3059 103 34 there
891 3056 111 34 under
1026 3056 61 32 the
1117 3048 206 48 protection
1349 3045 44 34 of
1413 3044 61 32 the
1509 3039 54 35 Du
1564 3039 54 35 ke
1643 3038 41 32 of

354 3112 135 41 York,
514 3110 72 37 and
606 3106 220 40 contended,
852 3105 84 34 that
951 3103 63 33 the
1029 3110 91 24 sums
1140 3098 44 34 he
1209 3092 183 37 furnished
1414 3091 64 33 her
1496 3097 94 24 were
1607 3085 54 33 suf-

356 3159 125 34 ficient
495 3167 38 26 to
544 3168 112 25 cover
677 3157 63 33 the
756 3163 180 35 expenses
952 3150 43 34 of
1005 3150 80 32 that
1102 3144 287 35 establishment,
1406 3137 156 34 without
1580 3133 99 33 there

354 3208 111 44 being
476 3216 78 34 any
572 3204 181 44 necessity
771 3202 59 34 for
852 3201 86 34 Mrs.
957 3196 141 37 Clarke
1111 3200 35 28 to
1166 3193 93 33 have
1276 3189 79 40 had-
1368 3194 164 27 recourse
1547 3189 34 26 to
1600 3190 60 24 cor-

356 3260 89 40 rupt
459 3253 72 37 and
546 3252 169 34 criminal
737 3259 120 25 means
875 3253 37 28 to
931 3246 96 34 raise
1041 3241 177 45 supplies.
1270 3236 111 52 Af!er
1393 3229 241 41 Commenting
1645 3231 35 28 at

356 3311 100 26 some
484 3299 125 45 length
632 3309 98 33 upon
757 3298 65 33 the
852 3294 176 35 evidence
1046 3288 154 37 relative
1220 3292 37 27 to
1276 3285 61 35 the
1354 3281 138 35 service
1517 3276 43 33 of
1585 3276 98 43 plate

356 3348 209 46 purchased
579 3346 44 34 of
634 3345 145 35 Parker
796 3343 72 35 and
889 3341 149 40 Birket,
1055 3339 44 32 he
1111 3341 66 40 put
1195 3335 28 33 it
1235 3330 158 46 strongly
1413 3334 38 27 to
1465 3326 61 34 the
1545 3322 139 39 House,

358 3396 174 40 whether
562 3394 28 33 it
625 3404 83 24 was.
733 3391 164 47 possible
931 3389 83 34 that
1046 3385 60 38 the
1136 3381 110 37 Duke
1278 3379 44 41 of
1352 3376 125 37 York,
1507 3371 89 33 with
1628 3370 59 32 the

357 3450 208 40 patronage
582 3441 44 34 of
639 3441 242 46 preferments
898 3442 38 30 to
953 3435 64 35 the
1033 3436 148 31 amount
1198 3429 43 35 of
1250 3436 86 26 near
1354 3420 184 40 400,0001.
1557 3429 24 22 a
1600 3426 86 34 year

360 3496 38 37 in
412 3493 56 33 his
480 3490 182 45 disposal,
686 3485 110 38 could
815 3487 94 34 have
926 3480 177 39 connived
1120 3483 38 30 at
1176 3488 43 24 or
1235 3477 91 32 been
1343 3467 197 40 concerned
1569 3467 33 32 in
1628 3467 61 31 the

359 3540 126 45 paltry
507 3539 169 34 criminal
697 3535 117 35 traffic
846 3539 39 28 to
917 3528 124 37 which
1062 3528 90 33 Mrs.
1174 3523 141 37 Clarke
1341 3519 70 34 had
1427 3528 40 24 so
1483 3513 131 43 falsely
1632 3517 38 27 at-

361 3587 133 35 tached
527 3586 56 34 his
609 3595 120 24 name.
793 3582 80 34 The
908 3578 119 44 Right
1057 3575 99 34 Hon.
1178 3570 216 37 Gentleman
1422 3569 85 30 next
1535 3556 152 39 touched

360 3646 99 35 upon
481 3635 61 33 the
563 3630 292 40 contradictions
878 3626 45 35 of
945 3622 275 43 Mrs..Favery,
1247 3618 85 34 who
1354 3617 45 32 he
1428 3611 67 34 had
1517 3620 44 24 no
1579 3607 110 33 doubt

361 3694 77 26 was
457 3683 65 34 the
543 3680 207 34 half-sister
763 3676 44 35 of
824 3676 90 35 Mrs.
928 3672 151 43 Clarke,
1093 3667 138 45 though
1250 3666 79 39 that
1345 3663 76 32 fact
1440 3658 70 34 had
1521 3660 60 28 not
1592 3663 99 26 come

361 3736 65 30 out
445 3731 37 34 in
493 3730 191 33 evidence.
737 3728 28 26 «
782 3725 58 34 To
854 3729 145 39 oppose
1015 3719 64 33 the
1096 3715 209 41 testimony
1305 3709 43 35 of
1357 3707 84 35 such
1460 3705 180 35 witnesses
1655 3711 38 22 as

534 3776 80 35 said
644 3775 64 41 tite
741 3771 117 44 Right
889 3769 98 35 lion.
1017 3765 213 37 Gentleman
1302 3759 52 33 let
1371 3767 40 24 us
1428 3751 164 37 consider
1611 3748 81 33 who

363 3835 65 25 are
446 3826 65 33 the
530 3831 167 38 persons,
723 3820 96 34 with
836 3819 63 33 the
922 3813 202 51 exception
1147 3809 43 34 of
1208 3808 69 35 this
1296 3800 214 40 abandoned
1538 3806 156 28 woman,

366 3873 86 34 who
472 3874 97 33 have
582 3869 158 46 enjoyed
759 3870 94 31 most
870 3863 46 35 of
930 3863 61 33 the
1009 3859 208 38 confidence
1233 3854 44 34 of
1287 3854 56 34 his
1358 3848 122 46 Royal
1504 3844 189 44 Highness.

366 3921 226 35 Characters
609 3918 79 34 like
705 3917 94 39 lien.
817 3912 168 41 Calvert,
996 3906 157 38 Colonel
1175 3902 162 40 Gordon,
1354 3898 70 37 and
1435 3904 107 33 many
1558 3891 138 41 others,

364 3974 103 27 went
484 3973 40 28 to
536 3971 168 40 ,exempt
720 3935 5 76 ;
737 3964 56 32 his
819 3959 124 44 Royal
964 3956 181 46 Highness
1157 3951 98 37 from
1284 3956 113 33 every
1416 3938 220 39 insinuation
1659 3935 44 34 of

367 4016 118 33 undue
503 4015 70 39 and
599 4015 198 43 improper
824 4007 191 38 influence.
1068 4000 81 34 The
1176 4006 149 37 persons
1346 3994 19 32 I
1385 3992 92 33 have
1496 3984 202 38 mentioned

367 4068 133 30 cannot
519 4063 46 34 be
591 4062 125 33 deetne
771 4056 122 43 likely
913 4058 39 28 to
972 4052 94 33 have
1081 4044 151 39 sulfered
1250 4054 71 32 any
1339 4041 278 33 circumstances
1631 4031 67 35 and

367 4111 184 52 practices
570 4109 44 35 of
627 4106 240 48 corruhition,
893 4111 43 25 or
965 4108 89 26 even
1072 4094 44 38 of
1139 4093 221 46 negligence,
1385 4093 39 30 to
1453 4084 93 34 have
1574 4069 126 57 passed

1680 209 184 33 unnoticed
1881 210 111 33 under
2011 208 93 32 their
2132 216 99 26 eyes.
2288 207 116 32 When
2432 204 13 33 I
2478 203 164 32 consider
2668 201 50 32 all
2748 198 98 33 these
2880 197 113 39 graml

1678 256 69 33 and
1766 257 207 40 impressive
1994 257 131 41 points,
2158 255 14 32 1
2192 260 129 27 cannot
2350 252 182 32 reconcile
2550 246 136 35 myself
2700 253 35 26 to
2756 246 61 32 the
2836 243 155 44 opinion

1680 304 83 32 that
1788 304 60 32 the
1874 304 124 32 House
2019 304 73 31 will
2113 308 58 26 not
2191 311 102 24 come
2310 306 34 26 to
2362 311 44 20 an
2428 296 210 34 immediate
2665 293 159 33 decision
2856 300 46 22 on
2931 291 60 32 the

1683 356 126 28 nature
1825 350 65 33 and
1900 351 19 32 -
1919 351 113 32 merits
2049 348 41 33 of
2112 348 64 33 the
2194 348 149 38 charges
2369 343 187 48 preferred
2585 341 138 35 against
2744 340 61 33 the
2828 337 111 38 Duke
2956 335 44 34 of

1685 397 37 34 Y
1729 397 83 34 ork.
1865 396 17 35 t
1916 407 83 33 may
2028 394 180 34 therefore
2237 393 94 44 pm:s
2359 403 97 32 upon
2484 398 8 24 t
2502 391 78 31 hem
2614 389 60 32 the
2701 386 176 43 necessity
2904 381 45 35 of
2973 397 24 20 a

1677 443 190 46 judgment
1884 445 89 32 both
2002 450 143 37 prompt
2164 442 70 33 and
2254 442 168 32 d.!cisive.
2474 438 80 34 The
2576 435 113 43 Right
2721 433 97 33 lion.
2854 430 125 34 Geutle-

1687 502 94 30 man,
1801 491 93 33 after
1913 491 159 44 strongly
2093 490 125 41 urging
2237 490 59 32 the
2314 489 83 33 Bout
2456 490 38 27 to
2513 493 102 25 come
2634 487 37 27 to
2689 491 21 22 a
2727 480 150 33 decided
2885 477 90 44 judg-

1689 547 93 25 ment
1801 549 43 21 on
1861 539 59 32 the
1937 539 165 41 charges,
2125 536 196 34 concluded
2344 535 86 32 with
2451 531 146 37 toovitig
2615 529 61 33 the
2696 527 189 38 following
2904 535 97 22 reso.

1690 587 131 37 lotion,
1891 585 94 33 That
2006 585 126 38 charge
2132 585 21 38 ,
2174 583 61 33 hay
2249 585 56 40 ing
2326 583 87 31 been
2445 579 158 41 brought
2626 575 136 41 against
2792 573 54 33 his
2877 570 123 34 Royal

1695 633 175 43 Highness
1887 632 63 33 the
1972 632 105 33 Duke
2096 632 39 31 of
2163 631 126 38 York,
2316 627 178 44 imputing
2511 630 37 27 to
2572 625 72 31 litta
2668 620 162 44 personal
2850 628 132 33 corrup-

1693 680 170 39 tionotoi
1880 680 165 34 criminal
2060 678 217 35 etninis'ance
2297 677 32 31 in
2352 676 52 32 his
2418 673 104 32 othee
2536 670 41 32 of
2588 669 239 34 Commander
2846 666 34 32 in
2895 663 115 35 Chief

1695 728 41 32 of
1752 728 52 32 his
1826 725 185 45 Nlajestv's
2031 726 143 39 Vorces,
2202 724 65 34 and
2289 723 69 34 this
2382 722 124 32 House
2526 717 132 41 having
2679 713 156 33 referred
2852 712 59 33 the
2928 711 78 33 said

1696 774 149 43 charges
1856 780 35 26 to
1905 785 22 20 a
1945 772 214 35 Committee
2177 772 44 33 of
2231 772 59 32 the
2308 770 122 32 whole
2448 768 8 31 I
2469 767 8 32 I
2489 774 99 26 ouse,
2598 763 70 33 and
2685 761 130 41 haying
2828 758 180 41 maturely

1698 822 66 32 and
1782 820 174 44 carefully
1972 820 234 40 investigated
2230 819 59 32 the
2304 826 111 27 saint-,
2435 814 83 31 feel,
2542 813 25 31 it
2583 811 44 31 its
2644 809 87 40 duty
2745 813 37 27 to
2804 814 206 35 pronounce

1697 880 22 22 a
1739 869 141 32 distinct
1899 867 67 34 and
1985 867 113 33 direct
2117 867 150 43 opinion
2293 873 98 33 upon
2422 866 61 28 the
2509 857 78 34 said
2614 856 152 41 charges
2784 853 44 34 of
2842 852 167 46 personal

1698 917 214 43 corruption
1928 915 70 33 and
2016 914 164 33 criminal
2202 925 17 21 c

1750 972 71 32 Mr.
1838 972 229 33 BATHURST
2079 969 106 35 could
2196 976 77 32 not,
2285 967 56 33 for
2361 966 53 33 his
2430 969 100 40 part,
2542 967 168 37 approve
2720 956 41 33 of
2776 956 61 33 the
2861 954 154 34 Address

1702 1019 126 34 moved
1847 1020 45 40 by
1912 1018 60 33 the
1993 1017 96 37 lion.
2109 1017 210 32 Gentleman
2341 1015 92 40 (Mr.
2458 1007 185 41 Wardle).
2695 1005 78 38 Thk!
2799 1004 126 33 House
2944 1002 72 33 had

1706 1068 26 32 it
1752 1067 32 32 it-:
1800 1067 44 33 its
1863 1075 125 33 power
2003 1072 35 24 to
2057 1072 202 34 pronounce
2272 1072 43 22 an
2331 1058 209 46 equivalent
2559 1063 145 26 censure
2724 1051 155 32 without
2895 1058 24 22 a
2936 1051 50 57 per
3002 1051 17 57 7

1704 1115 98 31 sonal
1821 1111 149 34 demand
1985 1110 43 33 of
2039 1111 52 33 his
2108 1109 171 45 Majesty,
2296 1109 79 33 that
2395 1108 44 32 he
2460 1103 122 35 would
2600 1104 45 31 be
2660 1098 143 45 pleased
2825 1103 34 26 to
2878 1095 141 33 dismiss

1708 1161 54 33 his
1772 1170 63 21 son
1850 1160 94 33 from
1959 1157 61 34 the
2031 1157 184 34 command
2228 1157 41 32 of
2278 1157 58 32 the
2347 1165 117 22 army.
2499 1152 69 33 But
2584 1148 34 34 if
2628 1149 43 33 he
2689 1146 66 33 haul
2774 1155 44 22 an
2832 1141 135 44 oljecti
2975 1152 47 22 on

1708 1213 37 30 to
1770 1207 61 33 the
1859 1207 97 33 lion.
1988 1204 244 34 Geutleman's
2254 1202 174 37 Address;
2458 1201 44 31 he
2520 1198 70 34 had
2607 1206 45 24 an
2680 1195 126 32 aliens'
2828 1191 106 43 equal
2955 1189 45 33 ob-

1701 1254 141 44 jection
1859 1259 35 27 to
1923 1253 80 33 that
2023 1251 180 45 proposed
2237 1252 47 31 by
2306 1250 61 32 the
2383 1247 221 34 Chancellor
2630 1241 44 33 of
2688 1243 58 31 the
2779 1239 237 40 Exenequec.

1711 1302 79 33 The
1808 1300 145 38 former,
1983 1299 43 33 he
2044 1299 167 41 thought,
2241 1302 92 30 went
2352 1302 61 27 too
2432 1294 54 33 far
2503 1307 9 25 ;
2543 1293 61 32 the
2621 1290 111 33 latter
2760 1283 177 44 certainly
2960 1287 64 27 not

1711 1349 56 33 far
1776 1346 151 43 enough.
1950 1346 111 35 Now,
2074 1357 38 22 as
2122 1346 56 33 far
2190 1356 40 22 as
2241 1345 58 33 the
2316 1342 181 45 proposed
2516 1341 151 35 Address
2681 1329 265 47 merelymerelyexpre
2946 1329 31 47 ,,
2976 1329 48 47 sed

1713 1396 59 32 the
1787 1396 190 32 innocence
1994 1393 45 33 of
2052 1393 52 33 his
2125 1393 122 33 Bova]
2268 1391 180 41 highness
2465 1387 43 32 of
2520 1387 48 32 all
2588 1388 150 38 corrupt
2757 1380 133 45 partici
2901 1377 124 44 patimt

1711 1443 69 33 and
1813 1442 163 39 criminal
2008 1440 152 44 privity,
2197 1441 44 31 he
2267 1444 89 26 most
2381 1436 91 34 fully
2494 1430 196 35 concurred
2711 1430 32 32 in
2765 1428 41 32 it.
2867 1426 69 32 But
2954 1424 71 33 this

1711 1489 157 33 division
1880 1488 60 33 did
1959 1493 63 28 not
2040 1487 141 33 include
2198 1487 61 33 the
2278 1483 118 34 whole
2412 1482 132 41 charge
2559 1492 9 25 ;
2598 1480 44 31 he
2661 1476 70 33 had
2748 1472 198 46 originally'
2970 1473 54 38 (in

1715 1537 56 34 his
1787 1545 80 24 own
1884 1534 217 47 conception
2118 1534 44 33 of
2171 1532 46 45 it)
2233 1530 145 40 divided
2398 1530 30 37 it
2446 1530 74 32 into
2541 1528 104 32 three
2662 1522 126 45 points,
2789 1522 19 45 -
2820 1530 41 31 pr
2880 1519 145 34 distinct

1719 1583 176 34 heads:—

1765 1632 65 40 Ist,
1860 1632 26 31 A
1906 1628 266 45 participation
2193 1628 33 33 in
2242 1625 61 35 the
2320 1628 150 40 corrupt
2484 1620 161 43 dealing.

1760 1678 60 33 2:1.
1851 1677 28 33 A
1902 1676 216 43 knowledge
2135 1675 43 33 of
2189 1672 86 35 such
2293 1680 150 37 corrupt
2464 1669 123 41 dealing
2587 1669 18 41 .
2604 1669 18 41 .

1762 1726 60 34 3d.
1866 1724 128 33 Undue
2023 1723 187 38 intlueece.
2276 1720 122 34 There
2426 1724 20 27 -
2446 1724 85 27 were
2561 1724 106 33 many
2701 1710 213 44 Clentl,ltnen
2948 1707 84 33 who

1720 1782 97 24 were
1830 1770 176 46 perfectly
2026 1770 180 46 prepared
2228 1773 37 28 to
2282 1766 126 45 acquit
2426 1765 56 33 his
2504 1762 120 43 Royal
2650 1757 175 44 Ilighnes4
2843 1757 110 33 under
2970 1756 63 31 the'

1720 1825 73 30 two
1812 1819 135 33 former
1964 1817 132 45 points,
2124 1817 65 33 but
2210 1815 85 33 who
2307 1809 227 39 entertained
2549 1820 24 24 a
2591 1817 85 34 very
2696 1805 170 34 diifereat
2880 1804 151 45 opinion

1720 1878 45 24 on
1783 1865 59 34 the
1856 1869 122 31 latter.
2035 1863 122 34 Under
2169 1861 86 34 such
2274 1860 278 34 circumstances
2565 1856 86 43 they
2670 1853 104 33 could
2792 1858 63 26 not
2877 1856 80 26 vote
2974 1848 58 33 for

1722 1915 60 32 the
1801 1912 180 46 proposed
2002 1909 154 35 Address
2170 1910 45 32 of
2224 1907 61 34 the
2301 1904 220 38 Chancellor
2535 1903 47 34 of
2597 1903 59 31 the
2673 1899 234 43 Exchequer,
2919 1897 118 32 either

1722 1962 149 32 because
1899 1961 30 32 it
1961 1959 112 41 might
2104 1959 43 31 be
2176 1955 180 45 supposed
2376 1959 38 27 to
2433 1949 148 38 involve
2600 1949 97 34 them
2715 1948 33 34 in
2766 1955 22 25 a
2805 1944 144 43 g,Nferal
2974 1954 43 20 ac-

1723 2008 145 44 quittal,
1896 2019 41 24 or
1957 2007 152 33 because
2127 2006 26 31 it
2173 2006 60 31 did
2251 2009 57 26 not
2328 2011 45 33 go
2392 2001 59 32 far
2469 1997 155 41 enough.
2680 1995 57 33 Ile
2753 1997 93 30 most
2859 1990 180 41 sinc.rely

1728 2055 148 40 wished,
1903 2054 79 33 that
1998 2063 98 22 some
2114 2053 215 32 Gentleman
2350 2047 118 33 would
2487 2052 159 38 propose
2659 2052 46 25 an
2726 2040 169 40 Address,
2916 2037 123 33 which

1726 2104 124 32 should
1869 2102 98 33 unite
1983 2100 48 33 all
2054 2100 96 32 these
2173 2099 135 43 points,
2333 2095 69 33 and
2430 2092 170 44 thereby,
2626 2101 39 21 as
2700 2089 43 33 he
2777 2086 141 44 hoped,
2943 2094 74 22 com-

1729 2148 152 45 prehend
1894 2148 51 33 all
1967 2147 151 45 parties.
2178 2145 38 33 1f
2224 2156 44 22 no
2287 2154 66 21 one
2366 2143 74 32 else
2457 2139 129 33 should
2600 2137 107 33 make
2722 2147 22 21 a
2761 2133 142 34 motion
2922 2135 35 27 to
2970 2138 8 25 t
2991 2132 52 31 his

1726 2198 118 35 effect,
1870 2196 44 32 he
1926 2194 126 33 should
2072 2199 89 28 most
2179 2192 178 41 certainly
2376 2190 104 32 deem
2500 2189 27 31 it
2545 2186 52 32 his
2614 2184 107 43 duty.
2776 2180 76 33 For
2874 2181 58 31 the
2960 2189 63 33 pre-

1726 2249 77 30 sent
1819 2244 41 31 he
1879 2242 120 37 would
2022 2246 61 39 put
2117 2241 87 32 Mrs.
2228 2239 139 33 Clarke
2383 2236 70 33 and
2471 2235 50 44 .111
2555 2233 60 33 the
2634 2231 79 32 oral
2730 2228 191 40 testimony
2940 2225 103 43 quite

1729 2296 61 28 out
1809 2290 40 33 of
1861 2291 60 32 the
1943 2298 97 33 way,
2065 2287 70 34 and
2160 2285 124 33 attend
2314 2284 85 37 only
2432 2288 37 28 to
2499 2280 61 33 the
2593 2280 137 32 letters.
2780 2275 120 32 These
2922 2272 123 33 letters

1731 2348 93 22 were
1856 2339 33 32 in
1923 2336 89 41 fact,
2041 2334 59 34 the
2130 2334 89 33 least
2246 2331 200 44 suspicious
2478 2333 83 40 part
2583 2326 43 33 of
2650 2326 63 32 the
2728 2321 185 34 evidence.
2965 2319 80 33 The

1731 2385 262 43 hand-writing
2019 2383 43 33 of
2083 2381 52 35 all
2170 2380 69 33 had
2265 2380 87 31 been
2385 2378 167 35 verih..d,
2576 2373 67 33 and
2665 2372 60 32 the
2743 2381 19 30 g
2769 2375 119 27 rmter
2908 2370 78 39 pari
3008 2366 45 33 of

1731 2433 96 33 them
1848 2431 66 34 had
1936 2432 89 32 been
2040 2428 183 46 produced
2241 2428 47 33 by
2307 2425 151 38 chance,
2484 2422 69 40 and
2575 2420 154 34 without
2747 2427 67 32 any
2830 2414 221 44 jnendnility

1731 2481 44 30 or
1786 2484 144 28 concert
1946 2489 43 22 or
2007 2477 260 34 contrivance.'
2306 2473 92 33 Such
2422 2480 93 22 weii,
2538 2469 59 33 the
2629 2466 149 43 packets
2798 2461 182 45 produced
3001 2461 47 44 by

1736 2526 164 34 Nichols.
1957 2525 41 33 In
2017 2535 66 22 one
2098 2522 44 33 of
2157 2522 100 32 these
2272 2531 72 22 was
2361 2530 21 21 a
2401 2519 110 33 letter
2531 2515 91 33 from
2644 2515 54 32 his
2730 2509 118 45 Royal
2871 2507 183 41 Ilighnesi

1736 2575 60 32 the
1824 2572 107 33 Duke
1949 2571 44 34 of
2011 2570 111 35 York
2145 2575 37 27 to
2209 2569 86 32 Mrs.
2319 2567 156 38 Clarke,
2503 2564 34 32 in
2567 2561 119 33 which
2708 2559 40 33 he

1739 2621 198 44 Clavering
1971 2619 78 33 that
2083 2617 104 37 there
2218 2626 65 22 are
2319 2624 43 21 no
2396 2622 79 25 new
2515 2610 193 41 regiments
2740 2611 35 27 to
2809 2606 48 31 be

1740 2668 92 34 Now
1861 2668 72 32 this
1951 2665 178 44 certainly
2153 2672 131 35 proves
2302 2662 79 32 that
2407 2659 61 33 the
2492 2657 109 33 Duke
2628 2653 43 35 of
2695 2652 110 35 York
2829 2661 74 22 Was
2928 2649 35 33 is
2992 2652 63 32 the

1739 2715 103 33 habit
1861 2714 43 33 of
1918 2713 203 43 consulting
2138 2712 89 32 Mrs.
2249 2709 152 39 Clarke,
2427 2705 70 35 and
2517 2705 48 32 let
2577 2704 64 39 the
2657 2701 111 41 Right
2793 2700 97 33 Hon.
2908 2699 148 34 Gentle,

1739 2773 80 21 man
1838 2761 154 44 explain
2010 2761 27 31 it
2054 2771 39 22 as
2128 2758 43 32 he
2192 2757 93 40 will,
2315 2757 27 32 it
2365 2761 161 35 appears
2545 2751 78 33 that
2643 2748 54 33 his
2731 2746 118 43 Royal
2877 2745 177 44 Highness

1740 2809 71 34 had
1828 2819 43 22 no
1881 2818 143 24 reserve
2039 2806 90 34 with
2148 2806 90 32 Mrs.
2258 2802 136 35 Clarke
2409 2810 99 34 upon
2522 2798 98 33 these
2631 2793 118 43 sulicet
2750 2793 17 43 ;
2766 2793 34 43 ;.
2859 2792 74 33 And
2957 2804 20 20 u
2994 2792 64 37 hat

1744 2867 72 24 was
1832 2857 59 32 the
1909 2856 104 43 point
2031 2854 43 33 of
2088 2854 150 33 fact—a
2256 2859 78 28 man
2348 2848 43 34 of
2406 2846 130 44 family
2552 2845 69 33 acid
2640 2842 228 34 cotim.ction,

1741 2904 98 34 neral
1857 2902 208 43 Clavering,
2095 2901 27 32 is
2146 2911 40 20 so
2211 2896 219 44 thoroughly
2453 2891 198 47 persuaded
2670 2888 41 34 of
2733 2890 58 34 the
2820 2887 176 33 influence
3018 2888 44 31 of

1746 2952 86 33 Mrs.
1848 2950 152 40 Clarke,
2029 2948 165 33 whether
2216 2946 64 33 she
2298 2944 113 43 really
2435 2941 70 34 had
2535 2942 26 30 it
2580 2949 41 21 (or
2640 2942 76 35 not,
2744 2936 77 32 that
2845 2941 44 25 lie
2920 2934 136 34 oll'ere:1

1744 2999 65 32 her
1822 3009 67 21 one
1923 2996 175 33 thousand
2128 2994 137 45 pounds
2295 2998 37 27 to
2361 2999 155 35 procure
2546 2987 72 33 hira
2652 2995 22 21 a
2704 2983 189 41 regiment.
2944 2982 118 45 Here,

1744 3044 198 40 therefore,
1970 3054 67 22 one
2072 3043 201 43 important
2306 3039 104 43 point
2430 3038 28 32 is
2483 3030 353 39 established—that
2867 3028 64 33 the
2957 3037 107 25 army

1744 3092 70 35 had
1832 3092 70 34 this
1920 3091 151 44 opinion
2091 3089 43 33 of
2147 3089 59 32 the
2225 3087 171 33 influence
2415 3083 44 34 of
2487 3083 91 32 Mrs.
2594 3078 155 37 Clarke,
2776 3076 71 33 and
2871 3076 76 33 that
2978 3078 87 31 ttiey

1743 3141 104 33 acted
1889 3141 115 37 under
2036 3137 72 35 this
2139 3135 169 45 opinion.
2376 3132 57 33 He
2466 3129 69 34 had
2568 3125 194 35 examined
2797 3124 63 34 the
2893 3124 176 35 evidence

1748 3187 87 34 with
1867 3185 64 34 the
1959 3190 131 28 utmost
2122 3193 85 25 care
2228 3182 92 32 from
2339 3180 61 32 the
2419 3175 194 45 beginning
2644 3178 38 28 to
2713 3172 60 32 the
2802 3170 84 41 end,
2911 3172 67 32 and
3004 3172 72 33 *the

1748 3235 110 35 result
1889 3233 43 33 of
1954 3233 57 33 his
2039 3231 152 44 opinion
2224 3239 87 26 was,
2337 3228 80 33 that
2443 3226 104 32 there
2577 3231 74 24 was
2683 3230 45 22 no
2751 3219 175 33 evidence
2952 3230 27 21 w
2992 3219 86 33 hat=

1746 3292 86 25 ever
1848 3280 123 35 which
1989 3279 105 34 could
2113 3278 106 43 bring
2239 3276 102 32 home
2360 3279 37 27 to
2409 3273 61 32 the
2494 3270 109 33 Duke
2623 3269 60 32 the
2696 3267 92 41 guilt
2807 3265 41 33 of
2867 3266 185 45 participa-

1752 3330 91 39 tion,
1869 3338 41 24 or
1923 3337 92 26 even
2031 3326 43 33 of
2096 3324 158 46 privity.
2315 3322 69 32 But
2409 3320 44 33 he
2481 3322 91 28 must
2602 3325 109 24 avow
2739 3315 43 40 it,
2807 3324 48 22 on
2885 3315 59 31 the
2963 3318 34 28 ot
3008 3315 28 43 4
3037 3315 30 43 1

1752 3376 105 40 hand,
1881 3386 38 22 as
1941 3374 54 33 his
2017 3379 89 27 most
2125 3370 155 35 decided
2297 3369 168 44 opinion,
2494 3367 85 32 that
2593 3364 105 32 there
2719 3372 71 22 was
2810 3360 61 33 the
2890 3369 93 28 ;nest
3004 3369 78 37 po.:

1749 3424 106 34 sitive
1870 3420 113 46 proof
1995 3420 77 33 that
2093 3420 61 33 the
2177 3418 112 34 Duke
2308 3416 69 33 had
2396 3412 183 34 bestowed
2598 3412 61 32 the
2678 3407 119 46 place:(

1752 3477 110 27 ments
1887 3468 46 37 of
1964 3469 54 33 his
2048 3468 100 32 office
2178 3465 115 41 anger
2324 3464 60 33 the
2408 3459 206 43 ':„uggestion
2631 3457 66 33 and
2722 3456 175 38 influence
2915 3455 43 33 of
2982 3457 90 35 Mrs.

1735 3497 4 61 •
1752 3519 150 40 Clarke,
1929 3516 70 33 and
2023 3514 184 34 therefore
2236 3511 60 33 the
2320 3516 91 27 most
2435 3509 206 44 improper.
2685 3503 78 34 The
2793 3503 222 34 Chancellor
3038 3497 45 41 ot

1755 3568 61 32 the
1831 3565 216 43 Exchequer
2060 3562 66 33 had
2140 3557 190 37 consumed
2348 3569 22 21 a
2382 3563 103 35 great
2499 3555 81 32 deal
2597 3552 41 33 of
2652 3552 87 32 time
2756 3552 33 32 in
2804 3550 276 46 endeavouring

1756 3618 37 30 to
1811 3617 152 39 exempt
1984 3611 53 32 his
2059 3609 119 43 Royal
2218 3606 176 43 Highness
2424 3604 93 32 from
2536 3602 51 32 all
2621 3599 119 33 blame
2761 3598 34 33 in
2826 3596 66 34 the
2926 3608 80 22 case
3040 3602 44 32 (if

1760 3660 159 44 Captain
1937 3657 144 34 Carter.
2140 3656 71 33 But
2231 3656 81 32 how
2333 3652 61 33 did
2414 3652 61 31 the
2510 3654 132 27 matter
2660 3645 100 34 stand
2778 3646 11 31 ?
2844 3645 81 33 The
2953 3646 126 39 letters

1757 3707 44 33 of
1824 3707 130 34 Carter
1985 3704 116 45 spoke
2130 3702 58 34 for
2222 3702 301 32 themselves—to
2541 3707 27 20 w
2580 3696 81 31 how
2687 3692 60 33 did
2769 3691 72 33 this
2857 3702 123 34 young
2999 3706 85 27 matt

1760 3756 136 43 impute
1928 3754 52 32 his
2013 3752 365 45 promotion—every
2408 3746 109 33 letter
2551 3741 139 34 teemed
2715 3739 86 33 with
2836 3739 185 43 gratitude
3041 3750 38 25 to

1762 3803 86 34 Mrs.
1869 3800 155 41 Clarke,
2047 3798 69 33 and
2135 3804 35 27 to
2198 3797 90 33 Mrs.
2306 3794 138 37 Clarke
2469 3789 261 37 alone—there
2748 3797 76 21 was
2844 3793 59 27 not
2923 3798 21 22 a
2978 3793 103 33 word

1761 3850 43 33 of
1825 3850 58 33 the
1905 3848 111 39 Duke
2044 3844 209 35 mentioned
2291 3843 34 32 in
2355 3841 210 33 them—not
2584 3847 24 24 a
2623 3834 158 46 syllable
2802 3833 123 34 which
2957 3839 124 33 would

1763 3896 79 34 lead
1860 3904 38 26 to
1913 3905 72 33 any
2004 3893 151 45 opinion
2176 3891 80 33 that
2276 3891 60 33 the
2352 3889 111 33 Doke
2479 3886 70 34 had
2567 3885 106 43 given
2693 3882 71 33 him
2781 3881 54 34 his
2850 3883 231 39 commission

1762 3956 40 24 as
1819 3943 59 34 the
1893 3953 63 22 son
1972 3941 45 33 of
2040 3939 165 44 Captain
2236 3940 143 31 Sutton.
2435 3935 35 33 It
2507 3944 76 22 was
2600 3930 151 53 nqiiting
2770 3935 38 27 to
2839 3930 72 32 this
2931 3931 92 33 view
3043 3932 46 35 of

1765 3992 61 33 the
1841 3989 167 45 question
2026 3987 164 39 whether
2207 3985 142 35 Samuel
2375 3984 136 34 Carter
2530 3990 77 24 was
2634 3986 44 25 or
2696 3987 71 22 was
2797 3983 64 26 not
2878 3977 208 38 alootman

1763 4037 45 35 of
1830 4038 86 33 Mrs.
1939 4035 168 40 Clarke;
2135 4033 61 33 the
2216 4033 85 44 only
2322 4030 181 35 inference
2531 4025 124 38 which
2676 4035 70 21 was
2763 4033 189 26 necessary
2970 4031 39 27 to
3041 4029 46 33 he

1765 4084 156 37 deduced
1944 4093 90 33 was,
2057 4082 80 37 that
2156 4080 73 37 this
2254 4090 119 35 young
2389 4089 83 24 man
2492 4075 69 37 had
2589 4071 180 48 prucured
2790 4071 56 34 his
2859 4074 229 40 commission

3338 2748 9 7 't

3275 94 6 21 f

3274 118 25 87 11
3299 118 13 87 1

3359 301 2 12 •

3339 352 4 5 •

3327 432 7 6 •
3352 417 11 28 4

3339 498 12 72 1
3351 498 12 72 1

3295 767 8 13 •

3291 1129 5 9 •

87 2778 11 107 1
403 2778 9 1 _

346 2779 231 44 throughout
596 2778 60 32 the
687 2778 136 34 whole,
839 2778 78 27 that
940 2778 26 26 it
984 2778 129 25 should
1136 2778 61 22 not
1215 2778 40 19 be
1276 2778 135 19 Known
1426 2778 37 14 to
1481 2778 61 13 toe
1565 2778 107 12 LJUKC

1739 2778 80 17 man
1838 2778 154 27 explain
2010 2778 27 14 it
2054 2778 39 15 as
2128 2778 43 12 Ile
2193 2778 92 19 ww,
2315 2778 27 11 IL
2365 2778 69 19 itili
2433 2778 69 19 luatt
2513 2778 12 6 z
2574 2778 50 6 4,1.1.
2644 2778 52 4 ...,

348 2826 81 35 that
446 2828 65 32 she
530 2835 76 24 was
620 2833 69 34 any
709 2832 81 32 way
811 2817 194 37 connected
1026 2815 92 37 with
1135 2813 165 35 Santion;
1328 2809 67 34 and
1413 2806 71 34 this
1501 2805 17 33 I
1534 2813 65 24 can
1615 2813 39 21 ac
1654 2813 20 21 -
2545 2778 22 5 .1
2731 2778 118 11 •.,..••••
2877 2778 8 1 .
2897 2778 7 1 •
2917 2778 30 9 •.,
2955 2778 56 1 .....
3024 2778 31 1 •,.

1740 2809 71 34 had
1828 2819 43 22 no
1881 2818 143 24 reserve
2039 2806 90 34 with
2148 2806 90 32 Mrs.
2258 2802 136 35 Clarke
2409 2810 99 34 upon
2522 2798 98 33 these
2631 2793 169 44 subjects.
2859 2792 74 33 Ant
2957 2804 20 20 w
2994 2792 64 37 hat
3356 2783 9 149 :

3359 2815 8 14 ,

348 2880 111 28 count
480 2872 57 35 for
556 2872 34 33 in
600 2883 45 22 no
665 2870 107 34 other
793 2878 99 33 w:l,y,
920 2867 87 32 than
1030 2867 48 41 by
1097 2859 198 46 supposing
1309 2858 64 33 she
1393 2865 73 24 was
1480 2850 97 35 afrai
1577 2850 20 35 d
1611 2850 64 32 lest
1744 2867 72 24 was
1832 2857 59 32 the
1909 2856 104 43 point
2031 2854 43 33 of
2088 2854 73 33 fact
2169 2862 34 24 —
2203 2862 35 24 a
2256 2859 78 28 man
2348 2848 43 34 of
2406 2846 130 35 family
2552 2845 69 33 anti
2640 2842 228 34 enttec!ioa,
2897 2839 73 33 Ii!.;
2986 2841 71 37 (;;..,

1577 2897 1557 34 H

351 2913 57 51 his
426 2920 188 45 Highness
640 2917 131 34 should
798 2916 169 33 discover
996 2911 64 33 her
1088 2909 193 47 practices.
1336 2904 27 34 T
1363 2904 54 34 he
1446 2898 110 45 Right
1616 2907 59 22 on.
1741 2904 78 34 nera
1819 2904 20 34 l
1857 2902 208 43 Clayering,
2095 2901 27 32 is
2146 2911 40 20 so
2211 2896 219 44 thoroughly
2453 2891 198 47 persuaded
2670 2888 41 34 of
2733 2890 58 34 the
2820 2887 176 33 ittila:_atee
3018 2888 44 31 of
3317 2778 83 337 1,-

352 2970 220 33 Gentleman
591 2967 86 34 then
698 2969 94 28 went
811 2963 76 33 into
904 2973 22 22 a
944 2961 135 32 minute
1094 2954 252 37 examination
1364 2950 41 33 of
1420 2950 20 33 t
1440 2950 20 33 h
1460 2950 21 33 e
1499 2943 22 47 p
1521 2943 157 47 robable
1746 2952 86 33 Mrs.
1848 2950 109 40 Clark
1957 2950 44 40 e,
2029 2948 165 33 whether
2216 2946 64 33 she
2298 2944 94 43 reall
2393 2944 19 43 y
2435 2941 70 34 had
2535 2942 26 30 it
2580 2949 41 21 or
2640 2942 76 35 not,
2744 2936 77 32 that
2845 2941 44 25 lie

2920 2934 136 34 oill•re.1
3348 2934 4 34 '

352 3017 252 46 expenditure
631 3021 41 27 at
705 3009 356 44 Gloacester-place,
1085 3004 129 41 during
1243 3002 61 32 the
1332 2996 125 46 period
1483 2995 78 33 that
1591 2992 84 32 Mrs.
1744 2999 65 32 her
1822 3009 67 21 one
1923 2996 175 33 thousand
2128 2994 137 45 pounds
2295 2998 37 27 to
2361 2999 155 35 procure
2546 2987 72 33 him
2652 2995 22 21 a
2704 2983 189 41 regiment.
2944 2982 118 45 Here,

352 3065 144 34 Clarke
529 3073 76 25 was
635 3061 116 43 lining
769 3059 103 34 there
891 3056 111 34 under
1026 3056 61 32 the
1117 3048 206 48 protection
1349 3045 44 34 of
1413 3044 61 32 the
1509 3039 54 35 Du
1564 3039 54 35 ke
1643 3038 41 32 of
1744 3044 198 40 therefore,
1970 3054 67 22 one
2072 3043 201 43 important
2306 3039 20 43 p
2326 3039 84 43 oint
2430 3038 28 32 is
2483 3030 353 39 established—that
2867 3028 64 33 the
2957 3039 107 22 army

354 3112 135 41 York,
514 3110 72 37 and
606 3089 223 58 contended,
829 3089 22 58 6
852 3105 84 34 that
951 3103 63 33 the
1029 3110 91 24 sums
1140 3098 44 34 he
1209 3092 183 37 furnished
1414 3091 64 33 her
1496 3097 94 24 were
1607 3085 72 33 suf-
1744 3092 70 35 had
1832 3092 70 34 this
1920 3091 151 44 opinion
2091 3089 43 33 of
2147 3089 59 32 the
2225 3087 171 33 influence
2415 3083 44 34 of
2487 3083 91 32 Mrs.
2594 3078 155 37 Clarke,
2776 3076 71 33 and
2871 3076 76 33 that
2978 3067 87 41 itie'y

356 3159 125 34 ftcient
495 3167 38 26 to
544 3168 112 25 cover
677 3157 63 33 the
756 3163 180 35 expenses
952 3150 43 34 of
1005 3150 80 32 that
1102 3144 287 35 establishment,
1406 3137 156 34 without
1580 3133 99 33 there
1743 3141 104 33 acted
1889 3141 115 37 under
2036 3137 72 35 this
2139 3135 169 45 opinion.
2376 3132 57 33 He
2466 3129 69 34 had
2568 3125 194 35 examined
2797 3124 63 34 the
2893 3124 176 35 evideece
3317 3119 6 25 1

354 3208 111 44 being
476 3216 78 34 any
572 3204 181 44 necessity
771 3202 59 34 for
852 3201 86 34 Mrs.
957 3196 141 37 Clarke
1111 3200 35 28 to
1166 3193 93 33 have
1276 3189 79 40 had-
1368 3194 164 27 recourse
1547 3189 34 26 to
1600 3190 80 24 cor-
1748 3187 87 34 with
1867 3185 64 34 the
1959 3190 131 28 utmost
2122 3193 85 25 care
2228 3182 92 32 from
2339 3180 61 32 the
2419 3175 194 45 beginning
2644 3178 38 28 to
2713 3172 60 32 the
2802 3170 84 41 end,
2911 3172 67 32 and
3004 3172 72 33 the'

107 3270 4 4 •

356 3260 89 40 rupt
459 3253 72 37 and
546 3252 169 34 criminal
737 3259 120 25 means
875 3253 37 28 to
931 3246 96 34 raise
1041 3241 177 45 supplies.
1270 3236 111 52 Af!er
1393 3229 241 41 'commenting
1645 3231 35 28 at

1748 3235 110 35 result
1889 3233 43 33 of
1954 3233 57 33 his
2039 3231 152 44 opinion
2224 3239 87 26 was,
2337 3228 80 33 that
2443 3226 104 32 there
2577 3231 74 24 was
2683 3230 45 22 no
2751 3219 65 33 evi
2816 3219 21 33 d
2837 3219 89 33 ence
2952 3219 100 33 what
3052 3219 26 33 .

356 3311 100 26 some
484 3299 125 45 length
632 3309 98 33 upon
757 3298 65 33 the
852 3294 176 35 evidence
1046 3288 154 37 relative
1220 3292 37 27 to
1276 3285 20 35 t
1296 3285 20 35 h
1316 3285 21 35 e
1354 3281 138 35 service
1517 3276 43 33 of
1585 3276 19 43 p
1604 3276 79 43 late

1746 3292 86 25 ever
1848 3280 123 35 which
1989 3279 105 34 could
2113 3278 106 43 bring
2239 3276 102 32 home
2360 3279 37 27 to
2409 3273 61 32 the
2494 3270 109 33 Duke
2623 3269 60 32 the
2696 3267 92 41 guilt
2807 3265 41 33 of
2867 3266 206 45 participa-
3334 3206 12 44 f
3353 3206 2 115 i

80 3335 14 135 1
356 3348 209 46 purchased
579 3346 44 34 of
634 3345 145 35 Parker
796 3343 72 35 and
889 3341 149 40 Birket,
1055 3339 44 32 he
1111 3341 66 40 put
1195 3335 28 33 it
1235 3330 79 46 stro
1315 3330 19 46 n
1333 3330 20 46 g
1354 3330 20 46 l
1374 3330 20 46 y
1413 3334 38 27 to
1465 3326 61 34 the
1545 3322 139 39 House,
1752 3330 91 39 tion,

358 3396 174 40 whether
562 3394 28 33 it
625 3404 83 24 was.
733 3391 164 47 possible
931 3389 83 34 that
1046 3385 60 38 the
1136 3381 110 37 Duke
1278 3379 44 41 of
1352 3376 25 37 Y
1377 3376 100 37 ork,
1507 3371 89 33 with
1628 3370 59 32 the
1752 3376 105 40 hand,
1881 3386 38 22 as
1941 3374 54 33 his
2017 3379 89 27 most
2125 3370 155 35 decided
2297 3369 168 44 opinion,
2494 3367 85 32 that
2593 3364 105 32 there
2719 3372 71 22 was
2810 3360 61 33 the
2890 3369 93 28 taest
3004 3369 26 37 pa
3030 3369 52 37 .,..
3335 3370 32 38 1,.

357 3450 208 40 patronage
582 3441 44 34 of
639 3441 242 46 preferments
898 3442 38 30 to
953 3435 64 35 the
1033 3436 148 31 amount
1198 3429 43 35 of
1250 3436 64 26 nea
1313 3436 22 26 r
1354 3420 184 40 400,0001.
1557 3429 24 22 a
1600 3426 21 34 y
1622 3426 65 34 ear
1869 3338 41 24 or
1923 3337 92 26 even
2031 3326 43 33 of
2096 3324 158 46 privity.
2315 3322 69 32 But
2409 3320 44 33 he
2481 3322 91 28 must
2602 3325 109 24 avow
2739 3315 43 40 it,
2807 3324 48 22 on
2885 3315 59 31 the
2963 3315 109 43 ot4f

1870 3420 113 46 proof
1995 3420 77 33 that
2093 3420 61 33 the
2177 3418 112 34 Duke
2308 3416 69 33 had
2396 3412 183 34 bestowed
2598 3412 61 32 the
2678 3407 404 46 placeaitappoie:...
3334 3282 33 51 fi

1749 3424 106 34 sitive
2783 3418 14 26 :t
2815 3419 18 21 a

3326 3418 8 22 T
3334 3418 8 22 i

360 3496 38 37 in
412 3493 56 33 his
480 3490 182 45 disposal,
686 3485 110 38 could
815 3487 94 34 have
926 3480 177 39 connived
1120 3483 38 30 at
1176 3488 43 24 or
1235 3477 91 32 been
1343 3467 197 40 concerned
1569 3467 33 32 in
1628 3467 60 31 the
1752 3477 110 27 meats
1887 3468 46 37 of
1964 3469 54 33 his
2048 3468 100 32 office
2178 3465 115 41 antler
2324 3464 60 33 the
2408 3459 206 43 'suggestion
2631 3457 66 33 and
2722 3456 175 38 inane:ice
2915 3455 43 33 of
2982 3457 74 35 Mrs
3326 3437 13 48 ►
3339 3437 26 48 I.

359 3540 126 45 paltry
507 3539 169 34 criminal
697 3535 117 35 traffic
846 3539 39 28 to
917 3528 124 37 which
1062 3528 90 33 Mrs.
1174 3523 141 37 Clarke
1341 3519 70 34 had
1427 3528 40 24 so
1483 3513 112 43 falsel
1596 3513 19 43 y
1632 3517 56 27 at-
1735 3455 4 130 •
1752 3519 150 40 Clarke,
1929 3516 70 33 and
2023 3514 184 34 therefore
2236 3511 60 33 the
2320 3516 91 27 most
2435 3509 206 44 improper.
2685 3503 78 34 The
2793 3503 222 34 Chancellor
3038 3483 288 56 oi
3326 3455 6 30 I

3073 3506 9 9 -

361 3587 133 35 tached
527 3586 56 34 his
609 3595 120 24 name.
793 3582 80 34 The
908 3578 119 44 Right
1057 3575 99 34 Hon.
1178 3570 216 37 Gentleman
1422 3569 85 30 next
1535 3557 152 38 touched
1755 3568 61 32 the
1831 3565 216 43 Exchequer
2060 3562 66 33 had
2140 3557 190 37 consumed
2348 3569 22 21 a
2382 3563 103 35 great
2499 3555 81 32 deal
2597 3552 41 33 of
2652 3552 87 32 time
2756 3552 33 32 in
2804 3550 276 46 endeavouriNg
3326 3513 24 71 i•
3350 3513 12 71 '

360 3646 99 35 upon
481 3635 61 33 the
563 3630 292 40 contradictions
878 3626 45 35 of
945 3626 89 33 Mrs.
1052 3622 168 43 :Favery,
1247 3618 85 34 who
1354 3617 45 32 he
1428 3611 67 34 had
1517 3620 44 24 no
1579 3607 110 33 doubt
1756 3618 37 30 to
1811 3617 152 39 exempt
1984 3611 53 32 his
2059 3609 119 43 Royal
2218 3606 176 43 Highness
2424 3604 93 32 front
2536 3602 51 32 all
2621 3599 119 33 blame
2761 3598 34 33 in
2826 3596 66 34 the
2926 3608 80 22 case
3040 3602 44 32 (if

361 3694 77 26 was
457 3683 65 34 the
543 3680 207 34 half-sister
763 3676 44 35 of
824 3676 90 35 Mrs.
928 3672 151 43 Clarke,
1093 3667 138 45 though
1250 3666 79 39 that
1345 3663 76 32 fact
1440 3658 70 34 had
1521 3660 60 28 not
1592 3663 99 26 come
1760 3660 159 44 Captain
1937 3657 144 34 Carter.
2140 3656 71 33 But
2231 3656 81 32 how
2333 3652 61 33 did
2414 3652 61 31 the
2510 3654 132 27 matter
2660 3645 100 34 stand
2778 3646 11 31 ?
2844 3645 81 33 The
2953 3646 126 39 letters
3327 3653 13 45 h
3340 3653 13 45 i
3353 3653 14 45 ,

361 3736 65 30 out
445 3731 37 34 in
493 3730 191 33 evidence,
737 3728 9 26 4
746 3728 19 26 .'
782 3725 58 34 To
854 3729 145 39 oppose
1015 3719 64 33 the
1096 3716 193 40 testimony
1305 3709 43 35 of
1357 3707 84 35 such
1460 3705 79 35 witn
1539 3705 20 35 e
1559 3705 20 35 s
1579 3705 60 35 ses
1655 3711 38 22 as
1757 3707 44 33 of
1824 3707 130 34 Carter
1985 3704 116 45 spoke
2130 3702 58 34 for
2222 3702 214 32 themselves
2438 3702 28 27 —
2466 3702 57 27 to
2541 3707 27 20 w
2580 3696 81 31 host
2687 3692 60 33 did
2769 3691 72 33 this
2857 3703 15 33 )
2885 3702 94 34 to.mg
2999 3706 64 27 wai
3063 3706 21 27 t
3327 3689 5 79 1
3364 3689 4 79 :

534 3776 80 35 said
644 3775 64 41 the
741 3771 117 44 Right
889 3769 98 35 lion.
1017 3765 213 37 Gentleman
1302 3759 52 33 let
1371 3767 40 24 us
1428 3751 164 37 consider
1611 3748 81 33 who
1760 3756 136 43 impute
1928 3754 52 32 his
2013 3752 365 45 promotion—every
2408 3746 109 33 letter
2551 3741 139 34 teemed
2715 3739 86 33 with
2836 3739 185 43 gratitude
3041 3750 38 25 to
3338 3739 31 25 t,'

363 3835 65 25 are
446 3826 65 33 the
530 3831 167 38 persons,
723 3820 96 34 with
836 3819 63 33 the
922 3813 202 51 exception
1147 3809 43 34 of
1208 3808 69 35 this
1296 3800 214 40 abandoned
1538 3806 156 28 woman,
1762 3803 86 34 Mrs.
1869 3800 155 41 Clarke,
2047 3798 69 33 and
2135 3804 35 27 to
2198 3797 90 33 Mrs.
2306 3794 138 37 Clarke
2469 3789 261 37 alone—there
2748 3797 76 21 was
2844 3793 59 27 not
2923 3798 21 22 a
2978 3793 103 33 word
3335 3776 25 46 i•!
3360 3776 8 46 :

366 3873 86 34 who
472 3874 97 33 have
582 3869 158 46 enjoyed
759 3870 94 31 most
870 3863 46 35 of
930 3863 61 33 the
1009 3859 208 38 confidence
1233 3854 44 34 of
1287 3854 56 34 his
1358 3848 122 46 Royal
1504 3844 189 44 Highness.
1761 3850 43 33 of
1825 3850 58 33 the
1905 3848 111 39 Duke
2044 3844 209 35 mentioned
2291 3843 34 32 in
2355 3841 210 33 them—not
2584 3847 24 24 a
2623 3834 158 46 syllable
2802 3833 123 34 which
2957 3839 124 33 would

366 3921 226 35 Characters
609 3918 79 34 like
705 3919 94 37 (cn.
817 3912 168 41 Calvert,
996 3906 157 38 Colonel
1175 3902 162 40 Gordon,
1354 3898 70 37 and
1435 3904 107 33 many
1558 3891 138 41 others,
1763 3896 79 34 lead
1860 3904 38 26 to
1913 3905 72 33 any
2004 3893 151 45 opinion
2176 3891 80 33 that
2276 3891 60 33 the
2352 3889 111 33 Mike
2479 3886 70 34 had
2567 3885 106 43 given
2693 3882 71 33 him
2781 3881 54 34 his
2850 3883 231 39 commissien

364 3974 103 27 went
484 3973 40 28 to
536 3971 168 40 ,exempt
720 3963 98 33 his;
819 3959 124 44 Royal
964 3956 181 46 Highness
1157 3951 98 37 from
1284 3956 113 33 every
1416 3938 220 39 insinuatiolt
1659 3935 45 34 of
1762 3956 40 24 as
1819 3943 59 34 the
1893 3953 63 22 son
1972 3941 45 33 of
2040 3939 165 44 Captain
2236 3940 143 31 Sutton.
2435 3935 35 33 It
2507 3944 76 22 was
2600 3930 151 53 Ailing
2770 3935 38 27 to
2839 3930 72 32 this
2931 3931 92 33 view
3043 3932 47 35 of
3322 3909 21 43 .1
3366 3892 4 119 '
3394 3908 15 9 '

367 4016 118 33 undue
503 4015 70 39 and
599 4015 198 43 improper
824 4007 191 38 influence.
1068 4000 81 34 The
1176 4006 149 37 persons
1346 3994 19 32 I
1385 3992 92 33 have
1496 3984 202 38 mentioned
1765 3992 61 33 the
1841 3989 167 45 question
2026 3987 164 39 whether
2207 3985 142 35 Samuel
2375 3984 136 34 Carter
2530 3990 77 24 was
2634 3986 44 25 or
2696 3987 71 22 was
2797 3983 64 26 not
2878 3977 208 38 alootwan

1763 4037 45 35 of
1830 4038 86 33 Mrs.
1939 4035 141 38 Clarke
2096 4048 11 27 ;
2135 4033 61 33 the
2216 4033 85 44 only
2322 4030 181 35 inference
2531 4025 124 38 which
2676 4035 70 21 was
2763 4033 189 26 necessary
2970 4031 39 27 to
3041 4029 46 33 he

3347 4012 5 45 ,
3352 4012 5 45 :
3357 4012 5 45 i

367 4068 133 30 cannot
519 4063 46 34 be
591 4056 158 46 deemedk
771 4056 122 43 likely
913 4058 39 28 to
972 4052 94 33 have
1081 4044 151 39 sulfered
1250 4054 71 32 any
1339 4041 278 33 circumstances

367 4111 184 52 practices
570 4109 44 35 of
627 4106 240 48 corrukttion,
893 4111 43 25 or
965 4108 89 26 even
1072 4094 44 38 of
1139 4093 221 46 negligence,
1385 4093 39 30 to
1453 4084 93 34 have
1574 4083 126 43 passed
1765 4084 156 37 deduced
1944 4076 90 50 was,
2057 4082 80 37 that
2156 4080 73 37 this
2254 4090 119 37 young
2389 4089 83 24 man
2492 4075 69 37 had
2589 4071 180 48 procured
2790 4071 56 34 his
2859 4074 229 40 commiszlon
3347 4100 13 28 ir

3347 4136 17 19 I.

92 4155 66 149 71

348 78 92 50 'AR

2893 65 85 48 169

286 76 255 57 MARCH
589 76 58 47 12

289 220 60 25 see
369 210 83 33 how
471 219 72 33 any
565 211 83 31 tram

291 268 69 25 can
377 257 45 33 be
441 256 109 34 made
565 260 35 30 to
621 266 26 34 iv

291 304 110 35 With
419 304 132 45 regard
570 308 37 28 to
626 302 21 33 ti

292 351 143 37 wished
454 357 39 30 to
514 351 133 44 resign,

294 400 146 35 ference
459 398 45 35 of
511 407 24 24 a
548 399 89 43 lady

295 448 74 34 few
389 446 259 35 observations,

296 495 314 46 representations
627 504 20 27 n

296 544 282 34 circumstances
609 546 38 32 to

301 592 92 32 Gen.
407 589 240 44 Cartwright,

302 637 244 37 information
567 638 37 32 in
620 647 27 22 su

302 686 70 34 and
392 684 255 45 immediately

306 732 183 35 Gordon's
507 732 141 34 evidenc

306 791 118 31 moth,
452 780 65 35 the
536 790 87 33 very
644 780 4 44 s.

307 840 73 34 any
399 828 178 35 evidence
596 827 51 34 tha

309 878 159 34 relative
488 880 40 30 to
550 875 97 34 Samu

309 925 137 35 tertain
465 933 73 34 any
570 922 77 33 othe

312 973 159 34 humane
495 970 72 37 and
593 976 54 28 atti

314 1020 151 35 milder
481 1019 35 33 in
534 1017 113 37 Chief

314 1069 89 34 who
416 1067 73 34 had
503 1068 73 32 lost
594 1067 53 33 his

315 1117 85 40 that
424 1115 66 34 the
508 1113 139 38 commis.

317 1163 156 41 Clarke,
487 1162 110 35 could
606 1170 41 24 an

317 1212 150 44 request
480 1209 124 35 which
617 1217 31 26 w

318 1259 161 43 inanity.
513 1258 14 33 I
548 1266 99 25 cannt

318 1317 99 25 were
433 1316 40 26 so
485 1315 44 26 or
539 1315 61 30 no,
612 1304 35 34 th

321 1356 57 33 flit
394 1357 13 40 (
423 1355 105 33 Mar
543 1354 104 32 !!neat

321 1401 243 46 application
596 1398 51 34 for

322 1450 81 33 The
423 1447 224 39 applicatior
