3413 4441
213 167 100 48 171

211 307 164 41 rizours
403 307 51 39 of
477 307 72 40 the
578 309 123 50 siege,
745 306 79 39 and
870 305 67 39 the
981 304 257 52 inflexibility
1270 302 48 38 of
1359 301 109 38 their
1496 301 45 38 de-

215 360 174 45 fenders,
429 361 80 38 and
540 361 117 38 made
686 360 107 51 signs
823 364 44 32 to
913 358 71 39 the
1029 358 169 41 French,
1248 354 174 50 inviting
1455 353 106 38 them

213 418 52 33 to
299 426 157 39 occupy
495 415 72 39 the
604 420 124 31 town.
814 413 89 35 The
937 410 123 40 latter
1095 405 246 53 completely
1372 405 70 39 la
1479 406 84 38 into

211 465 76 38 the
330 478 133 33 snare,
509 467 76 39 and
620 464 198 41 detached
866 477 25 25 a
939 476 120 39 corps
1106 461 50 39 of
1192 465 142 38 12,000
1381 461 92 37 Alen
1521 463 40 33 to

211 519 105 39 take
371 519 239 39 immediate
672 519 234 47 advantage
952 515 51 39 of
1055 514 71 39 the
1176 516 196 48 apparent
1421 510 118 40 conta-

213 583 106 26 gion.
392 572 113 51 They
557 572 76 39 had
669 583 54 26 no
768 581 148 26 sooner
947 567 165 40 entered
1159 566 70 38 the
1264 568 157 40 streets,
1465 563 97 39 than

210 624 100 52 they
351 637 106 26 were
488 624 201 41 furonslv
711 622 170 39 assailed
917 622 52 50 by
1004 621 115 37 these
1155 630 93 39 very
1290 628 174 32 women,
1493 617 69 38 the

213 681 247 40 townsmen,
488 678 79 38 and
591 691 22 24 a
633 681 92 47 part
745 676 50 38 of
807 676 70 37 the
895 674 185 51 garrison
1096 686 11 30 ;
1140 671 93 45 and,
1256 670 31 37 it
1307 670 30 38 is
1358 669 202 52 reported,

211 729 96 39 that
321 730 70 39 the
407 743 181 34 carnage
606 743 78 25 was
768 725 204 46 dreadful,
1002 725 91 38 that
1113 722 93 52 only
1238 726 77 33 800
1330 722 48 38 of
1393 728 12 31 t
1414 722 50 37 he
1482 722 58 38 bri-

214 783 130 48 gands
373 784 187 50 escaped.
618 782 66 39 Six
720 780 183 39 hundred
935 778 50 39 of
1015 777 107 38 these
1154 787 203 41 generous
1394 772 168 40 ftmales

215 847 21 28 -
236 847 89 28 were
339 835 126 39 killed
485 850 56 24 on
561 836 69 39 the
646 834 204 40 occasion.

269 937 76 39 We
377 937 188 40 received
596 948 52 27 on
681 934 164 52 Friday,
880 947 24 24 a
935 931 124 38 series
1085 930 51 39 of
1166 930 227 39 Monitenrs
1428 932 45 34 to
1493 927 67 39 the

214 989 102 39 28th
338 989 74 39 ult.
471 990 126 39 Their
627 992 187 35 contents
833 999 44 25 as
893 986 64 37 far
977 997 44 25 as
1058 984 96 50 they
1188 981 106 39 refer
1316 989 43 32 to
1381 981 178 43 Austria,

214 1054 72 26 are
301 1041 172 40 blended
506 1042 94 38 with
622 1054 190 30 rancour,
846 1038 314 41 misstatement,
1191 1035 77 38 and
1291 1033 266 52 ill-disguised

213 1093 204 54 hostility.
475 1096 90 38 The
583 1093 96 40 only
715 1091 142 39 article
878 1090 46 39 of
940 1090 255 48 importance
1218 1087 96 52 they
1345 1085 164 40 contain
1532 1087 28 37 is

214 1160 54 25 an
300 1147 247 51 intercepted
581 1147 131 44 letter,
743 1144 83 39 said
857 1150 43 31 to
922 1143 50 37 he
993 1141 158 38 written
1175 1141 52 51 by
1257 1140 70 38 the
1352 1139 141 39 Editor
1513 1139 52 39 of

213 1199 77 40 the
309 1201 156 38 Vienna
495 1202 170 37 Gazette
697 1204 44 32 to
762 1196 70 39 the
870 1196 146 38 Editor
1043 1193 50 39 or
1114 1192 70 39 the
1217 1192 214 51 Hamburg
1465 1192 70 38 Cor-

214 1253 315 50 re•spondenten.
589 1253 94 37 This
713 1248 137 46 letter,
887 1247 132 39 which
1041 1246 71 39 the
1134 1246 152 38 French
1307 1244 178 51 thought
1517 1243 46 39 of

213 1307 202 38 sufficient
446 1307 269 46 importance,
746 1316 41 25 as
807 1307 45 33 to
880 1299 183 40 consider
1085 1299 31 37 it
1135 1297 216 51 deserving
1389 1296 52 39 of
1456 1297 99 51 pub-

213 1357 131 54 Ccity,
374 1359 285 38 corroborates
678 1369 79 26 our
775 1354 285 40 observations
1080 1350 169 39 relative
1269 1355 44 33 to
1332 1348 70 40 the
1419 1352 111 37 ARCH-

215 1426 122 24 DUKE
376 1413 213 43 CHAHLEN,
619 1409 77 38 and
735 1408 70 38 the
842 1406 194 40 Austrian
1065 1403 182 52 'Military
1278 1402 128 39 force.
1474 1402 85 39 The

213 1463 214 52 following
445 1465 33 37 is
507 1478 24 24 a
552 1461 167 40 faithful
739 1474 105 38 copy
867 1459 48 38 of
925 1459 81 38 this
1023 1457 117 39 letter
1154 1472 66 22 :

441 1538 21 24 N
480 1538 38 31 t,
549 1527 99 34 FEn.
672 1525 175 35 4.—The
862 1522 168 46 question
1049 1520 43 34 of
1108 1530 115 35 peace
1235 1528 44 24 or
1294 1527 93 32 war,
1414 1517 71 35 and
1499 1517 60 34 the

211 1581 92 39 part
322 1576 78 33 that
424 1576 150 34 Austria
595 1576 27 32 is
641 1581 39 26 to
697 1574 106 38 take,
833 1572 63 34 has
914 1572 93 32 been
1025 1569 58 33 for
1097 1579 25 22 a
1142 1569 84 41 long
1241 1569 92 32 lime
1346 1566 63 32 the
1420 1564 136 45 subject

211 1624 47 32 ,►f
281 1624 104 32 much
406 1625 236 41 uncertainty
672 1622 35 33 in
741 1619 275 34 conversation.
1067 1616 92 33 This
1186 1615 233 41 uncertainty
1444 1615 113 32 arises

214 1671 96 33 from
330 1681 65 24 our
412 1671 198 41 ignorance
625 1670 44 32 of
685 1670 85 31 how
794 1667 150 34 Austria
963 1664 164 41 actually
1150 1661 118 35 stands
1292 1659 93 34 with
1414 1659 142 35 Russia.

211 1719 150 33 Within
391 1719 102 33 th2,e
531 1726 76 26 two
624 1717 96 43 days
746 1717 63 32 the
842 1724 150 22 rumour
1023 1711 44 33 of
1090 1721 78 22 war
1204 1709 64 34 has
1294 1707 136 45 gained
1448 1709 105 33 much

208 1766 156 44 ground.
392 1766 84 33 The
496 1766 123 32 whole
643 1765 176 33 Austrian
839 1762 100 33 force
957 1761 28 32 is
998 1766 37 26 to
1051 1760 45 32 he
1110 1755 150 35 divi►led
1283 1756 76 33 into
1376 1755 107 34 three
1498 1766 40 22 ar-

208 1815 109 32 mies.
369 1815 83 32 The
472 1815 188 41 Emperor
683 1814 37 31 in
739 1820 133 35 person
893 1808 79 33 will
994 1808 86 32 take
1097 1806 61 33 the
1178 1804 191 34 command
1384 1802 45 33 of
1441 1812 67 24 one
1521 1804 43 32 Of

208 1861 119 40 them,
356 1861 92 33 with
469 1863 100 38 Qaat
578 1858 328 35 ter-Master-Geo.
926 1854 198 34 Chastoler
1141 1853 113 33 under
1272 1850 90 34 him.
1415 1848 80 33 The
1511 1850 45 34 2d

208 1910 84 32 will
320 1912 44 30 be
386 1907 239 35 commanded
646 1909 48 41 by
717 1907 63 32 the
802 1903 206 37 Archduke
1029 1899 170 41 Charles,
1226 1896 92 37 with
1338 1898 63 33 the
1426 1897 130 34 Prince

207 1956 50 34 of
280 1956 249 34 Lichtenstein
562 1955 66 34 and
676 1950 439 43 Quarter-Master-Gen.
1148 1946 137 44 Moyer
1317 1945 115 33 under
1466 1944 86 35 him.

207 2006 85 33 The
309 2006 102 33 third
433 2004 77 33 will
534 2006 45 32 be
598 2001 165 37 confided
782 2006 40 28 to
841 1998 63 34 the
925 1995 207 37 Archduke
1141 1994 120 38 John,
1289 1993 90 33 wiih
1395 1991 154 34 General

208 2052 109 33 Bach
332 2052 58 33 for
409 2052 57 32 his
483 2044 520 46 Quarter-Masser-General.
1057 2042 92 34 This
1165 2052 110 33 army
1297 2048 163 35 appears
1478 2040 59 33 des-

206 2100 104 32 tined
325 2104 37 30 to
376 2100 91 32 take
484 2109 24 22 a
535 2098 163 45 position
718 2096 35 33 in
772 2094 157 34 interior
956 2092 169 34 Austria.
1176 2088 79 34 The
1274 2087 216 35 Counsellor
1514 2087 46 34 of

208 2148 109 33 State
337 2147 241 35 Fassbinder,
604 2145 69 33 and
694 2145 142 33 Counts
853 2141 154 34 Taurau
1029 2139 72 34 and
1131 2133 157 38 Charles
1304 2132 131 48 Zychy
1455 2144 98 30 were

204 2194 210 45 appointed
433 2202 39 26 to
494 2194 28 33 it

260 2289 33 38 A
319 2288 174 39 Russian
515 2289 233 46 Messenger
767 2282 73 40 has
870 2280 197 52 certainly
1091 2276 158 43 arrived
1269 2276 43 40 in
1330 2275 81 41 this
1428 2288 100 28 coun-

203 2344 86 48 try.
356 2343 59 35 He
446 2352 118 27 came
593 2350 102 27 over
725 2337 39 37 in
798 2336 72 38 the
898 2331 221 43 Auckland
1152 2329 168 54 packet,
1357 2329 77 39 and
1473 2341 79 27 was

203 2392 161 45 landed,
386 2406 54 25 oa
454 2391 250 51 Wednesday
728 2388 92 46 List,
841 2391 43 35 at
905 2383 285 52 Aldborough.
1220 2382 87 40 The
1328 2381 220 51 pretended

204 2447 139 50 object
363 2445 52 39 of
444 2445 61 38 his
527 2443 151 40 arrival
702 2456 30 24 is
751 2445 41 33 to
813 2440 119 53 bring
952 2432 228 58 dispataks
1207 2440 46 35 to
1273 2432 182 43 Admiral
1487 2435 41 38 Sr-

378 2515 11 30 ;
429 2498 77 39 but
537 2510 59 24 we
627 2507 71 26 are
733 2493 216 53 positively
986 2489 204 41 informed
1226 2487 93 40 that
1356 2486 50 40 he
1430 2486 31 40 is
1480 2485 70 41 the

203 2551 149 39 bearer
385 2550 52 39 of
458 2548 229 54 dispatches
718 2551 44 33 to
787 2558 78 27 our
896 2545 286 52 gvr►erntnent.
1237 2541 76 39 We
1342 2538 99 53 long
1472 2550 71 28 an.

201 2603 214 53 ticipated,
444 2615 45 26 as
501 2614 77 27 our
596 2597 184 43 Readers
809 2596 81 39 will
917 2593 206 48 recollect,
1152 2606 26 27 a
1209 2591 158 52 change
1380 2591 52 39 of
1444 2590 78 41 Rus-

200 2657 93 39 sian
337 2656 187 53 politics;
570 2653 78 40 and
692 2663 105 27 were
844 2646 223 44 convinced
1111 2644 93 40 that
1245 2643 72 40 the
1359 2655 189 41 presence

203 2709 54 38 of
285 2708 71 40 the
393 2709 63 43 Qu
469 2707 57 40 EE
526 2722 24 21 'V
588 2706 47 39 of
685 2706 187 37 PRUSSIA
907 2698 135 44 would
1089 2696 123 41 effect
1252 2708 27 27 a
1318 2694 231 41 revolution

203 2761 44 39 in
281 2763 71 39 the
381 2759 183 54 political
600 2761 151 50 system
785 2753 53 41 of
865 2753 70 41 the
971 2754 130 40 Court
1131 2750 52 41 of
1209 2752 58 38 St.
1289 2747 260 53 Petersburg.

203 2816 80 39 We
322 2815 151 48 always
509 2809 224 44 concluded
772 2807 92 39 that
896 2805 72 40 the
1005 2806 180 50 journey
1219 2802 48 39 of
1298 2800 94 40 that
1423 2800 100 40 amia-

203 2867 71 40 ble
291 2867 74 39 and
386 2865 226 40 illustrious
627 2872 162 30 woman
802 2872 81 26 was
902 2854 256 45 undertaken
1178 2854 67 41 for
1256 2852 91 40 that
1357 2864 190 43 purpose.

206 2921 137 40 Those
360 2920 93 38 who
472 2919 80 39 had
574 2930 50 25 an
644 2911 270 57 opportunity
930 2909 52 43 of
993 2907 216 53 observing
1225 2906 70 41 the
1307 2903 178 43 conduct
1504 2902 52 43 of

206 2974 73 39 the
299 2974 150 43 QUEEN
474 2970 106 39 after
599 2969 69 39 the
687 2965 129 43 battle
831 2963 52 40 of
900 2966 123 43 Jena,
1051 2960 48 41 of
1121 2957 207 54 admiring
1345 2957 74 40 her
1435 2969 113 40 meg•

204 3026 200 51 nanimity
433 3024 79 39 and
549 3017 321 58 imperturbable
900 3014 193 53 serenity,
1117 3012 106 41 after
1258 3009 71 41 the
1364 3009 171 41 disaster*
1535 3009 20 41 .

209 3078 131 39 which
358 3077 104 41 beret
483 3077 73 38 her
575 3078 193 47 country,
798 3083 71 26 are
885 3069 120 40 alone
1024 3061 174 58 capable
1209 3061 52 46 of
1267 3061 280 57 appreciating

203 3131 79 40 her
301 3132 224 38 character.
557 3128 76 39 She
651 3138 126 27 never
797 3123 98 38 bent
922 3125 47 35 to
990 3119 70 40 the
1080 3122 155 50 tyrant,
1248 3115 71 43 she
1335 3126 128 28 never
1479 3120 41 33 at-

204 3183 184 52 tempted
410 3188 44 34 to
474 3193 171 41 appease
661 3180 85 38 him
767 3178 39 38 in
821 3175 72 39 the
905 3185 97 40 very
1018 3170 133 41 zenith
1165 3169 117 58 ()figs
1292 3167 254 47 success,and

206 3239 43 38 in
270 3237 69 38 the
357 3235 229 40 declension
605 3231 48 40 of
663 3231 73 39 her
754 3241 92 28 own
882 3226 200 39 fortunes.
1123 3222 78 41 She
1228 3219 208 43 remained
1453 3233 71 33 con-

198 3293 149 38 alstent
383 3287 77 40 and
480 3291 118 47 great
617 3289 43 33 to
679 3283 71 39 the
770 3282 92 46 last,
881 3278 203 52 detesting
1116 3275 72 41 the
1219 3283 176 43 ravager
1411 3270 52 41 of

202 3346 194 46 country,
426 3341 79 38 and
524 3337 200 52 despising
744 3335 67 39 the
844 3330 170 46 wretch,
1033 3328 94 40 who
1148 3327 80 41 had
1258 3324 219 57 employed
1495 3322 53 43 all

204 3394 74 40 the
298 3399 81 34 arts
394 3393 48 39 of
472 3391 81 41 hell
589 3398 41 30 to
652 3387 174 40 blacken
859 3386 71 38 her
959 3383 79 39 fair
1069 3394 135 26 name.
1261 3381 61 43 An
1359 3378 187 41 Austrian

191 3450 248 48 Alessenger
450 3446 73 39 has
539 3442 84 39 also
635 3439 162 40 arrived
808 3441 39 38 in
860 3433 78 43 the
938 3433 209 43 Auckland
1162 3428 247 58 packet,and
1424 3432 31 37 is
1465 3430 81 40 said

198 3509 53 31 to
272 3502 105 37 have
397 3497 177 51 brought
614 3500 41 32 to
676 3506 78 26 our
772 3494 270 51 government
1061 3502 25 24 a
1103 3485 152 40 formal
1286 3482 260 43 notification►

202 3555 53 39 of
266 3552 214 40 hostilities
495 3548 92 39 with
609 3550 165 35 France.
807 3544 115 39 Since
934 3542 63 38 his
1010 3539 164 46 arrival,
1193 3539 30 39 it
1239 3539 31 39 is
1289 3535 150 48 stated,
1457 3536 90 41 that

201 3607 76 40 the
294 3606 167 40 Cabinet
482 3604 50 37 of
546 3602 150 38 Vienna
717 3599 70 37 has
802 3596 117 39 made
940 3608 24 24 a
981 3592 175 40 demand
1172 3591 51 40 of
1234 3589 60 40 six
1315 3587 177 43 millions
1505 3604 44 25 as

202 3674 26 25 a
244 3659 111 43 loan,
377 3657 77 39 and
477 3669 51 26 an
546 3665 110 39 army
676 3650 50 39 of
736 3653 148 41 60,000
904 3659 107 27 men.
1069 3645 72 38 We
1160 3641 246 53 confidently
1427 3646 119 41 trust,

201 3726 83 26 our
302 3711 281 41 Government
604 3704 76 39 will
716 3700 162 53 comply
900 3699 97 39 with
1017 3697 99 40 both
1136 3694 204 41 demands.
1400 3694 124 39 Extra-

198 3767 196 48 ordinary
416 3759 202 40 sacrifices
654 3755 79 39 and
768 3754 211 40 exertions
994 3763 74 31 can
1097 3749 119 40 alone
1253 3759 94 27 save
1385 3748 162 51 Europe

201 3819 80 39 and
320 3814 221 41 ourselves.
611 3811 164 47 Among
807 3806 122 39 other
963 3815 191 30 rumours
1185 3801 32 39 it
1245 3800 33 39 is
1313 3798 103 45 said,
1457 3798 89 40 that

198 3878 154 35 70,000
377 3867 185 41 Prussian
599 3869 144 43 troops
774 3872 71 26 arc
880 3859 40 38 in
941 3855 198 41 readiness
1157 3860 44 33 to
1222 3853 98 40 take
1339 3853 72 39 the
1439 3852 109 47 field,

198 3926 45 39 iu
262 3925 236 48 conjuctiou
520 3917 98 39 with
640 3913 181 44 Austria.

272 3979 76 35 We
393 3974 105 38 haVe
544 3969 97 52 long
686 3963 249 53 anticipated
999 3959 79 43 this
1122 3972 98 26 war.
1310 3958 74 38 We
1426 3956 119 46 have,

198 4033 71 39 for
289 4026 152 44 several
475 4023 151 44 weeks,
657 4016 289 44 endeavoured
977 4019 44 34 to
1046 4013 128 39 direct
1196 4010 69 39 the
1285 4009 197 40 attention
1504 4009 43 38 of

198 4087 74 39 the
295 4081 132 54 public
450 4085 46 33 to
519 4089 52 26 an
591 4083 261 31 occurrence,
883 4069 72 39 the
989 4070 106 35 most
1128 4067 255 38 momentous
1416 4062 128 37 whisk

198 4135 143 45 could,
371 4131 193 52 perhaps,
595 4139 125 27 occur
754 4122 139 40 within
928 4121 71 39 the
1033 4130 124 39 range
1188 4116 50 39 of
1261 4115 73 39 the
1359 4114 183 52 possible.

198 4194 84 37 But
320 4188 69 37 the
420 4189 191 43 contrary
635 4178 168 52 opinion
824 4187 80 27 was
938 4178 72 38 too
1038 4169 141 53 deeply
1202 4168 190 40 rivetted,
1422 4170 44 34 to
1499 4167 47 37 be

200 4238 221 47 weakead
442 4238 53 51 by
510 4246 76 43 any
609 4232 119 41 mode
748 4230 48 40 of
810 4227 237 57 reasoning,.
1075 4224 190 41 however
1284 4224 136 45 acute,
1439 4219 106 40 how-

1094 151 150 61 THE
1279 146 325 66 NATIONA
1618 161 41 51 L
1729 142 383 66 REGISTER:

1628 296 98 26 ever
1743 283 226 52 ingenious.
2024 282 86 39 The
2131 280 89 40 idea
2245 280 50 39 of
2319 293 21 25 a
2370 293 83 26 new
2473 279 253 40 Continental
2747 294 97 32 war,
2864 293 97 33 was,

1628 337 219 46 therefore,
1881 332 196 57 regarded
2106 347 43 26 as
2169 334 67 39 the
2254 333 191 39 delirious
2478 334 138 35 dream
2650 332 47 38 of
2724 345 25 26 a
2783 332 175 39 feverish

1630 389 214 52 visionary,
1881 402 45 26 as
1959 389 77 45 the.
2057 387 93 39 wild
2181 386 115 51 fancy
2329 386 51 39 of
2408 398 48 25 an
2491 384 263 39 over-heated
2789 386 167 38 fanatic.

1626 444 133 37 —But
1780 455 76 25 our
1885 446 250 46 conjectures
2170 442 126 37 rested
2330 450 52 25 on
2417 438 69 38 the
2522 437 240 38 immutable
2790 436 96 40 laws
2913 437 51 39 of

1628 494 149 39 human
1795 493 184 53 feelings,
2001 493 89 39 whi.
2106 494 22 35 h
2148 497 67 34 act
2233 490 94 39 with
2343 489 117 53 equal
2477 489 129 44 force,
2639 489 185 52 allowing
2845 503 112 26 some

1628 547 150 51 trifling
1795 546 231 40 differences
2041 546 65 38 for
2126 543 178 53 peculiar
2321 543 266 45 institutions,
2608 555 53 24 on
2683 542 66 37 the
2763 543 189 43 Danube,

1628 599 69 39 the
1728 602 131 48 Spree,
1881 600 69 38 the
1971 598 174 45 Scheldt,
2176 596 67 38 the
2272 596 124 44 Ebro,
2435 595 77 38 and
2533 595 70 38 the
2623 595 185 39 Thames.
2868 596 87 38 The

1625 652 159 38 nations
1804 652 48 38 of
1877 652 70 39 the
1967 651 219 41 Continent
2204 661 104 26 were
2328 647 76 40 lost
2424 647 38 37 in
2486 660 22 25 a
2530 652 252 46 momentary
2800 652 152 41 trance,

1628 704 37 38 is
1693 718 276 37 consequence
2003 703 48 39 of
2074 703 71 40 the
2176 700 201 45 dreadful,
2414 700 67 38 the
2504 704 252 43 'unexpected
2780 711 175 27 reverses

1628 758 91 51 they
1743 758 74 38 had
1837 756 203 40 sustained
2055 772 11 27 ;
2096 754 79 40 and
2209 767 41 25 as
2280 754 97 51 long
2408 765 41 25 as
2483 751 77 39 this
2591 751 203 52 paroxism
2828 750 126 40 lasted

1628 810 94 52 they
1744 823 98 25 were
1876 808 208 40 insensible
2113 814 44 32 to
2176 806 71 39 the
2267 806 301 50 accumulating
2606 810 189 45 outrages
2822 804 130 39 which

1625 876 105 26 were
1748 862 177 40 inflicted
1945 875 52 27 on
2017 861 125 38 them.
2202 859 96 38 This
2315 861 170 35 excessi,
2497 869 22 26 e
2539 863 144 46 torpor
2699 857 168 38 induced
2883 857 69 38 the

1625 920 190 39 torturer,
1837 917 79 37 and
1933 927 99 27 even
2052 913 117 40 those
2194 911 91 38 who
2307 915 102 33 most
2427 909 269 52 sympathised
2718 911 38 37 in
2776 909 71 39 the
2867 908 90 40 fate.

1624 969 48 39 of
1693 969 69 39 the
1792 969 231 43 Continent,
2052 972 43 33 to
2114 964 195 41 conclude
2326 963 90 40 that
2434 976 117 37 every
2572 961 124 53 spark
2717 961 51 40 of
2789 960 163 52 feeling,

1624 1020 48 38 of
1683 1020 174 45 honour,
1878 1020 50 39 of
1942 1019 246 53 patriotism,
2207 1029 78 26 was
2303 1016 295 51 extinguished.
2657 1018 77 35 But
2753 1015 200 39 excessive

1625 1072 178 51 injuries,
1834 1085 60 26 we
1923 1072 96 52 long
2039 1072 189 41 foresaw,
2256 1067 132 41 would
2422 1068 105 38 recal
2546 1067 84 39 life,
2657 1068 74 38 and
2761 1067 94 39 with
2893 1080 40 26 re-

1623 1126 164 52 turning
1802 1126 236 50 sensibility,
2053 1124 70 39 the
2139 1123 165 38 keenest
2319 1134 109 25 sense
2440 1121 50 37 of
2503 1120 67 38 the
2585 1119 174 40 inflicted
2773 1119 177 52 injuries.

1676 1179 162 38 Austria
1869 1179 72 38 has
1961 1178 98 39 been
2080 1181 43 33 at
2141 1175 73 39 lac
2236 1174 145 39 kicked
2409 1173 74 38 and
2507 1172 190 39 bulfetted
2717 1178 72 32 out
2807 1172 51 38 of
2881 1170 74 39 her

1623 1235 143 46 torpor
1786 1248 11 27 ;
1827 1231 78 39 and
1926 1241 100 27 even
2052 1228 158 40 Prussia
2228 1228 30 37 is
2275 1258 25 17 g
2306 1227 110 48 iving
2434 1231 223 46 s:.inplonis
2678 1224 46 38 of
2740 1224 211 52 returning

1623 1283 83 46 life,
1724 1281 126 40 whilst
1872 1296 25 26 a
1910 1281 80 39 few
2010 1292 148 40 groans
2173 1279 109 53 procl
2287 1279 80 37 aim
2392 1278 70 38 the
2480 1277 275 38 resuscitation
2776 1277 51 38 of
2845 1277 78 38 Rus-

1620 1335 72 40 sia.
1752 1338 32 35 It
1806 1338 30 35 is
1856 1333 231 53 impossible
2107 1339 45 33 to
2171 1333 102 50 deny
2289 1332 87 37 that
2396 1343 25 25 a
2441 1329 100 39 total
2562 1330 157 50 change
2733 1329 70 38 has
2824 1328 126 39 taken

1622 1387 116 53 place
1765 1388 38 38 in
1824 1388 71 39 the
1912 1387 233 39 sentiments
2164 1385 50 39 of
2235 1384 71 39 the
2326 1381 256 41 Continental
2617 1381 198 45 Cabinets,
2856 1380 93 46 and,

1620 1441 111 39 what
1760 1454 58 26 we
1845 1440 184 39 consider
2068 1439 50 39 of
2148 1437 65 39 far
2256 1441 161 47 greater
2459 1434 263 51 importance,
2759 1433 37 38 in
2832 1433 118 39 those

1620 1493 51 38 of
1694 1493 104 39 their
1824 1494 188 48 subjects.
2095 1491 87 39 The
2209 1489 200 39 excessive
2435 1487 167 48 danger,
2659 1485 70 39 the
2756 1496 167 28 accumu-

1624 1544 129 53 lating
1782 1545 157 46 insults,
1978 1545 70 38 the
2083 1556 124 26 never
2241 1540 159 51 ceasing
2434 1540 224 41 exactions,
2702 1538 102 38 have
2832 1550 94 26 over-

1620 1611 118 27 come
1765 1609 118 41 every
1916 1602 178 34 remoter
2128 1594 298 40 consideration
2447 1607 11 28 ;
2505 1591 93 45 and,
2644 1590 283 40 notwithstand-

1623 1650 66 52 ing
1735 1651 67 38 the
1844 1649 241 53 experience
2130 1646 51 39 of
2209 1646 70 39 the
2319 1649 102 48 past,
2466 1644 226 51 dispiriting
2738 1656 43 26 as
2820 1643 32 37 it
2903 1642 45 45 is,

1620 1702 70 40 the
1710 1702 219 41 resolution
1961 1702 72 38 has
2052 1701 102 38 been
2181 1697 157 52 silently
2369 1697 74 38 and
2474 1694 287 53 progressively
2794 1698 130 35 matur-

1619 1754 86 52 ing,
1734 1760 44 34 to
1799 1754 122 40 make
1959 1752 175 40 another
2161 1750 133 44 ett'ort,
2323 1747 243 41 formidable
2596 1748 106 38 from
2724 1749 69 37 the
2811 1748 116 48 despe-

1620 1813 85 33 rate
1722 1807 229 39 conviction
1967 1806 90 39 that
2083 1805 33 38 it
2148 1804 79 38 will
2255 1804 50 38 be
2320 1801 71 39 the
2409 1805 87 39 lasf,
2530 1805 41 33 to
2611 1812 164 26 recover
2796 1800 155 38 former

1616 1859 159 53 dignity
1794 1859 78 40 and
1893 1857 312 53 independence.
2262 1857 130 48 Every
2413 1852 181 39 delusion
2634 1852 31 37 is
2693 1865 89 25 now
2811 1865 100 24 over
2935 1869 13 27 ;

1617 1925 124 39 every
1778 1916 115 50 petty
1926 1909 207 56 prejudice
2165 1907 78 39 and
2272 1906 126 40 alarm
2422 1905 104 38 have
2559 1903 136 61 finally
2730 1904 190 39 vanished
2935 1920 13 28 ;

1617 1964 77 40 and
1711 1964 71 40 the
1809 1963 185 53 slightest
2030 1959 321 41 demonstration
2370 1957 158 53 against
2546 1961 163 34 Austria
2735 1956 152 39 excites
2904 1970 43 25 as

1618 2017 119 40 much
1759 2019 164 39 interest
1942 2015 77 40 and
2048 2011 293 54 apprehension
2361 2017 43 32 at
2431 2008 132 41 Berlin
2585 2009 79 39 and
2686 2009 191 46 Dresden,
2906 2023 46 24 as

1616 2075 44 34 at
1682 2070 163 39 Vienna.
1904 2069 89 39 The
2021 2066 215 53 provinces
2269 2078 54 26 on
2343 2063 69 39 the
2450 2062 145 45 Rhine,
2626 2062 69 38 the
2714 2061 120 46 Oder,
2867 2062 77 38 and

1616 2122 70 39 the
1702 2122 98 39 Elbe
1812 2120 81 41 will
1913 2120 80 41 feel
2006 2119 71 41 the
2096 2117 105 41 blow
2220 2130 44 27 as
2280 2114 178 54 acutely,
2489 2127 41 26 as
2550 2114 115 39 those
2693 2114 174 39 situated
2897 2126 53 27 on

1618 2174 69 39 the
1704 2176 184 38 Danube.

1667 2229 76 38 We
1760 2231 151 35 cannot
1930 2225 109 54 help,
2069 2237 53 27 on
2143 2224 78 39 this
2249 2220 201 45 occasion,
2472 2218 181 53 alluding
2685 2224 45 34 to
2750 2219 69 39 the
2836 2226 133 46 gross`

1615 2280 394 53 misrepresentation
2028 2277 132 40 which
2186 2275 298 54 predominates
2512 2274 40 38 in
2581 2272 79 39 this
2678 2277 189 46 country,
2889 2284 43 25 re-

1613 2331 125 41 lative
1757 2339 43 33 to
1819 2331 73 40 the
1909 2329 137 41 actual
2065 2341 209 28 resources
2293 2326 50 40 of
2353 2326 178 40 Austria.
2588 2324 112 52 They
2722 2324 103 38 have
2846 2326 102 37 been

1613 2383 150 54 always
1792 2396 97 40 very
1919 2381 302 45 considerable;
2262 2379 79 41 and
2369 2383 119 46 great
2519 2376 131 40 moral
2679 2389 138 27 causes
2845 2376 105 40 have

1612 2451 93 26 now
1723 2435 260 45 contributed
2001 2440 46 34 to
2063 2433 151 41 double
2233 2433 103 39 their
2360 2430 120 41 effect
2499 2430 76 39 and
2601 2434 148 34 extent.
2809 2431 35 38 A
2865 2430 54 38 Go-

1610 2494 229 41 vernment,
1860 2489 98 40 mild
1978 2487 78 40 and
2074 2487 180 40 humane
2271 2484 40 40 in
2331 2484 50 38 its
2394 2481 250 53 operations,
2668 2481 131 39 which
2816 2481 72 39 has
2907 2486 44 34 at

1612 2543 50 39 its
1680 2541 157 43 control
1858 2555 30 27 a
1902 2539 242 54 population
2161 2537 51 43 of
2223 2538 261 45 24,000,000,
2502 2533 229 52 inhabiting
2750 2533 70 40 the
2841 2538 107 34 most

1611 2584 136 51 fertile
1770 2589 215 58 provinces
2000 2593 41 41 in
2062 2594 178 50 Europe,
2272 2601 92 39 may
2383 2585 90 53 defy
2497 2587 67 39 the
2585 2587 136 39 united
2741 2585 142 40 ellbrts
2902 2585 50 38 of

1610 2646 71 41 the
1698 2647 242 47 Continent,
1967 2643 38 41 if
2024 2644 32 39 it
2074 2640 96 57 only
2192 2634 122 47 know
2333 2646 45 34 to
2396 2639 124 39 make
2539 2652 50 25 an
2609 2643 190 44 adequate
2817 2649 69 28 use
2906 2637 48 38 of

1611 2699 50 40 its
1681 2698 130 43 moral
1830 2698 81 41 and
1925 2695 183 57 physical
2126 2707 154 28 means.
2334 2694 128 39 Great
2490 2691 157 44 abuses,
2682 2691 76 38 and
2792 2702 164 38 grosser

1602 2763 158 37 -errors,
1796 2746 222 46 incidental
2052 2753 45 35 to
2120 2746 152 43 human
2309 2744 154 45 affairs,
2484 2743 106 39 have
2615 2741 219 53 prevented
2872 2741 71 39 the

1609 2803 211 54 complete
1843 2800 309 53 Sevelepement
2179 2798 54 41 of
2258 2798 73 41 the
2347 2794 182 43 national
2551 2807 148 39 energy
2717 2811 13 28 ;
2761 2793 76 40 and
2859 2806 66 40 pre-

1604 2855 158 51 judices
1789 2852 242 54 cadmic:lay
2047 2852 81 40 and
2145 2849 283 52 overweening
2447 2846 249 45 confidence,
2717 2846 70 39 the
2805 2846 118 39 unfor-

1602 2911 154 39 inmate
1787 2906 252 44 inheritance
2067 2904 52 40 of
2148 2906 145 44 States,
2322 2915 43 26 as
2383 2900 87 41 well
2491 2914 43 25 as
2554 2898 255 46 individuals,
2841 2898 111 39 have

1609 2959 240 44 occasioned
1865 2957 77 43 the
1955 2962 141 37 recent
2121 2956 260 40 misfortunes
2399 2953 50 40 of
2461 2953 90 40 that
2571 2965 151 40 power.
2779 2953 80 38 But
2880 2950 71 39 the

1609 3011 252 44 infatuation
1879 3011 34 41 is
1939 3024 92 30 now
2057 3022 103 27 over
2174 3024 14 31 ;
2222 3008 79 40 and
2319 3006 70 41 the
2407 3005 86 41 film
2515 3006 31 38 is
2565 3018 40 25 as
2627 3002 240 53 completely
2889 3017 43 26 re-

1602 3065 156 43 :moved
1782 3064 112 43 from
1911 3063 76 41 the
2001 3063 77 54 eyh
2094 3061 53 44 of
2158 3061 71 40 the
2261 3063 188 43 Peasant,
2480 3071 43 26 as
2541 3058 107 38 from
2681 3057 89 38 that
2803 3054 54 41 of
2880 3056 74 39 the.

1602 3118 250 41 .Statesman.
1907 3116 99 40 This
2023 3113 217 56 operation
2256 3113 73 39 has
2365 3111 125 40 taken
2522 3110 131 48 place,
2681 3109 120 39 three
2835 3120 117 39 years

1607 3182 99 43 ago,
1735 3170 77 40 and
1830 3168 111 41 since
1959 3167 91 41 that
2075 3167 120 46 lime,
2225 3167 96 52 they
2342 3164 105 39 have
2466 3176 92 27 seen
2589 3161 150 54 clearly
2769 3162 80 39 and
2868 3161 60 39 dis-

1609 3221 144 56 tinctly
1772 3221 71 41 the
1854 3221 158 51 danger
2027 3219 91 43 that
2131 3231 182 27 menaces
2331 3217 128 39 them.

1662 3274 90 41 The
1769 3274 80 40 late
1865 3270 288 57 organization
2171 3270 50 40 of
2232 3270 69 39 the
2320 3269 175 52 military
2512 3268 111 39 force
2643 3280 52 26 on
2717 3280 24 27 a
2756 3265 93 54 plan
2865 3265 64 40 suf-

1609 3327 143 41 ficient
1774 3331 44 37 to
1846 3324 135 44 alarm
2007 3322 54 43 all
2091 3324 71 40 the
2189 3322 187 53 jealousy
2396 3321 51 40 of
2471 3322 73 39 the
2574 3333 161 38 enemy,
2764 3319 79 38 and
2880 3318 70 40 the

1602 3379 315 54 :appointments
1944 3383 48 35 to
2021 3377 70 39 the
2122 3376 216 43 command
2375 3376 48 39 of
2451 3374 72 39 the
2550 3373 115 51 eight
2700 3385 133 38 corps,
2863 3372 89 38 into

1609 3432 132 40 which
1772 3431 33 40 it
1832 3432 76 39 has
1925 3431 100 39 been
2053 3429 177 46 divided,
2262 3428 109 40 shew
2391 3428 90 39 that
2510 3426 67 39 the
2598 3426 161 39 rentine
2778 3423 78 40 and
2887 3436 45 26 ar-

1610 3488 256 50 rangements
1884 3482 51 43 of
1958 3482 169 53 ordinal)
2127 3482 21 53 ,
2180 3482 118 39 times
2327 3482 104 37 have
2458 3480 100 39 been
2580 3478 144 53 totally
2746 3474 202 54 exploded

1607 3537 110 40 from
1736 3537 70 40 the
1824 3536 193 40 Austrian
2044 3534 194 40 councils.
2296 3535 168 37 Officers
2481 3531 47 39 of
2556 3531 145 43 talent,
2728 3530 50 38 of
2799 3531 154 47 twenty

1609 3601 117 41 years
1757 3589 169 46 service,
1955 3587 51 40 of
2034 3591 105 37 tried
2172 3587 208 51 integrity,
2409 3585 52 39 of
2489 3585 240 51 experience
2760 3583 197 46 acquired

1607 3647 149 44 during
1762 3643 145 52 fifteen
1928 3644 247 45 campaigns,
2203 3639 57 39 fill
2280 3639 69 38 the
2367 3638 148 52 places,
2543 3635 193 51 formerly
2754 3632 195 54 occupied

1610 3697 50 50 by
1696 3694 71 39 the
1798 3693 216 41 miserable
2040 3697 207 35 creatures
2264 3692 48 39 of
2340 3691 176 51 intrigue
2545 3689 78 39 and
2656 3689 209 51 improper
2891 3685 41 38 in-

1610 3749 170 39 fluence.
1835 3746 91 39 The
1958 3745 143 53 genius
2126 3744 50 40 of
2194 3745 71 40 the
2295 3743 220 41 Archduke
2542 3741 178 45 Charles,
2748 3737 201 43 seconded

1611 3801 51 52 by
1693 3800 71 40 the
1791 3798 138 40 efforts
1957 3798 79 40 and
2065 3797 142 40 wishes
2232 3796 47 39 of
2293 3797 67 38 the
2379 3794 259 53 enlightened
2652 3793 73 39 and
2743 3791 209 53 patriotic,

1609 3854 72 38 has
1698 3853 220 40 succeeded
1937 3852 37 39 in
1995 3850 257 50 introducing
2272 3862 24 25 a
2316 3848 167 44 reform,
2511 3847 128 38 which
2661 3846 71 38 has
2748 3841 202 43 extended

1612 3911 41 34 to
1674 3906 72 39 the
1775 3905 197 39 minutest
2006 3904 151 39 branch
2189 3904 48 38 of
2264 3902 69 39 the
2353 3900 176 51 military
2558 3900 282 50 department;
2871 3895 79 40 and

1610 3959 70 38 the
1701 3961 122 48 Army
1851 3957 73 39 has
1948 3961 74 34 not
2049 3956 94 53 only
2176 3954 202 40 increased
2398 3956 38 37 in
2458 3951 197 56 physical,
2683 3951 76 39 but
2790 3948 90 41 also
2909 3948 43 39 in

1611 4011 146 46 moral,
1776 4010 198 51 strength.

1661 4065 74 37 We
1755 4064 103 37 have
1878 4062 120 52 lately
2010 4062 119 51 given
2151 4074 48 26 an
2220 4061 184 39 estimate
2424 4058 53 40 of
2489 4057 48 39 its
2558 4055 223 43 numerical
2802 4056 148 43 force;

1610 4116 77 39 and
1704 4122 56 33 we
1775 4115 78 40 still
1877 4115 154 38 believe
2057 4114 93 39 that
2180 4115 47 37 its
2249 4111 163 53 regular
2430 4124 131 38 army,
2593 4111 38 38 in
2653 4110 233 53 opposition
2907 4111 46 34 to

1609 4170 69 38 the
1711 4168 110 40 Paris
1852 4167 146 39 article
2031 4166 189 45 inserted,
2267 4170 48 45 by
2347 4167 226 46 authority,
2609 4163 39 40 in
2683 4165 70 39 the
2789 4160 163 53 Leyden

1607 4222 188 45 Gazette,
1814 4226 191 35 amounts
2024 4225 43 37 to
2089 4232 113 28 more
2222 4219 99 41 than
2341 4222 175 45 300,000
2537 4230 90 28 men
2644 4234 12 31 ;
2685 4214 206 52 exclusive
2909 4209 57 45 of

1667 4083 69 19 we
1755 4083 103 18 nave
1879 4083 119 31 lately
2010 4083 119 30 given
2151 4083 48 17 an
2220 4083 184 17 esurnate
2424 4083 41 15 of

1609 4120 44 89 thea
1654 4120 17 35 n
1671 4116 15 39 d
1704 4128 20 26 tv
1724 4128 11 26 -
1739 4119 33 37 e

1711 4115 142 93 Parisstill
1854 4180 22 26 a
1905 4172 15 34 t

1877 4115 154 90 believel

1852 4167 146 39 article
2057 4114 93 39 that

2031 4166 189 45 inserted,

1607 4222 188 46 Gazette,
1814 4226 191 35 amounts
2024 4225 43 37 to
2089 4232 113 28 inure
2222 4219 99 41 than
2489 4083 48 13 its
2558 4083 223 14 liumericas
2804 4083 113 11 14/[lr
2934 4083 15 15 ;

2180 4115 27 37 it
2213 4128 14 24 s
2249 4111 163 53 regular

2267 4116 81 89 b
2349 4116 21 87 a
2376 4126 26 78 ri
2402 4126 13 78 ;

2419 4124 21 79 iz
2440 4124 11 79 a
2451 4124 11 79 o
2461 4124 11 79 r
2472 4124 11 79 i
2483 4124 11 79 m
2493 4124 21 79 .i

2506 4126 13 87 j
2519 4126 13 87 y
2532 4126 14 87 y
2546 4126 14 87 ,
2593 4111 19 60 ii
2611 4111 9 60 .
2621 4111 9 60 )
2653 4110 208 53 opposition
2862 4110 6 103 i
2868 4110 6 103 e
2874 4110 6 103 o
2880 4110 6 103 y
2885 4110 6 103 n
2891 4110 6 103 d

2901 4111 17 86 e
2917 4111 35 86 t:

2341 4222 175 45 300,900
2537 4230 90 28 men
2644 4234 12 31 ;
2685 4214 206 52 exclusive
2909 4209 57 45 of

2767 4335 7 7 .
3273 4326 18 18 •

2593 156 249 50 MARCH
2882 159 76 50 12.

3204 1332 47 139 t;
