3413 4441
1102 66 145 50 THE
1284 61 378 56 NATIONAL
1697 58 378 57 REGISTER.

236 195 156 37 Colonel
423 198 168 35 Gordon.
656 200 59 37 He
750 207 91 31 next
866 202 122 34 called
1019 203 64 33 the
1109 203 181 34 attention
1322 201 46 35 of
1395 202 61 33 the
1483 201 71 33 Gen-

234 244 138 33 tlemen
390 250 37 28 to
458 246 64 37 the
552 248 220 35 mysterious
802 254 86 30 note
914 250 125 34 which
1063 250 77 34 had
1173 252 87 33 been
1291 249 66 34 the
1383 247 141 47 subject
1540 247 41 33 of

236 292 89 34 such
360 293 220 45 lengthened
589 283 13 8 V
613 296 72 33 and
728 296 139 34 minute
907 296 215 37 discussion.
1195 298 37 33 It
1265 307 92 30 was,
1390 296 187 34 however,

236 339 161 44 viewed,
424 343 35 33 in
493 343 191 34 whatever
715 354 81 35 way
823 345 229 43 considered,
1081 346 85 34 that
1194 345 90 34 kind
1311 343 47 35 of
1385 344 193 43 testimony

235 386 146 41 which,
410 389 33 34 in
467 402 25 22 a
508 394 107 33 court
631 390 46 35 of
689 392 90 41 law,
809 392 122 35 where
959 392 83 41 life,
1058 394 158 43 liberty,
1232 392 69 35 and
1325 391 196 37 character
1539 389 43 35 of

237 445 74 34 any
333 446 130 33 person
485 448 96 25 were
598 441 112 32 under
725 439 286 43 consideration,
1041 441 123 34 would
1181 441 45 34 be
1246 439 148 35 treated
1414 438 87 34 with
1526 439 35 33 in-

239 482 211 46 difference.
508 485 34 34 It
560 498 91 30 was,
678 487 33 33 in
726 487 150 45 reality,
894 498 46 24 no
958 488 138 44 ground
1115 488 60 34 for
1192 487 146 45 guiding
1363 485 162 35 decision
1543 484 35 34 in

241 540 25 25 a
281 539 105 26 court
404 531 45 34 of
454 531 159 46 justice.
665 534 79 35 The
763 539 85 31 note
874 546 76 26 was
966 536 86 34 then
1081 536 90 34 read
1188 536 47 44 by
1254 536 63 33 the
1336 533 242 37 Honourable

249 578 171 37 Member
435 592 63 22 :--

390 627 94 35 have
511 630 169 35 received
704 641 92 34 your
822 634 100 34 note.
973 630 165 47 Tonyn's
1155 631 158 38 business
1331 633 97 35 must
1444 627 135 43 remain

244 684 43 26 as
304 672 31 35 it
352 677 41 33 is.
448 677 84 34 God
553 678 96 34 bless

295 720 59 41 He
371 725 117 34 asked
506 724 98 35 after
628 726 63 33 the
705 726 146 46 perusal
867 725 43 34 of
921 726 73 34 this
1011 732 100 34 note,
1140 725 164 35 whether
1320 724 67 35 the
1403 724 176 44 language

247 772 45 34 of
300 774 28 33 it
346 772 105 34 could
481 772 44 34 be
546 774 191 44 perverted
756 775 47 44 by
827 784 70 34 any
918 774 191 46 impartial
1128 784 81 24 man
1233 774 76 33 into
1324 783 26 24 a
1378 772 133 43 charge
1539 771 46 34 of

246 822 120 33 undue
396 820 178 35 influence
591 822 141 43 against
750 821 56 34 his
840 822 122 43 Royal
990 822 206 44 Highness?
1225 821 59 35 He
1309 819 72 35 had
1401 830 46 22 no
1465 820 116 34 doubt

247 868 85 35 that
347 868 214 35 Gentlemen
581 869 123 33 would
728 869 191 40 recollect,
944 879 41 25 as
1002 880 22 24 a
1039 875 97 28 most
1163 870 201 44 important
1383 866 91 44 fact,
1500 866 79 37 that

248 917 110 33 when
385 917 163 44 Captain
568 917 143 34 Sandon
738 917 165 34 received
921 917 83 44 that
1030 922 100 35 note,
1156 918 30 32 it
1213 926 72 24 was
1303 915 162 33 inclosed
1481 914 35 33 in
1533 926 46 22 an

246 964 200 44 envelope,
472 963 64 33 the
554 964 191 44 post:nark
770 963 45 34 of
830 964 126 44 which,
986 976 72 22 was
1084 964 109 34 dated
1213 965 70 32 five
1298 961 92 46 days
1408 963 94 34 after
1520 963 60 34 the

247 1011 217 45 promotion
480 1009 44 34 of
539 1012 113 44 Capt.
671 1011 141 43 Tonyn.
841 1012 80 39 The
939 1012 85 44 only
1044 1012 202 38 remaining
1257 1010 139 45 charge
1410 1020 74 24 was
1500 1011 79 35 that

249 1058 126 34 which
398 1057 72 34 had
490 1058 46 33 its
554 1059 72 33 rise
653 1058 34 33 in
704 1058 59 34 the
781 1069 80 24 case
883 1058 46 34 of
948 1059 144 37 Samuel
1115 1059 145 33 Carter.
1311 1058 65 34 Ile
1402 1059 178 44 sincerely

248 1106 159 41 wished,
418 1104 61 34 for
490 1106 64 34 the
568 1106 139 33 honour
722 1106 70 33 and
809 1106 154 45 feelings
976 1106 41 34 of
1031 1107 61 35 the
1113 1108 139 40 House,
1267 1107 83 34 that
1367 1106 65 34 the
1448 1106 133 45 charge

248 1152 77 40 bad
343 1159 63 27 not
435 1153 92 34 been
552 1152 158 44 brought
737 1152 177 37 forward.
977 1154 79 34 The
1072 1165 123 34 young
1219 1165 96 32 man,
1342 1154 130 35 whose
1496 1165 66 35 pro-

248 1202 145 44 ;notion
426 1200 96 33 from
563 1211 24 25 a
630 1201 74 33 low
745 1201 191 41 situation,
984 1202 67 33 had
1098 1204 93 33 been
1238 1213 39 22 so
1323 1202 165 44 strongly
1528 1204 37 32 in-

249 1248 116 34 sisted
406 1258 100 37 upon
547 1248 47 44 by
643 1247 103 34 those
791 1248 215 34 Gentlemen
1057 1250 89 33 who
1192 1248 69 34 had
1304 1248 211 39 considered
1553 1250 27 34 it

249 1306 45 25 as
333 1294 64 35 the
418 1302 84 39 just
528 1294 139 47 ground
700 1294 44 33 of
777 1297 214 34 accusation
1029 1298 145 44 against
1217 1297 54 33 his
1304 1296 128 45 Royal
1462 1297 97 45 High-

250 1354 98 31 ness,
389 1354 72 22 was
491 1350 61 26 not
594 1345 65 32 the
691 1342 176 46 offspring
896 1343 45 35 of
963 1346 86 33 base
1080 1345 73 34 and
1181 1344 197 44 unworthy
1422 1351 158 37 parents,

249 1391 70 34 but
340 1390 60 35 the
417 1390 176 44 offipring
613 1389 46 34 of
678 1400 24 25 a
728 1396 150 30 veteran
906 1393 137 37 Officer
1069 1393 87 33 who
1178 1391 69 34 had
1272 1391 45 34 of
1339 1402 130 25 course
1493 1393 85 34 such

252 1439 149 34 natural
424 1439 146 32 interest
596 1439 37 32 in
658 1439 54 33 his
745 1439 169 43 welfare,
940 1450 40 22 as
1005 1444 39 30 to
1076 1440 228 41 recommend
1337 1440 78 37 him
1441 1439 57 34 for
1514 1452 47 32 ap-

253 1486 209 44 pointment
476 1485 196 34 whenever
687 1496 24 22 a
730 1496 159 34 vacancy
909 1487 117 44 might
1043 1492 146 41 present
1206 1486 110 35 itself.
1345 1488 40 33 It
1396 1488 184 44 appeared

253 1533 84 41 that
370 1532 61 33 the
450 1533 337 34 recommendation
817 1534 70 33 had
907 1535 92 33 been
1024 1535 105 33 made
1150 1535 34 33 in
1217 1535 104 40 1801,
1355 1533 106 35 three
1476 1545 106 33 years

249 1579 133 35 before
402 1579 90 35 Mrs.
515 1580 144 37 Clarke
677 1591 71 24 was
759 1581 222 45 acquainted
999 1592 44 25 or
1054 1583 195 35 connected
1272 1581 90 34 with
1384 1581 57 33 his
1459 1583 123 45 Royal

254 1628 201 43 Highness.
498 1628 83 34 The
595 1639 103 22 name
711 1628 46 34 of
767 1630 144 38 Samuel
926 1628 132 37 Carter
1080 1641 76 24 was
1172 1630 144 37 entered
1333 1630 37 34 in
1385 1629 63 35 the
1466 1631 117 33 hooks

248 1675 202 46 'carding
477 1680 39 30 to
549 1674 61 34 the
637 1677 100 34 usual
767 1677 145 34 routine
926 1678 69 33 and
1005 1682 156 37 custom,
1178 1682 38 34 to
1233 1680 44 32 be
1292 1678 149 34 noticed
1461 1680 97 33 when-

254 1731 90 33 rver
359 1733 22 22 a
400 1731 162 35 vacancy
580 1724 131 32 should
729 1734 124 26 occur.
906 1724 33 33 A
970 1735 162 35 vacancy
1154 1724 66 33 had
1250 1726 87 44 long
1365 1724 215 35 afterwards

253 1769 197 40 occurred,
476 1770 72 33 and
574 1770 64 33 the
658 1781 118 35 young
801 1782 80 24 man
900 1783 77 24 was
998 1772 208 45 appointed
1220 1778 39 28 at
1276 1772 64 34 the
1355 1782 152 37 express
1524 1783 38 24 re-

253 1817 315 44 commendation,
598 1820 70 32 and
691 1820 33 31 in
746 1830 244 34 consequence
1007 1820 43 34 of
1065 1821 63 33 the
1147 1820 164 34 renewed
1329 1822 253 43 applications

260 1864 45 34 of
332 1865 54 33 his
417 1864 152 35 friends.
625 1866 72 39 His
724 1866 122 44 Royal
878 1867 181 44 Highness
1084 1869 139 39 would,
1256 1869 35 34 in
1337 1869 150 45 reality,
1512 1879 46 35 ap-

252 1922 94 38 pear
365 1922 100 25 more
483 1912 156 34 entitled
670 1919 38 27 to
724 1915 292 34 commendation
1048 1915 90 37 than
1167 1925 144 24 censure
1336 1916 73 33 and
1428 1917 148 35 rebuke.

250 1961 83 32 Air.
354 1959 142 34 Burton
515 1959 85 34 here
617 1961 148 34 entered
785 1962 76 33 into
881 1974 22 22 a
919 1961 111 35 series
1042 1963 45 33 of
1094 1963 145 44 general
1258 1963 254 39 observations
1534 1975 46 24 on

253 2007 67 38 the
344 2007 197 34 education
557 2008 168 37 received
744 2010 47 43 by
811 2009 63 39 the
893 2010 132 35 Prince
1042 2010 44 34 of
1106 2011 120 33 Wales
1240 2011 70 33 and
1330 2011 64 43 the
1416 2011 109 34 Duke
1541 2011 45 34 of

411 2055 124 34 which
567 2054 46 35 he
630 2056 194 34 conceived
844 2057 122 33 would
993 2059 45 33 he
1067 2057 115 34 found
1213 2065 35 26 to
1279 2060 45 32 be
1341 2069 25 22 a
1391 2070 87 33 very
1496 2070 64 22 con-

249 2102 189 40 siderable
451 2104 243 34 extenuation
718 2104 44 33 of
776 2104 216 37 inattention
1009 2106 70 34 and
1097 2106 250 44 imprudence,
1369 2107 35 33 in
1426 2107 60 35 the
1506 2118 52 30 ma-

253 2154 197 40 nagement
461 2150 45 33 of
516 2151 98 33 their
632 2151 164 35 financial
815 2161 187 27 concerns.
1051 2153 64 34 He
1135 2153 66 34 nad
1221 2154 201 34 conversed
1440 2167 43 21 on
1500 2156 80 33 that

254 2197 145 45 subject
420 2207 40 27 go
474 2196 58 37 far
548 2199 96 33 back
657 2209 39 22 as
709 2198 113 45 thirty
842 2210 106 33 years
965 2211 85 34 ago,
1069 2202 93 32 with
1181 2200 60 33 the
1260 2202 217 37 Gentleman
1496 2204 84 33 who

259 2246 72 33 bad
346 2246 87 33 been
448 2245 157 33 selected
620 2250 39 30 to
672 2246 97 33 instil
790 2246 76 33 into
886 2248 98 34 their
1000 2249 115 33 minds
1135 2248 243 38 theelements
1390 2250 70 34 and
1481 2251 79 34 rudi-

254 2300 115 28 ments
385 2293 43 33 of
439 2293 234 44 knowledge,
691 2293 69 34 and
776 2306 74 22 was
862 2296 203 43 explicitly
1081 2295 178 34 informed
1278 2298 80 32 that
1380 2298 87 40 they
1482 2308 98 25 were

255 2341 198 33 instructed
483 2340 34 33 in
534 2352 115 32 every
667 2341 113 32 useful
802 2343 67 32 and
892 2343 132 33 relined
1054 2344 137 33 branch
1207 2344 40 33 of
1261 2344 235 45 knowledge,
1517 2347 61 32 but

253 2389 67 32 the
346 2396 96 24 mere
464 2388 181 41 practical
665 2394 57 27 art
739 2388 44 32 of
798 2391 144 44 turning
958 2400 130 32 money
1107 2401 39 21 ro
1165 2391 96 33 their
1276 2392 128 44 profit.
1455 2392 56 35 Of
1519 2393 60 33 the

254 2435 105 34 usual
379 2444 118 25 means
517 2434 44 33 of
574 2435 211 44 converting
798 2446 128 34 money
950 2438 73 33 into
1043 2447 145 24 sources
1202 2438 41 33 of
1252 2439 99 33 their
1372 2450 85 25 own
1476 2443 84 33 bene-

255 2483 44 33 fit
314 2483 85 44 they
419 2491 99 26 were
536 2481 94 45 kept
646 2481 34 33 in
694 2484 180 44 complete
889 2484 209 44 ignorance.
1154 2486 78 33 The
1252 2487 183 43 practical
1454 2489 103 33 know-

252 2530 111 41 ledge
379 2539 72 27 was
475 2529 143 34 neither
635 2530 117 37 suited
771 2536 35 27 to
836 2531 61 33 the
917 2532 113 33 views
1048 2532 130 34 before
1195 2533 111 44 them,
1323 2543 72 25 nor
1422 2535 60 34 the
1499 2536 60 44 dig-

253 2577 115 35 nified
384 2577 67 34 and
470 2577 117 43 proud
605 2576 152 45 feelings
772 2577 46 33 of
836 2580 60 32 the
907 2587 152 37 country
1076 2585 39 26 to
1135 2580 120 35 which
1280 2582 91 44 they
1391 2584 188 44 belonged.

255 2626 126 33 There
398 2634 78 24 was
504 2624 78 33 also
617 2634 25 24 a
669 2626 257 33 circumstance
944 2627 43 33 of
1012 2629 171 41 peculiar
1213 2629 136 44 weight
1384 2630 37 33 in
1453 2630 131 37 favour

254 2672 46 33 of
319 2672 54 32 his
402 2670 125 44 Royal
561 2670 209 43 Highness's
796 2673 208 41 innocence,
1020 2676 69 31 Levi
1121 2676 80 33 that
1225 2678 263 33 circumstance
1508 2691 76 24 was

252 2730 40 26 so
307 2719 255 43 satisfactory,
580 2719 70 32 and
669 2720 142 33 carried
828 2721 90 32 %vitt,
937 2722 27 32 it
973 2724 85 32 suc:i
1076 2724 209 44 impressive
1300 2726 226 41 conviction,
1545 2738 39 22 as

248 2773 44 28 to
312 2766 86 34 defy
416 2766 64 33 the
510 2772 90 28 most
621 2766 136 34 minute
788 2772 176 39 scrutiny,
998 2771 66 31 and
1102 2776 38 26 to
1159 2771 132 34 silence
1317 2781 115 24 ever'
1453 2776 128 32 doubt.

330 2815 152 33 alluded
511 2823 35 24 to
582 2813 64 33 the
676 2815 70 37 line
764 2815 43 32 of
828 2816 151 33 couditet
1002 2818 155 41 pursued
1178 2820 44 41 by
1245 2819 53 34 his
1319 2819 123 41 Roval
1466 2820 118 44 High-

252 2872 81 24 Less
356 2863 34 32 is
407 2862 219 44 emp;o)ing
691 2872 27 21 r.
744 2863 164 41 Lowten,
944 2872 37 24 to
1002 2867 86 32 take
1106 2876 113 33 every
1251 2868 159 43 possible
1430 2870 103 41 pains
1548 2871 39 32 of

282 2909 70 43 tam
352 2909 22 43 i
374 2909 24 43 n
398 2909 47 43 io
445 2909 24 43 g
500 2910 74 31 into
600 2911 63 30 the
691 2914 131 38 system
854 2910 41 32 of
920 2911 116 44 living
1052 2911 161 44 adopted
1241 2915 46 43 by
1317 2915 96 33 Mrs.
1433 2917 150 34 Clarke.

250 2957 250 41 Exclusively
521 2957 43 31 of
576 2957 63 32 the
656 2956 252 45 deprivations
934 2959 111 33 under
1077 2961 122 33 which
1221 2962 44 32 he
1291 2962 180 37 laboured
1486 2965 94 44 (Mr.

289 3014 107 24 urtGO
430 3006 65 34 has
513 3005 90 32 been
620 3004 85 44 long
717 3004 181 45 deprived
922 3006 43 33 of
981 3007 133 43 sight),
1137 3008 44 34 he
1213 3019 71 24 was
1304 3011 150 45 rapidly
1479 3013 107 44 going

249 3052 111 34 down
379 3050 61 40 the
461 3052 67 32 hill
548 3052 44 32 of
609 3050 81 41 life,
717 3052 72 33 and
807 3053 137 32 looked
963 3060 35 26 to
1018 3056 63 32 the
1098 3057 109 32 other
1232 3057 76 33 side
1325 3057 46 33 of
1383 3058 61 34 the
1459 3070 124 33 grave.

248 3100 46 33 In
322 3102 54 40 ;it
390 3100 60 41 lug
477 3100 56 31 his
559 3099 154 44 opinion
731 3098 44 34 of
801 3102 60 31 the
880 3102 151 43 charges
1063 3104 45 30 he
1141 3105 106 37 could
1280 3107 304 46 conscientiously

246 3150 162 31 eeci,ltc.
438 3145 84 34 that
541 3146 53 33 his
602 3145 193 45 judgment
814 3158 73 22 was
901 3149 116 44 solely
1037 3150 135 43 guided
1191 3152 47 43 by
1257 3151 60 34 the
1337 3164 93 32 pure
1452 3155 115 43 princi-

247 3196 80 45 ples
346 3195 43 32 of
396 3194 157 45 jugice,
578 3195 71 32 and
680 3206 73 21 was
781 3195 144 44 strictly
945 3197 252 34 conformable
1213 3206 39 27 to
1279 3198 63 33 the
1369 3201 216 44 impression

252 3242 125 32 which
398 3243 72 32 had
489 3244 86 31 been
596 3241 105 34 made
720 3253 97 34 upon
834 3242 56 35 his
908 3244 96 33 mind
1018 3246 47 45 by
1088 3246 60 33 the
1166 3249 191 43 testitnony
1382 3250 125 33 before
1526 3252 60 33 the

276 3292 116 32 touse.

300 3339 70 32 Mr.
390 3337 130 37 CCIlw
529 3346 54 24 EN
607 3347 78 24 wag
702 3347 128 24 averse
850 3346 39 25 to
907 3339 182 35 members
1107 3343 152 44 making
1272 3353 25 22 a
1324 3343 204 45 profession
1546 3345 45 34 of

240 3387 67 33 %he
326 3386 128 45 purity
474 3385 45 32 of
531 3385 99 32 their
647 3387 169 40 motives,
843 3387 122 33 which
990 3398 72 22 was
1078 3400 24 21 a
1119 3390 165 44 practice
1297 3390 80 35 that
1397 3392 70 34 had
1481 3399 104 38 crept

242 3435 39 33 in
300 3433 43 33 or
371 3433 77 33 late
465 3442 124 35 years,
614 3433 72 33 and
716 3444 74 22 was
822 3433 185 34 unknown
1043 3436 32 32 in
1075 3436 17 32 ,
1104 3437 63 32 the
1187 3438 116 33 better
1324 3441 93 41 days
1452 3441 41 32 of
1524 3442 61 33 the

242 3472 18 45 .
260 3472 113 45 ..Howe
385 3482 45 31 of
444 3481 215 34 Commons.
691 3481 56 33 He
767 3482 123 32 would
907 3484 110 31 make
1035 3494 46 25 no
1101 3484 203 45 profession
1324 3485 45 34 of
1383 3489 61 32 the
1461 3490 120 45 purity

241 3530 45 37 a
300 3529 54 33 his
373 3530 174 38 motives,
574 3529 65 32 but
672 3528 40 33 1:e
742 3530 124 32 would
883 3536 107 34 state,
1016 3541 38 24 as
1071 3543 24 21 a
1121 3533 100 44 plain
1240 3544 97 32 man,
1358 3535 64 33 the
1441 3547 144 25 reasons

240 3576 125 35 which
389 3575 122 34 would
543 3576 131 33 induce
693 3576 71 33 him
785 3582 37 27 to
841 3578 83 43 give
956 3579 56 32 his
1041 3587 85 25 vote
1143 3587 170 38 contrary
1337 3591 37 25 to
1395 3583 60 33 the
1480 3583 98 35 Hon.

236 3624 223 41 Gentleman
496 3624 84 38 who
611 3625 120 43 spoke
764 3624 130 35 before
924 3625 91 40 him,
1065 3627 84 33 The
1182 3630 98 33 lion.
1310 3630 171 35 Member
1495 3632 86 35 then

236 3672 208 46 proceeded
468 3676 39 28 to
526 3671 249 44 recapitulaie
795 3672 146 34 various
958 3678 99 38 parts
1071 3676 46 33 of
1128 3674 60 34 the
1204 3676 193 45 evidence,
1415 3679 67 33 and
1498 3691 64 24 con-

231 3715 152 52 fended,
410 3719 83 34 that
516 3719 32 32 if
561 3719 172 35 absolute
750 3722 220 41 corruption
991 3720 69 34 had
1078 3728 63 28 not
1161 3723 87 34 been
1267 3728 146 40 proved
1441 3729 141 41 against

320 3767 111 39 puke
459 3768 44 31 of
527 3767 128 39 York,
685 3768 41 31 lie
759 3768 69 31 hail
849 3769 90 32 been
958 3771 193 32 convicted
1178 3771 43 33 of
1234 3772 187 43 orgligent
1442 3776 119 34 remiss-

229 3826 97 28 %msg.
351 3816 70 33 and
442 3814 189 34 therefore
652 3826 72 24 was
743 3815 90 37 unfit
861 3822 38 27 to
920 3827 44 31 ike
983 3819 195 40 continsted
1196 3819 32 33 in
1250 3821 60 34 L!ie
1329 3823 190 34 command
1539 3826 45 32 of

228 3854 65 45 ttl'e
308 3873 122 30 army.

279 3912 80 34 The
378 3912 61 40 ;:ft
489 3920 207 39 tycw,ort
716 3909 45 34 of
783 3912 64 32 the
867 3912 285 41 Excirtr.Qtirtt
1183 3925 77 24 rose
1290 3918 133 44 nearly
1448 3924 37 30 at
1515 3919 63 34 the

228 3960 97 40 bouts
344 3958 43 37 of
405 3959 45 37 ;2
465 3958 169 37 o'clock.
673 3959 53 32 He
742 3961 94 38 said,
860 3960 80 33 that
959 3961 180 43 although
1161 3963 43 33 he
1221 3964 137 34 %I:kited
1381 3972 35 27 to
1435 3966 143 35 deliver

224 4002 300 45 aleskentiments
541 4013 40 27 at
599 4017 47 22 an
665 4007 104 44 early
794 4007 105 40 hour,
931 4007 43 33 he
1002 4007 67 34 felt
1090 4010 26 32 it
1136 4010 71 34 due
1225 4017 37 26 to
1289 4013 61 33 the
1370 4024 124 34 years,
1514 4015 63 34 the

222 4055 248 46 ,txperiencv,
500 4055 70 33 arid
589 4055 63 33 the
669 4055 293 44 acknowledged
985 4056 123 35 worth
1128 4057 45 33 of
1194 4058 60 34 the
1274 4059 102 34 lion.
1409 4062 167 37 Member

327 4103 123 46 sikoice
469 4103 74 38 last
560 4104 66 34 but
646 4113 67 25 et:e
730 4102 35 37 in
787 4103 61 35 the
863 4103 138 41 debate
1017 4106 97 45 (Mr,
1137 4106 172 50 Liurto::),
1329 4114 41 34 to
1385 4110 85 45 give
1491 4121 81 34 way

2576 64 252 51 MARCH
2875 69 77 47 19.

1642 197 67 34 and
1728 208 144 35 repress
1900 198 54 34 his
1982 200 136 35 desire.
2169 200 84 35 The
2270 201 135 44 speech
2435 202 191 34 delivered
2656 203 48 41 by
2726 201 84 35 that
2829 203 133 32 Gentle-

1644 256 80 24 man
1755 256 76 25 was
1861 247 35 35 in
1923 257 115 35 every
2065 248 107 46 point
2190 248 45 34 of
2261 249 97 34 view
2383 260 41 24 as
2440 250 105 40 able,
2572 248 219 46 important,
2817 249 67 34 and
2915 252 47 32 im-

1644 292 161 46 pressive
1821 305 40 25 as
1889 305 72 35 any
1978 305 70 25 one
2063 306 89 25 ever
2176 295 195 35 addressed
2401 298 35 33 in
2470 296 58 34 his
2557 296 242 34 recollection
2831 304 39 27 to
2897 296 85 34 that

1645 343 138 33 House.
1841 343 38 34 It
1898 354 72 27 was
1991 343 57 35 his
2068 343 178 38 intention
2268 350 37 27 to
2323 356 177 34 propose,
2529 344 109 35 when
2663 344 63 34 the
2744 345 136 34 debate
2907 356 80 24 was

1644 391 178 43 resumed,
1839 402 41 25 as
1891 400 24 24 a
1931 392 215 43 resolution,
2167 391 67 41 Ist,
2246 392 100 33 That
2355 392 154 44 charges
2524 391 136 45 having
2675 392 92 34 been
2784 391 200 35 exhibited

1641 437 142 46 against
1807 441 53 32 his
1881 438 123 45 Royal
2027 438 182 45 Highness
2223 439 64 41 thy;
2313 439 112 34 Duke
2439 439 46 33 of
2496 441 132 40 York,
2654 439 45 33 of
2709 441 219 45 corruption
2944 441 39 34 is

1642 485 63 34 the
1721 485 164 46 disposal
1902 485 44 34 of
1957 497 105 34 army
2087 487 248 45 promotions,
2361 485 69 35 &c.
2452 497 46 25 or
2528 491 154 40 corrupt
2700 488 226 33 connivance
2943 488 40 33 in

1643 533 61 34 the
1730 533 165 47 disposal
1912 531 162 44 thereof,
2100 534 30 34 it
2160 535 30 32 is
2218 534 65 34 the
2315 534 167 35 bounden
2517 535 94 43 duty
2644 534 44 33 of
2709 534 67 37 the
2798 534 129 37 House
2944 543 40 27 to

1643 591 209 35 pronounce
1869 593 24 24 a
1910 581 149 35 decided
2067 580 194 47 judgment
2274 592 96 35 upon
2387 582 105 34 those
2509 581 170 45 charges.

1689 630 117 44 That,
1822 630 97 35 after
1933 640 44 24 an
1990 631 182 33 attentive
2183 630 255 34 examination
2456 630 44 33 of
2515 640 26 21 s
2554 630 159 40 itliestes,
2731 630 73 34 and
2817 640 24 22 a
2859 630 103 45 rigor-

1642 687 65 24 ous
1722 678 256 43 investigation
1996 677 45 34 of
2062 676 228 40 documents,
2309 676 104 35 there
2438 676 193 46 appeared
2647 681 37 28 to
2706 676 64 34 the
2790 677 125 34 House
2935 689 48 22 no

1641 725 139 45 ground
1795 730 39 30 to
1854 730 145 40 suspect
2024 724 57 34 his
2108 724 128 46 Royal
2263 724 187 43 Highness
2474 730 39 30 to
2533 726 46 32 be
2596 724 118 44 guilty
2743 723 47 38 of
2800 735 73 34 any
2895 735 67 34 per-

1642 772 100 34 sonal
1761 772 234 45 corruption,
2011 783 43 24 or
2070 783 71 33 any
2159 772 169 45 personal
2342 772 224 34 connivance
2583 772 34 33 in
2635 771 61 34 the
2708 771 133 38 abuses
2858 772 123 33 which

1644 820 71 34 had
1734 821 92 33 been
1844 821 139 45 proved
2007 824 38 31 to
2061 821 98 34 exist
2174 820 35 34 in
2225 820 110 34 other
2349 827 182 38 quarters.
2589 819 39 39 If
2641 819 100 35 these
2760 819 226 35 resolutions

1648 879 94 25 were
1772 868 159 41 carried,
1950 869 60 34 the
2031 867 118 47 Right
2166 867 104 38 Hon.
2301 867 215 37 Oentleman
2531 867 98 41 said,
2662 866 45 35 he
2735 867 133 37 should
2896 867 90 35 then

1644 927 106 22 move
1768 926 45 24 an
1833 917 157 33 Address
2017 919 39 30 to
2087 917 53 33 his
2172 908 181 52 Majesty,
2378 918 180 44 carrying
2587 921 38 27 to
2654 914 64 34 the
2747 914 81 34 foot
2855 915 44 33 of
2920 915 66 33 the

1644 965 130 33 throne
1788 963 64 35 the
1865 964 201 38 resolution
2083 963 44 37 of
2138 963 197 45 acquittal.
2385 963 100 35 That
2500 961 63 37 the
2576 961 126 35 House
2719 961 46 34 of
2772 963 211 40 Commoaq,

1645 1012 34 34 in
1695 1022 246 33 consequence
1958 1011 45 34 of
2013 1010 141 35 serious
2180 1011 116 44 charg
2298 1020 37 24 es
2354 1010 133 45 having
2517 1011 93 35 been
2633 1010 104 34 made
2753 1010 146 44 against
2927 1010 60 34 his

1649 1059 122 44 Royal
1791 1058 182 45 Highness
1990 1059 63 33 the
2074 1058 202 34 Command
2278 1069 41 24 er
2343 1058 37 34 in
2408 1058 128 43 Chief,
2569 1057 70 35 had
2667 1069 93 33 gone
2779 1059 78 33 into
2875 1069 24 24 a
2916 1059 47 34 mi-

1644 1113 84 28 nute
1748 1107 260 43 investigation
2027 1106 44 33 of
2082 1106 105 34 those
2203 1106 152 45 charges
2379 1107 71 34 and
2474 1110 98 31 most
2588 1106 190 45 distinctly
2793 1106 194 46 acquitted

1646 1154 56 35 his
1721 1155 125 44 Royal
1861 1154 183 43 Highness
2061 1153 46 35 of
2117 1154 51 38 all
2185 1153 223 44 knowledge
2424 1154 54 43 of,
2492 1165 45 25 or
2556 1153 270 45 participation
2845 1154 53 43 in,
2909 1155 78 44 any

1644 1204 130 32 abuses
1793 1201 44 34 of
1850 1202 167 44 military
2048 1207 221 39 patronage.
2322 1201 54 33 To
2394 1212 156 34 express
2582 1209 35 25 to
2644 1200 53 34 his
2726 1200 164 46 Majesty
2922 1202 65 33 the

1644 1248 231 37 satisfaction
1897 1248 84 46 they
2002 1248 72 37 had
2091 1248 149 34 derived
2259 1248 96 33 from
2382 1250 64 33 the
2474 1259 111 34 many
2615 1247 112 34 useful
2759 1248 229 45 regulations

1648 1298 119 34 which
1791 1298 71 33 had
1890 1298 87 33 been
2006 1296 146 35 carried
2180 1296 79 34 into
2291 1296 109 35 effect
2427 1297 113 34 under
2567 1294 63 35 the
2657 1296 172 45 auspices
2855 1296 45 34 of
2921 1296 66 34 the

1650 1345 111 34 Duke
1780 1345 44 34 of
1838 1345 116 35 York
1972 1345 35 33 in
2026 1343 61 37 the
2104 1343 242 35 Commander
2359 1344 35 44 in
2413 1343 155 37 Chief's
2583 1343 130 37 o.:tice,
2730 1343 154 34 and-the
2896 1343 90 45 high

1644 1398 96 28 state
1756 1393 45 34 of
1815 1393 200 45 discipline
2033 1397 38 28 to
2091 1393 120 34 which
2230 1391 47 34 he
2296 1393 70 43 had
2386 1393 119 33 raised
2525 1393 64 33 the
2601 1401 104 35 army
2720 1403 13 27 ;
2760 1391 66 33 but
2844 1391 143 38 that'at

1645 1441 64 34 the
1727 1452 99 24 same
1843 1441 105 40 time,
1980 1440 89 44 they
2101 1439 109 34 could
2237 1444 65 28 not
2330 1440 64 34 but
2413 1441 102 34 learn
2536 1439 92 34 with
2646 1449 171 32 concern,
2844 1439 83 34 that
2961 1449 26 24 a

1644 1489 217 33 connection
1890 1488 71 33 had
1991 1496 90 25 ever
2094 1488 91 33 been
2211 1482 143 40 Carried
2388 1499 63 31 on,
2476 1487 130 35 which
2640 1485 69 38 had
2733 1486 169 44 exposed
2929 1486 61 34 his

1649 1535 122 45 Royal
1787 1535 182 45 Highness
1985 1541 40 35 to
2043 1545 40 24 so
2102 1534 104 34 much
2224 1535 187 45 suspicion
2426 1535 72 33 and
2517 1535 183 43 obloquy,
2713 1534 72 34 and
2800 1534 80 34 that
2895 1534 93 44 they

1644 1584 120 34 learnt
1782 1583 93 34 with
1896 1583 61 34 the
1971 1583 174 34 sincerest
2164 1584 184 44 pleasure,
2368 1583 81 33 that
2469 1583 56 33 his
2546 1581 123 44 Royal
2696 1581 188 45 Highness
2910 1583 79 33 had

1644 1632 184 33 dissolved
1848 1633 45 39 it,
1904 1630 70 34 and
1989 1641 76 24 was
2079 1630 168 33 resolved
2263 1630 59 33 for
2340 1630 61 34 the
2413 1630 124 35 future
2550 1633 41 30 to
2607 1629 144 34 imitate
2765 1630 79 34 that
2858 1629 133 44 bright

1643 1680 177 45 example
1834 1680 44 32 of
1892 1680 122 33 virtue
2029 1678 122 33 which
2167 1678 56 33 his
2243 1678 161 47 Majesty
2415 1689 41 22 so
2474 1680 89 43 long
2580 1677 69 34 had
2666 1681 53 31 set
2744 1682 41 30 to
2803 1677 52 34 all
2876 1677 112 34 ranks

1644 1726 85 35 of
1730 1726 90 35 his
1821 1727 696 48 people.

1693 1775 57 33 On
1768 1775 64 33 the
1852 1773 144 34 Motion
2015 1772 45 33 of
2080 1774 74 33 Mr.
2179 1773 240 43 Whitbread,
2437 1774 64 34 the
2517 1773 137 34 debate
2681 1782 79 34 was
2778 1772 85 35 then
2882 1776 85 43 post-

1644 1822 137 46 poned.
1794 1822 71 43 and
1881 1821 59 34 the
1958 1821 129 34 Ilouse
2098 1820 206 47 adjourned
2321 1827 39 28 at
2380 1821 183 45 half.past
2582 1821 102 34 three
2696 1819 167 38 o'clock.

2075 1920 222 48 Thursda,y,
2328 1920 143 38 March
2490 1924 40 33 S.

1690 1988 83 35 The
1791 1988 211 45 Indemnity
2022 1989 76 34 Bill
2114 1998 77 26 was
2209 1987 87 35 read
2315 1998 24 22 a
2354 1987 98 34 third
2469 1987 90 33 time
2576 1988 72 33 and
2666 1985 145 46 passed.

1693 2037 56 33 On
1768 2036 63 34 the
1846 2037 136 33 motion
2002 2037 44 38 of
2074 2036 65 33 the
2169 2036 97 34 Lord
2287 2035 191 34 Advocate
2496 2034 61 34 for
2576 2034 190 43 Scotland,
2786 2035 64 33 the
2870 2033 116 38 Chtld

1645 2083 152 34 Murder
1821 2083 222 38 Prevention
2065 2083 76 34 Bill
2160 2094 74 24 was
2249 2083 86 34 read
2354 2094 24 22 a
2394 2082 102 34 third
2520 2081 91 35 time
2627 2082 69 34 and
2714 2083 149 44 passed.

2120 2170 123 25 DUKE
2272 2169 58 26 OF
2360 2169 142 25 YORK.

1693 2223 80 33 The
1794 2223 306 40 CHANCELLOR
2120 2220 43 33 of
2178 2220 61 34 the
2263 2220 282 39 EXCHEQUER
2569 2230 94 32 rose,
2694 2220 74 38 and
2785 2219 202 45 expressed

1644 2269 152 35 himself
1811 2271 128 41 nearly
1957 2280 39 24 as
2009 2269 149 34 follows
2174 2269 141 39 :Sir,
2335 2267 94 34 from
2446 2268 63 33 the
2526 2272 109 30 tenor
2646 2268 41 34 of
2695 2280 25 22 a
2734 2272 89 40 part
2835 2267 43 34 of
2891 2268 93 34 Mrs.

1643 2317 170 34 Clarke's
1830 2319 189 39 evidence,
2054 2317 28 32 it
2107 2315 195 45 appeated
2321 2326 39 22 as
2378 2315 34 32 if
2439 2315 64 34 she
2524 2316 141 33 wished
2685 2317 28 33 it
2733 2321 39 28 to
2789 2317 48 31 be
2857 2315 135 37 under-.

1644 2365 103 34 stood
1767 2366 80 32 that
1866 2365 63 33 she
1948 2365 180 44 ptoeured
2145 2363 58 33 for
2224 2363 83 33 Co!.
2329 2362 144 34 French
2494 2362 66 34 the
2576 2363 261 44 appointment
2858 2361 123 35 which

1644 2413 45 33 he
1727 2412 105 34 holds
1865 2412 35 34 in
1936 2413 60 32 the
2035 2412 99 33 West
2167 2411 138 34 Indies.
2376 2409 73 33 But
2490 2421 41 22 so
2567 2409 89 34 far
2655 2409 97 37 from
2793 2409 90 41 this,
2922 2409 64 34 the

1643 2461 176 32 situation
1839 2460 44 32 he
1900 2470 80 24 now
2004 2459 107 33 holds
2145 2459 27 34 is
2204 2458 181 45 pritcisely
2405 2447 64 44 the
2497 2469 103 24 same
2622 2469 39 22 as
2687 2458 47 33 he
2753 2456 84 35 held
2856 2457 131 38 before

1644 2507 63 33 the
1736 2507 100 44 levy,
1863 2515 61 26 not
1941 2518 72 33 any
2033 2507 102 33 office
2152 2506 109 43 given
2283 2506 72 33 him
2383 2510 38 30 to
2439 2511 240 39 compensate
2695 2505 60 34 for
2774 2505 58 33 his
2857 2505 109 45 disap-

1645 2555 220 45 pointment.
1917 2556 80 32 The
2017 2552 248 37 Honourable
2283 2554 130 33 Mover
2428 2554 44 32 of
2486 2554 104 34 these
2608 2554 154 44 charges
2778 2563 99 35 says,
2904 2554 84 32 that

1644 2603 63 32 the
1722 2603 85 44 levy
1828 2603 124 33 would
1970 2602 252 41 immediately
2244 2601 94 33 have
2356 2602 90 32 been
2465 2606 67 39 put
2550 2611 25 24 a
2590 2606 84 40 stop
2700 2607 40 28 to
2765 2600 67 34 but
2849 2600 58 34 for
2922 2601 65 33 the

1648 2650 175 40 influence
1841 2650 44 33 of
1900 2652 89 32 Mrs.
2013 2649 155 40 Clarke,
2193 2649 71 33 and
2285 2650 94 40 that,
2399 2650 125 40 owing
2537 2654 41 27 to
2596 2649 79 32 that
2694 2648 198 40 influence,
2909 2652 79 32 two

1648 2696 141 34 months
1815 2698 168 45 elapsed,
2009 2696 98 33 after
2139 2696 61 33 the
2233 2701 96 28 most
2356 2696 175 44 grievous
2561 2695 223 45 complaints
2804 2695 69 34 had
2896 2695 93 34 been

1648 2745 106 32 made
1768 2745 146 44 against
1938 2746 64 32 the
2030 2744 139 33 officers
2198 2743 200 45 employed
2427 2754 45 21 on
2492 2743 85 33 that
2596 2743 99 44 levy,
2714 2743 130 34 before
2863 2753 22 22 a
2902 2748 86 38 stop

1650 2802 73 24 was
1743 2800 32 35 pa
1775 2800 17 35 s
1792 2800 17 35 t
1828 2802 37 24 to
1893 2793 41 32 it.
1990 2792 74 34 But
2085 2790 71 35 this
2176 2802 76 24 was
2271 2791 125 44 partly
2414 2790 130 44 owing
2562 2794 40 30 to
2635 2791 282 33 circumstances
2935 2790 37 33 in-

1646 2841 159 32 cidental
1828 2846 37 26 to
1878 2841 52 32 nil
1950 2839 63 33 the
2022 2844 111 38 great
2152 2838 133 45 public
2304 2838 133 41 offices,
2466 2838 71 34 and
2559 2841 123 41 partly
2700 2837 98 35 from
2826 2848 24 24 a
2868 2837 129 34 desire.

1649 2893 37 26 to
1702 2898 59 22 see
1779 2898 28 20 w
1817 2887 57 33 Let
1883 2887 77 39 her,
1977 2897 41 22 as
2033 2897 89 33 very
2138 2885 104 44 large
2258 2896 94 22 sums
2369 2885 44 33 of
2426 2896 131 32 motley
2578 2885 70 33 had
2667 2885 91 33 been
2777 2885 210 45 expended,

1650 2933 72 34 this
1740 2935 85 43 levy
1839 2934 109 34 could
1965 2939 64 30 not
2043 2935 40 33 in
2094 2933 63 35 the
2172 2934 67 33 end
2255 2933 45 34 be
2319 2933 172 39 rendered
2504 2933 170 34 efficient.
2727 2931 84 34 The
2828 2943 163 34 expense

1649 2981 44 34 of
1706 2981 61 35 the
1787 2993 78 24 men
1877 2981 167 46 actually
2059 2980 133 41 raised,
2213 2980 124 35 which
2357 2991 76 25 was
2454 2981 195 38 estimated
2667 2983 39 32 at
2728 2981 94 35 150/.
2845 2991 25 24 a
2887 2991 100 32 man,

1651 3040 74 33 wris
1744 3040 91 33 very
1852 3030 116 44 easily
1987 3030 210 39 accounted.
2209 3027 74 34 for.
2315 3028 79 33 The
2406 3033 87 30 next
2505 3039 91 24 case
2604 3034 37 27 to
2659 3028 124 34 which
2798 3028 19 34 I
2831 3028 72 33 call
2923 3030 67 32 the

1648 3078 181 33 attention
1859 3078 44 35 of
1931 3077 60 33 the
2011 3077 142 43 Douse,
2183 3078 28 32 is
2241 3076 81 34 that
2341 3076 41 34 of
2412 3076 84 35 Col.
2519 3076 129 34 Shaw.
2700 3076 96 34 Mrs.
2816 3076 172 35 Clarke's

1649 3125 190 40 evidence,
1866 3125 34 33 if
1928 3128 24 30 it
1987 3125 109 33 could
2126 3125 47 39 Le
2203 3124 184 41 believed,
2413 3123 254 45 undoubtedly
2694 3124 200 34 confirmed
2923 3124 65 33 the

1648 3178 191 27 statement
1871 3171 44 34 of
1944 3172 61 33 the
2035 3172 339 37 Ilon,:Gentleman
2395 3172 84 33 who
2513 3172 162 41 brought
2695 3171 168 34 forward
2883 3171 104 34 these

1649 3220 164 45 charges,
1834 3220 81 34 that
1935 3220 157 43 through
2113 3219 65 39 her
2194 3219 181 35 influence
2406 3220 45 33 he
2470 3219 72 35 had
2574 3220 89 34 been
2683 3224 73 40 put.
2771 3229 100 35 upon
2890 3219 79 33 half-

1650 3278 93 33 pay.
1793 3268 80 34 The
1889 3269 111 32 letter
2016 3267 45 33 of
2073 3267 81 33 Col.
2176 3267 113 34 Shaw
2303 3267 249 34 contradicted
2568 3267 60 34 the
2641 3266 176 37 evidence
2833 3266 44 35 of
2891 3267 105 35 Mrs..

1652 3315 155 33 Clarke.
1891 3315 35 33 It
1963 3314 193 45 appeared
2196 3314 98 34 from
2343 3314 60 37 the
2446 3315 214 40 documents
2696 3314 195 46 presented
2935 3314 53 45 by

1646 3364 81 35 Col.
1747 3363 167 40 Gordon,
1931 3363 79 33 that
2031 3363 44 33 he
2093 3361 105 35 owed
2216 3361 65 35 the
2295 3363 259 45 appointment
2572 3369 35 27 to
2629 3363 58 34 the
2702 3363 152 33 zealous
2872 3361 97 34 inter-

1648 3410 143 34 ference
1809 3412 43 33 of
1867 3411 152 34 General
2042 3412 61 32 Sir
2121 3410 129 44 :Harry
2272 3410 178 41 Isurrard,
2472 3411 86 33 who
2576 3420 73 24 was
2666 3420 45 24 an
2727 3410 64 34 old
2811 3410 117 33 friend
2941 3409 51 34 of

1650 3457 53 34 his
1722 3457 169 41 father's,
1917 3458 69 34 and
2006 3457 81 34 that
2107 3457 32 34 if
2153 3458 45 33 he
2216 3457 177 35 obtained
2411 3458 64 34 the
2490 3458 262 45 appointment
2770 3457 45 34 of
2831 3457 159 45 Deputy

1652 3506 507 44 Barrack-Master-General
2178 3511 40 28 at
2237 3506 64 34 the
2317 3507 117 44 Cape,
2453 3506 45 34 he
2519 3516 77 22 was
2615 3513 35 26 to
2669 3507 45 32 be
2733 3511 67 39 put
2818 3515 47 24 on
2887 3506 80 33 half-

1649 3565 86 32 pay.
1789 3555 115 41 Upon
1924 3554 102 34 what
2055 3554 85 43 plea
2159 3554 84 32 then
2262 3563 66 22 can
2359 3554 27 32 it
2406 3555 44 32 be
2483 3554 99 41 said,
2611 3553 79 34 that
2720 3554 32 33 it
2785 3563 74 22 was
2891 3552 92 37 Mrs.

1649 3601 170 33 Clarke's
1839 3602 176 33 influence
2034 3601 123 34 which
2178 3601 184 45 procured
2394 3601 84 34 Col.
2510 3602 112 39 Shaw
2654 3609 37 26 to
2724 3602 46 32 be
2798 3605 67 39 pit
2883 3609 103 34 upon

1645 3647 175 47 half-pay
1837 3648 13 33 ?
1906 3651 40 32 In
1963 3648 130 44 regard
2111 3653 35 28 to
2172 3648 187 34 Dowlees
2374 3659 97 31 case,
2492 3648 19 34 I
2539 3659 85 33 may
2654 3648 172 40 observe,
2851 3648 84 33 that
2955 3648 32 33 it

1645 3704 87 26 rests
1753 3698 158 41 entirely
1930 3706 100 34 upon
2061 3696 61 33 the
2148 3696 200 45 testimony
2376 3697 44 33 of
2451 3697 92 35 Mrs.
2563 3696 138 38 Clarke
2726 3696 72 33 and
2829 3694 94 34 Dow
2931 3696 56 35 kr

1644 3744 162 41 himself,
1832 3745 70 33 and
1941 3745 30 32 is
1996 3745 249 43 unsupported
2287 3745 47 43 by
2369 3755 70 31 any
2477 3744 287 43 corroborating
2794 3743 190 35 evidence.

1646 3793 181 33 Whether
1846 3803 45 22 or
1904 3797 64 28 not
1987 3793 91 33 Mrs.
2104 3793 141 34 Clarke
2263 3793 169 34 received
2448 3801 24 25 a
2493 3793 123 33 1000/.
2637 3791 96 34 from
2756 3791 158 34 Dowier
2929 3801 58 25 we

1644 3839 93 34 have
1770 3850 45 22 no
1846 3850 120 24 means
1993 3840 44 35 of
2067 3839 193 45 knowing,
2288 3844 139 40 except,
2454 3839 96 33 from
2574 3840 239 38 themselves;
2842 3840 64 32 but
2929 3850 56 22 we

1644 3886 93 35 have
1756 3888 70 34 had
1839 3888 185 34 evidence.
2036 3887 143 44 enough
2199 3892 40 30 to
2255 3898 115 34 prove
2383 3887 81 34 that
2481 3887 99 34 Dow
2590 3888 52 32 ler
2661 3896 74 24 was
2752 3887 65 33 her
2831 3886 135 34 favour-

1644 3935 48 37 ite
1717 3945 214 34 paramour.
1990 3935 34 33 It
2042 3945 180 34 appears,
2249 3934 188 43 however,
2466 3933 100 35 from
2580 3935 70 33 _the
2674 3933 176 35 evidence
2876 3934 110 43 given

1642 3981 48 44 by
1709 3993 45 21 an
1780 3983 98 38 lion.
1902 3983 198 38 Alderman
2128 3981 181 44 (Cotnbe)
2335 3984 81 34 that
2452 3981 175 43 Dossier,
2650 3987 39 28 at
2726 3981 61 33 the
2813 3981 90 34 time
2940 3981 46 33 Ie

1642 4031 169 34 received
1830 4030 56 34 his
1910 4031 273 54 aepointmeat,
2209 4031 119 35 stated
2349 4037 35 26 to
2407 4030 73 34 him
2502 4031 83 33 that
2602 4030 46 34 he
2666 4029 71 37 had
2758 4029 176 35 obtained
2955 4030 31 33 it

1639 4077 161 45 through
1840 4080 64 32 the
1944 4084 150 27 interest
2133 4078 47 35 of
2218 4080 64 33 Sir
2301 4077 2 45 .
2326 4078 130 34 Brook
2498 4078 169 34 Watson.
2743 4077 125 35 There
2916 4087 71 25 can

1638 4126 46 45 be
1713 4136 48 25 no
1787 4126 117 38 doubt
1920 4126 81 41 that
2021 4126 145 40 Kennet
2185 4137 77 28 wa,e
2295 4136 26 27 a
2349 4131 105 40 great
2485 4126 191 44 swindler,
2702 4130 67 40 yet
2796 4126 20 37 I
2850 4130 137 41 canne

236 59 90 51 168

3213 667 45 90 L

3260 1456 17 21 i
