3413 4441
304 85 56 59 /s
359 85 28 59 ,
387 85 170 59 t.tßai

1172 182 85 13 ._..z.~.

306 224 71 37 the
394 220 235 50 Hungarian
658 220 278 45 insurrection,
956 221 74 38 and
1052 221 67 38 the
1139 233 136 26 unmet
1284 234 71 24 ous

305 274 85 40 ised
413 272 157 40 militia.
627 273 71 37 We
715 270 76 40 still
806 273 146 38 adhere
969 278 44 33 to
1028 286 76 25 our
1119 272 150 40 former
1284 272 163 51 opnion

307 331 47 37 to
383 324 70 41 the
487 326 110 37 force
617 324 128 38 which
768 327 149 37 France
938 325 70 39 has
1025 326 39 37 in
1085 325 78 38 this
1183 330 176 34 monlerit
1380 330 41 32 at
1454 324 69 39 Inc:
1551 324 54 39 dis-

309 378 111 54 posal
436 394 13 30 ;
480 379 93 43 and,
594 377 124 39 under
738 376 48 39 all
804 378 112 38 these
930 378 319 45 circumstances,
1271 390 57 25 we
1348 377 80 38 hail
1448 377 74 38 this
1543 389 80 26 new

308 444 99 33 war,
444 444 43 26 as
506 430 171 53 offering
696 443 25 26 a
737 442 97 41 very
867 431 78 38 fair
963 431 150 39 chance
1131 430 50 39 of
1211 441 149 27 success
1380 443 51 26 on
1450 430 66 38 tin:
1535 435 85 45 irito

309 484 52 41 of
370 482 177 44 Austria.

534 589 174 43 71711;SpD
758 591 45 35 r
860 589 197 38 LO.VDU
1131 587 37 39 G
1178 588 73 37 rIZ
1254 585 152 40 LT7II.

1152 81 143 56 TITE
1332 90 378 50 NATIONAL/
1743 91 370 48 tiEtasTER.

1944 1252 17 33 1
1983 1252 92 34 have
2096 1253 58 32 the
2170 1252 141 32 honour
2327 1248 116 40 tube,
2461 1248 66 33 &c.

2186 1358 201 33 December
2414 1357 99 34 1808.

2903 81 81 47 rr

1688 217 80 40 had,
1804 228 35 22 as
1860 217 59 34 thi,
1935 217 120 34 sedler
2070 219 144 33 Officers
2233 221 34 31 in
2287 219 64 33 the
2378 219 74 41 Bay
2485 217 69 33 had
2574 224 60 27 not
2663 217 176 43 officiaily
2857 211 120 38 altered
2978 211 18 38 .

1689 263 59 33 the
1767 265 119 34 orders
1905 266 14 32 I
1941 260 168 39 received
2126 265 89 34 from
2236 276 90 31 yonr
2346 265 190 43 Lordship,
2556 270 37 26 to
2613 265 84 43 give
2706 272 115 35 every
2837 265 159 43 possible

1689 312 188 33 assistance
1892 319 35 26 to
1944 312 59 32 the
2017 313 211 43 Spaniards,
2252 313 11 32 I
2283 312 150 44 thought
2451 309 69 34 this
2535 322 20 21 a
2570 313 92 41 good
2676 309 257 45 opportunity,
2946 311 56 34 be

1690 359 200 43 occupying
1903 370 22 24 a
1944 366 79 35 post
2037 370 45 24 on
2102 360 117 34 which
2239 361 60 31 the
2319 359 145 32 acknow
2476 358 128 44 !edged
2619 358 118 44 safety
2754 356 47 35 of
2815 357 64 34 the
2894 356 78 35 cita-

1690 405 56 33 del
1761 405 196 44 depended,
1972 412 37 26 to
2029 407 123 33 render
2170 407 97 32 them
2280 406 164 32 eteetual
2456 413 78 26 swry
2543 406 64 31 ice.
2639 405 79 33 The
2731 404 163 43 garrison
2916 405 83 32 thee

1691 452 171 33 consisted
1893 456 40 30 of
1946 455 115 38 about
2088 454 124 45 eighty
2233 454 211 43 Spaniards,
2469 454 67 32 and
2559 461 96 24 %vere
2682 462 45 24 on
2747 454 60 32 the
2838 452 103 41 point
2960 451 45 34 of

1691 500 268 43 surrendering;
1985 500 235 45 accordingly
2256 500 17 34 1
2306 500 117 32 threw
2451 497 135 44 myself
2616 498 73 32 into
2724 497 44 40 it,
2796 497 93 34 with
2915 497 84 37 fifty

1693 557 137 22 seamen
1861 547 67 33 and
1955 547 118 44 thirty
2105 549 150 32 marines
2278 547 44 33 of
2344 547 64 33 the
2438 544 239 45 Itnrerieuse.
2727 544 80 33 The
2826 555 150 33 arrange-

1697 599 91 27 :nent
1804 594 100 32 made
1932 596 15 33 1
1976 596 87 31 need
2082 601 60 27 not
2154 595 109 33 detail
2287 601 38 26 to
2344 604 92 33 your
2465 591 196 45 Lordship,
2683 591 119 34 suffice
2825 592 26 33 it
2867 596 38 30 to
2917 604 80 32 say,

1695 640 91 37 that,
1814 641 111 33 ahout
1944 652 67 24 one
2030 643 175 33 thousand
2238 643 102 40 bags,
2367 639 135 34 besides
2531 639 139 32 barrels
2696 637 66 33 and
2779 638 224 44 pallisadoes

1693 689 167 43 supplied
1885 689 60 32 the
1969 690 105 44 place
2099 689 41 32 of
2170 689 103 33 walls
2289 687 71 33 and
2392 685 142 35 ditches
2550 698 12 27 ;
2588 684 69 35 and
2673 684 83 34 that
2779 686 61 31 the
2854 694 143 35 enemy,

1697 745 24 20 ee
1735 735 43 32 ho
1793 735 177 35 assaulted
1985 737 59 33 the
2061 735 110 34 castle
2184 746 45 21 on
2241 735 60 33 the
2319 733 85 35 20th
2422 733 87 33 with
2526 744 22 22 a
2568 731 172 33 thousand
2756 732 137 41 picked
2907 743 92 31 men,

1697 791 96 24 were
1830 782 178 44 repulsed,
2040 782 91 33 with
2159 781 61 33 the
2254 783 72 31 loss
2357 780 44 33 of
2430 780 96 33 their
2557 780 262 41 Commanding
2851 778 149 41 Officer,

1695 830 171 43 storming
1881 830 200 43 equipage,
2106 829 66 33 and
2189 828 50 33 all
2262 828 83 33 who
2363 826 202 45 attempted
2585 831 37 26 to
2643 831 120 26 mount
2776 826 64 32 the
2851 827 150 34 breach.

1743 876 99 33 Then
1856 876 145 33 follows
2020 878 54 32 his
2108 875 194 44 Lordships
2326 873 222 35 commendat
2559 874 72 31 ions
2646 870 43 34 of
2702 872 59 32 the
2778 872 139 34 officers
2933 874 71 33 and

1697 933 77 22 men
1789 922 81 33 who
1886 922 259 45 distinguished
2171 922 228 33 themselves.
2454 921 93 34 Laril
2571 919 190 33 Cochrane
2776 919 99 33 after
2883 919 115 34 wards

1696 971 198 41 continues,
1919 970 60 34 the
2007 969 145 37 Citadel
2176 969 44 34 of
2236 970 117 33 Rosas
2381 966 229 46 capitulated
2634 971 39 28 at
2698 966 137 33 twelve
2857 965 146 37 o'clock

1698 1017 70 33 this
1785 1017 87 43 day.
1925 1017 144 44 Seeing,
2101 1028 59 33 my
2181 1016 111 39 Lord,
2319 1015 139 33 further
2477 1015 194 32 resistance
2691 1011 34 34 in
2756 1013 64 33 the
2836 1013 112 33 castle
2965 1013 45 34 of

1697 1064 176 34 Trinidad
1891 1065 126 33 useless
2031 1064 71 34 and
2132 1062 279 46 impracticable
2435 1061 144 45 against
2597 1059 60 33 the
2678 1059 119 33 whole
2807 1071 120 32 army,
2943 1061 64 33 the

1697 1111 178 33 attention
1894 1111 43 33 of
1950 1111 120 34 which
2107 1111 66 33 had
2196 1109 167 43 natuatly
2389 1107 125 35 turned
2543 1114 40 27 to
2604 1107 45 32 its
2678 1106 204 40 reduction,
2906 1106 98 37 after

1697 1157 106 44 firing
1819 1157 60 34 the
1894 1160 109 34 trains
2029 1157 60 33 for
2104 1157 202 44 exploding
2334 1156 63 33 the
2417 1155 216 41 Magizines,
2661 1163 56 22 we
2735 1154 204 34 embarked
2969 1154 39 39 ie

1700 1206 61 32 the
1775 1206 99 33 boats
1893 1205 41 34 of
1950 1206 58 32 the
2029 1205 250 43 Magnificent,
2311 1202 240 45 Imperieuse,
2575 1200 70 35 and
2661 1200 129 34 Fame.

2694 1248 265 34 COCHRANE.

1700 1315 78 32 List
1794 1312 43 34 of
1848 1315 115 33 killed
1980 1315 71 33 and
2069 1312 190 38 wounded,
2276 1311 164 34 between
2457 1310 61 33 the
2533 1307 72 35 23d
2624 1307 214 37 November
2854 1310 71 37 and
2939 1309 71 37 Mb

1744 1408 98 34 John
1863 1408 132 44 Lloyd,
2021 1407 103 35 John
2140 1406 190 39 Hitchins,
2357 1406 70 32 and
2448 1404 163 33 NVilliam
2629 1402 176 43 Fawkes,
2835 1404 175 43 marines,

1700 1455 113 34 killed
1827 1468 9 27 ;
1863 1455 83 34 four
1961 1465 143 24 seamen
2120 1453 67 34 and
2207 1453 103 32 three
2330 1452 151 33 marines
2502 1449 189 34 wounded.

1746 1502 195 44 Spaniards
1961 1501 43 35 of
2017 1502 60 33 the
2099 1501 187 44 Regiment
2303 1498 44 35 of
2361 1498 313 37 Ultonia.—Two
2700 1496 118 35 killed
2843 1499 70 34 and
2936 1499 80 35 firs

1700 1550 189 38 wounded,

1993 1644 209 43 Admiralty
2218 1644 125 45 Office,
2372 1644 126 34 March
2518 1643 58 40 11,
2604 1639 100 37 1809.

1703 1701 96 34 Rear
1820 1700 165 35 Admiral
2000 1700 175 45 Stopford
2193 1706 38 27 to
2248 1701 63 33 the
2330 1701 99 34 Hon.
2446 1700 58 33 W.
2524 1700 64 33 W.
2611 1697 106 39 Pole,
2734 1696 111 34 dated
2865 1696 144 41 Cesar,

1744 1755 39 27 at
1801 1752 150 38 anchor,
1985 1748 130 34 March
2130 1748 38 38 2,
2196 1748 110 40 1809,
2334 1747 194 35 Chassiron
2549 1744 254 44 Light-House
2824 1744 90 33 S.E.
2967 1744 39 33 S.

1748 1795 35 33 11
1807 1795 113 40 miles,
1942 1795 154 33 Baleiite
2118 1794 252 43 Light-House
2391 1794 45 34 N.
2461 1794 46 33 E.
2525 1793 25 34 4
2569 1792 116 34 miles.
2739 1791 112 32 Wind
2872 1791 137 34 North.

1746 1851 78 34 The
1839 1850 158 45 enemy's
2014 1851 102 44 ships
2133 1852 133 33 remain
2281 1857 38 28 at
2341 1851 69 33 lsle
2422 1848 33 34 d'
2465 1850 45 33 Ai
2520 1860 34 22 x.
2613 1848 58 33 On
2688 1845 158 37 the2Bth
2865 1846 18 33 I
2897 1845 97 35 close-

1700 1897 37 33 ly
1756 1898 268 34 reconnoitered
2043 1899 97 32 them
2161 1898 35 33 in
2215 1899 60 32 the
2296 1898 139 39 Caesar,
2450 1897 69 34 and
2537 1896 87 43 only
2642 1894 152 33 counted
2810 1899 59 27 ten
2885 1892 65 34 sail
2968 1893 47 33 of

1698 1933 61 45 the
1778 1945 84 40 line,
1887 1946 83 33 four
1985 1945 165 44 frigates,
2170 1945 67 33 and
2254 1944 61 34 the
2335 1945 182 34 Calcutta.
2570 1943 81 33 The
2667 1941 168 34 eleventh
2863 1941 83 41 ship
2972 1939 45 34 of

1701 1993 60 32 the
1778 1991 71 33 line
1865 2003 77 22 was
1959 1993 176 33 observed
2153 2002 43 24 on
2216 1993 65 33 her
2294 1993 109 33 beam
2413 1991 97 40 ends,
2525 1989 90 34 with
2631 1988 52 34 all
2704 1987 63 34 her
2780 1994 110 27 masts
2904 1997 107 32 gone,

1698 2039 69 32 and
1781 2039 220 45 apparently
2019 2039 136 43 bilged.
2206 2039 72 33 She
2289 2039 180 45 grounded
2485 2046 96 34 upon
2609 2035 61 34 the
2688 2034 103 34 shoal
2809 2033 119 35 called
2950 2034 65 33 Les

1706 2083 119 35 Pallas
1853 2086 128 33 within
2014 2086 119 33 1.'1%1e
2159 2083 116 35 d'Aix
2291 2096 13 28 ;
2329 2085 70 34 and
2419 2083 27 33 i=
2464 2083 63 34 the
2542 2092 99 25 same
2657 2082 84 44 ship
2756 2080 203 34 mentioned
2979 2081 37 34 in

1702 2143 58 34 my
1791 2133 106 33 letter
1920 2132 46 34 of
1978 2132 63 34 the
2063 2132 86 37 27th
2173 2133 64 33 ult.
2254 2132 182 45 supposed
2460 2133 46 43 by
2541 2133 111 41 Capt.
2668 2130 180 43 Seymour
2867 2134 37 27 to
2922 2130 93 32 have

1702 2181 87 32 been
1806 2190 24 24 a
1844 2179 148 44 frigate.
2047 2179 109 35 From
2176 2191 102 32 many
2298 2180 255 32 eirumstances
2577 2178 15 32 I.
2609 2176 214 45 apprehend
2844 2176 67 32 this
2928 2174 85 45 ship

1702 2226 30 33 is
1748 2228 61 33 the
1822 2228 180 39 Warsaw,
2031 2237 24 22 a
2072 2233 77 26 new
2169 2228 59 32 SO.
2280 2228 124 32 There
2414 2235 63 25 are
2494 2231 74 27 two
2591 2220 315 37 Rear-Admirals'
2926 2222 92 45 flags

1700 2275 71 32 and
1786 2284 24 22 a
1826 2274 115 33 broad
1969 2274 159 45 pendant
2157 2281 41 30 at
2223 2272 64 34 the
2313 2275 113 33 main.
2476 2272 80 33 One
2590 2269 289 37 Rear-Admiral
2911 2270 28 32 is
2966 2280 50 24 on

1703 2320 110 34 board
1832 2320 266 38 thel-decker.
2230 2316 4 41 •
2554 2356 6 1 _
2644 2356 9 1 _
2670 2356 9 1 _

1750 2367 79 34 The
1844 2366 159 46 enemy's
2027 2366 152 45 frigates
2196 2366 138 34 remain
2349 2372 37 27 at
2402 2365 59 34 the
2477 2365 129 33 Sables
2619 2362 197 35 d'Olonne.
2868 2362 83 34 One
2973 2361 46 35 of

1703 2413 96 35 them
1825 2414 30 33 is
1886 2413 214 35 abandoned
2127 2414 45 44 by
2192 2413 63 39 the
2280 2424 117 31 crew,
2421 2412 69 34 and
2510 2411 122 45 bilged
2659 2420 97 35 upon
2778 2409 63 34 the
2869 2408 117 34 beach
3002 2421 17 27 ;

1698 2461 156 33 another
1880 2461 28 33 is
1929 2461 132 34 hauled
2089 2470 50 35 up
2163 2460 97 37 close
2277 2466 40 27 to
2334 2458 72 35 .the
2430 2459 157 45 opening
2602 2458 44 33 of
2659 2469 24 22 a
2707 2456 107 35 small
2829 2456 104 39 inlet,
2952 2457 65 33 hut

1693 2502 208 50 :grounding
1930 2518 112 34 every
2060 2506 99 39 tide;
2183 2506 72 34 and
2270 2507 67 33 the
2354 2506 98 34 third
2481 2506 31 32 k
2542 2505 35 34 in
2604 2504 61 34 the
2693 2513 99 25 same
2820 2502 195 41 situation,

1703 2555 64 34 but
1783 2562 61 28 not
1858 2554 103 45 quite
1976 2564 43 25 so
2042 2563 89 24 near
2144 2551 185 38 thelaket.
2382 2552 116 35 These
2516 2559 77 27 two
2619 2552 71 33 last
2711 2559 148 35 appear
2875 2555 40 28 to
2928 2550 91 34 Boat

1702 2607 40 27 at
1773 2601 87 44 high
1879 2606 131 37 water,
2037 2601 67 34 but
2128 2610 64 24 are
2215 2610 47 25 on
2294 2598 102 35 their
2418 2598 208 34 beam-ends
2655 2603 41 30 at
2712 2598 85 33 •low
2829 2601 139 34 water;
2993 2606 26 26 a

1707 2656 151 27 we.atern
1873 2648 120 41 swell,
2014 2647 123 34 which
2156 2646 64 35 has
2233 2652 54 28 set
2306 2642 52 45 in,
2378 2647 74 34 will
2470 2644 224 45 completely
2709 2643 151 44 destroy
2878 2642 112 34 theta.

1752 2696 80 33 The
1856 2695 72 46 lost
1951 2694 43 34 of
2011 2705 26 25 a
2055 2693 139 37 French
2218 2694 77 34 line
2324 2693 46 37 of
2380 2693 115 34 battle
2511 2693 84 45 ship
2616 2692 28 33 is
2659 2691 198 34 confirmed
2888 2691 47 43 by
2953 2688 65 34 the

1706 2748 146 27 masters
1869 2741 53 34 or
1936 2741 103 34 three
2062 2740 148 44 doggers
2231 2740 122 35 which
2370 2748 99 27 came
2487 2745 63 30 out
2569 2738 43 34 of
2631 2739 61 34 the
2722 2737 202 38 Charante,
2947 2735 70 34 and

1708 2784 96 39 were
1830 2789 164 34 boarded
2026 2789 31 41 in
2056 2789 17 41 .
2088 2787 65 34 the
2176 2787 115 46 night.
2311 2789 50 45 by
2393 2797 66 25 our
2481 2785 170 47 frigates,
2669 2785 64 34 but
2756 2784 87 45 they
2869 2783 63 34 did
2957 2783 61 37 out

1698 2832 22 39 .
1721 2832 90 39 knoW
1811 2832 22 39 •
1833 2832 69 39 her
1917 2828 124 44 name.

1976 2933 149 38 BANK
2137 2931 189 38 RUPTCI
2340 2935 57 33 EY
2427 2933 61 35 EN
2499 2933 26 34 L
2533 2931 103 37 ARfl
2644 2931 85 34 ED.

1706 2994 6 6 '
1755 2991 158 45 Stephen
1930 2991 142 40 Eccles,
2089 2992 272 39 Cannon-street
2385 2989 102 38 Road,
2486 2989 21 38 -
2518 2989 54 33 St.
2594 2986 170 44 George's
2781 2986 38 34 in
2833 2985 64 35 the
2914 2986 104 41 East,

1707 3035 248 41 mason;'from
1976 3035 128 35 March
2126 3038 43 33 18
2183 3044 38 26 to
2239 3037 111 44 April
2372 3037 58 39 18,
2446 3044 37 25 at
2503 3035 144 38 elevcu,
2665 3041 37 27 at
2718 3034 110 33 Gaild

1939 3084 162 45 Aspland
2120 3084 237 44 Kensington,
2379 3084 292 43 cheesemonger,
2700 3081 94 33 from
2817 3081 130 33 March
2982 3080 39 34 11

1708 3138 37 34 to
1762 3133 27 33 A
1799 3133 70 44 pril
1885 3132 58 40 IS,
1955 3136 41 30 at
2010 3132 143 38 eleven,
2163 3136 39 28 at
2217 3128 204 38 Guildhall.

1729 3187 15 18 •-
1757 3180 138 37 Robert
1915 3180 195 39 Rumbold,
2128 3178 236 40 Burr-street,
2388 3177 197 45 Wapping,
2601 3174 201 44 merchant,
2816 3174 132 40 March
2966 3174 60 43 18,

1706 3231 39 38 at
1761 3229 139 40 eleven,
1916 3231 40 28 at
1969 3226 208 35 Guildhall.

1998 3286 380 35 BANKRUPTCY
2409 3283 370 37 SUPERSEDED.

1730 3332 1 52 •
1756 3335 189 48 Benjamin
1964 3335 209 40 Lancaster,
2186 3334 272 39 Scarborough,
2474 3332 242 45 ship-owner.

2191 3392 343 47 BANKRUPTS.

1757 3457 163 34 William
1942 3456 187 35 Garnham
2148 3454 191 44 Bromley,
2361 3455 67 32 and
2450 3454 139 32 Robert
2611 3451 130 39 Smith,
2763 3450 246 45 Bishopsgate-

1707 3511 123 30 street.
1850 3504 246 40 auctioneers,
2124 3508 38 27 to
2179 3502 189 39 surrender
2388 3501 124 33 March
2533 3500 57 39 14,
2687 3498 70 33 and
2778 3498 112 45 April
2901 3498 64 40 22,
2988 3502 41 30 at

1709 3560 72 31 ten,
1796 3560 39 26 at
1854 3552 204 33 Guildhall.
2115 3549 196 44 Attorney,
2334 3549 72 34 Mr.
2422 3547 150 39 Adams,
2591 3546 73 33 Old
2682 3544 154 45 Jewry.

1754 3599 33 34 11
1804 3609 78 33 arj
1905 3598 159 39 Hilliar,
2087 3596 248 43 Haymarket,
2366 3594 343 38 umbrella-maker,
2735 3591 133 35 March
2891 3591 57 40 13,
2963 3591 33 43 25
2996 3591 17 43 1
3013 3591 18 43 ,

1706 3646 70 35 and
1796 3646 105 45 April
2008 3648 40 30 at
2065 3644 148 38 twelve,
2232 3648 39 27 at
2298 3641 208 35 Guildhall.
2555 3640 201 44 Attorney,
2776 3639 77 35 Mr.
2875 3639 148 44 Bugby,

1709 3692 187 46 Symond's
1918 3693 80 40 Inn,
2013 3690 308 43 Chancery-lane.

1756 3741 158 33 Thomas
1941 3739 155 40 Martin,
2122 3737 281 44 'Birmingham,
2432 3733 246 41 cordwainer,
2705 3733 111 44 April
2848 3733 104 39 3,4,
2988 3736 41 31 at

1709 3789 144 39 twelve,
1871 3787 67 33 aad
1955 3787 61 39 22,
2044 3793 26 26 tt
2092 3788 142 37 elev,li,
2250 3790 39 27 at
2309 3784 61 33 the
2391 3782 120 33 White
2532 3782 97 34 Hart
2652 3783 80 35 Inn,
2752 3776 274 48 Birmingham.

1711 3835 197 38 A!tgrnies,
1933 3833 139 34 Alessi...
2104 3826 154 40 Baiers
2272 3831 70 33 and
2357 3830 150 43 Martin,
2526 3827 209 38 Furnival's
2756 3829 81 39 Inn,
2858 3828 142 33 London
3017 3839 12 27 ;

1707 3883 66 33 awl
1795 3883 70 33 Dir.
1890 3880 135 40 Webb,
2057 3879 262 44 Birmingham.

1755 3927 213 41 JobnCharle
1968 3927 21 41 -
1989 3927 44 41 s,
2056 3928 165 41 Iste!;are,
2245 3922 327 41 Aloomouthshire,
2588 3921 135 35 tiinber
2735 3921 144 39 denier,
2901 3918 128 38 March

1866 3976 69 33 and
1954 3976 109 44 April
2080 3976 63 38 '22,
2159 3979 38 28 at
2215 3972 150 39 twelve,
2378 3976 39 28 at
2433 3972 60 32 the
2511 3970 175 34 Beaufoll
2704 3973 125 33 Arms,
2885 3969 124 33 :1;:land
3022 3991 9 17 ,
3076 3969 1 51 •

1715 4023 324 37 Monmouthshire.
2094 4020 27 34 A
2134 4022 161 41 ttorbies,
2315 4020 74 33 Mr.
2411 4018 149 41 Harris,
2591 4019 214 32 ill.laut;otth
2820 4028 12 32 ;
2868 4016 69 34 and
2959 4016 71 32 Mr.

1719 4072 194 39 Williams
1933 4068 78 35 Red
2033 4069 253 34 Lion-11,,re.

1765 4120 126 44 Henry
2049 4114 246 45 Guisbruugh,
2322 4111 224 43 Yorkshire,
2567 4111 135 43 ati:ior,
2739 4111 15 34 :
2754 4111 15 34 ,
2770 4111 63 34 !aef
2883 4111 60 40 `2,

749 165 13 4 _

304 85 58 59 li't
369 91 91 50 AM
465 89 92 50 CH
583 81 58 56 1.1
647 125 13 12 •

307 167 132 17 •••••••••••-••..

305 181 165 18 OINIMIWZMINF
1152 81 143 56 VIE
1332 90 24 80 N
1356 90 25 80 .
1388 90 263 51 ATIONA
1667 96 44 44 Li
1743 91 371 50 KEtiiNTER.

959 182 136 17 dimilimer
1165 183 9 13 .
1174 183 84 13 ..._.m..
1296 183 18 12 ar
1326 180 200 17 adromi...aaallp
1535 180 177 15 7-.....5.~11%.
2902 81 87 50 175

1942 180 233 17 .......
2176 159 15 38 -
2191 159 758 38 ........................0ni55aa5m5er5era55am..
2949 159 33 38 --
2983 165 8 7 -

306 224 71 37 the
394 220 235 51 Hungarian
658 220 278 45 insurrection,
956 221 74 38 and
1052 221 67 38 the
1139 233 216 26 numerous
1375 221 227 44 sveii-sresse:
1698 217 70 40 Lltd,
1804 228 35 22 as
1860 217 59 34 the
1935 217 120 34 seiller
2070 219 32 33 O
2108 219 28 33 ffi
2143 229 72 22 cers
2233 221 34 31 in
2287 219 64 33 the
2378 219 74 41 Bay
2485 217 69 33 had
2574 224 60 27 not
2663 217 176 43 officiaily
2857 211 138 38 altered

1528 263 8 7 •

305 274 85 40 ised
413 272 157 40 militia.
627 273 71 37 We
715 270 76 40 still
806 273 146 38 adhere
969 278 44 33 to
1028 286 76 25 ous
1119 272 150 40 former
1284 285 163 38 oration
1462 272 107 38 !Alt.
1580 287 11 22 N
1617 288 7 21 !

307 331 47 37 to
383 324 70 41 the
487 326 110 37 force
617 324 128 38 which
768 327 149 37 France
938 325 70 39 has
1025 326 39 37 in
1085 325 78 38 this
1183 330 176 34 moment
1380 330 41 32 at
1454 324 69 39 lis:
1551 324 72 39 dis-

309 378 111 54 posal
436 394 13 30 ;
480 379 93 43 tied,
594 377 124 39 tinder
738 376 48 39 all
804 378 112 38 these
930 378 319 45 circumstances,
1271 390 57 25 we
1348 377 80 38 hail
1448 377 74 38 this
1543 389 81 26 new

308 444 99 33 war,
444 444 43 26 as
506 431 171 52 offering
696 443 25 26 a
737 442 61 27 yes

309 484 52 41 of
370 482 177 44 Austria.

315 821 39 31 to
372 827 37 25 su
793 443 41 40 sy
867 437 58 32 lair
926 431 57 38 c'
914 430 5 422 '
987 431 125 39 hawse
1131 430 50 39 of
1211 441 149 27 success
1380 443 51 26 on
1450 430 66 38 tin;
1535 435 85 45 eael

754 549 441 18 irassatirunleMsamanormorrsolto

534 589 174 45 TUES/0
716 591 87 38 4r
807 592 28 37 a
860 589 197 38 LOXDO
1062 588 37 37 A'
1131 585 276 41 GAZISTTE.

806 707 347 37 BANKRUPTS.

365 767 133 37 Esther
526 768 151 38 Rayner
707 767 67 35 and
806 767 104 34 John
939 767 163 44 Medley,
1139 765 196 44 Newport,
1371 762 259 37 corn-dealers.
1689 312 188 33 assistance
1892 319 35 26 to

1690 359 200 43 occupying
1903 370 22 24 a

1691 500 268 43 surrendering:
2126 265 89 34 from
2236 276 90 31 yonr
2346 265 190 43 Lordship,
2556 270 37 26 to
2613 265 84 43 give
2706 272 115 35 every
2837 265 159 43 possible

1944 312 59 32 the
2017 313 211 43 Spaniards,
2252 313 11 32 1
2283 312 150 44 thought
2451 309 69 34 this
2535 322 20 21 a
2570 313 92 41 s•ood
2676 309 257 45 opportunity,
2946 311 56 34 bY

1944 366 79 35 post
2037 370 45 24 on
2102 360 117 34 which
2239 361 60 31 the
2319 359 145 32 acknon
2476 339 128 63 !edged
2619 358 118 44 safety
2754 356 47 35 of
2815 357 64 34 the
2894 356 97 35 cita-

1985 500 235 45 accordingly
2256 500 17 34 1
2306 500 117 32 threw
2451 497 135 44 myself
2616 498 73 32 into
2724 497 44 40 it,
2796 497 93 34 with
2915 497 84 45 fifty

2937 572 19 17 is

1697 599 91 27 :ilea
1804 594 100 32 made
1932 596 15 33 I
1976 596 87 31 need
2082 601 60 27 not
2154 595 109 33 detail
2287 601 38 26 to
2344 604 92 33 your
2465 591 196 45 Lordship,
2683 600 39 24 su
2728 591 30 32 ffi
2761 602 41 22 ce
2825 592 26 33 it
2867 596 38 30 to
2917 604 80 32 say,

1695 640 91 37 that,
1814 641 111 33 about
1944 652 67 24 one
2030 643 175 33 thousand
2238 643 102 40 bats,
2367 639 135 34 besides
2531 639 139 32 barrels
2696 637 66 33 and
2779 638 224 44 pallisadoen

1697 745 24 20 t%
1735 735 43 32 ho
1793 735 177 35 :assaulted

415 816 150 40 reender
582 817 126 34 March
726 816 60 37 21,
813 820 40 28 at
868 815 123 40 three;
1011 814 63 40 22,
1091 819 40 27 at
1148 814 139 38 eleven,
1303 811 70 33 mid
1395 804 106 51 April
1520 810 56 40 18,
1593 817 37 26 at
1695 830 148 32 stormin
1845 839 21 34 g

314 872 93 32 two,
439 869 41 28 at
508 863 63 34 the
605 865 118 45 Bugle
756 863 81 41 Inn,
870 862 197 44 Newport.
1131 860 195 44 Attorney,
1355 857 71 35 Mr.
1452 857 180 45 Worsley,

315 907 201 48 Newport.

361 959 105 34 John
485 960 118 41 Scott,
617 959 249 37 Gumecester,
887 954 250 45 Huntingdon,
1155 952 237 43 blacksmith,
1411 951 110 45 April
1548 951 38 43 4,
1612 950 21 34 5

315 1007 70 33 and
407 1007 59 40 18,
481 1004 40 37 at
539 1007 142 40 eleven,
697 1012 40 28 at
754 1006 61 33 the
833 1004 182 34 Fountain
1033 1004 84 40 Inn,
1133 999 247 46 Huntingdon.
1430 999 203 41 Attornies,

317 1055 148 34 Messrs.
489 1054 125 34 Maule
631 1031 71 57 and
722 1054 215 43 Sweetings,
954 1050 248 43 Huntingdon.

371 1101 157 35 Hannah
552 1101 105 39 Rees,
672 1098 138 40 Neath,
826 1100 172 43 Glamorg
1002 1109 60 30 an,
1080 1107 156 32 mercer,
1260 1094 128 38 March
1411 1093 60 43 24,
1486 1093 61 40 25,
1564 1093 67 33 and

317 1150 113 44 April
457 1149 59 38 18,
544 1155 41 28 at
614 1150 143 38 eleven,
784 1153 41 28 at
844 1147 74 37 .the
952 1126 96 54 dash
1088 1146 80 38 Inn,
1200 1146 180 32 Swansea.
1433 1140 200 40 Attornies,
1698 1157 19 11 -

319 1198 148 34 Messrs.
485 1196 208 40 Bleasdale,
722 1195 214 34 Alexander
961 1194 66 33 and
1054 1192 149 43 Holme,
1240 1192 91 34 New
1361 1191 65 33 Inn
1444 1202 12 27 ;
1488 1189 143 33 Messrs.

321 1244 142 37 Davies
480 1244 70 34 and
568 1245 234 41 Berrington,
823 1243 171 33 Swansea
1375 1279 8 8 ,

372 1292 164 35 William
570 1292 106 41 Burt,
694 1291 90 43 Coly
793 1296 78 34 ton,
904 1289 143 39 Devon,
1067 1286 345 46 money-scrivener,
1429 1281 126 37 March
1576 1281 57 43 16,
1689 263 59 33 the
1767 265 119 34 orders
1905 266 14 32 1.
1941 260 168 39 received

1690 405 56 33 del
1761 405 196 44 depended,
1972 412 37 26 to
2029 407 123 33 rereler
2170 407 97 32 them
2280 406 164 32 eteetual
2456 406 151 33 service.
2639 405 79 33 Tins
2731 404 163 43 garrison
2916 405 83 32 then

1691 452 171 33 coasisted
1893 456 40 30 or
1946 455 115 38 about
2088 454 124 45 eighty
2233 454 211 43 Spain:suds,
2469 454 67 32 and
2559 461 96 24 were
2682 462 45 24 on
2747 454 60 32 the
2838 452 103 41 point
2960 451 45 34 of

1693 557 137 22 seamen
1861 547 67 33 and
1955 547 118 44 thirty
2105 549 150 32 marines
2278 547 44 33 of
2344 547 64 33 the
2438 544 239 45 Itnnericuse.
2727 544 80 33 The
2826 536 106 43 arran
2933 536 21 43 ,
2954 536 44 43 e-

2285 667 21 15 -n
2330 665 9 13 ,

1693 689 167 43 supplied
1885 689 60 32 the
1969 690 105 44 place
2099 689 41 32 of
2170 689 103 33 walls
2289 687 71 33 and
2392 685 142 35 ditches
2550 698 12 27 ;
2588 684 69 35 and
2673 684 83 34 that
2779 686 61 31 the
2854 694 143 35 enemy,

1894 735 76 35 Ited
1985 737 59 33 the
2061 735 110 34 castle
2184 746 45 21 on
2241 735 60 33 the
2319 733 85 35 20th
2422 733 87 33 with
2526 744 22 22 a
2568 731 172 33 thousand
2756 732 137 41 picked
2907 743 92 31 men,

1697 791 96 24 were
1830 782 178 44 repelsed,
2040 782 91 33 with
2159 781 61 33 the
2254 783 72 31 less
2357 780 44 33 of
2430 780 96 33 their
2557 780 262 41 Commandiess
2851 778 149 41 Officer,

1881 830 200 43 equipa.se,
2106 829 66 33 and
2189 828 50 33 all
2262 828 83 33 who
2363 826 202 45 attempted
2585 831 37 26 to
2643 831 120 26 mount
2776 826 64 32 the
2851 827 150 34 breach.

1743 876 99 33 Then
1856 876 145 33 follows
2020 865 54 45 Isis
2108 875 194 44 Lordships
2326 873 222 35 commendat
2559 874 72 31 ions
2646 870 43 34 of
2702 872 59 32 the
2778 872 139 34 officers
2933 874 71 33 and

1697 922 448 34 inerrdistinsoished
2171 922 228 33 themselves.
2454 921 93 34 Laid
2571 919 190 33 Cochrane
2776 919 222 34 afterwards

1997 950 17 18 e

1696 971 198 41 continues,
1919 970 60 34 the
2007 969 145 37 Citadel
2176 969 44 34 of
2236 970 117 33 Rosas
2381 966 229 46 capitulated
2634 971 39 28 at
2698 966 137 33 twelve
2857 965 146 37 o'clock

1698 1017 70 33 this
1785 1017 87 43 day.
1925 1017 144 44 Seeing,
2101 1028 59 33 my
2181 1016 111 39 Lord,
2319 1015 139 33 further
2477 1015 194 32 resistance
2691 1011 34 34 in
2756 1013 64 33 the
2836 1013 112 33 castle
2965 1013 45 34 of

1891 1065 126 33 useless
2031 1064 71 34 and
2132 1062 279 46 impracticable
2435 1061 144 45 against
2597 1059 60 33 the
2678 1059 119 33 whole
2807 1071 120 32 army,
2943 1061 64 33 the

1697 1064 84 80 Trinidad
1781 1064 94 80 attention
1894 1111 43 33 of
1950 1111 120 34 which
2107 1111 66 33 had
2196 1109 167 43 natually
2389 1085 125 57 turned
2543 1114 40 27 to
2604 1107 45 32 its
2678 1106 204 40 reduction,
2906 1106 98 37 after
2919 1084 9 17 '

1697 1157 106 44 wring
1819 1157 60 34 the
1894 1160 109 34 trains
2029 1157 60 33 for
2334 1156 63 33 the
2417 1155 216 41 Magizines,
2661 1163 56 22 we
2735 1154 204 34 embarked
2969 1154 39 39 in

1700 1206 61 32 the
1775 1206 99 33 boats
1893 1205 41 34 of
1950 1206 58 32 the
2029 1205 230 43 Magnificent
2268 1227 12 17 ,
2104 1157 202 44 exploding

2311 1202 53 33 1111
2383 1204 150 32 lerieuse
2575 1200 70 35 and
2661 1200 129 34 Fame.

2370 1217 11 31 I
2539 1225 12 18 I

1944 1252 17 33 1
1983 1252 92 34 have
2096 1253 58 32 the
2170 1252 141 32 honour
2327 1256 38 27 to
2382 1250 60 40 be,
2461 1248 66 33 &c.
2613 730 2 560 •
2694 1248 122 33 COCH
2825 1257 54 26 RA
2889 1258 71 26 NE.
3120 730 1 560 .
3273 81 6 41 I
3279 81 6 41 ,

3317 819 4 39 1

3305 1170 5 77 0
3357 1170 2 77 .

317 1346 41 26 at
376 1339 117 41 three,
510 1338 63 43 21,
588 1339 70 35 and
676 1338 107 45 April
804 1338 58 38 18,
878 1343 39 27 at
932 1338 138 40 eleven,
1093 1342 40 27 at
1152 1335 61 33 the
1235 1333 165 44 Dolphin
1421 1332 78 40 inn,
1521 1330 112 43 Coly-
1700 1315 78 32 List
1794 1312 43 34 of
1848 1315 115 33 killed
1980 1315 71 33 and
2069 1312 190 39 wounded,
2276 1311 164 34 between
2457 1310 61 33 the
2533 1307 72 35 23d
2624 1307 214 37 November
2854 1310 71 37 and
2939 1309 71 37 Mb

318 1395 77 27 ton.
457 1387 207 40 Attornies,
699 1387 73 33 Mr.
794 1385 190 44 Sampson,
1020 1384 93 44 Coly
1122 1393 61 25 ton
1196 1394 13 30 ;
1254 1382 72 33 Mr.
1359 1380 148 44 Warry,
1540 1378 91 33 New
2186 1358 201 34 December
2414 1357 100 34 1808.

319 1434 83 35 lots.
1744 1408 98 34 John
1863 1408 132 44 Lloyd,
2021 1407 103 35 John
2140 1406 190 39 Hitchins,
2357 1406 70 32 and
2448 1404 163 33 William
2629 1402 176 43 Fawkes,
2835 1404 175 43 marines,

367 1483 125 33 James
511 1481 189 43 Manning,
720 1480 155 41 Bristol,
893 1489 141 33 grocer,
1062 1476 131 35 March
1215 1478 53 39 17,
1289 1474 58 41 18,
1364 1473 67 35 and
1446 1472 110 45 April
1577 1472 57 40 18,
1700 1455 113 34 killed
1827 1468 9 27 ;
1863 1455 83 34 four
1961 1465 143 24 seamen
2120 1453 67 34 and
2207 1453 103 32 three
2330 1452 151 33 marines
2502 1449 189 34 wounded.
3311 1439 8 28 l

317 1535 41 26 at
387 1531 151 38 twelve,
554 1534 41 28 at
612 1530 61 32 the
694 1530 125 32 White
852 1528 89 32 Lion
970 1527 79 40 lon,
1068 1524 270 38 Broad-street,
1367 1521 148 40 Bristol.
1565 1520 69 33 At-
1746 1502 195 44 Spaniards
1961 1501 43 35 of
2017 1502 60 33 the
2099 1501 187 44 Regiment
2303 1498 44 35 of
2361 1498 313 37 Ultonia.-Two
2700 1496 118 35 killed
2843 1499 70 34 and
2936 1499 80 35 tiro

318 1577 155 43 tnrnies,
516 1577 76 35 Mr.
624 1576 157 40 Franks,
811 1576 248 39 Hart-street,
1700 1550 189 39 wounded,

856 1580 203 34 art-street,
1101 1572 415 43 Bloomsbury-square;
1561 1567 72 34 and

319 1618 148 41 Messrs.
485 1626 145 35 Leman,
654 1623 148 38 Bristol.
2252 1607 190 20 ...........-.

1993 1644 209 43 Admiralty
2218 1644 125 46 Office,
2372 1644 126 34 March
2518 1643 58 40 11,
2604 1639 100 37 1809.

318 1719 113 45 April
450 1722 54 35 17,
522 1724 38 28 at
580 1728 91 31 two,
687 1719 67 33 and
778 1697 56 67 IS;
852 1723 39 27 at
905 1719 131 32 twelve
1042 1740 9 17 ,
1063 1722 41 27 at
1123 1713 203 35 Guildhall.
1354 1711 189 43 Attorney,
1556 1710 73 32 Mr.
1703 1701 96 34 Rear
1820 1700 165 35 Admiral
2000 1700 175 45 Stopford
2193 1706 38 27 to
2248 1701 63 33 the
2330 1701 99 34 Hon.
2446 1700 58 33 W.
2524 1700 64 33 W.
2611 1697 85 39 Pole
2696 1697 21 39 ,
2734 1696 111 34 dated
2865 1696 144 41 Cesar,

321 1768 59 33 Sw
392 1772 73 37 cet,
488 1765 207 38 Furnival's
715 1765 64 34 Inn
780 1770 138 33 -court,
939 1765 182 32 Holborn.
1744 1755 39 27 at
1801 1752 150 38 anchor,
1985 1748 130 34 March
2130 1748 38 38 2,
2196 1748 110 40 1809,
2334 1747 194 35 Chassiron
2549 1744 254 44 Light-House
2824 1744 90 33 S.E.
2929 1743 22 45 ts
2967 1744 39 33 8.

370 1814 161 34 Michael
552 1813 211 39 Matthews,
787 1812 110 40 Bath,
917 1813 125 41 grocer
1045 1835 11 17 ,
1093 1807 126 35 March
1244 1807 54 39 11,
1326 1806 65 40 27,
1422 1804 69 34 and
1530 1804 104 44 April
1654 1791 5 64 ,
1748 1795 35 33 11
1807 1795 94 40 miles
1902 1795 19 40 ,
1942 1795 154 33 Baleine
2118 1794 252 44 Light-House
2391 1794 45 34 N.
2461 1794 46 33 E.
2525 1793 25 34 4
2569 1792 116 34 miles.
2739 1791 112 32 Wind
2872 1791 137 34 North.

322 1861 59 40 IS,
404 1869 40 27 at
470 1861 142 40 eleven,
643 1869 39 26 at
707 1860 59 33 the
785 1857 236 45 Greyhound,
1054 1857 116 33 Bath.
1222 1854 200 35 Attornies,
1456 1851 69 33 Mr.
1560 1851 74 32 Ed-
1746 1851 78 34 The
1839 1850 158 45 enemy's
2014 1851 102 44 ships
2133 1852 133 33 remain
2281 1857 38 28 at
2341 1851 69 33 Isle
2422 1848 33 34 d'
2465 1850 45 33 Ai
2520 1860 34 22 x.
2613 1848 58 33 On
2688 1847 60 33 the
2756 1845 91 37 28th
2865 1846 18 33 I
2897 1845 116 35 close-
3314 1828 24 37 is

318 1910 148 39 mends,.
480 1909 221 45 Exchequer
716 1907 115 33 Office
846 1906 46 34 of
908 1905 119 41 Pleas,
1049 1900 183 38 Lincoln's
1253 1902 90 39 Inn;
1369 1899 70 34 and
1460 1899 70 32 Mr.
1548 1898 85 32 Mil-
1700 1897 37 33 Iv
1756 1898 268 34 reconnoitered
2043 1899 97 32 them
2161 1898 35 33 in
2215 1899 60 32 the
2296 1898 139 39 Cesar,
2450 1897 69 34 and
2537 1896 87 43 only
2642 1894 152 33 counted
2810 1899 59 27 ten
2885 1892 65 34 sail
2968 1893 47 33 of

317 1957 72 37 ler,
413 1956 110 35 Bath.
1698 1945 61 33 the
1778 1945 84 40 line,
1887 1946 83 33 four
1985 1945 165 44 frigates,
2170 1945 67 33 and
2254 1944 61 34 the
2335 1945 182 34 Calcutta.
2570 1943 81 33 The
2667 1941 168 34 eleventh
2863 1941 83 41 ship
2972 1939 45 34 of
3354 1936 4 58 .

370 2003 204 35 Archibald
593 2003 56 34 AV
658 2002 125 40 Bride,
806 1998 215 46 Liverpool,
1044 1997 203 46 perfumer,
1267 1993 131 35 March
1421 1993 54 37 17,
1494 1991 56 34 18.
1567 1990 70 34 and
1701 1993 60 32 the
1778 1991 71 33 line
1865 2003 77 22 was
1959 1993 176 33 observed
2153 2002 43 24 on
2216 1993 65 33 her
2294 1993 109 33 beam
2413 1991 97 40 ends,
2525 1989 90 34 with
2631 1988 52 34 all
2704 1987 63 34 her
2780 1994 110 27 masts
2904 1997 107 32 gone,

319 2052 113 44 April
454 2052 58 39 18,
544 2056 39 27 at
614 2050 141 39 eleven,
787 2057 39 25 at
857 2048 60 33 the
938 2047 117 33 Globe
1072 2047 163 37 Tavern,
1251 2042 243 37 John-street,
1515 2039 123 33 Liver-
1698 2039 69 32 and
1781 2039 220 45 apparently
2019 2039 136 43 bilged.
2206 2039 72 33 She
2289 2039 180 45 grounded
2485 2046 96 34 upon
2609 2035 61 34 the
2688 2034 103 34 shoal
2809 2033 119 35 called
2950 2034 65 33 Les

112 2124 6 7 .
320 2099 104 44 pool.
480 2096 204 40 Attornies,
703 2096 70 33 Mr.
797 2095 161 39 Windle,
987 2093 244 38 John-street,
1261 2088 255 34 Bedford-row
1531 2096 12 28 ;
1567 2085 69 33 and
1706 2083 119 35 Pallas
1853 2086 128 33 within
2014 2086 119 33 L'lsle
2159 2083 116 35 d'Aix
2291 2096 13 28 ;
2329 2085 70 34 aud
2419 2083 27 33 i=
2464 2083 63 34 the
2542 2092 99 25 same
2657 2082 84 44 ship
2756 2080 203 34 mentioned
2979 2081 37 34 in
3335 2066 26 33 I'

321 2143 145 39 blessrs.
481 2145 142 33 Griffith
643 2144 70 34 and
736 2143 136 41 Mik,
895 2143 129 33 Lower
1044 2139 269 37 Castle-street,
1335 2134 210 44 Liverpool.
1685 2143 74 34 .my
1791 2133 106 33 letter
1920 2132 46 34 of
1978 2132 63 34 the
2063 2132 86 37 27th
2173 2133 64 33 ult.
2254 2132 182 45 supposed
2460 2133 46 43 by
2541 2133 111 41 Capt.
2668 2130 180 43 Seymour
2867 2134 37 27 to
2922 2130 93 32 have

138 2191 4 41 '
376 2191 164 37 William
561 2192 129 40 Lamb,

704 2190 172 44 .Dudley,
896 2189 221 39 Worcester,
1137 2184 209 39 victualler,
1367 2181 124 45 March
1504 2181 60 35 21).,
1577 2179 59 39 21,
1702 2181 87 32 been
1806 2190 24 24 a
1844 2179 148 44 frigate.
2047 2179 109 35 From
2176 2191 102 32 many
2298 2180 255 32 ciruinstances
2577 2178 15 32 I.
2609 2176 214 45 apprehend
2844 2176 67 32 this
2928 2174 85 45 ship

320 2241 71 32 and
412 2239 111 46 April
542 2241 59 41 18,
632 2244 38 28 at
689 2239 138 40 eleven,
857 2242 39 28 at
927 2236 61 33 the
1007 2235 85 43 Dog
1129 2233 79 41 Inn,
1235 2230 302 253 Spiceall..streci,
1557 2226 81 34 lair-
1702 2226 30 33 is
1748 2228 61 33 the
1822 2228 180 39 Warsaw,
2031 2237 24 22 a
2072 2233 77 26 new
2169 2228 59 32 80.
2280 2228 124 32 There
2414 2235 63 25 are
2494 2231 74 27 two
2591 2220 315 37 Rear-Admirals'
2926 2222 94 45 Hags
3327 2187 18 59 .1
3367 2187 4 295 •

321 2289 151 32 m
361 2298 116 21 m
478 2285 40 46 ingha.
596 2285 204 41 Attornies,
831 2284 77 34 Mr.
937 2283 149 41 Gabel',
1120 2278 182 37 Lincoln's
1337 2277 64 34 Inn
1417 2288 11 30 ;
1465 2277 69 32 and
1563 2275 72 33 Mr.
1700 2275 71 32 and
1786 2284 24 22 a
1826 2274 115 33 broad
1969 2274 159 45 pendant
2157 2281 41 30 at
2223 2272 64 34 the
2313 2275 113 33 main.
2476 2272 80 33 One
2590 2271 25 34 R
2615 2271 25 34 e
2640 2271 50 34 ar
2691 2269 24 37 -
2714 2269 71 37 Adm
2785 2269 24 37 i
2809 2269 71 37 ral
2911 2270 28 32 is
2966 2280 25 24 o
2991 2280 25 24 n
3333 2267 11 25 II

324 2334 162 43 Parker,
510 2334 260 44 Birmingham.
1703 2320 110 34 board
1832 2320 266 39 the.3-decker.
2160 2316 1 61 .
2230 2316 4 61 •

372 2383 159 33 Thomas
552 2382 133 39 Crane,
707 2380 168 38 Preston,
893 2378 246 43 ironmonger,
1157 2373 110 44 April
1294 2373 40 39 7,
1363 2370 18 43 8
1381 2370 19 43 ,
1429 2369 67 34 and
1519 2369 56 40 18,
1598 2372 41 31 et
1750 2367 79 34 The
1844 2366 159 46 enemy's
2027 2366 152 45 frigates
2196 2366 138 34 remain
2349 2372 37 27 at
2402 2365 59 34 the
2477 2365 129 33 Sables
2619 2362 197 35 d'Olonne.
2868 2362 83 34 One
2973 2361 48 35 of

3366 2378 18 18 '.

322 2440 85 28 one,
425 2435 39 30 at
482 2430 61 34 the
562 2431 84 31 Star
661 2426 70 35 and
750 2427 133 34 Garter
900 2426 158 40 Tavern,
1077 2422 320 38 Paradise-street,
1423 2417 213 45 Liverpool.
1703 2413 96 35 them
1825 2414 30 33 is
1886 2413 214 35 abandoned
2127 2414 45 44 by
2192 2413 40 39 th
2233 2424 21 24 e
2280 2424 117 31 crew,
2421 2412 69 34 and
2510 2411 122 45 bilged
2659 2420 97 35 upon
2778 2409 63 34 the
2869 2408 152 40 beach;

155 2885 14 109 i

324 2479 201 43 Attorney.
544 2478 74 32 Mr.
635 2476 154 39 Avison,
807 2473 322 39 Ilanover-street,
1149 2467 208 44 Liverpool.
1698 2461 156 33 another
1880 2461 28 33 is
1929 2461 132 34 hauled
2089 2470 50 35 up
2163 2460 97 37 close
2277 2466 40 27 to
2334 2458 72 35 .the
2430 2459 157 45 opening
2602 2458 44 33 of
2659 2469 24 22 a
2707 2456 107 35 small
2829 2456 104 39 inlet,
2952 2457 65 33 hut

374 2524 128 45 Henry
523 2523 155 41 Martin,
698 2520 262 46 Wallingford,
992 2519 133 38 Berks,
1143 2516 263 41 linen-draper,
1426 2510 129 35 March
1580 2511 59 38 11,
1682 2502 219 50 sgiounding
1930 2518 112 34 every
2060 2506 99 39 tide;
2183 2506 72 34 and
2270 2507 67 33 the
2354 2506 98 34 third
2481 2506 31 32 is
2542 2505 35 34 in
2604 2504 61 34 the
2693 2513 99 25 same
2820 2502 195 41 situation,

321 2574 66 38 IS,
403 2572 70 33 and
496 2571 109 44 April
627 2571 59 35 18,
717 2574 39 28 at
781 2569 144 37 eleven,
943 2571 38 27 at
1007 2564 208 34 Guildhall.
1266 2559 206 40 Attornies,
1491 2558 146 39 Messrs.
1703 2555 64 34 but
1783 2562 61 28 not
1858 2554 103 45 quite
1976 2564 43 25 so
2042 2563 89 24 near
2144 2551 185 38 thelnkt.
2382 2552 116 35 These
2516 2559 77 27 two
2619 2552 71 33 last
2711 2559 148 35 appear
2875 2555 40 28 to
2928 2550 92 34 bat

327 2619 220 34 Bourdillon
565 2616 66 35 and
652 2615 159 41 Hewitt,
833 2614 115 34 Little
969 2611 287 45 Friday-street.
1286 2611 2 45 .
1317 2611 5 45 .

1394 2643 17 6 ..
1702 2607 40 27 at
1773 2601 87 44 high
1879 2606 131 37 water,
2037 2601 67 34 but
2128 2610 64 24 are
2215 2610 47 25 on
2294 2598 102 35 their
2418 2598 208 34 beam-ends
2655 2603 41 30 at
2724 2598 73 33 love
2829 2601 139 34 water;
2993 2606 26 26 a

370 2666 103 34 John
489 2665 93 34 Scha
585 2665 27 33 ff
613 2674 52 31 er,
686 2660 269 40 London-road,
969 2661 149 43 Surrey,
1131 2649 508 46 floor-cloth-manufacturer,
1707 2656 151 27 western
1873 2648 120 41 swell,
2014 2647 123 34 which
2156 2646 64 35 has
2233 2652 54 28 set
2306 2647 52 40 in,
2378 2647 74 34 will
2470 2644 224 45 completely
2709 2643 151 44 destroy
2878 2642 112 34 theta.

322 2713 133 35 Starch
481 2713 58 40 11,
554 2712 61 41 21,
643 2711 71 34 and
741 2709 110 45 April
873 2709 58 39 18,
948 2715 39 26 at
1011 2714 73 34 ten,
1120 2712 41 28 at
1189 2702 204 37 Guildhall.
1439 2700 207 43 'Attorney,
1693 2732 11 11 .
1752 2696 80 33 The
1856 2695 72 45 loss
1951 2694 43 34 of
2011 2705 26 25 a
2055 2693 139 37 French
2218 2694 77 34 line
2324 2693 170 37 (snaffle
2511 2693 84 45 ship
2616 2692 28 33 is
2659 2691 198 34 confirmed
2888 2691 47 43 by
2953 2688 65 34 the

350 2763 26 33 li
376 2763 13 33 .
389 2763 13 33 .
419 2759 206 43 Godmond,
640 2759 93 35 New
758 2757 279 44 Bridge-street.

638 2832 136 35 CERT
783 2831 77 34 IFI
869 2828 256 38 cATEs-M
1134 2836 21 24 A
1165 2833 85 26 RCH
1274 2823 61 35 28.

374 2910 129 41 Bates,
524 2911 196 35 Brereton,
741 2904 273 40 Staffordshire,
1038 2911 143 37 grocer.
1237 2901 156 38 Renton,
1411 2761 13 183 *
1424 2761 27 183 Gl
1452 2761 13 183 '
1465 2761 41 183 eue
1506 2761 13 183 .
1519 2761 13 183 e
1532 2761 13 183 '
1545 2761 14 183 s
1559 2761 14 183 '
1573 2761 43 183 ter
1616 2761 14 183 .
1630 2761 14 183 -

325 2965 159 33 terrace,
504 2960 175 43 Stepney,
696 2955 320 34 master-mariner.
1039 2952 164 39 -Brown,
1225 2948 240 44 King-street,
1481 2944 162 33 Blooms-

507 3115 354 41 SATURDAY'S
885 3107 257 44 LO.V.DON
1165 3103 289 44 GAZETTE.
1479 3103 4 53 •

593 3226 96 35 Lord
704 3224 97 38 Cochrane
802 3224 94 38 Cochrane
914 3228 37 30 to
981 3220 92 37 Lord
1093 3214 272 47 Collitigweod.
1442 3214 5 48 •

425 3292 71 34 MY
520 3291 87 34 LOR
618 3299 20 33 D
638 3299 20 33 )
712 3291 235 40 Imperieuse,
974 3285 78 43 Bay
1067 3282 45 45 of
1126 3282 128 40 Rosas,
1266 3276 188 38 December
1476 3275 39 41 5,
1540 3273 100 37 1808.
1672 2753 32 148 ...m
1704 2753 17 148 ,.
1722 2740 130 35 masters
1869 2740 53 35 or
1936 2741 103 34 three
2062 2740 148 44 doggers
2231 2740 122 35 which
2370 2748 99 27 came
2487 2745 63 30 out
2569 2738 43 34 of
2631 2739 61 34 the
2722 2737 202 38 Charante,
2947 2735 70 34 and

1530 2783 4 51 .
1708 2800 96 22 were
1830 2789 164 34 boarded
2026 2789 38 33 in
2088 2787 65 34 the
2176 2787 115 46 night.
2311 2789 50 45 by
2393 2797 66 25 our
2481 2785 170 47 frigates,
2669 2785 64 34 but
2756 2784 87 45 they
2869 2783 63 34 did
2957 2783 63 37 not

1707 2837 109 34 know
1837 2836 65 35 her
1917 2828 124 44 name.

2248 2895 202 24 ._.........

1791 2937 22 8 ••

1636 2985 1 51 .
1755 2991 158 45 Stephen
1930 2991 142 40 Eccles,
2089 2992 272 39 Cannon-street
2385 2989 102 38 Road,
2486 2989 21 38 -
2518 2989 54 33 St.
2594 2986 170 44 George's
2781 2986 38 34 in
2833 2985 64 35 the
2914 2986 104 41 East,

1707 3035 248 41 mason;•from
1976 3035 128 35 March
2126 3038 43 33 18
2183 3044 38 26 to
2239 3037 111 44 April
2372 3037 58 39 18,
2446 3044 37 25 at
2503 3035 144 38 eleven,
2665 3041 37 27 at
2718 3034 110 33 Gnild
2836 3034 90 33 hall.

1756 3086 164 34 William
1939 3084 162 45 Aspland
2120 3084 237 44 Kensington,
2379 3084 292 43 cheesemonger,
2700 3081 94 33 from
2817 3081 130 33 March
2982 3080 39 34 11

1708 3138 37 34 to
1762 3133 106 44 April
1885 3132 58 40 IS,
1955 3136 41 30 at
2010 3132 143 38 eleven,
2163 3136 39 28 at
2217 3128 204 38 Guildhall.

1635 3174 4 48 .
1757 3180 102 37 Robe
1864 3187 32 26 rt
1915 3176 195 43 Raimbold,
2128 3178 236 40 Burr-street,
2388 3177 197 45 Wapping,
2601 3174 201 44 merchant,
2816 3174 132 35 March
2966 3174 60 43 Hi,

1649 3187 2 21 •
1729 3187 15 18 •-

1706 3231 39 38 at
1761 3229 139 40 eleven,
1916 3231 40 28 at
1969 3226 208 35 Guildhall.

1998 3286 380 35 BANKRUPTCY
2409 3283 370 37 SUPERSEDED.

376 3358 80 35 The
485 3357 150 33 fortress
653 3353 45 35 of
716 3353 115 35 Rotas
857 3353 107 43 being
981 3346 177 39 attacked
1178 3347 48 41 by
1254 3356 44 22 an
1315 3352 105 31 army
1439 3340 44 34 of
1493 3340 149 34 Italians
1730 3332 1 64 ,
1756 3335 189 48 Benjamin
1964 3335 209 40 Lancaster,
2186 3334 272 41 Scarborough,
2474 3332 242 45 ship-owner.

327 3406 37 33 tn
387 3407 64 32 the
480 3403 138 34 service
635 3402 46 33 of
698 3402 155 43 France,
882 3402 34 32 in
951 3405 198 38 pursuance
1174 3392 45 34 of
1231 3390 262 41 discretionary
1520 3389 124 32 orders

326 3454 81 33 that
428 3462 96 35 your
543 3449 180 44 Lordship
745 3450 66 33 had
827 3450 109 44 given
950 3457 70 28 me,
1033 3450 38 28 to
1085 3441 106 35 assist
1209 3442 61 33 the
1289 3435 197 46 Spaniards
1505 3435 136 34 where-
2191 3392 343 47 PANKRUPTS.

3343 2730 30 60 I'l
3372 2730 11 60 !

3347 2778 35 34 ilc

3335 2815 22 84 ;i•'
3358 2815 6 84 •
3364 2815 12 84 .:

3347 2965 18 13 '•
3373 2978 12 17 A
3394 2957 17 52 :

3372 3039 2 1 .

3345 3048 7 20 6
3381 3048 5 20 .

3348 3123 2 26 ,
3372 3123 15 26 II

3369 3161 1 2 .

3339 3211 7 31 i
3353 3152 2 90 '
3373 3152 15 78 1
3404 3152 5 90 .

3373 3231 14 25 il

3372 3256 5 18 '
3384 3256 2 18 I

3351 3286 2 17 •
3374 3286 1 17 '
3384 3286 4 17 1

3374 3296 4 33 I

1757 3457 163 34 William
1942 3456 187 35 Garnham
2148 3454 191 44 Bromley,
2361 3455 67 32 and
2450 3454 139 32 Robert
2611 3451 130 39 Smith,
2763 3450 267 45 Bishopsgate-
3345 3450 4 47 '
3376 3478 7 6 ,

146 3506 17 44 s
325 3510 89 24 ever
428 3502 28 32 it
483 3498 107 35 could
618 3498 45 33 be
692 3498 92 33 done
814 3495 96 35 with
943 3495 61 32 the
1035 3495 94 31 most
1159 3490 118 39 effect,
1307 3485 18 33 I
1348 3483 164 35 hastened
1545 3482 99 35 here.

1707 3511 123 30 street,
1850 3504 246 40 auctioneers,
2124 3508 38 27 to
2179 3502 189 39 surrender
2388 3501 100 33 Marc
2493 3501 19 31 h
2533 3500 57 39 11,
2616 3501 11 38 -
2627 3501 43 38 :fi,
2687 3498 70 33 and
2778 3498 112 45 April
2901 3498 64 40 22,
2988 3502 41 30 at
3369 3494 20 25 ..1

326 3548 81 33 The
425 3547 164 38 Citadel,
615 3557 43 21 on
676 3544 63 33 the
749 3544 73 33 22d
841 3544 69 33 ult.
939 3552 73 22 was
1028 3550 21 21 a
1054 3540 8 32 l
1067 3548 63 24 rea
1134 3537 20 32 d
1160 3548 21 33 y

1204 3535 78 35 half
1293 3529 177 41 invested,
1493 3531 69 33 and
1581 3531 61 32 the

1754 3588 530 45 H
2284 3588 1061 45 ea
3345 3516 32 50 ;;1
3377 3516 12 50 1
3389 3559 6 13 °

1709 3560 72 31 ten,
1796 3560 39 26 at
1854 3552 204 33 Guildhall.
2115 3549 196 44 Attorney,
2334 3549 72 34 Mr.
2422 3547 150 39 Adams,
2591 3546 73 33 Old
2682 3544 154 45 Jewry.

326 3604 129 37 enemy
472 3594 151 41 making
643 3593 54 33 his
712 3591 237 46 approaches
967 3583 162 38 towards
1157 3583 65 35 the
1248 3579 103 38 south
1374 3582 21 30 w
1395 3582 66 30 est
1485 3578 39 40 ba
1524 3578 118 40 stion,
1843 3594 106 44 mrs
1950 3598 247 39 Hilliar,
2198 3596 249 39 Haymarket,
2448 3596 53 33 umbre
2503 3595 17 32 l
2520 3596 66 32 la
2588 3594 221 38 -aker,
2810 3591 117 35 March
2928 3591 64 40 18,
2993 3591 184 43 25
3177 3591 92 43 1
3269 3591 92 43 ,

137 3648 9 53 1
146 3648 9 53 :
322 3643 125 35 which
464 3653 94 34 your
578 3640 181 44 Lordship
777 3640 129 34 knows
922 3647 70 24 was
1007 3635 126 33 blown
1150 3633 109 33 down
1276 3630 70 32 last
1358 3635 76 25 war
1446 3625 48 37 by
1506 3627 61 32 the
1577 3635 67 61 `x-
1657 3625 2 77 .
1706 3646 70 35 and
1796 3646 105 45 April
1919 3647 60 39 22,
2008 3648 40 30 at
2065 3644 148 38 twelve,
2232 3648 39 27 at
2298 3641 208 35 Guildhall.
2555 3640 201 44 Attorney,
2776 3639 77 35 Mr.
2875 3639 148 44 Bitgby,

322 3689 149 45 plosion
488 3689 44 35 of
540 3700 25 24 a
580 3689 209 45 magazine,
814 3686 71 34 and
904 3681 159 38 tumbled
1090 3681 77 33 into
1185 3679 59 34 the
1265 3676 79 37 ditc
1344 3676 20 37 h
1382 3686 11 24 ;
1419 3684 25 24 a
1469 3674 22 33 f
1492 3674 46 33 ew
1554 3670 18 40 i
1572 3670 72 40 thin

1684 3681 2 52 !
1709 3692 187 35 Symond's
1918 3693 80 40 Inn,
2013 3690 308 37 Chancerv-lane.
3377 3681 5 52 I

326 3737 133 44 planks
474 3738 71 34 and
557 3737 67 44 dry
643 3742 117 30 stones
776 3733 70 34 had
861 3733 90 33 been
970 3736 63 38 put
1048 3741 51 32 up
1119 3730 48 43 by
1196 3728 59 32 the
1274 3722 154 45 Spanish
1446 3722 197 45 engineers,
1683 3720 5 60 I
1756 3743 28 8 „
3371 3729 9 5 -

1766 3743 12 31 I.
1792 3741 123 32 linnets
1941 3739 155 40 Martin,
2122 3737 281 44 'Birmingham,
2432 3733 246 41 cordwainer,
2705 3733 111 44 April
2848 3733 104 39 3,4,
2988 3736 41 31 at

330 3785 159 46 perhaps
502 3791 38 28 to
555 3785 81 33 hide
658 3783 61 34 the
737 3781 120 35 defect
874 3793 9 27 ;
904 3780 50 33 all
970 3780 119 43 things
1106 3785 97 24 were
1220 3774 34 33 in
1281 3782 20 22 a
1320 3776 90 28 moat
1429 3769 154 63 deplorable
1629 3769 15 63 ;

1709 3789 144 39 twelve,
1871 3787 67 33 sad
1955 3787 61 39 22,
2035 3793 35 26 at
2092 3788 142 37 elev;ai,
2250 3790 39 27 at
2309 3784 61 33 the
2391 3782 120 33 White
2532 3782 97 34 Hart
2652 3783 80 35 Inn,
2752 3776 274 48 'Birmingham.

326 3839 107 35 state,
461 3831 91 35 both
568 3831 159 34 without
737 3831 69 33 and
823 3827 143 40 within,
984 3835 89 24 even
1089 3831 178 26 measures
1284 3821 59 32 for
1361 3819 94 33 their
1478 3817 165 44 powder,

1711 3835 197 38 A!larnies,
1933 3833 139 34 Mess's.
2104 3826 154 40 Basters
2272 3831 70 33 and
2357 3830 150 43 Martin,
2526 3827 209 38 Furnival's
2756 3829 81 39 Inn,
2858 3828 142 33 London
3017 3839 12 27 ;

326 3882 69 32 end
423 3892 92 24 saws
544 3879 61 34 for
638 3879 98 34 their
762 3878 96 32 fuses
892 3883 97 25 were
1011 3876 61 31 not
1107 3878 38 27 to
1165 3870 45 31 be
1238 3866 198 34 had-hats
1463 3863 67 33 and
1554 3874 90 22 axes
1685 3857 2 65 '
1707 3883 66 33 awl
1795 3883 70 33 Dlr.
1890 3880 135 40 Webb,
2057 3879 262 44 Birmingham.
2880 3857 2 65 .
2913 3886 6 5 -
3351 3857 11 26 !•
3380 3857 1 65 .
3402 3866 9 18 ,

2865 3906 2 4 .

326 3930 171 45 supplied
519 3926 98 35 their
647 3926 123 46 place.
823 3922 83 35 The
926 3921 111 34 castle
1064 3919 45 34 of
1133 3915 194 39 Trinidad,
1345 3913 155 34 situated
1528 3921 45 22 on
1599 3920 44 22 an
1755 3930 98 34 John
1864 3927 169 41 Charles,
2056 3928 165 41 rie!;:tre,
2245 3922 327 41 Moemouthshire,
2588 3921 135 35 thither
2735 3921 144 39 denier,
2901 3918 128 38 March
3189 3913 4 61 .

137 3979 7 9 ,
327 3978 184 32 eminence
531 3976 65 33 but
609 3971 237 37 commanded
878 3972 45 43 by
946 3967 152 43 heights,
1126 3976 78 22 was
1230 3963 76 35 also
1320 3961 157 33 invested
1498 3972 12 27 ;
1544 3957 100 35 three
1708 3978 63 43 2,9,
1786 3978 60 39 V.,
1866 3976 69 33 and
1954 3976 109 44 April
2080 3976 63 38 22,
2159 3979 38 28 at
2215 3972 150 39 twelve,
2378 3976 39 28 at
2433 3972 60 32 the
2511 3970 100 34 Beau
2621 3971 45 32 foi
2680 3981 6 20 i
2704 3973 125 33 Arms,
2849 3969 183 39 Rnsland,
3077 3957 2 64 .

327 4022 445 45 twenty-four-pounders
790 4016 170 38 battered
976 4017 33 32 in
1024 4013 150 39 breach,
1195 4016 35 27 to
1252 4007 119 37 which
1387 4017 24 24 a
1428 4005 120 37 fourth
1572 4015 73 24 was
1715 4023 324 37 \lonniontlishire.
2070 4005 2 61 •
2094 4020 27 34 A
2134 4022 145 32 ttornies
2315 4020 74 33 Mr.
2411 4018 149 41 Harris,
2591 4019 214 32 ill.l;ii:l;oitii
2820 4028 12 32 ;
2868 4016 69 34 and
2959 4016 71 32 Mr.
2267 4048 11 6 -

325 4069 229 35 afterwards
567 4070 132 41 added,
725 4068 67 34 and
813 4078 22 24 a
852 4074 148 38 passage
1028 4059 158 44 through
1207 4059 58 32 the
1296 4056 85 33 wall
1401 4062 37 27 to
1455 4056 56 33 the
1530 4054 117 33 lower

1719 4072 194 39 Williams
1933 4068 78 35 Red
2033 4069 253 34 Lion-smiare.

3353 4095 2 6 ,
3407 4095 2 6 .

327 4117 247 46 bomb-proof
589 4119 106 40 beieg
711 4116 128 41 nearly
857 4111 168 38 effected,
1045 4119 50 24 on
1113 4109 63 31 the
1196 4098 50 65 2.1
1263 4098 17 65 d
1296 4098 50 65 the
1364 4104 152 33 marines
1534 4098 43 34 of
1587 4100 59 33 the

1765 4120 126 45 henry
1910 4117 119 44 Mills,
2049 4114 246 45 Guisbrutigh,
2322 4111 224 43 Yorkshire,
2567 4111 135 43 eti:isr,
2739 4111 13 34 :
2752 4111 13 34 ,
2765 4111 67 34 !atif
2848 4110 19 31 is
2883 4111 60 40 rZ2,
2970 4110 67 40 sl'S„

335 4165 112 35 Fame
465 4176 97 26 were
574 4175 30 26 w
611 4165 78 34 ithd
693 4174 73 24 raw
774 4172 19 25 n
800 4124 2584 72 .•
3404 4119 6 41 ..

335 4165 506 34 F
841 4162 17 34 I
880 4172 27 25 w
915 4166 56 30 cut
985 4165 35 28 to
1033 4155 171 37 examine
1217 4154 61 33 the
1292 4156 94 31 state
1397 4152 41 34 of
1449 4152 35 33 th
1489 4160 19 24 e
1520 4149 126 43 castle,
1672 4165 6 14 i

136 4221 26 80 ),'•‘.
3084 4221 5 80 .

806 707 347 35 BANKRUPTS.

365 767 133 37 Esther
526 768 151 44 Rayner
707 767 67 35 and
806 767 104 34 John
939 767 163 44 Medley,
1139 765 196 44 Newport,
1371 762 259 40 corn-dealers,

315 821 39 31 to
372 816 193 40 sureemder
582 817 126 34 March
726 816 60 37 21,
813 820 40 28 at
868 815 123 40 three;
1011 814 63 40 22,
1091 819 40 27 at
1148 814 139 38 eleven,
1303 811 70 33 mad
1395 804 106 51 April
1520 810 56 40 18,
1593 817 37 26 at

314 872 93 32 two,
439 869 41 28 at
508 863 63 34 the
605 865 118 45 Bugle
756 863 81 41 Inn,
870 862 197 44 Newport.
1131 860 195 44 Attorney,
1355 857 71 35 Mr.
1452 857 180 45 Worsley,

315 907 201 48 Newport.

361 959 105 34 John
485 960 118 41 Scott,
617 959 249 37 Gumecester,
887 954 250 45 Huntingdon,
1155 952 237 43 blacksmith,
1411 951 110 45 April
1548 951 38 43 4,
1612 950 21 34 5

315 1007 70 33 and
407 1007 59 40 18,
481 1004 40 37 at
539 1007 142 40 eleven,
697 1012 40 28 at
754 1006 61 33 the
833 1004 182 34 Fountain
1033 1004 84 40 Inn,
1133 999 247 46 Huntingdon.
1430 999 203 41 Attornies,

317 1055 148 34 Messrs.
489 1054 125 34 Maule
631 1054 71 34 and
722 1054 215 43 Sweetings,
954 1050 248 43 Huntingdon.

371 1101 157 35 Hannah
552 1101 105 39 Rees,
672 1098 138 40 Neat!),
826 1100 157 39 Glantort
983 1100 19 39 ,
1002 1100 60 39 an,
1080 1107 156 32 mercer,
1260 1094 128 38 March
1411 1093 60 43 24,
1486 1093 61 40 25,
1564 1093 67 33 and

317 1150 113 44 April
457 1149 59 38 18,
544 1155 41 28 at
614 1150 143 38 eleven,
784 1153 41 28 at
844 1147 74 37 .the
952 1126 96 54 dush
1088 1146 80 38 Inn,
1200 1146 180 32 Swansea.
1433 1140 200 40 Attornies,

319 1198 148 34 Messrs.
485 1196 208 40 Bleasdale,
722 1195 214 34 Alexander
961 1194 66 33 and
1054 1192 149 43 Holme,
1240 1192 91 34 New
1361 1191 65 33 Inn
1444 1202 12 27 ;
1488 1189 143 33 Messrs.

321 1244 142 37 Davies
480 1244 70 34 and
568 1245 234 41 Barrington,
823 1243 171 33 Swansea

372 1292 164 35 William
570 1292 106 41 Burt,
694 1291 176 43 Colyton,
904 1289 143 39 Devon,
1067 1279 345 53 meney-serivenir,
1429 1281 126 37 March
1576 1281 57 43 16,

317 1346 41 26 at
376 1339 117 41 three,
510 1338 63 43 21,
588 1339 70 35 and
676 1338 107 45 April
804 1338 58 38 18,
878 1343 39 27 at
932 1338 138 40 eleven,
1093 1342 40 27 at
1152 1335 61 33 the
1235 1333 165 44 Dolphin
1421 1332 78 40 inn,
1521 1330 90 43 Coly-

318 1395 77 27 ton.
457 1387 207 40 Attornies,
699 1387 73 33 Mr.
794 1385 190 44 Sampson,
1020 1384 189 44 Colyton;
1254 1382 72 33 Mr.
1359 1380 148 44 Warry,
1540 1378 91 33 New

1420 1429 9 0 _
1459 1429 8 0 _

367 1483 125 33 James
511 1481 189 43 Manning,
720 1480 155 41 Bristol,
893 1489 141 33 grocer,
1062 1476 131 35 March
1215 1478 53 39 17,
1289 1474 58 41 18,
1364 1473 67 35 and
1446 1472 110 45 April
1577 1472 57 40 18,

317 1535 41 26 at
387 1531 151 38 twelve,
554 1534 41 28 at
612 1530 61 32 the
694 1530 125 32 White
852 1528 89 32 Lion
970 1527 79 40 Inn,
1068 1524 270 38 Broad-street,
1367 1521 148 34 Bristol.
1565 1520 46 33 At-

318 1577 155 43 tnrnies,
516 1577 76 35 Mr.
624 1576 157 40 Franks,
811 1576 248 39 Ilart-street,
1101 1572 415 43 Bloomsbury-square;
1561 1567 72 34 and

319 1618 148 41 Messrs.
485 1626 145 33 Leman,
654 1623 148 37 Bristol.

373 1672 165 33 William
559 1672 158 44 Ile'sop,
739 1671 77 39 Lon!
816 1671 20 39 ,
850 1669 112 40 Acre,
981 1667 282 39 man's-mercer,
1287 1663 124 35 March
1428 1663 61 37 20,
1505 1667 38 30 at
1561 1668 72 32 ten,

318 1719 113 45 April
450 1722 54 35 17,
522 1724 38 28 at
580 1728 91 31 two,
687 1719 67 33 and
778 1719 54 40 IS,
852 1723 39 27 at
905 1719 146 38 twelve,
1063 1722 41 27 at
1123 1713 203 35 Guildhall.
1354 1711 189 43 Attorney,
1556 1710 73 32 Mr.

321 1768 144 40 Sweet,
488 1765 207 38 Furnival's
715 1765 64 34 Inn
780 1770 138 33 -court,
939 1765 182 32 Holborn.

370 1814 161 34 Michael
552 1813 211 39 Matthews,
787 1812 110 40 Bath,
917 1813 125 41 grocer
1045 1809 47 43 '
1093 1807 126 35 March
1244 1807 54 39 11,
1326 1806 65 40 27,
1422 1804 69 34 and
1530 1804 104 44 April

322 1861 59 40 IS,
404 1869 40 27 at
470 1861 142 40 eleven,
643 1869 39 26 at
707 1860 59 33 the
785 1857 236 45 Greyhound,
1054 1857 116 33 Bath.
1222 1854 200 35 Attornies,
1456 1851 69 33 Mr.
1560 1851 50 32 Ed-

318 1910 148 39 munds,.
480 1909 221 45 Exchequer
716 1907 115 33 Office
846 1906 46 34 of
908 1905 119 41 Pleas,
1049 1900 183 38 Lincoln's
1253 1902 90 39 Inn;
1369 1899 70 34 and
1460 1899 70 32 Mr.
1548 1898 64 32 Mil-

317 1957 72 37 ler,
413 1956 110 35 Bath.

370 2003 204 35 Archibald
593 2002 190 40 M‘Bride,
806 1998 215 46 Liverpool,
1044 1997 203 46 perfumer,
1267 1993 131 35 March
1421 1993 54 37 17,
1494 1991 56 34 18.
1567 1990 70 34 and

319 2052 113 44 April
454 2052 58 39 18,
544 2056 39 27 at
614 2050 141 39 eleven,
787 2057 39 25 at
857 2048 60 33 the
938 2047 117 33 Globe
1072 2042 422 41 Tavern,John-street,
1515 2039 103 33 Liver-

320 2099 104 44 pool.
480 2096 204 40 Attornies,
703 2096 70 33 Mr.
797 2095 161 39 Windle,
987 2093 244 38 John-street,
1261 2088 281 37 Bedford-row;
1567 2085 69 33 and

321 2143 145 39 blesri.
481 2145 142 33 Griffith
643 2144 70 34 and
736 2143 136 41 Ilinde,
895 2143 129 33 Lower
1044 2139 269 37 Castle-street,
1335 2134 210 44 Liverpool.

376 2191 164 37 William
561 2192 129 40 Lamb,

704 2190 172 44 .Dudley,
896 2189 221 39 Worcester,
1137 2184 209 39 victualler,
1367 2181 124 33 March
1504 2179 132 39 20,21,

320 2241 71 32 and
412 2239 111 46 April
542 2241 59 41 18,
632 2244 38 28 at
689 2239 138 40 eleven,
857 2242 39 28 at
927 2236 61 33 the
1007 2235 85 43 Dog
1129 2233 79 41 Inn,
1235 2230 302 44 Spice:ill-street,
1557 2226 61 34 Bir-

321 2285 197 46 mingham.
596 2285 204 41 Attornies,
831 2284 77 34 Mr.
937 2283 149 41 Gabel',
1120 2278 182 37 Lincoln's
1337 2277 64 34 Inn
1417 2288 11 30 ;
1465 2277 69 32 and
1563 2275 72 33 Mr.

324 2334 162 43 Parker,
510 2334 260 44 Birmingham.

372 2383 159 33 Thomas
552 2382 133 39 Crane,
707 2380 168 38 Preston,
893 2378 246 43 ironmonger,
1157 2373 110 44 April
1294 2370 105 43 7,8,
1429 2369 67 34 and
1519 2369 56 40 18,
1598 2372 41 31 at

322 2440 85 28 one,
425 2435 39 30 at
482 2430 61 34 the
562 2431 84 31 Star
661 2426 70 35 and
750 2427 133 34 Garter
900 2426 158 40 Tavern,
1077 2422 320 38 Paradise-street,
1423 2417 213 45 Liverpool.

324 2479 201 43 Attorney.
544 2478 74 32 Mr.
635 2476 154 39 A.vison,
807 2473 322 39 Hanover-street,
1149 2467 208 44 Liverpool.
1411 2467 2 54 •

374 2524 128 45 Henry
523 2523 155 41 Martin,
698 2520 262 46 Wallingford,
992 2519 133 38 Berks,
1143 2516 263 41 linen-draper,
1426 2510 129 35 March
1580 2511 59 38 11,

321 2574 66 38 18,
403 2572 70 33 and
496 2571 109 44 April
627 2571 59 35 18,
717 2574 39 28 at
781 2569 144 37 eleven,
943 2571 38 27 at
1007 2564 208 34 Guildhall.
1266 2559 206 40 Attornies,
1491 2558 146 39 Messrs.

327 2619 220 34 Bourdillon
565 2616 66 35 and
652 2615 159 41 Hewitt,
833 2614 115 34 Little
969 2611 287 45 Friday-street.

370 2666 103 34 John
489 2665 176 40 Schaffer,
686 2660 269 40 London-road,
969 2661 149 43 Surrey,
1131 2649 508 46 door-cloth-manufacturer,

322 2713 133 35 March
481 2713 58 40 11,
554 2712 61 41 21,
643 2711 71 34 and
741 2709 110 45 April
873 2709 58 39 IS,
948 2715 39 26 at
1011 2714 73 34 ten,
1120 2712 41 28 at
1189 2702 204 37 Guildhall.
1439 2692 20 51 -
1459 2692 167 51 AttOrney
1625 2692 21 51 t

419 2759 206 43 Godmond,
640 2759 93 35 New
758 2757 279 44 Bridge-street.

1452 2784 1 12 .
1522 2784 27 11 .„

638 2828 612 39 CERTIFICATES-MARCH
1274 2823 60 35 28.

374 2910 129 41 Bates,
524 2911 196 35 Brereton,
741 2904 273 40 Staffordshire,
1038 2911 143 37 grocer.
1237 2901 156 38 Renton,
1419 2897 203 41 Gloucester-

325 2965 159 33 terrace,
504 2960 175 43 Stepney,
696 2955 320 34 master-mariner.
1046 2952 157 39 Brown,
1225 2948 240 44 King-street,
1481 2944 138 33 Blooms-

326 3005 110 44 bury,
454 3017 144 32 grocer.

507 3115 354 41 SATURDAY'S
885 3107 257 44 LO.VDOIV'
1165 3103 288 44 GAZETTE.

593 3226 96 35 Lord
704 3224 193 37 Cochrane
914 3228 37 30 to
981 3220 92 37 Lord
1093 3214 270 47 Collingwnod.

426 3292 70 34 MY
520 3291 87 34 LOR
618 3299 40 32 n,
712 3291 235 40 Imperituse,
974 3285 78 43 Bay
1067 3282 45 45 if
1126 3282 128 40 Rosas,
1266 3276 188 38 December
1476 3275 39 41 5,
1540 3273 100 37 1808.

376 3358 80 35 The
485 3357 150 33 fortress
653 3353 45 35 of
716 3353 115 35 Rosas
857 3353 107 43 being
981 3346 177 39 attacked
1178 3347 48 41 by
1254 3356 44 22 an
1315 3352 105 31 army
1439 3340 44 34 of
1493 3340 149 34 Italians

327 3406 37 33 tn
387 3407 64 32 the
480 3403 138 34 service
635 3402 46 33 of
698 3402 155 43 France,
882 3402 34 32 in
951 3405 198 38 pursuance
1174 3392 45 34 of
1231 3390 262 41 discretionary
1520 3389 124 32 orders

326 3454 81 33 that
428 3462 96 35 your
543 3449 180 44 Lordship
745 3450 66 33 had
827 3450 109 44 given
950 3457 70 28 me,
1033 3450 38 28 to
1085 3454 25 22 a
1114 3454 12 22 s
1127 3441 65 34 sist
1209 3442 61 33 the
1289 3435 197 46 Spaniards
1505 3435 113 34 where-

325 3510 89 24 ever
428 3502 28 32 it
483 3498 107 35 could
618 3498 45 33 be
692 3498 92 33 done
814 3495 96 35 with
943 3495 15 32 6
958 3495 15 32 ,
973 3495 31 32 2.
1035 3495 94 31 most
1159 3490 118 39 effect,
1307 3485 18 33 I
1348 3483 164 35 hastened
1545 3482 99 35 here.

326 3548 81 33 The
425 3547 164 38 Citadel,
615 3557 43 21 on
676 3544 63 33 the
749 3544 73 33 22d
841 3544 69 33 ult.
939 3552 73 22 was
1028 3537 154 44 already
1204 3535 78 35 half
1293 3529 177 41 invested,
1493 3531 69 33 and
1581 3531 61 32 the

326 3604 129 37 enemy
472 3594 151 41 making
643 3593 54 33 his
712 3591 237 46 approaches
967 3583 162 38 towards
1157 3583 65 35 the
1248 3579 103 38 south
1374 3582 87 30 west
1485 3578 157 40 bastion,

322 3643 125 35 which
464 3653 94 34 your
578 3640 181 44 Lordship
777 3640 129 34 knows
922 3647 70 24 was
1007 3635 126 33 blown
1150 3633 109 33 down
1276 3630 70 32 last
1358 3635 76 25 war
1446 3625 48 37 by
1506 3627 61 32 the
1577 3635 45 24 ex-

322 3689 149 45 plosion
488 3689 44 35 of
540 3700 25 24 a
580 3689 209 45 magazine,
814 3686 71 34 and
904 3681 159 38 tumbled
1090 3681 77 33 into
1185 3679 59 34 the
1265 3676 99 37 ditch
1382 3686 11 24 ;
1419 3684 25 24 a
1469 3665 69 43 few
1554 3670 90 40 itLin

326 3737 133 44 planks
474 3738 71 34 and
557 3737 67 44 dry
643 3742 117 30 stones
776 3733 70 34 had
861 3733 90 33 been
970 3736 63 38 put
1048 3741 51 32 up
1119 3730 48 43 by
1196 3728 59 32 the
1274 3722 154 45 Spanish
1446 3722 197 44 engineers,

330 3785 159 46 perhaps
502 3791 38 28 to
555 3785 81 33 hide
658 3783 61 34 the
737 3781 120 35 defect
874 3793 9 27 ;
904 3780 50 33 all
970 3780 119 43 things
1106 3785 97 24 were
1220 3774 34 33 in
1281 3782 20 22 a
1320 3776 90 28 mast
1429 3769 215 45 deplorable

326 3839 107 35 state,
461 3831 91 35 both
568 3831 159 34 without
737 3831 69 33 and
823 3827 143 40 within,
984 3835 89 24 even
1089 3831 178 26 measures
1284 3821 59 32 for
1361 3819 94 33 their
1478 3817 165 44 powder.

326 3882 69 32 and
423 3892 92 24 saws
544 3879 61 34 for
638 3879 98 34 their
762 3878 96 32 fuses
892 3883 97 25 were
1011 3876 61 31 not
1107 3878 38 27 to
1165 3870 45 31 be
1238 3866 198 34 had—hats
1463 3863 67 33 and
1554 3874 90 22 axes

326 3930 171 45 supplied
519 3926 98 35 their
647 3926 123 46 place.
823 3922 83 35 The
926 3921 111 34 castle
1064 3919 45 34 of
1133 3915 194 39 Trinidad,
1345 3913 155 34 situated
1528 3921 45 22 on
1599 3920 44 22 an

327 3978 184 32 eminence
531 3976 65 33 but
609 3971 237 37 commanded
878 3972 45 43 by
946 3967 152 43 heights,
1126 3976 78 22 was
1230 3963 76 35 also
1320 3961 157 33 invested
1498 3972 12 27 ;
1544 3957 100 35 three

327 4022 445 45 twenty-four-pounders
790 4016 170 38 battered
976 4017 33 32 in
1024 4013 150 39 breach,
1195 4016 35 27 to
1252 4007 119 37 which
1387 4017 24 24 a
1428 4005 120 37 fourth
1572 4015 73 24 was

325 4069 229 35 afterwards
567 4070 132 41 added,
725 4068 67 34 and
813 4078 22 24 a
852 4074 148 38 passage
1028 4059 158 44 through
1207 4059 58 32 the
1296 4056 85 33 wall
1401 4062 37 27 to
1455 4056 56 33 ihe
1530 4054 116 33 lower

327 4117 247 46 bomb-proof
589 4119 106 40 being
711 4116 128 41 nearly
857 4111 168 38 effected,
1045 4119 50 24 on
1113 4109 63 31 the
1196 4098 50 65 2.1
1263 4098 17 65 d
1296 4098 50 65 the
1364 4104 152 33 marines
1534 4098 43 34 of
1587 4100 58 33 the

335 4165 112 35 Fatue
465 4176 97 25 were
574 4165 235 37 withdrawn.
841 4162 17 34 I
880 4166 91 31 went
985 4165 35 28 to
1033 4155 171 37 examine
1217 4154 61 33 the
1292 4156 94 31 state
1397 4152 41 34 of
1449 4152 59 33 the
1520 4149 125 43 castle)
