3413 4441
87 0 50 157 Elk
137 0 17 157 .

3335 40 24 48 .4'

146 149 15 30 I
300 136 252 52 MARCH
594 138 74 47 12.
1173 141 142 50 THE
1350 142 372 52 NATIONAL
1762 139 372 52 REGISTER.
2890 133 93 46 163

2909 213 44 5 ..._

1217 239 30 6 --
1522 231 1 15 •
1609 241 44 6 --•
1932 239 47 5 ...
2021 231 250 15 .._
2522 231 84 15 .
2689 231 83 15 _

302 275 256 47 neighbours,
589 275 213 51 according
831 283 46 32 to
907 278 69 39 the
1006 285 203 45 greatness
1226 279 76 39 and
1336 280 81 39 risk
1439 279 47 39 of
1506 279 105 39 their
1981 281 80 39 RE
2068 279 126 38 LAT'
2202 280 24 37 I
2235 280 45 37 '.iN
2316 274 322 43 SITUATIONS
2652 275 18 34 I
3338 226 26 314 1

305 327 188 51 ifursuits,
537 327 66 39 the
635 330 409 48 comprehensiveness
1080 332 78 37 and
1194 331 211 51 splendour
1437 330 48 39 of
1509 331 102 38 their
2233 353 151 22 --eassse-

308 381 184 47 prejects.
548 380 223 51 According
791 386 40 33 to
860 381 78 38 this
953 383 193 51 principle
1167 397 56 25 we
1240 396 98 25 were
1356 381 197 40 esteemed
1573 384 38 37 iu

89 430 25 324 L
113 430 25 324 I
138 698 34 250 '1

308 433 235 48 proportion
565 438 41 32 to
626 432 69 38 the
724 431 117 40 value
875 433 48 39 of
952 448 24 25 o
976 448 50 25 ur
1052 435 177 38 colonies
1259 433 76 39 and
1362 435 115 39 trade
1489 446 123 30 ;—we

305 483 78 37 had
404 483 87 39 that
511 483 233 53 mortifying
763 485 207 39 deference
981 487 130 39 shewn
1128 500 47 25 us
1193 487 124 39 which
1335 485 125 40 riches
1475 485 135 40 obtain
2224 480 191 21 ...........-

307 534 38 38 ie
366 536 215 39 Ourworld
600 539 141 39 ;—but
762 552 54 25 we
835 550 104 26 were
958 539 204 39 consulted
1183 552 52 26 no
1261 552 115 26 more
1411 552 41 25 as
1472 540 141 38 States-

1721 536 71 34 TO
1824 535 111 35 THE
1968 534 168 37 RIGHT
2170 531 130 37 HON.
2347 530 246 35 SPENCER
2628 526 304 38 PERCEVAL.

308 599 106 31 men,
445 601 73 25 nor
536 602 73 25 our
628 591 208 38 assistance
856 591 174 39 invoked
1049 604 43 25 as
1106 591 136 39 soldier
1241 591 20 39 s
1261 591 20 39 .
1311 591 72 39 We
1401 601 103 27 were
1520 604 94 26 con-
1753 407 80 38 'Ti.
1848 409 102 34 what
1967 407 59 34 the
2044 407 138 33 vicious
2200 405 91 43 fear,
2306 405 63 33 the
2385 404 162 35 virtuous
2561 402 90 35 shun
2663 400 119 35 !—Po
2792 409 69 27 PE.

462 552 32 22 w

1726 594 311 39 SlR—Without
2061 592 190 51 knowing
2288 591 38 38 in
2365 591 105 37 what
2507 600 167 27 manner
2706 599 78 39 you
2822 582 77 39 will
2931 581 48 39 be

3353 588 9 22 1

306 639 168 44 sidered,
509 643 37 35 in
581 643 94 46 tine,
713 643 37 38 in
781 643 69 38 the
885 643 103 52 light
1022 643 50 38 of
1098 656 24 25 a
1143 656 106 26 mere
1277 641 162 51 trading
1457 641 156 53 people,
1675 644 158 53 pleased
1852 651 43 34 to
1913 644 178 41 consider
2109 657 66 38 my
2197 647 158 47 present
2372 640 351 52 correspondence,
2743 650 61 32 or,
2825 632 157 46 irdecd,

305 693 135 37 whose
471 692 6 7 .

456 693 216 53 friendship
693 707 76 26 was
787 693 242 52 exclusively
1046 694 222 39 cultivated
1283 694 38 38 in
1341 705 274 41 consequence
1676 697 180 40 whether
1874 710 81 39 you
1975 696 77 39 will
2082 694 244 39 condescend
2346 698 43 33 to
2406 694 148 37 bestow
2576 702 106 41 upon
2712 690 31 38 it
2761 700 74 38 any
2855 685 109 40 consi
2963 685 22 40 -

306 744 50 38 of
370 744 102 38 their
491 757 158 40 money.
707 746 59 39 All
783 746 66 39 the
868 746 164 46 defects,
1052 746 180 48 peculiar
1252 754 41 32 to
1313 746 69 39 the
1397 759 99 26 over
1514 758 100 39 opu-
1676 749 195 44 deration,
1892 754 15 35 I
1941 748 105 40 avail
2078 745 145 52 myself
2235 746 51 40 of
2308 746 69 39 the
2400 743 198 53 freedom,_
2628 752 189 27 common
308 743 2552 34 to
2862 748 39 86 my
2901 748 80 86 lent
411 796 346 43 tradesman—the
776 811 107 26 mere
905 811 30 25 m
934 811 60 25 an
1013 795 22 43 o
1036 795 24 43 f
1059 795 22 44 -
1082 795 22 44 w
1104 795 22 44 e
1127 795 22 44 a
1149 795 133 56 lth—b
1283 800 30 51 e
1312 800 92 51 gan
1424 803 45 33 to
1493 810 122 27 mans-
1677 806 100 48 coun
1778 806 25 48 t
1802 806 25 48 r
1827 806 25 48 y
1852 806 77 48 men
1929 806 26 48 ,
1974 800 24 41 o
1997 800 24 41 f
2044 798 54 50 ma
2099 798 110 50 king
2222 811 115 27 some
2356 809 67 26 use
2443 794 48 40 of
2504 794 136 51 public
2657 803 135 28 names
2809 795 45 34 to
2872 801 92 27 corn-

307 848 79 38 lest
405 848 236 41 themselves
673 852 40 38 in
733 863 73 26 our
837 850 200 53 language
1070 852 78 39 and
1180 852 169 39 conduct
1364 862 126 32 ;—we
1508 862 106 41 grew
1678 854 202 39 municate
1900 866 65 39 my
1995 852 194 52 thoughts
2203 865 53 25 on
2285 848 133 54 public
2448 847 151 50 things.
2655 844 126 39 When
2816 841 51 39 all
2894 852 93 39 eyes

305 902 285 50 purse-proud,
617 902 207 53 haughty;
853 917 59 25 we
931 904 175 39 vaunted
1126 917 77 26 our
1227 904 189 52 integrity
1436 902 79 38 and
1550 914 66 26 ac-
1678 917 66 27 are
1765 918 110 39 upon
1902 918 97 39 you,
2029 904 72 45 Sir,
2126 904 77 38 and
2236 902 116 39 while
2383 899 50 40 all
2466 894 172 56 tongues
2670 908 66 26 are
2765 892 159 51 talking
2941 891 51 39 of

304 953 243 51 eeirements
566 960 70 34 too
656 954 150 51 loudly,
835 956 78 39 and
948 956 167 39 evinced
1139 960 72 34 too
1240 956 208 39 indiscreet
1467 967 26 25 a
1521 967 93 26 con-
1678 970 97 39 you,
1794 957 174 39 concede
1998 961 44 33 to
2072 967 78 30 me,
2169 956 170 39 obscure
2369 966 41 26 as
2441 954 14 35 1
2478 950 169 44 remain,
2678 947 67 39 the
2778 945 143 50 liberty
2944 941 51 39 of

307 1009 131 48 tempt
456 1006 63 38 for
536 1007 149 39 others.
743 1009 83 38 Our
840 1007 286 52 indefatigable
1148 1007 74 39 and
1244 1006 206 40 insatiable
1465 1006 152 51 pursuit
1680 1009 156 51 writing
1856 1015 41 34 to
1917 1022 94 38 you.
2070 1009 13 37 I
2104 1012 150 33 cannot
2282 1005 119 41 avoid
2435 1002 148 52 feeling
2611 1000 135 39 rather
2773 994 217 40 interested
3381 998 11 26 o

307 1057 52 38 of
380 1058 172 40 colonies
569 1059 77 39 and
677 1059 50 39 of
741 1072 105 26 mere
866 1059 143 39 British
1031 1062 198 44 interests,
1257 1057 129 40 whilst
1406 1071 74 27 our
1501 1058 117 38 Allies
1680 1059 39 39 in
1739 1059 107 39 whel
1864 1075 81 37 yon
1965 1072 66 26 are
2065 1059 184 51 reported
2278 1064 44 34 to
2352 1058 48 39 be
2418 1056 167 50 saying;
2614 1064 76 26 nor
2708 1062 73 28 can
2804 1051 12 35 1
2841 1046 150 39 refrju
3352 1075 7 20 I

119 1343 14 139 L.

132 1468 34 357 I
308 1122 104 26 were
425 1110 34 38 in
481 1110 69 40 the
565 1117 53 33 mo
618 1117 27 33 s
645 1117 27 33 t
703 1111 207 40 imminent
930 1119 104 33 want
1062 1111 50 40 of
1136 1124 74 27 our
1240 1110 216 45 exertions,
1488 1111 124 38 raised
1678 1113 105 39 from
1804 1111 267 52 entertaining
2089 1123 109 26 some
2217 1108 305 56 apprehensions
2541 1117 43 26 as
2606 1109 46 34 to
2670 1102 105 40 what
2796 1111 83 40 you
2898 1109 96 40 may
3392 1102 5 723 '

305 1162 274 40 considerable
596 1165 145 39 doubts
759 1165 46 39 of
827 1178 78 26 our
935 1165 291 52 magnanimity
1246 1176 43 26 as
1320 1161 85 39 well
1442 1174 43 26 as
1501 1162 117 39 disin-
1680 1165 197 51 presently
1907 1167 48 37 be
1985 1163 124 40 found
2127 1165 136 50 doing.
2319 1162 145 38 Where
2481 1155 230 40 inclination
2733 1154 30 37 is
2794 1149 197 41 seconded

840 1248 25 20 le
308 1217 282 44 terestedness;
621 1217 78 39 and
715 1230 56 26 we
789 1217 132 52 began
940 1222 41 33 to
999 1218 50 38 be
1067 1214 230 41 considered
1316 1214 39 38 in
1375 1214 67 39 the
1462 1213 99 51 light
1577 1213 48 39 of
1682 1218 50 40 by
1752 1215 226 52 authority,
1996 1215 130 39 where
2154 1217 50 38 he
2229 1215 90 39 who
2347 1209 231 43 threathens
2597 1219 72 27 can
2691 1205 81 40 also
2794 1204 171 52 perform
2966 1204 25 52 ,

308 1279 26 26 at
350 1267 195 52 haughty,
574 1269 130 39 selfish
728 1269 135 39 nation
893 1269 50 39 of
963 1270 169 45 traders,
1165 1265 221 43 unmindful
1406 1265 48 38 of
1475 1267 67 37 the
1561 1265 58 38 in-
1682 1259 57 47 his
1768 1269 229 38 sentiments
2024 1271 169 34 amount
2222 1269 45 34 to
2293 1264 224 50 something
2550 1271 112 27 more
2691 1250 302 58 consequential

309 1324 119 33 [crest
448 1320 48 38 of
526 1320 149 46 others,
704 1322 73 38 and
798 1320 170 39 anxious
986 1322 92 51 only
1115 1320 126 39 about
1259 1332 73 26 our
1352 1331 102 26 own.
1511 1318 110 38 Thus
1683 1320 98 38 than
1806 1318 287 53 speculations.

307 1371 71 39 the

403 1372 299 39 characteristic
720 1372 213 45 frankness
948 1377 73 34 and
1050 1372 226 53 generosity
1299 1371 47 37 of
1374 1371 69 38 the
1473 1370 143 38 British
1733 1371 65 39 All
1830 1372 66 38 the
1928 1383 262 38 newspapers,
2209 1367 295 50 contradictory
2533 1374 44 28 as
2602 1362 94 52 they
2718 1372 69 27 are
2816 1358 37 38 in
2874 1357 119 39 other
3387 1376 6 20 1

334 1423 8 17 l

304 1431 215 32 cearacter
554 1439 78 25 was
669 1426 267 45 confounded,
966 1426 177 51 through
1166 1426 67 38 the
1263 1423 97 39 false
1393 1421 130 53 policy
1543 1422 76 38 and
1684 1423 250 51 particulars,
1951 1434 163 32 concur,
2132 1426 11 34 I
2167 1423 96 41 end,
2281 1423 38 35 in
2335 1416 236 50 attributing
2585 1419 44 34 to
2643 1427 77 38 you
2743 1426 52 24 no
2807 1411 189 50 ordinary

3348 1270 17 25 r
3386 1265 2 30 .

3354 1397 4 2 .

3357 1404 4 7 ,

307 1476 71 39 the
416 1480 125 48 petty,
578 1479 230 38 contracted
844 1478 123 39 views
1000 1478 46 39 of
1095 1479 296 39 Government;
1439 1473 76 40 and
1551 1475 69 37 the
1682 1476 185 53 opinions
1885 1488 48 24 on
1957 1476 65 37 the
2033 1475 171 48 subjects
2216 1475 50 35 of
2277 1470 204 50 Adultery,
2494 1469 74 35 and
2590 1468 35 44 (1
2649 1465 123 39 thank
2794 1462 196 52 plainiMr.

307 1527 158 39 bravest
485 1530 76 38 and
582 1534 100 34 most
703 1531 260 51 enterprising
997 1530 138 39 nation
1157 1541 104 38 upon
1280 1527 115 39 earth
1423 1538 79 25 was
1520 1539 94 25 con-
1685 1530 132 39 Fuller
1835 1527 64 38 for
1918 1526 67 39 the
2006 1531 98 33 term
2122 1530 28 41 !)
2194 1524 183 40 Relative
2404 1518 215 41 Situations
2636 1520 8 34 !
2666 1519 8 34 !
2730 1518 110 39 Yon,
2861 1514 74 41 Sir,
2961 1511 33 39 it

3351 1551 13 47 ;
3364 1551 26 47 .t

304 1580 169 39 skinned
491 1586 40 34 to
553 1594 187 26 consume
758 1583 47 38 its
827 1583 145 51 vigour
990 1581 74 39 and
1089 1593 200 27 resources
1307 1580 39 37 in
1369 1591 24 25 a
1411 1577 203 52 desultory
1682 1579 141 40 should
1843 1592 118 32 seem,
1983 1583 70 33 not
2072 1577 137 39 unlike
2231 1577 113 51 pious
2372 1577 74 37 Lot
2465 1573 37 34 in
2530 1570 69 38 the
2619 1581 91 38 very
2731 1569 112 38 heart
2863 1566 46 37 of
2926 1569 47 33 So-

308 1633 80 39 and
409 1638 106 47 petty
531 1633 167 39 warfare
716 1633 92 39 with
829 1635 70 39 the
919 1633 209 40 miserable
1147 1633 157 39 nations
1322 1630 50 40 of
1385 1631 67 38 the
1466 1632 107 37 East.
1682 1633 111 45 dom,
1813 1643 67 26 are
1899 1630 120 39 found
2041 1629 161 52 happily
2222 1631 85 35 free
2326 1629 102 38 from
2443 1624 67 38 the
2522 1624 77 35 sins
2611 1619 47 38 of
2674 1619 74 39 this
2764 1617 131 39 infidel
2916 1616 76 48 and

1683 1685 230 38 adulterous
1933 1684 249 47 generation.
2241 1680 125 39 Suffer
2387 1690 61 25 my
2471 1672 344 52 congratulations
2836 1681 50 25 oil
2917 1668 79 38 this
3357 1676 8 30 t

363 1726 40 39 If
416 1726 155 53 flattery
591 1731 41 34 to
650 1727 235 39 individuals
904 1727 50 39 be
971 1726 200 47 criminal,
1201 1726 30 39 it
1252 1726 30 39 is
1299 1728 159 34 treason
1480 1727 43 33 to
1547 1734 67 25 use
1685 1736 210 48 immunity
1920 1736 103 35 Front
2044 1733 99 38 trans
2144 1733 20 38 ,
2164 1733 181 38 rression.
2405 1720 162 50 Rulers,
2598 1736 79 28 von
2712 1724 106 39 know
2818 1724 27 39 ,
2867 1721 130 46 ought

309 1778 32 39 it
353 1783 46 33 eo
428 1780 289 38 communities.
772 1781 71 35 We
876 1778 90 40 love
1000 1779 148 52 liberty
1183 1776 157 53 beyond
1376 1775 126 39 riches
1518 1791 12 26 ;
1563 1786 58 24 we
2153 1766 22 18 m,

1685 1794 40 32 to
1746 1789 50 39 be
1815 1788 66 37 the
1899 1791 129 34 terror
2048 1786 48 37 of
2107 1785 76 38 evil
2200 1785 129 43 deers,
2350 1781 74 38 anti
2450 1780 70 37 the
2541 1775 150 40 reward
2711 1775 45 35 of
2773 1774 112 37 those
2906 1772 90 38 who

3356 1782 18 64 s
3373 1782 18 64 i

306 1831 137 51 prefer
462 1831 156 39 honour
637 1837 44 33 to
699 1844 236 26 commerce.
990 1832 129 37 When
1153 1844 58 25 we
1226 1831 118 38 know
1365 1832 41 32 at
1426 1826 70 38 the
1514 1837 107 26 same
1684 1840 52 38 do
1752 1838 102 40 well.
1913 1838 141 40 Hiehly
2079 1850 146 38 proper
2248 1840 28 33 is
2308 1837 45 43 it,
2376 1843 223 28 moreover,
2621 1827 89 35 that
2730 1827 65 35 the
2813 1824 86 50 onl)
2926 1835 47 25 ex-

309 1884 99 37 time
438 1883 87 38 that
552 1884 116 38 trade
698 1884 73 37 and
806 1883 196 51 opulence
1019 1886 150 34 cannot
1204 1881 48 38 be
1269 1878 162 40 secured
1452 1877 169 38 without
1687 1892 118 50 isting
1827 1871 202 63 monarch,
2029 1871 26 63 m
2055 1890 126 37 whose
2217 1889 81 37 life.
2330 1899 40 24 as
2401 1883 172 38 William
2607 1881 164 48 Cowper
2807 1881 120 32 wrote
2960 1877 40 35 in

306 1933 181 39 freedom
508 1936 76 38 and
599 1935 120 39 noble
738 1937 219 43 exertions,
986 1948 58 25 we
1064 1933 79 39 feel
1165 1933 66 38 the
1248 1938 188 45 stronger
1457 1928 163 39 incline-
1689 1957 111 25 verse
1831 1943 72 37 and
1928 1954 41 26 as
1988 1944 167 47 Spencer
2179 1937 46 40 Pe
2225 1937 22 40 r
2248 1937 117 40 ceval
2398 1949 86 31 says
2518 1933 35 35 in
2593 1944 126 35 prose,
2735 1928 175 39 exhibits
2929 1932 28 18 66
2975 1938 26 25 a

3356 1968 2 4 .
3378 1968 2 4 .

93 2010 54 98 iiir
308 1987 86 38 Lion
410 1993 43 32 to
472 1988 92 51 give
589 2001 24 25 a
628 1987 163 39 decided
821 1987 230 52 preference
1069 1991 44 33 to
1152 1985 69 38 the
1240 1984 130 38 latter.
1431 1983 31 35 A
1483 1980 142 52 people

308 2039 133 39 whose
462 2039 194 52 principal
676 2040 135 50 object
830 2053 31 24 is
888 2039 126 45 trade,
1036 2039 78 38 and
1134 2049 117 28 every
1271 2036 118 37 other
1408 2047 24 24 a
1465 2031 159 39 second-
1689 1996 124 38 lesson
1828 1998 41 33 to
1886 1995 65 37 the
1969 1994 84 37 land
2076 1994 47 37 he
2515 1995 144 40 !wooer
2676 1983 27 37 is
2718 1983 44 41 it,
2798 1981 74 37 and
2893 1977 106 50 truly

1689 2044 236 52 (rratifying,
1948 2044 86 39 that
2054 2040 93 43 such
2169 2056 24 24 a
2209 2029 213 51 Sovereieii
2444 2035 143 40 should
2610 2036 47 35 be
2678 2030 246 40 surrounded
2944 2029 53 51 by
3373 2011 1 85 •

309 2102 72 38 ary
403 2104 91 32 one,
523 2104 120 26 never
677 2098 123 32 retain
834 2091 33 38 it
895 2091 93 52 long
1004 2107 11 27 ;
1045 2091 76 38 but
1152 2094 85 34 are
1237 2086 137 40 forced
1394 2091 44 32 to
1459 2083 103 52 yield
1581 2083 46 37 its
1689 2102 128 40 servan
1817 2102 21 40 t
1838 2102 21 40 s
1859 2102 22 40 ,
1886 2091 6 6 '
1903 2096 103 45 who,
2028 2094 165 51 humbly
2216 2073 198 70 imitating
2435 2091 103 37 their
2567 2091 145 45 august
2735 2088 162 40 master,

309 2141 157 52 profits,
495 2143 187 52 together
702 2143 91 39 with
814 2143 106 39 their
939 2143 308 51 independence,
1271 2144 44 33 to
1335 2151 22 25 a
1372 2143 103 33 state
1498 2135 130 39 whose

1922 2160 182 33 Covetens
2120 2159 85 41 oidy
2223 2157 44 32 of
2278 2169 22 20 a
2320 2156 162 33 virtuous
2499 2150 139 45 praise,

307 2193 135 51 policy
476 2193 30 39 is
535 2209 112 25 more
683 2194 151 39 liberal.
891 2197 45 37 In
956 2194 65 39 the
1041 2193 106 39 scale
1167 2192 47 38 of
1241 2190 211 52 happiness
1483 2202 58 26 we
1559 2199 67 26 ac-
3352 2185 47 56 i,,..

1925 2206 102 32 With
2047 2207 96 30 close
2161 2204 157 41 tiielity,
2333 2202 66 32 and
2420 2202 81 30 love
2520 2194 196 44 unfeign'd,

308 2246 115 50 quire
454 2246 170 51 nothing
644 2248 51 51 by
718 2261 47 25 an
802 2246 300 39 accumulation
1131 2245 50 38 of
1195 2243 145 41 riches;
1371 2241 78 39 and
1480 2241 37 37 in
1537 2239 89 37 that
1925 2255 78 33 can
2022 2254 96 43 keep
2138 2251 59 33 the
2215 2246 246 37 matrimonial
2480 2244 91 34 bond
2591 2241 198 35 unstain'd!

1346 2293 9 37 i

309 2296 51 39 of
373 2311 131 39 power
524 2300 91 51 they
639 2311 69 27 arc
728 2298 132 40 rather
881 2298 48 38 of
941 2298 220 50 secondary
1182 2297 93 37 than
1297 2293 177 53 primary
1492 2303 135 26 cense-

1742 2314 146 51 Happy
1909 2311 32 37 is
1959 2311 66 37 the
2042 2309 230 50 Sovereign,
2291 2306 200 39 therefore
2506 2306 8 34 !
2546 2303 129 50 happy
2700 2301 66 37 the
2789 2296 210 43 Ministers,

309 2363 169 37 quence.
534 2354 76 37 But
630 2352 111 38 when
759 2365 58 25 we
831 2352 138 39 reflect
990 2350 89 38 that
1098 2349 106 38 their
1235 2344 126 40 moral
1384 2336 80 46 and
1494 2341 131 51 politi-
1846 2365 6 7 •
1866 2353 12 9 -

1691 2367 92 43 and,
1805 2368 38 33 ot
1866 2376 154 30 conrse,
2041 2362 129 51 happy
2205 2362 69 35 tee
2306 2361 193 46 Country,
2531 2354 132 37 -where
2687 2350 94 39 such
2804 2350 131 51 purity
2957 2346 51 39 of

307 2401 63 39 cal
390 2404 188 52 tendency
600 2404 97 39 does
713 2409 66 32 not
793 2409 165 46 operate
977 2400 240 51 favourably
1235 2412 52 24 on
1306 2411 25 25 a
1352 2399 99 47 free
1470 2393 156 54 people,
1665 2385 4 71 1
3390 2385 14 50 l'

1693 2417 189 53 principle
1903 2417 30 37 is
1954 2414 208 37 combined
2200 2412 91 37 with
2326 2411 93 37 such
2453 2405 249 51 inflexibility
2735 2404 46 37 of
2811 2400 190 53 practice.

311 2467 65 26 we
407 2460 148 34 cannot
591 2457 73 38 but
702 2458 129 50 regret
865 2460 45 33 to
947 2454 145 39 behold
1115 2452 52 39 all
1201 2452 67 37 the
1285 2461 94 27 ener
1382 2461 24 38 g
1411 2448 54 37 ies
1483 2447 47 38 of
1558 2446 70 39 the
1965 2446 5 61 -

743 2490 21 18 a
1693 2474 120 47 Away
1835 2467 93 38 with
1951 2466 87 38 that
2062 2464 188 50 religious
2271 2460 236 52 ragamuffin
2531 2456 203 52 Napoleon
2757 2456 247 47 Bonaparte,

311 2511 106 35 state
433 2520 119 37 verge
572 2507 172 39 towards
759 2520 25 26 a
801 2507 191 39 doubtful
1007 2507 77 38 and
1102 2503 228 53 precarious
1346 2499 125 53 good.
1691 2520 133 39 whose
1845 2519 116 41 vices,
1981 2516 149 38 instead
2150 2515 46 38 of
2213 2516 159 41 virtues,
2393 2524 103 26 seem
2517 2520 43 26 to
2588 2506 219 40 constitute
2828 2504 58 37 his
2909 2516 93 38 pro-

364 2583 79 35 But
461 2580 162 40 fortune
635 2581 72 38 has
728 2581 97 38 been
844 2580 143 39 kinder
1003 2580 77 37 and
1100 2588 113 26 more
1230 2572 213 53 provident
1456 2571 172 38 towards
1693 2572 149 39 faction
1856 2574 8 32 !
1897 2571 99 35 llow
2017 2569 71 37 has
2114 2568 48 37 he
2181 2578 130 32 come,
2331 2577 43 24 as
2404 2563 90 48 they
2526 2572 99 26 once
2654 2556 105 41 cried
2777 2559 76 35 out
2872 2556 47 38 of
2934 2555 71 39 the

314 2647 59 31 us,
400 2633 99 38 than
531 2646 58 26 we
622 2633 103 38 have
754 2633 96 38 been
883 2636 44 33 to
956 2629 228 41 ourselves;
1214 2626 91 44 and,
1326 2637 41 25 as
1385 2623 37 38 if
1436 2622 40 39 in
1494 2634 133 27 conse-
1694 2621 195 54 Apostles,
1910 2626 43 32 to
1972 2624 91 33 turn
2085 2619 66 39 the
2170 2616 126 39 world
2316 2614 135 52 upside
2469 2613 115 38 down
2603 2615 8 34 !

96 2678 63 70 41!"'
309 2698 156 39 *pence
493 2686 46 38 of
563 2698 77 26 our
660 2685 149 39 former
829 2685 165 43 virtues,
1023 2682 70 37 she
1111 2679 117 39 offers
1247 2691 58 32 us,
1333 2676 72 38 the
1423 2678 73 34 last
1515 2675 112 41 time,
1743 2672 118 46 Well,
1879 2678 73 39 sir,
1972 2683 79 39 you
2072 2682 67 26 are
2157 2682 90 25 now
2268 2669 39 37 in
2333 2668 71 37 the
2419 2663 187 52 vineyard
2626 2660 47 40 of
2696 2657 155 52 royalty
2868 2674 12 30 ;
2911 2656 94 47 and,

311 2733 216 56 according
547 2743 43 33 to
611 2737 148 39 human
776 2734 259 54 probability,
1051 2733 35 39 if
1102 2745 59 25 we
1179 2730 152 52 neglect
1346 2730 46 44 it,
1411 2740 51 22 an
1482 2737 145 40 oppor-
1690 2726 156 52 greatly
1879 2730 41 33 to
1958 2735 102 39 your
2088 2722 171 41 honour,
2284 2731 81 39 you
2402 2728 149 39 appear
2585 2712 243 41 determined
2863 2717 43 32 to
2937 2709 64 51 lay

312 2791 132 39 trinity
467 2790 48 39 of
529 2789 200 52 reverting
743 2793 41 34 to
802 2789 70 39 the
887 2787 113 52 point
1015 2799 58 25 we
1090 2780 261 52 incautiously
1368 2778 170 54 quitted.
1596 2778 32 37 A
1691 2792 106 39 your
1817 2789 76 27 axe
1920 2781 43 33 to
1993 2776 66 38 the
2089 2785 92 39 very
2212 2777 111 34 roots
2343 2770 47 38 of
2418 2767 246 40 fornication
2694 2763 74 39 and
2791 2761 201 51 adultery.

311 2855 87 26 new
419 2842 194 52 struggle,
643 2854 112 26 more
772 2845 211 34 strenuous
1002 2838 76 39 and
1098 2836 170 39 decisive
1285 2833 100 39 than
1406 2843 78 38 any
1501 2828 125 39 which
1693 2832 94 38 You
1805 2841 130 32 come,
1955 2826 155 44 indeed,
2130 2831 41 32 at
2203 2824 70 38 the
2301 2819 181 41 eleventh
2512 2819 132 45 hour;
2672 2817 72 37 but
2772 2815 31 38 it
2822 2815 32 39 is
2872 2815 132 37 better

311 2895 74 39 has
404 2895 207 44 occurred,
648 2894 32 39 is
699 2893 228 52 preparing,
956 2904 46 25 or
1016 2891 70 38 has
1106 2885 159 53 already
1285 2881 276 45 commenced,
1591 2880 38 39 in
1693 2884 98 39 than
1818 2891 103 41 your
1939 2877 183 50 standing
2144 2875 78 40 idle
2241 2875 39 38 in
2298 2874 71 40 the
2386 2869 292 52 market-place
2694 2884 11 27 ;
2735 2867 77 38 and
2830 2867 112 38 there
2970 2864 33 39 is

309 2947 150 39 favour
470 2947 48 39 of
531 2948 69 38 the
615 2944 294 52 independence
922 2943 47 40 of
978 2942 66 40 the
1059 2940 139 39 world.
1256 2940 72 38 Let
1344 2949 46 27 us
1401 2935 138 38 hasten
1553 2931 74 39 and
1693 2933 78 41 still
1787 2934 96 38 time
1913 2930 162 51 enough
2098 2929 64 38 for
2178 2939 80 40 you
2280 2931 45 33 to
2344 2923 174 54 perform
2546 2933 104 40 your
2669 2919 158 52 portion
2859 2917 47 37 of
2935 2915 69 39 the

312 2999 105 39 seize
437 2999 67 40 the
526 2998 226 53 auspicious
777 3001 181 34 moment
978 2995 61 39 for
1058 2991 235 51 recovering
1311 2989 69 39 the
1400 2983 229 53 reputation
1691 2987 161 44 labour,
1872 2983 76 39 and
1967 2994 94 27 earn

2076 2994 106 40 .your
2202 2991 129 40 penny
2352 2991 41 26 as
2422 2974 117 52 fairly
2559 2986 41 27 as
2631 2983 73 40 any
2727 2969 47 40 of
2789 2980 104 41 your
2911 2980 70 40 pre-

312 3064 61 26 we

394 3052 100 38 have
513 3048 327 53 iuconsiderately
860 3048 204 40 forfeited,
1096 3045 65 39 for
1182 3041 243 48 reassuming
1446 3038 69 39 the
1528 3035 99 40 rack
1693 3039 197 40 decessors
1905 3035 37 38 in
1959 3032 288 52 employment.

314 3117 61 25 we
404 3103 187 52 formerly
613 3103 219 51 possessed.
889 3102 71 37 We
978 3113 89 26 may
1087 3097 79 39 still
1189 3094 210 40 obliterate
1419 3091 71 38 the
1508 3087 120 40 recol-
1744 3087 174 46 Reflect,
1938 3085 200 41 however,
2158 3094 107 39 upon
2288 3080 105 40 what
2411 3092 80 40 you
2510 3089 90 39 may
2629 3076 51 38 be
2708 3073 142 39 about.
2906 3073 37 37 It
2974 3069 35 40 is

313 3155 146 40 lection
490 3157 47 37 of
565 3169 77 25 our
660 3155 126 38 follies
802 3170 11 28 ;
844 3154 77 39 and
940 3165 98 25 even
1058 3150 128 39 efface
1205 3149 66 38 the
1285 3146 139 39 odium
1442 3142 78 39 and
1538 3141 92 39 ridi-
1649 3122 1 77 1
1694 3142 71 40 the
1779 3154 71 26 sou
1866 3139 48 39 of
1928 3139 66 37 the
2016 3137 87 38 lord
2122 3133 47 39 of
2184 3133 69 39 the
2270 3133 159 38 harvest
2450 3128 174 46 himself,
2644 3126 59 39 his
2722 3122 170 45 beloved
2921 3135 89 33 son,

312 3209 93 39 Lille
426 3209 44 37 of
480 3221 76 26 our
574 3207 174 39 conduct
764 3206 180 39 towards
964 3206 131 51 Spain.
1154 3201 85 39 The
1259 3200 152 39 intense
1428 3193 139 40 hatred
1586 3193 51 39 of
1694 3194 90 39 who
1804 3193 32 39 is
1848 3204 86 27 now
1956 3189 39 39 in
2014 3189 70 39 the
2102 3185 124 40 hands
2254 3185 48 39 of
2322 3185 59 38 his
2404 3183 161 40 father's
2591 3182 189 37 servants.
2838 3177 64 37 Do
2922 3180 87 46 not,

314 3261 70 38 the
402 3261 156 38 nations
576 3260 47 38 of
641 3261 157 50 Europe
819 3265 45 32 to
887 3259 146 37 France
1067 3256 71 37 has
1165 3250 191 41 absorbed
1377 3259 119 38 every
1521 3250 110 33 trace
1697 3244 54 40 do
1770 3241 321 45 not--but,
2138 3252 97 40 you,
2275 3236 76 44 Sir,
2383 3235 119 40 know
2552 3231 69 39 the
2655 3229 167 41 relation
2862 3226 50 39 of
2939 3226 70 41 the

313 3313 53 38 of
378 3313 222 39 discontent
622 3317 45 35 to
687 3312 77 38 this
783 3317 195 34 country;
1007 3309 77 38 and
1106 3319 59 25 we
1185 3318 104 31 may,
1310 3301 171 38 without
1498 3301 135 34 extra-
1695 3296 131 40 whole
1845 3292 244 43 transaction
2109 3295 9 34 !
2174 3291 169 48 Twenty
2370 3286 162 52 eloping
2557 3283 107 39 lords
2681 3280 78 40 and
2790 3278 124 41 ladies
2940 3291 71 37 are

314 3365 188 52 ordinary
531 3363 142 41 efforts
702 3365 74 38 and
807 3356 214 51 sacrifices,
1054 3370 163 28 recover
1244 3357 67 38 the
1341 3351 292 53 pre-eminence
1672 3331 4 86 .
1696 3347 187 51 nothing,
1902 3343 219 54 compared
2137 3341 97 40 with
2267 3340 85 43 him
2378 3338 133 41 whom
2536 3346 104 44 your
2670 3331 240 43 resolutions
2941 3343 71 27 are

319 3431 59 25 we
397 3417 102 40 have
517 3417 92 40 lost.
666 3416 154 45 Active,
839 3413 279 44 conciliatory,
1156 3409 74 39 and
1252 3406 224 50 intelligent
1495 3405 137 47 agents
1698 3399 25 54 s
1723 3399 175 54 upposed
1920 3404 43 33 to
1982 3394 131 41 affect.

3358 3389 12 31 x
3370 3389 25 31 i,

317 3470 104 39 —of
450 3483 24 26 a
504 3470 206 39 character
735 3469 66 38 the
836 3481 97 26 very
964 3478 156 26 reverse
1140 3462 47 39 of
1209 3462 111 38 those
1343 3470 57 26 we
1428 3451 200 56 generally
1744 3451 118 52 Adult
1863 3451 47 52 er
1910 3451 24 52 y
1933 3451 24 52 ,
1968 3462 59 26 we
2050 3450 109 41 hear,
2172 3446 32 39 is
2223 3449 44 37 to
2285 3444 51 40 be
2350 3441 45 56 ca
2395 3441 22 56 p
2418 3441 112 56 itabl
2530 3441 22 56 y
2569 3433 22 58 p
2591 3433 236 58 unishable;
2857 3433 76 43 but
2952 3443 63 31 we
3358 3420 13 45 i
3371 3420 27 45 4,

317 3523 211 53 employed
566 3519 299 44 there—would
904 3524 146 33 restore
1087 3528 78 26 our
1202 3511 235 40 Governmen
1437 3511 53 40 t,
1532 3506 24 39 b
1556 3506 24 39 o
1579 3506 50 39 th
1694 3519 22 26 a
1716 3519 22 26 r
1739 3519 22 26 e
1780 3508 72 35 not
1873 3507 21 48 y
1894 3507 45 48 et
1957 3500 100 45 told,
2075 3498 178 40 whether
2272 3498 25 50 b
2297 3498 25 50 y
2344 3493 104 53 casti
2448 3493 20 53 g
2469 3493 128 53 ation,
2611 3488 308 54 sequestration,
2941 3485 74 39 fla-,

319 3580 43 33 at
384 3576 148 38 Vienna
559 3574 77 39 and
669 3572 281 53 Petersburg!),
978 3576 43 33 to
1054 3570 50 37 its
1128 3566 150 39 former
1306 3556 293 59 respectability
1618 3572 11 31 ;
1693 3556 107 61 gell4
1804 3562 13 34 t
1822 3556 8 38 i
1837 3569 24 24 o
1865 3568 22 25 n
1893 3581 11 18 ,
1924 3552 231 44 castration,
2177 3563 47 25 or
2249 3546 272 53 decapitation
2538 3550 14 32 i
2585 3541 129 41 While
2743 3542 48 38 Mr
2791 3542 25 38 s
2816 3542 25 38 .
2861 3537 26 40 C
2887 3537 132 40 lark,

318 3627 79 39 and
425 3641 48 26 an
509 3641 112 39 army
643 3627 51 39 of
718 3630 162 47 seventy
913 3621 198 40 thousand
1142 3630 78 30 men
1220 3630 27 30 ,
1276 3615 130 40 either
1430 3612 39 38 in
1499 3609 131 52 Spain,
1695 3624 31 26 is
1757 3606 247 54 frightening
2023 3604 52 39 all
2096 3602 209 40 mankind,
2336 3600 32 39 it
2386 3609 124 30 seems
2533 3595 73 40 the
2624 3593 94 40 wisti
2740 3592 48 39 of
2813 3592 80 38 Mr.
2916 3589 99 40 Per-
3357 3580 13 33 ti
3385 3580 4 100 .

317 3680 120 52 Italy,
474 3693 47 27 or
557 3679 189 45 Holland,
775 3677 70 39 the
878 3676 112 53 place
1017 3673 50 39 of
1097 3672 106 39 their
1237 3667 172 53 exploits
1439 3663 32 39 is
1500 3659 21 54 e
1521 3659 21 54 q
1543 3659 89 54 ual,
1694 3660 69 43 cev
1762 3660 46 43 al
1830 3667 41 32 to
1903 3656 118 52 terrif
2021 3656 20 52 y
2063 3656 51 39 all
2135 3650 274 48 womankind,
2444 3650 107 39 from
2585 3644 117 44 illicit
2733 3656 180 31 amours,
2930 3652 65 30 sur-

319 3733 191 52 provided
549 3733 93 52 they
676 3733 91 38 beat
806 3730 67 39 the
904 3739 159 39 enemy,
1104 3720 131 41 would
1269 3730 129 43 prove
1440 3715 22 39 t
1462 3715 67 39 hat
1566 3712 66 39 the
1696 3713 63 53 rep
1759 3713 148 53 titious
1928 3707 202 51 interchan
2130 3707 22 51 g
2152 3707 67 51 es,
2241 3702 406 44 retativesituatitifts,
2665 3697 76 40 and
2761 3693 259 43 unhallowed
3356 3712 24 27 14

321 3785 145 39 British
509 3785 96 40 Lion
653 3783 71 41 has
768 3781 93 53 only
898 3781 100 38 been
1028 3776 128 51 asleep
1155 3776 22 51 ,
1230 3772 73 39 and
1354 3771 15 37 i
1369 3771 15 37 s
1426 3763 206 44 enfeebled
1694 3762 312 44 ebhabitations.
2065 3762 96 37 Mrs.
2183 3757 181 41 Clarke's
2391 3751 185 52 example
2606 3752 72 39 has
2705 3748 102 40 been
2837 3752 180 33 tremens
3356 3744 24 45 .!f

318 3839 157 39 neither
507 3839 51 51 by
591 3850 78 38 age
689 3849 73 27 nor
780 3835 187 40 sickness.
1022 3831 59 38 Oh
1098 3831 9 34 !
1140 3837 58 27 Nvr
1202 3840 15 25 r
1222 3839 20 26 e
1261 3824 67 39 the
1362 3819 270 43 Promethean
1695 3817 141 51 dourly
1856 3811 241 41 efficacious.
2151 3809 124 39 What
2294 3806 79 41 will
2405 3808 50 38 be
2489 3804 22 40 t
2511 3804 24 40 h
2535 3804 24 40 e
2583 3802 122 41 result
2741 3798 48 40 of
2824 3800 76 39 Mr.
2919 3798 72 38 Per-

3405 3811 6 24 t
477 3889 76 40 and
575 3888 106 41 theft
698 3901 98 27 even
816 3892 43 34 at
876 3886 102 38 their
998 3882 99 45 risk,
1128 3874 244 58 practicable
1393 3873 37 37 in
1452 3883 74 26 our
1544 3880 22 39 a
1566 3880 22 39 g
1589 3880 45 39 e,
1695 3870 20 41 c
1715 3870 85 41 eval
1800 3870 21 41 '
1821 3870 21 41 s
1860 3865 24 53 p
1884 3865 48 53 ro
1932 3865 24 53 p
1956 3865 98 53 osed
2075 3862 20 54 p
2095 3862 187 54 enalties,
2297 3874 51 27 co
2366 3856 229 54 operating,
2606 3852 156 54 though
2776 3850 104 40 from
2902 3849 126 40 other

322 3956 59 26 Re
399 3943 128 40 would
549 3946 143 35 mount
711 3946 43 34 to
772 3940 66 39 the
857 3937 157 52 highest
1030 3935 184 38 Heavens
1248 3927 76 40 and
1344 3922 100 43 steal
1465 3935 25 26 a
1515 3919 117 53 spark
1696 3934 152 28 causes,
1871 3925 43 32 to
1933 3918 69 39 the
2021 3928 109 27 same
2147 3914 92 46 end,
2254 3914 102 39 time
2372 3917 106 35 must
2490 3909 185 41 discover
2688 3906 77 40 and
2781 3902 244 53 experience

3357 3283 9 4 ..
3394 3227 4 60 .

3357 3291 2 5 .
3387 3291 2 5 .

3364 3304 5 7 •

3356 3320 12 19 „
3389 3311 1 28 .

3359 3357 12 37 -
3371 3357 24 37 A.

3389 3420 9 13 ,

3366 3455 4 9 ,

3357 3617 28 41 Le.

3357 3658 30 31 re

3350 3678 45 33 ~r

3405 3811 6 24 i

3358 3856 31 74 11

3354 3928 34 39 4i;°

322 3994 51 39 of
399 3997 66 37 the
493 3996 133 38 divine
657 3994 132 46 flame,
821 3997 45 33 to
899 3991 174 39 animate
1101 3985 76 38 the
1206 3978 193 54 sluggish,
1436 3971 198 54 clay-cold
1697 3973 237 41 determine.
3365 3952 24 56 4

320 4046 151 40 breasts
485 4049 46 38 of
539 4061 74 26 our
628 4050 216 37 Statesmen
862 4059 13 28 ;
896 4042 74 39 and
992 4037 131 41 would
1136 4046 145 39 expose
1294 4029 206 43 ourselves
1512 4031 43 34 to
1569 4024 70 40 the
1752 4025 123 40 Much
1903 4035 44 27 as
1965 4032 58 27 we
2052 4033 70 26 are
2141 4017 223 52 regretting
2387 4015 74 43 the
2492 4011 239 56 prevalence
2747 4007 50 40 of
2819 4006 206 51 adultery,

319 4101 253 52 punishment
592 4100 51 39 of
656 4100 69 39 the
739 4097 267 40 adventurous
1026 4088 152 46 Greek,
1205 4088 39 38 in
1261 4083 120 63 ordee
1398 4085 44 34 to
1459 4090 93 28 We
1570 4076 70 46 the
1698 4078 78 40 and
1796 4075 137 43 busied
1955 4087 41 26 as
2011 4085 58 26 we
2083 4085 67 26 are
2169 4072 39 38 in
2224 4070 178 50 devising
2417 4075 138 37 means
2567 4072 45 33 to
2631 4068 124 37 arrest
2776 4062 51 39 its
2845 4069 189 50 progress

3373 4080 17 48 11

317 4153 181 41 fortuuci
513 4154 48 41 of
576 4166 77 27 our
671 4153 184 50 country.
1654 4133 31 64 II
1698 4141 152 43 among
1870 4140 59 34 us,
1961 4137 59 30 we
2039 4124 52 43 du
2122 4129 91 43 not,
2243 4126 17 38 I
2278 4126 175 52 suspect,
2485 4119 131 53 wisely
2652 4126 164 51 enquire
2851 4117 87 34 into
2957 4111 72 40 the

3372 4134 25 57 it

132 4299 20 15 ..
