3413 4441
272 89 254 65 IqAttell
569 92 74 47 12.

328 222 152 41 French
506 222 150 48 Papers
673 223 44 34 to
738 219 67 39 the
836 217 50 40 2d
915 217 76 40 and
1013 215 132 43 Dutch
1183 217 145 47 Papers
1362 217 44 34 to
1426 211 66 38 the
1526 210 67 37 6th

274 274 107 43 have
397 275 102 48 been
521 270 181 41 received
722 270 38 39 in
781 276 123 33 town.
960 270 136 38 Their
1100 270 182 37 contents
1302 276 69 26 are
1389 263 47 39 of
1452 263 65 38 the
1534 267 60 33 ut-

278 333 107 35 Most
404 328 262 48 importance.
722 326 85 35 One
822 322 48 39 of
885 322 125 46 them,
1026 324 78 37 The
1116 321 177 39 Journal
1306 321 46 34 de
1367 317 234 46 L'Empire,

278 381 71 51 the
363 380 99 39 least
476 377 244 52 respectable
735 389 99 26 even
852 376 46 39 of
909 376 66 39 the
993 374 110 40 Paris
1116 384 141 41 papers
1271 370 65 38 for
1349 369 70 38 the
1435 367 143 38 authen-

279 433 116 52 ticity
416 431 51 41 of
495 430 50 39 its
569 435 171 47 reports,
769 429 181 39 contains
979 441 48 25 an
1048 428 195 46 undicial
1260 424 172 35 account
1462 419 47 38 of
1537 418 66 38 the

280 485 72 40 fall
371 483 50 40 of
435 485 229 50 Saragossa.
720 482 98 38 This
835 485 119 34 event
973 480 31 39 it
1022 483 123 35 states
1165 483 45 33 to
1226 476 102 37 have
1346 472 124 39 taken
1495 470 110 52 place

283 552 56 27 on
356 539 72 38 the
446 541 89 35 21st
566 539 200 48 January.
822 535 78 38 But
932 531 81 39 this
1030 533 233 41 statement,
1293 527 32 38 it
1358 526 32 37 is
1422 523 123 53 plain,
1576 522 31 38 is

286 592 122 52 given
443 589 65 40 for
539 588 70 39 the
635 599 174 43 purpose
844 586 50 40 of
919 583 211 53 palliating
1168 582 66 38 the
1264 591 139 27 severe
1434 586 174 28 reverses

288 643 129 39 which
449 643 69 39 the
548 640 151 41 French
733 640 107 38 have
870 638 197 40 sustained
1098 648 40 26 in
1170 632 170 40 another
1361 633 91 47 part
1474 628 48 38 of
1543 627 67 38 the

292 693 229 43 Peninsula.
592 694 35 39 It
657 693 31 39 is
723 691 181 41 couched
937 691 38 37 in
1015 689 52 39 all
1098 689 71 39 the
1206 689 300 45 extravagance
1535 679 77 38 and

296 746 222 54 hyperbole
539 746 46 40 of
599 746 158 43 fiction,
776 745 78 38 and
869 742 197 52 evidently
1082 737 183 43 intended
1284 742 45 32 to
1348 733 174 39 astonish
1538 731 74 38 and

292 802 133 39 divert
441 800 67 39 the
529 798 141 54 higher
690 798 78 39 and
782 796 122 39 lower
927 794 136 41 rabble
1076 793 47 38 of
1136 793 67 39 the
1222 787 163 56 capital.
1415 789 34 37 A
1469 790 87 46 part
1574 784 46 37 of

296 855 70 39 the
378 856 189 43 account,
585 853 200 40 however,
798 862 59 25 we
870 862 65 25 are
948 847 149 51 willing
1110 850 43 33 to
1169 842 138 43 credit,
1325 853 43 25 as
1381 841 31 37 it
1422 836 196 40 coincides

292 907 97 38 with
420 906 69 39 the
509 905 185 52 previous
713 901 252 52 intelligence
986 913 58 25 we
1069 898 78 39 had
1181 895 165 40 relative
1367 896 45 33 to
1434 892 67 38 the
1522 888 76 39 bril-

300 958 102 40 liant
419 971 150 26 success
583 956 48 39 of
648 958 111 37 PALA
769 969 93 26 FOX.
919 956 35 37 It
969 951 201 41 mentions
1187 948 86 39 that
1294 946 69 38 the
1378 948 151 46 troops,
1551 954 46 25 Un-

296 1012 72 39 der
400 1013 70 37 the
496 1007 214 41 command
742 1007 50 39 of
817 1007 86 38 that
922 1005 105 51 truly
1094 1004 235 39 Illustrious

302 1063 80 41 bad
404 1063 116 39 made
540 1075 24 25 a
581 1061 137 45 sortie,
749 1059 77 39 and
859 1057 204 41 advanced
1091 1069 24 25 a
1148 1046 273 46 considerable
1449 1048 174 38 distance

300 1117 109 40 from
431 1116 67 39 the
517 1114 122 44 walls,
661 1116 72 35 but
755 1126 102 26 were
875 1111 137 40 driven
1033 1108 100 40 back
1150 1122 11 27 ;
1192 1106 74 39 and
1294 1116 53 26 on
1377 1101 70 38 the
1469 1097 151 40 French

306 1169 207 52 following
535 1180 51 39 up
604 1167 66 38 the
689 1178 167 32 success,
883 1165 94 51 they
1002 1157 182 44 received
1208 1170 22 26 a
1251 1152 248 56 Deputation
1519 1152 104 38 from

304 1222 71 39 the
409 1222 104 51 City,
552 1218 216 53 proposing
803 1222 43 33 to
888 1215 206 40 surrender
1128 1213 46 43 it,
1220 1222 50 25 on
1300 1205 207 43 condition
1539 1204 87 38 that

308 1277 64 38 the
391 1278 96 37 lives
507 1276 48 45 of
565 1276 61 35 the
648 1272 164 37 Citizens
831 1272 137 35 should
984 1274 44 32 be
1042 1269 156 46 spared.
1228 1261 98 38 This
1345 1271 78 25 was
1444 1269 156 39 peremp-

308 1326 120 52 torily
454 1332 57 44 ref
519 1329 91 35 used
836 1336 21 24 E
519 1329 91 35 used
635 1324 50 51 by
707 1326 187 40 LANS,
930 1320 91 38 who
1041 1312 262 45 commanded
1324 1311 69 38 the
1411 1307 214 40 blockade.

312 1382 63 37 On
387 1380 78 39 this
484 1375 145 41 refusal
648 1377 69 37 the
733 1374 246 39 inhabitants
994 1382 67 28 are
1080 1364 252 57 represented
1351 1368 44 32 to
1416 1362 102 38 have
1535 1372 71 39 pro-

311 1431 148 39 ceeded
493 1436 41 33 to
555 1430 66 37 the
640 1427 138 45 altars,
808 1426 77 39 and
918 1421 193 51 solemnly
1131 1417 169 53 pledged
1318 1411 237 43 themselves
1585 1417 43 32 to

314 1485 103 51 bury
441 1480 235 41 themselves
696 1479 124 39 under
839 1478 67 39 the
924 1476 106 38 ruins
1061 1473 50 40 of
1136 1470 103 39 their
1257 1469 97 50 city,
1385 1466 135 38 rather
1538 1465 96 38 than

315 1535 227 40 surrender,
598 1532 110 50 They
730 1531 97 38 then
846 1527 180 53 repaired
1045 1532 41 33 to
1108 1524 105 39 their
1231 1519 217 52 respective
1468 1522 106 46 posts
1594 1515 46 38 of

319 1589 180 39 defence.
555 1583 86 40 The
661 1583 154 38 French
837 1579 144 40 rushed
996 1576 180 52 through
1195 1574 67 38 the
1274 1577 111 46 gates
1400 1569 45 39 of
1460 1569 67 39 the
1543 1569 94 50 city,

320 1644 161 35 without
503 1641 112 35 much
634 1638 230 40 resistance,
879 1632 112 37 when
1006 1643 22 25 a
1048 1629 107 39 mine
1174 1641 79 25 was
1271 1620 190 52 suddenly
1476 1632 163 40 sprung,

324 1690 196 56 prepared
539 1689 64 39 for
620 1688 70 38 the
709 1698 187 40 purpose,
914 1683 131 39 which
1058 1680 117 39 made
1193 1693 24 25 a
1234 1675 259 41 tremendous
1514 1674 128 37 havoc

326 1757 151 39 among
507 1742 70 39 the
605 1740 221 39 assailants.
883 1739 48 38 So
951 1735 73 39 far.
1033 1734 67 38 the
1134 1733 100 38 facts
1252 1730 104 38 have
1372 1739 110 26 some
1504 1737 116 25 resem-

326 1798 144 38 blance
490 1793 93 41 with
600 1792 69 39 the
689 1791 190 52 previous
906 1791 189 37 accounts
1124 1783 181 39 received
1326 1780 50 52 by
1397 1778 70 39 the
1495 1791 84 37 way
1602 1775 46 38 of

330 1851 136 51 Spain,
495 1846 77 40 and
592 1843 130 40 which
743 1856 77 26 our
840 1840 177 40 Readers
1037 1835 78 40 will
1150 1837 100 38 have
1269 1845 90 27 seen
1389 1831 39 38 in
1449 1843 24 26 a
1498 1828 149 39 former

328 1910 141 44 paper.
500 1899 97 39 This
615 1894 138 40 article
772 1892 215 43 concludes
1006 1890 93 39 with
1121 1886 193 52 asserting
1332 1884 91 38 that
1437 1884 209 47 Saragossa

330 1952 235 41 afterwards
599 1948 69 40 fell
702 1949 84 38 into
819 1946 71 39 the
909 1944 124 39 hands
1068 1941 48 40 of
1144 1941 69 39 the
1247 1948 144 35 enemy
1407 1951 12 27 ;
1454 1933 73 38 aid
1560 1931 89 39 that

331 2009 169 38 LANWES
519 2001 196 54 proposed
746 2014 25 25 a
787 1996 175 54 general.
972 1995 152 54 pardon
1144 1998 44 33 to
1207 1990 94 40 such
1335 1987 48 40 of
1407 1985 69 40 the
1494 1984 132 39 inhabi-

333 2063 111 35 tants
463 2070 43 25 as
520 2053 135 41 would
674 2053 151 40 submit
844 2056 44 34 to
908 2050 67 38 the
991 2060 86 27 new
1103 2044 289 39 Government.

389 2112 61 37 To
488 2105 217 43 invalidate
738 2104 71 40 the
842 2100 263 50 authenticity
1128 2096 50 39 of
1204 2095 79 39 this
1310 2092 227 41 statement,
1574 2087 31 38 it
1623 2086 31 38 is

335 2161 98 53 only
450 2171 201 39 necessary
673 2161 46 34 to
744 2156 141 40 advert
920 2154 89 38 that
1028 2157 71 33 not
1130 2161 78 27 one
1235 2147 47 39 of
1311 2146 67 39 the
1409 2143 117 39 other
1546 2139 110 39 Paris

337 2226 148 41 Fivers
511 2212 119 40 refers
648 2219 46 30 to
725 2210 80 38 this
836 2211 132 35 event.
1024 2205 73 38 We
1131 2215 69 26 are
1227 2194 208 58 positively
1462 2191 191 41 informed

339 2267 90 40 that
444 2267 69 39 the
534 2267 201 37 Moniteur
754 2261 47 40 of
830 2259 69 39 the
917 2270 110 27 same
1045 2257 93 38 date
1156 2255 92 38 does
1280 2254 73 35 not
1384 2246 131 39 allude
1543 2250 43 32 to
1605 2243 43 37 it.

343 2322 34 38 A
398 2321 288 37 circumstance
706 2313 47 39 of
767 2313 97 40 such
883 2316 84 33 vast
989 2311 262 48 importance,
1269 2301 131 40 which
1421 2298 66 40 the
1508 2294 149 41 French

343 2383 144 40 papers
506 2365 280 53 unanimously
801 2363 181 41 consider
1012 2374 41 25 as
1070 2359 171 40 decisive
1264 2354 51 40 of
1338 2353 69 39 06
1426 2347 234 44 submission

343 2425 48 39 of
409 2424 69 39 the
498 2419 226 46 Peninsula,
742 2417 135 40 would
893 2420 70 35 not
976 2413 74 39 fail
1067 2418 43 33 to
1124 2412 51 37 be
1191 2404 228 45 mentioned
1437 2401 93 40 with
1551 2413 22 25 a
1589 2398 50 40 mi-

346 2481 187 40 nuteness
565 2473 48 40 of
635 2470 141 46 detail,
806 2483 26 25 a
848 2469 254 52 copiousness
1121 2461 50 40 of
1183 2461 98 44 fact,
1299 2457 126 43 which
1447 2451 215 53 disinguish

347 2528 154 41 similar
520 2530 154 47 reports
690 2536 56 26 on
772 2523 70 38 the
870 2525 91 47 part
979 2519 48 39 of
1054 2518 71 38 the
1142 2525 157 39 enemy.
1342 2503 2 74 .
1359 2512 81 35 Not
1459 2520 25 25 a
1501 2503 106 40 word
1636 2503 30 38 is

351 2580 231 41 mentioned
615 2575 167 41 relative
800 2578 45 33 to
865 2575 211 39 PALAFOX,
1097 2567 70 39 the
1185 2577 94 38 very
1300 2574 94 27 man
1414 2558 133 39 whose
1574 2567 70 39 cap-

351 2639 94 34 ture
461 2630 130 40 would
609 2630 48 38 be
677 2642 44 25 as
738 2624 222 54 gratifying
979 2628 44 33 to
1051 2620 237 51 the.tyrant,
1307 2626 44 27 as
1367 2611 70 40 the
1450 2608 70 41 fall
1539 2607 50 40 of
1603 2610 45 34 Sa-

354 2696 168 43 ragossa
536 2682 116 40 itself.
707 2681 109 38 That
836 2679 109 38 Hero
964 2676 72 39 has
1054 2679 72 33 too
1147 2669 117 40 much
1279 2663 219 54 signalized
1515 2657 161 40 himself

354 2739 52 52 by
428 2739 63 38 his
511 2735 208 40 resistance
738 2730 78 41 and
828 2730 150 51 enmity
998 2730 45 35 to
1068 2728 71 35 the
1157 2720 181 41 invaders
1351 2717 46 39 of
1411 2717 60 38 his
1486 2717 185 45 country,

356 2805 44 27 as
411 2794 73 37 not
501 2794 45 34 to
563 2789 133 40 excite
726 2794 151 39 among
902 2781 70 39 the
990 2776 154 44 French
1165 2787 107 26 some
1289 2771 150 51 degree
1453 2766 47 40 of
1514 2766 161 37 interest

356 2843 175 43 relative
547 2846 44 34 to
609 2841 59 39 his
681 2838 99 39 fate.
819 2835 96 39 This
932 2832 141 41 silence
1091 2830 47 44 is,
1161 2829 37 38 in
1219 2838 74 27 our
1307 2820 183 54 opinion,
1515 2815 137 40 conclu-

360 2898 103 44 sive,
481 2895 79 40 and
581 2904 132 28 serves
743 2895 44 34 to
808 2900 124 41 prove
950 2885 91 39 that
1058 2882 80 39 this
1162 2882 30 37 is
1222 2890 78 27 one
1329 2874 50 40 of
1408 2872 115 39 those
1552 2867 106 39 fabri-

361 2950 172 43 cations,
566 2944 130 40 which
726 2943 71 39 the
829 2939 191 53 plotting,
1059 2933 91 53 wily
1187 2931 142 51 despot
1369 2929 146 35 resorts
1543 2926 61 39 to,
1641 2920 39 38 in

361 3004 125 39 order
515 3006 43 34 to
596 3008 170 41 appease
801 2994 70 39 the
914 2991 136 52 public
1090 2983 110 41 mind
1245 2983 38 38 in
1329 2981 165 40 France,
1533 2970 126 39 intimi-

361 3056 97 39 date
490 3051 178 45 Austria,
703 3048 57 39 fix
808 3045 71 40 the
914 3043 203 48 wavering
1155 3035 220 52 allegiance
1403 3028 48 40 of
1492 3026 59 39 his
1587 3025 72 37 Ger-

366 3120 96 27 man
497 3103 162 47 vassals,
700 3099 80 41 and
822 3099 154 48 impose
1020 3104 110 40 upon
1175 3089 69 39 the
1284 3089 139 37 courts
1467 3079 47 39 of
1554 3076 131 39 Berlin

365 3159 81 39 and
480 3154 288 51 Petersburgh.
840 3150 97 39 This
972 3146 102 39 trick
1113 3145 32 37 is
1170 3133 268 58 imperiously
1472 3133 145 47 urgent
1649 3128 37 37 in

366 3213 73 39 the
468 3214 159 48 present
645 3206 112 40 crisis
781 3202 51 41 of
859 3204 159 47 Europe
1033 3214 12 28 ;
1074 3196 78 39 and
1173 3194 106 38 what
1312 3189 32 39 is
1371 3182 133 57 public
1522 3180 165 52 opinion

369 3270 46 33 to
436 3263 70 38 the
519 3260 162 44 wretch,
702 3257 135 39 whose
852 3252 189 43 misdeeds
1052 3250 102 38 have
1168 3246 93 51 long
1279 3239 139 57 placed
1434 3233 158 54 beyond
1609 3231 81 39 him

370 3317 72 39 the
462 3315 116 39 reach
609 3312 48 39 of
684 3309 93 40 that
806 3304 190 44 tribunal.
1055 3304 61 39 He
1137 3301 31 37 is
1186 3305 207 31 conscious
1411 3289 91 39 that
1530 3287 51 37 he
1604 3296 89 26 now

371 3366 246 54 governs.by
640 3370 158 34 terror;
828 3359 79 40 and
934 3372 41 24 as
1010 3356 92 50 long
1124 3364 43 27 as
1195 3348 48 40 he
1263 3348 32 38 is
1312 3344 91 40 able
1421 3346 44 33 to
1482 3340 103 48 keep
1605 3335 90 40 that

374 3422 216 41 sensation,
604 3430 37 26 in
654 3416 48 39 its
716 3417 161 50 present
889 3412 138 38 extent
1042 3405 77 40 and
1136 3404 158 50 vigour,
1319 3396 120 41 alive,
1454 3393 50 37 he
1518 3387 181 40 attaches

378 3482 96 44 very
493 3471 103 40 little
609 3471 255 50 importance
875 3470 41 33 to
933 3463 69 38 the
1016 3457 247 41 attachment
1276 3450 46 40 of
1333 3449 59 39 his
1410 3444 144 41 Slaves.
1612 3439 85 39 The

376 3526 135 39 whole
529 3521 241 56 population
789 3517 50 40 of
855 3520 164 38 France,
1046 3513 60 38 his
1139 3506 157 41 armies,
1324 3503 60 38 his
1408 3494 129 44 vassal
1563 3497 136 39 states,

377 3583 110 35 must
506 3591 89 26 now
624 3576 50 38 be
692 3570 171 40 sensible
881 3575 41 33 to
947 3567 67 39 the
1033 3561 318 56 precariousness
1377 3550 46 40 of
1448 3549 70 38 the
1543 3552 158 37 tenure,

379 3633 54 50 by
456 3628 244 51 which.they
723 3622 96 41 hold
840 3622 103 39 their
958 3620 96 38 lives
1074 3615 79 39 and
1178 3621 150 40 repose.
1385 3604 146 40 Those,
1552 3607 151 40 among

381 3685 112 39 them
515 3685 105 37 most
639 3674 257 45 remarkable
913 3673 65 38 for
994 3667 126 41 moral
1137 3664 76 41 and
1230 3653 246 48 intellectual
1493 3650 210 53 stupidity,

385 3742 110 35 must
513 3735 122 52 begin
656 3738 44 34 to
718 3741 185 30 murmur
922 3730 41 34 at
983 3724 69 38 the
1087 3713 304 48 accumulating
1410 3707 143 48 misery
1574 3702 47 39 of
1635 3700 71 38 the

384 3789 156 39 Kaman
578 3798 104 28 race.
741 3785 80 37 Not
841 3793 24 26 a
883 3780 248 44 momentary
1170 3767 144 52 respite
1346 3763 32 39 is
1407 3754 168 58 granted
1593 3769 11 30 ;
1633 3754 73 38 but

389 3855 86 27 ivar
490 3839 182 43 succeeds
689 3848 99 30 war,
815 3830 250 41 devastation
1080 3823 157 41 follows
1256 3831 52 26 on
1328 3810 248 45 devastation
1591 3822 11 30 ;
1632 3803 77 39 and

389 3900 46 35 to
454 3894 111 39 what
581 3891 77 40 and
674 3895 44 34 to
738 3886 135 40 whom
894 3896 69 26 are
981 3881 110 38 these
1110 3878 163 37 horrors
1291 3875 44 33 to
1355 3868 51 38 be
1424 3859 137 45 traced
1578 3863 13 33 ?
1649 3857 63 37 To

389 3961 30 25 a
436 3946 161 52 foreign
633 3943 259 39 adventurer,
922 3934 132 39 whose
1083 3927 148 52 origin,
1257 3921 135 39 whose
1419 3912 203 57 primitive
1641 3908 48 38 ob-

389 3999 170 51 scurity,
576 3997 132 39 whose
726 3991 109 41 early
857 3985 252 57 dependence
1129 3979 79 39 and
1222 3973 203 48 obscurity
1446 3980 43 26 in
1506 3964 104 40 their
1626 3973 87 27 own

392 4058 191 45 country,
613 4050 96 50 they
731 4058 70 26 are
819 4055 89 26 now
930 4037 98 51 filly
1050 4026 239 59 acquainted
1307 4023 113 40 with.

450 4104 96 39 This
565 4106 136 47 report
719 4097 48 40 of
787 4096 71 40 the
886 4093 73 43 fall
980 4090 47 39 of
1045 4091 229 44 Saragossa,
1300 4090 60 25 we
1389 4085 69 27 are
1485 4065 171 45 inclined
1677 4069 43 34 to

390 4154 162 45 believe
585 4150 200 54 strongly,
815 4160 81 30 was
931 4139 188 47 intended
1146 4135 73 41 Tor
1246 4142 113 32 some
1377 4126 53 44 of
1440 4126 70 39 the
1528 4128 193 47 purposes
1742 4150 7 9 ,

2872 61 89 51 173

1659 207 129 38 above
1824 206 143 44 stated,
1997 216 41 25 as
2070 202 83 38 well
2192 213 41 26 as
2268 206 44 31 to
2347 198 161 50 palliate
2528 208 22 24 a
2569 190 128 53 signal
2717 198 156 27 reverse
2889 198 61 24 sus-

1661 259 135 38 tamed
1811 257 50 51 by
1883 257 69 38 the
1969 267 141 38 enemy
2134 256 34 34 in
2193 250 223 40 Cataloma.
2476 249 71 34 We
2580 255 98 26 were
2696 237 208 53 prepared,
2936 237 39 37 in

1662 322 109 26 some
1787 321 193 33 measure,
2010 307 61 38 for
2095 306 77 38 this
2200 305 221 51 important
2450 307 259 30 occurrence,
2739 292 50 51 by
2812 291 67 38 the
2898 288 85 38 late*

1665 361 164 39 arrivals
1863 363 105 38 from
2004 359 130 51 Spain.
2190 357 110 51 They
2340 353 123 39 stated
2487 351 89 38 that
2597 343 170 44 General
2792 345 191 37 REDING,.

1668 415 90 39 who
1776 428 76 25 was
1871 418 41 33 at
1932 412 66 39 the
2019 411 99 38 head
2139 409 47 38 of
2211 411 144 40 25,000
2391 402 200 40 excellent
2609 405 152 43 troops,
2794 406 77 26 was
2893 403 67 40 pre-

1670 480 137 39 paring
1843 470 44 33 to
1920 469 64 33 act
2013 477 52 25 on
2100 463 69 38 the
2200 459 202 39 olleasive.
2476 455 97 38 This
2602 451 174 38 account
2812 446 31 38 is
2877 442 103 51 fully

1669 517 287 40 corroborated
1991 516 50 51 by
2076 527 24 26 a
2140 511 176 53 splendid
2352 510 170 41 victory,
2554 502 124 40 which
2717 501 89 38 that
2841 496 145 39 distin

1671 570 162 52 guished
1853 569 137 39 officer
2009 567 142 52 gained
2186 578 98 26 over
2316 566 64 34 Si'.
2404 563 106 38 CYR,
2542 556 90 37 who
2652 550 231 40 commands
2915 546 69 39 the

1671 604 21 19 6

1672 635 138 39 enemy
1831 622 38 37 in
1889 621 86 38 that
1995 619 202 52 province.
2231 618 60 37 He
2307 609 237 43 afterwards
2557 604 187 41 obtained
2769 598 219 57 possession

1675 678 48 57 of
1736 676 67 39 the
1822 673 142 40 citadel
1984 673 73 37 and
2075 677 106 33 town
2197 669 47 39 of
2262 664 231 43 Barcelona,
2507 663 38 35 in
2571 659 66 37 the
2657 651 333 52 neighbourhood

1677 728 40 38 of
1753 726 126 39 which
1912 725 74 38 this
2006 722 202 53 splendid
2207 722 135 37 action
2365 715 97 40 took
2486 713 125 51 place.
2670 711 33 34 It
2734 710 105 34 must
2859 704 50 37 be
2929 713 40 25 re-

1680 780 176 44 marked,
1893 777 86 39 that
2001 777 65 37 the
2087 774 148 38 French
2261 774 145 45 Papers
2426 765 164 39 contain
2616 772 109 26 some
2743 755 188 40 allusious

2950 758 43 33 to

1680 831 77 39 this
1766 835 299 38 circumstance,
2080 827 66 38 the
2161 823 236 54 particulars
2413 819 45 38 of
2471 814 128 39 which
2615 826 54 25 we
2687 813 102 35 have
2802 806 190 40 collected

1682 886 103 37 from
1806 883 156 52 private
1991 883 203 38 accounts.
2251 878 86 35 The
2365 872 111 39 force
2497 867 46 39 of
2569 870 65 33 Sr.
2657 866 54 37 Ca
2725 878 24 20 it
2772 874 74 24 salts
2867 857 128 39 staled

1683 943 80 32 two
1783 935 159 40 months
1961 947 97 35 ago,
2086 932 110 38 when
2225 930 48 38 he
2296 924 123 41 raised
2456 921 70 38 the
2555 918 106 47 siege
2691 914 46 37 of
2765 911 237 44 Barcelona,

1685 994 40 32 to
1749 989 98 39 have
1867 985 216 40 amounted
2104 989 40 34 to
2165 986 144 35 40,000
2342 990 86 25 men
2445 992 11 26 ;
2489 971 74 39 and
2596 969 76 39 this
2691 965 240 51 soperiority
2955 959 48 38 of

1685 1042 106 37 force
1812 1039 162 39 induced
2000 1041 164 35 Rcauva
2183 1039 41 32 to
2245 1033 118 38 retire
2383 1029 104 38 from
2510 1023 69 38 the
2598 1011 340 58 neighhdurhood

1685 1094 86 38 that
1791 1094 98 43 city.
1945 1091 83 37 The
2067 1089 117 37 !alter
2204 1080 234 43 maintained
2438 1080 24 43 ,
2493 1077 174 37 however
2667 1077 26 37 ,
2725 1070 103 35 after
2849 1067 123 46 hayin
2972 1067 25 46 g

1685 1144 161 39 effected
1869 1157 22 25 a
1911 1140 184 47 masterly
2112 1144 51 33 ret
2177 1142 96 37 neat,
2304 1135 58 37 his
2378 1134 156 45 fuot!ng
2552 1129 35 35 in
2610 1126 67 38 the
2695 1121 204 53 province,
2923 1130 46 22 an
2981 1115 28 40 d

1688 1198 96 51 kept
1804 1211 51 38 tip
1876 1196 66 38 the
1959 1195 132 50 spirits
2111 1191 45 38 of
2186 1191 45 37 its
2251 1189 120 35 brave
2401 1182 78 39 and
2498 1191 215 27 numeroas
2746 1170 256 53 population.

1690 1253 63 35 Sr.
1772 1252 89 37 Cva
1883 1253 103 33 must
2003 1246 126 38 either
2150 1243 99 38 have
2282 1234 190 43 detached
2493 1245 24 24 a
2545 1225 278 44 considerable
2854 1226 91 48 part
2963 1219 48 39 of

1693 1303 58 38 his
1769 1307 136 46 troops
1941 1305 41 33 to
2020 1296 195 40 reinforce
2250 1292 69 38 the
2340 1286 202 52 besieging
2563 1293 116 39 corps
2699 1278 139 39 before
2867 1276 118 38 Barce-

1693 1354 117 44 lona;
1839 1368 47 24 or
1904 1367 24 22 a
1946 1355 89 46 part
2054 1348 50 39 of
2130 1346 106 38 them
2264 1344 100 37 have
2394 1341 99 37 been
2515 1333 168 39 ordered
2705 1336 43 33 to
2778 1328 135 39 march
2944 1329 40 32 to-

1695 1406 124 39 wards
1852 1407 217 45 Germany,
2100 1401 35 38 in
2158 1406 267 40 consequence
2444 1390 45 38 of
2505 1384 276 54 approaching
2800 1377 213 41 hostilities

1696 1457 93 39 with
1809 1456 172 40 Austria.
2039 1453 84 38 '['he
2141 1454 132 37 event,
2304 1447 197 39 however,
2531 1439 30 38 is
2581 1439 47 39 of
2641 1437 67 38 the
2727 1435 176 50 greatest
2919 1439 71 28 con-

1697 1522 207 39 sequence,
1950 1507 76 39 and
2057 1501 142 41 should
2237 1502 194 35 PALAFOX
2466 1489 165 41 succeed
2670 1488 38 38 in
2745 1481 267 50 maintaining

1702 1566 224 47 Saragossa,
1956 1572 57 26 we
2033 1570 87 38 may
2156 1551 181 43 consider
2366 1551 44 41 it,
2444 1545 40 38 in
2502 1544 65 38 the
2589 1544 152 48 present
2760 1535 190 40 situation
2970 1531 50 39 of

1701 1615 69 39 the
1815 1613 226 39 Continent,
2088 1622 41 25 as
2177 1604 168 39 decisive
2391 1598 48 40 of
2486 1593 163 53 Spanish
2700 1589 314 52 independence.

1704 1669 184 40 REDING,
1920 1665 89 37 who
2027 1663 31 35 is
2078 1674 21 25 a
2127 1661 102 35 most
2248 1652 262 50 enterprising
2541 1646 149 43 officer,
2718 1642 77 39 and
2817 1646 41 32 to
2880 1638 135 39 whoni

1706 1719 66 39 the
1791 1717 132 39 defeat
1942 1715 46 38 of
2013 1716 92 35 Der
2109 1726 27 25 O
2137 1726 54 25 NT
2223 1721 78 24 was
2320 1704 120 39 solely
2465 1707 40 32 to
2537 1698 48 38 be
2606 1693 234 45 attributed,
2870 1690 76 37 mill
2969 1690 47 35 be

1706 1770 89 39 able
1824 1775 45 32 to
1906 1768 94 40 take
2033 1766 66 38 the
2137 1757 243 48 blockading
2415 1765 112 39 army
2561 1748 136 39 before
2735 1749 211 43 Saragossa
2980 1741 39 38 in

1707 1822 124 45 flank,
1860 1820 112 51 place
1994 1818 110 39 them
2122 1817 178 38 between
2335 1809 103 40 fires,
2467 1808 67 33 cut
2551 1800 63 39 off
2627 1799 104 38 their
2750 1794 243 41 communica-

1710 1874 99 38 tions
1830 1873 93 38 with
1946 1873 163 40 France,
2139 1865 76 40 and
2237 1861 138 40 render
2406 1857 102 40 their
2541 1856 148 35 retreat
2718 1848 228 53 precarious

2979 1844 41 38 int

1708 1926 69 39 the
1795 1929 191 34 extreme.
2043 1923 85 37 Our
2157 1920 123 46 hopes
2298 1912 74 40 and
2404 1923 76 27 our
2499 1903 267 53 speculations
2802 1904 91 40 rest,
2923 1910 41 24 as
2995 1898 31 35 it

1711 1982 105 35 must
1831 1978 52 37 be
1902 1972 208 45 observed,
2138 1984 51 24 on
2209 1969 66 38 the
2295 1964 107 40 truth
2422 1975 47 24 or
2489 1955 208 43 falsehood
2724 1954 48 38 of
2798 1952 67 37 the
2895 1946 138 40 articles

1717 2029 214 41 contained
1948 2028 38 38 in
1996 2027 65 38 the
2073 2024 177 40 Journal
2261 2024 45 33 de
2314 2017 207 45 l'Empire.
2543 2006 144 41 Would
2702 2011 43 33 to
2761 2007 155 35 IleaVell
2934 2004 9 33 !
2957 2011 73 27 our

1717 2083 188 50 previous
1917 2081 247 48 conjectures
2176 2087 47 24 on
2233 2073 86 38 that
2334 2069 151 47 subject
2499 2074 104 26 were
2611 2057 84 52 righ
2704 2065 27 31 t.
2779 2057 41 35 \V
2830 2069 21 22 e

1715 2135 66 52 bly
1801 2132 208 52 supposed,
2029 2130 78 39 aad
2127 2139 73 26 our
2219 2122 177 40 Readers
2419 2130 89 38 may
2531 2115 104 35 have
2654 2122 111 27 sonic
2781 2111 96 35 time
2897 2102 137 40 smiled

1717 2192 39 32 at
1778 2187 65 37 the
1861 2185 190 50 sanguine
2072 2185 84 35 cast
2174 2177 46 39 of
2236 2189 76 26 our
2331 2167 293 56 expectations,
2641 2163 87 38 that
2743 2160 145 50 justire

2906 2172 45 22 ;yc
2969 2156 66 39 ull

1719 2236 222 50 ultimately
1957 2233 175 52 triumph
2154 2241 96 28 over
2270 2225 158 48 villainy
2444 2239 11 25 ;
2487 2216 241 57 patriotism,
2752 2225 96 25 over
2871 2220 139 40 oppres
3011 2220 24 40 ,

1719 2304 98 25 WEIL
1873 2291 72 35 We
1980 2290 99 35 have
2109 2288 72 37 not
2202 2280 157 39 learned
2389 2289 41 26 as
2464 2276 83 48 yet,
2575 2267 94 39 with
2692 2267 51 43 all
2781 2264 66 37 the
2880 2265 156 33 disLoas

1722 2344 138 48 raging
1879 2341 233 51 experience
2148 2334 47 40 of
2210 2334 66 37 the
2314 2331 155 50 present
2498 2324 113 40 time,
2644 2324 43 33 to
2711 2327 201 28 renounce
2931 2327 19 22 a
2979 2314 59 33 fa:

1726 2393 191 40 vourable
1949 2391 163 52 opinion
2133 2388 47 37 of
2194 2380 228 47 men,the
2445 2378 194 52 phantom
2660 2383 40 25 as
2721 2369 30 38 it
2784 2369 30 35 is
2839 2365 124 40 called
2988 2365 50 40 by

1726 2447 65 38 the
1811 2444 129 41 selfish
1961 2443 76 39 and
2056 2441 69 40 the
2151 2435 207 64 plodding,
2378 2431 48 38 of
2440 2435 71 33 too
2531 2425 141 39 ardent
2691 2434 50 25 an
2761 2420 281 50 imagivatioui

1726 2499 84 38 The
1827 2497 231 51 dispatches,
2089 2491 124 39 which
2233 2500 77 27 our
2333 2485 213 39 Ministers,
2567 2490 41 25 as
2630 2474 86 38 well
2737 2486 41 22 as
2791 2472 67 35 the
2881 2469 164 51 Spankh

1729 2549 280 41 Ambassadors
2031 2543 181 43 received
2239 2551 50 27 on
2310 2533 247 47 Wednesday
2578 2530 104 37 from
2705 2525 133 50 Spain,
2855 2520 76 38 ail!
2954 2532 96 24 cons

1733 2603 110 38 vince
1860 2613 99 27 even
1978 2597 235 52 scepticism,
2228 2591 90 40 that
2334 2588 70 38 the
2422 2582 133 44 sacred
2575 2593 116 26 cause
2709 2578 41 35 of
2769 2574 162 52 Spanish
2946 2570 105 39 frees

1733 2655 109 44 dom,
1861 2653 33 38 is
1911 2652 154 39 neither
2082 2650 204 47 desperate
2307 2653 72 26 nor
2391 2652 102 26 even
2515 2631 221 41 uncertain.
2793 2627 85 38 The
2900 2622 150 41 French

1731 2707 109 39 force
1853 2705 31 38 is
1899 2702 133 53 placed
2046 2699 119 54 again
2183 2699 38 37 in
2237 2709 22 25 a
2276 2692 269 53 predicament
2561 2683 149 40 similar
2726 2686 43 32 to
2786 2679 102 43 that,
2906 2676 144 43 which,

1736 2760 35 38 in
1799 2758 74 38 last
1899 2767 185 31 summer,
2117 2751 73 39 left
2219 2748 109 39 them
2348 2757 53 25 no
2428 2741 118 40 other
2583 2733 239 40 alternative
2842 2732 97 37 than
2969 2739 85 26 sur'

1739 2811 136 39 render
1893 2809 76 38 and
1987 2802 167 56 gradual
2173 2797 261 44 destruction,
2464 2805 46 27 or
2539 2803 22 25 a
2580 2786 237 54 precipitate
2839 2783 150 38 retreat
3008 2783 47 34 to

1740 2862 66 40 the
1822 2859 200 40 frontiers.
2078 2856 87 38 The
2183 2864 109 28 same
2310 2855 268 46 appearances
2598 2842 175 35 warrant
2805 2833 149 39 similar
2981 2843 53 25 ex-

1743 2913 233 53 pectations.
2034 2913 214 44 Saragossa
2267 2916 81 25 Iva%
2359 2900 76 39 last
2456 2909 92 26 sear
2567 2893 70 39 the
2657 2890 83 38 first
2760 2898 113 27 scene
2894 2884 47 39 of
2956 2883 105 38 the:a'

1744 2967 174 51 disgrace
1937 2962 76 40 and
2030 2957 296 43 discomfiture;
2355 2953 76 38 and
2457 2949 90 39 that
2564 2943 219 50 illustrious
2804 2939 80 52 city
2907 2947 58 26 we
2982 2933 79 39 still

1746 3020 103 48 hope
1869 3017 71 39 has
1970 3026 100 28 once
2109 3022 113 28 more
2246 3004 144 44 turned
2435 3002 69 38 the
2548 2996 81 40 tide
2653 2993 48 38 of
2724 2993 105 39 their
2863 2991 198 38 fortunes.

1748 3073 155 37 JOSEPH
1923 3067 76 40 and
2021 3066 58 38 his
2102 3063 200 39 followers
2327 3056 76 41 fled
2434 3045 274 60 precipitately
2738 3044 106 38 from
2887 3039 177 44 Madrie,

1750 3128 40 34 at
1822 3122 69 38 the
1928 3116 200 54 approach
2163 3115 47 39 of
2248 3111 70 39 the
2354 3118 109 39 army
2502 3103 50 39 of
2593 3097 213 43 Andalusia
2828 3111 12 26 ;
2888 3091 77 40 and
3017 3102 52 27 au

1752 3187 110 27 armv
1879 3169 50 43 of
1955 3174 143 41 60,000
2118 3178 104 33 men,
2259 3161 124 41 under
2411 3159 69 37 the
2498 3150 213 43 command
2730 3146 50 40 of
2792 3149 163 37 Curs'rA
2989 3142 79 39 and

1754 3228 65 38 the
1841 3224 118 40 Duke
1978 3223 45 39 of
2037 3226 263 37 INVANTADO,
2331 3226 78 26 was
2427 3206 223 50 hastening,
2679 3206 43 34 at
2753 3200 67 39 the
2836 3198 92 37 date
2942 3195 46 39 of
3004 3195 66 37 the

1757 3280 70 39 last
1846 3275 237 53 dispatches,
2105 3278 43 32 to
2167 3269 86 39 that
2272 3278 96 30 very
2391 3259 158 54 capital.
2608 3257 87 35 The
2717 3252 170 41 French,
2906 3246 142 41 accord
3047 3246 24 41 ,

1757 3332 65 50 ing
1854 3335 41 33 to
1912 3328 67 38 the
2001 3330 102 34 most
2124 3322 168 53 positive
2307 3318 206 38 accounts,
2532 3305 221 45 harrassed,
2774 3301 202 53 spiritless,

1759 3394 107 27 worn
1881 3385 72 33 out
1972 3380 50 46 by
2043 3373 261 48 unremitting
2322 3366 72 41 toil
2417 3365 78 38 and
2515 3363 195 38 incessant
2846 3356 83 43 hes,
2949 3353 124 48 begat

1761 3441 40 33 to
1835 3432 118 40 make
1988 3425 350 44 demonstrations,
2354 3416 125 41 which
2510 3415 170 38 indicate
2717 3407 174 39 another
2926 3407 151 35 retreat

1760 3484 145 41 behind
1928 3484 65 39 the
2011 3483 120 37 Ebro.
2189 3472 198 44 Offensive
2402 3467 244 54 operations,
2667 3475 51 26 on
2734 3461 106 38 their
2859 3458 98 43 side,
2978 3457 103 35 have

1762 3536 143 43 totally
1925 3530 289 45 discontinued,
2245 3526 93 39 with
2357 3524 69 38 the
2440 3519 213 50 exception
2670 3514 47 39 of
2731 3513 70 38 the
2819 3511 109 38 force
2943 3506 138 52 acting

1765 3591 155 52 against
1935 3591 208 45 Saragossa
2159 3598 12 27 ;
2202 3579 76 40 and
2293 3579 109 37 these
2421 3574 99 37 have
2541 3567 79 41 had
2637 3580 50 25 no
2704 3565 120 39 other
2844 3560 120 40 result
2983 3559 100 39 than

1766 3643 66 39 the
1847 3639 243 41 destruction
2114 3635 47 40 of
2184 3633 144 39 almost
2357 3626 87 40 half
2459 3626 69 37 the
2546 3622 111 38 force
2678 3615 187 89 employh
2864 3666 52 35 im
2846 3614 47 38 ed
2911 3613 63 38 for

2982 3663 50 39 tit
2995 3607 91 43 that

1768 3705 187 41 purpose.
2011 3692 197 37 PALAFOX
2249 3685 17 44 (
2265 3685 35 44 it
2334 3681 31 37 is
2392 3676 91 53 supe
2483 3676 161 53 rfluous
2662 3676 43 33 to
2725 3672 90 48 give
2939 3676 24 26 a
3035 3661 54 44 le,

1770 3749 57 37 his
1843 3745 118 40 deeds
1980 3741 194 53 proclaim
2194 3737 59 38 his
2272 3732 150 47 worth)
2461 3729 71 38 has
2568 3720 219 56 54.-,iiilized
2820 3715 163 41 himsetf
3008 3713 80 40 and

1770 3798 59 40 his
1847 3800 171 41 country
2039 3794 51 39 by
2117 3789 169 41 another
2306 3782 124 54 signal
2450 3781 136 38 &feat
2606 3775 46 38 of
2674 3776 69 38 the
2764 3770 221 39 assailants.
3043 3767 48 38 In

1772 3849 211 47 adverting
2019 3850 44 33 to
2083 3846 90 38 that
2191 3836 305 44 extraordinary
2528 3841 109 31 man,
2666 3840 58 25 we
2745 3826 122 38 know
2888 3824 71 34 not
2978 3819 113 38 what

1773 3908 44 34 to
1835 3902 154 39 admire
2006 3895 228 40 mostthe
2252 3888 203 47 sublimity
2472 3883 48 39 of
2531 3882 58 38 his
2606 3889 176 37 ceurige
2803 3875 76 39 ant!
2915 3870 102 46 zeal,
3047 3882 48 27 or

1776 3956 69 39 the
1866 3950 219 52 versatility
2107 3948 48 38 of
2173 3947 59 38 his
2262 3951 215 31 resources.
2536 3937 56 48 By
2614 3946 25 22 a
2655 3927 178 54 singular
2858 3930 239 46 stratagem,

1778 4007 50 39 he
1848 4007 31 37 is
1898 4004 81 39 said
2007 4007 46 33 to
2086 4000 105 39 have
2222 3987 289 56 accomplished
2546 3997 22 27 a
2598 3989 105 33 most
2735 3979 171 41 derisive
2939 3976 161 52 victory

1780 4071 97 27 over
1905 4057 67 38 the
2007 4067 159 37 enemy.
2223 4052 33 35 A
2291 4044 170 41 number
2490 4039 50 40 of
2570 4048 154 27 women
2756 4030 141 52 rushed
2926 4028 178 40 towards

1782 4111 67 44 the
1881 4114 115 50 gates
2039 4106 51 41 of
2114 4106 69 39 the
2213 4102 97 52 city,
2357 4109 43 27 as
2435 4093 37 43 if
2511 4093 137 39 driven
2680 4093 43 34 to
2751 4083 181 56 despair:
2952 4081 52 53 by
3035 4080 71 39 the

3217 20 2 9 .
3270 20 6 9 ,

272 87 254 66 MARCH
569 83 74 57 12.
1131 77 144 58 THE
1312 76 373 58 NATIONAL
1722 66 374 60 REGISTER.
2872 61 90 51 173
3263 51 7 22 ;

3283 132 12 33 i

32 132 4 105 i
273 182 44 28 ar
1491 132 1206 60 ~.........w.'.iv

1824 206 143 44 stated,
1997 216 41 25 as
2070 202 83 38 well
2192 213 41 26 as
2268 206 44 31 to
2347 198 161 50 palliate
2528 208 22 24 a
2569 190 128 53 signal
2717 198 156 27 reverse
2889 198 81 24 sus-
3319 169 25 17 ..

328 222 152 41 French
506 222 150 48 Papers
673 223 44 34 to
738 219 67 39 the
836 217 50 40 2d
915 217 76 40 and
1013 215 132 43 Dutch
1183 217 145 47 Papers
1362 217 44 34 to
1426 211 66 38 the
1526 210 22 37 6
1548 210 45 37 th
1659 207 129 38 above

274 274 107 43 have
397 275 102 38 been
521 270 181 41 received
722 270 38 39 in
781 276 123 33 town.
960 270 139 38 Their
1100 270 182 37 contents
1302 276 69 26 are
1389 263 47 39 of
1452 263 65 38 the
1534 267 60 33 ut-
1661 259 135 38 tamed
1811 257 50 51 by
1883 257 69 38 the
1969 267 141 38 enemy
2134 256 34 34 in
2193 250 223 40 Catalonia.
2476 249 71 34 We
2580 255 98 26 were
2696 237 92 53 prep
2789 237 116 53 ared,
2936 237 39 37 in
3270 193 65 56 ti;

278 333 107 35 tnost
404 328 262 48 importance.
722 326 85 35 One
822 322 48 39 of
885 322 125 46 them,
1026 324 78 37 The
1116 321 177 39 Journal
1306 321 46 34 de
1367 317 234 46 L'Empire,
1662 322 109 26 some
3294 276 14 32 1
1787 321 193 33 measure,
2010 307 61 38 for
2095 306 77 38 this
2200 305 221 51 important
2450 307 46 30 oc
2496 307 213 30 currence,
2739 292 50 51 by
2812 291 67 38 the
2898 288 67 38 late
2966 288 18 38 .
3294 231 9 45 i
3344 231 5 145 '

3335 256 13 13 ..

3309 296 9 44 I
3319 296 30 44 sil

278 381 71 51 the
363 380 99 39 least
476 377 244 52 respectable
735 389 99 26 even
852 376 46 39 of
909 376 66 39 the
993 374 110 40 Paris
1116 384 141 41 papers
1271 370 65 38 for
1349 369 70 38 the
1435 367 142 38 authen
1577 367 25 38 -
1665 361 164 39 arrivals
1863 360 142 40 from
2004 359 130 51 Spain.
2190 357 110 51 They
2340 353 123 39 stated
2487 351 89 38 that
2597 343 170 44 General
2792 345 191 37 REDING,'

279 433 116 52 ticity
416 431 51 41 of
495 430 50 39 its
569 435 171 47 reports,
769 429 181 39 contains
979 441 48 25 an
1048 428 195 38 uncial
1260 424 172 35 account
1462 419 47 38 of
1537 418 66 38 the
1668 415 90 39 who
1776 428 76 25 was
1871 418 41 33 at
1932 412 66 39 the
2019 411 99 38 head
2139 409 47 38 of
2211 411 144 40 25,000
2391 402 200 40 excellent
2609 405 152 43 troops,
2794 406 77 26 was
2893 403 90 40 pre-
3276 402 4 84 .

280 485 72 40 fall
371 483 50 40 of
435 485 229 50 Saragossa.
720 482 98 38 This
835 485 119 34 event
973 480 31 39 it
1022 483 123 35 states
1165 483 45 33 to
1226 476 102 37 have
1346 472 124 39 taken
1495 470 110 52 place
1670 469 137 50 paring
1843 470 44 33 to
1920 469 64 33 act
2013 477 52 25 on
2100 463 69 38 the
2200 459 202 39 ofleasive.
2476 455 97 38 This
2602 451 174 38 account
2812 446 31 38 is
2877 442 103 51 fully

3272 452 8 30 ;
3298 448 34 39 'il

283 552 56 27 on
356 539 72 38 the
446 541 89 35 21st
566 539 200 48 January.
822 535 78 38 But
932 531 81 39 this
1030 533 233 41 statement,
1293 527 32 38 it
1358 526 32 37 is
1422 523 123 53 plain,
1576 522 31 38 is
1669 517 287 40 corroborated
1991 516 50 51 by
2076 527 24 26 a
2140 511 176 53 splendid
2352 510 170 41 victory,
2554 502 124 40 which
2717 501 89 38 that
2841 496 145 39 distin
3272 491 20 61 }:
3309 498 28 33 .1.,
3348 491 2 96 .

286 592 122 52 given
443 589 65 40 for
539 588 70 39 the
635 599 174 43 purpose
844 586 50 40 of
919 583 211 53 palliatiug
1168 582 66 38 the
1264 591 139 27 severe
1434 586 174 28 reverses
1671 570 162 52 guished
1853 569 137 39 officer
2009 567 142 52 gained
2186 578 98 26 over
2316 566 64 34 Si'.
2404 563 106 38 Ora,
2542 556 90 37 who
2652 550 231 40 commands
2915 546 69 39 the
3273 555 22 12 ..
3309 531 41 39 r,

3291 568 6 32 1
3320 559 11 43 ,
3331 559 21 43 i,

288 643 129 39 which
449 643 69 39 the
548 640 151 41 French
733 640 107 38 have
870 638 197 40 sustained
1098 648 40 26 in
1170 632 170 40 another
1361 633 91 47 part
1474 628 48 38 of
1543 627 67 38 the
1672 635 138 39 enemy
1831 622 38 37 in
1889 621 86 38 that
1995 619 202 52 province.
2231 618 60 37 He
2307 609 237 43 afterwards
2557 604 187 41 obtained
2769 598 219 57 possession.
3320 599 32 38 si

3293 625 4 12 .

292 693 229 43 Peninsula.
592 694 35 39 It
657 693 31 39 is
723 691 181 41 couched
937 691 38 37 in
1015 689 52 39 all
1098 689 71 39 the
1206 689 300 45 extravag,ance
1535 679 76 38 and
1675 676 48 38 of
1736 676 67 39 the
1822 673 142 40 citadel
1984 673 73 37 and
2075 677 106 33 town
2197 669 47 39 of
2262 664 231 43 Barcelona,
2507 663 38 35 in
2571 659 66 37 the
2657 651 333 52 neighbourhood
3278 665 25 17 s.
3328 653 11 32 4

296 746 222 54 hyperbole
539 746 46 40 of
599 746 158 43 fiction,
776 745 78 38 and
869 742 197 52 evidently
1082 737 183 43 intended
1284 742 45 32 to
1348 733 174 39 astonish
1538 731 74 38 and
1677 728 46 38 of
1753 726 126 39 which
1912 725 74 38 this
2006 722 176 53 splendid
2207 722 22 37 a
2230 722 22 37 c
2252 722 90 37 tion
2365 715 97 40 took
2486 713 125 51 place.
2670 711 33 34 It
2734 710 105 34 must
2859 704 50 37 be
2929 713 40 25 re
2974 722 15 9 -

292 802 133 39 divert
3331 685 24 31 I.

441 800 67 39 the
529 798 141 53 higher
690 798 78 39 and
782 796 122 39 lower
927 794 136 41 rabble
1076 793 47 38 of
1136 793 67 39 the
1222 787 163 56 capital.
1415 789 34 37 A
1469 790 87 46 part
1574 784 46 37 of
1680 780 176 44 marked,
1893 777 86 39 that
2001 777 65 37 the
2087 774 148 38 French
2261 774 145 45 Papers
2426 765 164 39 contain
2616 772 109 26 some
2743 755 188 40 allusions
2950 758 43 33 to

296 855 70 39 the
378 856 189 43 account,
575 852 22 41 -
598 852 187 41 however,
798 862 59 25 we
870 862 65 25 are
948 847 149 51 willing
1110 850 43 33 to
1169 842 138 43 credit,
1325 853 43 25 as
1381 841 31 37 it
1422 836 196 40 coincides
1680 831 77 39 this
1766 831 299 41 circumstance,
2080 827 66 38 the
2161 823 236 54 particulars
2413 819 45 38 of
2471 814 128 39 which
2615 826 54 25 we
2687 813 102 35 have
2802 806 190 40 collected
3279 806 13 53 ,'i

3294 839 7 84 ,
3301 839 7 84 t
3308 839 8 84 ,
3324 814 19 50 \I

292 907 97 38 with
420 906 69 39 the
509 905 185 52 previous
713 901 252 52 intelligence
986 913 58 25 we
1069 898 78 39 had
1181 895 165 40 relative
1367 896 45 33 to
1434 892 67 38 the
1522 888 94 39 brit-
1682 885 103 38 from
1806 883 156 52 private
1991 883 203 38 accounts.
2251 878 86 35 The
2365 872 111 39 force
2497 867 46 39 of
2569 870 65 33 ST.
2657 866 54 37 Cs
2725 878 24 20 a
2772 874 74 24 %%Nis
2867 873 18 24 s
2887 857 107 39 tated

300 958 102 40 butt
419 971 150 26 success
583 956 48 39 of
648 958 214 37 PALAFOX.
919 956 35 37 It
969 951 201 41 mentions
1187 948 86 39 that
1294 946 69 38 the
1378 948 151 46 troops,
1551 954 69 25 un-
1683 943 80 32 two
1783 935 159 40 months
1961 947 97 35 ago,
2086 932 110 38 when
2225 930 48 38 lie
2296 924 123 41 raised
2456 921 70 38 the
2555 918 106 47 siege
2691 914 46 37 of
2765 911 237 44 Barcelona;

296 1012 72 39 der
400 1013 70 37 the
496 1007 214 41 command
742 1007 50 39 of
817 1007 86 38 that
922 1005 105 51 truly
1685 994 40 32 to
1749 989 98 39 have
1867 985 216 40 amounted
2104 989 40 34 to
2165 986 144 35 40,000
2342 990 113 28 men;
2489 971 74 39 and
2596 969 76 39 this
2691 965 240 51 soperiority
2955 959 48 38 of
3267 934 4 122 !
3296 934 6 58 i

302 1063 80 41 bad
404 1063 116 39 made
540 1075 24 25 a
581 1061 137 45 sortie,
749 1059 77 39 and
859 1057 204 41 advanced
1091 1069 24 25 a
1148 1046 273 46 considerable
1449 1048 174 38 distance
1685 1041 106 38 force
1812 1039 162 39 induced
2011 1041 15 30 I
2000 1010 1 96 I
2002 1050 162 26 ....F.DING
2183 1039 41 32 to
2245 1033 118 38 retire
2383 1029 104 38 from
2510 1023 69 38 the
2598 1011 340 58 neighhdurhood
2957 1010 48 40 tsf
3330 1012 14 24 I,

300 1117 109 40 from
431 1116 67 39 the
517 1114 122 44 walls,
661 1116 72 35 but
755 1126 102 26 were
875 1111 137 40 driven
1033 1108 128 41 back;
1192 1106 74 39 and
1294 1116 53 26 on
1377 1101 70 38 the
1469 1097 151 40 French
1685 1094 86 38 that
1791 1094 98 51 city.
1945 1091 83 37 The
2067 1089 117 37 latter
2204 1080 257 43 maintained,
2493 1077 200 37 however,
2725 1070 103 35 after
2849 1067 148 46 haying.

306 1169 207 52 following
535 1180 51 39 up
604 1167 66 38 the
689 1178 167 32 success,
883 1165 94 51 they
1002 1157 182 44 received
1208 1170 22 26 a
1251 1152 248 56 Deputation
1519 1152 104 38 from
1685 1146 43 38 of
1869 1157 22 25 a
1911 1140 184 47 masterly
2112 1144 51 33 re!
2177 1142 96 37 rent,
2304 1135 58 37 his
2378 1134 136 37 looter)
2513 1134 20 37 .
2552 1129 35 35 in
2610 1126 67 38 the
2695 1121 204 53 province,
2923 1115 86 40 ;end
3291 1115 5 106 ,
3335 1115 4 106 ,

304 1222 71 39 the
409 1222 104 51 City,
552 1218 216 53 proposing
803 1222 43 33 to
888 1215 206 40 surrender
1128 1213 46 43 it,
1220 1222 50 25 on
1300 1205 207 43 condition
1539 1204 87 38 that
1688 1198 96 51 kept
1804 1211 51 38 up
1876 1196 66 38 the
1959 1195 132 50 spirits
2111 1191 45 38 of
2186 1191 45 37 its
2251 1189 120 35 brave
2401 1182 78 39 and
2498 1161 215 57 11111C1'011S
2746 1170 256 53 pOpUlatioll.
3272 1149 40 110 4
3339 1196 17 26 j

3327 1183 17 21 1.
3344 1183 9 21 ,

308 1277 64 38 the
391 1278 96 37 lives
507 1276 48 45 of
565 1276 61 35 the
648 1272 164 37 Citizens
831 1272 137 35 should
984 1274 44 32 be
1042 1269 156 46 spared.
1228 1261 98 38 This
1345 1271 78 25 was
1442 1269 183 43 peremp-
1690 1253 63 35 Sr.
1772 1252 89 37 CYR.
1883 1253 103 33 must
2003 1246 126 38 either
2150 1243 99 38 have
2282 1234 190 43 detached
2493 1245 24 24 a
2545 1225 278 44 considerable
2854 1226 91 48 part
2963 1219 48 39 of

308 1326 120 52 torily
454 1329 156 47 refused
635 1324 50 51 by
707 1326 118 35 Lssis
836 1336 58 31 Es,
930 1320 91 38 who
1041 1312 262 45 commanded
1324 1311 69 38 the
1411 1307 214 40 blockade.
1693 1303 57 38 his
1769 1307 136 46 troops
1941 1305 41 33 to
2020 1296 195 40 reinforce
2250 1292 69 38 the
2340 1286 202 52 besieging
2563 1293 116 39 corps
2699 1278 139 39 before
2867 1276 142 38 Barce-

312 1382 63 37 On
387 1380 78 39 this
484 1375 145 41 refusal
648 1377 69 37 the
733 1374 246 39 inhabitants
994 1382 67 28 are
1080 1364 252 57 represented
1351 1368 44 32 to
1416 1362 102 38 have
1535 1372 94 39 pro-
1693 1354 91 39 lona
1798 1368 89 30 ;or
1904 1367 24 22 a
1946 1355 89 46 part
2054 1348 50 39 of
2130 1346 106 38 them
2264 1344 100 37 have
2394 1341 99 37 been
2515 1333 168 39 ordered
2705 1336 43 33 to
2778 1328 135 39 march
2944 1329 60 32 to-
3291 1276 18 83 i

311 1431 148 39 ceeded
493 1436 41 33 to
555 1430 66 37 the
640 1427 138 45 altars,
808 1426 77 39 and
918 1421 193 51 solemnly
1131 1417 169 53 pledged
1318 1411 237 43 themselves
1585 1417 43 32 to
1695 1406 124 39 wards
1852 1407 217 37 Germany,
2100 1401 35 38 in
2158 1406 267 40 consequence
2444 1390 45 38 of
2505 1384 276 54 approaching
2800 1377 213 41 hostilities

314 1485 103 51 bury
441 1480 235 41 themselves
696 1479 124 39 under
839 1478 67 39 the
924 1476 106 38 ruins
1061 1473 50 40 of
1136 1470 103 39 their
1257 1469 97 50 city,
1385 1466 135 38 rather
1538 1465 96 38 than
1696 1457 93 39 with
1809 1456 172 40 Austria.
2039 1453 84 38 The
2141 1454 132 37 event,
2304 1447 197 39 however,
2532 1453 28 24 is
2581 1439 47 39 of
2641 1437 67 38 the
2727 1435 176 50 greatest
2919 1439 94 28 con-

315 1535 227 40 surrender,
598 1532 110 50 They
730 1531 97 38 then
846 1527 180 53 repaired
1045 1532 41 33 to
1108 1524 105 39 their
1231 1519 217 52 respective
1468 1522 106 46 posts
1594 1515 46 38 of
1697 1522 207 39 sequence,
1950 1507 76 39 and
2057 1501 142 41 should
2237 1502 194 35 PALAFOX
2466 1489 165 41 succeed
2670 1488 38 38 in
2745 1481 267 50 maintaining

319 1589 180 39 defence.
555 1583 86 40 The
661 1583 154 38 French
837 1579 144 40 rushed
996 1576 180 52 through
1195 1574 67 38 the
1274 1577 111 46 gates
1400 1569 45 39 of
1460 1569 67 39 the
1543 1569 94 50 city,
1702 1566 119 47 Sarag
1825 1574 102 30 ossa,
1956 1572 57 26 we
2033 1570 87 38 may
2156 1551 181 43 consider
2366 1551 44 41 it,
2444 1545 40 38 in
2502 1544 65 38 the
2589 1544 152 48 present
2760 1535 190 40 situation
2970 1531 50 39 of

320 1644 161 35 without
503 1641 112 35 much
634 1638 230 40 resistance,
879 1632 112 37 when
1006 1643 22 25 a
1048 1629 107 39 mine
1174 1641 79 25 was
1271 1620 190 52 suddenly
1476 1632 139 40 sprung
1616 1632 24 40 ,
1701 1615 69 39 the
1815 1613 226 39 Continents
2088 1622 41 25 as
2177 1604 168 39 decisive
2391 1598 48 40 of
2486 1593 163 53 Spanish
2700 1589 314 52 independence.

324 1690 196 56 prepared
539 1689 64 39 for
620 1688 70 38 the
709 1698 187 40 purpose,
914 1683 131 39 which
1058 1680 117 39 made
1193 1693 24 25 a
1234 1675 259 41 tremendous
1514 1674 128 37 havoc
1704 1669 184 40 REDING,
1920 1665 89 37 who
2027 1663 31 35 is
2078 1674 21 25 a
2127 1661 102 35 most
2248 1652 262 50 enterprising
2541 1646 149 43 officer,
2718 1642 77 39 and
2817 1646 41 32 to
2880 1638 135 39 whom

326 1757 151 37 among
507 1742 70 39 the
605 1740 221 39 assailants.
883 1739 48 38 So
951 1735 73 39 far.
1033 1734 67 38 the
1134 1733 100 38 facts
1252 1730 104 38 have
1372 1739 110 26 sonic
1504 1737 138 25 reseal-
1706 1719 66 39 the
1791 1717 132 39 defeat
1942 1715 46 38 of
2013 1716 61 35 Dv
2085 1726 21 26 r
2106 1726 85 26 os-r
2223 1721 78 24 was
2320 1704 120 39 solely
2465 1707 40 32 to
2537 1698 48 38 be
2606 1693 234 45 attributed,
2870 1690 76 37 mill
2969 1690 47 35 be
3313 1697 8 34 i

326 1798 70 38 alb
398 1756 28 79 s
426 1756 86 79 nce
513 1756 30 79 -
543 1793 96 41 with
640 1792 100 39 the
742 1791 259 53 previous
1002 1791 214 37 accounts
1217 1783 150 39 received
1368 1780 1535 52 by

1389 1778 19 60 .
1408 1778 59 60 the
1495 1791 84 37 way
1602 1775 46 38 of
1706 1770 89 39 able
1824 1775 45 32 to
1906 1768 94 40 take
2033 1766 66 38 the
2137 1757 243 48 blockading
2415 1747 112 57 ;it-my
2561 1748 136 39 before
2735 1749 106 34 Sarie
2842 1749 21 34 ,
2863 1749 21 34 o
2906 1754 41 25 sa
2980 1741 39 38 id

65 1452 60 514 II
2832 1776 21 15 s,

84 1964 14 332 .
98 1964 15 332 1
113 1964 15 332 '

330 1851 136 51 Spain,
495 1846 77 40 and
592 1844 130 39 which
743 1856 77 26 our
840 1840 177 40 Readers
1037 1835 78 40 will
1150 1837 100 38 have
1269 1845 90 27 seen
1390 1844 38 25 in
1449 1843 24 26 a
1498 1828 149 39 former
1707 1822 124 45 flank,
1860 1820 112 51 place
1994 1818 110 39 them
2122 1817 178 38 between
2335 1809 103 40 fires,
2467 1808 67 33 cut
2551 1800 63 39 off
2627 1799 104 38 their
2750 1794 269 41 communica-

328 1910 141 44 paper.
500 1899 97 39 This
615 1894 138 40 article
772 1892 215 43 concludes
1006 1890 93 39 with
1121 1886 193 52 asserting
1332 1884 91 38 that
1437 1884 209 47 Saragossa
1710 1874 99 37 lions
1830 1873 93 38 with
1946 1873 163 40 France,
2139 1865 76 40 and
2237 1861 138 40 render
2406 1857 102 40 their
2541 1856 148 35 retreat
2718 1848 228 53 precarious
2979 1844 41 38 int

330 1952 235 41 afterwards
599 1948 69 40 fell
702 1949 84 38 into
819 1946 71 39 the
909 1944 124 39 hands
1068 1941 48 40 of
1144 1941 69 39 the
1247 1948 144 35 enemy
1407 1951 12 27 ;
1454 1933 73 38 aid
1560 1931 89 39 that
1708 1926 69 39 the
1795 1929 191 34 extreme.
2043 1923 85 37 Our
2157 1920 123 46 hopes
2298 1912 74 40 and
2404 1923 76 27 our
2499 1903 267 53 speculations
2802 1904 91 40 rest,
2923 1910 41 24 as
2995 1898 31 35 it

331 2009 169 38 LANWES
519 2001 196 54 proposed
746 2014 25 25 a
787 1995 338 56 general.pardon
1144 1998 44 33 to
1207 1990 94 40 such
1335 1987 48 40 of
1407 1985 69 40 the
1494 1984 154 39 inhabi-
1711 1982 105 35 must
1831 1978 52 37 be
1902 1972 208 45 observed,
2138 1984 51 24 on
2209 1969 66 38 the
2295 1964 107 40 truth
2422 1975 47 24 or
2489 1955 208 43 falsehood
2724 1954 48 38 of
2798 1952 67 37 the
2895 1946 138 40 article

333 2063 111 35 tants
463 2070 43 25 as
520 2053 135 41 would
674 2053 151 40 submit
844 2056 44 34 to
908 2050 67 38 the
991 2060 86 27 new
1103 2044 289 39 Government.
1717 2029 214 41 contained
1948 2028 38 38 in
1996 2027 65 38 the
2073 2024 177 40 journal
2261 2017 260 45 derEmpire.
2543 2006 144 41 Would
2702 2011 43 33 to
2761 2004 182 38 Ilei.LIT.ll!
2957 2011 73 27 our

389 2112 61 37 To
488 2105 217 43 invalidate
738 2104 71 40 the
842 2100 263 50 authenticity
1128 2096 50 39 of
1204 2095 79 39 this
1310 2092 227 41 statement,
1574 2087 31 38 it
1623 2086 31 38 is
1717 2083 188 50 previous
1917 2081 247 48 conjectures
2176 2087 47 24 on
2233 2073 86 38 tir.it
2334 2069 151 47 subject
2499 2074 104 26 were
2611 2057 84 52 righ
2704 2053 330 43 t.invarias

335 2161 98 53 only
450 2171 201 39 necessary
673 2161 46 34 to
744 2156 141 40 advert
920 2154 89 38 that
1028 2157 71 33 not
1130 2161 78 27 one
1235 2147 47 39 of
1311 2146 67 39 the
1409 2143 117 39 other
1546 2139 110 39 Paris
1715 2135 66 52 bly
1801 2132 208 52 supposed,
2029 2130 78 39 alai
2127 2139 73 26 our
2219 2122 177 40 Readers
2419 2130 89 38 may
2531 2115 104 35 have
2654 2122 111 27 some
2781 2113 96 33 tune
2897 2119 27 24 i
2931 2066 18 25 s

337 2226 148 41 vipers
511 2212 119 40 refers
648 2219 46 30 to
725 2210 80 38 this
836 2211 132 35 event.
1024 2205 73 38 'We
1131 2215 69 26 are
1227 2194 208 58 positively
1462 2191 191 41 informed
1717 2192 39 32 at
1778 2187 65 37 the
1861 2185 190 50 sanguine
2072 2185 84 35 cast
2174 2177 46 39 of
2236 2189 76 26 our
2331 2167 293 56 expectations,
2641 2163 87 38 that
2743 2160 145 50 justire
2906 2156 130 39 wcailil

339 2267 90 40 that
444 2267 69 39 the
534 2267 201 37 Moniteur
754 2261 47 40 of
830 2259 69 39 the
917 2270 110 27 same
1045 2257 93 38 date
1156 2255 92 38 does
1280 2254 73 35 not
1384 2246 131 39 allude
1543 2250 43 32 to
1605 2243 43 37 it.
1719 2236 222 50 ultimately
1957 2233 175 52 triumph
2154 2241 96 28 over
2270 2225 158 48 villainy
2444 2239 11 25 ;
2487 2216 241 57 patriotism,
2752 2225 96 25 over
2871 2220 163 40 oppre.,-;

3301 1902 39 24 ,:4

3306 1928 12 34 1
3318 1928 13 34 .

3345 2026 14 149 11
3359 2026 8 149 ,

343 2322 34 38 A
398 2321 288 37 circumstance
706 2313 47 39 of
767 2313 97 40 such
883 2316 84 33 vast
989 2311 262 48 importance,
1269 2301 131 40 which
1421 2298 66 40 the
1508 2294 149 41 French
1719 2290 98 39 ion.
1873 2291 72 35 We
1980 2290 99 35 have
2109 2288 72 37 not
2202 2280 157 39 learned
2389 2289 41 26 as
2464 2276 83 48 yet,
2575 2267 94 39 with
2692 2267 51 43 all
2781 2264 66 37 the
2880 2265 73 33 dis(
2965 2271 71 25 (as

343 2383 144 40 papers
506 2365 280 53 unanimously
801 2363 181 41 consider
1012 2374 41 25 as
1070 2359 171 40 decisive
1264 2354 51 40 of
1338 2353 69 39 06
1426 2347 234 44 submission
1722 2344 138 48 raging
1879 2341 233 51 experience
2148 2334 47 40 of
2210 2334 66 37 the
2314 2331 155 50 present
2498 2324 113 40 time,
2644 2324 43 33 to
2711 2327 201 28 renounce
2931 2327 19 22 e
2979 2314 59 33 f.is

343 2425 48 39 of
409 2424 69 39 the
498 2419 226 46 Peninsula,
742 2417 135 40 would
893 2420 70 35 not
976 2413 74 39 fail
1067 2418 43 33 to
1124 2412 51 37 be
1191 2404 228 45 mentioned
1437 2401 93 40 with
1551 2413 22 25 a
1589 2398 73 40 mi-
1726 2393 191 40 vourable
1949 2391 163 52 opinion
2133 2388 47 37 of
2194 2380 228 47 men,the
2445 2378 194 52 phantom
2660 2383 40 25 as
2721 2369 30 38 it
2784 2369 30 35 is
2839 2365 124 40 called
2988 2365 50 48 by

77 2298 1 244 .
123 2298 15 244 1

346 2481 187 40 'lateness
565 2473 48 40 of
635 2470 141 46 detail,
806 2483 26 25 a
848 2469 254 52 copiousness
1121 2461 50 40 of
1183 2461 98 44 fact,
1299 2457 126 43 which
1447 2451 215 53 disinguish
1726 2447 65 38 the
1811 2444 129 41 selfish
1961 2443 76 39 and
2056 2441 69 40 the
2151 2435 207 64 plodding,
2378 2431 48 38 of
2440 2435 71 33 too
2531 2425 141 39 ardent
2691 2434 50 25 an
2761 2420 281 50 imagivatioui

3330 2476 1 35 .
3357 2476 12 35 ~

3301 1971 11 605 1
3312 1971 58 605 '...:

347 2528 154 41 similar
520 2530 154 47 reports
690 2536 56 26 on
772 2523 70 38 the
870 2525 91 47 part
979 2519 48 39 of
1054 2518 71 38 the
1142 2525 157 39 enemy.
1342 2469 2 109 -
1359 2512 81 35 Not
1459 2520 25 25 a
1501 2503 106 40 word
1636 2503 14 38 i
1650 2503 15 38 s
1726 2499 84 38 The
1827 2497 63 51 dis
1890 2497 20 51 p
1910 2497 149 51 atches,
2089 2491 124 39 which
2233 2500 77 27 our
2333 2485 213 39 Ministers,
2567 2490 41 25 as
2630 2474 86 38 well
2737 2486 41 22 as
2791 2472 67 35 the
2881 2469 164 51 Spanish

129 2544 8 58 1

351 2580 231 41 mentioned
615 2575 167 41 relative
800 2578 45 33 to
865 2575 211 39 PAt.AFOX,
1097 2567 70 39 the
1185 2577 94 38 very
1300 2574 94 27 man
1414 2558 133 39 whose
1574 2567 92 39 cap-
1729 2549 280 41 Ambassadors
2031 2543 181 43 received
2239 2551 50 27 on
2310 2533 247 44 Wednesday
2578 2530 104 37 from
2705 2525 133 50 Spain,
2855 2520 76 38 will
2954 2532 96 24 cons

351 2639 94 34 ture
461 2630 130 40 would
609 2630 48 38 be
677 2642 44 25 as
738 2624 222 54 gratifying
979 2628 44 33 to
1051 2620 237 51 the.tyrant,
1307 2626 44 27 as
1367 2611 70 40 the
1450 2608 70 41 fall
1539 2607 50 40 of
1603 2610 66 34 Sa-
1733 2603 110 38 vince
1860 2613 99 27 even
1978 2597 235 52 scepticism,
2228 2591 90 40 that
2334 2588 70 38 the
2422 2582 133 44 sacred
2575 2593 116 26 cause
2709 2578 41 35 of
2769 2574 162 52 Spanish
2946 2570 105 39 free]

3324 2606 19 4 ..
3364 2606 4 4 .

74 2706 59 78 .Ls
354 2696 168 43 ragossa
536 2682 116 40 itself.
707 2681 109 38 That
836 2679 109 38 Hero
964 2676 72 39 has
1054 2679 72 33 too
1147 2669 117 40 much
1279 2663 219 54 signalized
1515 2657 161 40 himself
1733 2655 109 44 dom,
1861 2653 33 38 is
1911 2652 154 39 neither
2082 2650 204 47 desperate
2307 2653 72 26 nor
2391 2652 102 26 even
2515 2631 221 41 uncertain.
2793 2627 85 38 The
2900 2622 150 41 French

354 2739 52 52 by
428 2739 63 38 his
511 2735 208 40 resistance
738 2730 78 41 and
828 2730 150 51 enmity
998 2730 45 35 to
1068 2728 71 35 the
1157 2720 181 41 invaders
1351 2717 46 39 of
1411 2717 60 38 his
1486 2717 185 45 country,
1731 2707 109 39 force
1853 2705 31 38 is
1899 2700 133 56 placed
2046 2699 119 54 again
2183 2699 38 37 in
2237 2709 22 25 a
2276 2692 269 53 predicament
2561 2683 149 40 similar
2726 2686 43 32 to
2786 2679 102 43 that,
2906 2676 144 43 which,

3337 2693 30 47 ;.:,

356 2805 44 27 as
411 2794 73 37 not
501 2794 45 34 to
563 2789 133 40 excite
726 2794 151 39 among
902 2781 70 39 the
990 2776 154 44 French
1165 2787 107 26 some
1289 2771 150 51 degree
1453 2766 47 40 of
1514 2766 161 37 interest
1736 2760 35 38 in
1799 2758 74 38 last
1899 2767 185 31 summer,
2117 2751 73 39 left
2219 2748 109 39 them
2348 2757 53 25 no
2428 2741 118 40 other
2583 2733 239 40 alternative
2842 2732 97 37 tkan
2969 2739 85 26 sur'

356 2843 175 43 relative
547 2846 44 34 to
609 2841 59 39 his
681 2838 99 39 fate.
819 2835 96 39 This
932 2832 141 41 silence
1091 2830 47 44 is,
1161 2829 37 38 in
1219 2838 74 27 our
1307 2820 183 54 opinion,
1515 2815 159 40 conclu-
1739 2811 136 39 render
1893 2809 76 38 and
1987 2802 167 56 gradual
2173 2797 261 46 destruction,
2464 2805 46 27 or
2539 2803 22 25 a
2580 2786 237 54 precipitate
2839 2783 150 38 retreat
3008 2783 47 34 to

133 2907 13 90 1
360 2898 103 44 sive,
481 2895 79 40 and
581 2904 132 28 serves
743 2895 44 34 to
808 2900 124 41 prove
950 2885 91 39 that
1058 2882 80 39 this
1162 2882 30 37 is
1222 2890 52 27 on
1274 2890 26 27 e
1329 2874 50 40 of
1408 2872 115 39 those
1552 2867 126 39 fabri-
1740 2862 66 40 the
1822 2859 200 40 frontiers.
2078 2856 87 38 The
2183 2864 109 28 same
2310 2855 268 44 anpearances
2598 2842 175 35 warrant
2805 2833 149 39 similar
2981 2843 79 25 esc-

361 2950 172 43 cations,
566 2944 130 40 which
726 2943 71 39 the
829 2939 191 53 plotting,
1059 2933 91 41 wily
1187 2931 142 51 despot
1369 2929 146 35 resorts
1543 2926 61 39 to,
1641 2920 39 38 in
1743 2913 233 53 pectations.
2034 2913 214 44 Saragossa
2267 2889 63 52 waa
2329 2889 20 52 i
2349 2889 85 52 last
2456 2909 92 26 year
2567 2893 70 39 the
2657 2890 83 38 first
2760 2898 113 27 scene
2894 2884 47 39 of
2956 2883 105 38 the'r
3357 2839 2 154 .

361 3004 125 39 order
515 3006 43 34 to
596 3008 170 41 appease
801 2994 70 39 the
914 2991 136 52 public
1090 2983 110 41 mind
1245 2983 38 38 in
1329 2981 165 40 France,
1533 2970 146 39 intimi-
1744 2967 174 51 disgrace
1937 2962 76 40 and
2030 2957 296 43 discomfiture;
2355 2953 76 38 and
2457 2949 90 39 that
2564 2943 219 50 illostrious
2804 2939 80 52 city
2907 2947 58 26 we
2982 2933 79 39 still
3321 2957 47 22 .s,

3344 2849 4 224 :
3347 2849 4 224 ;
3351 2849 7 224 ..
3358 2849 4 224 t
3361 2849 8 224 ..

361 3056 97 39 date
490 3051 178 45 Austria,
703 3048 57 39 fix
808 3045 71 40 the
914 3043 203 48 wavering
1155 3035 220 52 allegiance
1403 3028 48 40 of
1492 3020 357 48 hishope
1869 3017 71 39 has
1970 3026 100 28 once
2109 3022 113 28 more
2246 3004 144 44 turned
2435 3002 69 38 the
2548 2996 81 40 tide
2653 2993 48 38 of
2724 2993 105 39 their
2863 2991 198 38 fortunes.

366 3120 96 27 man
497 3103 162 47 vassals,
700 3099 80 41 and
822 3099 154 48 impose
1020 3104 110 40 upon
1175 3089 69 39 the
1284 3089 139 37 courts
1467 3079 47 39 of
1554 3076 131 39 Berlin
1748 3073 155 37 JosEett
1923 3067 76 40 and
2021 3066 58 38 his
2102 3063 200 39 followers
2327 3056 76 41 fled
2434 3045 274 60 precipitately
2738 3044 61 38 fro
2813 3056 31 25 m
2887 3039 177 44 Madrie,

3326 3081 4 21 ,
3351 3089 18 14 ...

365 3159 81 39 and
480 3154 288 51 Petersburgh.
840 3150 97 39 This
972 3146 102 39 trick
1113 3145 32 37 is
1170 3133 268 58 imperiously
1472 3133 145 47 urgent
1649 3128 37 37 in
1750 3128 40 34 at
1822 3122 69 38 the
1928 3116 74 54 app
2002 3116 125 54 roach
2163 3115 47 39 of
2248 3111 70 39 the
2354 3118 109 39 army
2502 3103 50 39 of
2593 3097 213 43 Andalusia
2828 3111 12 26 ;
2888 3091 77 40 and
3017 3102 52 27 au
3330 3091 4 113 ,
3344 3100 26 66 (

366 3213 73 39 the
468 3214 159 48 present
645 3206 112 40 crisis
781 3202 51 41 of
859 3204 159 47 Europe
1033 3214 12 28 ;
1074 3196 78 39 and
1173 3194 106 38 what
1312 3189 32 39 is
1371 3182 133 57 public
1522 3180 165 52 opinion
1752 3187 110 27 army
1879 3169 50 43 of
1955 3174 143 41 60,000
2118 3178 104 33 men,
2259 3161 124 41 under
2411 3159 69 37 the
2498 3150 213 43 command
2730 3146 50 40 of
2792 3149 163 37 CursTa
2989 3142 79 39 and
3324 3142 4 120 a
3327 3142 5 120 l
3332 3142 5 120 ,

369 3270 46 33 to
436 3263 70 38 the
519 3260 162 44 wretch,
702 3257 135 39 whose
852 3252 189 43 misdeeds
1052 3250 102 38 have
1168 3246 93 51 long
1279 3239 139 57 placed
1434 3233 158 54 beyond
1609 3231 81 39 him
1754 3228 65 38 the
1840 3219 119 46 'Duke
1978 3223 45 39 of
2037 3226 263 37 INVANTADO,
2331 3226 78 26 was
2427 3206 223 50 hastening,
2679 3206 43 34 at
2753 3200 67 39 the
2836 3198 92 37 date
2942 3195 46 39 of
3004 3195 66 37 the
3322 3181 50 83 0,

107 3330 9 54 i
370 3317 72 39 the
462 3315 116 39 reach
609 3312 48 39 of
684 3309 93 40 that
806 3304 190 44 tribunal.
1055 3304 61 39 He
1137 3301 31 37 is
1186 3305 207 31 conscious
1411 3289 91 39 that
1530 3287 51 37 he
1604 3296 89 26 now
1757 3280 70 39 last
1846 3275 221 53 dispatches
2105 3278 43 32 to
2167 3269 86 39 that
2272 3278 96 37 very
2391 3259 158 54 capital.
2608 3257 87 35 The
2717 3252 170 41 French,
2906 3246 165 41 accords
3332 3254 21 18 4

3326 3273 22 24 J

371 3379 178 41 governs
567 3366 50 51 by
640 3370 158 34 terror;
828 3359 79 40 and
934 3372 41 24 as
1010 3356 92 50 long
1124 3364 43 27 as
1195 3348 48 40 lie
1263 3348 32 38 is
1312 3344 91 40 able
1421 3346 44 33 to
1482 3340 103 48 keep
1605 3335 90 40 that
1757 3332 65 50 ing
1854 3335 41 33 to
1912 3328 67 38 the
2001 3330 102 34 most
2124 3322 168 53 positive
2307 3318 206 38 accounts,
2532 3305 221 45 harrassed,
2774 3301 202 53 spless,
2996 3296 80 39 :ld

374 3422 216 41 sensation,
604 3430 37 26 in
654 3416 48 39 its
716 3417 161 50 present
889 3412 138 38 extent
1042 3410 37 35 ac
1080 3405 39 40 id
1136 3404 158 50 vigour,
1319 3396 120 41 alive,
1454 3393 50 37 he
1518 3387 181 40 attaches
1759 3394 107 27 worn
1881 3385 72 33 out
1972 3380 50 37 by
2043 3373 261 48 unremitting
2322 3366 72 41 toil
2417 3365 78 38 and
2515 3363 195 38 incessant
2732 3369 100 26 inset
2846 3356 83 43 !ies,
2949 3353 124 48 he4iit

378 3482 96 44 very
493 3471 103 40 little
609 3471 255 50 importance
875 3470 41 33 to
933 3463 69 38 the
1016 3457 247 41 attachment
1276 3450 46 40 of
1333 3449 59 39 his
1410 3444 144 41 Slaves.
1612 3439 85 39 The
1761 3441 40 33 to
1835 3432 118 40 make
1988 3420 350 48 demonstrations,
2354 3416 125 41 which
2510 3415 170 38 indicate
2717 3407 174 39 another
2926 3407 151 35 retreat
3328 3373 13 71 Al
3341 3373 6 71 i
3347 3373 7 71 '
3356 3425 15 54 0

376 3526 135 39 whole
529 3521 241 56 population
789 3517 50 40 of
855 3520 164 38 France,
1046 3513 60 38 his
1139 3506 157 41 armies,
1324 3503 60 38 his
1408 3494 129 44 vassal
1563 3497 136 39 states,
1760 3484 145 41 behind
1928 3484 65 39 the
2011 3483 120 37 Ebro.
2189 3472 198 44 Offensive
2402 3467 244 54 operations,
2667 3475 51 26 on
2734 3461 106 38 their
2859 3458 98 43 side,
2978 3457 103 35 have
3165 3456 1 120 .

377 3583 110 35 must
506 3591 89 26 now
624 3576 50 38 be
692 3570 171 40 sensible
881 3575 41 33 to
947 3567 67 39 the
1033 3561 318 56 precariousness
1377 3550 46 40 of
1448 3549 70 38 the
1543 3552 158 37 tenure,
1762 3536 143 52 totally
1925 3530 289 45 discontinued,
2245 3526 93 39 with
2357 3524 69 38 the
2440 3519 213 50 exception
2670 3514 47 39 of
2731 3513 70 38 the
2819 3511 109 38 force
2943 3506 138 52 acting

379 3633 54 50 by
456 3630 128 39 which
604 3628 71 40 the
723 3622 96 41 hold
840 3622 103 39 their
958 3620 96 38 lives
1074 3615 79 39 and
1178 3621 150 40 repose.
1385 3604 146 40 Those,
1552 3607 120 40 amon
1672 3607 31 40 g
1765 3591 155 52 against
1935 3591 208 45 Saragossa
2159 3598 12 27 ;
2202 3579 76 40 and
2293 3579 109 37 these
2421 3574 99 37 have
2541 3567 79 41 had
2637 3580 50 25 no
2704 3565 120 39 other
2844 3560 120 40 result
2983 3559 100 39 than

381 3685 112 39 them
515 3685 105 37 most
639 3674 257 45 remarkable
913 3673 65 38 for
994 3667 126 41 moral
1137 3664 76 41 and
1230 3653 246 48 intellectual
1493 3650 210 53 stupidity,
1766 3643 66 39 the
1847 3639 243 41 destruction
2114 3635 47 40 of
2184 3633 144 39 almost
2357 3626 87 40 half
2459 3626 69 37 the
2546 3622 111 38 force
2678 3614 216 52 employed
2911 3613 63 38 for
2995 3605 91 45 that

3343 3617 8 137 r
3351 3617 8 137 i

385 3742 110 35 must
513 3735 122 52 begin
656 3738 44 34 to
718 3741 185 30 murmur
922 3730 41 34 at
983 3724 69 38 the
1087 3713 304 48 accumulating
1410 3707 143 48 misery
1574 3702 47 39 of
1635 3700 71 38 the
1768 3705 187 41 purpose.
2011 3692 197 37 PALAFOX
2249 3685 52 44 (it
2334 3681 31 37 is
2392 3676 252 53 superfluous
2662 3676 43 33 to
2725 3672 90 48 give
2835 3666 81 38 him
2939 3676 24 26 a
2982 3661 107 44 title,.

384 3789 156 39 human
578 3798 104 28 race.
741 3785 80 37 Not
841 3793 24 26 a
883 3780 248 44 momentary
1170 3767 144 52 respite
1346 3763 32 39 is
1407 3754 168 58 granted
1593 3769 11 30 ;
1633 3754 73 38 but
1770 3749 57 37 his
1843 3745 118 40 deeds
1980 3741 194 53 proclaim
2194 3737 59 38 his
2272 3732 150 47 worth)
2461 3729 71 38 has
2568 3720 219 56 svalized
2820 3715 163 41 himsetf
3008 3713 80 40 aed

100 3847 66 367 L
389 3855 86 27 Iva'.
490 3839 182 43 succeeds
689 3848 99 30 war,
815 3830 250 41 devastation
1080 3823 157 41 follows
1256 3831 52 26 on
1328 3810 274 45 devastation;
1632 3803 77 39 and
1770 3798 59 40 his
1847 3800 171 45 country
2039 3794 51 50 by
2117 3789 169 41 another
2306 3782 124 53 signal
2450 3781 113 38 efea
2570 3782 15 33 t
2606 3775 46 38 of
2674 3776 69 38 the
2764 3770 221 39 assailant's.
3043 3767 48 38 In

389 3900 46 35 to
454 3894 111 39 what
581 3891 77 40 and
674 3895 44 34 to
738 3886 135 40 whom
894 3896 69 26 are
981 3881 110 38 these
1110 3878 163 37 horrors
1291 3875 44 33 to
1355 3868 51 38 be
1424 3859 137 45 traced
1578 3863 13 33 I
1649 3857 63 37 To
1772 3849 211 47 adverting
2019 3850 44 33 to
2083 3846 90 38 that
2191 3835 305 48 extraordinary
2528 3841 109 31 man,
2666 3840 58 25 we
2745 3826 122 38 know
2888 3824 71 34 not
2978 3819 113 38 what

389 3961 30 25 a
436 3946 161 52 foreign
633 3943 259 39 adventurer,
922 3934 132 39 whose
1083 3927 148 52 origin,
1257 3921 135 39 whose
1419 3912 203 57 primitive
1641 3908 72 38 ob-
1773 3908 44 34 to
1835 3902 154 39 admire
2006 3895 228 40 mostthe
2252 3888 203 47 sublimity
2472 3883 48 39 of
2531 3882 58 38 his
2606 3889 176 37 coursge
2803 3875 76 39 am!
2915 3870 102 46 zeal,
3047 3882 48 27 or

389 3999 170 51 scurity,
576 3997 132 39 whose
726 3991 109 41 early
857 3985 252 57 dependence
1129 3979 79 39 and
1222 3973 203 48 obscurity
1446 3980 43 26 in
1506 3964 104 40 their
1626 3973 87 27 own
1740 3927 2 123 ,
1776 3956 69 39 the
1866 3950 219 52 versatility
2107 3948 48 38 of
2173 3947 59 38 his
2254 3951 223 31 resources.
2536 3937 56 48 By
2614 3946 25 22 a
2655 3927 178 54 singular

2844 3930 20 58 .
2864 3930 126 58 strata
2991 3930 21 58 .
3012 3930 85 58 gem,

392 4058 191 45 country,
613 4050 96 50 they
731 4058 70 26 are
819 4055 89 26 now
930 4037 98 51 fally
1050 4026 239 59 acquainted
1307 4023 113 40 with.
1778 4007 50 39 he
1848 4007 31 37 is
1898 4004 81 39 said
2007 4007 46 33 to
2086 4000 105 39 have
2222 3987 289 56 accomplished
2546 3997 22 27 a
2598 3989 105 33 most
2735 3980 171 40 derisive
2939 3980 161 45 victory

450 4104 96 39 This
565 4106 136 47 report
719 4097 48 40 of
787 4096 71 40 the
886 4093 73 43 fall
980 4090 47 39 of
1045 4091 229 44 Saragossa,
1300 4090 60 25 we
1389 4085 69 27 are
1485 4065 171 45 inclined
1677 4069 43 34 to
1780 4071 97 27 over
1905 4057 67 38 the
2007 4067 159 37 enemy.
2223 4052 33 35 A
2291 4044 170 41 number
2490 4039 50 40 of
2570 4048 154 38 women
2756 4030 141 41 rushed
2926 4025 178 43 towards

390 4154 162 45 believe
585 4150 200 54 strongly,
815 4160 81 30 was
931 4139 188 47 intended
1146 4135 18 41 -
1163 4135 56 41 for
1246 4142 113 32 some
1377 4126 53 44 of
1440 4126 70 39 the
1528 4128 193 47 purposes
1742 4111 107 48 ~the
1881 4114 115 51 gates
2039 4106 51 41 of
2114 4106 69 39 the
2213 4102 97 52 city,
2357 4109 43 27 as
2435 4093 37 43 if
2511 4093 137 39 driven
2680 4093 43 34 to
2751 4083 158 60 despair
2927 4081 77 53 *by
3035 4080 71 39 the
3150 4134 9 5 .
3188 3756 4 449 .
3332 3756 43 285 ,t,:

3334 3874 11 61 ii

3343 3947 17 26 1.
3359 3947 9 26 ,

3348 3969 20 51 ~.'

3353 4050 11 22 t.

113 4215 175 89 d
288 4215 176 89 .
987 4136 1 168 -
1083 4136 4 168 -
3352 4136 21 80 i;

124 4304 38 60 1,)

56 1452 52 43 1/

1131 77 144 58 THE
1312 76 373 58 NATIONAL
1722 66 373 60 REGISTER.
