3413 4441
1283 99 383 53 NvrioNAL
1704 76 380 65 ItEGlBtEit.

217 263 73 35 and
317 262 111 46 April
446 265 65 39 22,
537 268 39 30 at
589 262 144 39 eleven,
761 267 41 26 at
817 260 61 35 the
899 259 106 34 Cock
1028 259 84 39 Inn,
1129 253 248 45 Guishrough.
1431 249 111 33 Attor-

216 312 94 40 nies,
326 312 73 33 llr.
430 311 187 41 Waddell,
637 309 234 41 cinishrough
888 319 9 28 ;
924 307 73 34 and
1017 306 146 34 Messrs.
1192 302 137 41 Willis,
1346 295 191 37 Warnford-

219 365 123 35 court,
361 359 424 43 Throgniorton--trcet.

273 409 103 33 John
391 407 183 39 Tomiins,
596 405 155 40 Bristol,
780 413 146 33 grocer,
965 400 130 35 March
1115 400 61 41 24,
1206 398 63 40 27,
1286 394 70 34 and
1372 392 112 47 April
1504 391 60 41 22,

222 462 38 27 at
289 456 144 38 eleven,
470 459 38 28 at
553 455 64 33 the
656 454 40 31 \V
706 452 74 32 iiite
814 452 38 32 I,i
860 463 60 31 on,
963 449 157 34 Bristol.
1174 445 30 35 A
1212 444 169 41 ttoruies,
1417 442 146 33 Messrs.

226 501 167 38 Broome
409 502 71 34 and
501 500 188 45 Pinniger,
707 497 90 35 Grav
797 497 22 35 -
820 497 24 35 s
867 498 231 43 Inn-ware.

281 548 193 47 Benjamin
498 549 162 39 Polack,
680 546 187 40 Sheffield,
885 544 287 34 watehmaker.
1192 537 130 37 March
1333 540 63 39 23,
1415 537 66 38 24,
1498 533 69 35 and

230 596 113 46 April
378 599 63 39 22,
470 602 41 28 at
534 598 143 33 eleven,
702 602 39 28 at
761 592 180 47 Healey's
961 592 131 40 Ilotel,
1127 588 182 35 Sheffield.
1361 582 208 40 Attornies,

230 645 76 34 Nr.
328 646 177 40 Greaves,
527 644 169 34 Sheffield
711 657 11 26 ;
748 644 71 33 and
839 644 71 32 Mr.
938 641 109 41 Batt)
1056 650 35 28 e,
1110 634 311 44 Chancery-lane.

281 693 113 35 Peter
415 694 169 41 Dobson,
599 692 227 41 Clatt7hton,
850 692 207 33 Lancaster,
1075 683 308 45 cotton-spinner,
1403 678 107 46 April
1531 677 37 40 6,

231 741 39 39 7,
289 742 70 33 and
377 742 116 44 April
507 742 61 40 22,
583 745 38 30 at
632 741 144 38 eleten,
788 745 39 26 at
846 739 61 32 the
930 736 78 34 Red
1032 733 89 34 Lion
1139 733 79 33 Inn.
1243 730 167 34 Preston.
1440 716 110 45 Attor-

231 791 92 38 nies,
347 790 72 37 Mr,
436 788 217 40 Dewhurst,
683 788 154 33 Preston
852 798 12 28 ;
896 784 70 35 and
994 783 149 33 Messrs.
1169 781 178 38 Barretts,
1380 775 194 35 Holborn-

278 846 25 26 u
309 843 46 35 -t,
378 836 138 44 Gray's
536 836 83 37 Inn.

287 885 126 34 Wolfe
433 886 118 40 Lyon,
576 883 150 34 Denzell-
726 883 19 34 -
745 883 132 34 -areet,
917 875 296 38 Clare-market,
1245 869 321 47 glass-merchant,

236 933 132 34 March
390 934 60 38 1.6,
472 932 111 45 April
606 933 32 37 1,
653 931 70 34 and
741 932 63 38 22,
829 935 38 27 at
881 928 143 40 eleven,
1050 931 39 27 at
1109 921 208 37 Guildhall.
1370 918 202 44 Attorney,

237 981 73 34 Mr.
337 981 165 40 Benson,
521 981 278 34 Dorset-street,
816 977 361 40 Salisbury-square.

288 1029 170 35 Richard
488 1029 163 39 Forster,
689 1025 33 37 1!
722 1025 17 37 4
738 1025 198 39 711-street,
978 1020 265 41 Bloomsbury;
1278 1017 296 38 cheesemon7er,

239 1076 133 35 March
389 1076 57 38 14,
469 1075 109 45 April
591 1076 39 39 8,
641 1075 71 33 and
726 1075 59 39 22,
802 1077 37 28 at
855 1081 81 26 one,
951 1075 41 28 at
1006 1068 210 35 Guildhall.
1269 1067 206 40 Attorney,
1501 1058 72 35 Mr.

240 1124 143 40 Wilde,
407 1123 361 46 Warwick-square,
790 1120 325 43 Nesvgate-street.

289 1173 102 33 John
436 1172 253 43 Breakspear,
730 1167 298 37 Oxford-street,
1061 1159 241 45 silversmith,
1345 1156 130 35 March
1520 1156 56 39 16,

242 1218 116 48 April
391 1220 35 40 1,
452 1219 70 34 and
548 1219 63 39 22,
635 1217 43 34 at
694 1218 144 39 eleven,
869 1218 39 31 at
927 1212 211 35 Guildhall.
1193 1208 204 39 Attornies,
1428 1205 148 39 Messrs.

242 1267 223 38 114.Kliellor
484 1266 71 35 and
576 1265 120 41 Potts,
715 1263 198 46 Seljeant's
930 1261 80 40 Inn,
1038 1260 250 33 Fleet-street.

292 1316 167 34 Edward
480 1313 177 44 Bradley,
690 1323 74 24 sen.
807 1309 190 45 Bromley,
1028 1309 135 38 baker,
1186 1303 129 37 March
1338 1303 54 39 18,
1420 1302 64 37 28,
1509 1299 70 33 and

239 1356 34 43 A
285 1364 72 44 pril
371 1364 63 37 22,
450 1368 45 27 at
508 1362 152 39 twelve,
677 1363 40 31 at
736 1359 213 34 Guildhall.
976 1355 208 43 Attornies,
1207 1354 144 34 Messrs.
1372 1349 122 34 Neeld
1511 1348 70 34 and

246 1411 201 45 Fladgate,
464 1408 313 40 Norfolk-street,
794 1407 145 34 Strand.

293 1459 102 34 John
413 1459 131 39 Jones,
565 1456 234 40 Gloucester,
817 1449 340 50 cyder-merchant,
1188 1446 128 37 March
1333 1447 63 40 9.3,
1420 1443 64 41 24,
1512 1442 69 35 and

248 1506 112 46 April
378 1506 63 41 2Q,
468 1513 41 26 at
527 1511 76 30 ten,
634 1509 39 28 at
700 1504 64 34 the
787 1500 133 46 King's
934 1499 109 35 Head
1067 1499 79 40 Inn,
1167 1499 231 32 Gloucester.
1452 1492 110 33 Attor-

244 1557 91 39 nies,
358 1554 145 34 Messrs.
526 1551 174 39 Jenkins,
725 1551 144 41 James,
889 1548 159 41 Abbott,
1075 1545 70 35 and
1170 1546 69 32 Co.
1259 1543 94 34 New
1371 1541 81 41 4n,
1491 1539 69 33 Lon-

241 1603 76 34 don
332 1616 11 27 ;
372 1602 69 34 and
463 1602 146 34 Messrs.
632 1598 162 41 Wilton,
815 1599 231 32 Gloucester.

294 1652 105 33 John
443 1650 159 33 Charles
646 1648 135 40 Finch,
828 1644 283 35 Russell-court.
1139 1638 272 43 .Drury-lane,•
1437 1641 123 27 tavern-

244 1690 159 54 !eeper,
425 1697 135 34 March
582 1695 57 43 14,
658 1696 63 37 21,
738 1694 69 34 and
830 1693 112 46 April
959 1694 64 38 22,
1048 1696 40 27 at
1106 1695 72 37 ten,
1195 1693 38 28 at
1253 1683 209 37 Guildhall.
1514 1682 46 34 At-

248 1748 149 43 tOrney,
417 1746 76 33 Mr.
517 1746 152 38 Bower,
693 1741 189 37 Clifford's
907 1740 80 33 Inn.

296 1794 103 33 John
438 1793 168 44 Gurney,
656 1791 216 40 Acre-lane,
922 1786 404 39 Brixton-Causeway,
1374 1779 209 43 carpenter,

250 1841 135 35 March
402 1841 61 40 21,
483 1843 64 39 25,
573 1838 70 35 and
669 1838 111 45 April
798 1838 64 39 22,
894 1841 38 28 at
957 1840 74 32 ten,
1065 1840 38 26 at
1124 1830 207 35 Guildhall.
1384 1827 198 43 Attorney,

252 1886 38 37 11
298 1900 27 24 r.
346 1890 214 34 Godmond,
587 1886 94 35 New
704 1886 285 43 Bridge-street,
1013 1879 247 35 Blackfriars.

305 1938 112 34 Peter
433 1938 159 37 Firinin,
619 1933 182 41 Dedham,
836 1933 125 39 Essex,
991 1928 354 44 money-scrivener,
1374 1918 133 38 March
1528 1919 58 40 18,

247 1985 66 40 23,
340 1987 70 33 and
448 1985 112 46 April
594 1984 63 37 22,
686 1988 40 26 at
750 1982 143 38 eleven,
925 1982 40 30 at
1000 1975 209 37 Guildhall.
1274 1974 202 40 Attorney,
1511 1968 73 34 Mr.

256 2026 226 51 \\oodgate,
502 2031 306 41 Golden-square.

304 2081 126 34 James
452 2082 135 39 Brace,
618 2078 210 38 Butt-lane,
859 2072 203 46 Deptford,
1091 2070 139 41 dealer,
1267 2066 136 35 March
1434 2063 60 41 14,
1526 2063 63 39 23,

252 2128 74 34 'and
359 2130 109 43 April
494 2131 63 39 22,
580 2132 39 28 at
652 2132 84 33 one,
761 2130 39 27 at
835 2121 207 35 Guildhall.
1095 2120 200 41 Attorney,
1333 2115 77 32 Mr.
1447 2112 142 39 Searle,

296 2177 107 32 hild's
428 2177 129 39 Place,
583 2173 157 43 Temple
764 2171 84 34 Bar.

311 2215 164 44 Rich=rll
500 2222 162 39 Samuel,
681 2219 250 45 High-street,
966 2217 51 33 St.
1033 2216 118 37 Giles,
1166 2213 96 33 linen
1283 2210 155 44 draper,
1460 2205 129 35 March

261 2268 59 40 IS,
338 2272 27 32 A
377 2274 70 41 pril
468 2272 32 34 1,
516 2271 67 32 and
604 2270 59 38 '22,
681 2275 39 26 at
739 2267 150 38 twelve,
908 2271 39 26 at
961 2262 209 37 Guildhall.
1222 2258 209 40 Attornies,
1448 2255 141 33 Messrs.

260 2320 109 33 Frost
381 2320 19 32 d
418 2321 69 32 and
511 2315 219 43 Blandford,
750 2314 171 44 Temple.

765 2373 324 37 DIVIDENDS.

311 2427 111 44 April
441 2428 37 32 3.
507 2427 162 35 Thomas
731 2434 110 32 oun;r,,
872 2425 142 40 Ripon,
1055 2418 126 40 York,
1212 2425 149 35 grocer,
1393 2418 41 30 at
1450 2412 139 39 eleven,

260 2477 41 32 M
321 2476 60 33 the
402 2473 168 35 Norfolk
591 2477 123 35 ArnlS,
732 2470 286 45 Ripon—April
1039 2469 35 33 S.
1107 2465 141 35 Samuel
1276 2464 190 35 Ihbetson,
1504 2457 69 35 Lud-

257 2523 197 44 gate-hill,
487 2523 252 38 oilks-mereer,
768 2526 40 32 at
826 2525 74 33 ten,
928 2522 40 30 at
994 2510 354 45 Guildhall—April
1372 2509 33 33 1.
1434 2507 163 46 Tllmmks

268 2570 117 34 Enort
400 2569 135 40 Smith,
555 2569 112 34 Smut
684 2568 268 43 Trinity-lane;
961 2561 294 38 leather-‘eller,
1273 2562 38 28 at
1325 2564 56 41 ten
1381 2564 19 41 ?
1417 2561 39 27 at
1468 2552 135 35 Guild-.

544 2617 59 34 25'.
650 2619 146 40 George
829 2613 138 33 Bailie
981 2609 70 33 and
1080 2607 104 34 John
1201 2606 164 41 Jaffray,
1396 2602 182 41 Finsbury-

268 2667 125 44 place,
412 2668 220 38 merchants,
650 2673 37 25 at
704 2661 150 37 twelve,
872 2666 37 28 at
928 2653 353 46 Guildhall—April
1297 2653 37 32 S.
1363 2650 102 34 John
1478 2647 99 45 Chey-

267 2724 89 34 ney,
391 2712 296 39 Oxford-street,
722 2709 269 41 linen-draper,
1020 2711 39 27 at
1090 2704 150 38 twelve,
1289 2707 39 26 at
1359 2695 193 37 Guildhall
1556 2713 47 6 —

270 2757 94 48 May
380 2763 35 33 9.
444 2764 20 32 3
476 2764 72 32 oho
563 2763 180 33 Tennant,
759 2757 294 34 Oxford-street,
1069 2747 314 37 wine-merchant,
1397 2751 34 26 at
1452 2744 150 39 twelve,

269 2816 41 27 at
330 2806 378 38 Guildhall—March
731 2805 54 33 15.
816 2803 100 33 John
934 2799 236 38 Somerville,
1202 2796 313 40 Chancer3-k.ne,
1543 2802 41 21 ca-

269 2858 275 35 binet-maker,
575 2862 34 27 at
628 2862 73 32 ten,
728 2861 38 26 at
784 2846 357 45 Guildhall—April
1162 2845 53 33 19.
1248 2842 168 33 William
1443 2839 142 44 l'opple-

270 2911 99 34 stOn,
394 2904 176 44 Borouo
589 2902 43 34 of
650 2901 220 44 Plymouth,
886 2907 143 33 grocer,
1046 2901 40 26 at
1103 2894 141 38 eleven,
1270 2895 43 28 at
1331 2888 61 33 the
1413 2888 165 33 Commer-

272 2954 74 35 cial
369 2953 83 43 Inn,
477 2947 365 45 Plymouth—April
860 2946 32 33 1.
921 2944 100 33 John
1037 2942 156 39 Turner,
1227 2935 202 44 Swelling,
1449 2933 158 41 Suffolk,

273 3004 154 44 draper,
457 3006 44 31 at
531 2999 144 39 eleven,
710 3005 37 26 at
769 2996 60 33 the
854 2993 80 34 Bell
966 2992 81 40 Inn,
1065 2985 308 45 ...Saxmundham,
1411 2980 155 37 Suffolk.

612 3052 394 43 CERTIFICATES
1012 3050 161 33 —Aran
1173 3050 33 33 ,
1230 3048 31 41 1,

325 3110 165 35 Thomas
504 3109 146 40 White,
667 3105 133 34 Strood
821 3103 219 37 Rochester,
1059 3098 117 38 Kent,
1194 3090 392 39 coal-merchant—JO-

278 3159 91 47 teph
559 3155 248 37 111anchester,
841 3146 311 47 grocer—llenry
1185 3142 144 34 Mercer
1362 3141 70 33 and
1465 3137 144 44 Joseph

280 3207 202 40 Forshaw,
504 3202 219 45 Liverpool,
742 3195 371 39 merchants—Peter
1137 3191 46 34 Le
1199 3188 189 37 Normand
1411 3187 71 33 and
1506 3185 104 41 Mary

280 3255 132 43 Henry
436 3254 187 38 Dornant,
644 3246 227 40 Kent-road,
892 3246 155 40 Surrey,
1075 3231 516 52 soap-manufacturers—Ed-

278 3301 110 37 ward
400 3302 132 38 Chew,
549 3298 347 38 Charlotte-street,
930 3292 43 32 W
981 3292 33 32 hi
1023 3296 53 26 ter
1083 3286 129 46 hapel,
1231 3282 337 44 money-Scrivener
1570 3298 45 6 —

278 3350 184 37 Nicholas
498 3346 170 44 Blaunin,
706 3337 464 47 Westbury-upon-Trim,
1201 3334 233 38 61oucester,
1465 3328 129 35 timber-

280 3399 202 34 merchant.

745 3503 112 37 THE
886 3495 281 44 11-IL:1'1'11E.

816 3615 296 27 lIAY-ALIRKET.

333 3678 113 38 After
468 3690 25 22 a
511 3678 83 40 long
618 3671 174 41 interval,
817 3670 132 44 during
971 3665 122 35 which
1111 3674 97 25 some
1234 3661 44 34 of
1303 3670 69 25 our
1406 3659 80 32 best
1515 3654 107 46 plays

283 3729 98 34 have
402 3729 90 33 been
511 3720 222 50 performed,
763 3719 63 32 the
844 3718 193 43 Managers
1054 3715 43 33 of
1111 3715 136 34 Covent
1266 3709 146 37 Garden
1431 3706 191 43 Company

287 3777 96 33 have
407 3781 39 28 at
465 3774 126 45 length
630 3768 104 35 made
758 3778 46 22 an
830 3768 157 40 attempt
1018 3767 40 28 at
1083 3762 146 40 novelty
1247 3759 34 32 in
1299 3769 24 21 a
1341 3764 80 26 new
1444 3750 178 44 Comedy,

286 3823 129 35 which
449 3833 77 32 was
570 3816 183 48 produced
793 3820 35 27 at
857 3814 72 33 this
959 3809 165 34 Theatre
1165 3817 45 24 on
1240 3802 193 44 Thursday
1470 3798 156 43 evening

286 3872 122 35 called
426 3873 8 15 '
454 3866 285 46 Independence.
767 3873 40 22 or
824 3862 59 33 the
904 3855 178 38 Trustee.'

339 3919 103 33 with
462 3920 149 41 respect
626 3921 35 26 to
684 3912 96 45 plot,
815 3908 63 34 the
895 3905 155 45 comedy
1068 3904 130 34 before
1207 3912 40 25 us
1261 3908 177 38 possesses
1456 3907 40 24 so
1513 3894 113 40 little,

286 3969 85 37 that
389 3977 71 34 any
480 3972 135 40 person
635 3971 83 33 may
744 3959 143 33 foresee
914 3961 38 28 at
972 3954 61 33 the
1059 3951 193 43 beginning
1276 3948 102 34 what
1398 3945 78 35 will
1504 3945 43 31 he
1569 3943 59 33 the

287 4016 214 35 conrlusio'i
517 4012 43 34 of
574 4012 61 32 the
654 4009 104 46 play.
811 4004 80 34 The
918 4003 177 43 dialogue
1123 3999 27 32 is
1170 3999 78 32 also
1267 4006 90 33 very
1376 3991 197 38 defective,
1603 3990 27 32 it

291 4067 65 33 has
371 4063 146 34 neither
539 4061 81 39 wit,
650 4058 170 35 humour,
844 4050 207 37 sentiment,
1072 4057 43 24 or
1131 4055 87 24 even
1239 4055 72 33 pun
1333 4050 35 26 to
1403 4036 227 39 recommend

289 4114 46 39 it,
363 4114 65 32 but
449 4113 28 32 is
495 4106 133 39 absurd
641 4104 70 34 and
732 4103 131 41 vid,:ar
883 4101 33 32 iu
930 4098 59 32 the
1005 4094 146 45 highest
1162 4094 131 41 degree
1417 4098 74 24 was
1518 4080 112 39 heaial

292 4161 97 32 with
409 4160 171 44 patience
599 4153 57 35 till
677 4153 60 33 the
755 4150 115 38 close,
896 4146 107 33 when
1023 4143 61 33 tic
1103 4140 309 46 disapprobation
1433 4135 43 32 of
1491 4134 59 32 the
1567 4142 45 24 au-

288 4208 132 35 dience
450 4207 151 33 became
622 4200 87 34 loud
739 4198 72 33 and
839 4193 163 45 general,
1028 4192 71 32 and
1131 4189 28 33 it
1193 4198 76 25 was
1285 4186 107 45 given
1423 4187 61 30 out
1505 4182 57 33 for
1581 4189 38 24 re-

281 4257 165 46 petition
467 4252 136 37 amidst
630 4260 46 22 an
694 4243 183 38 universal
898 4239 135 37 tumult
1051 4238 44 32 of
1110 4238 106 32 hisses
1234 4234 70 34 and
1324 4239 194 26 murtnur4.

2610 69 250 52 MARCH
2893 71 78 50 12.

2119 229 350 40 ELOPEMENT.

1680 339 103 46 Lady
1799 338 194 38 Charlotte
2011 327 235 45 Wellesley's
2256 328 209 43 elopement
2484 322 92 35 with
2598 320 94 35 Lord
2715 319 118 45 Paget
2851 318 31 34 is
2898 317 66 34 the

1630 390 122 34 theme
1766 386 40 35 of
1821 384 145 46 general
1985 377 255 39 conversation
2259 377 35 32 in
2313 376 63 32 the
2400 371 185 35 West-end
2601 369 44 34 of
2654 367 61 35 the
2730 372 116 30 town.
2881 365 84 34 Her

1633 435 189 47 Ladyship
1840 443 105 25 arose
1963 435 38 31 at
2021 429 61 33 the
2107 424 106 37 usual
2233 424 92 32 hour
2343 431 45 24 on
2407 419 181 43 Monday,
2611 416 71 35 and
2700 413 99 35 after
2818 412 146 47 passing

1631 495 99 25 some
1743 484 104 37 time,
1871 477 197 38 according
2087 480 38 28 to
2146 474 65 33 her
2241 475 155 32 custom,
2422 468 91 33 with
2536 467 64 33 her
2615 461 119 38 infant
2752 462 148 44 family,
2928 462 38 32 iu

1633 536 63 31 the
1710 540 167 34 nursery,
1902 528 65 34 she
1982 523 65 35 left
2062 523 28 33 it
2104 521 58 34 for
2177 520 64 35 the
2251 515 334 38 breakfast-room,
2609 522 34 24 iv
2654 511 86 33 here
2748 509 65 34 she
2828 508 115 34 break-

1633 580 117 35 fasted
1766 579 133 39 alone;
1929 575 73 34 Mr.
2023 572 46 33 U.
2083 567 228 44 *Wellesley,
2339 565 65 34 her
2422 560 176 39 husband,
2626 559 110 44 being
2750 556 163 35 confined
2927 561 39 27 to

1635 631 54 33 his
1723 637 103 25 room
1854 622 48 46 by
1935 618 270 46 indisposition.
2258 613 152 43 Shortly
2438 609 99 34 after
2558 607 63 34 she
2648 605 154 35 ordered
2819 615 24 22 a
2868 604 79 33 foot-

1636 686 80 24 man
1747 683 39 26 to
1819 670 125 37 attend
1976 670 64 33 her
2073 672 37 27 to
2145 664 63 33 the
2244 663 119 33 Green
2400 658 116 40 Park,
2564 653 138 45 having
2727 664 24 22 a
2784 651 110 39 wish,
2926 659 43 24 as

1633 724 65 34 she
1721 723 97 40 said,
1843 726 39 28 to
1911 718 91 34 take
2026 726 22 22 a
2078 711 117 37 walk.
2248 709 72 34 She
2339 707 67 34 left
2432 705 74 34 him
2525 709 39 28 at
2589 703 63 33 the
2668 705 100 40 gate,
2799 698 93 34 with
2911 697 39 33 di-

1637 772 159 34 rections
1831 774 38 28 to
1903 772 124 27 return
2055 762 58 33 for
2147 758 67 34 her
2233 757 35 34 in
2296 768 46 24 an
2361 755 107 33 hour.
2522 750 146 43 During
2699 748 73 34 this
2791 744 177 41 interval,

1641 820 73 33 Mr.
1736 820 54 33 11.
1809 814 206 41 Wellesley
2050 808 71 35 had
2154 806 69 34 left
2252 806 54 33 his
2342 813 118 27 room,
2500 798 70 34 and
2598 794 170 48 inquired
2797 794 59 33 for
2885 793 80 34 her.

1644 869 30 32 A
1693 870 144 30 servant
1856 873 73 25 was
1946 862 77 32 sent
2041 863 37 28 to
2096 856 61 33 the
2187 854 118 33 Green
2328 852 102 34 Park
2456 854 38 27 to
2520 846 91 35 look
2631 844 57 34 for
2708 843 80 40 her,
2819 839 64 35 Wit
2911 840 53 33 all

1637 913 128 37 search
1785 913 104 32 there
1913 908 69 35 and
2013 915 113 32 every
2148 902 125 33 where
2307 900 74 32 else
2409 895 138 47 proved
2577 891 219 37 ineffectual.
2851 887 119 35 When

1645 963 98 44 Lady
1767 959 196 35 Charlotte
1980 954 67 35 left
2066 953 61 33 the
2147 951 130 38 house,
2295 947 64 33 her
2382 943 183 46 agitation
2593 951 76 24 Wf.S
2689 951 39 21 so
2746 940 107 43 great
2872 945 39 25 as
2931 938 39 31 to

1641 1012 45 32 be
1701 1007 187 47 apparent
1913 1010 38 30 to
1970 1003 52 34 all
2052 1002 59 33 the
2130 996 195 35 domestics
2339 1007 11 27 ;
2378 993 61 34 the
2467 990 122 34 butler
2619 984 248 48 particularly
2897 983 47 33 ob-

1641 1057 143 40 served,
1811 1055 78 33 that
1912 1054 45 32 •in
1976 1051 63 33 the
2065 1045 148 35 hurried
2241 1051 145 25 manner
2417 1042 35 32 in
2478 1036 124 37 which
2637 1036 63 33 she
2726 1030 184 50 prepared
2930 1036 40 27 to

1633 1108 112 34 lease
1766 1104 60 33 the
1857 1102 126 38 house,
2013 1098 63 32 she
2093 1094 72 34 had
2184 1098 65 39 put
2267 1101 46 24 on
2333 1090 65 33 her
2413 1087 112 34 cloak
2545 1082 92 37 with
2669 1082 59 34 the
2750 1089 125 35 wrong
2897 1077 79 34 side

1643 1159 79 31 out,
1774 1152 79 34 The
1873 1148 164 34 footman
2057 1143 84 33 who
2160 1135 171 39 attended
2352 1137 64 32 her
2431 1135 80 33 also
2528 1130 176 35 observed
2722 1127 106 35 much
2849 1126 122 46 agitas

1644 1202 76 33 tion
1740 1200 35 32 in
1793 1199 63 32 her
1883 1205 162 28 manner,
2070 1189 131 38 while,
2229 1186 90 34 with
2346 1195 24 22 a
2396 1181 149 35 hurried
2574 1186 97 38 step,
2702 1178 64 33 she
2794 1185 73 24 was
2888 1183 70 34 pro

1643 1248 152 43 ceeding
1815 1251 34 27 to
1871 1244 64 33 the
1955 1244 118 32 Green
2102 1237 118 35 Park.
2277 1233 34 33 It
2342 1231 71 34 had
2433 1231 90 33 been
2551 1228 80 33 also
2652 1228 210 38 customary
2882 1220 92 34 with

1646 1297 65 32 her
1739 1303 38 26 to
1809 1293 86 37 take
1917 1292 65 33 her
1997 1290 115 32 eldest
2137 1283 104 34 child
2259 1280 58 34 for
2335 1280 66 33 her
2418 1276 237 46 companion,
2674 1272 34 34 in
2728 1270 66 33 her
2811 1269 165 43 morning

1649 1343 117 35 walk.
1841 1339 80 34 The
1949 1336 97 35 little
2081 1329 126 39 fellow
2239 1326 182 43 earnestly
2456 1323 143 35 desired
2633 1320 63 34 the
2726 1317 102 35 usual
2858 1316 100 33 indul-

1644 1401 128 35 gence,
1791 1389 61 33 but
1880 1388 63 32 she
1962 1381 157 41 refused,
2138 1378 70 35 and
2239 1377 44 33 he
2300 1385 72 22 was
2391 1372 65 34 left
2476 1369 150 37 behind:
2676 1368 73 33 Mr.
2776 1363 202 44 Wellesley

1645 1444 78 28 sent
1742 1439 54 32 his
1819 1434 167 37 children
2006 1437 38 28 to
2060 1428 63 37 the
2141 1428 112 44 house
2275 1422 44 34 of
2346 1422 56 33 his
2419 1420 165 39 brother,
2620 1421 44 30 at
2689 1414 172 33 Chelsea.
2916 1410 61 35 On

1645 1487 64 33 the
1735 1494 97 25 same
1845 1481 175 43 evening,
2052 1476 98 43 Lady
2177 1473 125 41 Emily
2331 1468 220 43 Wellesley,
2581 1465 65 34 her
2669 1462 119 39 sister,
2816 1468 103 26 came
2937 1463 40 28 to

1648 1534 56 33 his
1723 1533 111 33 house
1853 1531 35 33 in
1909 1528 278 35 Curzon-street
2203 1534 11 26 ;
2241 1518 72 35 and
2346 1517 133 44 having
2507 1512 169 37 received
2704 1507 97 35 from
2820 1507 65 33 her
2902 1515 53 24 mo-

1646 1581 83 34 ther
1743 1581 61 33 the
1827 1579 89 44 keys
1946 1576 45 33 of
2016 1576 61 32 her
2094 1569 136 35 sister's
2263 1567 180 35 drawers,
2469 1560 145 37 carried
2634 1558 53 34 off
2709 1561 84 40 part
2812 1553 43 34 of
2881 1553 100 33 their

1649 1633 162 31 contents
1831 1628 34 32 in
1894 1624 104 33 three
2017 1619 165 39 bundles,
2209 1615 162 35 without
2391 1610 133 44 having
2550 1618 81 24 seen
2652 1606 70 34 Mr.
2746 1603 51 34 H.
2816 1602 162 34 Welles.;

1649 1677 74 44 ley.
1778 1675 51 33 As
1863 1682 87 25 soon
1969 1681 37 22 as
2028 1669 44 32 he
2092 1677 74 24 was
2186 1661 176 38 informed
2387 1659 43 34 of
2461 1657 71 34 this
2549 1656 280 35 circumstance,
2857 1650 43 33 he
2927 1659 38 21 se-

1646 1723 110 35 cured
1774 1722 61 33 the
1865 1717 206 41 remaining
2101 1714 164 39 articles;
2295 1708 71 35 and
2393 1704 194 38 observed,
2615 1703 80 32 that
2725 1700 103 43 Lady
2856 1696 126 44 Emily

1649 1776 93 30 must
1754 1767 156 46 explain
1925 1766 73 34 this
2015 1765 260 32 circumstance
2295 1753 200 38 hereafter.
2549 1752 37 33 It
2611 1750 79 33 also
2706 1753 162 39 appears
2885 1743 97 34 from

1650 1820 60 33 the
1727 1819 191 33 statement
1936 1813 45 34 of
2004 1812 60 32 the
2094 1805 193 38 domestics
2315 1802 87 35 who
2434 1798 171 38 attended
2628 1807 97 34 upon
2756 1795 65 32 her
2849 1796 63 28 out
2942 1787 46 38 of

1650 1869 125 38 doors,
1804 1864 80 34 that
1911 1861 64 34 she
2006 1858 67 34 had
2106 1852 172 39 ordered,
2307 1850 130 34 within
2456 1847 65 34 the
2546 1847 72 32 last
2643 1850 59 28 ten
2727 1843 106 44 days,
2861 1838 102 35 consi-

1650 1915 150 34 derable
1818 1909 200 47 quantities
2039 1904 43 35 of
2101 1903 136 34 dresses
2265 1898 45 34 of
2326 1898 145 34 various
2491 1894 125 40 kinds,
2640 1896 38 30 at
2704 1890 61 34 the
2781 1897 98 26 same
2898 1885 90 34 time

1651 1962 159 41 desiring
1830 1959 63 33 the
1902 1951 279 47 trades-people
2197 1954 63 30 not
2276 1955 35 26 to
2330 1944 81 37 send
2430 1943 97 34 them
2546 1949 39 26 to
2601 1941 66 34 her
2695 1938 126 41 house,
2849 1936 67 33 but
2943 1937 40 31 to

1654 2011 98 41 keep
1772 2008 98 33 them
1885 2004 91 34 until
1988 2002 64 34 she
2069 1998 129 35 should
2216 1995 83 35 send
2319 1994 58 34 for
2394 1991 111 34 them.

1706 2055 98 37 Lord
1835 2053 133 43 Paget,
1995 2047 195 44 according
2225 2050 38 27 to
2295 2040 149 35 various
2476 2039 224 34 statements,
2724 2027 270 48 accompanied

1655 2105 64 33 the
1736 2101 230 45 Expedition
1981 2104 38 27 to
2040 2095 113 44 Spain
2170 2091 136 44 chiefly
2327 2091 38 32 in
2381 2086 107 35 order
2507 2092 38 26 to
2565 2082 257 35 disembarrass
2844 2074 151 38 himself

1654 2153 92 34 from
1761 2151 61 33 the
1839 2147 174 35 affection
2028 2144 120 33 which
2170 2141 45 33 he
2233 2138 157 43 secretly
2409 2132 194 37 cheribhed
2619 2131 58 33 for
2696 2128 99 43 Lady
2819 2126 47 34 C.
2884 2124 80 33 Wel-

1654 2200 130 41 lesley.
1837 2196 167 34 Absence
2023 2193 28 32 is
2066 2190 162 46 perhaps
2241 2186 59 34 the
2319 2185 115 32 worst
2448 2180 203 45 expedient
2670 2184 35 27 to
2727 2174 123 34 which
2869 2173 124 33 lovers

1655 2258 66 22 can
1741 2249 131 32 resort.
1925 2242 80 33 The
2024 2242 157 31 moment
2213 2233 93 34 Lord
2331 2232 46 33 P.
2400 2229 185 39 returned,
2611 2226 63 34 the
2696 2223 106 35 flame
2818 2222 60 33 for
2895 2229 97 25 some

1657 2297 89 33 time
1765 2289 201 48 repressed,
1993 2288 119 33 broke
2132 2288 71 31 out
2222 2283 38 32 in
2278 2281 74 33 him
2374 2277 89 35 with
2492 2274 198 35 redoubled
2712 2270 183 38 violence,
2920 2265 74 35 and

1658 2340 184 48 produced
1858 2340 63 33 the
1937 2333 241 45 catastrophe
2203 2340 84 24 now
2302 2324 180 48 deplored
2500 2324 47 43 by
2567 2322 65 34 the
2644 2320 178 34 relations
2841 2327 44 24 on
2902 2314 92 34 both

1655 2392 109 34 sides.
1821 2388 35 34 It
1885 2380 72 46 was
1957 2380 24 46 .
1981 2380 217 46 rumoured,
2228 2386 56 26 we
2308 2374 132 35 should
2476 2373 169 37 observe,
2673 2368 81 33 that
2771 2376 24 22 a
2807 2362 100 40 duel,
2933 2367 40 28 at-

1659 2437 128 35 tended
1809 2434 93 37 with
1920 2426 224 40 lamentable
2176 2431 280 37 consequences,
2476 2418 69 34 had
2574 2418 111 33 taken
2699 2414 109 35 effect
2828 2413 169 32 between

1664 2486 93 34 Lord
1788 2484 43 34 P.
1850 2483 71 34 and
1948 2480 61 34 Sir
2022 2479 47 32 A.
2088 2477 61 33 W.
2169 2487 12 28 ;
2207 2476 78 38 but,
2311 2471 35 33 in
2366 2469 63 34 the
2441 2467 156 34 absence
2615 2464 44 33 of
2673 2464 120 32 better
2806 2463 191 34 accounts,

1663 2543 56 25 we
1739 2533 46 33 do
1802 2536 63 30 not
1879 2529 126 39 think,
2029 2524 93 35 from
2143 2523 65 33 the
2222 2518 217 37 attendance
2456 2513 45 35 of
2517 2515 64 34 the
2602 2512 112 33 latter
2728 2510 33 33 in
2780 2507 56 34 his
2854 2510 126 31 senato-

1628 2581 106 34 4'riai
1752 2577 193 46 capacity;
1971 2575 80 33 that
2076 2581 72 32 any
2163 2568 117 38 credit
2300 2567 30 39 is
2352 2561 175 46 attached
2545 2567 38 28 to
2606 2558 85 35 such
2706 2561 148 46 report•

2627 2614 5 9 .
2868 2616 6 7 ,

1713 2673 298 39 M/IRDER.—A
2024 2672 207 40 barbarous
2251 2665 143 34 murder
2409 2672 72 24 was
2493 2653 213 40 committed
2735 2663 46 24 ou
2800 2648 197 45 Thursday

1665 2726 167 43 evening,
1851 2734 44 22 on
1915 2721 61 34 the
1995 2719 99 38 body
2120 2715 44 35 of
2190 2714 90 34 Miss
2296 2712 157 37 Fourner
2453 2712 24 37 ,
2502 2718 45 22 an
2565 2704 46 34 am
2611 2704 47 34 ia
2659 2704 24 34 b
2682 2704 47 34 le
2759 2711 24 33 y
2783 2711 74 33 oun
2857 2711 25 33 g
2908 2698 70 43 lad
2978 2698 24 43 y

1667 2770 248 46 twenty:four
1930 2776 107 38 years
2053 2764 43 35 of
2109 2770 85 39 ago,
2217 2761 63 34 the
2308 2757 181 45 daughter
2507 2753 43 33 of
2569 2764 46 22 an
2636 2751 152 44 opulent
2807 2747 137 33 farmer
2963 2747 43 30 at

1669 2823 242 41 Chepstowe,
1930 2816 125 33 Wilts.
2108 2812 92 33 Miss
2220 2809 165 33 Fourner
2401 2803 70 34 had
2490 2797 170 39 received
2680 2796 63 34 the
2757 2794 187 34 addresses
2965 2787 47 37 of

1667 2881 25 22 a
1710 2877 119 37 young
1841 2875 80 25 man
1941 2862 44 35 of
2010 2863 59 33 the
2088 2868 106 26 name
2212 2856 43 33 of
2271 2854 159 38 Fawke,
2448 2851 59 32 for
2528 2849 63 33 the
2609 2848 70 33 last
2699 2851 77 26 two
2792 2850 124 37 years,
2937 2839 67 41 but

1670 2917 35 34 in
1724 2921 244 38 consequence
1996 2908 44 35 of
2061 2916 96 26 some
2183 2904 263 41 disagreement
2465 2898 63 32 the
2546 2893 122 35 inatth
2691 2901 77 24 was
2798 2889 120 33 broke
2937 2888 66 39 off,

1670 2965 70 34 and
1759 2965 61 32 the
1846 2963 120 41 young
1982 2957 89 41 lady
2088 2952 132 47 gained
2238 2949 157 35 another
2417 2946 129 33 suitor.
2604 2942 71 31 She
2705 2939 71 34 had
2804 2939 90 31 been
2922 2946 45 22 on
2982 2944 25 22 a

1675 3012 86 34 visit
1788 3014 41 30 at
1854 3018 24 25 a
1907 3007 112 33 hisuse
2047 3001 83 37 half
2159 3012 24 22 a
2209 2999 86 34 mile
2319 2995 98 34 from
2435 2993 65 33 her
2528 2989 200 40 residence,
2746 2996 45 21 on
2807 2983 200 43 Thursday

1672 3058 170 43 evening,
1870 3053 71 35 and
1972 3064 44 22 on
2050 3048 185 43 returning
2256 3045 106 33 home
2383 3041 90 34 with
2510 3038 65 33 her
2611 3035 92 34 male
2734 3031 137 40 friend,
2889 3038 38 26 at
2944 3038 63 25 tea

1676 3106 145 35 o'clock
1847 3115 45 21 on
1911 3103 61 33 the
1995 3098 102 44 night
2113 3096 135 40 stated,
2267 3093 89 43 they
2374 3099 97 25 were
2485 3084 177 37 attacked
2682 3083 47 44 by
2746 3087 78 26 two
2844 3087 164 37 persons,

1677 3167 67 21 one
1757 3154 44 33 of
1814 3150 120 44 whoisi
1962 3144 170 37 knocked
2161 3142 63 35 the
2244 3150 80 25 man
2349 3139 107 32 down
2476 3133 91 35 with
2587 3143 24 22 a
2640 3129 196 45 bludgeon,
2855 3126 67 35 and
2944 3124 65 34 the

1677 3202 106 33 other
1802 3196 145 37 hurried
1967 3195 56 34 off
2035 3194 89 34 Miss
2156 3190 44 35 F.
2224 3188 94 34 from
2347 3187 61 33 the
2424 3188 100 40 spot.
2580 3180 72 34 She
2672 3188 78 25 was
2778 3174 111 35 found
2915 3172 97 34 dead

1680 3252 34 32 in
1728 3249 63 33 the
1808 3255 97 25 same
1924 3242 85 35 field
2027 3242 34 34 in
2080 3252 44 22 an
2145 3240 94 33 hour
2256 3235 97 35 after
2370 3233 72 34 this
2458 3228 236 39 transaction,
2709 3227 61 32 cut
2790 3223 34 34 in
2846 3221 167 34 different

1683 3302 100 39 harts
1804 3295 41 33 of
1859 3293 60 34 the
1938 3291 92 34 head
2048 3288 71 34 and
2144 3286 116 44 body.
2315 3280 146 37 Fawke
2487 3279 60 33 has
2564 3280 61 30 not
2654 3274 89 33 been
2757 3272 99 33 since
2872 3279 81 25 seen
2974 3273 41 28 at

1682 3345 61 33 the
1757 3332 137 53 village
1909 3339 44 34 of
1962 3333 67 40 Chi
2039 3343 156 39 pstowe,
2211 3332 120 33 where
2363 3330 44 32 he
2424 3328 79 32 also
2520 3321 165 41 resided;
2715 3319 73 34 and
2816 3318 105 33 there
2949 3325 66 25 are

1682 3399 122 35 strong
1822 3387 126 48 proofs
1975 3385 44 35 of
2042 3385 53 32 his
2122 3383 137 40 having
2285 3380 89 32 been
2393 3376 63 33 the
2476 3372 237 45 pe...etrator
2733 3366 44 34 of
2805 3365 64 35 the
2888 3361 128 35 horrid

1685 3439 157 34 murder.
1894 3435 81 34 The
1995 3442 118 37 young
2130 3439 83 25 man
2233 3428 84 34 who
2339 3435 76 25 was
2430 3433 26 22 vi
2467 3422 53 33 ith
2554 3419 91 34 Miss
2672 3416 45 37 F.
2737 3416 67 33 lies
2833 3413 34 34 in
2885 3423 24 24 a
2926 3409 67 37 dan-

1685 3496 131 35 gerous
1843 3490 111 30 state.

2269 3568 154 37 DIED.

1920 3609 6 6 •

1737 3628 181 43 Saturday
1933 3622 191 45 sennight,
2139 3620 44 35 of
2194 3631 25 24 a
2237 3613 266 40 mortification
2520 3612 44 34 in.
2574 3609 58 33 his
2648 3607 76 44 leg,
2735 3600 216 39 occasioned
2970 3599 52 45 by

1687 3680 65 35 the
1776 3681 76 30 bite
1870 3676 43 33 of
1923 3681 24 28 a
1964 3674 87 43 dog,
2073 3671 72 34 Mr.
2166 3667 105 35 John
2293 3665 133 39 Knott,
2444 3659 45 37 of
2502 3657 158 38 Turvin,
2687 3660 38 27 at
2748 3652 63 34 the
2829 3648 190 35 advanced

1688 3738 70 34 age
1775 3726 41 33 of
1835 3725 79 37 iO2,
1929 3719 180 44 sincerely
2140 3713 185 48 regretted
2344 3712 51 43 by
2422 3709 52 33 all
2494 3707 85 34 who
2601 3703 70 34 had
2691 3702 61 34 the
2780 3699 168 45 pleasure
2983 3692 46 37 of

1693 3776 54 33 his
1765 3774 279 44 acquaintance.

1741 3822 145 43 Sunday
1910 3814 196 45 se'nnight,
2143 3813 90 39 Mr..
2252 3804 165 39 Richard
2448 3801 201 43 Strecting,
2680 3801 272 38 nursery-man,
2983 3788 46 35 of

1695 3869 187 38 Windsor,
1898 3866 97 34 after
2006 3875 25 22 a,
2047 3863 85 41 long
2144 3859 72 35 and
2237 3855 144 47 painful
2398 3853 136 38 illness,
2550 3843 211 41 occasioned
2780 3844 47 41 by
2844 3852 22 22 a
2877 3837 125 35 smoak-

1695 3920 58 32 in..
1766 3930 24 21 a
1808 3918 90 44 pipe
1933 3911 124 35 which
2075 3906 132 38 caused
2226 3917 24 21 a
2263 3912 132 27 cancer
2409 3901 34 33 in
2466 3899 57 33 his
2542 3896 73 44 lip,
2633 3895 48 43 by
2708 3899 61 27 nut
2790 3887 155 45 waxing
2967 3886 64 33 the

1694 3945 71 56 end
1778 3964 45 35 of
1837 3964 58 33 his
1910 3963 93 44 pipe
2026 3957 125 35 before
2170 3956 46 37 he
2236 3957 67 39 put
2323 3952 30 31 it
2367 3954 38 28 to
2422 3947 57 33 his
2493 3943 144 35 mouth.

2720 4036 64 33 Ck
2791 4036 22 33 S

343 4076 13 22 .s
371 4063 146 34 neither
539 4061 81 39 wit,
650 4058 170 35 humour,
844 4050 207 37 sentiment,
1072 4057 43 24 or
1131 4055 87 24 even
1239 4055 72 33 pun
1333 4050 35 26 to
1403 4036 227 39 recommend

363 4114 65 32 but
449 4113 28 32 is
495 4106 133 39 absurd
641 4104 70 34 and
883 4101 33 32 in
930 4098 59 32 the
1005 4094 146 45 highest
1162 4094 185 41 degree—
1417 4098 74 24 was
1518 4080 112 39 heaid
1899 4044 386 52 YESTERDAY'S
2316 4046 169 39 PRICE
2513 4043 73 37 OF
2616 4036 214 38 STOCKS.

343 4161 46 32 ith
409 4160 171 44 patience
599 4153 57 35 till
677 4153 60 33 the
755 4150 115 38 close,
896 4146 107 33 when
1023 4143 61 33 thc
1103 4140 309 46 disapprobation
1433 4135 43 32 of
1491 4134 59 32 Ow
1567 4142 66 24 an-
1697 4130 21 33 3
1737 4137 66 35 per
1821 4127 103 33 Cent.
1945 4120 151 37 Consols
2109 4116 70 46 G7l
2199 4114 92 47 1-5
2313 4121 67 37 per
2394 4110 105 33 Cent.
2519 4106 110 40 Navy
2648 4100 69 47 97i
2735 4094 305 52 i—Exclicquer

343 4218 78 25 once
450 4207 151 33 became
622 4200 87 34 loud
739 4198 72 33 and
839 4193 163 45 general,
1028 4192 71 32 and
1131 4189 28 33 it
1193 4198 76 25 was
1285 4186 107 45 given
1423 4187 61 30 out
1505 4182 57 33 for
1581 4189 56 24 re-
1752 4174 91 34 Bills
1869 4173 57 39 10,
1945 4172 39 32 11
2008 4166 242 47 pm.—Ditto
2282 4157 189 38 Fundable
2492 4153 60 40 14,
2572 4152 40 34 11
2643 4144 241 51 pm.—lndia
2915 4140 122 41 Bond,
3272 4159 18 20 4.

343 4257 104 33 tition
467 4252 136 37 amidst
630 4260 46 22 an
694 4243 183 38 universal
898 4239 135 37 tumult
1051 4238 44 32 of
1110 4238 106 32 hisses
1234 4234 70 34 and
1324 4225 425 40 murmur
1749 4224 60 38 11,
1825 4221 44 33 le
1884 4217 283 47 pah—Lottery
2181 4212 154 32 Tickets
2356 4205 79 37 ,e2l
2461 4200 198 38 19—Cons.
2676 4196 58 32 for
2750 4194 165 44 Account
2933 4180 106 53 61:

343 4356 103 38 lilted
461 4355 72 35 and
559 4348 203 37 Published
785 4346 48 34 by
854 4342 71 34 and
945 4341 60 33 for
1020 4337 41 34 .T,
1091 4336 43 33 B.
1159 4331 135 35 BELL
1309 4330 73 34 and
1400 4329 46 34 J.
1470 4329 72 33 DE
1564 4323 171 41 CAMP,
1762 4328 41 27 at
1818 4320 64 33 the
1899 4317 119 34 Office
2034 4313 44 34 of
2100 4315 52 32 Le
2176 4311 99 34 Beau
2294 4303 133 38 Mande
2445 4315 12 28 ;
2485 4311 57 28 or,
2574 4298 170 38 Literary
2761 4290 73 35 and
2863 4289 183 38 FasAiun.

836 4394 53 19 -.,.,

217 116 93 50 17G

0 1955 103 847 I
