3413 4441
454 48 352 115 yjuinE

1893 54 228 103 RE
2134 48 175 104 GI
2326 48 77 102 S
2417 48 104 102 T
2537 30 224 122 Eil,
2778 115 30 31 •
3314 30 2 128 .

123 239 260 53 i
383 239 2087 53 _____,..

1185 291 110 51 Our
1316 291 132 57 Bing,
1470 293 326 47 Conaitution,
1819 294 86 41 anb
1928 288 171 51 ILan4.

522 495 9 13 .
1129 452 56 52 U
1208 452 50 52 N
1276 451 176 54 DAY

738 632 64 37 TO
837 631 107 37 THE
978 633 65 33 PL

887 710 170 27 —..........
1969 367 20 6 -

1041 454 51 213 ,B
1091 454 26 213 S

1093 472 61 194 LI
1154 630 39 37 C.

1460 494 18 20 1
1538 448 331 58 MARCH

2433 356 25 20 4

306 452 109 58 No.
441 452 76 54 63

2535 376 12 6 .

1915 598 348 48 POLITICAL
2291 428 449 217 DISQUISITIO:
2752 417 19 229 R
2790 417 19 229 1
2828 417 19 229 C
2750 617 14 15 .
2858 443 30 37 E
2913 417 91 60 Bd.

2874 533 104 9 —.-

3196 581 9 2 _
3315 419 2 164 .

3317 454 6 21 )

2118 733 181 31 NUMBER
2329 728 263 28 SIXTY-ONE.

356 797 40 34 It
412 798 31 32 is
472 796 61 34 the
552 795 123 45 praise
693 793 45 46 pf
758 804 85 32 very
854 791 74 46 few
941 793 197 43 periodical
1167 791 253 45 publications,
1446 789 71 34 and
1540 789 84 32 least
2267 793 188 19 __.........

3344 802 37 30 4:

305 863 51 46 of
361 865 53 33 all
426 862 45 41 of
480 862 250 41 Newspapers,
744 861 78 31 that
839 859 79 43 they
930 857 214 43 accomplish
1157 857 59 33 the
1224 857 172 43 promises
1408 854 98 34 made
1520 855 34 32 to
1570 853 420 32 th
1990 854 110 43 OUR
2130 850 237 45 FOREIGN
2396 844 296 43 CONCERNS.

1610 865 17 20 r
3325 789 8 73 I
3333 789 9 73 t

305 930 115 34 world
433 930 35 32 in
487 928 96 33 their
604 926 282 43 Prospeatusses.
940 922 66 33 We
1024 933 60 22 are
1102 922 177 44 therefore
1294 921 117 41 proud
1429 924 35 32 to
1480 917 149 40 decldre,
2405 920 27 18 —

306 996 83 32 that
406 1005 46 22 we
469 993 165 33 conceive
656 984 106 40 THE
790 987 287 34 NATIONAL
1107 986 269 34 REGISTER
1394 990 37 28 to
1448 986 87 32 have
1570 993 61 22 ex-
1744 974 94 39 This
1869 976 28 38 is
1928 986 25 26 a
1981 974 154 48 subject
2163 964 286 53 uncommonly
2478 961 149 45 sterile,
2650 958 111 39 when
2780 954 231 41 considered

307 1058 138 40 deeded,
471 1059 37 32 in
523 1059 46 32 its
580 1056 228 43 progressive
833 1054 203 40 execution,
1062 1054 59 32 the
1131 1052 250 45 performance
1409 1049 47 45 of
1467 1050 94 32 those
1576 1058 58 21 en-
1694 1046 41 27 as
1747 1048 24 26 a
1779 1048 141 27 source
1931 1033 50 39 of
1990 1032 175 40 national
2184 1029 239 44 exultation;
2440 1024 76 40 and
2531 1020 137 54 highly
2681 1017 334 56 repulsive,when

73 754 2 417 ,
123 754 33 411 I
304 1126 216 45 gagenzents
546 1123 113 33 which
677 1131 47 24 we
754 1120 200 44 originally
984 1119 203 33 contracted
1204 1119 80 33 with
1302 1127 65 22 our
1397 1114 234 40 Subscribers,
1694 1095 123 40 taken
1837 1109 41 26 as
1896 1108 48 26 an
1967 1095 136 50 object
2120 1093 47 39 of
2183 1088 220 41 individual
2433 1084 198 41 research.
2688 1081 87 38 The
2794 1078 133 39 writer
2944 1075 71 39 has

307 1191 76 35 and
399 1191 60 33 the
485 1189 154 37 Public;
671 1186 72 34 and
756 1196 48 22 we
822 1196 74 21 now
925 1183 211 45 confidently
1160 1182 144 44 appeal,
1330 1182 37 32 in
1384 1179 247 46 confirmation
1695 1160 70 37 too
1787 1170 118 38 many
1928 1155 222 54 prejudices
2180 1152 74 39 and
2285 1149 98 40 false
2413 1147 254 52 impressions
2691 1148 45 33 to
2763 1142 222 38 encounter
3002 1152 14 30 ;

1696 1217 69 39 the
1783 1217 188 39 citizen
1971 1222 72 33 too
2074 1214 116 39 much
2220 1209 289 40 mortification
2530 1205 77 40 and
2627 1202 126 40 alarm
2786 1205 43 35 to
2849 1198 165 40 sustain.

309 1258 50 47 of
367 1259 72 33 this
454 1267 66 24 our
537 1256 164 44 opinion,
729 1256 34 31 to
780 1253 60 32 the
857 1251 207 44 experience
1095 1247 48 44 of
1150 1248 97 33 those
1263 1247 74 32 who
1355 1246 90 32 have
1463 1246 83 41 long
1565 1243 70 33 and
1929 1245 12 19 ,

65 1305 59 110 f

309 1323 203 45 tzniformly
530 1319 184 37 honoured
728 1329 38 24 us
780 1319 46 43 by
843 1315 190 45 attending
1051 1319 34 28 to
1101 1315 60 33 the
1178 1315 157 32 contents
1351 1310 46 45 of
1408 1320 66 24 our
1491 1307 143 43 Weekly
1698 1277 94 41 This
1813 1278 244 44 reluctance,
2091 1278 198 39 however,
2321 1273 104 34 must
2456 1269 50 39 be
2533 1261 263 44 surmounted
2812 1277 11 30 ;
2854 1259 66 40 for
2947 1259 72 39 the

317 1389 143 44 Paper.
1698 1341 155 51 subject
1871 1337 187 43 becomes
2087 1348 118 38 every
2226 1333 72 51 day
2323 1342 111 27 more
2463 1330 163 50 urgent,
2656 1336 113 27 more
2799 1320 217 51 alarming.

1700 1402 72 38 We
1794 1400 133 40 would
1946 1396 189 53 willingly
2156 1394 107 39 draw
2297 1404 24 26 a
2342 1389 74 40 veil
2448 1401 99 26 over
2567 1387 66 39 the
2652 1389 102 50 past,
2773 1395 105 27 were
2897 1381 32 39 it
2944 1384 78 34 not

359 1463 341 44 Notwithstanding
719 1461 81 35 such
828 1457 240 46 unremitting
1100 1456 182 35 exertions
1304 1465 46 24 on
1381 1462 66 25 our
1461 1452 100 45 part,
1589 1460 46 24 we
1698 1462 65 40 for
1778 1461 69 40 the
1876 1459 229 54 impressive
2139 1455 146 40 lessons
2306 1452 31 39 it
2356 1449 220 43 furnishes;
2614 1447 89 44 but,
2722 1456 106 28 were
2862 1444 32 38 it
2929 1442 90 39 fea-

308 1543 92 27 Were
417 1531 202 43 contented,
646 1530 84 33 even
746 1532 40 30 at
804 1526 60 34 the
879 1525 155 44 opening
1048 1522 46 45 of
1106 1524 59 32 the
1178 1524 145 43 present
1337 1530 102 33 year,
1465 1517 96 33 when
1576 1524 61 24 1,(1•
1700 1522 113 46 sible,
1833 1534 59 27 we
1912 1519 131 43 would
2063 1517 125 41 efface
2206 1526 120 38 every
2352 1509 259 41 recollection
2626 1506 47 40 of
2693 1506 69 38 the
2781 1505 76 38 last
2877 1502 143 40 fifteen

76 1561 1 400 .
105 1590 20 372 ..
125 1590 11 372 ,
136 1590 11 372 1
312 1602 103 33 rioits
446 1599 103 34 other
582 1596 133 35 Public
741 1592 183 35 Journals
933 1589 122 45 found
1072 1589 30 32 it
1135 1594 180 34 necessary
1332 1587 35 30 to
1396 1581 151 33 enhance
1581 1579 56 32 the
1701 1590 115 46 years
1834 1583 104 39 from
1959 1593 77 27 our
2052 1590 90 28 own
2176 1574 78 40 and
2285 1574 70 38 the
2375 1581 178 38 memory
2576 1567 47 38 of
2636 1566 146 39 others.
2843 1567 37 35 It
2895 1563 31 39 is
2950 1561 72 40 the

309 1667 107 43 price
451 1663 47 46 of
527 1663 96 33 their
651 1659 159 39 labours,
839 1659 35 30 to
893 1654 201 34 endeavour
1111 1656 38 30 to
1180 1649 120 40 avoid,
1326 1646 39 46 if
1372 1646 170 45 possible,
1573 1654 67 32 any
1702 1645 43 50 hi
1744 1645 21 50 s
1766 1645 43 50 to
1808 1645 21 50 r
1830 1645 21 50 y
1871 1643 93 51 only
1985 1641 47 39 of
2047 1652 76 26 our
2143 1636 96 52 folly
2262 1633 77 39 and
2360 1631 215 40 weakness.
2606 1630 79 37 Not
2705 1641 25 25 a
2746 1632 111 32 trace
2875 1622 148 41 should

313 1736 161 31 increase
500 1731 39 32 in
556 1739 66 22 our
639 1726 148 43 charges
806 1726 34 30 to
861 1721 58 33 the
932 1719 217 45 purchasers
1165 1716 47 45 of
1222 1714 105 35 TILE
1354 1708 287 38 NATIONAL
1702 1704 187 45 survive;
1918 1703 67 39 for
2006 1702 33 38 it
2055 1701 97 38 does
2171 1703 70 33 not
2258 1693 156 41 furnish
2443 1706 24 26 a
2481 1691 165 47 solitary
2668 1685 139 40 record
2830 1685 38 38 in
2888 1682 135 40 which

318 1793 288 39 REGISTER.
660 1788 111 45 Sorry
802 1796 65 24 arc
883 1791 48 28 toe
948 1794 77 24 now
1057 1785 35 32 to
1109 1785 92 31 state
1220 1791 65 24 our
1312 1782 96 30 utter
1422 1774 168 43 inability
1606 1776 34 30 to
1704 1767 69 39 the
1791 1766 137 39 nation
1946 1765 71 39 has
2035 1767 72 34 not
2121 1761 99 37 been
2232 1753 305 56 disappointed;
2572 1750 77 40 and
2670 1749 66 39 the
2756 1748 267 51 government

315 1861 138 35 remain
475 1860 126 44 longer
611 1856 204 43 stationary
829 1861 44 25 as
887 1853 35 31 to
927 1848 198 46 pecuniary
1141 1844 281 45 compOnsation.
1480 1839 64 34 We
1556 1840 87 31 have
1707 1826 189 52 betrayed
1933 1824 137 39 marks
2098 1821 51 39 of
2173 1822 241 47 incapacity,
2435 1814 312 48 intemperance,
2774 1817 46 30 or
2841 1811 107 33 want
2978 1802 52 40 of

317 1944 46 24 no
381 1933 131 33 choice.
544 1928 130 35 Either
690 1936 46 24 we
752 1924 94 33 must
860 1919 220 45 impoverish
1097 1918 60 34 the
1170 1916 209 33 Literature
1395 1910 46 45 of
1444 1920 64 22 our
1525 1907 118 34 News-
1706 1887 21 39 f
1728 1900 20 26 o
1752 1887 163 39 resight.
1972 1885 70 37 We
2060 1881 107 40 have
2183 1877 231 45 interfered,
2433 1873 149 51 during
2601 1871 89 39 that
2709 1873 24 47 p
2733 1873 214 47 ortentous
2965 1866 58 38 in.
3353 1847 20 28 I,

3322 1891 32 69 e

1708 1946 123 46 terval
1831 1946 21 46 s
1870 1949 37 37 in
1926 1957 119 38 every
2067 1946 132 47 great,
2219 1937 78 41 and
2330 1936 143 40 almost
2490 1945 122 39 every
2631 1933 129 48 petty,
2780 1925 248 41 transaction

317 2009 135 35 paper,
480 2007 41 22 or
539 2004 47 24 we
617 1995 97 31 must
729 1989 119 33 solicit
866 1984 203 34 additional
1097 1980 280 35 remuneration.
1429 1972 80 37 Nor
1531 1975 30 32 is
1576 1972 71 33 this

1709 2008 48 40 of
1770 2009 67 39 the
1854 2008 211 38 Continent
2080 2021 12 28 ;
2115 2006 72 37 but
2202 2014 76 26 our
2293 1997 265 41 interference
2571 2006 79 26 was
2665 1990 156 39 neither
2833 1985 194 53 dignified
3326 1959 50 71 l':.

318 2067 70 33 all.
439 2062 72 34 The
539 2059 136 37 sudden
696 2054 72 37 and
795 2052 112 45 rapid
924 2050 71 34 and
1011 2044 281 48 unprecedented
1307 2043 157 34 advance
1482 2040 77 33 that
1584 2037 63 32 has

1708 2069 162 52 enough
1902 2073 45 33 to
1975 2070 133 34 create
2126 2062 246 44 confidence,
2407 2068 74 27 nor
2515 2050 236 52 sufficiently
2772 2050 193 51 vigorous
2982 2052 47 33 to

420 2126 102 35 made
540 2128 38 32 in
595 2122 59 35 the
667 2122 99 44 price
780 2119 47 46 of
834 2127 137 35 paper,
998 2113 81 47 (the
1101 2109 124 46 Paper
1243 2119 44 24 on
1307 2105 24 37 w
1331 2105 48 37 hi
1380 2105 25 37 c
1404 2105 25 37 h
1447 2106 96 33 THE
1561 2104 86 33 Na-
3325 2031 50 209 II!'

319 2131 84 32 been

1710 2143 138 28 secure
1866 2128 131 40 effect.
2054 2130 71 35 We
2154 2121 203 53 displayed
2386 2117 51 40 all
2457 2117 71 39 the
2548 2112 254 43 restlessness,
2823 2120 207 40 'melting).

116 2174 8 5 .

122 2169 4 70 .
142 2217 6 21 l
320 2202 24 26 t
353 2204 41 25 io
405 2204 22 25 N
437 2203 22 25 A
469 2203 22 24 L
506 2185 222 41 REGISTER
743 2185 28 35 is
787 2181 144 48 printed
943 2181 106 43 being
1061 2176 208 44 absolutely
1280 2174 47 33 SO
1338 2174 21 43 p
1359 2174 149 43 ercent.
1522 2169 124 33 dearer

321 2262 89 34 that)
429 2262 80 33 that
523 2255 196 48 employed
733 2255 47 44 by
800 2263 76 33 any
893 2242 430 50 otherNewspaper),To
1346 2249 81 26 SAY
1444 2246 165 28 NOTHIN
1622 2246 26 24 G.

357 2337 22 25 P
411 2323 220 39 PRINTING
650 2326 255 31 MATERIALS
926 2324 86 25 AND
1033 2320 150 27 OTHER
1206 2319 50 26 EX
1265 2319 89 25 PE
1354 2314 72 26 CES
1454 2303 196 34 incidental
1324 2316 19 26 N

327 2398 35 30 to
377 2404 64 22 our
452 2389 261 41 undertaking,
726 2382 149 35 renders
886 2383 30 31 it
928 2389 96 25 more
1041 2379 90 32 than
1144 2374 190 44 expedient
1343 2370 70 46 for
1427 2381 54 28 us,
1682 2192 37 222 4t
1719 2192 93 222 tion,
1834 2180 73 50 and
1928 2191 269 48 extravagant
2215 2184 149 38 ardour
2381 2179 48 40 of
2453 2176 129 54 youth
2597 2190 9 28 ;
2639 2174 71 37 but
2730 2184 74 25 our
2828 2183 87 25 :iloa
2926 2181 102 25 itires

1710 2251 156 41 excited
1884 2254 208 45 contempt
2120 2248 48 51 by
2189 2244 104 39 their
2315 2235 250 46 unseasonabl
2565 2235 137 46 eness,
2731 2245 47 24 or
2812 2229 217 44 irritatiott,

322 2339 26 24 O

1711 2315 51 52 by
1778 2311 104 41 their
1898 2310 283 48 insufficiency.
2237 2307 61 37 On
2317 2301 197 41 occasions
2515 2301 22 41 ,
2567 2295 22 40 s
2589 2295 71 40 uch
2678 2307 41 25 as
2743 2293 70 38 the
2841 2290 9 39 I
2867 2293 48 35 lit
2935 2300 76 28 ails-

702 2409 12 19 )
1495 2363 152 48 relying,
1730 2386 84 27 rian
1835 2375 227 47 campaign,
2094 2370 113 37 when
2243 2365 115 51 delity
2391 2373 79 26 was
2506 2354 254 54 imperiously
2794 2355 161 39 iire:ent,
2975 2361 59 26 we

325 2470 43 30 a;
384 2469 46 22 we
443 2458 61 38 do,
519 2466 44 24 on
574 2456 59 33 the
643 2451 133 44 justice
794 2448 50 45 of
853 2457 67 25 our
946 2446 176 37 Patrons,
1142 2446 35 30 to
1196 2439 69 35 add
1283 2439 96 34 ONE
1395 2437 157 34 PENNY
1570 2434 81 41 only
1711 2433 210 51 destroyed
1942 2443 120 28 evert
2083 2426 219 54 possibility
2331 2422 50 39 of
2406 2432 154 30 success
2590 2417 50 52 by
2665 2411 283 56 precipiracing
2967 2409 70 40 the
3344 2180 6 18 f
3369 2180 2 319 -

3361 2303 2 2 •

325 2528 47 30 to-
384 2524 57 33 the
452 2522 102 44 price
570 2517 46 46 of
627 2526 69 24 our
722 2515 110 39 toils;
859 2511 111 34 which
994 2510 70 31 rise
1093 2509 94 31 must
1209 2505 40 32 la
1250 2505 41 32 ke
1315 2500 17 45 e
1331 2500 35 45 ff
1367 2500 53 45 ect
1440 2507 46 26 on
1505 2496 118 37 Sunda

83 2470 2 104 •
1628 2506 20 33 Y
1711 2500 177 39 contest;
1910 2493 76 39 and
2004 2492 115 38 when
2139 2493 162 47 prempt
2320 2484 76 39 and
2412 2484 194 50 vigorous
2617 2480 203 45 co-o
2820 2480 52 45 p
2872 2484 25 25 n
2741 2485 180 25 e
2922 2470 118 40 eratioeuld

91 2556 11 24 i
3330 2448 22 90 II

278 2533 5 97 .
328 2593 105 34 very,
446 2582 139 37 march-
595 2581 64 35 the
671 2578 215 46 iOthookpp
908 2575 89 34 Tux
1023 2572 215 58 N,erzos!t
1269 2569 208 33 REGISTER
1500 2557 57 40 will
1557 2557 15 40 ,
1581 2561 70 45 for
1716 2559 47 37 be
1782 2557 115 38 alone
1911 2554 243 39 efficacious.
2184 2558 58 27 we
2275 2543 168 46 blasted,
2477 2554 43 26 as
2538 2541 64 38 far
2633 2549 43 26 as
2692 2533 209 52 depended
2923 2544 112 40 upon
3330 2537 19 22 e

330 2655 59 31 the
405 2650 90 46 first
526 2649 102 37 time,
656 2644 39 33 be
725 2641 157 43 charged
906 2637 109 34 NINE
1015 2637 27 34 •
1042 2637 27 34 P
1069 2637 136 34 ENCE.
1716 2631 58 30 os,
1796 2619 52 48 by
1886 2627 74 28 our
1997 2613 172 47 dilatory
2192 2606 190 45 conduct,
2418 2615 123 38 every
2563 2594 141 45 reason
2704 2594 94 45 able
2816 2594 152 38 chance
2996 2597 25 40 o
3021 2597 25 40 f

1716 2675 162 51 Spanish
1897 2670 306 53 independence.
2261 2668 72 35 We
2360 2666 102 37 have
2481 2662 133 38 shown
2631 2670 24 25 a
2675 2654 178 54 pedantic
2854 2654 22 54 ,
2897 2665 48 26 an
2966 2654 50 37 ob
3015 2654 26 37 .

383 2731 110 43 Many
519 2719 478 52 poteetfulainsideratioas
1020 2713 122 44 might
1170 2711 38 34 be
1241 2705 182 50 specified,
1449 2705 119 40 which,
1596 2704 58 32 be-

1716 2738 144 38 stinate
1897 2733 223 39 adherence
2156 2735 43 32 to
2222 2730 150 47 fornix,
2406 2722 112 39 when
2552 2719 92 51 they
2678 2727 103 26 were
2802 2711 143 40 useless
2963 2712 79 39 and

332 2797 92 35 sides
442 2796 96 32 what
554 2793 65 32 has
630 2790 84 34 been
724 2785 80 45 just
821 2784 94 40 said,
935 2780 111 44 ought
1062 2777 181 46 perfcctlg
1260 2778 34 30 to
1307 2772 169 34 reconcile
1486 2780 64 22 our
1569 2769 66 33 Sub-

1717 2811 99 27 even
1847 2793 214 54 impolitic,
2081 2804 43 26 as
2143 2802 78 26 Wll3
2241 2789 66 38 the
2326 2797 90 27 case
2435 2781 94 39 with
2551 2780 69 39 the
2636 2774 244 41 installation
2908 2774 50 37 of
2972 2774 71 38 the

338 2862 148 34 scribers
504 2862 34 31 to
557 2857 58 34 the
634 2858 158 30 Measure
808 2859 50 24 we
886 2858 73 21 now
973 2854 196 26 announce.
1225 2841 152 41 Trilling
1395 2846 38 22 as
1452 2836 57 32 the
1522 2843 77 24 sum
1615 2832 47 44 of
3328 2741 20 84 ii

146 2833 2 423 •
1720 2862 189 50 Supreme
1920 2856 126 38 Junta
2062 2868 11 27 ;
2094 2850 74 39 awl
2192 2851 35 37 in
2249 2848 195 38 instances
2470 2842 54 39 sh
2528 2855 22 25 e
2598 2837 102 40 their
2719 2833 196 40 violation
2935 2838 110 34 must
3332 2833 4 423 .
3335 2833 5 423 1

338 2936 217 34 one-penny,
580 2922 99 33 when
712 2915 110 37 added
857 2919 37 28 to
922 2911 243 44 eight-pence,
1194 2917 76 32 may
1297 2911 138 35 appear
1459 2898 198 46 generally,
1680 2872 1672 69 .I.

1722 2922 100 37 have
1856 2920 98 38 been
1972 2911 187 41 attended
2179 2908 93 40 with
2298 2913 12 32 t
2319 2907 22 39 h
2346 2919 21 27 e
2387 2909 105 34 most
2522 2900 208 40 imminent
2751 2894 99 47 risk,
2888 2907 60 26 re
2967 2895 59 39 dis-

335 2998 78 34 and
424 2994 97 34 must
533 2991 38 33 be
588 2978 206 44 considered
808 2976 256 41 individually,
1093 2976 58 41 yet
1166 2970 74 34 will
1251 2970 28 33 it
1296 2967 182 35 authorise
1494 2974 39 22 us
1546 2967 34 30 to
1598 2973 61 24 ex-
1723 2980 142 54 played
1884 2991 48 26 an
1954 2969 300 57 unpardonable
2289 2968 139 48 levity,
2465 2978 24 25 a
2520 2962 228 50 dangerous
2769 2955 275 40 indifference.
3333 2955 2 79 .
3361 2955 4 79 .

3354 2969 12 13 •.

337 3070 59 30 ten
402 3061 22 33 d
451 3061 56 33 the
526 3054 126 45 sphere
681 3048 46 46 of
739 3058 65 24 our
831 3043 202 46 periodical
1059 3039 217 44 operations,
1294 3045 37 22 so
1352 3043 38 24 as
1406 3041 94 24 more
1521 3031 85 33 than
1626 3033 34 28 to

107 3103 14 19 ,
1726 3044 193 37 Immense
1931 3048 106 27 sums
2053 3034 103 37 have
2174 3032 94 35 been
2285 3024 203 54 expended
2506 3022 124 39 under
2644 3019 66 38 the
2727 3028 118 27 uarne
2859 3017 51 37 of
2919 3020 130 35 secret
3327 2991 8 63 I
3347 2991 5 131 '

340 3115 224 57 compensate
595 3119 59 33 the

673 3112 19 255 .
692 3112 194 255 generosity
918 3107 45 46 of
976 3116 64 25 our
1059 3115 81 33 very
1165 3109 184 27 numerous
1367 3094 86 44 and,
1476 3106 46 21 we
1547 3094 115 40 know,
1724 3102 150 39 service
1889 3110 143 27 money
2048 3106 93 32 ;we
2161 3103 117 31 were,
2300 3089 197 39 however,
2512 3093 120 27 never
2653 3077 90 39 able
2763 3081 44 33 to
2829 3077 221 51 anticipate

343 3194 128 46 highly
503 3182 214 48 respectable
744 3178 239 34 Purchasers.
1035 3168 162 45 Already
1219 3163 183 41 esteemed,
1428 3169 39 25 as
1481 3169 46 24 we
1535 3157 131 44 flatter
1727 3163 70 39 the
1808 3163 174 51 projects
1994 3156 48 39 of
2053 3152 70 40 the
2135 3162 159 38 enemy,
2311 3146 77 39 and
2407 3157 99 27 (nett
2528 3139 152 56 grossly
2708 3138 193 52 ignorant
2921 3138 47 37 of
2983 3137 70 39 the

344 3262 195 38 ourselves,
559 3256 71 45 for
660 3252 58 33 the
733 3244 165 47 original
930 3239 255 47 independence
1214 3233 69 37 and
1296 3229 221 43 intelligence
1538 3222 47 46 of
1603 3231 64 25 our
1728 3227 138 38 extent
1884 3220 48 39 of
1956 3219 60 39 his
2035 3224 217 33 resources,
2272 3209 47 39 of
2349 3208 66 38 the
2443 3204 174 40 number
2644 3198 78 40 and
2756 3198 70 40 the
2844 3198 209 52 organisa-
3330 3193 8 326 ~
3338 3193 28 326 .i.

350 3328 180 41 Political
549 3322 213 38 Strictures,
780 3317 72 45 for
881 3315 57 33 the
954 3311 137 41 novelty
1110 3307 71 33 and
1198 3302 171 45 integrity
1383 3296 46 46 of
1433 3307 64 22 our
1509 3291 157 39 Clerical
1731 3286 85 39 tioa
1835 3283 46 39 of
1900 3281 60 40 his
1974 3278 158 40 armies.
2189 3270 84 41 Our
2291 3273 138 50 agents
2447 3272 43 33 at
2507 3265 72 39 the
2597 3261 158 52 foreign
2773 3265 157 40 courts,
2959 3260 97 39 with
3344 3283 8 18 )

76 3120 71 1054 1

347 3399 221 39 Criticisms,
588 3392 69 46 for

685 3390 57 33 the
756 3385 224 47 peculiarity
1005 3379 71 34 and
1090 3378 139 43 variety
1256 3373 44 45 of
1307 3377 65 28 our
1393 3365 279 37 .lisceliz.neous
1735 3359 91 39 very
1843 3344 72 39 few
1931 3339 249 52 exceptions,
2198 3345 100 27 were
2319 3322 287 58 conspicuously
2606 3322 22 58 -
2643 3321 146 40 devoid
2812 3320 47 38 of
2872 3321 67 38 the
2954 3333 77 40 qua-

109 3470 8 13 ,

352 3458 356 47 Communication-,
735 3463 38 22 as
790 3451 80 33 uell
900 3459 37 21 (49
948 3446 67 46 for
1049 3444 51 33 all
1114 3443 80 33 that
1214 3439 128 33 relates
1358 3437 34 31 to
1414 3429 259 44 Arrangement
1735 3407 210 40 lineations
1961 3416 28 25 A
1998 3399 89 40 alit+
2109 3394 137 41 render
2276 3406 24 26 a
2333 3403 91 26 man
2444 3384 216 52 eminently
2683 3381 131 39 useful
2849 3383 39 38 in
2910 3383 67 38 the
2998 3381 60 39 di-
3330 3391 33 27 .Im4

3361 3422 6 12 .

592 3535 28 12 -,,
699 3522 5 25 '
759 3522 5 25 -

351 3531 73 37 and
444 3522 295 52 Typogi..ph:.,.
755 3528 35 24 in
811 3517 51 32 oil
883 3514 105 33 Wicith
1010 3506 171 38 essential
1204 3501 222 37 excellencies
1440 3506 45 25 we
1498 3493 83 35 hold
1592 3496 83 30 our;
1737 3467 191 56 plomatic
1946 3472 148 30 career.
2134 3459 32 38 A
2185 3454 211 43 diffe..rence
2417 3451 47 39 of
2480 3457 200 33 manners,
2702 3445 77 37 and
2798 3444 67 38 the
2888 3456 170 33 reserve,
3328 3443 12 30 i
3340 3443 13 30 i
3353 3443 13 30 .

3328 3488 12 26 i,

1739 3544 43 26 so
1796 3519 445 111 clraiiriatectrecroiastrisceomfittlhie
2277 3519 8 11 '
2349 3514 71 38 fish
2441 3511 227 40 character,
2689 3506 188 39 rendered
2901 3519 48 25 an
2970 3510 38 33 in
3018 3510 44 34 '47-

351 3600 110 34 selves
485 3592 158 45 inferior
673 3591 34 30 to
728 3595 104 28 none,
859 3581 61 33 but
938 3576 165 45 superior
1131 3576 38 30 to
1187 3572 103 37 most,
1319 3565 45 47 of
1377 3574 67 25 our
1460 3562 217 40 Newspaper

2241 3578 66 40 the
2327 3575 169 41 natives,
2515 3576 47 33 to
2593 3535 57 72 the
2649 3535 19 72 '
2680 3581 20 17 0
2708 3567 167 38 enerale
2885 3580 18 25 v
2927 3567 47 37 of
2991 3539 21 67 ()
3012 3539 11 67 .
3022 3539 43 67 :11.

17 4052 6 2 .
110 3646 7 22 '
356 3652 431 76 Contemporaries,.-o-sti

789 3650 14 110 f
803 3650 73 110 il,as
887 3658 30 22 w

917 3706 229 50 deficiencies,

1012 3643 76 73 .not
1088 3643 19 73 .
1107 3643 39 73 so
1159 3638 70 33 dot

1230 3646 9 87 c
1239 3646 9 87 e

1248 3634 12 99 a
1260 3634 13 99 d

1272 3632 94 109 nwpitel

1309 3694 158 46 perceive

1376 3639 9 89 c
1385 3639 9 89 o
1395 3639 20 89 ci
1415 3639 11 89 u
1426 3639 21 89 .v
1447 3639 11 89 r

1452 3637 13 89 e
1465 3637 13 89 p
1478 3637 14 89 s
1492 3637 14 89 e

1501 3637 13 87 o
1514 3637 14 87 r

1522 3625 8 98 l
1531 3625 8 98 i
1539 3625 8 98 n
1547 3625 17 98 'e
1564 3625 8 98 e
1572 3625 8 98 e
1580 3625 8 98 t
1589 3625 8 98 t
1597 3625 8 98 h
1605 3625 9 98 i

1618 3633 8 87 a
1626 3633 8 87 o
1635 3633 17 87 .n
1651 3633 9 87 n

1661 3631 9 81 g
1670 3631 11 81 s

1740 3598 21 96 mate
1761 3598 18 96 min
1780 3667 12 26 m
1793 3653 157 41 inisters,
1971 3643 170 46 difficult
2169 3641 78 39 and
2274 3650 102 28 even
2396 3632 155 57 painful
2567 3648 12 31 ;
2609 3630 74 39 and
2683 3703 20 25 a
2717 3630 133 38 their
2850 3630 59 66 ign
2909 3630 19 66 .
2928 3630 141 66 oral,ce

356 3613 50 150 .ri
405 3613 33 150 us
439 3732 47 30 to
488 3728 2870 32 be
3360 3613 4 150 i

693 3713 1280 50 foreignous

833 3722 66 25 our

1744 3716 47 39 of
2009 3707 237 51 langune.,
2276 3713 63 32 or,
2375 3702 41 35 at
2448 3694 118 46 least,
2603 3704 24 27 a
2780 3689 48 39 of
2845 3693 25 33 I.
2889 3696 102 45 cell)
3022 3703 40 25 in
3361 3689 2 70 ,

358 3801 37 30 to
417 3796 161 40 inzprove
595 3788 39 32 in
665 3788 64 31 oar
744 3780 125 46 public
899 3776 116 34 labout
1025 3784 28 30 s,
1081 3769 87 40 and,
1196 3767 39 44 by
1253 3765 56 33 the
1328 3757 215 38 honourable
1561 3754 105 33 assist-

1746 3774 194 56 speaking
1959 3771 124 43 them,
2107 3764 113 40 made
2256 3762 113 39 them
2406 3756 139 41 rather
2564 3752 135 44 avoid,
2719 3752 99 38 than
2839 3749 231 54 seduloesly
3328 3749 4 80 !
3360 3763 6 44 i

359 3870 84 25 ante
462 3856 47 47 of
528 3865 66 25 our
615 3850 237 35 Purchasers,
873 3842 74 34 will
973 3836 197 41 sedulously
1188 3831 99 34 exert
1305 3826 178 35 ourselves
1499 3826 35 31 to
1552 3827 133 27 accom-

1748 3836 207 43 cultivate,
1975 3827 249 51 familiarity.
2284 3824 27 37 3.
2354 3834 83 26 ,out
2447 3831 34 26 in
2489 3830 26 39 g
2545 3815 125 40 under
2687 3813 112 39 these
2826 3811 249 39 restriet.ons

2489 3852 25 18 e+

357 3925 100 44 plish
475 3922 60 33 the
552 3904 280 58 improvements
856 3920 45 22 we
920 3908 87 33 have
1023 3905 83 40 long
1133 3896 71 35 had
1220 3899 35 31 in
1270 3889 296 45 contemplation.
1620 3881 66 34 We

1752 3901 28 38 it
1802 3909 19 26 v
1821 3909 19 26 ,
1840 3909 38 26 as
1897 3888 226 58 impossible
2143 3887 91 40 then
2252 3882 122 41 could
2404 3879 215 46 individnal
2619 3879 21 46 7
2640 3879 22 46 y
2682 3874 200 38 inlience
2916 3873 67 38 the
3011 3887 61 24 re-

365 3992 104 38 have,
494 3981 142 43 indeed,
663 3978 145 43 already
828 3970 174 39 ventured
1015 3972 34 31 to
1063 3974 141 34 engage
1221 3972 20 22 a
1257 3958 227 35 Gentleman,
1517 3953 85 40 long
1618 3945 73 37 and
1752 3958 194 44 solutions
1964 3954 45 40 of
2026 3953 69 39 the
2112 3954 120 35 court
2265 3952 40 33 at
2327 3943 126 40 which
2474 3941 94 40 they
2593 3937 150 40 resided
2761 3952 13 30 ;
2805 3935 93 45 and,
2919 3934 162 52 though

361 4055 79 34 well
456 4046 183 50 approved
661 4048 40 32 in
738 4043 220 37 f.iterature,
976 4042 35 27 to
1028 4024 233 52 superintend
1287 4023 57 34 the
1365 4015 237 43 Fashi:lnable
1622 4010 71 35 and
1753 4022 93 39 they
1867 4016 131 53 might
2019 4015 102 39 have
2139 4013 99 38 been
2261 4003 203 56 respected
2489 4002 65 39 for
2584 3999 104 39 their
2708 3997 189 52 integeity
2919 3996 74 38 eed
3013 3996 71 40 the

3227 4023 5 13 ,
3321 4023 11 13 .

370 4110 142 51 Vai•iega
511 4110 19 51 .
533 4111 59 37 ted
606 4113 120 44 Depa!
736 4109 129 33 tincrtc
883 4104 46 45 of
940 4111 66 27 our
1023 4094 242 40 Publication.
1720 4083 15 40 1

1714 4123 24 24 ii

1756 4083 165 48 decency
1945 4076 46 43 of
2006 4076 104 39 their
2141 4083 198 28 manne.es,
2362 4068 93 51 they
2489 4075 104 30 were
2614 4074 38 26 to
2670 4058 90 41 Ale
2787 4067 45 32 to
2862 4059 216 40 couciliate

144 4182 7 26 '
420 4178 91 41 re.
536 4169 198 45 ti.—No.
752 4162 176 47 LA:111,

3330 4154 5 71 4
3361 4154 7 71 i
