<?xml version="1.0" encoding="UTF-8"?>
<alto xmlns:xsi="http://www.w3.org/2001/XMLSchema-instance" xsi:noNamespaceSchemaLocation="http://schema.ccs-gmbh.com/docworks/alto-1-4.xsd" xmlns:xlink="http://www.w3.org/1999/xlink">
	<Description>
		<MeasurementUnit>pixel</MeasurementUnit>
		<sourceImageInformation>
			<fileName>//NP1-STOR2/data01/blend6/2019-08-02_09_02/2019-08-02_09_02_01055.tif</fileName>
		</sourceImageInformation>
		<OCRProcessing ID="OCRPROCESSING_1">
			<preProcessingStep>
				<processingSoftware>
					<softwareCreator>CCS Content Conversion Specialists GmbH, Hamburg, Germany</softwareCreator>
					<softwareName>CCS docWorks</softwareName>
					<softwareVersion>7.0-1.47</softwareVersion>
				</processingSoftware>
			</preProcessingStep>
			<ocrProcessingStep>
				<processingStepSettings>Character Count: 9486 
Predicted Word Accuracy: 90.7% 
Suspicious Character Count: 147 
Word Count: 1698 
Suspicious Word Count: 229 
width: 3413 
height: 4441 
xdpi: 300 
ydpi: 300 
source-image: //NP1-STOR2/data01/blend6/2019-08-02_09_02/2019-08-02_09_02_01055.tif</processingStepSettings>
				<processingSoftware>
					<softwareCreator>Nuance Communications, Inc.</softwareCreator>
					<softwareName>OmniPage</softwareName>
					<softwareVersion>20</softwareVersion>
				</processingSoftware>
			</ocrProcessingStep>
		</OCRProcessing>
	</Description>
	<Styles>
		<TextStyle ID="TXT_0" FONTSIZE="0" FONTFAMILY="" FONTSTYLE="bold"/>
		<TextStyle ID="TXT_1" FONTSIZE="0" FONTFAMILY=""/>
		<TextStyle ID="TXT_2" FONTSIZE="0" FONTFAMILY="" FONTSTYLE="bold italics"/>
		<TextStyle ID="TXT_3" FONTSIZE="0" FONTFAMILY="" FONTSTYLE="bold"/>
		<TextStyle ID="TXT_4" FONTSIZE="0" FONTFAMILY="" FONTSTYLE="bold italics"/>
		<TextStyle ID="TXT_5" FONTSIZE="0" FONTFAMILY=""/>
		<ParagraphStyle ID="PAR_LEFT" ALIGN="Left"/>
		<ParagraphStyle ID="PAR_BLOCK" ALIGN="Block"/>
		<ParagraphStyle ID="PAR_RIGHT" ALIGN="Right"/>
	</Styles>
	<Layout>
		<Page ID="P5" PHYSICAL_IMG_NR="5" HEIGHT="4441" WIDTH="3413" PC="0.907">
			<TopMargin ID="P5_TM00001" HPOS="0" VPOS="0" WIDTH="3413" HEIGHT="0"/>
			<LeftMargin ID="P5_LM00001" HPOS="0" VPOS="0" WIDTH="228" HEIGHT="4253"/>
			<RightMargin ID="P5_RM00001" HPOS="3411" VPOS="0" WIDTH="2" HEIGHT="4253"/>
			<BottomMargin ID="P5_BM00001" HPOS="0" VPOS="4253" WIDTH="3413" HEIGHT="188"/>
			<PrintSpace ID="P5_PS00001" HPOS="228" VPOS="0" WIDTH="3183" HEIGHT="4254">
				<TextBlock ID="pa0005001" HPOS="1119" VPOS="96" WIDTH="952" HEIGHT="59" STYLEREFS="TXT_0 PAR_LEFT">
					<TextLine ID="P5_TL00001" HPOS="1120" VPOS="102" WIDTH="951" HEIGHT="53">
						<String ID="word000001" HPOS="1120" VPOS="104" WIDTH="145" HEIGHT="51" CONTENT="THE" WC="0.96" CC="010"/>
						<SP ID="P5_SP00001" HPOS="1265" VPOS="155" WIDTH="34"/>
						<String ID="word000002" HPOS="1299" VPOS="103" WIDTH="370" HEIGHT="52" CONTENT="NATIONAL" WC="0.96" CC="11000010"/>
						<SP ID="P5_SP00002" HPOS="1669" VPOS="155" WIDTH="37"/>
						<String ID="word000003" HPOS="1706" VPOS="102" WIDTH="365" HEIGHT="52" CONTENT="REGISTER." WC="1.00" CC="000000000"/>
						<SP ID="P5_SP00003" HPOS="2070" VPOS="155" WIDTH="0"/>
					</TextLine>
				</TextBlock>
				<TextBlock ID="pa0005002" HPOS="252" VPOS="102" WIDTH="367" HEIGHT="59" STYLEREFS="TXT_0 PAR_LEFT">
					<TextLine ID="P5_TL00002" HPOS="254" VPOS="103" WIDTH="365" HEIGHT="58">
						<String ID="word000004" HPOS="254" VPOS="103" WIDTH="255" HEIGHT="58" CONTENT="MARCH" WC="0.98" CC="10000"/>
						<SP ID="P5_SP00004" HPOS="509" VPOS="161" WIDTH="32"/>
						<String ID="word000005" HPOS="541" VPOS="104" WIDTH="78" HEIGHT="48" CONTENT="12." WC="1.00" CC="000"/>
						<SP ID="P5_SP00005" HPOS="619" VPOS="161" WIDTH="0"/>
					</TextLine>
				</TextBlock>
				<TextBlock ID="pa0005003" HPOS="228" VPOS="240" WIDTH="1359" HEIGHT="1807" STYLEREFS="TXT_0 PAR_BLOCK">
					<TextLine ID="P5_TL00003" HPOS="233" VPOS="241" WIDTH="1323" HEIGHT="50">
						<String ID="word000006" HPOS="233" VPOS="246" WIDTH="72" HEIGHT="37" CONTENT="and" WC="0.85" CC="400"/>
						<SP ID="P5_SP00006" HPOS="305" VPOS="282" WIDTH="21"/>
						<String ID="word000007" HPOS="326" VPOS="244" WIDTH="181" HEIGHT="46" CONTENT="palpable" WC="0.97" CC="00001010"/>
						<SP ID="P5_SP00007" HPOS="507" VPOS="291" WIDTH="19"/>
						<String ID="word000008" HPOS="526" VPOS="243" WIDTH="117" HEIGHT="39" CONTENT="mode," WC="0.93" CC="30000"/>
						<SP ID="P5_SP00008" HPOS="643" VPOS="291" WIDTH="30"/>
						<String ID="word000009" HPOS="672" VPOS="243" WIDTH="124" HEIGHT="33" CONTENT="which" WC="0.95" CC="00110"/>
						<SP ID="P5_SP00009" HPOS="796" VPOS="291" WIDTH="19"/>
						<String ID="word000010" HPOS="815" VPOS="243" WIDTH="185" HEIGHT="41" CONTENT="appeared" WC="0.97" CC="00110000"/>
						<SP ID="P5_SP00010" HPOS="1000" VPOS="291" WIDTH="20"/>
						<String ID="word000011" HPOS="1020" VPOS="247" WIDTH="38" HEIGHT="28" CONTENT="to" WC="1.00" CC="00"/>
						<SP ID="P5_SP00011" HPOS="1058" VPOS="291" WIDTH="19"/>
						<String ID="word000012" HPOS="1077" VPOS="244" WIDTH="41" HEIGHT="31" CONTENT="be" WC="0.89" CC="11"/>
						<SP ID="P5_SP00012" HPOS="1119" VPOS="291" WIDTH="21"/>
						<String ID="word000013" HPOS="1140" VPOS="242" WIDTH="60" HEIGHT="33" CONTENT="the" WC="0.96" CC="001"/>
						<SP ID="P5_SP00013" HPOS="1200" VPOS="291" WIDTH="15"/>
						<String ID="word000014" HPOS="1215" VPOS="248" WIDTH="87" HEIGHT="28" CONTENT="most" WC="0.97" CC="1000"/>
						<SP ID="P5_SP00014" HPOS="1303" VPOS="291" WIDTH="17"/>
						<String ID="word000015" HPOS="1319" VPOS="242" WIDTH="151" HEIGHT="34" CONTENT="efficient" WC="0.80" CC="066102001"/>
						<SP ID="P5_SP00015" HPOS="1470" VPOS="291" WIDTH="17"/>
						<String ID="word000016" HPOS="1487" VPOS="241" WIDTH="69" HEIGHT="33" CONTENT="and" WC="0.96" CC="100"/>
						<SP ID="P5_SP00016" HPOS="1556" VPOS="291" WIDTH="0"/>
					</TextLine>
					<TextLine ID="P5_TL00004" HPOS="228" VPOS="288" WIDTH="1331" HEIGHT="52">
						<String ID="word000017" HPOS="228" VPOS="292" WIDTH="99" HEIGHT="48" CONTENT="just." WC="0.87" CC="03300"/>
						<SP ID="P5_SP00017" HPOS="327" VPOS="340" WIDTH="54"/>
						<String ID="word000018" HPOS="381" VPOS="293" WIDTH="44" HEIGHT="34" CONTENT="in" WC="0.33" CC="75"/>
						<SP ID="P5_SP00018" HPOS="425" VPOS="340" WIDTH="34"/>
						<String ID="word000019" HPOS="459" VPOS="291" WIDTH="63" HEIGHT="34" CONTENT="the" WC="1.00" CC="000"/>
						<SP ID="P5_SP00019" HPOS="522" VPOS="340" WIDTH="28"/>
						<String ID="word000020" HPOS="550" VPOS="291" WIDTH="307" HEIGHT="33" CONTENT="animadversions" WC="0.97" CC="00110001001000"/>
						<SP ID="P5_SP00020" HPOS="857" VPOS="340" WIDTH="33"/>
						<String ID="word000021" HPOS="891" VPOS="288" WIDTH="45" HEIGHT="34" CONTENT="he" WC="1.00" CC="00"/>
						<SP ID="P5_SP00021" HPOS="935" VPOS="340" WIDTH="33"/>
						<String ID="word000022" HPOS="969" VPOS="289" WIDTH="67" HEIGHT="33" CONTENT="had" WC="0.89" CC="300"/>
						<SP ID="P5_SP00022" HPOS="1036" VPOS="340" WIDTH="31"/>
						<String ID="word000023" HPOS="1067" VPOS="289" WIDTH="118" HEIGHT="40" CONTENT="made," WC="1.00" CC="00000"/>
						<SP ID="P5_SP00023" HPOS="1185" VPOS="340" WIDTH="32"/>
						<String ID="word000024" HPOS="1217" VPOS="291" WIDTH="44" HEIGHT="32" CONTENT="he" WC="1.00" CC="00"/>
						<SP ID="P5_SP00024" HPOS="1260" VPOS="340" WIDTH="27"/>
						<String ID="word000025" HPOS="1287" VPOS="291" WIDTH="60" HEIGHT="32" CONTENT="did" WC="1.00" CC="000"/>
						<SP ID="P5_SP00025" HPOS="1348" VPOS="340" WIDTH="33"/>
						<String ID="word000026" HPOS="1381" VPOS="294" WIDTH="63" HEIGHT="28" CONTENT="not" WC="1.00" CC="000"/>
						<SP ID="P5_SP00026" HPOS="1443" VPOS="340" WIDTH="28"/>
						<String ID="word000027" HPOS="1472" VPOS="298" WIDTH="87" HEIGHT="24" CONTENT="once" WC="0.81" CC="0331"/>
						<SP ID="P5_SP00027" HPOS="1559" VPOS="340" WIDTH="0"/>
					</TextLine>
					<TextLine ID="P5_TL00005" HPOS="235" VPOS="334" WIDTH="1323" HEIGHT="46">
						<String ID="word000028" HPOS="235" VPOS="341" WIDTH="133" HEIGHT="34" CONTENT="advert" WC="0.98" CC="100000"/>
						<SP ID="P5_SP00028" HPOS="369" VPOS="376" WIDTH="18"/>
						<String ID="word000029" HPOS="386" VPOS="345" WIDTH="37" HEIGHT="28" CONTENT="to" WC="1.00" CC="00"/>
						<SP ID="P5_SP00029" HPOS="423" VPOS="376" WIDTH="19"/>
						<String ID="word000030" HPOS="442" VPOS="338" WIDTH="65" HEIGHT="34" CONTENT="the" WC="1.00" CC="000"/>
						<SP ID="P5_SP00030" HPOS="507" VPOS="376" WIDTH="15"/>
						<String ID="word000031" HPOS="522" VPOS="337" WIDTH="174" HEIGHT="34" CONTENT="evidence" WC="1.00" CC="00000000"/>
						<SP ID="P5_SP00031" HPOS="696" VPOS="376" WIDTH="14"/>
						<String ID="word000032" HPOS="710" VPOS="337" WIDTH="124" HEIGHT="35" CONTENT="which" WC="1.00" CC="00000"/>
						<SP ID="P5_SP00032" HPOS="834" VPOS="376" WIDTH="20"/>
						<String ID="word000033" HPOS="854" VPOS="348" WIDTH="71" HEIGHT="22" CONTENT="was" WC="0.81" CC="410"/>
						<SP ID="P5_SP00033" HPOS="925" VPOS="376" WIDTH="18"/>
						<String ID="word000034" HPOS="943" VPOS="337" WIDTH="193" HEIGHT="34" CONTENT="examined" WC="1.00" CC="00000000"/>
						<SP ID="P5_SP00034" HPOS="1135" VPOS="376" WIDTH="14"/>
						<String ID="word000035" HPOS="1149" VPOS="347" WIDTH="45" HEIGHT="22" CONTENT="on" WC="1.00" CC="00"/>
						<SP ID="P5_SP00035" HPOS="1194" VPOS="376" WIDTH="18"/>
						<String ID="word000036" HPOS="1212" VPOS="337" WIDTH="63" HEIGHT="32" CONTENT="the" WC="0.96" CC="010"/>
						<SP ID="P5_SP00036" HPOS="1274" VPOS="376" WIDTH="17"/>
						<String ID="word000037" HPOS="1291" VPOS="334" WIDTH="138" HEIGHT="46" CONTENT="subject" WC="0.95" CC="0200100"/>
						<SP ID="P5_SP00037" HPOS="1429" VPOS="380" WIDTH="12"/>
						<String ID="word000038" HPOS="1441" VPOS="335" WIDTH="41" HEIGHT="33" CONTENT="of" WC="1.00" CC="00"/>
						<SP ID="P5_SP00038" HPOS="1482" VPOS="380" WIDTH="15"/>
						<String ID="word000039" HPOS="1498" VPOS="335" WIDTH="60" HEIGHT="34" CONTENT="the" WC="1.00" CC="000"/>
						<SP ID="P5_SP00039" HPOS="1558" VPOS="380" WIDTH="0"/>
					</TextLine>
					<TextLine ID="P5_TL00006" HPOS="239" VPOS="383" WIDTH="1319" HEIGHT="45">
						<String ID="word000040" HPOS="239" VPOS="389" WIDTH="141" HEIGHT="35" CONTENT="Orders" WC="1.00" CC="000000"/>
						<SP ID="P5_SP00040" HPOS="379" VPOS="424" WIDTH="17"/>
						<String ID="word000041" HPOS="396" VPOS="387" WIDTH="35" HEIGHT="33" CONTENT="in" WC="1.00" CC="00"/>
						<SP ID="P5_SP00041" HPOS="431" VPOS="424" WIDTH="26"/>
						<String ID="word000042" HPOS="457" VPOS="385" WIDTH="154" HEIGHT="35" CONTENT="Council" WC="0.98" CC="0100000"/>
						<SP ID="P5_SP00042" HPOS="611" VPOS="424" WIDTH="19"/>
						<String ID="word000043" HPOS="630" VPOS="384" WIDTH="130" HEIGHT="44" CONTENT="during" WC="0.98" CC="000001"/>
						<SP ID="P5_SP00043" HPOS="759" VPOS="428" WIDTH="18"/>
						<String ID="word000044" HPOS="777" VPOS="385" WIDTH="60" HEIGHT="33" CONTENT="the" WC="0.96" CC="001"/>
						<SP ID="P5_SP00044" HPOS="837" VPOS="428" WIDTH="17"/>
						<String ID="word000045" HPOS="854" VPOS="385" WIDTH="67" HEIGHT="33" CONTENT="last" WC="0.97" CC="0100"/>
						<SP ID="P5_SP00045" HPOS="921" VPOS="428" WIDTH="27"/>
						<String ID="word000046" HPOS="948" VPOS="385" WIDTH="156" HEIGHT="39" CONTENT="Session," WC="0.93" CC="13100000"/>
						<SP ID="P5_SP00046" HPOS="1104" VPOS="428" WIDTH="24"/>
						<String ID="word000047" HPOS="1128" VPOS="394" WIDTH="66" HEIGHT="24" CONTENT="nor" WC="1.00" CC="000"/>
						<SP ID="P5_SP00047" HPOS="1194" VPOS="428" WIDTH="25"/>
						<String ID="word000048" HPOS="1219" VPOS="383" WIDTH="60" HEIGHT="33" CONTENT="did" WC="0.96" CC="010"/>
						<SP ID="P5_SP00048" HPOS="1279" VPOS="428" WIDTH="20"/>
						<String ID="word000049" HPOS="1299" VPOS="383" WIDTH="43" HEIGHT="34" CONTENT="lie" WC="0.89" CC="030"/>
						<SP ID="P5_SP00049" HPOS="1342" VPOS="428" WIDTH="25"/>
						<String ID="word000050" HPOS="1367" VPOS="387" WIDTH="110" HEIGHT="39" CONTENT="quote" WC="0.93" CC="11100"/>
						<SP ID="P5_SP00050" HPOS="1476" VPOS="428" WIDTH="18"/>
						<String ID="word000051" HPOS="1494" VPOS="393" WIDTH="64" HEIGHT="22" CONTENT="one" WC="1.00" CC="000"/>
						<SP ID="P5_SP00051" HPOS="1558" VPOS="428" WIDTH="0"/>
					</TextLine>
					<TextLine ID="P5_TL00007" HPOS="236" VPOS="430" WIDTH="1323" HEIGHT="43">
						<String ID="word000052" HPOS="236" VPOS="437" WIDTH="79" HEIGHT="35" CONTENT="line" WC="0.89" CC="3010"/>
						<SP ID="P5_SP00052" HPOS="315" VPOS="472" WIDTH="26"/>
						<String ID="word000053" HPOS="341" VPOS="433" WIDTH="43" HEIGHT="35" CONTENT="of" WC="1.00" CC="00"/>
						<SP ID="P5_SP00053" HPOS="384" VPOS="472" WIDTH="22"/>
						<String ID="word000054" HPOS="406" VPOS="433" WIDTH="63" HEIGHT="34" CONTENT="the" WC="1.00" CC="000"/>
						<SP ID="P5_SP00054" HPOS="469" VPOS="472" WIDTH="18"/>
						<String ID="word000055" HPOS="487" VPOS="438" WIDTH="77" HEIGHT="28" CONTENT="two" WC="0.96" CC="010"/>
						<SP ID="P5_SP00055" HPOS="563" VPOS="472" WIDTH="19"/>
						<String ID="word000056" HPOS="582" VPOS="432" WIDTH="158" HEIGHT="34" CONTENT="hundred" WC="1.00" CC="0000000"/>
						<SP ID="P5_SP00056" HPOS="741" VPOS="472" WIDTH="21"/>
						<String ID="word000057" HPOS="762" VPOS="431" WIDTH="107" HEIGHT="35" CONTENT="folios" WC="0.98" CC="001000"/>
						<SP ID="P5_SP00057" HPOS="869" VPOS="472" WIDTH="18"/>
						<String ID="word000058" HPOS="887" VPOS="431" WIDTH="74" HEIGHT="34" CONTENT="laid" WC="0.97" CC="1000"/>
						<SP ID="P5_SP00058" HPOS="961" VPOS="472" WIDTH="27"/>
						<String ID="word000059" HPOS="989" VPOS="442" WIDTH="45" HEIGHT="25" CONTENT="on" WC="1.00" CC="00"/>
						<SP ID="P5_SP00059" HPOS="1033" VPOS="472" WIDTH="26"/>
						<String ID="word000060" HPOS="1059" VPOS="431" WIDTH="59" HEIGHT="33" CONTENT="the" WC="1.00" CC="000"/>
						<SP ID="P5_SP00060" HPOS="1119" VPOS="472" WIDTH="30"/>
						<String ID="word000061" HPOS="1148" VPOS="431" WIDTH="100" HEIGHT="34" CONTENT="table" WC="1.00" CC="00000"/>
						<SP ID="P5_SP00061" HPOS="1248" VPOS="472" WIDTH="25"/>
						<String ID="word000062" HPOS="1273" VPOS="430" WIDTH="41" HEIGHT="34" CONTENT="of" WC="1.00" CC="00"/>
						<SP ID="P5_SP00062" HPOS="1315" VPOS="472" WIDTH="25"/>
						<String ID="word000063" HPOS="1339" VPOS="430" WIDTH="64" HEIGHT="34" CONTENT="the" WC="1.00" CC="000"/>
						<SP ID="P5_SP00063" HPOS="1403" VPOS="472" WIDTH="35"/>
						<String ID="word000064" HPOS="1439" VPOS="430" WIDTH="120" HEIGHT="33" CONTENT="House" WC="0.95" CC="00110"/>
						<SP ID="P5_SP00064" HPOS="1559" VPOS="472" WIDTH="0"/>
					</TextLine>
					<TextLine ID="P5_TL00008" HPOS="237" VPOS="477" WIDTH="1322" HEIGHT="47">
						<String ID="word000065" HPOS="237" VPOS="494" WIDTH="50" HEIGHT="25" CONTENT="on" WC="0.94" CC="01"/>
						<SP ID="P5_SP00065" HPOS="287" VPOS="519" WIDTH="27"/>
						<String ID="word000066" HPOS="314" VPOS="483" WIDTH="63" HEIGHT="34" CONTENT="the" WC="1.00" CC="000"/>
						<SP ID="P5_SP00066" HPOS="377" VPOS="519" WIDTH="25"/>
						<String ID="word000067" HPOS="402" VPOS="491" WIDTH="97" HEIGHT="24" CONTENT="same" WC="0.97" CC="0100"/>
						<SP ID="P5_SP00067" HPOS="498" VPOS="519" WIDTH="19"/>
						<String ID="word000068" HPOS="517" VPOS="478" WIDTH="151" HEIGHT="46" CONTENT="subject." WC="0.94" CC="01300000"/>
						<SP ID="P5_SP00068" HPOS="669" VPOS="524" WIDTH="52"/>
						<String ID="word000069" HPOS="720" VPOS="480" WIDTH="83" HEIGHT="34" CONTENT="The" WC="1.00" CC="000"/>
						<SP ID="P5_SP00069" HPOS="803" VPOS="524" WIDTH="24"/>
						<String ID="word000070" HPOS="827" VPOS="480" WIDTH="103" HEIGHT="33" CONTENT="trade" WC="0.98" CC="00100"/>
						<SP ID="P5_SP00070" HPOS="930" VPOS="524" WIDTH="17"/>
						<String ID="word000071" HPOS="946" VPOS="477" WIDTH="44" HEIGHT="34" CONTENT="of" WC="1.00" CC="00"/>
						<SP ID="P5_SP00071" HPOS="990" VPOS="524" WIDTH="25"/>
						<String ID="word000072" HPOS="1015" VPOS="478" WIDTH="163" HEIGHT="44" CONTENT="England" WC="0.98" CC="0100000"/>
						<SP ID="P5_SP00072" HPOS="1178" VPOS="524" WIDTH="19"/>
						<String ID="word000073" HPOS="1196" VPOS="488" WIDTH="74" HEIGHT="24" CONTENT="was" WC="1.00" CC="000"/>
						<SP ID="P5_SP00073" HPOS="1271" VPOS="524" WIDTH="18"/>
						<String ID="word000074" HPOS="1289" VPOS="477" WIDTH="176" HEIGHT="43" CONTENT="certainly" WC="0.96" CC="110000010"/>
						<SP ID="P5_SP00074" HPOS="1465" VPOS="524" WIDTH="20"/>
						<String ID="word000075" HPOS="1485" VPOS="480" WIDTH="35" HEIGHT="31" CONTENT="in" WC="1.00" CC="00"/>
						<SP ID="P5_SP00075" HPOS="1520" VPOS="524" WIDTH="17"/>
						<String ID="word000076" HPOS="1537" VPOS="488" WIDTH="22" HEIGHT="22" CONTENT="a" WC="1.00" CC="0"/>
						<SP ID="P5_SP00076" HPOS="1559" VPOS="524" WIDTH="0"/>
					</TextLine>
					<TextLine ID="P5_TL00009" HPOS="239" VPOS="524" WIDTH="1319" HEIGHT="51">
						<String ID="word000077" HPOS="239" VPOS="535" WIDTH="105" HEIGHT="40" CONTENT="great" WC="0.87" CC="05100"/>
						<SP ID="P5_SP00077" HPOS="344" VPOS="575" WIDTH="18"/>
						<String ID="word000078" HPOS="361" VPOS="539" WIDTH="165" HEIGHT="25" CONTENT="measure" WC="1.00" CC="0000000"/>
						<SP ID="P5_SP00078" HPOS="527" VPOS="575" WIDTH="13"/>
						<String ID="word000079" HPOS="540" VPOS="537" WIDTH="105" HEIGHT="33" CONTENT="gone," WC="0.98" CC="00001"/>
						<SP ID="P5_SP00079" HPOS="645" VPOS="575" WIDTH="26"/>
						<String ID="word000080" HPOS="671" VPOS="528" WIDTH="65" HEIGHT="34" CONTENT="but" WC="1.00" CC="000"/>
						<SP ID="P5_SP00080" HPOS="736" VPOS="575" WIDTH="20"/>
						<String ID="word000081" HPOS="756" VPOS="527" WIDTH="30" HEIGHT="33" CONTENT="it" WC="1.00" CC="00"/>
						<SP ID="P5_SP00081" HPOS="785" VPOS="575" WIDTH="20"/>
						<String ID="word000082" HPOS="806" VPOS="537" WIDTH="71" HEIGHT="24" CONTENT="was" WC="0.96" CC="010"/>
						<SP ID="P5_SP00082" HPOS="876" VPOS="575" WIDTH="14"/>
						<String ID="word000083" HPOS="891" VPOS="526" WIDTH="92" HEIGHT="34" CONTENT="from" WC="0.89" CC="0004"/>
						<SP ID="P5_SP00083" HPOS="983" VPOS="575" WIDTH="19"/>
						<String ID="word000084" HPOS="1002" VPOS="526" WIDTH="61" HEIGHT="33" CONTENT="the" WC="0.89" CC="030"/>
						<SP ID="P5_SP00084" HPOS="1063" VPOS="575" WIDTH="22"/>
						<String ID="word000085" HPOS="1085" VPOS="526" WIDTH="157" HEIGHT="33" CONTENT="Decrees" WC="0.98" CC="0000001"/>
						<SP ID="P5_SP00085" HPOS="1243" VPOS="575" WIDTH="24"/>
						<String ID="word000086" HPOS="1266" VPOS="530" WIDTH="39" HEIGHT="27" CONTENT="at" WC="1.00" CC="00"/>
						<SP ID="P5_SP00086" HPOS="1305" VPOS="575" WIDTH="19"/>
						<String ID="word000087" HPOS="1324" VPOS="524" WIDTH="141" HEIGHT="40" CONTENT="Berlin," WC="0.98" CC="1000000"/>
						<SP ID="P5_SP00087" HPOS="1465" VPOS="575" WIDTH="27"/>
						<String ID="word000088" HPOS="1492" VPOS="526" WIDTH="66" HEIGHT="32" CONTENT="and" WC="1.00" CC="000"/>
						<SP ID="P5_SP00088" HPOS="1558" VPOS="575" WIDTH="0"/>
					</TextLine>
					<TextLine ID="P5_TL00010" HPOS="240" VPOS="572" WIDTH="1322" HEIGHT="45">
						<String ID="word000089" HPOS="240" VPOS="583" WIDTH="67" HEIGHT="28" CONTENT="not" WC="1.00" CC="000"/>
						<SP ID="P5_SP00089" HPOS="307" VPOS="612" WIDTH="17"/>
						<String ID="word000090" HPOS="324" VPOS="578" WIDTH="34" HEIGHT="33" CONTENT="fr" WC="0.56" CC="35"/>
						<SP ID="P5_SP00090" HPOS="358" VPOS="612" WIDTH="17"/>
						<String ID="word000091" HPOS="374" VPOS="587" WIDTH="43" HEIGHT="22" CONTENT="in" WC="0.61" CC="61"/>
						<SP ID="P5_SP00091" HPOS="417" VPOS="612" WIDTH="25"/>
						<String ID="word000092" HPOS="442" VPOS="578" WIDTH="63" HEIGHT="32" CONTENT="the" WC="1.00" CC="000"/>
						<SP ID="P5_SP00092" HPOS="504" VPOS="612" WIDTH="19"/>
						<String ID="word000093" HPOS="523" VPOS="576" WIDTH="135" HEIGHT="33" CONTENT="Orders" WC="0.98" CC="010000"/>
						<SP ID="P5_SP00093" HPOS="658" VPOS="612" WIDTH="24"/>
						<String ID="word000094" HPOS="681" VPOS="576" WIDTH="38" HEIGHT="33" CONTENT="in" WC="1.00" CC="00"/>
						<SP ID="P5_SP00094" HPOS="719" VPOS="612" WIDTH="17"/>
						<String ID="word000095" HPOS="736" VPOS="575" WIDTH="165" HEIGHT="34" CONTENT="Council." WC="0.93" CC="03001010"/>
						<SP ID="P5_SP00095" HPOS="901" VPOS="612" WIDTH="59"/>
						<String ID="word000096" HPOS="960" VPOS="574" WIDTH="34" HEIGHT="33" CONTENT="It" WC="0.94" CC="10"/>
						<SP ID="P5_SP00096" HPOS="994" VPOS="612" WIDTH="20"/>
						<String ID="word000097" HPOS="1015" VPOS="583" WIDTH="73" HEIGHT="24" CONTENT="was" WC="1.00" CC="000"/>
						<SP ID="P5_SP00097" HPOS="1088" VPOS="612" WIDTH="17"/>
						<String ID="word000098" HPOS="1104" VPOS="582" WIDTH="189" HEIGHT="34" CONTENT="necessary" WC="0.95" CC="011011000"/>
						<SP ID="P5_SP00098" HPOS="1293" VPOS="617" WIDTH="15"/>
						<String ID="word000099" HPOS="1309" VPOS="578" WIDTH="35" HEIGHT="27" CONTENT="to" WC="1.00" CC="00"/>
						<SP ID="P5_SP00099" HPOS="1344" VPOS="617" WIDTH="14"/>
						<String ID="word000100" HPOS="1358" VPOS="572" WIDTH="203" HEIGHT="33" CONTENT="resussitate" WC="0.97" CC="01100010000"/>
						<SP ID="P5_SP00100" HPOS="1561" VPOS="617" WIDTH="0"/>
					</TextLine>
					<TextLine ID="P5_TL00011" HPOS="242" VPOS="618" WIDTH="1320" HEIGHT="47">
						<String ID="word000101" HPOS="242" VPOS="626" WIDTH="66" HEIGHT="34" CONTENT="the" WC="0.96" CC="010"/>
						<SP ID="P5_SP00101" HPOS="308" VPOS="660" WIDTH="13"/>
						<String ID="word000102" HPOS="321" VPOS="634" WIDTH="220" HEIGHT="31" CONTENT="commerce," WC="0.99" CC="000000001"/>
						<SP ID="P5_SP00102" HPOS="541" VPOS="665" WIDTH="24"/>
						<String ID="word000103" HPOS="565" VPOS="622" WIDTH="69" HEIGHT="35" CONTENT="and" WC="0.93" CC="101"/>
						<SP ID="P5_SP00103" HPOS="633" VPOS="665" WIDTH="21"/>
						<String ID="word000104" HPOS="654" VPOS="622" WIDTH="185" HEIGHT="34" CONTENT="Ministers" WC="0.97" CC="100000100"/>
						<SP ID="P5_SP00104" HPOS="840" VPOS="665" WIDTH="19"/>
						<String ID="word000105" HPOS="859" VPOS="631" WIDTH="96" HEIGHT="25" CONTENT="were" WC="1.00" CC="0000"/>
						<SP ID="P5_SP00105" HPOS="954" VPOS="665" WIDTH="19"/>
						<String ID="word000106" HPOS="973" VPOS="621" WIDTH="102" HEIGHT="43" CONTENT="oblig" WC="0.69" CC="22325"/>
						<String ID="word000107" HPOS="1078" VPOS="620" WIDTH="43" HEIGHT="33" CONTENT="ed" WC="0.78" CC="22" STYLEREFS="TXT_1"/>
						<SP ID="P5_SP00106" HPOS="1121" VPOS="665" WIDTH="26"/>
						<String ID="word000108" HPOS="1147" VPOS="626" WIDTH="39" HEIGHT="27" CONTENT="to" WC="1.00" CC="00"/>
						<SP ID="P5_SP00107" HPOS="1186" VPOS="665" WIDTH="21"/>
						<String ID="word000109" HPOS="1207" VPOS="620" WIDTH="87" HEIGHT="32" CONTENT="take" WC="1.00" CC="0000"/>
						<SP ID="P5_SP00108" HPOS="1294" VPOS="665" WIDTH="18"/>
						<String ID="word000110" HPOS="1312" VPOS="628" WIDTH="177" HEIGHT="24" CONTENT="measures" WC="0.97" CC="00010001"/>
						<SP ID="P5_SP00109" HPOS="1489" VPOS="665" WIDTH="17"/>
						<String ID="word000111" HPOS="1506" VPOS="618" WIDTH="56" HEIGHT="34" CONTENT="fur" WC="0.81" CC="050" STYLEREFS="TXT_1"/>
						<SP ID="P5_SP00110" HPOS="1561" VPOS="665" WIDTH="0"/>
					</TextLine>
					<TextLine ID="P5_TL00012" HPOS="241" VPOS="666" WIDTH="1320" HEIGHT="51">
						<String ID="word000112" HPOS="241" VPOS="674" WIDTH="86" HEIGHT="33" CONTENT="that" WC="1.00" CC="0000"/>
						<SP ID="P5_SP00111" HPOS="327" VPOS="707" WIDTH="28"/>
						<String ID="word000113" HPOS="356" VPOS="681" WIDTH="177" HEIGHT="35" CONTENT="purpose." WC="0.97" CC="10000100"/>
						<SP ID="P5_SP00112" HPOS="533" VPOS="717" WIDTH="51"/>
						<String ID="word000114" HPOS="583" VPOS="670" WIDTH="79" HEIGHT="35" CONTENT="The" WC="0.67" CC="252" STYLEREFS="TXT_1"/>
						<SP ID="P5_SP00113" HPOS="663" VPOS="717" WIDTH="17"/>
						<String ID="word000115" HPOS="679" VPOS="670" WIDTH="105" HEIGHT="33" CONTENT="trade" WC="1.00" CC="00000"/>
						<SP ID="P5_SP00114" HPOS="784" VPOS="717" WIDTH="19"/>
						<String ID="word000116" HPOS="803" VPOS="669" WIDTH="40" HEIGHT="34" CONTENT="of" WC="1.00" CC="00"/>
						<SP ID="P5_SP00115" HPOS="843" VPOS="717" WIDTH="18"/>
						<String ID="word000117" HPOS="861" VPOS="667" WIDTH="165" HEIGHT="46" CONTENT="England" WC="0.97" CC="0101000"/>
						<SP ID="P5_SP00116" HPOS="1026" VPOS="717" WIDTH="18"/>
						<String ID="word000118" HPOS="1044" VPOS="667" WIDTH="59" HEIGHT="33" CONTENT="for" WC="0.78" CC="222"/>
						<SP ID="P5_SP00117" HPOS="1103" VPOS="717" WIDTH="13"/>
						<String ID="word000119" HPOS="1116" VPOS="667" WIDTH="60" HEIGHT="33" CONTENT="the" WC="0.89" CC="030"/>
						<SP ID="P5_SP00118" HPOS="1176" VPOS="717" WIDTH="21"/>
						<String ID="word000120" HPOS="1198" VPOS="672" WIDTH="76" HEIGHT="28" CONTENT="two" WC="0.96" CC="010"/>
						<SP ID="P5_SP00119" HPOS="1273" VPOS="717" WIDTH="21"/>
						<String ID="word000121" HPOS="1294" VPOS="676" WIDTH="105" HEIGHT="33" CONTENT="years" WC="0.93" CC="10101"/>
						<SP ID="P5_SP00120" HPOS="1400" VPOS="717" WIDTH="15"/>
						<String ID="word000122" HPOS="1415" VPOS="666" WIDTH="146" HEIGHT="43" CONTENT="preced." WC="0.60" CC="3333337"/>
						<SP ID="P5_SP00121" HPOS="1561" VPOS="717" WIDTH="0"/>
					</TextLine>
					<TextLine ID="P5_TL00013" HPOS="242" VPOS="713" WIDTH="1321" HEIGHT="52">
						<String ID="word000123" HPOS="242" VPOS="720" WIDTH="64" HEIGHT="45" CONTENT="ing" WC="1.00" CC="000"/>
						<SP ID="P5_SP00122" HPOS="306" VPOS="765" WIDTH="17"/>
						<String ID="word000124" HPOS="322" VPOS="720" WIDTH="61" HEIGHT="33" CONTENT="the" WC="1.00" CC="000"/>
						<SP ID="P5_SP00123" HPOS="384" VPOS="765" WIDTH="21"/>
						<String ID="word000125" HPOS="405" VPOS="719" WIDTH="84" HEIGHT="34" CONTENT="10th" WC="0.92" CC="1002"/>
						<SP ID="P5_SP00124" HPOS="489" VPOS="765" WIDTH="18"/>
						<String ID="word000126" HPOS="507" VPOS="718" WIDTH="45" HEIGHT="34" CONTENT="of" WC="1.00" CC="00"/>
						<SP ID="P5_SP00125" HPOS="552" VPOS="765" WIDTH="14"/>
						<String ID="word000127" HPOS="566" VPOS="718" WIDTH="180" HEIGHT="40" CONTENT="October," WC="1.00" CC="00000000"/>
						<SP ID="P5_SP00126" HPOS="745" VPOS="765" WIDTH="28"/>
						<String ID="word000128" HPOS="774" VPOS="717" WIDTH="104" HEIGHT="43" CONTENT="1807," WC="0.89" CC="00041"/>
						<SP ID="P5_SP00127" HPOS="878" VPOS="765" WIDTH="30"/>
						<String ID="word000129" HPOS="907" VPOS="726" WIDTH="74" HEIGHT="22" CONTENT="was" WC="1.00" CC="000"/>
						<SP ID="P5_SP00128" HPOS="981" VPOS="765" WIDTH="15"/>
						<String ID="word000130" HPOS="997" VPOS="715" WIDTH="177" HEIGHT="44" CONTENT="certainly" WC="1.00" CC="000000000"/>
						<SP ID="P5_SP00129" HPOS="1174" VPOS="765" WIDTH="22"/>
						<String ID="word000131" HPOS="1196" VPOS="715" WIDTH="65" HEIGHT="32" CONTENT="but" WC="0.96" CC="010"/>
						<SP ID="P5_SP00130" HPOS="1261" VPOS="765" WIDTH="24"/>
						<String ID="word000132" HPOS="1285" VPOS="713" WIDTH="172" HEIGHT="33" CONTENT="nominal." WC="1.00" CC="00000000"/>
						<SP ID="P5_SP00131" HPOS="1457" VPOS="765" WIDTH="51"/>
						<String ID="word000133" HPOS="1508" VPOS="713" WIDTH="54" HEIGHT="33" CONTENT="On" WC="1.00" CC="00"/>
						<SP ID="P5_SP00132" HPOS="1563" VPOS="765" WIDTH="0"/>
					</TextLine>
					<TextLine ID="P5_TL00014" HPOS="242" VPOS="759" WIDTH="1319" HEIGHT="54">
						<String ID="word000134" HPOS="242" VPOS="769" WIDTH="66" HEIGHT="34" CONTENT="the" WC="1.00" CC="000"/>
						<SP ID="P5_SP00133" HPOS="308" VPOS="803" WIDTH="19"/>
						<String ID="word000135" HPOS="327" VPOS="768" WIDTH="145" HEIGHT="45" CONTENT="passing" WC="0.98" CC="0000010"/>
						<SP ID="P5_SP00134" HPOS="472" VPOS="813" WIDTH="30"/>
						<String ID="word000136" HPOS="502" VPOS="765" WIDTH="43" HEIGHT="33" CONTENT="of" WC="1.00" CC="00"/>
						<SP ID="P5_SP00135" HPOS="544" VPOS="813" WIDTH="25"/>
						<String ID="word000137" HPOS="569" VPOS="767" WIDTH="63" HEIGHT="32" CONTENT="the" WC="1.00" CC="000"/>
						<SP ID="P5_SP00136" HPOS="632" VPOS="813" WIDTH="24"/>
						<String ID="word000138" HPOS="656" VPOS="764" WIDTH="137" HEIGHT="35" CONTENT="Orders" WC="1.00" CC="000000"/>
						<SP ID="P5_SP00137" HPOS="793" VPOS="813" WIDTH="32"/>
						<String ID="word000139" HPOS="824" VPOS="765" WIDTH="33" HEIGHT="32" CONTENT="in" WC="1.00" CC="00"/>
						<SP ID="P5_SP00138" HPOS="857" VPOS="813" WIDTH="34"/>
						<String ID="word000140" HPOS="892" VPOS="762" WIDTH="174" HEIGHT="40" CONTENT="Council," WC="0.99" CC="00010000"/>
						<SP ID="P5_SP00139" HPOS="1065" VPOS="813" WIDTH="27"/>
						<String ID="word000141" HPOS="1093" VPOS="762" WIDTH="184" HEIGHT="41" CONTENT="however," WC="1.00" CC="00000000"/>
						<SP ID="P5_SP00140" HPOS="1277" VPOS="813" WIDTH="28"/>
						<String ID="word000142" HPOS="1305" VPOS="759" WIDTH="137" HEIGHT="34" CONTENT="instead" WC="0.94" CC="0010111"/>
						<SP ID="P5_SP00141" HPOS="1442" VPOS="813" WIDTH="31"/>
						<String ID="word000143" HPOS="1473" VPOS="759" WIDTH="43" HEIGHT="33" CONTENT="of" WC="1.00" CC="00"/>
						<SP ID="P5_SP00142" HPOS="1515" VPOS="813" WIDTH="24"/>
						<String ID="word000144" HPOS="1539" VPOS="770" WIDTH="22" HEIGHT="22" CONTENT="a" WC="0.89" CC="1"/>
						<SP ID="P5_SP00143" HPOS="1561" VPOS="813" WIDTH="0"/>
					</TextLine>
					<TextLine ID="P5_TL00015" HPOS="243" VPOS="807" WIDTH="1321" HEIGHT="46">
						<String ID="word000145" HPOS="243" VPOS="815" WIDTH="145" HEIGHT="37" CONTENT="further" WC="1.00" CC="0000000"/>
						<SP ID="P5_SP00144" HPOS="389" VPOS="852" WIDTH="15"/>
						<String ID="word000146" HPOS="404" VPOS="813" WIDTH="239" HEIGHT="40" CONTENT="continnance" WC="0.58" CC="34833353333"/>
						<SP ID="P5_SP00145" HPOS="643" VPOS="853" WIDTH="25"/>
						<String ID="word000147" HPOS="667" VPOS="811" WIDTH="44" HEIGHT="34" CONTENT="of" WC="1.00" CC="00"/>
						<SP ID="P5_SP00146" HPOS="711" VPOS="853" WIDTH="30"/>
						<String ID="word000148" HPOS="741" VPOS="820" WIDTH="39" HEIGHT="25" CONTENT="so" WC="0.44" CC="55"/>
						<SP ID="P5_SP00147" HPOS="780" VPOS="853" WIDTH="19"/>
						<String ID="word000149" HPOS="798" VPOS="811" WIDTH="196" HEIGHT="33" CONTENT="disastrous" WC="0.99" CC="0000001000"/>
						<SP ID="P5_SP00148" HPOS="994" VPOS="853" WIDTH="26"/>
						<String ID="word000150" HPOS="1020" VPOS="820" WIDTH="25" HEIGHT="25" CONTENT="a" WC="1.00" CC="0"/>
						<SP ID="P5_SP00149" HPOS="1045" VPOS="853" WIDTH="14"/>
						<String ID="word000151" HPOS="1059" VPOS="808" WIDTH="197" HEIGHT="44" CONTENT="calamity," WC="0.99" CC="000000001"/>
						<SP ID="P5_SP00150" HPOS="1257" VPOS="853" WIDTH="24"/>
						<String ID="word000152" HPOS="1280" VPOS="807" WIDTH="60" HEIGHT="33" CONTENT="the" WC="1.00" CC="000"/>
						<SP ID="P5_SP00151" HPOS="1341" VPOS="853" WIDTH="19"/>
						<String ID="word000153" HPOS="1359" VPOS="807" WIDTH="103" HEIGHT="33" CONTENT="trade" WC="1.00" CC="00000"/>
						<SP ID="P5_SP00152" HPOS="1462" VPOS="853" WIDTH="15"/>
						<String ID="word000154" HPOS="1478" VPOS="817" WIDTH="65" HEIGHT="34" CONTENT="pro" SUBS_TYPE="HypPart1" SUBS_CONTENT="progressively" WC="0.86" CC="031"/>
						<HYP HPOS="1543" VPOS="817" WIDTH="21" CONTENT="-"/>
					</TextLine>
					<TextLine ID="P5_TL00016" HPOS="244" VPOS="854" WIDTH="1321" HEIGHT="53">
						<String ID="word000155" HPOS="244" VPOS="863" WIDTH="202" HEIGHT="44" CONTENT="gressively" SUBS_TYPE="HypPart2" SUBS_CONTENT="progressively" WC="0.93" CC="0100003110"/>
						<SP ID="P5_SP00153" HPOS="446" VPOS="907" WIDTH="15"/>
						<String ID="word000156" HPOS="462" VPOS="860" WIDTH="202" HEIGHT="41" CONTENT="increased," WC="0.95" CC="0120100000"/>
						<SP ID="P5_SP00154" HPOS="664" VPOS="907" WIDTH="17"/>
						<String ID="word000157" HPOS="680" VPOS="857" WIDTH="71" HEIGHT="37" CONTENT="and" WC="1.00" CC="000"/>
						<SP ID="P5_SP00155" HPOS="751" VPOS="907" WIDTH="18"/>
						<String ID="word000158" HPOS="769" VPOS="859" WIDTH="61" HEIGHT="33" CONTENT="the" WC="1.00" CC="000"/>
						<SP ID="P5_SP00156" HPOS="830" VPOS="907" WIDTH="14"/>
						<String ID="word000159" HPOS="844" VPOS="857" WIDTH="193" HEIGHT="46" CONTENT="prophecy" WC="0.96" CC="10110000"/>
						<SP ID="P5_SP00157" HPOS="1037" VPOS="907" WIDTH="18"/>
						<String ID="word000160" HPOS="1055" VPOS="863" WIDTH="40" HEIGHT="27" CONTENT="to" WC="1.00" CC="00"/>
						<SP ID="P5_SP00158" HPOS="1095" VPOS="907" WIDTH="20"/>
						<String ID="word000161" HPOS="1115" VPOS="855" WIDTH="120" HEIGHT="34" CONTENT="which" WC="1.00" CC="00000"/>
						<SP ID="P5_SP00159" HPOS="1235" VPOS="907" WIDTH="18"/>
						<String ID="word000162" HPOS="1253" VPOS="854" WIDTH="58" HEIGHT="34" CONTENT="the" WC="1.00" CC="000"/>
						<SP ID="P5_SP00160" HPOS="1311" VPOS="907" WIDTH="17"/>
						<String ID="word000163" HPOS="1328" VPOS="854" WIDTH="237" HEIGHT="34" CONTENT="Honourable" WC="0.91" CC="0000111140"/>
						<SP ID="P5_SP00161" HPOS="1565" VPOS="907" WIDTH="0"/>
					</TextLine>
					<TextLine ID="P5_TL00017" HPOS="248" VPOS="902" WIDTH="1321" HEIGHT="48">
						<String ID="word000164" HPOS="248" VPOS="911" WIDTH="215" HEIGHT="33" CONTENT="Gentleman" WC="0.81" CC="701110104"/>
						<SP ID="P5_SP00162" HPOS="463" VPOS="944" WIDTH="17"/>
						<String ID="word000165" HPOS="480" VPOS="908" WIDTH="163" HEIGHT="41" CONTENT="alluded," WC="0.99" CC="00100000"/>
						<SP ID="P5_SP00163" HPOS="643" VPOS="950" WIDTH="27"/>
						<String ID="word000166" HPOS="670" VPOS="907" WIDTH="141" HEIGHT="35" CONTENT="instead" WC="0.95" CC="0300000"/>
						<SP ID="P5_SP00164" HPOS="810" VPOS="950" WIDTH="13"/>
						<String ID="word000167" HPOS="823" VPOS="906" WIDTH="43" HEIGHT="33" CONTENT="of" WC="1.00" CC="00"/>
						<SP ID="P5_SP00165" HPOS="866" VPOS="950" WIDTH="12"/>
						<String ID="word000168" HPOS="878" VPOS="905" WIDTH="148" HEIGHT="44" CONTENT="failing," WC="0.99" CC="00000100"/>
						<SP ID="P5_SP00166" HPOS="1025" VPOS="950" WIDTH="27"/>
						<String ID="word000169" HPOS="1052" VPOS="914" WIDTH="72" HEIGHT="24" CONTENT="was" WC="1.00" CC="000"/>
						<SP ID="P5_SP00167" HPOS="1124" VPOS="950" WIDTH="18"/>
						<String ID="word000170" HPOS="1142" VPOS="902" WIDTH="155" HEIGHT="34" CONTENT="fulfilled" WC="1.00" CC="000000000"/>
						<SP ID="P5_SP00168" HPOS="1297" VPOS="950" WIDTH="15"/>
						<String ID="word000171" HPOS="1312" VPOS="907" WIDTH="37" HEIGHT="28" CONTENT="to" WC="1.00" CC="00"/>
						<SP ID="P5_SP00169" HPOS="1349" VPOS="950" WIDTH="18"/>
						<String ID="word000172" HPOS="1367" VPOS="902" WIDTH="59" HEIGHT="32" CONTENT="the" WC="0.93" CC="002"/>
						<SP ID="P5_SP00170" HPOS="1426" VPOS="950" WIDTH="13"/>
						<String ID="word000173" HPOS="1439" VPOS="906" WIDTH="130" HEIGHT="28" CONTENT="utmost" WC="0.98" CC="100000"/>
						<SP ID="P5_SP00171" HPOS="1569" VPOS="950" WIDTH="0"/>
					</TextLine>
					<TextLine ID="P5_TL00018" HPOS="244" VPOS="948" WIDTH="1323" HEIGHT="53">
						<String ID="word000174" HPOS="244" VPOS="961" WIDTH="132" HEIGHT="32" CONTENT="extent" WC="0.98" CC="000010"/>
						<SP ID="P5_SP00172" HPOS="377" VPOS="993" WIDTH="17"/>
						<String ID="word000175" HPOS="393" VPOS="956" WIDTH="43" HEIGHT="35" CONTENT="of" WC="1.00" CC="00"/>
						<SP ID="P5_SP00173" HPOS="436" VPOS="993" WIDTH="14"/>
						<String ID="word000176" HPOS="450" VPOS="956" WIDTH="61" HEIGHT="34" CONTENT="the" WC="1.00" CC="000"/>
						<SP ID="P5_SP00174" HPOS="511" VPOS="993" WIDTH="14"/>
						<String ID="word000177" HPOS="526" VPOS="956" WIDTH="259" HEIGHT="45" CONTENT="expectations" WC="0.97" CC="101100000000"/>
						<SP ID="P5_SP00175" HPOS="784" VPOS="1000" WIDTH="28"/>
						<String ID="word000178" HPOS="813" VPOS="953" WIDTH="41" HEIGHT="34" CONTENT="of" WC="1.00" CC="00"/>
						<SP ID="P5_SP00176" HPOS="854" VPOS="1000" WIDTH="17"/>
						<String ID="word000179" HPOS="870" VPOS="953" WIDTH="198" HEIGHT="34" CONTENT="Ministers." WC="0.98" CC="1000010000"/>
						<SP ID="P5_SP00177" HPOS="1069" VPOS="1000" WIDTH="50"/>
						<String ID="word000180" HPOS="1119" VPOS="951" WIDTH="79" HEIGHT="33" CONTENT="The" WC="1.00" CC="000"/>
						<SP ID="P5_SP00178" HPOS="1198" VPOS="1000" WIDTH="14"/>
						<String ID="word000181" HPOS="1212" VPOS="948" WIDTH="135" HEIGHT="34" CONTENT="Orders" WC="0.69" CC="121427"/>
						<SP ID="P5_SP00179" HPOS="1346" VPOS="1000" WIDTH="20"/>
						<String ID="word000182" HPOS="1367" VPOS="948" WIDTH="34" HEIGHT="33" CONTENT="in" WC="1.00" CC="00"/>
						<SP ID="P5_SP00180" HPOS="1401" VPOS="1000" WIDTH="18"/>
						<String ID="word000183" HPOS="1419" VPOS="948" WIDTH="148" HEIGHT="34" CONTENT="Council" WC="0.95" CC="1200000"/>
						<SP ID="P5_SP00181" HPOS="1566" VPOS="1000" WIDTH="0"/>
					</TextLine>
					<TextLine ID="P5_TL00019" HPOS="244" VPOS="994" WIDTH="1325" HEIGHT="48">
						<String ID="word000184" HPOS="244" VPOS="1006" WIDTH="156" HEIGHT="35" CONTENT="became" WC="1.00" CC="000000"/>
						<SP ID="P5_SP00182" HPOS="400" VPOS="1042" WIDTH="19"/>
						<String ID="word000185" HPOS="419" VPOS="1003" WIDTH="184" HEIGHT="35" CONTENT="therefore" WC="1.00" CC="000000000"/>
						<SP ID="P5_SP00183" HPOS="604" VPOS="1042" WIDTH="13"/>
						<String ID="word000186" HPOS="617" VPOS="1013" WIDTH="25" HEIGHT="22" CONTENT="a" WC="1.00" CC="0"/>
						<SP ID="P5_SP00184" HPOS="641" VPOS="1042" WIDTH="18"/>
						<String ID="word000187" HPOS="659" VPOS="1012" WIDTH="164" HEIGHT="28" CONTENT="measure" WC="1.00" CC="0000000"/>
						<SP ID="P5_SP00185" HPOS="823" VPOS="1042" WIDTH="21"/>
						<String ID="word000188" HPOS="844" VPOS="1002" WIDTH="44" HEIGHT="33" CONTENT="of" WC="1.00" CC="00"/>
						<SP ID="P5_SP00186" HPOS="888" VPOS="1042" WIDTH="14"/>
						<String ID="word000189" HPOS="902" VPOS="999" WIDTH="143" HEIGHT="43" CONTENT="utility," WC="1.00" CC="00000000"/>
						<SP ID="P5_SP00187" HPOS="1045" VPOS="1042" WIDTH="25"/>
						<String ID="word000190" HPOS="1070" VPOS="998" WIDTH="69" HEIGHT="34" CONTENT="and" WC="0.96" CC="100"/>
						<SP ID="P5_SP00188" HPOS="1139" VPOS="1042" WIDTH="19"/>
						<String ID="word000191" HPOS="1157" VPOS="997" WIDTH="43" HEIGHT="34" CONTENT="of" WC="1.00" CC="00"/>
						<SP ID="P5_SP00189" HPOS="1200" VPOS="1042" WIDTH="13"/>
						<String ID="word000192" HPOS="1213" VPOS="996" WIDTH="142" HEIGHT="45" CONTENT="general" WC="0.97" CC="0011000"/>
						<SP ID="P5_SP00190" HPOS="1355" VPOS="1042" WIDTH="21"/>
						<String ID="word000193" HPOS="1376" VPOS="994" WIDTH="193" HEIGHT="33" CONTENT="benefit.—" WC="0.84" CC="021033022"/>
					</TextLine>
					<TextLine ID="P5_TL00020" HPOS="250" VPOS="1043" WIDTH="1319" HEIGHT="50">
						<String ID="word000194" HPOS="250" VPOS="1054" WIDTH="63" HEIGHT="34" CONTENT="He" WC="0.83" CC="30"/>
						<SP ID="P5_SP00191" HPOS="313" VPOS="1088" WIDTH="17"/>
						<String ID="word000195" HPOS="330" VPOS="1051" WIDTH="168" HEIGHT="41" CONTENT="showed," WC="0.94" CC="0110002"/>
						<SP ID="P5_SP00192" HPOS="497" VPOS="1093" WIDTH="9"/>
						<String ID="word000196" HPOS="507" VPOS="1050" WIDTH="92" HEIGHT="35" CONTENT="from" WC="0.97" CC="0010"/>
						<SP ID="P5_SP00193" HPOS="599" VPOS="1093" WIDTH="14"/>
						<String ID="word000197" HPOS="613" VPOS="1050" WIDTH="63" HEIGHT="41" CONTENT="the" WC="0.96" CC="100"/>
						<SP ID="P5_SP00194" HPOS="676" VPOS="1093" WIDTH="20"/>
						<String ID="word000198" HPOS="696" VPOS="1050" WIDTH="142" HEIGHT="41" CONTENT="history" WC="0.95" CC="1020000"/>
						<SP ID="P5_SP00195" HPOS="837" VPOS="1093" WIDTH="18"/>
						<String ID="word000199" HPOS="855" VPOS="1048" WIDTH="41" HEIGHT="33" CONTENT="of" WC="1.00" CC="00"/>
						<SP ID="P5_SP00196" HPOS="896" VPOS="1093" WIDTH="14"/>
						<String ID="word000200" HPOS="911" VPOS="1046" WIDTH="61" HEIGHT="34" CONTENT="the" WC="1.00" CC="000"/>
						<SP ID="P5_SP00197" HPOS="972" VPOS="1093" WIDTH="19"/>
						<String ID="word000201" HPOS="991" VPOS="1046" WIDTH="99" HEIGHT="44" CONTENT="reign" WC="1.00" CC="00000"/>
						<SP ID="P5_SP00198" HPOS="1090" VPOS="1093" WIDTH="17"/>
						<String ID="word000202" HPOS="1107" VPOS="1045" WIDTH="44" HEIGHT="33" CONTENT="of" WC="1.00" CC="00"/>
						<SP ID="P5_SP00199" HPOS="1150" VPOS="1093" WIDTH="17"/>
						<String ID="word000203" HPOS="1167" VPOS="1044" WIDTH="129" HEIGHT="44" CONTENT="Phiiip" WC="0.94" CC="001101"/>
						<SP ID="P5_SP00200" HPOS="1296" VPOS="1093" WIDTH="20"/>
						<String ID="word000204" HPOS="1316" VPOS="1043" WIDTH="56" HEIGHT="33" CONTENT="11." WC="0.67" CC="333"/>
						<SP ID="P5_SP00201" HPOS="1371" VPOS="1093" WIDTH="14"/>
						<String ID="word000205" HPOS="1385" VPOS="1043" WIDTH="41" HEIGHT="32" CONTENT="of" WC="0.89" CC="20"/>
						<SP ID="P5_SP00202" HPOS="1427" VPOS="1093" WIDTH="17"/>
						<String ID="word000206" HPOS="1443" VPOS="1043" WIDTH="125" HEIGHT="43" CONTENT="Spain," WC="0.96" CC="100010"/>
						<SP ID="P5_SP00203" HPOS="1569" VPOS="1093" WIDTH="0"/>
					</TextLine>
					<TextLine ID="P5_TL00021" HPOS="249" VPOS="1089" WIDTH="1322" HEIGHT="48">
						<String ID="word000207" HPOS="249" VPOS="1101" WIDTH="83" HEIGHT="34" CONTENT="that" WC="1.00" CC="0000"/>
						<SP ID="P5_SP00204" HPOS="332" VPOS="1135" WIDTH="27"/>
						<String ID="word000208" HPOS="359" VPOS="1109" WIDTH="180" HEIGHT="25" CONTENT="measures" WC="1.00" CC="00000000"/>
						<SP ID="P5_SP00205" HPOS="539" VPOS="1135" WIDTH="28"/>
						<String ID="word000209" HPOS="567" VPOS="1098" WIDTH="142" HEIGHT="39" CONTENT="similar" WC="0.87" CC="0132200"/>
						<SP ID="P5_SP00206" HPOS="709" VPOS="1137" WIDTH="31"/>
						<String ID="word000210" HPOS="739" VPOS="1102" WIDTH="39" HEIGHT="30" CONTENT="to" WC="1.00" CC="00"/>
						<SP ID="P5_SP00207" HPOS="778" VPOS="1137" WIDTH="27"/>
						<String ID="word000211" HPOS="806" VPOS="1106" WIDTH="65" HEIGHT="24" CONTENT="our" WC="1.00" CC="000"/>
						<SP ID="P5_SP00208" HPOS="870" VPOS="1137" WIDTH="19"/>
						<String ID="word000212" HPOS="889" VPOS="1096" WIDTH="135" HEIGHT="33" CONTENT="Orders" WC="0.96" CC="000002"/>
						<SP ID="P5_SP00209" HPOS="1024" VPOS="1137" WIDTH="28"/>
						<String ID="word000213" HPOS="1052" VPOS="1103" WIDTH="35" HEIGHT="24" CONTENT="in" WC="0.83" CC="30"/>
						<SP ID="P5_SP00210" HPOS="1088" VPOS="1137" WIDTH="31"/>
						<String ID="word000214" HPOS="1119" VPOS="1090" WIDTH="155" HEIGHT="37" CONTENT="Council" WC="0.97" CC="0010001"/>
						<SP ID="P5_SP00211" HPOS="1273" VPOS="1137" WIDTH="20"/>
						<String ID="word000215" HPOS="1293" VPOS="1089" WIDTH="66" HEIGHT="34" CONTENT="had" WC="0.96" CC="010"/>
						<SP ID="P5_SP00212" HPOS="1359" VPOS="1137" WIDTH="20"/>
						<String ID="word000216" HPOS="1380" VPOS="1091" WIDTH="89" HEIGHT="32" CONTENT="been" WC="1.00" CC="0000"/>
						<SP ID="P5_SP00213" HPOS="1468" VPOS="1137" WIDTH="18"/>
						<String ID="word000217" HPOS="1486" VPOS="1100" WIDTH="64" HEIGHT="24" CONTENT="exe" SUBS_TYPE="HypPart1" SUBS_CONTENT="executed" WC="0.67" CC="315"/>
						<HYP HPOS="1550" VPOS="1100" WIDTH="21" CONTENT="-"/>
					</TextLine>
					<TextLine ID="P5_TL00022" HPOS="249" VPOS="1136" WIDTH="1320" HEIGHT="56">
						<String ID="word000218" HPOS="249" VPOS="1147" WIDTH="109" HEIGHT="37" CONTENT="cuted" SUBS_TYPE="HypPart2" SUBS_CONTENT="executed" WC="0.76" CC="32222"/>
						<SP ID="P5_SP00214" HPOS="358" VPOS="1183" WIDTH="19"/>
						<String ID="word000219" HPOS="377" VPOS="1148" WIDTH="48" HEIGHT="44" CONTENT="by" WC="1.00" CC="00"/>
						<SP ID="P5_SP00215" HPOS="425" VPOS="1192" WIDTH="15"/>
						<String ID="word000220" HPOS="441" VPOS="1146" WIDTH="64" HEIGHT="35" CONTENT="the" WC="0.96" CC="001"/>
						<SP ID="P5_SP00216" HPOS="504" VPOS="1192" WIDTH="21"/>
						<String ID="word000221" HPOS="526" VPOS="1146" WIDTH="123" HEIGHT="35" CONTENT="Dutch" WC="1.00" CC="00000"/>
						<SP ID="P5_SP00217" HPOS="648" VPOS="1192" WIDTH="20"/>
						<String ID="word000222" HPOS="669" VPOS="1144" WIDTH="257" HEIGHT="39" CONTENT="Government," WC="1.00" CC="00000000000"/>
						<SP ID="P5_SP00218" HPOS="926" VPOS="1192" WIDTH="32"/>
						<String ID="word000223" HPOS="958" VPOS="1140" WIDTH="122" HEIGHT="37" CONTENT="which" WC="0.98" CC="01000"/>
						<SP ID="P5_SP00219" HPOS="1080" VPOS="1192" WIDTH="20"/>
						<String ID="word000224" HPOS="1100" VPOS="1149" WIDTH="97" HEIGHT="25" CONTENT="were" WC="1.00" CC="0000"/>
						<SP ID="P5_SP00220" HPOS="1196" VPOS="1192" WIDTH="24"/>
						<String ID="word000225" HPOS="1220" VPOS="1136" WIDTH="213" HEIGHT="46" CONTENT="acq6iesceci" WC="0.46" CC="33685333388"/>
						<SP ID="P5_SP00221" HPOS="1433" VPOS="1192" WIDTH="32"/>
						<String ID="word000226" HPOS="1465" VPOS="1137" WIDTH="33" HEIGHT="33" CONTENT="in" WC="1.00" CC="00"/>
						<SP ID="P5_SP00222" HPOS="1498" VPOS="1192" WIDTH="25"/>
						<String ID="word000227" HPOS="1522" VPOS="1139" WIDTH="46" HEIGHT="40" CONTENT="by" WC="1.00" CC="00"/>
						<SP ID="P5_SP00223" HPOS="1569" VPOS="1192" WIDTH="0"/>
					</TextLine>
					<TextLine ID="P5_TL00023" HPOS="249" VPOS="1183" WIDTH="1322" HEIGHT="53">
						<String ID="word000228" HPOS="249" VPOS="1196" WIDTH="83" HEIGHT="33" CONTENT="that" WC="1.00" CC="0000"/>
						<SP ID="P5_SP00224" HPOS="332" VPOS="1230" WIDTH="33"/>
						<String ID="word000229" HPOS="365" VPOS="1195" WIDTH="174" HEIGHT="34" CONTENT="monarch" WC="0.95" CC="0000003"/>
						<SP ID="P5_SP00225" HPOS="539" VPOS="1230" WIDTH="32"/>
						<String ID="word000230" HPOS="570" VPOS="1193" WIDTH="72" HEIGHT="35" CONTENT="and" WC="0.96" CC="100"/>
						<SP ID="P5_SP00226" HPOS="643" VPOS="1230" WIDTH="26"/>
						<String ID="word000231" HPOS="669" VPOS="1192" WIDTH="65" HEIGHT="35" CONTENT="the" WC="1.00" CC="000"/>
						<SP ID="P5_SP00227" HPOS="733" VPOS="1230" WIDTH="26"/>
						<String ID="word000232" HPOS="759" VPOS="1191" WIDTH="106" HEIGHT="34" CONTENT="other" WC="1.00" CC="00000"/>
						<SP ID="P5_SP00228" HPOS="866" VPOS="1230" WIDTH="30"/>
						<String ID="word000233" HPOS="895" VPOS="1193" WIDTH="209" HEIGHT="43" CONTENT="potentates" WC="0.99" CC="0100000000"/>
						<SP ID="P5_SP00229" HPOS="1104" VPOS="1235" WIDTH="27"/>
						<String ID="word000234" HPOS="1131" VPOS="1186" WIDTH="43" HEIGHT="34" CONTENT="of" WC="1.00" CC="00"/>
						<SP ID="P5_SP00230" HPOS="1174" VPOS="1235" WIDTH="17"/>
						<String ID="word000235" HPOS="1191" VPOS="1186" WIDTH="150" HEIGHT="44" CONTENT="Europe" WC="0.96" CC="000002"/>
						<SP ID="P5_SP00231" HPOS="1341" VPOS="1235" WIDTH="17"/>
						<String ID="word000236" HPOS="1357" VPOS="1196" WIDTH="11" HEIGHT="27" CONTENT=";" WC="0.78" CC="2"/>
						<SP ID="P5_SP00232" HPOS="1368" VPOS="1235" WIDTH="26"/>
						<String ID="word000237" HPOS="1394" VPOS="1183" WIDTH="69" HEIGHT="33" CONTENT="and" WC="1.00" CC="000"/>
						<SP ID="P5_SP00233" HPOS="1462" VPOS="1235" WIDTH="19"/>
						<String ID="word000238" HPOS="1481" VPOS="1183" WIDTH="90" HEIGHT="33" CONTENT="from" WC="1.00" CC="0000"/>
						<SP ID="P5_SP00234" HPOS="1571" VPOS="1235" WIDTH="0"/>
					</TextLine>
					<TextLine ID="P5_TL00024" HPOS="253" VPOS="1231" WIDTH="1320" HEIGHT="58">
						<String ID="word000239" HPOS="253" VPOS="1243" WIDTH="116" HEIGHT="38" CONTENT="hence" WC="0.93" CC="30000"/>
						<SP ID="P5_SP00235" HPOS="369" VPOS="1280" WIDTH="15"/>
						<String ID="word000240" HPOS="384" VPOS="1243" WIDTH="44" HEIGHT="33" CONTENT="he" WC="1.00" CC="00"/>
						<SP ID="P5_SP00236" HPOS="428" VPOS="1280" WIDTH="15"/>
						<String ID="word000241" HPOS="443" VPOS="1243" WIDTH="156" HEIGHT="46" CONTENT="argued," WC="1.00" CC="0000000"/>
						<SP ID="P5_SP00237" HPOS="599" VPOS="1289" WIDTH="14"/>
						<String ID="word000242" HPOS="613" VPOS="1240" WIDTH="81" HEIGHT="35" CONTENT="that" WC="1.00" CC="0000"/>
						<SP ID="P5_SP00238" HPOS="694" VPOS="1289" WIDTH="15"/>
						<String ID="word000243" HPOS="710" VPOS="1239" WIDTH="64" HEIGHT="35" CONTENT="the" WC="1.00" CC="000"/>
						<SP ID="P5_SP00239" HPOS="774" VPOS="1289" WIDTH="17"/>
						<String ID="word000244" HPOS="790" VPOS="1238" WIDTH="177" HEIGHT="35" CONTENT="assertion" WC="0.99" CC="000000001"/>
						<SP ID="P5_SP00240" HPOS="967" VPOS="1289" WIDTH="19"/>
						<String ID="word000245" HPOS="986" VPOS="1235" WIDTH="80" HEIGHT="33" CONTENT="that" WC="1.00" CC="0000"/>
						<SP ID="P5_SP00241" HPOS="1067" VPOS="1289" WIDTH="17"/>
						<String ID="word000246" HPOS="1083" VPOS="1235" WIDTH="70" HEIGHT="33" CONTENT="this" WC="1.00" CC="0000"/>
						<SP ID="P5_SP00242" HPOS="1153" VPOS="1289" WIDTH="19"/>
						<String ID="word000247" HPOS="1172" VPOS="1243" WIDTH="162" HEIGHT="25" CONTENT="measure" WC="1.00" CC="0000000"/>
						<SP ID="P5_SP00243" HPOS="1333" VPOS="1289" WIDTH="12"/>
						<String ID="word000248" HPOS="1345" VPOS="1231" WIDTH="45" HEIGHT="34" CONTENT="of" WC="1.00" CC="00"/>
						<SP ID="P5_SP00244" HPOS="1390" VPOS="1289" WIDTH="9"/>
						<String ID="word000249" HPOS="1400" VPOS="1241" WIDTH="81" HEIGHT="24" CONTENT="ours" WC="1.00" CC="0000"/>
						<SP ID="P5_SP00245" HPOS="1481" VPOS="1289" WIDTH="18"/>
						<String ID="word000250" HPOS="1499" VPOS="1241" WIDTH="74" HEIGHT="24" CONTENT="was" WC="0.96" CC="001"/>
						<SP ID="P5_SP00246" HPOS="1573" VPOS="1289" WIDTH="0"/>
					</TextLine>
					<TextLine ID="P5_TL00025" HPOS="253" VPOS="1277" WIDTH="1327" HEIGHT="59">
						<String ID="word000251" HPOS="253" VPOS="1290" WIDTH="276" HEIGHT="46" CONTENT="unparalleled," WC="0.94" CC="1002002101000"/>
						<SP ID="P5_SP00247" HPOS="529" VPOS="1336" WIDTH="21"/>
						<String ID="word000252" HPOS="550" VPOS="1299" WIDTH="73" HEIGHT="27" CONTENT="was" WC="1.00" CC="000"/>
						<SP ID="P5_SP00248" HPOS="624" VPOS="1336" WIDTH="15"/>
						<String ID="word000253" HPOS="639" VPOS="1292" WIDTH="143" HEIGHT="30" CONTENT="untrue." WC="1.00" CC="0000000"/>
						<SP ID="P5_SP00249" HPOS="782" VPOS="1336" WIDTH="50"/>
						<String ID="word000254" HPOS="831" VPOS="1286" WIDTH="59" HEIGHT="34" CONTENT="He" WC="1.00" CC="00"/>
						<SP ID="P5_SP00250" HPOS="891" VPOS="1336" WIDTH="26"/>
						<String ID="word000255" HPOS="917" VPOS="1284" WIDTH="158" HEIGHT="44" CONTENT="thought" WC="0.98" CC="0000100"/>
						<SP ID="P5_SP00251" HPOS="1075" VPOS="1336" WIDTH="15"/>
						<String ID="word000256" HPOS="1090" VPOS="1281" WIDTH="80" HEIGHT="33" CONTENT="that" WC="1.00" CC="0000"/>
						<SP ID="P5_SP00252" HPOS="1170" VPOS="1336" WIDTH="15"/>
						<String ID="word000257" HPOS="1186" VPOS="1280" WIDTH="61" HEIGHT="34" CONTENT="the" WC="0.96" CC="010"/>
						<SP ID="P5_SP00253" HPOS="1247" VPOS="1336" WIDTH="21"/>
						<String ID="word000258" HPOS="1269" VPOS="1279" WIDTH="243" HEIGHT="45" CONTENT="propositions" WC="1.00" CC="000000000000"/>
						<SP ID="P5_SP00254" HPOS="1512" VPOS="1336" WIDTH="25"/>
						<String ID="word000259" HPOS="1537" VPOS="1277" WIDTH="43" HEIGHT="34" CONTENT="of" WC="1.00" CC="00"/>
						<SP ID="P5_SP00255" HPOS="1579" VPOS="1336" WIDTH="0"/>
					</TextLine>
					<TextLine ID="P5_TL00026" HPOS="252" VPOS="1326" WIDTH="1323" HEIGHT="51">
						<String ID="word000260" HPOS="252" VPOS="1338" WIDTH="181" HEIGHT="35" CONTENT="America" WC="0.98" CC="0100000"/>
						<SP ID="P5_SP00256" HPOS="432" VPOS="1374" WIDTH="20"/>
						<String ID="word000261" HPOS="452" VPOS="1346" WIDTH="98" HEIGHT="27" CONTENT="were" WC="1.00" CC="0000"/>
						<SP ID="P5_SP00257" HPOS="550" VPOS="1374" WIDTH="17"/>
						<String ID="word000262" HPOS="567" VPOS="1336" WIDTH="148" HEIGHT="35" CONTENT="illusive" WC="0.99" CC="01000000"/>
						<SP ID="P5_SP00258" HPOS="715" VPOS="1374" WIDTH="27"/>
						<String ID="word000263" HPOS="742" VPOS="1333" WIDTH="71" HEIGHT="37" CONTENT="and" WC="1.00" CC="000"/>
						<SP ID="P5_SP00259" HPOS="813" VPOS="1374" WIDTH="26"/>
						<String ID="word000264" HPOS="839" VPOS="1331" WIDTH="248" HEIGHT="46" CONTENT="inoperative." WC="1.00" CC="000000000000"/>
						<SP ID="P5_SP00260" HPOS="1087" VPOS="1377" WIDTH="53"/>
						<String ID="word000265" HPOS="1140" VPOS="1328" WIDTH="70" HEIGHT="33" CONTENT="We" WC="0.94" CC="10"/>
						<SP ID="P5_SP00261" HPOS="1209" VPOS="1377" WIDTH="31"/>
						<String ID="word000266" HPOS="1240" VPOS="1326" WIDTH="60" HEIGHT="33" CONTENT="did" WC="1.00" CC="000"/>
						<SP ID="P5_SP00262" HPOS="1300" VPOS="1377" WIDTH="27"/>
						<String ID="word000267" HPOS="1328" VPOS="1331" WIDTH="65" HEIGHT="28" CONTENT="not" WC="0.96" CC="100"/>
						<SP ID="P5_SP00263" HPOS="1393" VPOS="1377" WIDTH="28"/>
						<String ID="word000268" HPOS="1421" VPOS="1331" WIDTH="93" HEIGHT="28" CONTENT="want" WC="0.94" CC="1100"/>
						<SP ID="P5_SP00264" HPOS="1514" VPOS="1377" WIDTH="25"/>
						<String ID="word000269" HPOS="1539" VPOS="1330" WIDTH="35" HEIGHT="28" CONTENT="to" WC="0.94" CC="01"/>
						<SP ID="P5_SP00265" HPOS="1574" VPOS="1377" WIDTH="0"/>
					</TextLine>
					<TextLine ID="P5_TL00027" HPOS="252" VPOS="1372" WIDTH="1324" HEIGHT="49">
						<String ID="word000270" HPOS="252" VPOS="1385" WIDTH="105" HEIGHT="35" CONTENT="drive" WC="1.00" CC="00000"/>
						<SP ID="P5_SP00266" HPOS="357" VPOS="1421" WIDTH="19"/>
						<String ID="word000271" HPOS="376" VPOS="1385" WIDTH="180" HEIGHT="34" CONTENT="America" WC="0.97" CC="0000200"/>
						<SP ID="P5_SP00267" HPOS="555" VPOS="1421" WIDTH="15"/>
						<String ID="word000272" HPOS="570" VPOS="1389" WIDTH="38" HEIGHT="30" CONTENT="to" WC="1.00" CC="00"/>
						<SP ID="P5_SP00268" HPOS="608" VPOS="1421" WIDTH="15"/>
						<String ID="word000273" HPOS="624" VPOS="1394" WIDTH="25" HEIGHT="25" CONTENT="a" WC="1.00" CC="0"/>
						<SP ID="P5_SP00269" HPOS="648" VPOS="1421" WIDTH="18"/>
						<String ID="word000274" HPOS="666" VPOS="1393" WIDTH="79" HEIGHT="25" CONTENT="war" WC="1.00" CC="000"/>
						<SP ID="P5_SP00270" HPOS="745" VPOS="1421" WIDTH="19"/>
						<String ID="word000275" HPOS="764" VPOS="1381" WIDTH="90" HEIGHT="37" CONTENT="with" WC="1.00" CC="0000"/>
						<SP ID="P5_SP00271" HPOS="854" VPOS="1421" WIDTH="21"/>
						<String ID="word000276" HPOS="875" VPOS="1380" WIDTH="168" HEIGHT="39" CONTENT="France;" WC="0.87" CC="3100022"/>
						<SP ID="P5_SP00272" HPOS="1043" VPOS="1421" WIDTH="28"/>
						<String ID="word000277" HPOS="1071" VPOS="1375" WIDTH="78" HEIGHT="37" CONTENT="that" WC="1.00" CC="0000"/>
						<SP ID="P5_SP00273" HPOS="1149" VPOS="1421" WIDTH="21"/>
						<String ID="word000278" HPOS="1170" VPOS="1384" WIDTH="76" HEIGHT="24" CONTENT="was" WC="1.00" CC="000"/>
						<SP ID="P5_SP00274" HPOS="1246" VPOS="1421" WIDTH="26"/>
						<String ID="word000279" HPOS="1272" VPOS="1384" WIDTH="22" HEIGHT="24" CONTENT="a" WC="1.00" CC="0"/>
						<SP ID="P5_SP00275" HPOS="1294" VPOS="1421" WIDTH="25"/>
						<String ID="word000280" HPOS="1319" VPOS="1372" WIDTH="177" HEIGHT="35" CONTENT="mistaken" WC="0.90" CC="10111003"/>
						<SP ID="P5_SP00276" HPOS="1496" VPOS="1421" WIDTH="18"/>
						<String ID="word000281" HPOS="1514" VPOS="1383" WIDTH="41" HEIGHT="24" CONTENT="no" SUBS_TYPE="HypPart1" SUBS_CONTENT="notion" WC="1.00" CC="00"/>
						<HYP HPOS="1556" VPOS="1383" WIDTH="20" CONTENT="-"/>
					</TextLine>
					<TextLine ID="P5_TL00028" HPOS="253" VPOS="1420" WIDTH="1325" HEIGHT="57">
						<String ID="word000282" HPOS="253" VPOS="1433" WIDTH="80" HEIGHT="38" CONTENT="tion" SUBS_TYPE="HypPart2" SUBS_CONTENT="notion" WC="1.00" CC="0000"/>
						<SP ID="P5_SP00277" HPOS="333" VPOS="1470" WIDTH="14"/>
						<String ID="word000283" HPOS="347" VPOS="1431" WIDTH="227" HEIGHT="38" CONTENT="entertained" WC="1.00" CC="00000000000"/>
						<SP ID="P5_SP00278" HPOS="574" VPOS="1470" WIDTH="18"/>
						<String ID="word000284" HPOS="592" VPOS="1431" WIDTH="51" HEIGHT="45" CONTENT="by" WC="1.00" CC="00"/>
						<SP ID="P5_SP00279" HPOS="643" VPOS="1476" WIDTH="18"/>
						<String ID="word000285" HPOS="660" VPOS="1431" WIDTH="65" HEIGHT="33" CONTENT="the" WC="0.96" CC="010"/>
						<SP ID="P5_SP00280" HPOS="725" VPOS="1476" WIDTH="31"/>
						<String ID="word000286" HPOS="756" VPOS="1430" WIDTH="97" HEIGHT="33" CONTENT="Hon." WC="0.92" CC="3000"/>
						<SP ID="P5_SP00281" HPOS="853" VPOS="1476" WIDTH="25"/>
						<String ID="word000287" HPOS="878" VPOS="1427" WIDTH="231" HEIGHT="38" CONTENT="Gentleman," WC="0.94" CC="0011001020"/>
						<SP ID="P5_SP00282" HPOS="1109" VPOS="1476" WIDTH="22"/>
						<String ID="word000288" HPOS="1131" VPOS="1422" WIDTH="52" HEIGHT="35" CONTENT="all" WC="1.00" CC="000"/>
						<SP ID="P5_SP00283" HPOS="1183" VPOS="1476" WIDTH="32"/>
						<String ID="word000289" HPOS="1215" VPOS="1431" WIDTH="56" HEIGHT="24" CONTENT="we" WC="0.94" CC="10"/>
						<SP ID="P5_SP00284" HPOS="1271" VPOS="1476" WIDTH="22"/>
						<String ID="word000290" HPOS="1293" VPOS="1420" WIDTH="138" HEIGHT="34" CONTENT="wanted" WC="0.98" CC="100000"/>
						<SP ID="P5_SP00285" HPOS="1431" VPOS="1476" WIDTH="21"/>
						<String ID="word000291" HPOS="1453" VPOS="1420" WIDTH="64" HEIGHT="33" CONTENT="her" WC="1.00" CC="000"/>
						<SP ID="P5_SP00286" HPOS="1517" VPOS="1476" WIDTH="26"/>
						<String ID="word000292" HPOS="1543" VPOS="1426" WIDTH="35" HEIGHT="26" CONTENT="to" WC="1.00" CC="00"/>
						<SP ID="P5_SP00287" HPOS="1578" VPOS="1476" WIDTH="0"/>
					</TextLine>
					<TextLine ID="P5_TL00029" HPOS="252" VPOS="1467" WIDTH="1328" HEIGHT="56">
						<String ID="word000293" HPOS="252" VPOS="1481" WIDTH="65" HEIGHT="41" CONTENT="do," WC="1.00" CC="000"/>
						<SP ID="P5_SP00288" HPOS="317" VPOS="1522" WIDTH="21"/>
						<String ID="word000294" HPOS="338" VPOS="1492" WIDTH="74" HEIGHT="25" CONTENT="was" WC="0.81" CC="032"/>
						<SP ID="P5_SP00289" HPOS="412" VPOS="1522" WIDTH="17"/>
						<String ID="word000295" HPOS="429" VPOS="1485" WIDTH="38" HEIGHT="31" CONTENT="to" WC="1.00" CC="00"/>
						<SP ID="P5_SP00290" HPOS="467" VPOS="1522" WIDTH="18"/>
						<String ID="word000296" HPOS="484" VPOS="1481" WIDTH="143" HEIGHT="34" CONTENT="abstain" WC="1.00" CC="0000000"/>
						<SP ID="P5_SP00291" HPOS="627" VPOS="1522" WIDTH="14"/>
						<String ID="word000297" HPOS="641" VPOS="1478" WIDTH="97" HEIGHT="35" CONTENT="from" WC="0.97" CC="0001"/>
						<SP ID="P5_SP00292" HPOS="738" VPOS="1522" WIDTH="14"/>
						<String ID="word000298" HPOS="752" VPOS="1476" WIDTH="144" HEIGHT="43" CONTENT="trading" WC="0.98" CC="1000000"/>
						<SP ID="P5_SP00293" HPOS="896" VPOS="1522" WIDTH="15"/>
						<String ID="word000299" HPOS="912" VPOS="1474" WIDTH="90" HEIGHT="34" CONTENT="with" WC="1.00" CC="0000"/>
						<SP ID="P5_SP00294" HPOS="1002" VPOS="1522" WIDTH="17"/>
						<String ID="word000300" HPOS="1018" VPOS="1472" WIDTH="139" HEIGHT="37" CONTENT="France" WC="0.98" CC="100000"/>
						<SP ID="P5_SP00295" HPOS="1157" VPOS="1522" WIDTH="18"/>
						<String ID="word000301" HPOS="1175" VPOS="1469" WIDTH="71" HEIGHT="34" CONTENT="and" WC="1.00" CC="000"/>
						<SP ID="P5_SP00296" HPOS="1246" VPOS="1522" WIDTH="19"/>
						<String ID="word000302" HPOS="1265" VPOS="1469" WIDTH="104" HEIGHT="32" CONTENT="other" WC="0.93" CC="00300"/>
						<SP ID="P5_SP00297" HPOS="1369" VPOS="1522" WIDTH="17"/>
						<String ID="word000303" HPOS="1385" VPOS="1467" WIDTH="194" HEIGHT="41" CONTENT="countries," WC="0.97" CC="0001100100"/>
						<SP ID="P5_SP00298" HPOS="1579" VPOS="1522" WIDTH="0"/>
					</TextLine>
					<TextLine ID="P5_TL00030" HPOS="252" VPOS="1514" WIDTH="1329" HEIGHT="60">
						<String ID="word000304" HPOS="252" VPOS="1539" WIDTH="43" HEIGHT="26" CONTENT="as" WC="1.00" CC="00"/>
						<SP ID="P5_SP00299" HPOS="294" VPOS="1565" WIDTH="18"/>
						<String ID="word000305" HPOS="312" VPOS="1530" WIDTH="85" HEIGHT="44" CONTENT="long" WC="0.89" CC="4000"/>
						<SP ID="P5_SP00300" HPOS="397" VPOS="1573" WIDTH="18"/>
						<String ID="word000306" HPOS="415" VPOS="1538" WIDTH="39" HEIGHT="24" CONTENT="as" WC="1.00" CC="00"/>
						<SP ID="P5_SP00301" HPOS="454" VPOS="1573" WIDTH="19"/>
						<String ID="word000307" HPOS="472" VPOS="1528" WIDTH="87" HEIGHT="45" CONTENT="they" WC="1.00" CC="0000"/>
						<SP ID="P5_SP00302" HPOS="560" VPOS="1573" WIDTH="19"/>
						<String ID="word000308" HPOS="579" VPOS="1524" WIDTH="220" HEIGHT="38" CONTENT="interdicted" WC="1.00" CC="00000000000"/>
						<SP ID="P5_SP00303" HPOS="798" VPOS="1573" WIDTH="20"/>
						<String ID="word000309" HPOS="819" VPOS="1522" WIDTH="64" HEIGHT="34" CONTENT="her" WC="1.00" CC="000"/>
						<SP ID="P5_SP00304" HPOS="882" VPOS="1573" WIDTH="15"/>
						<String ID="word000310" HPOS="898" VPOS="1521" WIDTH="148" HEIGHT="43" CONTENT="trading" WC="0.97" CC="0011000"/>
						<SP ID="P5_SP00305" HPOS="1045" VPOS="1573" WIDTH="14"/>
						<String ID="word000311" HPOS="1059" VPOS="1518" WIDTH="90" HEIGHT="35" CONTENT="with" WC="0.94" CC="1100"/>
						<SP ID="P5_SP00306" HPOS="1149" VPOS="1573" WIDTH="21"/>
						<String ID="word000312" HPOS="1170" VPOS="1522" WIDTH="51" HEIGHT="27" CONTENT="us." WC="0.74" CC="160"/>
						<SP ID="P5_SP00307" HPOS="1221" VPOS="1573" WIDTH="28"/>
						<String ID="word000313" HPOS="1250" VPOS="1517" WIDTH="78" HEIGHT="37" CONTENT="The" WC="1.00" CC="000"/>
						<SP ID="P5_SP00308" HPOS="1328" VPOS="1573" WIDTH="18"/>
						<String ID="word000314" HPOS="1345" VPOS="1514" WIDTH="235" HEIGHT="34" CONTENT="Honourable" WC="0.87" CC="0011501013"/>
						<SP ID="P5_SP00309" HPOS="1580" VPOS="1573" WIDTH="0"/>
					</TextLine>
					<TextLine ID="P5_TL00031" HPOS="255" VPOS="1561" WIDTH="1323" HEIGHT="57">
						<String ID="word000315" HPOS="255" VPOS="1577" WIDTH="236" HEIGHT="41" CONTENT="Gentleman," WC="0.99" CC="0000000010"/>
						<SP ID="P5_SP00310" HPOS="491" VPOS="1618" WIDTH="19"/>
						<String ID="word000316" HPOS="510" VPOS="1573" WIDTH="217" HEIGHT="41" CONTENT="concluded," WC="0.99" CC="0000010000"/>
						<SP ID="P5_SP00311" HPOS="728" VPOS="1618" WIDTH="17"/>
						<String ID="word000317" HPOS="744" VPOS="1573" WIDTH="50" HEIGHT="43" CONTENT="by" WC="1.00" CC="00"/>
						<SP ID="P5_SP00312" HPOS="794" VPOS="1618" WIDTH="19"/>
						<String ID="word000318" HPOS="813" VPOS="1569" WIDTH="210" HEIGHT="43" CONTENT="observing," WC="0.99" CC="0000001000"/>
						<SP ID="P5_SP00313" HPOS="1023" VPOS="1618" WIDTH="24"/>
						<String ID="word000319" HPOS="1046" VPOS="1566" WIDTH="80" HEIGHT="34" CONTENT="that" WC="1.00" CC="0000"/>
						<SP ID="P5_SP00314" HPOS="1127" VPOS="1618" WIDTH="17"/>
						<String ID="word000320" HPOS="1143" VPOS="1564" WIDTH="60" HEIGHT="34" CONTENT="the" WC="1.00" CC="000"/>
						<SP ID="P5_SP00315" HPOS="1204" VPOS="1618" WIDTH="17"/>
						<String ID="word000321" HPOS="1220" VPOS="1563" WIDTH="138" HEIGHT="34" CONTENT="Orders" WC="1.00" CC="000000"/>
						<SP ID="P5_SP00316" HPOS="1358" VPOS="1618" WIDTH="14"/>
						<String ID="word000322" HPOS="1372" VPOS="1564" WIDTH="35" HEIGHT="32" CONTENT="in" WC="1.00" CC="00"/>
						<SP ID="P5_SP00317" HPOS="1408" VPOS="1618" WIDTH="22"/>
						<String ID="word000323" HPOS="1430" VPOS="1561" WIDTH="148" HEIGHT="33" CONTENT="Council" WC="1.00" CC="0000000"/>
						<SP ID="P5_SP00318" HPOS="1578" VPOS="1618" WIDTH="0"/>
					</TextLine>
					<TextLine ID="P5_TL00032" HPOS="254" VPOS="1607" WIDTH="1323" HEIGHT="54">
						<String ID="word000324" HPOS="254" VPOS="1633" WIDTH="102" HEIGHT="26" CONTENT="were" WC="0.81" CC="7000"/>
						<SP ID="P5_SP00319" HPOS="356" VPOS="1659" WIDTH="19"/>
						<String ID="word000325" HPOS="374" VPOS="1633" WIDTH="180" HEIGHT="25" CONTENT="measures" WC="0.99" CC="00100000"/>
						<SP ID="P5_SP00320" HPOS="554" VPOS="1659" WIDTH="17"/>
						<String ID="word000326" HPOS="570" VPOS="1620" WIDTH="46" HEIGHT="35" CONTENT="of" WC="1.00" CC="00"/>
						<SP ID="P5_SP00321" HPOS="617" VPOS="1659" WIDTH="19"/>
						<String ID="word000327" HPOS="635" VPOS="1619" WIDTH="234" HEIGHT="40" CONTENT="retaliation," WC="0.98" CC="000010010000"/>
						<SP ID="P5_SP00322" HPOS="869" VPOS="1659" WIDTH="18"/>
						<String ID="word000328" HPOS="887" VPOS="1615" WIDTH="182" HEIGHT="46" CONTENT="perfectly" WC="0.99" CC="010000000"/>
						<SP ID="P5_SP00323" HPOS="1069" VPOS="1661" WIDTH="17"/>
						<String ID="word000329" HPOS="1085" VPOS="1611" WIDTH="196" HEIGHT="35" CONTENT="consistent" WC="0.99" CC="0000100000"/>
						<SP ID="P5_SP00324" HPOS="1281" VPOS="1661" WIDTH="27"/>
						<String ID="word000330" HPOS="1309" VPOS="1609" WIDTH="87" HEIGHT="33" CONTENT="with" WC="1.00" CC="0000"/>
						<SP ID="P5_SP00325" HPOS="1396" VPOS="1661" WIDTH="31"/>
						<String ID="word000331" HPOS="1427" VPOS="1609" WIDTH="63" HEIGHT="33" CONTENT="the" WC="1.00" CC="000"/>
						<SP ID="P5_SP00326" HPOS="1489" VPOS="1661" WIDTH="27"/>
						<String ID="word000332" HPOS="1517" VPOS="1607" WIDTH="40" HEIGHT="34" CONTENT="ho" SUBS_TYPE="HypPart1" SUBS_CONTENT="honour" WC="0.70" CC="02"/>
						<HYP HPOS="1557" VPOS="1607" WIDTH="20" CONTENT="-"/>
					</TextLine>
					<TextLine ID="P5_TL00033" HPOS="255" VPOS="1655" WIDTH="1325" HEIGHT="61">
						<String ID="word000333" HPOS="255" VPOS="1682" WIDTH="94" HEIGHT="25" CONTENT="nour" SUBS_TYPE="HypPart2" SUBS_CONTENT="honour" WC="0.97" CC="1000"/>
						<SP ID="P5_SP00327" HPOS="350" VPOS="1707" WIDTH="17"/>
						<String ID="word000334" HPOS="366" VPOS="1672" WIDTH="70" HEIGHT="33" CONTENT="and" WC="1.00" CC="000"/>
						<SP ID="P5_SP00328" HPOS="436" VPOS="1707" WIDTH="18"/>
						<String ID="word000335" HPOS="454" VPOS="1670" WIDTH="143" HEIGHT="46" CONTENT="dignity" WC="0.98" CC="0000100"/>
						<SP ID="P5_SP00329" HPOS="596" VPOS="1716" WIDTH="28"/>
						<String ID="word000336" HPOS="625" VPOS="1668" WIDTH="44" HEIGHT="35" CONTENT="of" WC="1.00" CC="00"/>
						<SP ID="P5_SP00330" HPOS="669" VPOS="1716" WIDTH="26"/>
						<String ID="word000337" HPOS="694" VPOS="1668" WIDTH="72" HEIGHT="38" CONTENT="this" WC="0.97" CC="0100"/>
						<SP ID="P5_SP00331" HPOS="767" VPOS="1716" WIDTH="19"/>
						<String ID="word000338" HPOS="785" VPOS="1671" WIDTH="170" HEIGHT="38" CONTENT="country," WC="1.00" CC="00000000"/>
						<SP ID="P5_SP00332" HPOS="956" VPOS="1716" WIDTH="25"/>
						<String ID="word000339" HPOS="980" VPOS="1662" WIDTH="69" HEIGHT="34" CONTENT="and" WC="0.93" CC="101"/>
						<SP ID="P5_SP00333" HPOS="1049" VPOS="1716" WIDTH="18"/>
						<String ID="word000340" HPOS="1067" VPOS="1658" WIDTH="228" HEIGHT="45" CONTENT="compatible" WC="0.98" CC="0000000110"/>
						<SP ID="P5_SP00334" HPOS="1294" VPOS="1716" WIDTH="19"/>
						<String ID="word000341" HPOS="1313" VPOS="1656" WIDTH="89" HEIGHT="34" CONTENT="with" WC="0.97" CC="0100"/>
						<SP ID="P5_SP00335" HPOS="1402" VPOS="1716" WIDTH="15"/>
						<String ID="word000342" HPOS="1417" VPOS="1655" WIDTH="60" HEIGHT="34" CONTENT="the" WC="1.00" CC="000"/>
						<SP ID="P5_SP00336" HPOS="1478" VPOS="1716" WIDTH="17"/>
						<String ID="word000343" HPOS="1494" VPOS="1656" WIDTH="86" HEIGHT="43" CONTENT="duty" WC="1.00" CC="0000"/>
						<SP ID="P5_SP00337" HPOS="1580" VPOS="1716" WIDTH="0"/>
					</TextLine>
					<TextLine ID="P5_TL00034" HPOS="256" VPOS="1703" WIDTH="1328" HEIGHT="62">
						<String ID="word000344" HPOS="256" VPOS="1719" WIDTH="47" HEIGHT="40" CONTENT="of" WC="0.94" CC="10"/>
						<SP ID="P5_SP00338" HPOS="304" VPOS="1759" WIDTH="27"/>
						<String ID="word000345" HPOS="331" VPOS="1719" WIDTH="56" HEIGHT="34" CONTENT="his" WC="1.00" CC="000"/>
						<SP ID="P5_SP00339" HPOS="386" VPOS="1759" WIDTH="30"/>
						<String ID="word000346" HPOS="416" VPOS="1717" WIDTH="195" HEIGHT="47" CONTENT="Majesty's" WC="0.97" CC="200000000"/>
						<SP ID="P5_SP00340" HPOS="611" VPOS="1765" WIDTH="33"/>
						<String ID="word000347" HPOS="644" VPOS="1715" WIDTH="210" HEIGHT="38" CONTENT="Ministers;" WC="0.98" CC="1000001000"/>
						<SP ID="P5_SP00341" HPOS="854" VPOS="1765" WIDTH="38"/>
						<String ID="word000348" HPOS="892" VPOS="1711" WIDTH="71" HEIGHT="34" CONTENT="and" WC="1.00" CC="000"/>
						<SP ID="P5_SP00342" HPOS="963" VPOS="1765" WIDTH="33"/>
						<String ID="word000349" HPOS="996" VPOS="1709" WIDTH="90" HEIGHT="35" CONTENT="with" WC="1.00" CC="0000"/>
						<SP ID="P5_SP00343" HPOS="1085" VPOS="1765" WIDTH="30"/>
						<String ID="word000350" HPOS="1115" VPOS="1707" WIDTH="72" HEIGHT="33" CONTENT="this" WC="1.00" CC="0000"/>
						<SP ID="P5_SP00344" HPOS="1187" VPOS="1765" WIDTH="32"/>
						<String ID="word000351" HPOS="1219" VPOS="1704" WIDTH="213" HEIGHT="45" CONTENT="impression" WC="0.97" CC="0100110000"/>
						<SP ID="P5_SP00345" HPOS="1431" VPOS="1765" WIDTH="27"/>
						<String ID="word000352" HPOS="1459" VPOS="1714" WIDTH="45" HEIGHT="22" CONTENT="on" WC="1.00" CC="00"/>
						<SP ID="P5_SP00346" HPOS="1504" VPOS="1765" WIDTH="28"/>
						<String ID="word000353" HPOS="1532" VPOS="1703" WIDTH="52" HEIGHT="32" CONTENT="his" WC="1.00" CC="000"/>
						<SP ID="P5_SP00347" HPOS="1584" VPOS="1765" WIDTH="0"/>
					</TextLine>
					<TextLine ID="P5_TL00035" HPOS="255" VPOS="1749" WIDTH="1329" HEIGHT="62">
						<String ID="word000354" HPOS="255" VPOS="1767" WIDTH="84" HEIGHT="44" CONTENT="nauti" WC="0.35" CC="16738"/>
						<String ID="word000355" HPOS="339" VPOS="1767" WIDTH="34" HEIGHT="44" CONTENT="li" STYLE="subscript" WC="0.35" CC="88"/>
						<SP ID="P5_SP00348" HPOS="373" VPOS="1811" WIDTH="27"/>
						<String ID="word000356" HPOS="400" VPOS="1766" WIDTH="46" HEIGHT="34" CONTENT="he" WC="0.83" CC="30"/>
						<SP ID="P5_SP00349" HPOS="446" VPOS="1811" WIDTH="27"/>
						<String ID="word000357" HPOS="474" VPOS="1765" WIDTH="110" HEIGHT="35" CONTENT="could" WC="1.00" CC="00000"/>
						<SP ID="P5_SP00350" HPOS="583" VPOS="1811" WIDTH="32"/>
						<String ID="word000358" HPOS="615" VPOS="1773" WIDTH="111" HEIGHT="25" CONTENT="never" WC="1.00" CC="00000"/>
						<SP ID="P5_SP00351" HPOS="726" VPOS="1811" WIDTH="25"/>
						<String ID="word000359" HPOS="751" VPOS="1763" WIDTH="145" HEIGHT="33" CONTENT="consent" WC="1.00" CC="0000000"/>
						<SP ID="P5_SP00352" HPOS="896" VPOS="1811" WIDTH="26"/>
						<String ID="word000360" HPOS="922" VPOS="1765" WIDTH="39" HEIGHT="27" CONTENT="to" WC="1.00" CC="00"/>
						<SP ID="P5_SP00353" HPOS="961" VPOS="1811" WIDTH="28"/>
						<String ID="word000361" HPOS="990" VPOS="1757" WIDTH="64" HEIGHT="33" CONTENT="the" WC="1.00" CC="000"/>
						<SP ID="P5_SP00354" HPOS="1054" VPOS="1811" WIDTH="28"/>
						<String ID="word000362" HPOS="1082" VPOS="1752" WIDTH="243" HEIGHT="43" CONTENT="Honotwable" WC="0.49" CC="5333783743"/>
						<SP ID="P5_SP00355" HPOS="1325" VPOS="1811" WIDTH="19"/>
						<String ID="word000363" HPOS="1344" VPOS="1749" WIDTH="240" HEIGHT="37" CONTENT="Gentleman's" WC="0.95" CC="01000031000"/>
						<SP ID="P5_SP00356" HPOS="1584" VPOS="1811" WIDTH="0"/>
					</TextLine>
					<TextLine ID="P5_TL00036" HPOS="255" VPOS="1796" WIDTH="1331" HEIGHT="60">
						<String ID="word000364" HPOS="255" VPOS="1815" WIDTH="159" HEIGHT="40" CONTENT="&amp;notion," WC="0.85" CC="64100000"/>
						<SP ID="P5_SP00357" HPOS="415" VPOS="1856" WIDTH="19"/>
						<String ID="word000365" HPOS="433" VPOS="1815" WIDTH="37" HEIGHT="33" CONTENT="in" WC="1.00" CC="00"/>
						<SP ID="P5_SP00358" HPOS="470" VPOS="1856" WIDTH="17"/>
						<String ID="word000366" HPOS="487" VPOS="1822" WIDTH="40" HEIGHT="25" CONTENT="as" WC="0.94" CC="10"/>
						<SP ID="P5_SP00359" HPOS="527" VPOS="1856" WIDTH="18"/>
						<String ID="word000367" HPOS="544" VPOS="1812" WIDTH="104" HEIGHT="34" CONTENT="much" WC="0.75" CC="4500"/>
						<SP ID="P5_SP00360" HPOS="648" VPOS="1856" WIDTH="14"/>
						<String ID="word000368" HPOS="663" VPOS="1821" WIDTH="41" HEIGHT="25" CONTENT="as" WC="1.00" CC="00"/>
						<SP ID="P5_SP00361" HPOS="704" VPOS="1856" WIDTH="32"/>
						<String ID="word000369" HPOS="736" VPOS="1809" WIDTH="64" HEIGHT="34" CONTENT="the" WC="1.00" CC="000"/>
						<SP ID="P5_SP00362" HPOS="800" VPOS="1856" WIDTH="30"/>
						<String ID="word000370" HPOS="829" VPOS="1805" WIDTH="202" HEIGHT="44" CONTENT="rescinding" WC="1.00" CC="0000000000"/>
						<SP ID="P5_SP00363" HPOS="1031" VPOS="1856" WIDTH="28"/>
						<String ID="word000371" HPOS="1059" VPOS="1804" WIDTH="41" HEIGHT="32" CONTENT="of" WC="1.00" CC="00"/>
						<SP ID="P5_SP00364" HPOS="1101" VPOS="1856" WIDTH="25"/>
						<String ID="word000372" HPOS="1126" VPOS="1801" WIDTH="104" HEIGHT="34" CONTENT="those" WC="1.00" CC="00000"/>
						<SP ID="P5_SP00365" HPOS="1230" VPOS="1856" WIDTH="32"/>
						<String ID="word000373" HPOS="1261" VPOS="1798" WIDTH="136" HEIGHT="35" CONTENT="Orders" WC="1.00" CC="000000"/>
						<SP ID="P5_SP00366" HPOS="1397" VPOS="1856" WIDTH="32"/>
						<String ID="word000374" HPOS="1429" VPOS="1808" WIDTH="72" HEIGHT="21" CONTENT="was" WC="1.00" CC="000"/>
						<SP ID="P5_SP00367" HPOS="1501" VPOS="1856" WIDTH="25"/>
						<String ID="word000375" HPOS="1526" VPOS="1796" WIDTH="60" HEIGHT="33" CONTENT="the" WC="1.00" CC="000"/>
						<SP ID="P5_SP00368" HPOS="1586" VPOS="1856" WIDTH="0"/>
					</TextLine>
					<TextLine ID="P5_TL00037" HPOS="256" VPOS="1843" WIDTH="1330" HEIGHT="65">
						<String ID="word000376" HPOS="256" VPOS="1861" WIDTH="106" HEIGHT="33" CONTENT="chief" WC="1.00" CC="00000"/>
						<SP ID="P5_SP00369" HPOS="363" VPOS="1894" WIDTH="13"/>
						<String ID="word000377" HPOS="376" VPOS="1860" WIDTH="128" HEIGHT="47" CONTENT="object" WC="1.00" CC="000000"/>
						<SP ID="P5_SP00370" HPOS="503" VPOS="1907" WIDTH="15"/>
						<String ID="word000378" HPOS="519" VPOS="1859" WIDTH="119" HEIGHT="34" CONTENT="aimed" WC="0.98" CC="00010"/>
						<SP ID="P5_SP00371" HPOS="638" VPOS="1907" WIDTH="17"/>
						<String ID="word000379" HPOS="654" VPOS="1863" WIDTH="40" HEIGHT="31" CONTENT="at" WC="1.00" CC="00"/>
						<SP ID="P5_SP00372" HPOS="694" VPOS="1907" WIDTH="17"/>
						<String ID="word000380" HPOS="711" VPOS="1857" WIDTH="50" HEIGHT="45" CONTENT="by" WC="1.00" CC="00"/>
						<SP ID="P5_SP00373" HPOS="761" VPOS="1907" WIDTH="14"/>
						<String ID="word000381" HPOS="775" VPOS="1856" WIDTH="77" HEIGHT="34" CONTENT="him" WC="1.00" CC="000"/>
						<SP ID="P5_SP00374" HPOS="852" VPOS="1907" WIDTH="18"/>
						<String ID="word000382" HPOS="869" VPOS="1854" WIDTH="34" HEIGHT="40" CONTENT="in" WC="0.94" CC="01"/>
						<SP ID="P5_SP00375" HPOS="904" VPOS="1907" WIDTH="19"/>
						<String ID="word000383" HPOS="922" VPOS="1852" WIDTH="171" HEIGHT="46" CONTENT="bringing" WC="0.97" CC="00010010"/>
						<SP ID="P5_SP00376" HPOS="1094" VPOS="1907" WIDTH="15"/>
						<String ID="word000384" HPOS="1109" VPOS="1846" WIDTH="168" HEIGHT="37" CONTENT="forward" WC="1.00" CC="0000000"/>
						<SP ID="P5_SP00377" HPOS="1277" VPOS="1907" WIDTH="18"/>
						<String ID="word000385" HPOS="1294" VPOS="1847" WIDTH="59" HEIGHT="34" CONTENT="the" WC="1.00" CC="000"/>
						<SP ID="P5_SP00378" HPOS="1354" VPOS="1907" WIDTH="14"/>
						<String ID="word000386" HPOS="1368" VPOS="1843" WIDTH="141" HEIGHT="47" CONTENT="subject" WC="1.00" CC="0000000"/>
						<SP ID="P5_SP00379" HPOS="1508" VPOS="1907" WIDTH="17"/>
						<String ID="word000387" HPOS="1525" VPOS="1844" WIDTH="41" HEIGHT="34" CONTENT="be" SUBS_TYPE="HypPart1" SUBS_CONTENT="before" WC="1.00" CC="00"/>
						<HYP HPOS="1566" VPOS="1844" WIDTH="20" CONTENT="-"/>
					</TextLine>
					<TextLine ID="P5_TL00038" HPOS="254" VPOS="1907" WIDTH="345" HEIGHT="45">
						<String ID="word000388" HPOS="254" VPOS="1907" WIDTH="85" HEIGHT="45" CONTENT="fore" SUBS_TYPE="HypPart2" SUBS_CONTENT="before" WC="0.97" CC="1000"/>
						<SP ID="P5_SP00380" HPOS="339" VPOS="1952" WIDTH="18"/>
						<String ID="word000389" HPOS="357" VPOS="1907" WIDTH="242" HEIGHT="34" CONTENT="Parliament." WC="0.99" CC="01000000000"/>
						<SP ID="P5_SP00381" HPOS="599" VPOS="1952" WIDTH="0"/>
					</TextLine>
					<TextLine ID="P5_TL00039" HPOS="307" VPOS="1938" WIDTH="1280" HEIGHT="62">
						<String ID="word000390" HPOS="307" VPOS="1957" WIDTH="60" HEIGHT="33" CONTENT="On" WC="1.00" CC="00"/>
						<SP ID="P5_SP00382" HPOS="367" VPOS="1990" WIDTH="17"/>
						<String ID="word000391" HPOS="384" VPOS="1956" WIDTH="63" HEIGHT="33" CONTENT="the" WC="1.00" CC="000"/>
						<SP ID="P5_SP00383" HPOS="446" VPOS="1990" WIDTH="17"/>
						<String ID="word000392" HPOS="463" VPOS="1954" WIDTH="168" HEIGHT="46" CONTENT="question" WC="1.00" CC="00000000"/>
						<SP ID="P5_SP00384" HPOS="631" VPOS="2000" WIDTH="17"/>
						<String ID="word000393" HPOS="647" VPOS="1952" WIDTH="111" HEIGHT="43" CONTENT="being" WC="0.98" CC="10000"/>
						<SP ID="P5_SP00385" HPOS="758" VPOS="2000" WIDTH="17"/>
						<String ID="word000394" HPOS="775" VPOS="1954" WIDTH="81" HEIGHT="41" CONTENT="put," WC="1.00" CC="0000"/>
						<SP ID="P5_SP00386" HPOS="856" VPOS="2000" WIDTH="14"/>
						<String ID="word000395" HPOS="870" VPOS="1948" WIDTH="105" HEIGHT="34" CONTENT="there" WC="1.00" CC="00000"/>
						<SP ID="P5_SP00387" HPOS="976" VPOS="2000" WIDTH="9"/>
						<String ID="word000396" HPOS="985" VPOS="1943" WIDTH="207" HEIGHT="48" CONTENT="appeared," WC="0.99" CC="000000001"/>
						<SP ID="P5_SP00388" HPOS="1192" VPOS="2000" WIDTH="13"/>
						<String ID="word000397" HPOS="1205" VPOS="1941" WIDTH="60" HEIGHT="39" CONTENT="for" WC="0.96" CC="001"/>
						<SP ID="P5_SP00389" HPOS="1265" VPOS="2000" WIDTH="17"/>
						<String ID="word000398" HPOS="1281" VPOS="1941" WIDTH="59" HEIGHT="35" CONTENT="the" WC="1.00" CC="000"/>
						<SP ID="P5_SP00390" HPOS="1341" VPOS="2000" WIDTH="15"/>
						<String ID="word000399" HPOS="1356" VPOS="1938" WIDTH="157" HEIGHT="37" CONTENT="Address" WC="0.97" CC="0100001"/>
						<SP ID="P5_SP00391" HPOS="1513" VPOS="2000" WIDTH="15"/>
						<String ID="word000400" HPOS="1528" VPOS="1939" WIDTH="59" HEIGHT="41" CONTENT="83," WC="1.00" CC="000"/>
						<SP ID="P5_SP00392" HPOS="1587" VPOS="2000" WIDTH="0"/>
					</TextLine>
					<TextLine ID="P5_TL00040" HPOS="260" VPOS="1993" WIDTH="865" HEIGHT="54">
						<String ID="word000401" HPOS="260" VPOS="2004" WIDTH="142" HEIGHT="43" CONTENT="against" WC="0.98" CC="0010000"/>
						<SP ID="P5_SP00393" HPOS="402" VPOS="2047" WIDTH="19"/>
						<String ID="word000402" HPOS="420" VPOS="2004" WIDTH="28" HEIGHT="33" CONTENT="it" WC="1.00" CC="00"/>
						<SP ID="P5_SP00394" HPOS="449" VPOS="2047" WIDTH="21"/>
						<String ID="word000403" HPOS="470" VPOS="1998" WIDTH="292" HEIGHT="47" CONTENT="145—majority" WC="0.80" CC="312323211130"/>
						<SP ID="P5_SP00395" HPOS="762" VPOS="2047" WIDTH="20"/>
						<String ID="word000404" HPOS="782" VPOS="1993" WIDTH="343" HEIGHT="47" CONTENT="6'4—Adjourned." WC="0.78" CC="17653000131001"/>
						<SP ID="P5_SP00396" HPOS="1124" VPOS="2047" WIDTH="0"/>
					</TextLine>
				</TextBlock>
				<TextBlock ID="pa0005004" HPOS="716" VPOS="2122" WIDTH="422" HEIGHT="107" STYLEREFS="TXT_2 PAR_LEFT">
					<TextLine ID="P5_TL00041" HPOS="717" VPOS="2124" WIDTH="420" HEIGHT="52">
						<String ID="word000405" HPOS="717" VPOS="2127" WIDTH="193" HEIGHT="48" CONTENT="Tuesday," WC="0.99" CC="00000010"/>
						<SP ID="P5_SP00397" HPOS="909" VPOS="2176" WIDTH="28"/>
						<String ID="word000406" HPOS="938" VPOS="2125" WIDTH="146" HEIGHT="38" CONTENT="March" WC="0.73" CC="32223"/>
						<SP ID="P5_SP00398" HPOS="1084" VPOS="2176" WIDTH="14"/>
						<String ID="word000407" HPOS="1098" VPOS="2124" WIDTH="39" HEIGHT="37" CONTENT="7." WC="0.67" CC="33"/>
						<SP ID="P5_SP00399" HPOS="1137" VPOS="2176" WIDTH="0"/>
					</TextLine>
					<TextLine ID="P5_TL00042" HPOS="768" VPOS="2199" WIDTH="328" HEIGHT="30">
						<String ID="word000408" HPOS="768" VPOS="2202" WIDTH="175" HEIGHT="27" CONTENT="MUTINY" WC="0.83" CC="210411" STYLEREFS="TXT_3"/>
						<SP ID="P5_SP00400" HPOS="943" VPOS="2229" WIDTH="33"/>
						<String ID="word000409" HPOS="976" VPOS="2199" WIDTH="120" HEIGHT="28" CONTENT="BILL." WC="1.00" CC="00000" STYLEREFS="TXT_3"/>
						<SP ID="P5_SP00401" HPOS="1096" VPOS="2229" WIDTH="0"/>
					</TextLine>
				</TextBlock>
				<TextBlock ID="pa0005005" HPOS="268" VPOS="2241" WIDTH="1341" HEIGHT="1063" STYLEREFS="TXT_0 PAR_LEFT">
					<TextLine ID="P5_TL00043" HPOS="314" VPOS="2242" WIDTH="1277" HEIGHT="59">
						<String ID="word000410" HPOS="314" VPOS="2263" WIDTH="80" HEIGHT="35" CONTENT="The" WC="0.96" CC="100"/>
						<SP ID="P5_SP00402" HPOS="394" VPOS="2298" WIDTH="18"/>
						<String ID="word000411" HPOS="412" VPOS="2259" WIDTH="120" HEIGHT="38" CONTENT="Order" WC="1.00" CC="00000"/>
						<SP ID="P5_SP00403" HPOS="533" VPOS="2298" WIDTH="18"/>
						<String ID="word000412" HPOS="550" VPOS="2257" WIDTH="40" HEIGHT="35" CONTENT="of" WC="1.00" CC="00"/>
						<SP ID="P5_SP00404" HPOS="591" VPOS="2298" WIDTH="13"/>
						<String ID="word000413" HPOS="604" VPOS="2257" WIDTH="58" HEIGHT="35" CONTENT="the" WC="1.00" CC="000"/>
						<SP ID="P5_SP00405" HPOS="661" VPOS="2298" WIDTH="15"/>
						<String ID="word000414" HPOS="677" VPOS="2255" WIDTH="90" HEIGHT="46" CONTENT="Day" WC="0.93" CC="110"/>
						<SP ID="P5_SP00406" HPOS="767" VPOS="2301" WIDTH="18"/>
						<String ID="word000415" HPOS="784" VPOS="2256" WIDTH="57" HEIGHT="33" CONTENT="for" WC="0.96" CC="010"/>
						<SP ID="P5_SP00407" HPOS="841" VPOS="2301" WIDTH="19"/>
						<String ID="word000416" HPOS="860" VPOS="2254" WIDTH="130" HEIGHT="44" CONTENT="taking" WC="0.98" CC="010000"/>
						<SP ID="P5_SP00408" HPOS="990" VPOS="2301" WIDTH="12"/>
						<String ID="word000417" HPOS="1002" VPOS="2254" WIDTH="78" HEIGHT="33" CONTENT="into" WC="1.00" CC="0000"/>
						<SP ID="P5_SP00409" HPOS="1080" VPOS="2301" WIDTH="12"/>
						<String ID="word000418" HPOS="1091" VPOS="2249" WIDTH="145" HEIGHT="37" CONTENT="further" WC="0.95" CC="0100110"/>
						<SP ID="P5_SP00410" HPOS="1237" VPOS="2301" WIDTH="13"/>
						<String ID="word000419" HPOS="1250" VPOS="2244" WIDTH="268" HEIGHT="45" CONTENT="consideration" WC="0.98" CC="0110000000000"/>
						<SP ID="P5_SP00411" HPOS="1518" VPOS="2301" WIDTH="13"/>
						<String ID="word000420" HPOS="1531" VPOS="2242" WIDTH="60" HEIGHT="35" CONTENT="the" WC="1.00" CC="000"/>
						<SP ID="P5_SP00412" HPOS="1591" VPOS="2301" WIDTH="0"/>
					</TextLine>
					<TextLine ID="P5_TL00044" HPOS="268" VPOS="2298" WIDTH="917" HEIGHT="58">
						<String ID="word000421" HPOS="268" VPOS="2316" WIDTH="130" HEIGHT="40" CONTENT="report" WC="1.00" CC="000000"/>
						<SP ID="P5_SP00413" HPOS="398" VPOS="2356" WIDTH="18"/>
						<String ID="word000422" HPOS="416" VPOS="2308" WIDTH="43" HEIGHT="35" CONTENT="of" WC="1.00" CC="00"/>
						<SP ID="P5_SP00414" HPOS="458" VPOS="2356" WIDTH="11"/>
						<String ID="word000423" HPOS="469" VPOS="2309" WIDTH="63" HEIGHT="32" CONTENT="the" WC="0.96" CC="100"/>
						<SP ID="P5_SP00415" HPOS="531" VPOS="2356" WIDTH="20"/>
						<String ID="word000424" HPOS="552" VPOS="2306" WIDTH="144" HEIGHT="44" CONTENT="Mutiny" WC="0.96" CC="001010"/>
						<SP ID="P5_SP00416" HPOS="696" VPOS="2356" WIDTH="22"/>
						<String ID="word000425" HPOS="718" VPOS="2304" WIDTH="79" HEIGHT="34" CONTENT="Bill" WC="0.97" CC="0100"/>
						<SP ID="P5_SP00417" HPOS="797" VPOS="2356" WIDTH="21"/>
						<String ID="word000426" HPOS="819" VPOS="2302" WIDTH="135" HEIGHT="43" CONTENT="having" WC="1.00" CC="000000"/>
						<SP ID="P5_SP00418" HPOS="953" VPOS="2356" WIDTH="15"/>
						<String ID="word000427" HPOS="969" VPOS="2301" WIDTH="93" HEIGHT="37" CONTENT="been" WC="0.97" CC="0010"/>
						<SP ID="P5_SP00419" HPOS="1062" VPOS="2356" WIDTH="18"/>
						<String ID="word000428" HPOS="1080" VPOS="2298" WIDTH="105" HEIGHT="41" CONTENT="read," WC="1.00" CC="00000"/>
						<SP ID="P5_SP00420" HPOS="1185" VPOS="2356" WIDTH="0"/>
					</TextLine>
					<TextLine ID="P5_TL00045" HPOS="319" VPOS="2341" WIDTH="1273" HEIGHT="51">
						<String ID="word000429" HPOS="319" VPOS="2360" WIDTH="57" HEIGHT="32" CONTENT="On" WC="0.89" CC="11"/>
						<SP ID="P5_SP00421" HPOS="376" VPOS="2392" WIDTH="13"/>
						<String ID="word000430" HPOS="389" VPOS="2357" WIDTH="63" HEIGHT="33" CONTENT="the" WC="0.96" CC="010"/>
						<SP ID="P5_SP00422" HPOS="451" VPOS="2392" WIDTH="17"/>
						<String ID="word000431" HPOS="468" VPOS="2355" WIDTH="139" HEIGHT="34" CONTENT="motion" WC="0.96" CC="100010"/>
						<SP ID="P5_SP00423" HPOS="607" VPOS="2392" WIDTH="18"/>
						<String ID="word000432" HPOS="625" VPOS="2352" WIDTH="44" HEIGHT="35" CONTENT="of" WC="1.00" CC="00"/>
						<SP ID="P5_SP00424" HPOS="669" VPOS="2392" WIDTH="14"/>
						<String ID="word000433" HPOS="683" VPOS="2353" WIDTH="63" HEIGHT="33" CONTENT="the" WC="1.00" CC="000"/>
						<SP ID="P5_SP00425" HPOS="745" VPOS="2392" WIDTH="20"/>
						<String ID="word000434" HPOS="765" VPOS="2353" WIDTH="20" HEIGHT="31" CONTENT="S" WC="0.44" CC="5"/>
						<SP ID="P5_SP00426" HPOS="785" VPOS="2392" WIDTH="11"/>
						<String ID="word000435" HPOS="796" VPOS="2360" WIDTH="9" HEIGHT="24" CONTENT="t" WC="0.56" CC="4"/>
						<SP ID="P5_SP00427" HPOS="806" VPOS="2392" WIDTH="15"/>
						<String ID="word000436" HPOS="821" VPOS="2355" WIDTH="207" HEIGHT="28" CONTENT="CAETARY" WC="0.67" CC="4711233"/>
						<SP ID="P5_SP00428" HPOS="1028" VPOS="2392" WIDTH="18"/>
						<String ID="word000437" HPOS="1045" VPOS="2350" WIDTH="41" HEIGHT="30" CONTENT="at" WC="1.00" CC="00"/>
						<SP ID="P5_SP00429" HPOS="1087" VPOS="2392" WIDTH="20"/>
						<String ID="word000438" HPOS="1107" VPOS="2346" WIDTH="129" HEIGHT="39" CONTENT="`VAR," WC="0.53" CC="75711"/>
						<SP ID="P5_SP00430" HPOS="1235" VPOS="2392" WIDTH="26"/>
						<String ID="word000439" HPOS="1261" VPOS="2343" WIDTH="61" HEIGHT="34" CONTENT="the" WC="1.00" CC="000"/>
						<SP ID="P5_SP00431" HPOS="1323" VPOS="2392" WIDTH="20"/>
						<String ID="word000440" HPOS="1343" VPOS="2341" WIDTH="78" HEIGHT="35" CONTENT="Bill" WC="0.97" CC="1000"/>
						<SP ID="P5_SP00432" HPOS="1421" VPOS="2392" WIDTH="22"/>
						<String ID="word000441" HPOS="1443" VPOS="2348" WIDTH="73" HEIGHT="25" CONTENT="was" WC="0.96" CC="010"/>
						<SP ID="P5_SP00433" HPOS="1517" VPOS="2392" WIDTH="17"/>
						<String ID="word000442" HPOS="1533" VPOS="2347" WIDTH="40" HEIGHT="24" CONTENT="or" SUBS_TYPE="HypPart1" SUBS_CONTENT="ordered" WC="0.78" CC="02"/>
						<HYP HPOS="1573" VPOS="2347" WIDTH="19" CONTENT="-"/>
					</TextLine>
					<TextLine ID="P5_TL00046" HPOS="268" VPOS="2391" WIDTH="926" HEIGHT="53">
						<String ID="word000443" HPOS="268" VPOS="2405" WIDTH="111" HEIGHT="39" CONTENT="dered" SUBS_TYPE="HypPart2" SUBS_CONTENT="ordered" WC="0.80" CC="70011"/>
						<SP ID="P5_SP00434" HPOS="379" VPOS="2444" WIDTH="19"/>
						<String ID="word000444" HPOS="398" VPOS="2409" WIDTH="35" HEIGHT="27" CONTENT="to" WC="1.00" CC="00"/>
						<SP ID="P5_SP00435" HPOS="433" VPOS="2444" WIDTH="17"/>
						<String ID="word000445" HPOS="450" VPOS="2404" WIDTH="61" HEIGHT="40" CONTENT="be," WC="1.00" CC="000"/>
						<SP ID="P5_SP00436" HPOS="511" VPOS="2444" WIDTH="27"/>
						<String ID="word000446" HPOS="539" VPOS="2400" WIDTH="66" HEIGHT="35" CONTENT="and" WC="0.85" CC="013"/>
						<SP ID="P5_SP00437" HPOS="605" VPOS="2444" WIDTH="19"/>
						<String ID="word000447" HPOS="624" VPOS="2409" WIDTH="72" HEIGHT="24" CONTENT="was" WC="0.96" CC="010"/>
						<SP ID="P5_SP00438" HPOS="696" VPOS="2444" WIDTH="15"/>
						<String ID="word000448" HPOS="711" VPOS="2395" WIDTH="197" HEIGHT="40" CONTENT="forthwith" WC="0.99" CC="000001000"/>
						<SP ID="P5_SP00439" HPOS="908" VPOS="2444" WIDTH="17"/>
						<String ID="word000449" HPOS="925" VPOS="2391" WIDTH="269" HEIGHT="38" CONTENT="recommitted." WC="0.97" CC="000030000000"/>
						<SP ID="P5_SP00440" HPOS="1194" VPOS="2444" WIDTH="0"/>
					</TextLine>
					<TextLine ID="P5_TL00047" HPOS="321" VPOS="2431" WIDTH="1270" HEIGHT="58">
						<String ID="word000450" HPOS="321" VPOS="2452" WIDTH="149" HEIGHT="35" CONTENT="Several" WC="1.00" CC="0000000"/>
						<SP ID="P5_SP00441" HPOS="470" VPOS="2487" WIDTH="18"/>
						<String ID="word000451" HPOS="488" VPOS="2448" WIDTH="244" HEIGHT="35" CONTENT="amendments" WC="0.82" CC="0210510025"/>
						<SP ID="P5_SP00442" HPOS="732" VPOS="2487" WIDTH="21"/>
						<String ID="word000452" HPOS="754" VPOS="2454" WIDTH="97" HEIGHT="24" CONTENT="were" WC="0.97" CC="1000"/>
						<SP ID="P5_SP00443" HPOS="850" VPOS="2487" WIDTH="14"/>
						<String ID="word000453" HPOS="865" VPOS="2440" WIDTH="184" HEIGHT="48" CONTENT="proposed" WC="1.00" CC="00000000"/>
						<SP ID="P5_SP00444" HPOS="1049" VPOS="2489" WIDTH="19"/>
						<String ID="word000454" HPOS="1068" VPOS="2441" WIDTH="48" HEIGHT="43" CONTENT="by" WC="1.00" CC="00"/>
						<SP ID="P5_SP00445" HPOS="1116" VPOS="2489" WIDTH="18"/>
						<String ID="word000455" HPOS="1134" VPOS="2438" WIDTH="64" HEIGHT="34" CONTENT="the" WC="1.00" CC="000"/>
						<SP ID="P5_SP00446" HPOS="1198" VPOS="2489" WIDTH="21"/>
						<String ID="word000456" HPOS="1219" VPOS="2437" WIDTH="194" HEIGHT="41" CONTENT="Secretary" WC="0.96" CC="100000011"/>
						<SP ID="P5_SP00447" HPOS="1413" VPOS="2489" WIDTH="18"/>
						<String ID="word000457" HPOS="1430" VPOS="2435" WIDTH="38" HEIGHT="32" CONTENT="at" WC="0.94" CC="10"/>
						<SP ID="P5_SP00448" HPOS="1468" VPOS="2489" WIDTH="19"/>
						<String ID="word000458" HPOS="1487" VPOS="2431" WIDTH="104" HEIGHT="34" CONTENT="War." WC="0.92" CC="1110"/>
						<SP ID="P5_SP00449" HPOS="1591" VPOS="2489" WIDTH="0"/>
					</TextLine>
					<TextLine ID="P5_TL00048" HPOS="269" VPOS="2478" WIDTH="1323" HEIGHT="58">
						<String ID="word000459" HPOS="269" VPOS="2502" WIDTH="83" HEIGHT="34" CONTENT="The" WC="1.00" CC="000"/>
						<SP ID="P5_SP00450" HPOS="352" VPOS="2536" WIDTH="28"/>
						<String ID="word000460" HPOS="380" VPOS="2500" WIDTH="77" HEIGHT="33" CONTENT="first" WC="0.87" CC="33000"/>
						<SP ID="P5_SP00451" HPOS="457" VPOS="2536" WIDTH="32"/>
						<String ID="word000461" HPOS="489" VPOS="2507" WIDTH="87" HEIGHT="28" CONTENT="was," WC="1.00" CC="0000"/>
						<SP ID="P5_SP00452" HPOS="576" VPOS="2536" WIDTH="27"/>
						<String ID="word000462" HPOS="604" VPOS="2500" WIDTH="37" HEIGHT="27" CONTENT="to" WC="1.00" CC="00"/>
						<SP ID="P5_SP00453" HPOS="640" VPOS="2536" WIDTH="18"/>
						<String ID="word000463" HPOS="658" VPOS="2498" WIDTH="156" HEIGHT="38" CONTENT="exempt" WC="0.96" CC="001100"/>
						<SP ID="P5_SP00454" HPOS="814" VPOS="2536" WIDTH="17"/>
						<String ID="word000464" HPOS="830" VPOS="2490" WIDTH="91" HEIGHT="34" CONTENT="from" WC="0.97" CC="0001"/>
						<SP ID="P5_SP00455" HPOS="921" VPOS="2536" WIDTH="21"/>
						<String ID="word000465" HPOS="943" VPOS="2486" WIDTH="188" HEIGHT="44" CONTENT="billetting" WC="0.90" CC="0013000131"/>
						<SP ID="P5_SP00456" HPOS="1130" VPOS="2536" WIDTH="24"/>
						<String ID="word000466" HPOS="1154" VPOS="2484" WIDTH="105" HEIGHT="35" CONTENT="those" WC="0.98" CC="00001"/>
						<SP ID="P5_SP00457" HPOS="1259" VPOS="2536" WIDTH="28"/>
						<String ID="word000467" HPOS="1287" VPOS="2487" WIDTH="165" HEIGHT="28" CONTENT="canteens" WC="0.83" CC="21204111"/>
						<SP ID="P5_SP00458" HPOS="1453" VPOS="2536" WIDTH="20"/>
						<String ID="word000468" HPOS="1473" VPOS="2478" WIDTH="119" HEIGHT="35" CONTENT="which" WC="0.98" CC="00100"/>
						<SP ID="P5_SP00459" HPOS="1592" VPOS="2536" WIDTH="0"/>
					</TextLine>
					<TextLine ID="P5_TL00049" HPOS="272" VPOS="2529" WIDTH="1322" HEIGHT="56">
						<String ID="word000469" HPOS="272" VPOS="2558" WIDTH="102" HEIGHT="25" CONTENT="were" WC="0.94" CC="1001"/>
						<SP ID="P5_SP00460" HPOS="373" VPOS="2583" WIDTH="24"/>
						<String ID="word000470" HPOS="397" VPOS="2552" WIDTH="63" HEIGHT="28" CONTENT="not" WC="1.00" CC="000"/>
						<SP ID="P5_SP00461" HPOS="459" VPOS="2583" WIDTH="30"/>
						<String ID="word000471" HPOS="489" VPOS="2546" WIDTH="40" HEIGHT="33" CONTENT="fit" WC="1.00" CC="000"/>
						<SP ID="P5_SP00462" HPOS="529" VPOS="2583" WIDTH="28"/>
						<String ID="word000472" HPOS="557" VPOS="2543" WIDTH="58" HEIGHT="35" CONTENT="for" WC="1.00" CC="000"/>
						<SP ID="P5_SP00463" HPOS="615" VPOS="2583" WIDTH="33"/>
						<String ID="word000473" HPOS="648" VPOS="2542" WIDTH="84" HEIGHT="34" CONTENT="that" WC="1.00" CC="0000"/>
						<SP ID="P5_SP00464" HPOS="732" VPOS="2583" WIDTH="30"/>
						<String ID="word000474" HPOS="762" VPOS="2546" WIDTH="172" HEIGHT="38" CONTENT="purpose." WC="0.99" CC="00000100"/>
						<SP ID="P5_SP00465" HPOS="934" VPOS="2584" WIDTH="56"/>
						<String ID="word000475" HPOS="990" VPOS="2533" WIDTH="167" HEIGHT="34" CONTENT="Another" WC="0.97" CC="0000200"/>
						<SP ID="P5_SP00466" HPOS="1156" VPOS="2584" WIDTH="30"/>
						<String ID="word000476" HPOS="1186" VPOS="2530" WIDTH="229" HEIGHT="35" CONTENT="amendment" WC="0.97" CC="001000100"/>
						<SP ID="P5_SP00467" HPOS="1415" VPOS="2584" WIDTH="27"/>
						<String ID="word000477" HPOS="1442" VPOS="2537" WIDTH="87" HEIGHT="30" CONTENT="was," WC="0.97" CC="0001"/>
						<SP ID="P5_SP00468" HPOS="1530" VPOS="2584" WIDTH="26"/>
						<String ID="word000478" HPOS="1556" VPOS="2529" WIDTH="38" HEIGHT="30" CONTENT="to" WC="1.00" CC="00"/>
						<SP ID="P5_SP00469" HPOS="1593" VPOS="2584" WIDTH="0"/>
					</TextLine>
					<TextLine ID="P5_TL00050" HPOS="270" VPOS="2575" WIDTH="1324" HEIGHT="66">
						<String ID="word000479" HPOS="270" VPOS="2598" WIDTH="156" HEIGHT="43" CONTENT="exempt" WC="0.98" CC="000100"/>
						<SP ID="P5_SP00470" HPOS="426" VPOS="2641" WIDTH="14"/>
						<String ID="word000480" HPOS="441" VPOS="2601" WIDTH="167" HEIGHT="37" CONTENT="waggons" WC="0.84" CC="0003331"/>
						<SP ID="P5_SP00471" HPOS="607" VPOS="2641" WIDTH="15"/>
						<String ID="word000481" HPOS="622" VPOS="2585" WIDTH="198" HEIGHT="47" CONTENT="emploved" WC="0.57" CC="33363733"/>
						<SP ID="P5_SP00472" HPOS="821" VPOS="2641" WIDTH="19"/>
						<String ID="word000482" HPOS="840" VPOS="2587" WIDTH="34" HEIGHT="32" CONTENT="in" WC="0.94" CC="01"/>
						<SP ID="P5_SP00473" HPOS="874" VPOS="2641" WIDTH="18"/>
						<String ID="word000483" HPOS="892" VPOS="2582" WIDTH="168" HEIGHT="44" CONTENT="ir,i;itary" WC="0.50" CC="7773633333"/>
						<SP ID="P5_SP00474" HPOS="1059" VPOS="2641" WIDTH="20"/>
						<String ID="word000484" HPOS="1080" VPOS="2589" WIDTH="177" HEIGHT="35" CONTENT="purposes" WC="0.85" CC="10120331"/>
						<SP ID="P5_SP00475" HPOS="1257" VPOS="2641" WIDTH="17"/>
						<String ID="word000485" HPOS="1273" VPOS="2577" WIDTH="94" HEIGHT="34" CONTENT="from" WC="0.78" CC="4013"/>
						<SP ID="P5_SP00476" HPOS="1368" VPOS="2641" WIDTH="17"/>
						<String ID="word000486" HPOS="1384" VPOS="2575" WIDTH="60" HEIGHT="35" CONTENT="the" WC="0.78" CC="141"/>
						<SP ID="P5_SP00477" HPOS="1444" VPOS="2641" WIDTH="20"/>
						<String ID="word000487" HPOS="1465" VPOS="2582" WIDTH="109" HEIGHT="35" CONTENT="opera" SUBS_TYPE="HypPart1" SUBS_CONTENT="operation" WC="0.98" CC="00010"/>
						<HYP HPOS="1573" VPOS="2582" WIDTH="21" CONTENT="-"/>
					</TextLine>
					<TextLine ID="P5_TL00051" HPOS="270" VPOS="2619" WIDTH="1324" HEIGHT="60">
						<String ID="word000488" HPOS="270" VPOS="2646" WIDTH="80" HEIGHT="33" CONTENT="tion" SUBS_TYPE="HypPart2" SUBS_CONTENT="operation" WC="1.00" CC="0000"/>
						<SP ID="P5_SP00478" HPOS="351" VPOS="2679" WIDTH="18"/>
						<String ID="word000489" HPOS="369" VPOS="2642" WIDTH="41" HEIGHT="34" CONTENT="of" WC="1.00" CC="00"/>
						<SP ID="P5_SP00479" HPOS="410" VPOS="2679" WIDTH="15"/>
						<String ID="word000490" HPOS="425" VPOS="2641" WIDTH="61" HEIGHT="33" CONTENT="the" WC="1.00" CC="000"/>
						<SP ID="P5_SP00480" HPOS="487" VPOS="2679" WIDTH="22"/>
						<String ID="word000491" HPOS="509" VPOS="2642" WIDTH="71" HEIGHT="31" CONTENT="Act" WC="1.00" CC="000"/>
						<SP ID="P5_SP00481" HPOS="580" VPOS="2679" WIDTH="13"/>
						<String ID="word000492" HPOS="593" VPOS="2636" WIDTH="43" HEIGHT="34" CONTENT="of" WC="1.00" CC="00"/>
						<SP ID="P5_SP00482" HPOS="635" VPOS="2679" WIDTH="18"/>
						<String ID="word000493" HPOS="653" VPOS="2635" WIDTH="227" HEIGHT="34" CONTENT="Parliament" WC="0.97" CC="1001000010"/>
						<SP ID="P5_SP00483" HPOS="880" VPOS="2679" WIDTH="20"/>
						<String ID="word000494" HPOS="900" VPOS="2631" WIDTH="48" HEIGHT="43" CONTENT="by" WC="1.00" CC="00"/>
						<SP ID="P5_SP00484" HPOS="948" VPOS="2679" WIDTH="24"/>
						<String ID="word000495" HPOS="972" VPOS="2629" WIDTH="120" HEIGHT="34" CONTENT="which" WC="0.87" CC="30030"/>
						<SP ID="P5_SP00485" HPOS="1093" VPOS="2679" WIDTH="21"/>
						<String ID="word000496" HPOS="1114" VPOS="2627" WIDTH="63" HEIGHT="33" CONTENT="the" WC="1.00" CC="000"/>
						<SP ID="P5_SP00486" HPOS="1176" VPOS="2679" WIDTH="19"/>
						<String ID="word000497" HPOS="1195" VPOS="2626" WIDTH="174" HEIGHT="33" CONTENT="relations" WC="1.00" CC="000000000"/>
						<SP ID="P5_SP00487" HPOS="1369" VPOS="2679" WIDTH="20"/>
						<String ID="word000498" HPOS="1389" VPOS="2621" WIDTH="43" HEIGHT="35" CONTENT="of" WC="1.00" CC="00"/>
						<SP ID="P5_SP00488" HPOS="1431" VPOS="2679" WIDTH="13"/>
						<String ID="word000499" HPOS="1444" VPOS="2619" WIDTH="150" HEIGHT="45" CONTENT="weights" WC="0.98" CC="1000000"/>
						<SP ID="P5_SP00489" HPOS="1594" VPOS="2679" WIDTH="0"/>
					</TextLine>
					<TextLine ID="P5_TL00052" HPOS="273" VPOS="2668" WIDTH="1325" HEIGHT="58">
						<String ID="word000500" HPOS="273" VPOS="2692" WIDTH="72" HEIGHT="34" CONTENT="and" WC="0.93" CC="200"/>
						<SP ID="P5_SP00490" HPOS="345" VPOS="2726" WIDTH="20"/>
						<String ID="word000501" HPOS="365" VPOS="2691" WIDTH="60" HEIGHT="33" CONTENT="the" WC="1.00" CC="000"/>
						<SP ID="P5_SP00491" HPOS="425" VPOS="2726" WIDTH="18"/>
						<String ID="word000502" HPOS="443" VPOS="2688" WIDTH="150" HEIGHT="34" CONTENT="number" WC="0.98" CC="000100"/>
						<SP ID="P5_SP00492" HPOS="593" VPOS="2726" WIDTH="18"/>
						<String ID="word000503" HPOS="611" VPOS="2683" WIDTH="43" HEIGHT="34" CONTENT="of" WC="1.00" CC="00"/>
						<SP ID="P5_SP00493" HPOS="653" VPOS="2726" WIDTH="22"/>
						<String ID="word000504" HPOS="676" VPOS="2683" WIDTH="123" HEIGHT="33" CONTENT="horses" WC="0.98" CC="010000"/>
						<SP ID="P5_SP00494" HPOS="798" VPOS="2726" WIDTH="19"/>
						<String ID="word000505" HPOS="817" VPOS="2689" WIDTH="96" HEIGHT="26" CONTENT="were" WC="0.97" CC="0010"/>
						<SP ID="P5_SP00495" HPOS="913" VPOS="2726" WIDTH="24"/>
						<String ID="word000506" HPOS="937" VPOS="2674" WIDTH="181" HEIGHT="47" CONTENT="adjusted." WC="0.99" CC="010000000"/>
						<SP ID="P5_SP00496" HPOS="1117" VPOS="2726" WIDTH="50"/>
						<String ID="word000507" HPOS="1167" VPOS="2673" WIDTH="83" HEIGHT="35" CONTENT="The" WC="0.96" CC="010"/>
						<SP ID="P5_SP00497" HPOS="1250" VPOS="2726" WIDTH="19"/>
						<String ID="word000508" HPOS="1269" VPOS="2675" WIDTH="86" HEIGHT="31" CONTENT="next" WC="1.00" CC="0000"/>
						<SP ID="P5_SP00498" HPOS="1355" VPOS="2726" WIDTH="18"/>
						<String ID="word000509" HPOS="1372" VPOS="2668" WIDTH="226" HEIGHT="35" CONTENT="amendment" WC="0.96" CC="000000300"/>
						<SP ID="P5_SP00499" HPOS="1598" VPOS="2726" WIDTH="0"/>
					</TextLine>
					<TextLine ID="P5_TL00053" HPOS="274" VPOS="2713" WIDTH="1326" HEIGHT="67">
						<String ID="word000510" HPOS="274" VPOS="2748" WIDTH="93" HEIGHT="32" CONTENT="was," WC="1.00" CC="0000"/>
						<SP ID="P5_SP00500" HPOS="367" VPOS="2780" WIDTH="26"/>
						<String ID="word000511" HPOS="393" VPOS="2743" WIDTH="38" HEIGHT="28" CONTENT="to" WC="1.00" CC="00"/>
						<SP ID="P5_SP00501" HPOS="431" VPOS="2780" WIDTH="34"/>
						<String ID="word000512" HPOS="465" VPOS="2734" WIDTH="150" HEIGHT="35" CONTENT="coniirm" WC="0.54" CC="5335355"/>
						<SP ID="P5_SP00502" HPOS="615" VPOS="2780" WIDTH="28"/>
						<String ID="word000513" HPOS="644" VPOS="2731" WIDTH="63" HEIGHT="33" CONTENT="the" WC="0.96" CC="100"/>
						<SP ID="P5_SP00503" HPOS="706" VPOS="2780" WIDTH="31"/>
						<String ID="word000514" HPOS="737" VPOS="2726" WIDTH="178" HEIGHT="48" CONTENT="penalties" WC="0.96" CC="001200000"/>
						<SP ID="P5_SP00504" HPOS="915" VPOS="2780" WIDTH="31"/>
						<String ID="word000515" HPOS="946" VPOS="2722" WIDTH="163" HEIGHT="44" CONTENT="existing" WC="0.92" CC="01010211"/>
						<SP ID="P5_SP00505" HPOS="1109" VPOS="2780" WIDTH="30"/>
						<String ID="word000516" HPOS="1139" VPOS="2721" WIDTH="35" HEIGHT="34" CONTENT="in" WC="1.00" CC="00"/>
						<SP ID="P5_SP00506" HPOS="1174" VPOS="2780" WIDTH="30"/>
						<String ID="word000517" HPOS="1204" VPOS="2718" WIDTH="150" HEIGHT="37" CONTENT="Ireland" WC="0.89" CC="3001003"/>
						<SP ID="P5_SP00507" HPOS="1354" VPOS="2780" WIDTH="30"/>
						<String ID="word000518" HPOS="1383" VPOS="2715" WIDTH="126" HEIGHT="34" CONTENT="before" WC="1.00" CC="000000"/>
						<SP ID="P5_SP00508" HPOS="1509" VPOS="2780" WIDTH="31"/>
						<String ID="word000519" HPOS="1540" VPOS="2713" WIDTH="60" HEIGHT="32" CONTENT="the" WC="1.00" CC="000"/>
						<SP ID="P5_SP00509" HPOS="1600" VPOS="2780" WIDTH="0"/>
					</TextLine>
					<TextLine ID="P5_TL00054" HPOS="278" VPOS="2761" WIDTH="1323" HEIGHT="69">
						<String ID="word000520" HPOS="278" VPOS="2787" WIDTH="142" HEIGHT="43" CONTENT="Union," WC="0.72" CC="522222"/>
						<SP ID="P5_SP00510" HPOS="419" VPOS="2830" WIDTH="26"/>
						<String ID="word000521" HPOS="445" VPOS="2794" WIDTH="47" HEIGHT="31" CONTENT="on" WC="0.94" CC="10"/>
						<SP ID="P5_SP00511" HPOS="493" VPOS="2830" WIDTH="15"/>
						<String ID="word000522" HPOS="508" VPOS="2783" WIDTH="105" HEIGHT="33" CONTENT="those" WC="0.98" CC="00100"/>
						<SP ID="P5_SP00512" HPOS="613" VPOS="2830" WIDTH="30"/>
						<String ID="word000523" HPOS="643" VPOS="2778" WIDTH="191" HEIGHT="46" CONTENT="publicans" WC="0.91" CC="003100120"/>
						<SP ID="P5_SP00513" HPOS="834" VPOS="2830" WIDTH="19"/>
						<String ID="word000524" HPOS="853" VPOS="2774" WIDTH="84" HEIGHT="34" CONTENT="who" WC="1.00" CC="000"/>
						<SP ID="P5_SP00514" HPOS="937" VPOS="2830" WIDTH="19"/>
						<String ID="word000525" HPOS="956" VPOS="2771" WIDTH="130" HEIGHT="35" CONTENT="should" WC="0.93" CC="000400"/>
						<SP ID="P5_SP00515" HPOS="1085" VPOS="2830" WIDTH="19"/>
						<String ID="word000526" HPOS="1104" VPOS="2767" WIDTH="118" HEIGHT="35" CONTENT="refuse" WC="0.98" CC="010000"/>
						<SP ID="P5_SP00516" HPOS="1222" VPOS="2830" WIDTH="20"/>
						<String ID="word000527" HPOS="1243" VPOS="2772" WIDTH="37" HEIGHT="28" CONTENT="to" WC="1.00" CC="00"/>
						<SP ID="P5_SP00517" HPOS="1279" VPOS="2830" WIDTH="15"/>
						<String ID="word000528" HPOS="1294" VPOS="2764" WIDTH="86" HEIGHT="34" CONTENT="take" WC="1.00" CC="0000"/>
						<SP ID="P5_SP00518" HPOS="1381" VPOS="2830" WIDTH="20"/>
						<String ID="word000529" HPOS="1401" VPOS="2764" WIDTH="35" HEIGHT="33" CONTENT="in" WC="1.00" CC="00"/>
						<SP ID="P5_SP00519" HPOS="1436" VPOS="2830" WIDTH="15"/>
						<String ID="word000530" HPOS="1452" VPOS="2761" WIDTH="149" HEIGHT="33" CONTENT="soldiers" WC="0.99" CC="00100000"/>
						<SP ID="P5_SP00520" HPOS="1600" VPOS="2830" WIDTH="0"/>
					</TextLine>
					<TextLine ID="P5_TL00055" HPOS="274" VPOS="2807" WIDTH="1326" HEIGHT="65">
						<String ID="word000531" HPOS="274" VPOS="2831" WIDTH="172" HEIGHT="38" CONTENT="billetted" WC="0.97" CC="011000000"/>
						<SP ID="P5_SP00521" HPOS="446" VPOS="2869" WIDTH="18"/>
						<String ID="word000532" HPOS="464" VPOS="2841" WIDTH="47" HEIGHT="31" CONTENT="on" WC="0.94" CC="10"/>
						<SP ID="P5_SP00522" HPOS="511" VPOS="2871" WIDTH="20"/>
						<String ID="word000533" HPOS="531" VPOS="2828" WIDTH="111" HEIGHT="35" CONTENT="them." WC="1.00" CC="00000"/>
						<SP ID="P5_SP00523" HPOS="643" VPOS="2871" WIDTH="52"/>
						<String ID="word000534" HPOS="694" VPOS="2825" WIDTH="81" HEIGHT="34" CONTENT="The" WC="0.96" CC="100"/>
						<SP ID="P5_SP00524" HPOS="776" VPOS="2871" WIDTH="12"/>
						<String ID="word000535" HPOS="788" VPOS="2820" WIDTH="213" HEIGHT="44" CONTENT="succeeding" WC="0.98" CC="0100000001"/>
						<SP ID="P5_SP00525" HPOS="1000" VPOS="2871" WIDTH="12"/>
						<String ID="word000536" HPOS="1012" VPOS="2817" WIDTH="230" HEIGHT="37" CONTENT="amendment" WC="0.99" CC="010000000"/>
						<SP ID="P5_SP00526" HPOS="1243" VPOS="2871" WIDTH="13"/>
						<String ID="word000537" HPOS="1256" VPOS="2811" WIDTH="139" HEIGHT="35" CONTENT="related" WC="0.95" CC="0110010"/>
						<SP ID="P5_SP00527" HPOS="1395" VPOS="2871" WIDTH="14"/>
						<String ID="word000538" HPOS="1409" VPOS="2815" WIDTH="39" HEIGHT="28" CONTENT="to" WC="1.00" CC="00"/>
						<SP ID="P5_SP00528" HPOS="1448" VPOS="2871" WIDTH="12"/>
						<String ID="word000539" HPOS="1460" VPOS="2807" WIDTH="61" HEIGHT="35" CONTENT="the" WC="1.00" CC="000"/>
						<SP ID="P5_SP00529" HPOS="1521" VPOS="2871" WIDTH="14"/>
						<String ID="word000540" HPOS="1535" VPOS="2809" WIDTH="44" HEIGHT="32" CONTENT="ab" SUBS_TYPE="HypPart1" SUBS_CONTENT="absconding" WC="0.93" CC="01"/>
						<HYP HPOS="1579" VPOS="2809" WIDTH="21" CONTENT="-"/>
					</TextLine>
					<TextLine ID="P5_TL00056" HPOS="276" VPOS="2856" WIDTH="1326" HEIGHT="69">
						<String ID="word000541" HPOS="276" VPOS="2880" WIDTH="177" HEIGHT="45" CONTENT="sconding" SUBS_TYPE="HypPart2" SUBS_CONTENT="absconding" WC="0.76" CC="43340030"/>
						<SP ID="P5_SP00530" HPOS="454" VPOS="2924" WIDTH="20"/>
						<String ID="word000542" HPOS="474" VPOS="2877" WIDTH="45" HEIGHT="34" CONTENT="of" WC="1.00" CC="00"/>
						<SP ID="P5_SP00531" HPOS="519" VPOS="2924" WIDTH="13"/>
						<String ID="word000543" HPOS="531" VPOS="2875" WIDTH="164" HEIGHT="37" CONTENT="recruits." WC="1.00" CC="000000000"/>
						<SP ID="P5_SP00532" HPOS="696" VPOS="2924" WIDTH="57"/>
						<String ID="word000544" HPOS="752" VPOS="2871" WIDTH="80" HEIGHT="34" CONTENT="The" WC="1.00" CC="000"/>
						<SP ID="P5_SP00533" HPOS="833" VPOS="2924" WIDTH="25"/>
						<String ID="word000545" HPOS="857" VPOS="2872" WIDTH="86" HEIGHT="32" CONTENT="next" WC="1.00" CC="0000"/>
						<SP ID="P5_SP00534" HPOS="944" VPOS="2924" WIDTH="31"/>
						<String ID="word000546" HPOS="974" VPOS="2864" WIDTH="227" HEIGHT="37" CONTENT="amendment" WC="0.96" CC="000111000"/>
						<SP ID="P5_SP00535" HPOS="1201" VPOS="2924" WIDTH="32"/>
						<String ID="word000547" HPOS="1233" VPOS="2871" WIDTH="87" HEIGHT="31" CONTENT="was," WC="0.97" CC="0100"/>
						<SP ID="P5_SP00536" HPOS="1320" VPOS="2924" WIDTH="26"/>
						<String ID="word000548" HPOS="1346" VPOS="2863" WIDTH="39" HEIGHT="30" CONTENT="to" WC="1.00" CC="00"/>
						<SP ID="P5_SP00537" HPOS="1385" VPOS="2924" WIDTH="33"/>
						<String ID="word000549" HPOS="1419" VPOS="2856" WIDTH="111" HEIGHT="34" CONTENT="inflict" WC="0.78" CC="0144122"/>
						<SP ID="P5_SP00538" HPOS="1530" VPOS="2924" WIDTH="28"/>
						<String ID="word000550" HPOS="1558" VPOS="2864" WIDTH="44" HEIGHT="22" CONTENT="on" WC="1.00" CC="00"/>
						<SP ID="P5_SP00539" HPOS="1602" VPOS="2924" WIDTH="0"/>
					</TextLine>
					<TextLine ID="P5_TL00057" HPOS="281" VPOS="2902" WIDTH="1321" HEIGHT="65">
						<String ID="word000551" HPOS="281" VPOS="2930" WIDTH="105" HEIGHT="34" CONTENT="those" WC="1.00" CC="00000"/>
						<SP ID="P5_SP00540" HPOS="386" VPOS="2965" WIDTH="15"/>
						<String ID="word000552" HPOS="402" VPOS="2923" WIDTH="280" HEIGHT="44" CONTENT="Commissaries" WC="0.86" CC="013011100242"/>
						<SP ID="P5_SP00541" HPOS="681" VPOS="2967" WIDTH="12"/>
						<String ID="word000553" HPOS="693" VPOS="2919" WIDTH="86" HEIGHT="35" CONTENT="who" WC="0.89" CC="012"/>
						<SP ID="P5_SP00542" HPOS="780" VPOS="2967" WIDTH="11"/>
						<String ID="word000554" HPOS="790" VPOS="2916" WIDTH="128" HEIGHT="37" CONTENT="should" WC="0.80" CC="003341"/>
						<SP ID="P5_SP00543" HPOS="918" VPOS="2967" WIDTH="20"/>
						<String ID="word000555" HPOS="938" VPOS="2911" WIDTH="253" HEIGHT="44" CONTENT="fraudulently" WC="0.98" CC="000110000000"/>
						<SP ID="P5_SP00544" HPOS="1191" VPOS="2967" WIDTH="13"/>
						<String ID="word000556" HPOS="1204" VPOS="2906" WIDTH="185" HEIGHT="46" CONTENT="misapply" WC="0.99" CC="00000010"/>
						<SP ID="P5_SP00545" HPOS="1389" VPOS="2967" WIDTH="15"/>
						<String ID="word000557" HPOS="1404" VPOS="2904" WIDTH="60" HEIGHT="33" CONTENT="the" WC="1.00" CC="000"/>
						<SP ID="P5_SP00546" HPOS="1465" VPOS="2967" WIDTH="15"/>
						<String ID="word000558" HPOS="1480" VPOS="2902" WIDTH="122" HEIGHT="45" CONTENT="public" WC="0.93" CC="111001"/>
						<SP ID="P5_SP00547" HPOS="1602" VPOS="2967" WIDTH="0"/>
					</TextLine>
					<TextLine ID="P5_TL00058" HPOS="279" VPOS="2953" WIDTH="1325" HEIGHT="67">
						<String ID="word000559" HPOS="279" VPOS="2985" WIDTH="150" HEIGHT="35" CONTENT="money," WC="1.00" CC="000000"/>
						<SP ID="P5_SP00548" HPOS="429" VPOS="3020" WIDTH="25"/>
						<String ID="word000560" HPOS="454" VPOS="2983" WIDTH="26" HEIGHT="24" CONTENT="a" WC="1.00" CC="0"/>
						<SP ID="P5_SP00549" HPOS="480" VPOS="3020" WIDTH="14"/>
						<String ID="word000561" HPOS="494" VPOS="2970" WIDTH="149" HEIGHT="46" CONTENT="penalty" WC="0.95" CC="0000300"/>
						<SP ID="P5_SP00550" HPOS="643" VPOS="3020" WIDTH="20"/>
						<String ID="word000562" HPOS="663" VPOS="2968" WIDTH="43" HEIGHT="34" CONTENT="of" WC="0.72" CC="14"/>
						<SP ID="P5_SP00551" HPOS="705" VPOS="3020" WIDTH="9"/>
						<String ID="word000563" HPOS="715" VPOS="2967" WIDTH="100" HEIGHT="38" CONTENT="WO/." WC="0.50" CC="6561"/>
						<SP ID="P5_SP00552" HPOS="815" VPOS="3020" WIDTH="20"/>
						<String ID="word000564" HPOS="835" VPOS="2965" WIDTH="69" HEIGHT="34" CONTENT="and" WC="1.00" CC="000"/>
						<SP ID="P5_SP00553" HPOS="904" VPOS="3020" WIDTH="20"/>
						<String ID="word000565" HPOS="924" VPOS="2967" WIDTH="39" HEIGHT="30" CONTENT="to" WC="1.00" CC="00"/>
						<SP ID="P5_SP00554" HPOS="963" VPOS="3020" WIDTH="20"/>
						<String ID="word000566" HPOS="983" VPOS="2960" WIDTH="129" HEIGHT="35" CONTENT="render" WC="0.98" CC="001000"/>
						<SP ID="P5_SP00555" HPOS="1111" VPOS="3020" WIDTH="11"/>
						<String ID="word000567" HPOS="1122" VPOS="2957" WIDTH="98" HEIGHT="33" CONTENT="them" WC="0.89" CC="0004"/>
						<SP ID="P5_SP00556" HPOS="1220" VPOS="3020" WIDTH="20"/>
						<String ID="word000568" HPOS="1240" VPOS="2953" WIDTH="190" HEIGHT="46" CONTENT="ineligible" WC="0.93" CC="0010010301"/>
						<SP ID="P5_SP00557" HPOS="1430" VPOS="3020" WIDTH="18"/>
						<String ID="word000569" HPOS="1448" VPOS="2957" WIDTH="35" HEIGHT="26" CONTENT="to" WC="0.94" CC="01"/>
						<SP ID="P5_SP00558" HPOS="1483" VPOS="3020" WIDTH="19"/>
						<String ID="word000570" HPOS="1502" VPOS="2959" WIDTH="102" HEIGHT="25" CONTENT="serve" WC="1.00" CC="00000"/>
						<SP ID="P5_SP00559" HPOS="1604" VPOS="3020" WIDTH="0"/>
					</TextLine>
					<TextLine ID="P5_TL00059" HPOS="282" VPOS="3005" WIDTH="987" HEIGHT="61">
						<String ID="word000571" HPOS="282" VPOS="3025" WIDTH="35" HEIGHT="34" CONTENT="in" WC="0.83" CC="03"/>
						<SP ID="P5_SP00560" HPOS="318" VPOS="3059" WIDTH="19"/>
						<String ID="word000572" HPOS="337" VPOS="3033" WIDTH="72" HEIGHT="33" CONTENT="any" WC="0.96" CC="100"/>
						<SP ID="P5_SP00561" HPOS="409" VPOS="3066" WIDTH="19"/>
						<String ID="word000573" HPOS="428" VPOS="3021" WIDTH="111" HEIGHT="34" CONTENT="other" WC="1.00" CC="00000"/>
						<SP ID="P5_SP00562" HPOS="539" VPOS="3066" WIDTH="19"/>
						<String ID="word000574" HPOS="557" VPOS="3017" WIDTH="124" HEIGHT="46" CONTENT="public" WC="0.96" CC="001001"/>
						<SP ID="P5_SP00563" HPOS="681" VPOS="3066" WIDTH="15"/>
						<String ID="word000575" HPOS="697" VPOS="3014" WIDTH="193" HEIGHT="39" CONTENT="situation," WC="0.97" CC="0003000000"/>
						<SP ID="P5_SP00564" HPOS="889" VPOS="3066" WIDTH="25"/>
						<String ID="word000576" HPOS="914" VPOS="3008" WIDTH="90" HEIGHT="37" CONTENT="civil" WC="0.95" CC="00200"/>
						<SP ID="P5_SP00565" HPOS="1004" VPOS="3066" WIDTH="20"/>
						<String ID="word000577" HPOS="1024" VPOS="3018" WIDTH="43" HEIGHT="25" CONTENT="or" WC="1.00" CC="00"/>
						<SP ID="P5_SP00566" HPOS="1067" VPOS="3066" WIDTH="18"/>
						<String ID="word000578" HPOS="1084" VPOS="3005" WIDTH="184" HEIGHT="43" CONTENT="military." WC="1.00" CC="000000000"/>
						<SP ID="P5_SP00567" HPOS="1269" VPOS="3066" WIDTH="0"/>
					</TextLine>
					<TextLine ID="P5_TL00060" HPOS="332" VPOS="3048" WIDTH="1273" HEIGHT="56">
						<String ID="word000579" HPOS="332" VPOS="3069" WIDTH="149" HEIGHT="35" CONTENT="Several" WC="0.98" CC="0100000"/>
						<SP ID="P5_SP00568" HPOS="481" VPOS="3104" WIDTH="19"/>
						<String ID="word000580" HPOS="500" VPOS="3067" WIDTH="106" HEIGHT="34" CONTENT="other" WC="1.00" CC="00000"/>
						<SP ID="P5_SP00569" HPOS="606" VPOS="3104" WIDTH="17"/>
						<String ID="word000581" HPOS="622" VPOS="3064" WIDTH="157" HEIGHT="39" CONTENT="clauses," WC="0.86" CC="03113101"/>
						<SP ID="P5_SP00570" HPOS="780" VPOS="3104" WIDTH="25"/>
						<String ID="word000582" HPOS="804" VPOS="3069" WIDTH="130" HEIGHT="33" CONTENT="among" WC="1.00" CC="00000"/>
						<SP ID="P5_SP00571" HPOS="934" VPOS="3104" WIDTH="19"/>
						<String ID="word000583" HPOS="953" VPOS="3054" WIDTH="120" HEIGHT="35" CONTENT="which" WC="0.98" CC="10000"/>
						<SP ID="P5_SP00572" HPOS="1074" VPOS="3104" WIDTH="21"/>
						<String ID="word000584" HPOS="1095" VPOS="3061" WIDTH="74" HEIGHT="26" CONTENT="was" WC="0.96" CC="100"/>
						<SP ID="P5_SP00573" HPOS="1169" VPOS="3104" WIDTH="15"/>
						<String ID="word000585" HPOS="1185" VPOS="3060" WIDTH="70" HEIGHT="25" CONTENT="one" WC="1.00" CC="000"/>
						<SP ID="P5_SP00574" HPOS="1254" VPOS="3104" WIDTH="21"/>
						<String ID="word000586" HPOS="1276" VPOS="3054" WIDTH="38" HEIGHT="28" CONTENT="to" WC="1.00" CC="00"/>
						<SP ID="P5_SP00575" HPOS="1313" VPOS="3104" WIDTH="24"/>
						<String ID="word000587" HPOS="1337" VPOS="3048" WIDTH="81" HEIGHT="45" CONTENT="give" WC="0.97" CC="1000"/>
						<SP ID="P5_SP00576" HPOS="1419" VPOS="3104" WIDTH="18"/>
						<String ID="word000588" HPOS="1436" VPOS="3056" WIDTH="22" HEIGHT="24" CONTENT="a" WC="1.00" CC="0"/>
						<SP ID="P5_SP00577" HPOS="1459" VPOS="3104" WIDTH="18"/>
						<String ID="word000589" HPOS="1476" VPOS="3053" WIDTH="129" HEIGHT="35" CONTENT="power" WC="0.98" CC="00100"/>
						<SP ID="P5_SP00578" HPOS="1605" VPOS="3104" WIDTH="0"/>
					</TextLine>
					<TextLine ID="P5_TL00061" HPOS="282" VPOS="3093" WIDTH="1324" HEIGHT="61">
						<String ID="word000590" HPOS="282" VPOS="3122" WIDTH="40" HEIGHT="32" CONTENT="to" WC="1.00" CC="00"/>
						<SP ID="P5_SP00579" HPOS="322" VPOS="3154" WIDTH="20"/>
						<String ID="word000591" HPOS="343" VPOS="3115" WIDTH="157" HEIGHT="37" CONTENT="transfer" WC="0.97" CC="00100010"/>
						<SP ID="P5_SP00580" HPOS="500" VPOS="3154" WIDTH="19"/>
						<String ID="word000592" HPOS="519" VPOS="3124" WIDTH="78" HEIGHT="24" CONTENT="men" WC="1.00" CC="000"/>
						<SP ID="P5_SP00581" HPOS="596" VPOS="3154" WIDTH="21"/>
						<String ID="word000593" HPOS="618" VPOS="3112" WIDTH="84" HEIGHT="34" CONTENT="who" WC="0.96" CC="100"/>
						<SP ID="P5_SP00582" HPOS="702" VPOS="3154" WIDTH="30"/>
						<String ID="word000594" HPOS="731" VPOS="3110" WIDTH="71" HEIGHT="40" CONTENT="had" WC="0.96" CC="010"/>
						<SP ID="P5_SP00583" HPOS="802" VPOS="3154" WIDTH="28"/>
						<String ID="word000595" HPOS="830" VPOS="3105" WIDTH="146" HEIGHT="37" CONTENT="enlisted" WC="0.89" CC="00000002"/>
						<String ID="word000596" HPOS="977" VPOS="3105" WIDTH="19" HEIGHT="37" CONTENT="," STYLE="superscript" WC="0.89" CC="7"/>
						<SP ID="P5_SP00584" HPOS="996" VPOS="3154" WIDTH="15"/>
						<String ID="word000597" HPOS="1011" VPOS="3103" WIDTH="74" HEIGHT="33" CONTENT="into" WC="1.00" CC="0000"/>
						<SP ID="P5_SP00585" HPOS="1085" VPOS="3154" WIDTH="30"/>
						<String ID="word000598" HPOS="1115" VPOS="3110" WIDTH="71" HEIGHT="34" CONTENT="any" WC="1.00" CC="000"/>
						<SP ID="P5_SP00586" HPOS="1186" VPOS="3154" WIDTH="21"/>
						<String ID="word000599" HPOS="1207" VPOS="3097" WIDTH="191" HEIGHT="45" CONTENT="regiment," WC="0.95" CC="030000001"/>
						<SP ID="P5_SP00587" HPOS="1398" VPOS="3154" WIDTH="25"/>
						<String ID="word000600" HPOS="1423" VPOS="3093" WIDTH="69" HEIGHT="33" CONTENT="and" WC="1.00" CC="000"/>
						<SP ID="P5_SP00588" HPOS="1492" VPOS="3154" WIDTH="21"/>
						<String ID="word000601" HPOS="1513" VPOS="3100" WIDTH="93" HEIGHT="25" CONTENT="were" WC="0.97" CC="0100"/>
						<SP ID="P5_SP00589" HPOS="1606" VPOS="3154" WIDTH="0"/>
					</TextLine>
					<TextLine ID="P5_TL00062" HPOS="283" VPOS="3138" WIDTH="1322" HEIGHT="62">
						<String ID="word000602" HPOS="283" VPOS="3165" WIDTH="112" HEIGHT="34" CONTENT="found" WC="0.98" CC="00001"/>
						<SP ID="P5_SP00590" HPOS="396" VPOS="3200" WIDTH="27"/>
						<String ID="word000603" HPOS="423" VPOS="3163" WIDTH="92" HEIGHT="33" CONTENT="unfit" WC="1.00" CC="00000"/>
						<SP ID="P5_SP00591" HPOS="515" VPOS="3200" WIDTH="25"/>
						<String ID="word000604" HPOS="540" VPOS="3162" WIDTH="57" HEIGHT="33" CONTENT="for" WC="1.00" CC="000"/>
						<SP ID="P5_SP00592" HPOS="596" VPOS="3200" WIDTH="24"/>
						<String ID="word000605" HPOS="620" VPOS="3158" WIDTH="158" HEIGHT="40" CONTENT="service," WC="1.00" CC="00000000"/>
						<SP ID="P5_SP00593" HPOS="778" VPOS="3200" WIDTH="25"/>
						<String ID="word000606" HPOS="803" VPOS="3159" WIDTH="38" HEIGHT="30" CONTENT="to" WC="1.00" CC="00"/>
						<SP ID="P5_SP00594" HPOS="841" VPOS="3200" WIDTH="25"/>
						<String ID="word000607" HPOS="866" VPOS="3164" WIDTH="71" HEIGHT="34" CONTENT="any" WC="1.00" CC="000"/>
						<SP ID="P5_SP00595" HPOS="937" VPOS="3200" WIDTH="30"/>
						<String ID="word000608" HPOS="966" VPOS="3150" WIDTH="107" HEIGHT="35" CONTENT="other" WC="0.95" CC="00011"/>
						<SP ID="P5_SP00596" HPOS="1074" VPOS="3200" WIDTH="28"/>
						<String ID="word000609" HPOS="1102" VPOS="3146" WIDTH="176" HEIGHT="45" CONTENT="regiment" WC="0.97" CC="01001000"/>
						<SP ID="P5_SP00597" HPOS="1278" VPOS="3200" WIDTH="30"/>
						<String ID="word000610" HPOS="1307" VPOS="3143" WIDTH="80" HEIGHT="33" CONTENT="that" WC="0.97" CC="0010"/>
						<SP ID="P5_SP00598" HPOS="1388" VPOS="3200" WIDTH="31"/>
						<String ID="word000611" HPOS="1419" VPOS="3141" WIDTH="112" HEIGHT="41" CONTENT="might" WC="1.00" CC="00000"/>
						<SP ID="P5_SP00599" HPOS="1531" VPOS="3200" WIDTH="33"/>
						<String ID="word000612" HPOS="1564" VPOS="3138" WIDTH="41" HEIGHT="33" CONTENT="be" WC="1.00" CC="00"/>
						<SP ID="P5_SP00600" HPOS="1605" VPOS="3200" WIDTH="0"/>
					</TextLine>
					<TextLine ID="P5_TL00063" HPOS="283" VPOS="3185" WIDTH="1326" HEIGHT="70">
						<String ID="word000613" HPOS="283" VPOS="3209" WIDTH="158" HEIGHT="46" CONTENT="thought" WC="0.63" CC="5532332"/>
						<SP ID="P5_SP00601" HPOS="442" VPOS="3255" WIDTH="19"/>
						<String ID="word000614" HPOS="461" VPOS="3217" WIDTH="154" HEIGHT="37" CONTENT="proper," WC="1.00" CC="0000000"/>
						<SP ID="P5_SP00602" HPOS="614" VPOS="3255" WIDTH="27"/>
						<String ID="word000615" HPOS="641" VPOS="3215" WIDTH="100" HEIGHT="25" CONTENT="were" WC="1.00" CC="0000"/>
						<SP ID="P5_SP00603" HPOS="742" VPOS="3255" WIDTH="18"/>
						<String ID="word000616" HPOS="759" VPOS="3206" WIDTH="85" HEIGHT="33" CONTENT="then" WC="1.00" CC="0000"/>
						<SP ID="P5_SP00604" HPOS="844" VPOS="3255" WIDTH="19"/>
						<String ID="word000617" HPOS="863" VPOS="3197" WIDTH="185" HEIGHT="51" CONTENT="proposed" WC="1.00" CC="00000000"/>
						<SP ID="P5_SP00605" HPOS="1049" VPOS="3255" WIDTH="27"/>
						<String ID="word000618" HPOS="1076" VPOS="3198" WIDTH="47" HEIGHT="43" CONTENT="by" WC="0.94" CC="10"/>
						<SP ID="P5_SP00606" HPOS="1123" VPOS="3255" WIDTH="20"/>
						<String ID="word000619" HPOS="1143" VPOS="3195" WIDTH="61" HEIGHT="34" CONTENT="the" WC="1.00" CC="000"/>
						<SP ID="P5_SP00607" HPOS="1205" VPOS="3255" WIDTH="31"/>
						<String ID="word000620" HPOS="1235" VPOS="3194" WIDTH="193" HEIGHT="40" CONTENT="Secretary" WC="0.99" CC="010000000"/>
						<SP ID="P5_SP00608" HPOS="1428" VPOS="3255" WIDTH="18"/>
						<String ID="word000621" HPOS="1446" VPOS="3194" WIDTH="38" HEIGHT="27" CONTENT="at" WC="1.00" CC="00"/>
						<SP ID="P5_SP00609" HPOS="1483" VPOS="3255" WIDTH="22"/>
						<String ID="word000622" HPOS="1506" VPOS="3185" WIDTH="103" HEIGHT="40" CONTENT="War," WC="0.89" CC="2110"/>
						<SP ID="P5_SP00610" HPOS="1609" VPOS="3255" WIDTH="0"/>
					</TextLine>
					<TextLine ID="P5_TL00064" HPOS="283" VPOS="3249" WIDTH="581" HEIGHT="55">
						<String ID="word000623" HPOS="283" VPOS="3260" WIDTH="72" HEIGHT="35" CONTENT="and" WC="1.00" CC="000"/>
						<SP ID="P5_SP00611" HPOS="356" VPOS="3295" WIDTH="15"/>
						<String ID="word000624" HPOS="371" VPOS="3256" WIDTH="137" HEIGHT="47" CONTENT="agreed" WC="1.00" CC="000000"/>
						<SP ID="P5_SP00612" HPOS="508" VPOS="3304" WIDTH="19"/>
						<String ID="word000625" HPOS="527" VPOS="3249" WIDTH="337" HEIGHT="50" CONTENT="to.--Adjourned." WC="0.69" CC="333434222244222"/>
						<SP ID="P5_SP00613" HPOS="863" VPOS="3304" WIDTH="0"/>
					</TextLine>
				</TextBlock>
				<TextBlock ID="pa0005006" HPOS="286" VPOS="3354" WIDTH="1329" HEIGHT="221" STYLEREFS="TXT_0 PAR_BLOCK">
					<TextLine ID="P5_TL00065" HPOS="736" VPOS="3356" WIDTH="443" HEIGHT="52">
						<String ID="word000626" HPOS="736" VPOS="3363" WIDTH="239" HEIGHT="45" CONTENT="Wednesday," WC="0.90" CC="2111110011" STYLEREFS="TXT_2"/>
						<SP ID="P5_SP00614" HPOS="974" VPOS="3407" WIDTH="20"/>
						<String ID="word000627" HPOS="994" VPOS="3359" WIDTH="129" HEIGHT="35" CONTENT="March" WC="0.98" CC="01000" STYLEREFS="TXT_2"/>
						<SP ID="P5_SP00615" HPOS="1123" VPOS="3407" WIDTH="18"/>
						<String ID="word000628" HPOS="1141" VPOS="3356" WIDTH="38" HEIGHT="35" CONTENT="8." WC="0.72" CC="41"/>
						<SP ID="P5_SP00616" HPOS="1179" VPOS="3407" WIDTH="0"/>
					</TextLine>
					<TextLine ID="P5_TL00066" HPOS="338" VPOS="3407" WIDTH="1277" HEIGHT="66">
						<String ID="word000629" HPOS="338" VPOS="3433" WIDTH="96" HEIGHT="35" CONTENT="Lord" WC="0.97" CC="1000"/>
						<SP ID="P5_SP00617" HPOS="433" VPOS="3469" WIDTH="31"/>
						<String ID="word000630" HPOS="464" VPOS="3432" WIDTH="60" HEIGHT="34" CONTENT="Fo" WC="0.50" CC="36"/>
						<SP ID="P5_SP00618" HPOS="524" VPOS="3469" WIDTH="11"/>
						<String ID="word000631" HPOS="535" VPOS="3438" WIDTH="131" HEIGHT="27" CONTENT="Licsro" WC="0.24" CC="788576"/>
						<SP ID="P5_SP00619" HPOS="666" VPOS="3469" WIDTH="9"/>
						<String ID="word000632" HPOS="676" VPOS="3437" WIDTH="58" HEIGHT="25" CONTENT="NE" WC="0.94" CC="10"/>
						<SP ID="P5_SP00620" HPOS="733" VPOS="3469" WIDTH="19"/>
						<String ID="word000633" HPOS="752" VPOS="3436" WIDTH="93" HEIGHT="37" CONTENT="gave" WC="1.00" CC="0000"/>
						<SP ID="P5_SP00621" HPOS="846" VPOS="3472" WIDTH="32"/>
						<String ID="word000634" HPOS="878" VPOS="3423" WIDTH="124" HEIGHT="37" CONTENT="notice" WC="0.93" CC="211000"/>
						<SP ID="P5_SP00622" HPOS="1002" VPOS="3472" WIDTH="27"/>
						<String ID="word000635" HPOS="1029" VPOS="3418" WIDTH="83" HEIGHT="35" CONTENT="that" WC="1.00" CC="0000"/>
						<SP ID="P5_SP00623" HPOS="1111" VPOS="3472" WIDTH="31"/>
						<String ID="word000636" HPOS="1142" VPOS="3417" WIDTH="46" HEIGHT="35" CONTENT="he" WC="0.94" CC="10"/>
						<SP ID="P5_SP00624" HPOS="1188" VPOS="3472" WIDTH="28"/>
						<String ID="word000637" HPOS="1217" VPOS="3411" WIDTH="144" HEIGHT="41" CONTENT="should," WC="0.86" CC="5011101"/>
						<SP ID="P5_SP00625" HPOS="1361" VPOS="3472" WIDTH="25"/>
						<String ID="word000638" HPOS="1385" VPOS="3420" WIDTH="46" HEIGHT="24" CONTENT="on" WC="1.00" CC="00"/>
						<SP ID="P5_SP00626" HPOS="1431" VPOS="3472" WIDTH="20"/>
						<String ID="word000639" HPOS="1452" VPOS="3407" WIDTH="163" HEIGHT="44" CONTENT="Monday" WC="0.96" CC="011000"/>
						<SP ID="P5_SP00627" HPOS="1615" VPOS="3472" WIDTH="0"/>
					</TextLine>
					<TextLine ID="P5_TL00067" HPOS="288" VPOS="3455" WIDTH="1327" HEIGHT="71">
						<String ID="word000640" HPOS="288" VPOS="3482" WIDTH="197" HEIGHT="44" CONTENT="?e'ilight," WC="0.50" CC="8338833333"/>
						<SP ID="P5_SP00628" HPOS="485" VPOS="3526" WIDTH="22"/>
						<String ID="word000641" HPOS="508" VPOS="3480" WIDTH="106" HEIGHT="41" CONTENT="bring" WC="0.91" CC="02011"/>
						<SP ID="P5_SP00629" HPOS="614" VPOS="3526" WIDTH="17"/>
						<String ID="word000642" HPOS="631" VPOS="3475" WIDTH="167" HEIGHT="35" CONTENT="forward" WC="0.98" CC="0010000"/>
						<SP ID="P5_SP00630" HPOS="797" VPOS="3526" WIDTH="14"/>
						<String ID="word000643" HPOS="811" VPOS="3482" WIDTH="97" HEIGHT="25" CONTENT="some" WC="0.94" CC="0002"/>
						<SP ID="P5_SP00631" HPOS="908" VPOS="3526" WIDTH="14"/>
						<String ID="word000644" HPOS="922" VPOS="3469" WIDTH="143" HEIGHT="37" CONTENT="farther" WC="0.98" CC="0001000"/>
						<SP ID="P5_SP00632" HPOS="1065" VPOS="3526" WIDTH="13"/>
						<String ID="word000645" HPOS="1078" VPOS="3465" WIDTH="165" HEIGHT="44" CONTENT="Charges" WC="0.98" CC="1000000"/>
						<SP ID="P5_SP00633" HPOS="1244" VPOS="3526" WIDTH="12"/>
						<String ID="word000646" HPOS="1256" VPOS="3461" WIDTH="143" HEIGHT="46" CONTENT="against" WC="1.00" CC="0000000"/>
						<SP ID="P5_SP00634" HPOS="1398" VPOS="3526" WIDTH="11"/>
						<String ID="word000647" HPOS="1409" VPOS="3457" WIDTH="70" HEIGHT="35" CONTENT="His" WC="1.00" CC="000"/>
						<SP ID="P5_SP00635" HPOS="1479" VPOS="3526" WIDTH="13"/>
						<String ID="word000648" HPOS="1492" VPOS="3455" WIDTH="123" HEIGHT="45" CONTENT="Royal" WC="0.95" CC="10001"/>
						<SP ID="P5_SP00636" HPOS="1615" VPOS="3526" WIDTH="0"/>
					</TextLine>
					<TextLine ID="P5_TL00068" HPOS="292" VPOS="3521" WIDTH="604" HEIGHT="54">
						<String ID="word000649" HPOS="292" VPOS="3530" WIDTH="183" HEIGHT="45" CONTENT="Highness" WC="0.89" CC="40030001"/>
						<SP ID="P5_SP00637" HPOS="475" VPOS="3575" WIDTH="15"/>
						<String ID="word000650" HPOS="490" VPOS="3527" WIDTH="64" HEIGHT="37" CONTENT="the" WC="1.00" CC="000"/>
						<SP ID="P5_SP00638" HPOS="554" VPOS="3575" WIDTH="19"/>
						<String ID="word000651" HPOS="573" VPOS="3526" WIDTH="113" HEIGHT="35" CONTENT="Duke" WC="1.00" CC="0000"/>
						<SP ID="P5_SP00639" HPOS="686" VPOS="3575" WIDTH="17"/>
						<String ID="word000652" HPOS="703" VPOS="3523" WIDTH="45" HEIGHT="37" CONTENT="of" WC="1.00" CC="00"/>
						<SP ID="P5_SP00640" HPOS="748" VPOS="3575" WIDTH="18"/>
						<String ID="word000653" HPOS="765" VPOS="3521" WIDTH="130" HEIGHT="37" CONTENT="York." WC="0.98" CC="10000"/>
						<SP ID="P5_SP00641" HPOS="895" VPOS="3575" WIDTH="0"/>
					</TextLine>
				</TextBlock>
				<TextBlock ID="pa0005007" HPOS="2832" VPOS="81" WIDTH="89" HEIGHT="52" STYLEREFS="TXT_3 PAR_RIGHT">
					<TextLine ID="P5_TL00069" HPOS="2833" VPOS="83" WIDTH="88" HEIGHT="50">
						<String ID="word000654" HPOS="2833" VPOS="83" WIDTH="87" HEIGHT="50" CONTENT="165" WC="0.78" CC="105"/>
						<SP ID="P5_SP00642" HPOS="2921" VPOS="132" WIDTH="0"/>
					</TextLine>
				</TextBlock>
				<TextBlock ID="pa0005008" HPOS="1615" VPOS="222" WIDTH="1389" HEIGHT="3974" STYLEREFS="TXT_3 PAR_BLOCK">
					<Shape>
						<Polygon POINTS="1644,4195 1644,1495 1630,1495 1630,1028 1620,1028 1620,741 1618,741 1618,467 1615,467 1615,222 3004,222 3004,4195"/>
					</Shape>
					<TextLine ID="P5_TL00070" HPOS="1615" VPOS="223" WIDTH="1306" HEIGHT="57">
						<String ID="word000655" HPOS="1615" VPOS="243" WIDTH="93" HEIGHT="26" CONTENT="mast" WC="0.61" CC="7610" STYLEREFS="TXT_2"/>
						<SP ID="P5_SP00643" HPOS="1708" VPOS="269" WIDTH="28"/>
						<String ID="word000656" HPOS="1736" VPOS="246" WIDTH="83" HEIGHT="25" CONTENT="ever" WC="1.00" CC="0000" STYLEREFS="TXT_2"/>
						<SP ID="P5_SP00644" HPOS="1819" VPOS="270" WIDTH="20"/>
						<String ID="word000657" HPOS="1839" VPOS="239" WIDTH="109" HEIGHT="32" CONTENT="claim" WC="0.91" CC="00103" STYLEREFS="TXT_2"/>
						<SP ID="P5_SP00645" HPOS="1948" VPOS="270" WIDTH="33"/>
						<String ID="word000658" HPOS="1981" VPOS="247" WIDTH="58" HEIGHT="33" CONTENT="my" WC="1.00" CC="00" STYLEREFS="TXT_2"/>
						<SP ID="P5_SP00646" HPOS="2039" VPOS="280" WIDTH="40"/>
						<String ID="word000659" HPOS="2079" VPOS="241" WIDTH="165" HEIGHT="28" CONTENT="warmest" WC="0.75" CC="2123341"/>
						<SP ID="P5_SP00647" HPOS="2244" VPOS="280" WIDTH="35"/>
						<String ID="word000660" HPOS="2280" VPOS="235" WIDTH="145" HEIGHT="32" CONTENT="thanks." WC="0.97" CC="0002000"/>
						<SP ID="P5_SP00648" HPOS="2425" VPOS="280" WIDTH="64"/>
						<String ID="word000661" HPOS="2489" VPOS="234" WIDTH="56" HEIGHT="31" CONTENT="To" WC="0.89" CC="20"/>
						<SP ID="P5_SP00649" HPOS="2544" VPOS="280" WIDTH="37"/>
						<String ID="word000662" HPOS="2581" VPOS="240" WIDTH="58" HEIGHT="32" CONTENT="my" WC="1.00" CC="00"/>
						<SP ID="P5_SP00650" HPOS="2639" VPOS="280" WIDTH="46"/>
						<String ID="word000663" HPOS="2685" VPOS="223" WIDTH="236" HEIGHT="38" CONTENT="Honourable" WC="0.76" CC="3333303310"/>
						<SP ID="P5_SP00651" HPOS="2921" VPOS="280" WIDTH="0"/>
					</TextLine>
					<TextLine ID="P5_TL00071" HPOS="1622" VPOS="272" WIDTH="1299" HEIGHT="52">
						<String ID="word000664" HPOS="1622" VPOS="282" WIDTH="128" HEIGHT="34" CONTENT="Friend" WC="0.72" CC="522231"/>
						<SP ID="P5_SP00652" HPOS="1749" VPOS="317" WIDTH="15"/>
						<String ID="word000665" HPOS="1765" VPOS="285" WIDTH="91" HEIGHT="37" CONTENT="(Mr." WC="0.67" CC="8400"/>
						<SP ID="P5_SP00653" HPOS="1856" VPOS="321" WIDTH="20"/>
						<String ID="word000666" HPOS="1876" VPOS="282" WIDTH="235" HEIGHT="41" CONTENT="Whitbread)" WC="0.84" CC="5521001000"/>
						<SP ID="P5_SP00654" HPOS="2111" VPOS="324" WIDTH="25"/>
						<String ID="word000667" HPOS="2135" VPOS="283" WIDTH="13" HEIGHT="33" CONTENT="I" WC="0.44" CC="5"/>
						<SP ID="P5_SP00655" HPOS="2148" VPOS="324" WIDTH="20"/>
						<String ID="word000668" HPOS="2169" VPOS="293" WIDTH="80" HEIGHT="22" CONTENT="owe" WC="0.26" CC="677"/>
						<SP ID="P5_SP00656" HPOS="2249" VPOS="324" WIDTH="15"/>
						<String ID="word000669" HPOS="2264" VPOS="283" WIDTH="100" HEIGHT="32" CONTENT="much" WC="0.89" CC="0112"/>
						<SP ID="P5_SP00657" HPOS="2365" VPOS="324" WIDTH="17"/>
						<String ID="word000670" HPOS="2381" VPOS="293" WIDTH="11" HEIGHT="25" CONTENT=";" WC="0.89" CC="1"/>
						<SP ID="P5_SP00658" HPOS="2392" VPOS="324" WIDTH="26"/>
						<String ID="word000671" HPOS="2418" VPOS="287" WIDTH="38" HEIGHT="26" CONTENT="at" WC="0.56" CC="44"/>
						<SP ID="P5_SP00659" HPOS="2456" VPOS="324" WIDTH="19"/>
						<String ID="word000672" HPOS="2474" VPOS="281" WIDTH="57" HEIGHT="30" CONTENT="the" WC="0.96" CC="001"/>
						<SP ID="P5_SP00660" HPOS="2531" VPOS="324" WIDTH="22"/>
						<String ID="word000673" HPOS="2554" VPOS="283" WIDTH="149" HEIGHT="26" CONTENT="moment" WC="0.85" CC="121013"/>
						<SP ID="P5_SP00661" HPOS="2702" VPOS="324" WIDTH="24"/>
						<String ID="word000674" HPOS="2726" VPOS="276" WIDTH="9" HEIGHT="31" CONTENT="I" WC="0.67" CC="3"/>
						<SP ID="P5_SP00662" HPOS="2735" VPOS="324" WIDTH="26"/>
						<String ID="word000675" HPOS="2761" VPOS="272" WIDTH="63" HEIGHT="33" CONTENT="felt" WC="0.61" CC="5450"/>
						<SP ID="P5_SP00663" HPOS="2824" VPOS="324" WIDTH="21"/>
						<String ID="word000676" HPOS="2845" VPOS="280" WIDTH="51" HEIGHT="30" CONTENT="my" SUBS_TYPE="HypPart1" SUBS_CONTENT="myse!" WC="0.44" CC="46"/>
						<HYP HPOS="2896" VPOS="280" WIDTH="25" CONTENT="-"/>
					</TextLine>
					<TextLine ID="P5_TL00072" HPOS="1617" VPOS="318" WIDTH="1307" HEIGHT="57">
						<String ID="word000677" HPOS="1617" VPOS="330" WIDTH="47" HEIGHT="32" CONTENT="se!" SUBS_TYPE="HypPart2" SUBS_CONTENT="myse!" WC="0.52" CC="544"/>
						<SP ID="P5_SP00664" HPOS="1664" VPOS="361" WIDTH="8"/>
						<String ID="word000678" HPOS="1672" VPOS="331" WIDTH="17" HEIGHT="31" CONTENT="f" WC="0.22" CC="7" STYLEREFS="TXT_4"/>
						<SP ID="P5_SP00665" HPOS="1689" VPOS="361" WIDTH="11"/>
						<String ID="word000679" HPOS="1700" VPOS="341" WIDTH="21" HEIGHT="21" CONTENT="a" WC="0.78" CC="2"/>
						<SP ID="P5_SP00666" HPOS="1721" VPOS="363" WIDTH="12"/>
						<String ID="word000680" HPOS="1733" VPOS="332" WIDTH="91" HEIGHT="40" CONTENT="good" WC="0.61" CC="5423"/>
						<SP ID="P5_SP00667" HPOS="1824" VPOS="372" WIDTH="14"/>
						<String ID="word000681" HPOS="1838" VPOS="332" WIDTH="83" HEIGHT="32" CONTENT="deal" WC="0.92" CC="1110"/>
						<SP ID="P5_SP00668" HPOS="1920" VPOS="372" WIDTH="20"/>
						<String ID="word000682" HPOS="1941" VPOS="331" WIDTH="257" HEIGHT="44" CONTENT="overpowered" WC="0.84" CC="33031320001"/>
						<SP ID="P5_SP00669" HPOS="2198" VPOS="374" WIDTH="14"/>
						<String ID="word000683" HPOS="2212" VPOS="335" WIDTH="39" HEIGHT="27" CONTENT="at" WC="1.00" CC="00"/>
						<SP ID="P5_SP00670" HPOS="2251" VPOS="374" WIDTH="15"/>
						<String ID="word000684" HPOS="2267" VPOS="340" WIDTH="45" HEIGHT="22" CONTENT="an" WC="0.94" CC="10" STYLEREFS="TXT_2"/>
						<SP ID="P5_SP00671" HPOS="2311" VPOS="374" WIDTH="17"/>
						<String ID="word000685" HPOS="2328" VPOS="330" WIDTH="77" HEIGHT="31" CONTENT="earl" WC="0.81" CC="1105" STYLEREFS="TXT_2"/>
						<SP ID="P5_SP00672" HPOS="2405" VPOS="374" WIDTH="11"/>
						<String ID="word000686" HPOS="2415" VPOS="341" WIDTH="11" HEIGHT="22" CONTENT="N" WC="0.22" CC="7"/>
						<SP ID="P5_SP00673" HPOS="2426" VPOS="374" WIDTH="22"/>
						<String ID="word000687" HPOS="2448" VPOS="335" WIDTH="97" HEIGHT="32" CONTENT="stage" WC="0.89" CC="03011"/>
						<SP ID="P5_SP00674" HPOS="2545" VPOS="374" WIDTH="9"/>
						<String ID="word000688" HPOS="2555" VPOS="326" WIDTH="43" HEIGHT="30" CONTENT="of" WC="1.00" CC="00"/>
						<SP ID="P5_SP00675" HPOS="2597" VPOS="374" WIDTH="15"/>
						<String ID="word000689" HPOS="2613" VPOS="325" WIDTH="60" HEIGHT="31" CONTENT="the" WC="0.93" CC="101"/>
						<SP ID="P5_SP00676" HPOS="2673" VPOS="374" WIDTH="14"/>
						<String ID="word000690" HPOS="2687" VPOS="321" WIDTH="172" HEIGHT="34" CONTENT="business," WC="0.67" CC="435143340"/>
						<SP ID="P5_SP00677" HPOS="2859" VPOS="374" WIDTH="20"/>
						<String ID="word000691" HPOS="2880" VPOS="318" WIDTH="44" HEIGHT="31" CONTENT="he" WC="0.94" CC="01"/>
						<SP ID="P5_SP00678" HPOS="2923" VPOS="374" WIDTH="0"/>
					</TextLine>
					<TextLine ID="P5_TL00073" HPOS="1618" VPOS="363" WIDTH="1305" HEIGHT="58">
						<String ID="word000692" HPOS="1618" VPOS="379" WIDTH="148" HEIGHT="41" CONTENT="stepped" WC="0.79" CC="3133012"/>
						<SP ID="P5_SP00679" HPOS="1766" VPOS="420" WIDTH="25"/>
						<String ID="word000693" HPOS="1791" VPOS="378" WIDTH="177" HEIGHT="37" CONTENT="forward," WC="0.99" CC="00000001"/>
						<SP ID="P5_SP00680" HPOS="1968" VPOS="420" WIDTH="31"/>
						<String ID="word000694" HPOS="1998" VPOS="379" WIDTH="66" HEIGHT="31" CONTENT="and" WC="0.85" CC="031"/>
						<SP ID="P5_SP00681" HPOS="2065" VPOS="420" WIDTH="50"/>
						<String ID="word000695" HPOS="2114" VPOS="378" WIDTH="14" HEIGHT="32" CONTENT="I" WC="0.67" CC="3"/>
						<SP ID="P5_SP00682" HPOS="2128" VPOS="420" WIDTH="40"/>
						<String ID="word000696" HPOS="2169" VPOS="389" WIDTH="74" HEIGHT="22" CONTENT="was" WC="0.70" CC="323"/>
						<SP ID="P5_SP00683" HPOS="2243" VPOS="420" WIDTH="32"/>
						<String ID="word000697" HPOS="2275" VPOS="374" WIDTH="155" HEIGHT="34" CONTENT="mulled" WC="0.57" CC="477122"/>
						<SP ID="P5_SP00684" HPOS="2430" VPOS="420" WIDTH="33"/>
						<String ID="word000698" HPOS="2463" VPOS="379" WIDTH="39" HEIGHT="26" CONTENT="to" WC="0.94" CC="01"/>
						<SP ID="P5_SP00685" HPOS="2502" VPOS="420" WIDTH="39"/>
						<String ID="word000699" HPOS="2541" VPOS="369" WIDTH="155" HEIGHT="46" CONTENT="proceed" WC="0.71" CC="3333330" STYLEREFS="TXT_4"/>
						<SP ID="P5_SP00686" HPOS="2695" VPOS="420" WIDTH="37"/>
						<String ID="word000700" HPOS="2732" VPOS="366" WIDTH="109" HEIGHT="34" CONTENT="unt;sr" WC="0.41" CC="355874"/>
						<SP ID="P5_SP00687" HPOS="2841" VPOS="420" WIDTH="28"/>
						<String ID="word000701" HPOS="2869" VPOS="363" WIDTH="54" HEIGHT="32" CONTENT="his" WC="0.74" CC="313"/>
						<SP ID="P5_SP00688" HPOS="2923" VPOS="420" WIDTH="0"/>
					</TextLine>
					<TextLine ID="P5_TL00074" HPOS="1619" VPOS="410" WIDTH="1305" HEIGHT="58">
						<String ID="word000702" HPOS="1619" VPOS="423" WIDTH="126" HEIGHT="35" CONTENT="shield." WC="0.76" CC="1343400"/>
						<SP ID="P5_SP00689" HPOS="1746" VPOS="458" WIDTH="52"/>
						<String ID="word000703" HPOS="1798" VPOS="426" WIDTH="51" HEIGHT="32" CONTENT="At" WC="1.00" CC="00"/>
						<SP ID="P5_SP00690" HPOS="1848" VPOS="458" WIDTH="15"/>
						<String ID="word000704" HPOS="1864" VPOS="435" WIDTH="46" HEIGHT="24" CONTENT="an" WC="0.94" CC="10"/>
						<SP ID="P5_SP00691" HPOS="1910" VPOS="458" WIDTH="22"/>
						<String ID="word000705" HPOS="1932" VPOS="425" WIDTH="99" HEIGHT="43" CONTENT="early" WC="0.98" CC="01000"/>
						<SP ID="P5_SP00692" HPOS="2031" VPOS="468" WIDTH="17"/>
						<String ID="word000706" HPOS="2048" VPOS="424" WIDTH="128" HEIGHT="44" CONTENT="period" WC="0.96" CC="100001"/>
						<SP ID="P5_SP00693" HPOS="2176" VPOS="468" WIDTH="19"/>
						<String ID="word000707" HPOS="2194" VPOS="424" WIDTH="39" HEIGHT="32" CONTENT="of" WC="0.94" CC="10"/>
						<SP ID="P5_SP00694" HPOS="2233" VPOS="468" WIDTH="17"/>
						<String ID="word000708" HPOS="2250" VPOS="423" WIDTH="70" HEIGHT="33" CONTENT="this" WC="1.00" CC="0000"/>
						<SP ID="P5_SP00695" HPOS="2320" VPOS="468" WIDTH="19"/>
						<String ID="word000709" HPOS="2339" VPOS="423" WIDTH="52" HEIGHT="31" CONTENT="ins" WC="0.48" CC="356"/>
						<SP ID="P5_SP00696" HPOS="2391" VPOS="468" WIDTH="12"/>
						<String ID="word000710" HPOS="2402" VPOS="419" WIDTH="207" HEIGHT="43" CONTENT="sstigation," WC="0.49" CC="55645554533"/>
						<SP ID="P5_SP00697" HPOS="2609" VPOS="468" WIDTH="31"/>
						<String ID="word000711" HPOS="2640" VPOS="417" WIDTH="13" HEIGHT="33" CONTENT="I" WC="0.67" CC="3"/>
						<SP ID="P5_SP00698" HPOS="2653" VPOS="468" WIDTH="21"/>
						<String ID="word000712" HPOS="2674" VPOS="415" WIDTH="67" HEIGHT="33" CONTENT="had" WC="0.89" CC="021"/>
						<SP ID="P5_SP00699" HPOS="2741" VPOS="468" WIDTH="17"/>
						<String ID="word000713" HPOS="2758" VPOS="413" WIDTH="59" HEIGHT="33" CONTENT="the" WC="0.85" CC="031"/>
						<SP ID="P5_SP00700" HPOS="2817" VPOS="468" WIDTH="24"/>
						<String ID="word000714" HPOS="2841" VPOS="410" WIDTH="64" HEIGHT="34" CONTENT="mis" SUBS_TYPE="HypPart1" SUBS_CONTENT="misfortune" WC="0.53" CC="643"/>
						<HYP HPOS="2904" VPOS="410" WIDTH="20" CONTENT="-"/>
					</TextLine>
					<TextLine ID="P5_TL00075" HPOS="1620" VPOS="458" WIDTH="1305" HEIGHT="53">
						<String ID="word000715" HPOS="1620" VPOS="469" WIDTH="137" HEIGHT="34" CONTENT="fortune" SUBS_TYPE="HypPart2" SUBS_CONTENT="misfortune" WC="0.78" CC="0323330"/>
						<SP ID="P5_SP00701" HPOS="1757" VPOS="503" WIDTH="26"/>
						<String ID="word000716" HPOS="1783" VPOS="477" WIDTH="35" HEIGHT="28" CONTENT="to" WC="1.00" CC="00"/>
						<SP ID="P5_SP00702" HPOS="1819" VPOS="506" WIDTH="30"/>
						<String ID="word000717" HPOS="1848" VPOS="472" WIDTH="91" HEIGHT="39" CONTENT="lose," WC="0.80" CC="40014"/>
						<SP ID="P5_SP00703" HPOS="1939" VPOS="511" WIDTH="26"/>
						<String ID="word000718" HPOS="1965" VPOS="472" WIDTH="90" HEIGHT="33" CONTENT="from" WC="0.94" CC="0110"/>
						<SP ID="P5_SP00704" HPOS="2055" VPOS="511" WIDTH="28"/>
						<String ID="word000719" HPOS="2083" VPOS="472" WIDTH="40" HEIGHT="33" CONTENT="ill" WC="1.00" CC="000"/>
						<SP ID="P5_SP00705" HPOS="2124" VPOS="511" WIDTH="30"/>
						<String ID="word000720" HPOS="2153" VPOS="469" WIDTH="137" HEIGHT="40" CONTENT="health," WC="0.94" CC="0300100"/>
						<SP ID="P5_SP00706" HPOS="2290" VPOS="511" WIDTH="25"/>
						<String ID="word000721" HPOS="2315" VPOS="480" WIDTH="59" HEIGHT="21" CONTENT="my" WC="0.83" CC="03"/>
						<SP ID="P5_SP00707" HPOS="2374" VPOS="511" WIDTH="24"/>
						<String ID="word000722" HPOS="2398" VPOS="467" WIDTH="237" HEIGHT="33" CONTENT="Ilonourable" WC="0.40" CC="88578545333"/>
						<SP ID="P5_SP00708" HPOS="2635" VPOS="511" WIDTH="30"/>
						<String ID="word000723" HPOS="2665" VPOS="459" WIDTH="148" HEIGHT="39" CONTENT="Friend," WC="0.95" CC="1101000"/>
						<SP ID="P5_SP00709" HPOS="2812" VPOS="511" WIDTH="28"/>
						<String ID="word000724" HPOS="2841" VPOS="458" WIDTH="84" HEIGHT="32" CONTENT="who" WC="0.93" CC="101"/>
						<SP ID="P5_SP00710" HPOS="2924" VPOS="511" WIDTH="0"/>
					</TextLine>
					<TextLine ID="P5_TL00076" HPOS="1620" VPOS="508" WIDTH="1305" HEIGHT="55">
						<String ID="word000725" HPOS="1620" VPOS="517" WIDTH="90" HEIGHT="32" CONTENT="took" WC="1.00" CC="0000"/>
						<SP ID="P5_SP00711" HPOS="1710" VPOS="549" WIDTH="15"/>
						<String ID="word000726" HPOS="1726" VPOS="528" WIDTH="37" HEIGHT="24" CONTENT="so" WC="1.00" CC="00"/>
						<SP ID="P5_SP00712" HPOS="1762" VPOS="552" WIDTH="18"/>
						<String ID="word000727" HPOS="1780" VPOS="519" WIDTH="234" HEIGHT="44" CONTENT="conspicuous" WC="0.70" CC="00351353226"/>
						<SP ID="P5_SP00713" HPOS="2014" VPOS="562" WIDTH="17"/>
						<String ID="word000728" HPOS="2030" VPOS="529" WIDTH="22" HEIGHT="22" CONTENT="a" WC="0.89" CC="1"/>
						<SP ID="P5_SP00714" HPOS="2053" VPOS="562" WIDTH="20"/>
						<String ID="word000729" HPOS="2073" VPOS="523" WIDTH="83" HEIGHT="39" CONTENT="part" WC="0.94" CC="1100"/>
						<SP ID="P5_SP00715" HPOS="2156" VPOS="562" WIDTH="32"/>
						<String ID="word000730" HPOS="2187" VPOS="517" WIDTH="32" HEIGHT="33" CONTENT="in" WC="0.94" CC="01"/>
						<SP ID="P5_SP00716" HPOS="2219" VPOS="562" WIDTH="22"/>
						<String ID="word000731" HPOS="2242" VPOS="517" WIDTH="60" HEIGHT="32" CONTENT="the" WC="1.00" CC="000"/>
						<SP ID="P5_SP00717" HPOS="2302" VPOS="562" WIDTH="28"/>
						<String ID="word000732" HPOS="2330" VPOS="517" WIDTH="301" HEIGHT="30" CONTENT="commencement" WC="0.77" CC="015315133300"/>
						<SP ID="P5_SP00718" HPOS="2631" VPOS="562" WIDTH="19"/>
						<String ID="word000733" HPOS="2650" VPOS="509" WIDTH="40" HEIGHT="33" CONTENT="of" WC="0.94" CC="10"/>
						<SP ID="P5_SP00719" HPOS="2691" VPOS="562" WIDTH="24"/>
						<String ID="word000734" HPOS="2714" VPOS="508" WIDTH="98" HEIGHT="32" CONTENT="these" WC="1.00" CC="00000"/>
						<SP ID="P5_SP00720" HPOS="2812" VPOS="562" WIDTH="27"/>
						<String ID="word000735" HPOS="2839" VPOS="515" WIDTH="65" HEIGHT="33" CONTENT="pro" SUBS_TYPE="HypPart1" SUBS_CONTENT="proceedings" WC="0.69" CC="045"/>
						<HYP HPOS="2904" VPOS="515" WIDTH="21" CONTENT="-"/>
					</TextLine>
					<TextLine ID="P5_TL00077" HPOS="1620" VPOS="550" WIDTH="1304" HEIGHT="59">
						<String ID="word000736" HPOS="1620" VPOS="565" WIDTH="161" HEIGHT="44" CONTENT="ceedings" SUBS_TYPE="HypPart2" SUBS_CONTENT="proceedings" WC="0.94" CC="00002101"/>
						<SP ID="P5_SP00721" HPOS="1781" VPOS="608" WIDTH="32"/>
						<String ID="word000737" HPOS="1813" VPOS="567" WIDTH="78" HEIGHT="39" CONTENT="(Sir" WC="1.00" CC="0000"/>
						<SP ID="P5_SP00722" HPOS="1891" VPOS="608" WIDTH="21"/>
						<String ID="word000738" HPOS="1912" VPOS="566" WIDTH="145" HEIGHT="33" CONTENT="Francis" WC="0.71" CC="5233113"/>
						<SP ID="P5_SP00723" HPOS="2057" VPOS="608" WIDTH="38"/>
						<String ID="word000739" HPOS="2095" VPOS="563" WIDTH="185" HEIGHT="40" CONTENT="Burdett)." WC="0.95" CC="100110100"/>
						<SP ID="P5_SP00724" HPOS="2281" VPOS="608" WIDTH="51"/>
						<String ID="word000740" HPOS="2331" VPOS="563" WIDTH="58" HEIGHT="32" CONTENT="To" WC="0.56" CC="17"/>
						<SP ID="P5_SP00725" HPOS="2389" VPOS="608" WIDTH="20"/>
						<String ID="word000741" HPOS="2409" VPOS="572" WIDTH="54" HEIGHT="22" CONTENT="ms" WC="0.33" CC="57"/>
						<SP ID="P5_SP00726" HPOS="2464" VPOS="608" WIDTH="22"/>
						<String ID="word000742" HPOS="2486" VPOS="559" WIDTH="27" HEIGHT="34" CONTENT="N" WC="0.22" CC="7"/>
						<SP ID="P5_SP00727" HPOS="2513" VPOS="608" WIDTH="13"/>
						<String ID="word000743" HPOS="2526" VPOS="561" WIDTH="84" HEIGHT="30" CONTENT="(role" WC="0.42" CC="66653"/>
						<SP ID="P5_SP00728" HPOS="2610" VPOS="608" WIDTH="31"/>
						<String ID="word000744" HPOS="2641" VPOS="554" WIDTH="130" HEIGHT="35" CONTENT="Friend" WC="0.89" CC="402000"/>
						<SP ID="P5_SP00729" HPOS="2771" VPOS="608" WIDTH="35"/>
						<String ID="word000745" HPOS="2806" VPOS="550" WIDTH="118" HEIGHT="44" CONTENT="(Lord" WC="0.82" CC="00440"/>
						<SP ID="P5_SP00730" HPOS="2924" VPOS="608" WIDTH="0"/>
					</TextLine>
					<TextLine ID="P5_TL00078" HPOS="1626" VPOS="599" WIDTH="1298" HEIGHT="53">
						<String ID="word000746" HPOS="1626" VPOS="609" WIDTH="215" HEIGHT="40" CONTENT="Folkstone)" WC="0.59" CC="7453333333"/>
						<SP ID="P5_SP00731" HPOS="1841" VPOS="650" WIDTH="34"/>
						<String ID="word000747" HPOS="1876" VPOS="613" WIDTH="19" HEIGHT="33" CONTENT="L" WC="0.78" CC="2"/>
						<SP ID="P5_SP00732" HPOS="1894" VPOS="650" WIDTH="31"/>
						<String ID="word000748" HPOS="1925" VPOS="622" WIDTH="79" HEIGHT="22" CONTENT="owe" WC="0.96" CC="010"/>
						<SP ID="P5_SP00733" HPOS="2004" VPOS="650" WIDTH="27"/>
						<String ID="word000749" HPOS="2031" VPOS="612" WIDTH="117" HEIGHT="33" CONTENT="much." WC="0.78" CC="41320"/>
						<SP ID="P5_SP00734" HPOS="2148" VPOS="650" WIDTH="28"/>
						<String ID="word000750" HPOS="2177" VPOS="611" WIDTH="130" HEIGHT="41" CONTENT="—My" WC="0.89" CC="110"/>
						<SP ID="P5_SP00735" HPOS="2307" VPOS="652" WIDTH="45"/>
						<String ID="word000751" HPOS="2352" VPOS="608" WIDTH="124" HEIGHT="34" CONTENT="Nook" WC="0.47" CC="6175"/>
						<SP ID="P5_SP00736" HPOS="2476" VPOS="652" WIDTH="30"/>
						<String ID="word000752" HPOS="2505" VPOS="604" WIDTH="131" HEIGHT="34" CONTENT="Friend" WC="0.70" CC="511144"/>
						<SP ID="P5_SP00737" HPOS="2636" VPOS="652" WIDTH="32"/>
						<String ID="word000753" HPOS="2668" VPOS="600" WIDTH="151" HEIGHT="45" CONTENT="stepped" WC="0.86" CC="4102002"/>
						<SP ID="P5_SP00738" HPOS="2819" VPOS="652" WIDTH="30"/>
						<String ID="word000754" HPOS="2849" VPOS="599" WIDTH="57" HEIGHT="32" CONTENT="for" SUBS_TYPE="HypPart1" SUBS_CONTENT="forward," WC="0.64" CC="055"/>
						<HYP HPOS="2906" VPOS="599" WIDTH="18" CONTENT="-"/>
					</TextLine>
					<TextLine ID="P5_TL00079" HPOS="1626" VPOS="648" WIDTH="1300" HEIGHT="55">
						<String ID="word000755" HPOS="1626" VPOS="658" WIDTH="112" HEIGHT="41" CONTENT="ward," SUBS_TYPE="HypPart2" SUBS_CONTENT="forward," WC="1.00" CC="00000"/>
						<SP ID="P5_SP00739" HPOS="1739" VPOS="699" WIDTH="24"/>
						<String ID="word000756" HPOS="1762" VPOS="664" WIDTH="58" HEIGHT="28" CONTENT="not" WC="1.00" CC="000"/>
						<SP ID="P5_SP00740" HPOS="1820" VPOS="699" WIDTH="19"/>
						<String ID="word000757" HPOS="1839" VPOS="658" WIDTH="89" HEIGHT="45" CONTENT="only" WC="0.81" CC="0340"/>
						<SP ID="P5_SP00741" HPOS="1928" VPOS="703" WIDTH="32"/>
						<String ID="word000758" HPOS="1959" VPOS="665" WIDTH="34" HEIGHT="27" CONTENT="to" WC="1.00" CC="00"/>
						<SP ID="P5_SP00742" HPOS="1994" VPOS="703" WIDTH="25"/>
						<String ID="word000759" HPOS="2019" VPOS="659" WIDTH="103" HEIGHT="33" CONTENT="assist" WC="0.76" CC="341131"/>
						<SP ID="P5_SP00743" HPOS="2121" VPOS="703" WIDTH="17"/>
						<String ID="word000760" HPOS="2138" VPOS="669" WIDTH="70" HEIGHT="30" CONTENT="me," WC="0.93" CC="020"/>
						<SP ID="P5_SP00744" HPOS="2207" VPOS="703" WIDTH="26"/>
						<String ID="word000761" HPOS="2233" VPOS="658" WIDTH="65" HEIGHT="33" CONTENT="hut" WC="0.85" CC="400"/>
						<SP ID="P5_SP00745" HPOS="2298" VPOS="703" WIDTH="18"/>
						<String ID="word000762" HPOS="2316" VPOS="656" WIDTH="44" HEIGHT="33" CONTENT="he" WC="1.00" CC="00"/>
						<SP ID="P5_SP00746" HPOS="2360" VPOS="703" WIDTH="19"/>
						<String ID="word000763" HPOS="2379" VPOS="653" WIDTH="129" HEIGHT="45" CONTENT="placed" WC="0.72" CC="252222"/>
						<SP ID="P5_SP00747" HPOS="2507" VPOS="703" WIDTH="22"/>
						<String ID="word000764" HPOS="2530" VPOS="648" WIDTH="145" HEIGHT="34" CONTENT="himself" WC="0.65" CC="4135135"/>
						<SP ID="P5_SP00748" HPOS="2675" VPOS="703" WIDTH="28"/>
						<String ID="word000765" HPOS="2704" VPOS="648" WIDTH="32" HEIGHT="32" CONTENT="in" WC="1.00" CC="00"/>
						<SP ID="P5_SP00749" HPOS="2735" VPOS="703" WIDTH="18"/>
						<String ID="word000766" HPOS="2753" VPOS="648" WIDTH="59" HEIGHT="30" CONTENT="the" WC="0.74" CC="160"/>
						<SP ID="P5_SP00750" HPOS="2812" VPOS="703" WIDTH="19"/>
						<String ID="word000767" HPOS="2831" VPOS="654" WIDTH="94" HEIGHT="24" CONTENT="same" WC="0.83" CC="1041"/>
						<SP ID="P5_SP00751" HPOS="2926" VPOS="703" WIDTH="0"/>
					</TextLine>
					<TextLine ID="P5_TL00080" HPOS="1624" VPOS="691" WIDTH="1302" HEIGHT="50">
						<String ID="word000768" HPOS="1624" VPOS="705" WIDTH="169" HEIGHT="33" CONTENT="situation" WC="0.99" CC="000010000"/>
						<SP ID="P5_SP00752" HPOS="1793" VPOS="738" WIDTH="11"/>
						<String ID="word000769" HPOS="1804" VPOS="712" WIDTH="37" HEIGHT="27" CONTENT="to" WC="1.00" CC="00"/>
						<SP ID="P5_SP00753" HPOS="1840" VPOS="739" WIDTH="17"/>
						<String ID="word000770" HPOS="1857" VPOS="711" WIDTH="63" HEIGHT="28" CONTENT="act" WC="1.00" CC="000"/>
						<SP ID="P5_SP00754" HPOS="1919" VPOS="739" WIDTH="21"/>
						<String ID="word000771" HPOS="1941" VPOS="706" WIDTH="84" HEIGHT="32" CONTENT="with" WC="1.00" CC="0000"/>
						<SP ID="P5_SP00755" HPOS="2024" VPOS="739" WIDTH="14"/>
						<String ID="word000772" HPOS="2039" VPOS="717" WIDTH="53" HEIGHT="21" CONTENT="me" WC="0.67" CC="33"/>
						<SP ID="P5_SP00756" HPOS="2092" VPOS="739" WIDTH="19"/>
						<String ID="word000773" HPOS="2111" VPOS="716" WIDTH="38" HEIGHT="22" CONTENT="as" WC="0.94" CC="10"/>
						<SP ID="P5_SP00757" HPOS="2148" VPOS="739" WIDTH="15"/>
						<String ID="word000774" HPOS="2164" VPOS="705" WIDTH="58" HEIGHT="32" CONTENT="the" WC="0.96" CC="001"/>
						<SP ID="P5_SP00758" HPOS="2222" VPOS="739" WIDTH="14"/>
						<String ID="word000775" HPOS="2236" VPOS="712" WIDTH="148" HEIGHT="25" CONTENT="accuser" WC="0.84" CC="1003411"/>
						<SP ID="P5_SP00759" HPOS="2383" VPOS="739" WIDTH="14"/>
						<String ID="word000776" HPOS="2398" VPOS="700" WIDTH="44" HEIGHT="33" CONTENT="of" WC="0.94" CC="10"/>
						<SP ID="P5_SP00760" HPOS="2441" VPOS="739" WIDTH="12"/>
						<String ID="word000777" HPOS="2453" VPOS="702" WIDTH="51" HEIGHT="31" CONTENT="his" WC="0.48" CC="455"/>
						<SP ID="P5_SP00761" HPOS="2504" VPOS="739" WIDTH="22"/>
						<String ID="word000778" HPOS="2526" VPOS="699" WIDTH="72" HEIGHT="41" CONTENT="Ito)" WC="0.69" CC="3323"/>
						<SP ID="P5_SP00762" HPOS="2598" VPOS="741" WIDTH="13"/>
						<String ID="word000779" HPOS="2611" VPOS="697" WIDTH="33" HEIGHT="32" CONTENT="al" WC="0.78" CC="31"/>
						<SP ID="P5_SP00763" HPOS="2644" VPOS="741" WIDTH="26"/>
						<String ID="word000780" HPOS="2670" VPOS="694" WIDTH="176" HEIGHT="43" CONTENT="Highness" WC="0.72" CC="83035010"/>
						<SP ID="P5_SP00764" HPOS="2846" VPOS="741" WIDTH="19"/>
						<String ID="word000781" HPOS="2865" VPOS="691" WIDTH="60" HEIGHT="33" CONTENT="the" WC="0.96" CC="001"/>
						<SP ID="P5_SP00765" HPOS="2926" VPOS="741" WIDTH="0"/>
					</TextLine>
					<TextLine ID="P5_TL00081" HPOS="1630" VPOS="743" WIDTH="1299" HEIGHT="47">
						<String ID="word000782" HPOS="1630" VPOS="751" WIDTH="106" HEIGHT="33" CONTENT="Duke" WC="0.97" CC="0001"/>
						<SP ID="P5_SP00766" HPOS="1736" VPOS="784" WIDTH="18"/>
						<String ID="word000783" HPOS="1754" VPOS="752" WIDTH="40" HEIGHT="33" CONTENT="of" WC="1.00" CC="00"/>
						<SP ID="P5_SP00767" HPOS="1794" VPOS="785" WIDTH="19"/>
						<String ID="word000784" HPOS="1813" VPOS="752" WIDTH="124" HEIGHT="34" CONTENT="York." WC="0.87" CC="42000"/>
						<SP ID="P5_SP00768" HPOS="1937" VPOS="787" WIDTH="51"/>
						<String ID="word000785" HPOS="1988" VPOS="754" WIDTH="30" HEIGHT="32" CONTENT="Tl" WC="0.31" CC="58"/>
						<String ID="word000786" HPOS="2017" VPOS="754" WIDTH="30" HEIGHT="32" CONTENT=".," STYLE="superscript" WC="0.31" CC="87"/>
						<String ID="word000787" HPOS="2047" VPOS="754" WIDTH="15" HEIGHT="32" CONTENT="e" WC="0.31" CC="3"/>
						<SP ID="P5_SP00769" HPOS="2062" VPOS="787" WIDTH="19"/>
						<String ID="word000788" HPOS="2081" VPOS="752" WIDTH="152" HEIGHT="33" CONTENT="conduct" WC="0.95" CC="1010010"/>
						<SP ID="P5_SP00770" HPOS="2233" VPOS="787" WIDTH="28"/>
						<String ID="word000789" HPOS="2262" VPOS="750" WIDTH="43" HEIGHT="33" CONTENT="of" WC="0.94" CC="01"/>
						<SP ID="P5_SP00771" HPOS="2304" VPOS="787" WIDTH="26"/>
						<String ID="word000790" HPOS="2330" VPOS="748" WIDTH="53" HEIGHT="32" CONTENT="his" WC="1.00" CC="000"/>
						<SP ID="P5_SP00772" HPOS="2383" VPOS="787" WIDTH="31"/>
						<String ID="word000791" HPOS="2414" VPOS="745" WIDTH="151" HEIGHT="45" CONTENT="Alajests" WC="0.38" CC="76535757"/>
						<SP ID="P5_SP00773" HPOS="2565" VPOS="790" WIDTH="12"/>
						<String ID="word000792" HPOS="2577" VPOS="744" WIDTH="26" HEIGHT="32" CONTENT="'s" WC="0.33" CC="66"/>
						<SP ID="P5_SP00774" HPOS="2603" VPOS="790" WIDTH="31"/>
						<String ID="word000793" HPOS="2634" VPOS="743" WIDTH="181" HEIGHT="33" CONTENT="Ministers" WC="0.99" CC="001000000"/>
						<SP ID="P5_SP00775" HPOS="2815" VPOS="790" WIDTH="15"/>
						<String ID="word000794" HPOS="2830" VPOS="746" WIDTH="99" HEIGHT="37" CONTENT="upon" WC="0.75" CC="3024"/>
						<SP ID="P5_SP00776" HPOS="2929" VPOS="790" WIDTH="0"/>
					</TextLine>
					<TextLine ID="P5_TL00082" HPOS="1628" VPOS="785" WIDTH="1303" HEIGHT="54">
						<String ID="word000795" HPOS="1628" VPOS="797" WIDTH="71" HEIGHT="34" CONTENT="this" WC="1.00" CC="0000"/>
						<SP ID="P5_SP00777" HPOS="1698" VPOS="831" WIDTH="17"/>
						<String ID="word000796" HPOS="1715" VPOS="800" WIDTH="180" HEIGHT="39" CONTENT="occasion," WC="1.00" CC="000000000"/>
						<SP ID="P5_SP00778" HPOS="1894" VPOS="839" WIDTH="13"/>
						<String ID="word000797" HPOS="1907" VPOS="804" WIDTH="92" HEIGHT="28" CONTENT="must" WC="0.92" CC="0120"/>
						<SP ID="P5_SP00779" HPOS="2000" VPOS="839" WIDTH="15"/>
						<String ID="word000798" HPOS="2015" VPOS="798" WIDTH="169" HEIGHT="34" CONTENT="convince" WC="0.82" CC="11132311"/>
						<SP ID="P5_SP00780" HPOS="2184" VPOS="839" WIDTH="19"/>
						<String ID="word000799" HPOS="2203" VPOS="798" WIDTH="59" HEIGHT="32" CONTENT="the" WC="0.93" CC="011"/>
						<SP ID="P5_SP00781" HPOS="2262" VPOS="839" WIDTH="22"/>
						<String ID="word000800" HPOS="2284" VPOS="795" WIDTH="133" HEIGHT="39" CONTENT="world," WC="0.98" CC="100000"/>
						<SP ID="P5_SP00782" HPOS="2418" VPOS="839" WIDTH="19"/>
						<String ID="word000801" HPOS="2437" VPOS="794" WIDTH="78" HEIGHT="32" CONTENT="that" WC="0.86" CC="2120"/>
						<SP ID="P5_SP00783" HPOS="2515" VPOS="839" WIDTH="18"/>
						<String ID="word000802" HPOS="2532" VPOS="801" WIDTH="39" HEIGHT="24" CONTENT="as" WC="1.00" CC="00"/>
						<SP ID="P5_SP00784" HPOS="2571" VPOS="839" WIDTH="17"/>
						<String ID="word000803" HPOS="2588" VPOS="791" WIDTH="83" HEIGHT="41" CONTENT="long" WC="0.92" CC="0003"/>
						<SP ID="P5_SP00785" HPOS="2670" VPOS="839" WIDTH="17"/>
						<String ID="word000804" HPOS="2687" VPOS="798" WIDTH="38" HEIGHT="22" CONTENT="as" WC="0.94" CC="01"/>
						<SP ID="P5_SP00786" HPOS="2725" VPOS="839" WIDTH="13"/>
						<String ID="word000805" HPOS="2738" VPOS="798" WIDTH="70" HEIGHT="21" CONTENT="any" WC="0.85" CC="103"/>
						<SP ID="P5_SP00787" HPOS="2807" VPOS="839" WIDTH="20"/>
						<String ID="word000806" HPOS="2828" VPOS="785" WIDTH="103" HEIGHT="43" CONTENT="thing" WC="1.00" CC="00000"/>
						<SP ID="P5_SP00788" HPOS="2930" VPOS="839" WIDTH="0"/>
					</TextLine>
					<TextLine ID="P5_TL00083" HPOS="1628" VPOS="831" WIDTH="1304" HEIGHT="59">
						<String ID="word000807" HPOS="1628" VPOS="844" WIDTH="104" HEIGHT="33" CONTENT="could" WC="0.95" CC="00020"/>
						<SP ID="P5_SP00789" HPOS="1731" VPOS="878" WIDTH="19"/>
						<String ID="word000808" HPOS="1750" VPOS="844" WIDTH="41" HEIGHT="34" CONTENT="be" WC="0.83" CC="30" STYLEREFS="TXT_2"/>
						<SP ID="P5_SP00790" HPOS="1792" VPOS="879" WIDTH="15"/>
						<String ID="word000809" HPOS="1807" VPOS="847" WIDTH="107" HEIGHT="41" CONTENT="done," WC="1.00" CC="00000"/>
						<SP ID="P5_SP00791" HPOS="1915" VPOS="888" WIDTH="27"/>
						<String ID="word000810" HPOS="1942" VPOS="846" WIDTH="83" HEIGHT="44" CONTENT="they" WC="0.97" CC="0010"/>
						<SP ID="P5_SP00792" HPOS="2024" VPOS="889" WIDTH="32"/>
						<String ID="word000811" HPOS="2056" VPOS="846" WIDTH="67" HEIGHT="33" CONTENT="had" WC="0.89" CC="300"/>
						<SP ID="P5_SP00793" HPOS="2124" VPOS="889" WIDTH="25"/>
						<String ID="word000812" HPOS="2148" VPOS="844" WIDTH="105" HEIGHT="44" CONTENT="given" WC="1.00" CC="00000"/>
						<SP ID="P5_SP00794" HPOS="2254" VPOS="889" WIDTH="19"/>
						<String ID="word000813" HPOS="2272" VPOS="853" WIDTH="86" HEIGHT="32" CONTENT="very" WC="0.97" CC="0100"/>
						<SP ID="P5_SP00795" HPOS="2359" VPOS="889" WIDTH="28"/>
						<String ID="word000814" HPOS="2387" VPOS="847" WIDTH="104" HEIGHT="37" CONTENT="great" WC="0.87" CC="20220"/>
						<SP ID="P5_SP00796" HPOS="2491" VPOS="889" WIDTH="19"/>
						<String ID="word000815" HPOS="2510" VPOS="839" WIDTH="116" HEIGHT="37" CONTENT="credit" WC="0.69" CC="526031"/>
						<SP ID="P5_SP00797" HPOS="2626" VPOS="889" WIDTH="18"/>
						<String ID="word000816" HPOS="2643" VPOS="843" WIDTH="37" HEIGHT="26" CONTENT="to" WC="1.00" CC="00"/>
						<SP ID="P5_SP00798" HPOS="2680" VPOS="889" WIDTH="21"/>
						<String ID="word000817" HPOS="2701" VPOS="837" WIDTH="58" HEIGHT="30" CONTENT="the" WC="0.96" CC="010"/>
						<SP ID="P5_SP00799" HPOS="2759" VPOS="889" WIDTH="17"/>
						<String ID="word000818" HPOS="2776" VPOS="831" WIDTH="156" HEIGHT="34" CONTENT="conduct" WC="0.97" CC="0020000"/>
						<SP ID="P5_SP00800" HPOS="2931" VPOS="889" WIDTH="0"/>
					</TextLine>
					<TextLine ID="P5_TL00084" HPOS="1628" VPOS="881" WIDTH="1304" HEIGHT="55">
						<String ID="word000819" HPOS="1628" VPOS="891" WIDTH="44" HEIGHT="33" CONTENT="of" WC="1.00" CC="00"/>
						<SP ID="P5_SP00801" HPOS="1671" VPOS="924" WIDTH="25"/>
						<String ID="word000820" HPOS="1696" VPOS="891" WIDTH="51" HEIGHT="34" CONTENT="his" WC="1.00" CC="000"/>
						<SP ID="P5_SP00802" HPOS="1747" VPOS="925" WIDTH="27"/>
						<String ID="word000821" HPOS="1774" VPOS="893" WIDTH="120" HEIGHT="43" CONTENT="Royal" WC="0.93" CC="30000"/>
						<SP ID="P5_SP00803" HPOS="1894" VPOS="935" WIDTH="32"/>
						<String ID="word000822" HPOS="1926" VPOS="893" WIDTH="189" HEIGHT="43" CONTENT="Highness." WC="0.81" CC="421330101"/>
						<SP ID="P5_SP00804" HPOS="2115" VPOS="935" WIDTH="58"/>
						<String ID="word000823" HPOS="2173" VPOS="892" WIDTH="73" HEIGHT="33" CONTENT="Yet" WC="0.78" CC="600"/>
						<SP ID="P5_SP00805" HPOS="2246" VPOS="935" WIDTH="33"/>
						<String ID="word000824" HPOS="2280" VPOS="891" WIDTH="26" HEIGHT="32" CONTENT="it" WC="1.00" CC="00"/>
						<SP ID="P5_SP00806" HPOS="2306" VPOS="935" WIDTH="27"/>
						<String ID="word000825" HPOS="2333" VPOS="891" WIDTH="30" HEIGHT="32" CONTENT="is" WC="1.00" CC="00"/>
						<SP ID="P5_SP00807" HPOS="2362" VPOS="935" WIDTH="34"/>
						<String ID="word000826" HPOS="2396" VPOS="888" WIDTH="61" HEIGHT="33" CONTENT="the" WC="0.85" CC="013"/>
						<SP ID="P5_SP00808" HPOS="2458" VPOS="935" WIDTH="31"/>
						<String ID="word000827" HPOS="2489" VPOS="886" WIDTH="87" HEIGHT="37" CONTENT="duty" WC="0.89" CC="0004"/>
						<SP ID="P5_SP00809" HPOS="2576" VPOS="935" WIDTH="20"/>
						<String ID="word000828" HPOS="2596" VPOS="883" WIDTH="43" HEIGHT="32" CONTENT="of" WC="1.00" CC="00"/>
						<SP ID="P5_SP00810" HPOS="2639" VPOS="935" WIDTH="26"/>
						<String ID="word000829" HPOS="2665" VPOS="882" WIDTH="66" HEIGHT="32" CONTENT="this" WC="0.97" CC="0001"/>
						<SP ID="P5_SP00811" HPOS="2731" VPOS="935" WIDTH="21"/>
						<String ID="word000830" HPOS="2752" VPOS="881" WIDTH="123" HEIGHT="32" CONTENT="House" WC="0.69" CC="63131"/>
						<SP ID="P5_SP00812" HPOS="2875" VPOS="935" WIDTH="18"/>
						<String ID="word000831" HPOS="2893" VPOS="883" WIDTH="39" HEIGHT="26" CONTENT="to" WC="1.00" CC="00"/>
						<SP ID="P5_SP00813" HPOS="2931" VPOS="935" WIDTH="0"/>
					</TextLine>
					<TextLine ID="P5_TL00085" HPOS="1629" VPOS="926" WIDTH="1304" HEIGHT="57">
						<String ID="word000832" HPOS="1629" VPOS="939" WIDTH="169" HEIGHT="35" CONTENT="maintain" WC="0.97" CC="00010001"/>
						<SP ID="P5_SP00814" HPOS="1798" VPOS="974" WIDTH="19"/>
						<String ID="word000833" HPOS="1817" VPOS="941" WIDTH="59" HEIGHT="33" CONTENT="the" WC="1.00" CC="000"/>
						<SP ID="P5_SP00815" HPOS="1876" VPOS="974" WIDTH="21"/>
						<String ID="word000834" HPOS="1897" VPOS="939" WIDTH="128" HEIGHT="44" CONTENT="Rights" WC="0.96" CC="101000"/>
						<SP ID="P5_SP00816" HPOS="2024" VPOS="983" WIDTH="17"/>
						<String ID="word000835" HPOS="2041" VPOS="939" WIDTH="43" HEIGHT="34" CONTENT="of" WC="1.00" CC="00"/>
						<SP ID="P5_SP00817" HPOS="2083" VPOS="983" WIDTH="26"/>
						<String ID="word000836" HPOS="2109" VPOS="938" WIDTH="61" HEIGHT="33" CONTENT="the" WC="0.96" CC="001"/>
						<SP ID="P5_SP00818" HPOS="2171" VPOS="983" WIDTH="20"/>
						<String ID="word000837" HPOS="2191" VPOS="938" WIDTH="154" HEIGHT="44" CONTENT="People," WC="0.97" CC="0000200"/>
						<SP ID="P5_SP00819" HPOS="2344" VPOS="983" WIDTH="30"/>
						<String ID="word000838" HPOS="2374" VPOS="946" WIDTH="40" HEIGHT="22" CONTENT="as" WC="0.89" CC="11"/>
						<SP ID="P5_SP00820" HPOS="2414" VPOS="983" WIDTH="19"/>
						<String ID="word000839" HPOS="2433" VPOS="934" WIDTH="27" HEIGHT="33" CONTENT="it" WC="1.00" CC="00"/>
						<SP ID="P5_SP00821" HPOS="2460" VPOS="983" WIDTH="18"/>
						<String ID="word000840" HPOS="2478" VPOS="932" WIDTH="28" HEIGHT="32" CONTENT="is" WC="0.89" CC="02"/>
						<SP ID="P5_SP00822" HPOS="2506" VPOS="983" WIDTH="18"/>
						<String ID="word000841" HPOS="2524" VPOS="931" WIDTH="61" HEIGHT="33" CONTENT="the" WC="0.93" CC="101"/>
						<SP ID="P5_SP00823" HPOS="2585" VPOS="983" WIDTH="27"/>
						<String ID="word000842" HPOS="2613" VPOS="930" WIDTH="86" HEIGHT="43" CONTENT="duty" WC="0.92" CC="0030"/>
						<SP ID="P5_SP00824" HPOS="2699" VPOS="983" WIDTH="20"/>
						<String ID="word000843" HPOS="2719" VPOS="928" WIDTH="41" HEIGHT="32" CONTENT="of" WC="0.94" CC="01"/>
						<SP ID="P5_SP00825" HPOS="2760" VPOS="983" WIDTH="22"/>
						<String ID="word000844" HPOS="2783" VPOS="927" WIDTH="53" HEIGHT="32" CONTENT="his" WC="0.89" CC="300"/>
						<SP ID="P5_SP00826" HPOS="2836" VPOS="983" WIDTH="41"/>
						<String ID="word000845" HPOS="2877" VPOS="926" WIDTH="43" HEIGHT="32" CONTENT="lat" SUBS_TYPE="HypPart1" SUBS_CONTENT="latjesty" WC="0.33" CC="568"/>
						<HYP HPOS="2920" VPOS="926" WIDTH="13" CONTENT="-"/>
					</TextLine>
					<TextLine ID="P5_TL00086" HPOS="1620" VPOS="971" WIDTH="1311" HEIGHT="57">
						<String ID="word000846" HPOS="1620" VPOS="984" WIDTH="98" HEIGHT="44" CONTENT="jesty" SUBS_TYPE="HypPart2" SUBS_CONTENT="latjesty" WC="0.51" CC="73336"/>
						<SP ID="P5_SP00827" HPOS="1719" VPOS="1028" WIDTH="20"/>
						<String ID="word000847" HPOS="1739" VPOS="997" WIDTH="13" HEIGHT="24" CONTENT="s" WC="0.44" CC="5"/>
						<SP ID="P5_SP00828" HPOS="1752" VPOS="1028" WIDTH="15"/>
						<String ID="word000848" HPOS="1767" VPOS="993" WIDTH="158" HEIGHT="27" CONTENT="servants" WC="0.96" CC="01100100"/>
						<SP ID="P5_SP00829" HPOS="1925" VPOS="1028" WIDTH="20"/>
						<String ID="word000849" HPOS="1945" VPOS="993" WIDTH="35" HEIGHT="27" CONTENT="to" WC="1.00" CC="00"/>
						<SP ID="P5_SP00830" HPOS="1981" VPOS="1028" WIDTH="18"/>
						<String ID="word000850" HPOS="1998" VPOS="985" WIDTH="171" HEIGHT="35" CONTENT="maintain" WC="0.94" CC="10000111"/>
						<SP ID="P5_SP00831" HPOS="2170" VPOS="1028" WIDTH="30"/>
						<String ID="word000851" HPOS="2199" VPOS="985" WIDTH="100" HEIGHT="33" CONTENT="those" WC="1.00" CC="00000"/>
						<SP ID="P5_SP00832" HPOS="2300" VPOS="1028" WIDTH="25"/>
						<String ID="word000852" HPOS="2324" VPOS="981" WIDTH="43" HEIGHT="33" CONTENT="of" WC="1.00" CC="00"/>
						<SP ID="P5_SP00833" HPOS="2367" VPOS="1028" WIDTH="17"/>
						<String ID="word000853" HPOS="2383" VPOS="983" WIDTH="60" HEIGHT="32" CONTENT="the" WC="0.96" CC="001"/>
						<SP ID="P5_SP00834" HPOS="2444" VPOS="1028" WIDTH="19"/>
						<String ID="word000854" HPOS="2463" VPOS="981" WIDTH="148" HEIGHT="32" CONTENT="Crown." WC="0.80" CC="331130"/>
						<SP ID="P5_SP00835" HPOS="2610" VPOS="1028" WIDTH="52"/>
						<String ID="word000855" HPOS="2662" VPOS="976" WIDTH="80" HEIGHT="33" CONTENT="And" WC="0.78" CC="141"/>
						<SP ID="P5_SP00836" HPOS="2743" VPOS="1028" WIDTH="34"/>
						<String ID="word000856" HPOS="2777" VPOS="974" WIDTH="13" HEIGHT="32" CONTENT="I" WC="0.67" CC="3"/>
						<SP ID="P5_SP00837" HPOS="2790" VPOS="1028" WIDTH="35"/>
						<String ID="word000857" HPOS="2825" VPOS="971" WIDTH="106" HEIGHT="34" CONTENT="think" WC="0.98" CC="00010"/>
						<SP ID="P5_SP00838" HPOS="2931" VPOS="1028" WIDTH="0"/>
					</TextLine>
					<TextLine ID="P5_TL00087" HPOS="1632" VPOS="1018" WIDTH="1301" HEIGHT="59">
						<String ID="word000858" HPOS="1632" VPOS="1033" WIDTH="58" HEIGHT="33" CONTENT="the" WC="0.85" CC="031"/>
						<SP ID="P5_SP00839" HPOS="1690" VPOS="1067" WIDTH="17"/>
						<String ID="word000859" HPOS="1707" VPOS="1041" WIDTH="103" HEIGHT="27" CONTENT="event" WC="0.98" CC="00100"/>
						<SP ID="P5_SP00840" HPOS="1809" VPOS="1068" WIDTH="17"/>
						<String ID="word000860" HPOS="1826" VPOS="1033" WIDTH="43" HEIGHT="34" CONTENT="of" WC="1.00" CC="00"/>
						<SP ID="P5_SP00841" HPOS="1869" VPOS="1068" WIDTH="14"/>
						<String ID="word000861" HPOS="1883" VPOS="1033" WIDTH="73" HEIGHT="33" CONTENT="this" WC="1.00" CC="0000"/>
						<SP ID="P5_SP00842" HPOS="1956" VPOS="1068" WIDTH="17"/>
						<String ID="word000862" HPOS="1972" VPOS="1033" WIDTH="149" HEIGHT="44" CONTENT="Inquiry" WC="0.82" CC="1312121"/>
						<SP ID="P5_SP00843" HPOS="2121" VPOS="1077" WIDTH="21"/>
						<String ID="word000863" HPOS="2143" VPOS="1032" WIDTH="78" HEIGHT="33" CONTENT="will" WC="0.94" CC="1010"/>
						<SP ID="P5_SP00844" HPOS="2220" VPOS="1077" WIDTH="17"/>
						<String ID="word000864" HPOS="2237" VPOS="1032" WIDTH="43" HEIGHT="32" CONTENT="be" WC="0.94" CC="01"/>
						<SP ID="P5_SP00845" HPOS="2280" VPOS="1077" WIDTH="18"/>
						<String ID="word000865" HPOS="2297" VPOS="1028" WIDTH="201" HEIGHT="44" CONTENT="developed" WC="0.97" CC="011000000"/>
						<SP ID="P5_SP00846" HPOS="2498" VPOS="1077" WIDTH="20"/>
						<String ID="word000866" HPOS="2518" VPOS="1026" WIDTH="34" HEIGHT="32" CONTENT="in" WC="0.83" CC="03"/>
						<SP ID="P5_SP00847" HPOS="2552" VPOS="1077" WIDTH="20"/>
						<String ID="word000867" HPOS="2572" VPOS="1025" WIDTH="59" HEIGHT="33" CONTENT="the" WC="1.00" CC="000"/>
						<SP ID="P5_SP00848" HPOS="2631" VPOS="1077" WIDTH="13"/>
						<String ID="word000868" HPOS="2644" VPOS="1020" WIDTH="157" HEIGHT="45" CONTENT="strength" WC="0.94" CC="11001100"/>
						<SP ID="P5_SP00849" HPOS="2802" VPOS="1077" WIDTH="17"/>
						<String ID="word000869" HPOS="2818" VPOS="1018" WIDTH="41" HEIGHT="34" CONTENT="of" WC="0.94" CC="10"/>
						<SP ID="P5_SP00850" HPOS="2859" VPOS="1077" WIDTH="15"/>
						<String ID="word000870" HPOS="2875" VPOS="1018" WIDTH="58" HEIGHT="34" CONTENT="the" WC="0.96" CC="100"/>
						<SP ID="P5_SP00851" HPOS="2933" VPOS="1077" WIDTH="0"/>
					</TextLine>
					<TextLine ID="P5_TL00088" HPOS="1632" VPOS="1067" WIDTH="1299" HEIGHT="56">
						<String ID="word000871" HPOS="1632" VPOS="1090" WIDTH="94" HEIGHT="22" CONTENT="ca.,ei" WC="0.33" CC="737658"/>
						<SP ID="P5_SP00852" HPOS="1727" VPOS="1113" WIDTH="34"/>
						<String ID="word000872" HPOS="1761" VPOS="1081" WIDTH="14" HEIGHT="33" CONTENT="I" WC="0.67" CC="3"/>
						<SP ID="P5_SP00853" HPOS="1775" VPOS="1114" WIDTH="31"/>
						<String ID="word000873" HPOS="1806" VPOS="1081" WIDTH="92" HEIGHT="35" CONTENT="have" WC="1.00" CC="0000"/>
						<SP ID="P5_SP00854" HPOS="1898" VPOS="1116" WIDTH="28"/>
						<String ID="word000874" HPOS="1926" VPOS="1085" WIDTH="38" HEIGHT="27" CONTENT="to" WC="1.00" CC="00"/>
						<SP ID="P5_SP00855" HPOS="1964" VPOS="1116" WIDTH="27"/>
						<String ID="word000875" HPOS="1991" VPOS="1082" WIDTH="126" HEIGHT="32" CONTENT="advert" WC="0.65" CC="357400"/>
						<SP ID="P5_SP00856" HPOS="2118" VPOS="1116" WIDTH="28"/>
						<String ID="word000876" HPOS="2146" VPOS="1085" WIDTH="52" HEIGHT="33" CONTENT="to," WC="1.00" CC="000"/>
						<SP ID="P5_SP00857" HPOS="2198" VPOS="1119" WIDTH="27"/>
						<String ID="word000877" HPOS="2225" VPOS="1088" WIDTH="94" HEIGHT="34" CONTENT="upon" WC="0.89" CC="4000"/>
						<SP ID="P5_SP00858" HPOS="2320" VPOS="1122" WIDTH="32"/>
						<String ID="word000878" HPOS="2352" VPOS="1076" WIDTH="119" HEIGHT="33" CONTENT="which" WC="0.71" CC="34015"/>
						<SP ID="P5_SP00859" HPOS="2471" VPOS="1122" WIDTH="35"/>
						<String ID="word000879" HPOS="2506" VPOS="1072" WIDTH="13" HEIGHT="33" CONTENT="1" WC="0.89" CC="1"/>
						<SP ID="P5_SP00860" HPOS="2519" VPOS="1122" WIDTH="33"/>
						<String ID="word000880" HPOS="2552" VPOS="1071" WIDTH="93" HEIGHT="41" CONTENT="rely," WC="0.67" CC="01257"/>
						<SP ID="P5_SP00861" HPOS="2646" VPOS="1122" WIDTH="27"/>
						<String ID="word000881" HPOS="2673" VPOS="1076" WIDTH="37" HEIGHT="26" CONTENT="to" WC="1.00" CC="00"/>
						<SP ID="P5_SP00862" HPOS="2709" VPOS="1122" WIDTH="20"/>
						<String ID="word000882" HPOS="2730" VPOS="1076" WIDTH="111" HEIGHT="35" CONTENT="prove" WC="0.78" CC="24310"/>
						<SP ID="P5_SP00863" HPOS="2841" VPOS="1122" WIDTH="32"/>
						<String ID="word000883" HPOS="2872" VPOS="1067" WIDTH="59" HEIGHT="32" CONTENT="the" WC="0.63" CC="550"/>
						<SP ID="P5_SP00864" HPOS="2931" VPOS="1122" WIDTH="0"/>
					</TextLine>
					<TextLine ID="P5_TL00089" HPOS="1635" VPOS="1111" WIDTH="1302" HEIGHT="59">
						<String ID="word000884" HPOS="1635" VPOS="1127" WIDTH="156" HEIGHT="43" CONTENT="Charges" WC="0.90" CC="3200001"/>
						<SP ID="P5_SP00865" HPOS="1791" VPOS="1169" WIDTH="15"/>
						<String ID="word000885" HPOS="1806" VPOS="1127" WIDTH="89" HEIGHT="35" CONTENT="with" WC="0.97" CC="1000"/>
						<SP ID="P5_SP00866" HPOS="1894" VPOS="1169" WIDTH="21"/>
						<String ID="word000886" HPOS="1916" VPOS="1127" WIDTH="116" HEIGHT="34" CONTENT="which" WC="0.89" CC="23000"/>
						<SP ID="P5_SP00867" HPOS="2031" VPOS="1169" WIDTH="20"/>
						<String ID="word000887" HPOS="2052" VPOS="1127" WIDTH="12" HEIGHT="33" CONTENT="1" WC="1.00" CC="0"/>
						<SP ID="P5_SP00868" HPOS="2063" VPOS="1169" WIDTH="13"/>
						<String ID="word000888" HPOS="2076" VPOS="1133" WIDTH="52" HEIGHT="27" CONTENT="set" WC="0.74" CC="241"/>
						<SP ID="P5_SP00869" HPOS="2128" VPOS="1169" WIDTH="14"/>
						<String ID="word000889" HPOS="2143" VPOS="1131" WIDTH="61" HEIGHT="27" CONTENT="out" WC="1.00" CC="000"/>
						<SP ID="P5_SP00870" HPOS="2204" VPOS="1169" WIDTH="11"/>
						<String ID="word000890" HPOS="2215" VPOS="1131" WIDTH="38" HEIGHT="26" CONTENT="to" WC="1.00" CC="00"/>
						<SP ID="P5_SP00871" HPOS="2252" VPOS="1169" WIDTH="11"/>
						<String ID="word000891" HPOS="2263" VPOS="1126" WIDTH="59" HEIGHT="32" CONTENT="the" WC="0.96" CC="001"/>
						<SP ID="P5_SP00872" HPOS="2322" VPOS="1169" WIDTH="13"/>
						<String ID="word000892" HPOS="2335" VPOS="1123" WIDTH="120" HEIGHT="32" CONTENT="fullest" WC="0.92" CC="1102100"/>
						<SP ID="P5_SP00873" HPOS="2456" VPOS="1169" WIDTH="14"/>
						<String ID="word000893" HPOS="2470" VPOS="1131" WIDTH="19" HEIGHT="20" CONTENT="e" WC="0.44" CC="5"/>
						<SP ID="P5_SP00874" HPOS="2489" VPOS="1169" WIDTH="8"/>
						<String ID="word000894" HPOS="2497" VPOS="1126" WIDTH="112" HEIGHT="27" CONTENT="%tent." WC="0.69" CC="616220"/>
						<SP ID="P5_SP00875" HPOS="2609" VPOS="1169" WIDTH="34"/>
						<String ID="word000895" HPOS="2643" VPOS="1117" WIDTH="13" HEIGHT="32" CONTENT="I" WC="0.56" CC="4"/>
						<SP ID="P5_SP00876" HPOS="2656" VPOS="1169" WIDTH="19"/>
						<String ID="word000896" HPOS="2675" VPOS="1116" WIDTH="89" HEIGHT="32" CONTENT="have" WC="0.94" CC="0101"/>
						<SP ID="P5_SP00877" HPOS="2764" VPOS="1169" WIDTH="14"/>
						<String ID="word000897" HPOS="2778" VPOS="1111" WIDTH="158" HEIGHT="45" CONTENT="brought" WC="0.97" CC="0000110"/>
						<SP ID="P5_SP00878" HPOS="2936" VPOS="1169" WIDTH="0"/>
					</TextLine>
					<TextLine ID="P5_TL00090" HPOS="1633" VPOS="1160" WIDTH="1304" HEIGHT="57">
						<String ID="word000898" HPOS="1633" VPOS="1173" WIDTH="157" HEIGHT="34" CONTENT="forward" WC="0.98" CC="0001000"/>
						<SP ID="P5_SP00879" HPOS="1791" VPOS="1207" WIDTH="14"/>
						<String ID="word000899" HPOS="1805" VPOS="1176" WIDTH="59" HEIGHT="32" CONTENT="the" WC="0.96" CC="001"/>
						<SP ID="P5_SP00880" HPOS="1864" VPOS="1208" WIDTH="18"/>
						<String ID="word000900" HPOS="1881" VPOS="1175" WIDTH="184" HEIGHT="41" CONTENT="exchange" WC="0.96" CC="10010010"/>
						<SP ID="P5_SP00881" HPOS="2066" VPOS="1217" WIDTH="18"/>
						<String ID="word000901" HPOS="2083" VPOS="1175" WIDTH="163" HEIGHT="32" CONTENT="between" WC="0.97" CC="0100001"/>
						<SP ID="P5_SP00882" HPOS="2246" VPOS="1217" WIDTH="14"/>
						<String ID="word000902" HPOS="2261" VPOS="1170" WIDTH="96" HEIGHT="35" CONTENT="Cols." WC="0.67" CC="10671"/>
						<SP ID="P5_SP00883" HPOS="2356" VPOS="1217" WIDTH="26"/>
						<String ID="word000903" HPOS="2382" VPOS="1167" WIDTH="141" HEIGHT="43" CONTENT="knight" WC="0.69" CC="431342"/>
						<SP ID="P5_SP00884" HPOS="2523" VPOS="1217" WIDTH="18"/>
						<String ID="word000904" HPOS="2541" VPOS="1166" WIDTH="67" HEIGHT="33" CONTENT="and" WC="0.89" CC="120"/>
						<SP ID="P5_SP00885" HPOS="2608" VPOS="1217" WIDTH="18"/>
						<String ID="word000905" HPOS="2626" VPOS="1163" WIDTH="163" HEIGHT="35" CONTENT="Brooke." WC="0.90" CC="3001110"/>
						<SP ID="P5_SP00886" HPOS="2789" VPOS="1217" WIDTH="32"/>
						<String ID="word000906" HPOS="2820" VPOS="1160" WIDTH="34" HEIGHT="33" CONTENT="It" WC="0.72" CC="50"/>
						<SP ID="P5_SP00887" HPOS="2855" VPOS="1217" WIDTH="15"/>
						<String ID="word000907" HPOS="2870" VPOS="1168" WIDTH="45" HEIGHT="35" CONTENT="ap" SUBS_TYPE="HypPart1" SUBS_CONTENT="appeared" WC="0.63" CC="32"/>
						<HYP HPOS="2915" VPOS="1168" WIDTH="22" CONTENT="-"/>
					</TextLine>
					<TextLine ID="P5_TL00091" HPOS="1636" VPOS="1207" WIDTH="1303" HEIGHT="58">
						<String ID="word000908" HPOS="1636" VPOS="1224" WIDTH="129" HEIGHT="41" CONTENT="peared" SUBS_TYPE="HypPart2" SUBS_CONTENT="appeared" WC="0.76" CC="223222"/>
						<SP ID="P5_SP00888" HPOS="1765" VPOS="1265" WIDTH="19"/>
						<String ID="word000909" HPOS="1783" VPOS="1222" WIDTH="74" HEIGHT="33" CONTENT="that" WC="1.00" CC="0000"/>
						<SP ID="P5_SP00889" HPOS="1858" VPOS="1265" WIDTH="15"/>
						<String ID="word000910" HPOS="1873" VPOS="1231" WIDTH="98" HEIGHT="24" CONTENT="some" WC="0.78" CC="0035"/>
						<SP ID="P5_SP00890" HPOS="1971" VPOS="1265" WIDTH="13"/>
						<String ID="word000911" HPOS="1984" VPOS="1221" WIDTH="123" HEIGHT="43" CONTENT="delays" WC="0.87" CC="001123"/>
						<SP ID="P5_SP00891" HPOS="2107" VPOS="1265" WIDTH="9"/>
						<String ID="word000912" HPOS="2117" VPOS="1219" WIDTH="69" HEIGHT="35" CONTENT="and" WC="0.89" CC="003"/>
						<SP ID="P5_SP00892" HPOS="2185" VPOS="1265" WIDTH="14"/>
						<String ID="word000913" HPOS="2199" VPOS="1218" WIDTH="250" HEIGHT="44" CONTENT="impediments" WC="0.82" CC="34030030320"/>
						<SP ID="P5_SP00893" HPOS="2450" VPOS="1265" WIDTH="14"/>
						<String ID="word000914" HPOS="2464" VPOS="1213" WIDTH="70" HEIGHT="34" CONTENT="had" WC="0.93" CC="011"/>
						<SP ID="P5_SP00894" HPOS="2533" VPOS="1265" WIDTH="19"/>
						<String ID="word000915" HPOS="2552" VPOS="1213" WIDTH="111" HEIGHT="33" CONTENT="taken" WC="0.95" CC="01100"/>
						<SP ID="P5_SP00895" HPOS="2663" VPOS="1265" WIDTH="21"/>
						<String ID="word000916" HPOS="2685" VPOS="1209" WIDTH="104" HEIGHT="44" CONTENT="place" WC="0.91" CC="02020"/>
						<SP ID="P5_SP00896" HPOS="2789" VPOS="1265" WIDTH="13"/>
						<String ID="word000917" HPOS="2802" VPOS="1207" WIDTH="35" HEIGHT="33" CONTENT="in" WC="1.00" CC="00"/>
						<SP ID="P5_SP00897" HPOS="2837" VPOS="1265" WIDTH="19"/>
						<String ID="word000918" HPOS="2856" VPOS="1207" WIDTH="83" HEIGHT="33" CONTENT="that" WC="1.00" CC="0000"/>
						<SP ID="P5_SP00898" HPOS="2939" VPOS="1265" WIDTH="0"/>
					</TextLine>
					<TextLine ID="P5_TL00092" HPOS="1633" VPOS="1254" WIDTH="1303" HEIGHT="58">
						<String ID="word000919" HPOS="1633" VPOS="1269" WIDTH="196" HEIGHT="43" CONTENT="exchange," WC="0.84" CC="010513210"/>
						<SP ID="P5_SP00899" HPOS="1830" VPOS="1311" WIDTH="26"/>
						<String ID="word000920" HPOS="1856" VPOS="1269" WIDTH="72" HEIGHT="35" CONTENT="and" WC="1.00" CC="000"/>
						<SP ID="P5_SP00900" HPOS="1928" VPOS="1311" WIDTH="19"/>
						<String ID="word000921" HPOS="1946" VPOS="1269" WIDTH="76" HEIGHT="33" CONTENT="that" WC="0.97" CC="0010"/>
						<SP ID="P5_SP00901" HPOS="2022" VPOS="1311" WIDTH="9"/>
						<String ID="word000922" HPOS="2031" VPOS="1279" WIDTH="24" HEIGHT="22" CONTENT="a" WC="1.00" CC="0"/>
						<SP ID="P5_SP00902" HPOS="2055" VPOS="1311" WIDTH="15"/>
						<String ID="word000923" HPOS="2070" VPOS="1278" WIDTH="74" HEIGHT="24" CONTENT="sum" WC="0.96" CC="001"/>
						<SP ID="P5_SP00903" HPOS="2145" VPOS="1311" WIDTH="20"/>
						<String ID="word000924" HPOS="2165" VPOS="1265" WIDTH="43" HEIGHT="33" CONTENT="of" WC="0.94" CC="01"/>
						<SP ID="P5_SP00904" HPOS="2207" VPOS="1311" WIDTH="12"/>
						<String ID="word000925" HPOS="2219" VPOS="1265" WIDTH="98" HEIGHT="33" CONTENT="200/." WC="0.38" CC="35785"/>
						<SP ID="P5_SP00905" HPOS="2317" VPOS="1311" WIDTH="15"/>
						<String ID="word000926" HPOS="2333" VPOS="1273" WIDTH="77" HEIGHT="22" CONTENT="was" WC="1.00" CC="000"/>
						<SP ID="P5_SP00906" HPOS="2409" VPOS="1311" WIDTH="17"/>
						<String ID="word000927" HPOS="2426" VPOS="1261" WIDTH="133" HEIGHT="33" CONTENT="offered" WC="0.73" CC="0553013"/>
						<SP ID="P5_SP00907" HPOS="2559" VPOS="1311" WIDTH="17"/>
						<String ID="word000928" HPOS="2576" VPOS="1265" WIDTH="37" HEIGHT="27" CONTENT="to" WC="1.00" CC="00"/>
						<SP ID="P5_SP00908" HPOS="2613" VPOS="1311" WIDTH="24"/>
						<String ID="word000929" HPOS="2636" VPOS="1258" WIDTH="86" HEIGHT="33" CONTENT="Mrs." WC="0.97" CC="1000"/>
						<SP ID="P5_SP00909" HPOS="2722" VPOS="1311" WIDTH="18"/>
						<String ID="word000930" HPOS="2740" VPOS="1254" WIDTH="139" HEIGHT="37" CONTENT="Clarke" WC="0.96" CC="110000"/>
						<SP ID="P5_SP00910" HPOS="2880" VPOS="1311" WIDTH="19"/>
						<String ID="word000931" HPOS="2898" VPOS="1258" WIDTH="38" HEIGHT="33" CONTENT="to" WC="0.94" CC="01"/>
						<SP ID="P5_SP00911" HPOS="2936" VPOS="1311" WIDTH="0"/>
					</TextLine>
					<TextLine ID="P5_TL00093" HPOS="1635" VPOS="1299" WIDTH="1304" HEIGHT="61">
						<String ID="word000932" HPOS="1635" VPOS="1316" WIDTH="169" HEIGHT="44" CONTENT="expedite" WC="0.97" CC="01100000"/>
						<SP ID="P5_SP00912" HPOS="1804" VPOS="1359" WIDTH="15"/>
						<String ID="word000933" HPOS="1819" VPOS="1316" WIDTH="61" HEIGHT="34" CONTENT="the" WC="1.00" CC="000"/>
						<SP ID="P5_SP00913" HPOS="1880" VPOS="1359" WIDTH="13"/>
						<String ID="word000934" HPOS="1893" VPOS="1315" WIDTH="201" HEIGHT="45" CONTENT="exchange." WC="0.99" CC="000000100"/>
						<SP ID="P5_SP00914" HPOS="2094" VPOS="1359" WIDTH="51"/>
						<String ID="word000935" HPOS="2145" VPOS="1313" WIDTH="89" HEIGHT="34" CONTENT="This" WC="0.97" CC="0001"/>
						<SP ID="P5_SP00915" HPOS="2233" VPOS="1359" WIDTH="18"/>
						<String ID="word000936" HPOS="2251" VPOS="1311" WIDTH="28" HEIGHT="33" CONTENT="is" WC="0.61" CC="34"/>
						<SP ID="P5_SP00916" HPOS="2280" VPOS="1359" WIDTH="20"/>
						<String ID="word000937" HPOS="2300" VPOS="1310" WIDTH="136" HEIGHT="44" CONTENT="proved" WC="0.80" CC="131312"/>
						<SP ID="P5_SP00917" HPOS="2435" VPOS="1359" WIDTH="20"/>
						<String ID="word000938" HPOS="2456" VPOS="1310" WIDTH="33" HEIGHT="31" CONTENT="in" WC="0.94" CC="01"/>
						<SP ID="P5_SP00918" HPOS="2489" VPOS="1359" WIDTH="19"/>
						<String ID="word000939" HPOS="2507" VPOS="1307" WIDTH="59" HEIGHT="33" CONTENT="the" WC="0.96" CC="001"/>
						<SP ID="P5_SP00919" HPOS="2567" VPOS="1359" WIDTH="19"/>
						<String ID="word000940" HPOS="2585" VPOS="1306" WIDTH="76" HEIGHT="33" CONTENT="first" WC="0.62" CC="33371"/>
						<SP ID="P5_SP00920" HPOS="2661" VPOS="1359" WIDTH="21"/>
						<String ID="word000941" HPOS="2682" VPOS="1304" WIDTH="105" HEIGHT="46" CONTENT="place" WC="0.87" CC="42000"/>
						<SP ID="P5_SP00921" HPOS="2787" VPOS="1359" WIDTH="19"/>
						<String ID="word000942" HPOS="2806" VPOS="1302" WIDTH="47" HEIGHT="33" CONTENT="by" WC="1.00" CC="00"/>
						<SP ID="P5_SP00922" HPOS="2854" VPOS="1359" WIDTH="21"/>
						<String ID="word000943" HPOS="2875" VPOS="1299" WIDTH="64" HEIGHT="34" CONTENT="the" WC="1.00" CC="000"/>
						<SP ID="P5_SP00923" HPOS="2939" VPOS="1359" WIDTH="0"/>
					</TextLine>
					<TextLine ID="P5_TL00094" HPOS="1636" VPOS="1346" WIDTH="1303" HEIGHT="60">
						<String ID="word000944" HPOS="1636" VPOS="1363" WIDTH="168" HEIGHT="33" CONTENT="evidence" WC="0.88" CC="14010030"/>
						<SP ID="P5_SP00924" HPOS="1804" VPOS="1396" WIDTH="17"/>
						<String ID="word000945" HPOS="1820" VPOS="1363" WIDTH="41" HEIGHT="32" CONTENT="of" WC="1.00" CC="00"/>
						<SP ID="P5_SP00925" HPOS="1861" VPOS="1396" WIDTH="32"/>
						<String ID="word000946" HPOS="1893" VPOS="1362" WIDTH="70" HEIGHT="37" CONTENT="Dr." WC="0.89" CC="003"/>
						<SP ID="P5_SP00926" HPOS="1963" VPOS="1398" WIDTH="18"/>
						<String ID="word000947" HPOS="1981" VPOS="1362" WIDTH="167" HEIGHT="44" CONTENT="Thynne," WC="0.95" CC="0100110"/>
						<SP ID="P5_SP00927" HPOS="2147" VPOS="1406" WIDTH="27"/>
						<String ID="word000948" HPOS="2174" VPOS="1359" WIDTH="84" HEIGHT="33" CONTENT="who" WC="1.00" CC="000"/>
						<SP ID="P5_SP00928" HPOS="2258" VPOS="1406" WIDTH="18"/>
						<String ID="word000949" HPOS="2276" VPOS="1356" WIDTH="133" HEIGHT="41" CONTENT="stated," WC="0.97" CC="1100000"/>
						<SP ID="P5_SP00929" HPOS="2409" VPOS="1406" WIDTH="26"/>
						<String ID="word000950" HPOS="2435" VPOS="1355" WIDTH="79" HEIGHT="33" CONTENT="that" WC="1.00" CC="0000"/>
						<SP ID="P5_SP00930" HPOS="2515" VPOS="1406" WIDTH="30"/>
						<String ID="word000951" HPOS="2544" VPOS="1354" WIDTH="43" HEIGHT="32" CONTENT="he" WC="0.94" CC="01"/>
						<SP ID="P5_SP00931" HPOS="2587" VPOS="1406" WIDTH="32"/>
						<String ID="word000952" HPOS="2619" VPOS="1354" WIDTH="46" HEIGHT="32" CONTENT="ha" WC="1.00" CC="00" STYLEREFS="TXT_1"/>
						<String ID="word000953" HPOS="2667" VPOS="1350" WIDTH="37" HEIGHT="33" CONTENT="d" WC="0.78" CC="2"/>
						<SP ID="P5_SP00932" HPOS="2704" VPOS="1406" WIDTH="13"/>
						<String ID="word000954" HPOS="2717" VPOS="1346" WIDTH="155" HEIGHT="47" CONTENT="applied" WC="0.95" CC="2000100"/>
						<SP ID="P5_SP00933" HPOS="2871" VPOS="1406" WIDTH="30"/>
						<String ID="word000955" HPOS="2901" VPOS="1351" WIDTH="38" HEIGHT="28" CONTENT="to" WC="0.61" CC="34"/>
						<SP ID="P5_SP00934" HPOS="2939" VPOS="1406" WIDTH="0"/>
					</TextLine>
					<TextLine ID="P5_TL00095" HPOS="1645" VPOS="1393" WIDTH="1295" HEIGHT="60">
						<String ID="word000956" HPOS="1645" VPOS="1411" WIDTH="81" HEIGHT="34" CONTENT="Mrs." WC="0.75" CC="3033"/>
						<SP ID="P5_SP00935" HPOS="1727" VPOS="1446" WIDTH="31"/>
						<String ID="word000957" HPOS="1757" VPOS="1410" WIDTH="137" HEIGHT="33" CONTENT="Clarke" WC="0.98" CC="001000"/>
						<SP ID="P5_SP00936" HPOS="1894" VPOS="1446" WIDTH="27"/>
						<String ID="word000958" HPOS="1922" VPOS="1409" WIDTH="202" HEIGHT="44" CONTENT="respecting" WC="0.95" CC="0000000112"/>
						<SP ID="P5_SP00937" HPOS="2124" VPOS="1453" WIDTH="27"/>
						<String ID="word000959" HPOS="2151" VPOS="1407" WIDTH="64" HEIGHT="32" CONTENT="the" WC="0.74" CC="430"/>
						<SP ID="P5_SP00938" HPOS="2215" VPOS="1453" WIDTH="26"/>
						<String ID="word000960" HPOS="2241" VPOS="1404" WIDTH="189" HEIGHT="41" CONTENT="exchange" WC="0.97" CC="00002000"/>
						<SP ID="P5_SP00939" HPOS="2430" VPOS="1453" WIDTH="26"/>
						<String ID="word000961" HPOS="2456" VPOS="1401" WIDTH="43" HEIGHT="34" CONTENT="of" WC="0.94" CC="10"/>
						<SP ID="P5_SP00940" HPOS="2498" VPOS="1453" WIDTH="22"/>
						<String ID="word000962" HPOS="2520" VPOS="1398" WIDTH="152" HEIGHT="37" CONTENT="Colonel" WC="0.92" CC="0130100"/>
						<SP ID="P5_SP00941" HPOS="2673" VPOS="1453" WIDTH="31"/>
						<String ID="word000963" HPOS="2704" VPOS="1395" WIDTH="141" HEIGHT="44" CONTENT="Knight" WC="0.98" CC="000100"/>
						<SP ID="P5_SP00942" HPOS="2844" VPOS="1453" WIDTH="25"/>
						<String ID="word000964" HPOS="2869" VPOS="1393" WIDTH="71" HEIGHT="35" CONTENT="and" WC="1.00" CC="000"/>
						<SP ID="P5_SP00943" HPOS="2940" VPOS="1453" WIDTH="0"/>
					</TextLine>
					<TextLine ID="P5_TL00096" HPOS="1644" VPOS="1441" WIDTH="1295" HEIGHT="56">
						<String ID="word000965" HPOS="1644" VPOS="1457" WIDTH="146" HEIGHT="33" CONTENT="Colonel" WC="0.98" CC="0001000"/>
						<SP ID="P5_SP00944" HPOS="1791" VPOS="1491" WIDTH="22"/>
						<String ID="word000966" HPOS="1813" VPOS="1456" WIDTH="172" HEIGHT="40" CONTENT="Brooke;" WC="1.00" CC="0000000"/>
						<SP ID="P5_SP00945" HPOS="1985" VPOS="1496" WIDTH="25"/>
						<String ID="word000967" HPOS="2010" VPOS="1456" WIDTH="67" HEIGHT="33" CONTENT="and" WC="0.89" CC="102"/>
						<SP ID="P5_SP00946" HPOS="2078" VPOS="1496" WIDTH="19"/>
						<String ID="word000968" HPOS="2096" VPOS="1455" WIDTH="57" HEIGHT="32" CONTENT="for" WC="1.00" CC="000"/>
						<SP ID="P5_SP00947" HPOS="2153" VPOS="1496" WIDTH="19"/>
						<String ID="word000969" HPOS="2172" VPOS="1454" WIDTH="59" HEIGHT="33" CONTENT="the" WC="0.93" CC="101"/>
						<SP ID="P5_SP00948" HPOS="2231" VPOS="1496" WIDTH="19"/>
						<String ID="word000970" HPOS="2250" VPOS="1459" WIDTH="159" HEIGHT="38" CONTENT="purpose" WC="0.82" CC="3131111"/>
						<SP ID="P5_SP00949" HPOS="2409" VPOS="1496" WIDTH="17"/>
						<String ID="word000971" HPOS="2426" VPOS="1448" WIDTH="43" HEIGHT="34" CONTENT="of" WC="1.00" CC="00"/>
						<SP ID="P5_SP00950" HPOS="2469" VPOS="1496" WIDTH="20"/>
						<String ID="word000972" HPOS="2489" VPOS="1447" WIDTH="165" HEIGHT="40" CONTENT="inducing" WC="0.81" CC="13204031"/>
						<SP ID="P5_SP00951" HPOS="2654" VPOS="1496" WIDTH="27"/>
						<String ID="word000973" HPOS="2681" VPOS="1444" WIDTH="89" HEIGHT="33" CONTENT="Mrs." WC="0.64" CC="1147"/>
						<SP ID="P5_SP00952" HPOS="2770" VPOS="1496" WIDTH="32"/>
						<String ID="word000974" HPOS="2802" VPOS="1441" WIDTH="137" HEIGHT="35" CONTENT="Clarke" WC="0.93" CC="101101"/>
						<SP ID="P5_SP00953" HPOS="2939" VPOS="1496" WIDTH="0"/>
					</TextLine>
					<TextLine ID="P5_TL00097" HPOS="1642" VPOS="1487" WIDTH="1300" HEIGHT="50">
						<String ID="word000975" HPOS="1642" VPOS="1509" WIDTH="37" HEIGHT="26" CONTENT="to" WC="1.00" CC="00"/>
						<SP ID="P5_SP00954" HPOS="1678" VPOS="1535" WIDTH="18"/>
						<String ID="word000976" HPOS="1696" VPOS="1514" WIDTH="57" HEIGHT="22" CONTENT="we" WC="0.61" CC="61"/>
						<SP ID="P5_SP00955" HPOS="1753" VPOS="1537" WIDTH="19"/>
						<String ID="word000977" HPOS="1772" VPOS="1504" WIDTH="61" HEIGHT="33" CONTENT="her" WC="0.96" CC="010"/>
						<SP ID="P5_SP00956" HPOS="1833" VPOS="1537" WIDTH="31"/>
						<String ID="word000978" HPOS="1864" VPOS="1504" WIDTH="172" HEIGHT="33" CONTENT="influence" WC="0.88" CC="005500000"/>
						<SP ID="P5_SP00957" HPOS="2036" VPOS="1537" WIDTH="19"/>
						<String ID="word000979" HPOS="2055" VPOS="1502" WIDTH="92" HEIGHT="33" CONTENT="with" WC="0.86" CC="1004"/>
						<SP ID="P5_SP00958" HPOS="2147" VPOS="1537" WIDTH="21"/>
						<String ID="word000980" HPOS="2169" VPOS="1500" WIDTH="59" HEIGHT="34" CONTENT="the" WC="0.93" CC="002"/>
						<SP ID="P5_SP00959" HPOS="2228" VPOS="1537" WIDTH="27"/>
						<String ID="word000981" HPOS="2255" VPOS="1496" WIDTH="240" HEIGHT="38" CONTENT="Commander" WC="1.00" CC="000000000"/>
						<SP ID="P5_SP00960" HPOS="2494" VPOS="1537" WIDTH="17"/>
						<String ID="word000982" HPOS="2511" VPOS="1495" WIDTH="35" HEIGHT="33" CONTENT="in" WC="0.94" CC="01"/>
						<SP ID="P5_SP00961" HPOS="2546" VPOS="1537" WIDTH="20"/>
						<String ID="word000983" HPOS="2567" VPOS="1492" WIDTH="112" HEIGHT="38" CONTENT="Chief" WC="0.98" CC="10000"/>
						<SP ID="P5_SP00962" HPOS="2679" VPOS="1537" WIDTH="25"/>
						<String ID="word000984" HPOS="2704" VPOS="1496" WIDTH="37" HEIGHT="28" CONTENT="to" WC="1.00" CC="00"/>
						<SP ID="P5_SP00963" HPOS="2740" VPOS="1537" WIDTH="24"/>
						<String ID="word000985" HPOS="2764" VPOS="1487" WIDTH="178" HEIGHT="45" CONTENT="expedite" WC="0.96" CC="10000011"/>
						<SP ID="P5_SP00964" HPOS="2942" VPOS="1537" WIDTH="0"/>
					</TextLine>
					<TextLine ID="P5_TL00098" HPOS="1643" VPOS="1539" WIDTH="1299" HEIGHT="54">
						<String ID="word000986" HPOS="1643" VPOS="1551" WIDTH="57" HEIGHT="32" CONTENT="the" WC="1.00" CC="000"/>
						<SP ID="P5_SP00965" HPOS="1700" VPOS="1583" WIDTH="17"/>
						<String ID="word000987" HPOS="1716" VPOS="1552" WIDTH="200" HEIGHT="41" CONTENT="exchange," WC="0.88" CC="051301000"/>
						<SP ID="P5_SP00966" HPOS="1916" VPOS="1593" WIDTH="28"/>
						<String ID="word000988" HPOS="1944" VPOS="1550" WIDTH="41" HEIGHT="32" CONTENT="he" WC="0.83" CC="30"/>
						<SP ID="P5_SP00967" HPOS="1985" VPOS="1593" WIDTH="14"/>
						<String ID="word000989" HPOS="2000" VPOS="1548" WIDTH="136" HEIGHT="34" CONTENT="offered" WC="0.90" CC="0240000"/>
						<SP ID="P5_SP00968" HPOS="2135" VPOS="1593" WIDTH="17"/>
						<String ID="word000990" HPOS="2152" VPOS="1547" WIDTH="64" HEIGHT="33" CONTENT="her" WC="1.00" CC="000"/>
						<SP ID="P5_SP00969" HPOS="2216" VPOS="1593" WIDTH="18"/>
						<String ID="word000991" HPOS="2233" VPOS="1545" WIDTH="59" HEIGHT="34" CONTENT="the" WC="1.00" CC="000"/>
						<SP ID="P5_SP00970" HPOS="2293" VPOS="1593" WIDTH="13"/>
						<String ID="word000992" HPOS="2306" VPOS="1554" WIDTH="76" HEIGHT="24" CONTENT="sum" WC="0.63" CC="406"/>
						<SP ID="P5_SP00971" HPOS="2381" VPOS="1593" WIDTH="17"/>
						<String ID="word000993" HPOS="2398" VPOS="1543" WIDTH="45" HEIGHT="34" CONTENT="of" WC="1.00" CC="00"/>
						<SP ID="P5_SP00972" HPOS="2443" VPOS="1593" WIDTH="9"/>
						<String ID="word000994" HPOS="2452" VPOS="1543" WIDTH="99" HEIGHT="34" CONTENT="WO." WC="0.48" CC="653"/>
						<SP ID="P5_SP00973" HPOS="2551" VPOS="1593" WIDTH="18"/>
						<String ID="word000995" HPOS="2569" VPOS="1541" WIDTH="34" HEIGHT="34" CONTENT="in" WC="1.00" CC="00"/>
						<SP ID="P5_SP00974" HPOS="2603" VPOS="1593" WIDTH="14"/>
						<String ID="word000996" HPOS="2617" VPOS="1539" WIDTH="105" HEIGHT="34" CONTENT="order" WC="1.00" CC="00000"/>
						<SP ID="P5_SP00975" HPOS="2722" VPOS="1593" WIDTH="13"/>
						<String ID="word000997" HPOS="2735" VPOS="1543" WIDTH="41" HEIGHT="28" CONTENT="to" WC="0.61" CC="61"/>
						<SP ID="P5_SP00976" HPOS="2777" VPOS="1593" WIDTH="20"/>
						<String ID="word000998" HPOS="2797" VPOS="1544" WIDTH="145" HEIGHT="25" CONTENT="remove" WC="0.65" CC="424171"/>
						<SP ID="P5_SP00977" HPOS="2942" VPOS="1593" WIDTH="0"/>
					</TextLine>
					<TextLine ID="P5_TL00099" HPOS="1644" VPOS="1581" WIDTH="1300" HEIGHT="60">
						<String ID="word000999" HPOS="1644" VPOS="1597" WIDTH="98" HEIGHT="33" CONTENT="those" WC="1.00" CC="00000"/>
						<SP ID="P5_SP00978" HPOS="1742" VPOS="1630" WIDTH="15"/>
						<String ID="word001000" HPOS="1757" VPOS="1597" WIDTH="250" HEIGHT="44" CONTENT="impediments" WC="0.96" CC="03000010000"/>
						<SP ID="P5_SP00979" HPOS="2008" VPOS="1641" WIDTH="12"/>
						<String ID="word001001" HPOS="2020" VPOS="1596" WIDTH="69" HEIGHT="33" CONTENT="and" WC="1.00" CC="000"/>
						<SP ID="P5_SP00980" HPOS="2088" VPOS="1641" WIDTH="11"/>
						<String ID="word001002" HPOS="2099" VPOS="1596" WIDTH="103" HEIGHT="32" CONTENT="those" WC="0.98" CC="00100"/>
						<SP ID="P5_SP00981" HPOS="2202" VPOS="1641" WIDTH="12"/>
						<String ID="word001003" HPOS="2213" VPOS="1593" WIDTH="141" HEIGHT="41" CONTENT="delays." WC="1.00" CC="0000000"/>
						<SP ID="P5_SP00982" HPOS="2354" VPOS="1641" WIDTH="30"/>
						<String ID="word001004" HPOS="2383" VPOS="1590" WIDTH="70" HEIGHT="34" CONTENT="Dr." WC="1.00" CC="000"/>
						<SP ID="P5_SP00983" HPOS="2453" VPOS="1641" WIDTH="15"/>
						<String ID="word001005" HPOS="2469" VPOS="1589" WIDTH="154" HEIGHT="44" CONTENT="Thynne" WC="0.98" CC="100000"/>
						<SP ID="P5_SP00984" HPOS="2622" VPOS="1641" WIDTH="12"/>
						<String ID="word001006" HPOS="2634" VPOS="1587" WIDTH="28" HEIGHT="32" CONTENT="is" WC="1.00" CC="00"/>
						<SP ID="P5_SP00985" HPOS="2662" VPOS="1641" WIDTH="17"/>
						<String ID="word001007" HPOS="2679" VPOS="1581" WIDTH="265" HEIGHT="38" CONTENT="corroborated" WC="0.98" CC="010000001000"/>
						<SP ID="P5_SP00986" HPOS="2943" VPOS="1641" WIDTH="0"/>
					</TextLine>
					<TextLine ID="P5_TL00100" HPOS="1645" VPOS="1629" WIDTH="1299" HEIGHT="58">
						<String ID="word001008" HPOS="1645" VPOS="1645" WIDTH="46" HEIGHT="41" CONTENT="by" WC="0.89" CC="20"/>
						<SP ID="P5_SP00987" HPOS="1691" VPOS="1687" WIDTH="21"/>
						<String ID="word001009" HPOS="1713" VPOS="1645" WIDTH="69" HEIGHT="33" CONTENT="Mr." WC="0.93" CC="110"/>
						<SP ID="P5_SP00988" HPOS="1781" VPOS="1687" WIDTH="22"/>
						<String ID="word001010" HPOS="1804" VPOS="1645" WIDTH="143" HEIGHT="34" CONTENT="Robert" WC="1.00" CC="000000"/>
						<SP ID="P5_SP00989" HPOS="1946" VPOS="1687" WIDTH="19"/>
						<String ID="word001011" HPOS="1965" VPOS="1643" WIDTH="154" HEIGHT="44" CONTENT="Knight," WC="0.98" CC="0001000"/>
						<SP ID="P5_SP00990" HPOS="2119" VPOS="1687" WIDTH="30"/>
						<String ID="word001012" HPOS="2148" VPOS="1641" WIDTH="81" HEIGHT="33" CONTENT="who" WC="1.00" CC="000"/>
						<SP ID="P5_SP00991" HPOS="2230" VPOS="1687" WIDTH="13"/>
						<String ID="word001013" HPOS="2243" VPOS="1638" WIDTH="132" HEIGHT="41" CONTENT="stated," WC="1.00" CC="0000000"/>
						<SP ID="P5_SP00992" HPOS="2375" VPOS="1687" WIDTH="26"/>
						<String ID="word001014" HPOS="2401" VPOS="1637" WIDTH="79" HEIGHT="33" CONTENT="that" WC="1.00" CC="0000"/>
						<SP ID="P5_SP00993" HPOS="2480" VPOS="1687" WIDTH="18"/>
						<String ID="word001015" HPOS="2498" VPOS="1636" WIDTH="43" HEIGHT="32" CONTENT="he" WC="1.00" CC="00"/>
						<SP ID="P5_SP00994" HPOS="2541" VPOS="1687" WIDTH="19"/>
						<String ID="word001016" HPOS="2559" VPOS="1633" WIDTH="67" HEIGHT="33" CONTENT="had" WC="1.00" CC="000"/>
						<SP ID="P5_SP00995" HPOS="2627" VPOS="1687" WIDTH="18"/>
						<String ID="word001017" HPOS="2644" VPOS="1629" WIDTH="209" HEIGHT="37" CONTENT="authorised" WC="0.97" CC="1001100000"/>
						<SP ID="P5_SP00996" HPOS="2854" VPOS="1687" WIDTH="21"/>
						<String ID="word001018" HPOS="2875" VPOS="1629" WIDTH="69" HEIGHT="34" CONTENT="Dr." WC="1.00" CC="000"/>
						<SP ID="P5_SP00997" HPOS="2943" VPOS="1687" WIDTH="0"/>
					</TextLine>
					<TextLine ID="P5_TL00101" HPOS="1645" VPOS="1680" WIDTH="1301" HEIGHT="56">
						<String ID="word001019" HPOS="1645" VPOS="1691" WIDTH="145" HEIGHT="44" CONTENT="Thynne" WC="0.93" CC="310000"/>
						<SP ID="P5_SP00998" HPOS="1791" VPOS="1735" WIDTH="15"/>
						<String ID="word001020" HPOS="1806" VPOS="1696" WIDTH="34" HEIGHT="30" CONTENT="to" WC="1.00" CC="00"/>
						<SP ID="P5_SP00999" HPOS="1840" VPOS="1735" WIDTH="18"/>
						<String ID="word001021" HPOS="1858" VPOS="1690" WIDTH="94" HEIGHT="35" CONTENT="offer" WC="0.98" CC="01000"/>
						<SP ID="P5_SP01000" HPOS="1952" VPOS="1735" WIDTH="17"/>
						<String ID="word001022" HPOS="1969" VPOS="1691" WIDTH="85" HEIGHT="34" CONTENT="Mrs." WC="0.97" CC="0010"/>
						<SP ID="P5_SP01001" HPOS="2054" VPOS="1735" WIDTH="20"/>
						<String ID="word001023" HPOS="2074" VPOS="1688" WIDTH="141" HEIGHT="37" CONTENT="Clarke" WC="0.98" CC="000001"/>
						<SP ID="P5_SP01002" HPOS="2215" VPOS="1735" WIDTH="15"/>
						<String ID="word001024" HPOS="2230" VPOS="1687" WIDTH="80" HEIGHT="33" CONTENT="that" WC="1.00" CC="0000"/>
						<SP ID="P5_SP01003" HPOS="2310" VPOS="1735" WIDTH="15"/>
						<String ID="word001025" HPOS="2326" VPOS="1695" WIDTH="102" HEIGHT="30" CONTENT="sum;" WC="0.72" CC="2053"/>
						<SP ID="P5_SP01004" HPOS="2427" VPOS="1735" WIDTH="25"/>
						<String ID="word001026" HPOS="2452" VPOS="1682" WIDTH="67" HEIGHT="34" CONTENT="and" WC="1.00" CC="000"/>
						<SP ID="P5_SP01005" HPOS="2519" VPOS="1735" WIDTH="21"/>
						<String ID="word001027" HPOS="2541" VPOS="1682" WIDTH="73" HEIGHT="33" CONTENT="that" WC="0.97" CC="0010"/>
						<SP ID="P5_SP01006" HPOS="2614" VPOS="1735" WIDTH="31"/>
						<String ID="word001028" HPOS="2644" VPOS="1680" WIDTH="72" HEIGHT="33" CONTENT="this" WC="0.94" CC="0011"/>
						<SP ID="P5_SP01007" HPOS="2717" VPOS="1735" WIDTH="15"/>
						<String ID="word001029" HPOS="2732" VPOS="1688" WIDTH="89" HEIGHT="31" CONTENT="sum," WC="0.97" CC="0010"/>
						<SP ID="P5_SP01008" HPOS="2820" VPOS="1735" WIDTH="28"/>
						<String ID="word001030" HPOS="2849" VPOS="1684" WIDTH="97" HEIGHT="34" CONTENT="upon" WC="0.97" CC="0001"/>
						<SP ID="P5_SP01009" HPOS="2946" VPOS="1735" WIDTH="0"/>
					</TextLine>
					<TextLine ID="P5_TL00102" HPOS="1646" VPOS="1726" WIDTH="1300" HEIGHT="56">
						<String ID="word001031" HPOS="1646" VPOS="1739" WIDTH="59" HEIGHT="33" CONTENT="the" WC="0.56" CC="552"/>
						<SP ID="P5_SP01010" HPOS="1706" VPOS="1772" WIDTH="17"/>
						<String ID="word001032" HPOS="1722" VPOS="1739" WIDTH="184" HEIGHT="43" CONTENT="exchange" WC="0.99" CC="00000010"/>
						<SP ID="P5_SP01011" HPOS="1906" VPOS="1781" WIDTH="18"/>
						<String ID="word001033" HPOS="1924" VPOS="1739" WIDTH="104" HEIGHT="41" CONTENT="being" WC="1.00" CC="00000"/>
						<SP ID="P5_SP01012" HPOS="2028" VPOS="1781" WIDTH="12"/>
						<String ID="word001034" HPOS="2040" VPOS="1735" WIDTH="167" HEIGHT="43" CONTENT="effected," WC="0.93" CC="033000000"/>
						<SP ID="P5_SP01013" HPOS="2206" VPOS="1781" WIDTH="27"/>
						<String ID="word001035" HPOS="2233" VPOS="1744" WIDTH="74" HEIGHT="24" CONTENT="was" WC="1.00" CC="000"/>
						<SP ID="P5_SP01014" HPOS="2308" VPOS="1781" WIDTH="17"/>
						<String ID="word001036" HPOS="2324" VPOS="1731" WIDTH="89" HEIGHT="45" CONTENT="paid" WC="0.97" CC="0100"/>
						<SP ID="P5_SP01015" HPOS="2413" VPOS="1781" WIDTH="14"/>
						<String ID="word001037" HPOS="2427" VPOS="1735" WIDTH="39" HEIGHT="30" CONTENT="to" WC="1.00" CC="00"/>
						<SP ID="P5_SP01016" HPOS="2466" VPOS="1781" WIDTH="21"/>
						<String ID="word001038" HPOS="2487" VPOS="1729" WIDTH="86" HEIGHT="34" CONTENT="Mrs." WC="0.94" CC="1001"/>
						<SP ID="P5_SP01017" HPOS="2574" VPOS="1781" WIDTH="19"/>
						<String ID="word001039" HPOS="2593" VPOS="1727" WIDTH="163" HEIGHT="38" CONTENT="Clarke;" WC="0.98" CC="0010000"/>
						<SP ID="P5_SP01018" HPOS="2756" VPOS="1781" WIDTH="26"/>
						<String ID="word001040" HPOS="2781" VPOS="1726" WIDTH="80" HEIGHT="32" CONTENT="that" WC="0.97" CC="0010"/>
						<SP ID="P5_SP01019" HPOS="2862" VPOS="1781" WIDTH="18"/>
						<String ID="word001041" HPOS="2880" VPOS="1731" WIDTH="45" HEIGHT="35" CONTENT="ap" SUBS_TYPE="HypPart1" SUBS_CONTENT="application" WC="0.96" CC="10"/>
						<HYP HPOS="2924" VPOS="1731" WIDTH="22" CONTENT="-"/>
					</TextLine>
					<TextLine ID="P5_TL00103" HPOS="1649" VPOS="1769" WIDTH="1299" HEIGHT="61">
						<String ID="word001042" HPOS="1649" VPOS="1785" WIDTH="171" HEIGHT="45" CONTENT="plication" SUBS_TYPE="HypPart2" SUBS_CONTENT="application" WC="0.97" CC="001000001"/>
						<SP ID="P5_SP01020" HPOS="1820" VPOS="1830" WIDTH="18"/>
						<String ID="word001043" HPOS="1838" VPOS="1783" WIDTH="72" HEIGHT="35" CONTENT="had" WC="0.96" CC="010"/>
						<SP ID="P5_SP01021" HPOS="1910" VPOS="1830" WIDTH="20"/>
						<String ID="word001044" HPOS="1930" VPOS="1783" WIDTH="86" HEIGHT="34" CONTENT="been" WC="1.00" CC="0000"/>
						<SP ID="P5_SP01022" HPOS="2016" VPOS="1830" WIDTH="17"/>
						<String ID="word001045" HPOS="2033" VPOS="1783" WIDTH="107" HEIGHT="33" CONTENT="made" WC="1.00" CC="0000"/>
						<SP ID="P5_SP01023" HPOS="2140" VPOS="1830" WIDTH="27"/>
						<String ID="word001046" HPOS="2167" VPOS="1787" WIDTH="38" HEIGHT="28" CONTENT="to" WC="1.00" CC="00"/>
						<SP ID="P5_SP01024" HPOS="2205" VPOS="1830" WIDTH="32"/>
						<String ID="word001047" HPOS="2237" VPOS="1781" WIDTH="63" HEIGHT="33" CONTENT="the" WC="1.00" CC="000"/>
						<SP ID="P5_SP01025" HPOS="2300" VPOS="1830" WIDTH="28"/>
						<String ID="word001048" HPOS="2328" VPOS="1779" WIDTH="112" HEIGHT="34" CONTENT="Duke" WC="1.00" CC="0000"/>
						<SP ID="P5_SP01026" HPOS="2440" VPOS="1830" WIDTH="28"/>
						<String ID="word001049" HPOS="2469" VPOS="1775" WIDTH="44" HEIGHT="34" CONTENT="of" WC="1.00" CC="00"/>
						<SP ID="P5_SP01027" HPOS="2512" VPOS="1830" WIDTH="25"/>
						<String ID="word001050" HPOS="2537" VPOS="1774" WIDTH="105" HEIGHT="35" CONTENT="York" WC="0.97" CC="1000"/>
						<SP ID="P5_SP01028" HPOS="2642" VPOS="1830" WIDTH="34"/>
						<String ID="word001051" HPOS="2676" VPOS="1773" WIDTH="33" HEIGHT="33" CONTENT="in" WC="1.00" CC="00"/>
						<SP ID="P5_SP01029" HPOS="2709" VPOS="1830" WIDTH="20"/>
						<String ID="word001052" HPOS="2730" VPOS="1772" WIDTH="59" HEIGHT="33" CONTENT="the" WC="0.96" CC="001"/>
						<SP ID="P5_SP01030" HPOS="2789" VPOS="1830" WIDTH="15"/>
						<String ID="word001053" HPOS="2804" VPOS="1769" WIDTH="144" HEIGHT="44" CONTENT="regular" WC="0.92" CC="0200111"/>
						<SP ID="P5_SP01031" HPOS="2948" VPOS="1830" WIDTH="0"/>
					</TextLine>
					<TextLine ID="P5_TL00104" HPOS="1652" VPOS="1817" WIDTH="1298" HEIGHT="59">
						<String ID="word001054" HPOS="1652" VPOS="1843" WIDTH="92" HEIGHT="33" CONTENT="way," WC="0.97" CC="0001"/>
						<SP ID="P5_SP01032" HPOS="1744" VPOS="1876" WIDTH="22"/>
						<String ID="word001055" HPOS="1767" VPOS="1833" WIDTH="67" HEIGHT="33" CONTENT="and" WC="1.00" CC="000"/>
						<SP ID="P5_SP01033" HPOS="1834" VPOS="1876" WIDTH="31"/>
						<String ID="word001056" HPOS="1865" VPOS="1832" WIDTH="63" HEIGHT="33" CONTENT="the" WC="0.89" CC="030"/>
						<SP ID="P5_SP01034" HPOS="1928" VPOS="1876" WIDTH="25"/>
						<String ID="word001057" HPOS="1952" VPOS="1831" WIDTH="96" HEIGHT="34" CONTENT="usual" WC="0.95" CC="00110"/>
						<SP ID="P5_SP01035" HPOS="2048" VPOS="1876" WIDTH="32"/>
						<String ID="word001058" HPOS="2080" VPOS="1830" WIDTH="133" HEIGHT="33" CONTENT="official" WC="0.85" CC="02450000"/>
						<SP ID="P5_SP01036" HPOS="2213" VPOS="1876" WIDTH="25"/>
						<String ID="word001059" HPOS="2238" VPOS="1835" WIDTH="142" HEIGHT="26" CONTENT="answer" WC="1.00" CC="000000"/>
						<SP ID="P5_SP01037" HPOS="2380" VPOS="1876" WIDTH="24"/>
						<String ID="word001060" HPOS="2404" VPOS="1822" WIDTH="188" HEIGHT="40" CONTENT="received;" WC="0.99" CC="000000100"/>
						<SP ID="P5_SP01038" HPOS="2591" VPOS="1876" WIDTH="28"/>
						<String ID="word001061" HPOS="2620" VPOS="1820" WIDTH="78" HEIGHT="33" CONTENT="that" WC="0.92" CC="0300"/>
						<SP ID="P5_SP01039" HPOS="2698" VPOS="1876" WIDTH="25"/>
						<String ID="word001062" HPOS="2722" VPOS="1822" WIDTH="103" HEIGHT="40" CONTENT="great" WC="0.98" CC="00010"/>
						<SP ID="P5_SP01040" HPOS="2825" VPOS="1876" WIDTH="15"/>
						<String ID="word001063" HPOS="2841" VPOS="1817" WIDTH="109" HEIGHT="43" CONTENT="delay" WC="0.98" CC="00100"/>
						<SP ID="P5_SP01041" HPOS="2949" VPOS="1876" WIDTH="0"/>
					</TextLine>
					<TextLine ID="P5_TL00105" HPOS="1650" VPOS="1861" WIDTH="1302" HEIGHT="63">
						<String ID="word001064" HPOS="1650" VPOS="1880" WIDTH="65" HEIGHT="33" CONTENT="had" WC="1.00" CC="000"/>
						<SP ID="P5_SP01042" HPOS="1715" VPOS="1913" WIDTH="18"/>
						<String ID="word001065" HPOS="1733" VPOS="1880" WIDTH="109" HEIGHT="34" CONTENT="taken" WC="0.87" CC="01014"/>
						<SP ID="P5_SP01043" HPOS="1841" VPOS="1915" WIDTH="19"/>
						<String ID="word001066" HPOS="1860" VPOS="1879" WIDTH="123" HEIGHT="45" CONTENT="place," WC="0.96" CC="101000"/>
						<SP ID="P5_SP01044" HPOS="1983" VPOS="1924" WIDTH="24"/>
						<String ID="word001067" HPOS="2007" VPOS="1876" WIDTH="69" HEIGHT="35" CONTENT="and" WC="1.00" CC="000"/>
						<SP ID="P5_SP01045" HPOS="2075" VPOS="1924" WIDTH="20"/>
						<String ID="word001068" HPOS="2095" VPOS="1877" WIDTH="80" HEIGHT="33" CONTENT="that" WC="1.00" CC="0000"/>
						<SP ID="P5_SP01046" HPOS="2176" VPOS="1924" WIDTH="19"/>
						<String ID="word001069" HPOS="2194" VPOS="1876" WIDTH="33" HEIGHT="33" CONTENT="in" WC="0.94" CC="10"/>
						<SP ID="P5_SP01047" HPOS="2228" VPOS="1924" WIDTH="19"/>
						<String ID="word001070" HPOS="2246" VPOS="1873" WIDTH="106" HEIGHT="34" CONTENT="order" WC="1.00" CC="00000"/>
						<SP ID="P5_SP01048" HPOS="2353" VPOS="1924" WIDTH="18"/>
						<String ID="word001071" HPOS="2370" VPOS="1877" WIDTH="38" HEIGHT="28" CONTENT="to" WC="1.00" CC="00"/>
						<SP ID="P5_SP01049" HPOS="2408" VPOS="1924" WIDTH="17"/>
						<String ID="word001072" HPOS="2425" VPOS="1869" WIDTH="178" HEIGHT="46" CONTENT="expedite" WC="1.00" CC="00000000"/>
						<SP ID="P5_SP01050" HPOS="2603" VPOS="1924" WIDTH="22"/>
						<String ID="word001073" HPOS="2626" VPOS="1867" WIDTH="58" HEIGHT="34" CONTENT="the" WC="1.00" CC="000"/>
						<SP ID="P5_SP01051" HPOS="2683" VPOS="1924" WIDTH="25"/>
						<String ID="word001074" HPOS="2708" VPOS="1865" WIDTH="171" HEIGHT="37" CONTENT="business," WC="0.97" CC="001100000"/>
						<SP ID="P5_SP01052" HPOS="2880" VPOS="1924" WIDTH="26"/>
						<String ID="word001075" HPOS="2906" VPOS="1861" WIDTH="46" HEIGHT="35" CONTENT="he" WC="0.94" CC="01"/>
						<SP ID="P5_SP01053" HPOS="2952" VPOS="1924" WIDTH="0"/>
					</TextLine>
					<TextLine ID="P5_TL00106" HPOS="1651" VPOS="1910" WIDTH="1302" HEIGHT="63">
						<String ID="word001076" HPOS="1651" VPOS="1928" WIDTH="65" HEIGHT="32" CONTENT="had" WC="1.00" CC="000"/>
						<SP ID="P5_SP01054" HPOS="1716" VPOS="1959" WIDTH="17"/>
						<String ID="word001077" HPOS="1733" VPOS="1928" WIDTH="151" HEIGHT="45" CONTENT="applied" WC="0.98" CC="0010000"/>
						<SP ID="P5_SP01055" HPOS="1884" VPOS="1972" WIDTH="14"/>
						<String ID="word001078" HPOS="1898" VPOS="1930" WIDTH="39" HEIGHT="30" CONTENT="to" WC="1.00" CC="00"/>
						<SP ID="P5_SP01056" HPOS="1937" VPOS="1972" WIDTH="19"/>
						<String ID="word001079" HPOS="1956" VPOS="1926" WIDTH="86" HEIGHT="33" CONTENT="Mrs." WC="0.97" CC="1000"/>
						<SP ID="P5_SP01057" HPOS="2042" VPOS="1972" WIDTH="22"/>
						<String ID="word001080" HPOS="2065" VPOS="1924" WIDTH="141" HEIGHT="33" CONTENT="Clarke" WC="1.00" CC="000000"/>
						<SP ID="P5_SP01058" HPOS="2205" VPOS="1972" WIDTH="15"/>
						<String ID="word001081" HPOS="2220" VPOS="1928" WIDTH="38" HEIGHT="27" CONTENT="to" WC="1.00" CC="00"/>
						<SP ID="P5_SP01059" HPOS="2258" VPOS="1972" WIDTH="20"/>
						<String ID="word001082" HPOS="2278" VPOS="1930" WIDTH="59" HEIGHT="24" CONTENT="use" WC="1.00" CC="000"/>
						<SP ID="P5_SP01060" HPOS="2337" VPOS="1972" WIDTH="20"/>
						<String ID="word001083" HPOS="2357" VPOS="1920" WIDTH="63" HEIGHT="32" CONTENT="her" WC="1.00" CC="000"/>
						<SP ID="P5_SP01061" HPOS="2420" VPOS="1972" WIDTH="17"/>
						<String ID="word001084" HPOS="2437" VPOS="1917" WIDTH="175" HEIGHT="33" CONTENT="influence" WC="0.91" CC="013300000"/>
						<SP ID="P5_SP01062" HPOS="2611" VPOS="1972" WIDTH="19"/>
						<String ID="word001085" HPOS="2630" VPOS="1924" WIDTH="45" HEIGHT="22" CONTENT="on" WC="1.00" CC="00"/>
						<SP ID="P5_SP01063" HPOS="2675" VPOS="1972" WIDTH="19"/>
						<String ID="word001086" HPOS="2694" VPOS="1912" WIDTH="59" HEIGHT="34" CONTENT="the" WC="1.00" CC="000"/>
						<SP ID="P5_SP01064" HPOS="2753" VPOS="1972" WIDTH="18"/>
						<String ID="word001087" HPOS="2771" VPOS="1910" WIDTH="182" HEIGHT="35" CONTENT="occasion." WC="0.96" CC="000011010"/>
						<SP ID="P5_SP01065" HPOS="2953" VPOS="1972" WIDTH="0"/>
					</TextLine>
					<TextLine ID="P5_TL00107" HPOS="1650" VPOS="1955" WIDTH="1302" HEIGHT="53">
						<String ID="word001088" HPOS="1650" VPOS="1974" WIDTH="87" HEIGHT="34" CONTENT="This" WC="1.00" CC="0000"/>
						<SP ID="P5_SP01066" HPOS="1737" VPOS="2008" WIDTH="28"/>
						<String ID="word001089" HPOS="1766" VPOS="1974" WIDTH="175" HEIGHT="33" CONTENT="evidence" WC="1.00" CC="00000000"/>
						<SP ID="P5_SP01067" HPOS="1941" VPOS="2008" WIDTH="32"/>
						<String ID="word001090" HPOS="1972" VPOS="1972" WIDTH="26" HEIGHT="33" CONTENT="is" WC="1.00" CC="00"/>
						<SP ID="P5_SP01068" HPOS="1998" VPOS="2008" WIDTH="31"/>
						<String ID="word001091" HPOS="2029" VPOS="1970" WIDTH="146" HEIGHT="34" CONTENT="further" WC="1.00" CC="0000000"/>
						<SP ID="P5_SP01069" HPOS="2176" VPOS="2008" WIDTH="26"/>
						<String ID="word001092" HPOS="2202" VPOS="1964" WIDTH="262" HEIGHT="38" CONTENT="corroborated" WC="0.98" CC="000000000002"/>
						<SP ID="P5_SP01070" HPOS="2464" VPOS="2008" WIDTH="30"/>
						<String ID="word001093" HPOS="2493" VPOS="1964" WIDTH="48" HEIGHT="43" CONTENT="by" WC="1.00" CC="00"/>
						<SP ID="P5_SP01071" HPOS="2542" VPOS="2008" WIDTH="28"/>
						<String ID="word001094" HPOS="2570" VPOS="1962" WIDTH="90" HEIGHT="33" CONTENT="Mrs." WC="1.00" CC="0000"/>
						<SP ID="P5_SP01072" HPOS="2660" VPOS="2008" WIDTH="27"/>
						<String ID="word001095" HPOS="2687" VPOS="1957" WIDTH="155" HEIGHT="40" CONTENT="Clarke," WC="0.98" CC="0100000"/>
						<SP ID="P5_SP01073" HPOS="2842" VPOS="2008" WIDTH="26"/>
						<String ID="word001096" HPOS="2868" VPOS="1955" WIDTH="84" HEIGHT="34" CONTENT="who" WC="0.70" CC="206"/>
						<SP ID="P5_SP01074" HPOS="2952" VPOS="2008" WIDTH="0"/>
					</TextLine>
					<TextLine ID="P5_TL00108" HPOS="1650" VPOS="2006" WIDTH="1305" HEIGHT="58">
						<String ID="word001097" HPOS="1650" VPOS="2020" WIDTH="128" HEIGHT="41" CONTENT="stated," WC="0.97" CC="0010010"/>
						<SP ID="P5_SP01075" HPOS="1778" VPOS="2061" WIDTH="25"/>
						<String ID="word001098" HPOS="1802" VPOS="2021" WIDTH="79" HEIGHT="33" CONTENT="that" WC="1.00" CC="0000"/>
						<SP ID="P5_SP01076" HPOS="1881" VPOS="2061" WIDTH="20"/>
						<String ID="word001099" HPOS="1902" VPOS="2021" WIDTH="34" HEIGHT="32" CONTENT="in" WC="0.94" CC="01"/>
						<SP ID="P5_SP01077" HPOS="1936" VPOS="2061" WIDTH="18"/>
						<String ID="word001100" HPOS="1954" VPOS="2026" WIDTH="241" HEIGHT="38" CONTENT="consequence" WC="0.96" CC="00000111010"/>
						<SP ID="P5_SP01078" HPOS="2194" VPOS="2063" WIDTH="18"/>
						<String ID="word001101" HPOS="2212" VPOS="2015" WIDTH="41" HEIGHT="33" CONTENT="of" WC="1.00" CC="00"/>
						<SP ID="P5_SP01079" HPOS="2254" VPOS="2063" WIDTH="13"/>
						<String ID="word001102" HPOS="2267" VPOS="2014" WIDTH="59" HEIGHT="33" CONTENT="the" WC="0.96" CC="010"/>
						<SP ID="P5_SP01080" HPOS="2326" VPOS="2063" WIDTH="26"/>
						<String ID="word001103" HPOS="2352" VPOS="2010" WIDTH="234" HEIGHT="47" CONTENT="application" WC="0.97" CC="00010000011"/>
						<SP ID="P5_SP01081" HPOS="2585" VPOS="2063" WIDTH="33"/>
						<String ID="word001104" HPOS="2619" VPOS="2007" WIDTH="41" HEIGHT="35" CONTENT="of" WC="0.94" CC="10"/>
						<SP ID="P5_SP01082" HPOS="2660" VPOS="2063" WIDTH="27"/>
						<String ID="word001105" HPOS="2687" VPOS="2007" WIDTH="66" HEIGHT="34" CONTENT="Dr." WC="1.00" CC="000"/>
						<SP ID="P5_SP01083" HPOS="2753" VPOS="2063" WIDTH="32"/>
						<String ID="word001106" HPOS="2785" VPOS="2006" WIDTH="83" HEIGHT="40" CONTENT="Thy" WC="0.44" CC="555"/>
						<String ID="word001107" HPOS="2874" VPOS="2013" WIDTH="19" HEIGHT="25" CONTENT="n" WC="0.33" CC="6" STYLEREFS="TXT_1"/>
						<String ID="word001108" HPOS="2897" VPOS="2011" WIDTH="58" HEIGHT="30" CONTENT="ne," WC="0.74" CC="511"/>
						<SP ID="P5_SP01084" HPOS="2955" VPOS="2063" WIDTH="0"/>
					</TextLine>
					<TextLine ID="P5_TL00109" HPOS="1651" VPOS="2048" WIDTH="1309" HEIGHT="66">
						<String ID="word001109" HPOS="1651" VPOS="2069" WIDTH="60" HEIGHT="33" CONTENT="she" WC="0.96" CC="100"/>
						<SP ID="P5_SP01085" HPOS="1711" VPOS="2102" WIDTH="17"/>
						<String ID="word001110" HPOS="1728" VPOS="2068" WIDTH="66" HEIGHT="33" CONTENT="had" WC="1.00" CC="000"/>
						<SP ID="P5_SP01086" HPOS="1794" VPOS="2102" WIDTH="19"/>
						<String ID="word001111" HPOS="1813" VPOS="2066" WIDTH="156" HEIGHT="48" CONTENT="applied" WC="0.95" CC="1010010"/>
						<SP ID="P5_SP01087" HPOS="1969" VPOS="2114" WIDTH="15"/>
						<String ID="word001112" HPOS="1984" VPOS="2070" WIDTH="34" HEIGHT="28" CONTENT="to" WC="1.00" CC="00"/>
						<SP ID="P5_SP01088" HPOS="2019" VPOS="2114" WIDTH="17"/>
						<String ID="word001113" HPOS="2035" VPOS="2065" WIDTH="63" HEIGHT="33" CONTENT="the" WC="0.96" CC="001"/>
						<SP ID="P5_SP01089" HPOS="2098" VPOS="2114" WIDTH="18"/>
						<String ID="word001114" HPOS="2115" VPOS="2061" WIDTH="236" HEIGHT="37" CONTENT="Commander" WC="0.99" CC="000100000"/>
						<SP ID="P5_SP01090" HPOS="2352" VPOS="2114" WIDTH="18"/>
						<String ID="word001115" HPOS="2369" VPOS="2061" WIDTH="34" HEIGHT="32" CONTENT="in" WC="1.00" CC="00"/>
						<SP ID="P5_SP01091" HPOS="2404" VPOS="2114" WIDTH="18"/>
						<String ID="word001116" HPOS="2421" VPOS="2055" WIDTH="115" HEIGHT="35" CONTENT="Chief" WC="0.87" CC="33000"/>
						<SP ID="P5_SP01092" HPOS="2536" VPOS="2114" WIDTH="24"/>
						<String ID="word001117" HPOS="2559" VPOS="2065" WIDTH="98" HEIGHT="33" CONTENT="upon" WC="0.36" CC="5567"/>
						<SP ID="P5_SP01093" HPOS="2657" VPOS="2114" WIDTH="20"/>
						<String ID="word001118" HPOS="2678" VPOS="2053" WIDTH="58" HEIGHT="34" CONTENT="the" WC="1.00" CC="000"/>
						<SP ID="P5_SP01094" HPOS="2735" VPOS="2114" WIDTH="18"/>
						<String ID="word001119" HPOS="2753" VPOS="2049" WIDTH="139" HEIGHT="44" CONTENT="subject" WC="0.89" CC="1041100"/>
						<SP ID="P5_SP01095" HPOS="2893" VPOS="2114" WIDTH="24"/>
						<String ID="word001120" HPOS="2916" VPOS="2048" WIDTH="44" HEIGHT="35" CONTENT="of" WC="1.00" CC="00"/>
						<SP ID="P5_SP01096" HPOS="2960" VPOS="2114" WIDTH="0"/>
					</TextLine>
					<TextLine ID="P5_TL00110" HPOS="1654" VPOS="2094" WIDTH="1309" HEIGHT="63">
						<String ID="word001121" HPOS="1654" VPOS="2117" WIDTH="58" HEIGHT="32" CONTENT="the" WC="0.96" CC="010"/>
						<SP ID="P5_SP01097" HPOS="1711" VPOS="2148" WIDTH="31"/>
						<String ID="word001122" HPOS="1742" VPOS="2115" WIDTH="211" HEIGHT="41" CONTENT="exchange;" WC="0.94" CC="010011110"/>
						<SP ID="P5_SP01098" HPOS="1954" VPOS="2157" WIDTH="26"/>
						<String ID="word001123" HPOS="1980" VPOS="2112" WIDTH="78" HEIGHT="34" CONTENT="that" WC="0.97" CC="0010"/>
						<SP ID="P5_SP01099" HPOS="2057" VPOS="2157" WIDTH="17"/>
						<String ID="word001124" HPOS="2074" VPOS="2111" WIDTH="64" HEIGHT="33" CONTENT="she" WC="0.89" CC="030"/>
						<SP ID="P5_SP01100" HPOS="2138" VPOS="2157" WIDTH="25"/>
						<String ID="word001125" HPOS="2163" VPOS="2120" WIDTH="92" HEIGHT="33" CONTENT="gave" WC="0.89" CC="2101"/>
						<SP ID="P5_SP01101" HPOS="2255" VPOS="2157" WIDTH="18"/>
						<String ID="word001126" HPOS="2272" VPOS="2108" WIDTH="56" HEIGHT="33" CONTENT="his" WC="0.96" CC="100"/>
						<SP ID="P5_SP01102" HPOS="2328" VPOS="2157" WIDTH="33"/>
						<String ID="word001127" HPOS="2361" VPOS="2104" WIDTH="120" HEIGHT="45" CONTENT="Royal" WC="0.87" CC="20301"/>
						<SP ID="P5_SP01103" HPOS="2481" VPOS="2157" WIDTH="30"/>
						<String ID="word001128" HPOS="2511" VPOS="2104" WIDTH="76" HEIGHT="40" CONTENT="Hig" WC="0.70" CC="503"/>
						<String ID="word001129" HPOS="2593" VPOS="2104" WIDTH="99" HEIGHT="30" CONTENT="hness" WC="0.71" CC="71104" STYLEREFS="TXT_1"/>
						<SP ID="P5_SP01104" HPOS="2692" VPOS="2157" WIDTH="18"/>
						<String ID="word001130" HPOS="2709" VPOS="2100" WIDTH="60" HEIGHT="33" CONTENT="the" WC="1.00" CC="000"/>
						<SP ID="P5_SP01105" HPOS="2770" VPOS="2157" WIDTH="20"/>
						<String ID="word001131" HPOS="2790" VPOS="2096" WIDTH="111" HEIGHT="35" CONTENT="Duke" WC="0.97" CC="0100"/>
						<SP ID="P5_SP01106" HPOS="2901" VPOS="2157" WIDTH="18"/>
						<String ID="word001132" HPOS="2919" VPOS="2094" WIDTH="44" HEIGHT="35" CONTENT="of" WC="1.00" CC="00"/>
						<SP ID="P5_SP01107" HPOS="2962" VPOS="2157" WIDTH="0"/>
					</TextLine>
					<TextLine ID="P5_TL00111" HPOS="1655" VPOS="2127" WIDTH="1303" HEIGHT="77">
						<String ID="word001133" HPOS="1655" VPOS="2161" WIDTH="125" HEIGHT="40" CONTENT="York," WC="0.98" CC="10000"/>
						<SP ID="P5_SP01108" HPOS="1780" VPOS="2202" WIDTH="24"/>
						<String ID="word001134" HPOS="1804" VPOS="2172" WIDTH="24" HEIGHT="22" CONTENT="a" WC="1.00" CC="0"/>
						<SP ID="P5_SP01109" HPOS="1827" VPOS="2202" WIDTH="22"/>
						<String ID="word001135" HPOS="1850" VPOS="2161" WIDTH="76" HEIGHT="43" CONTENT="slip" WC="0.97" CC="0001"/>
						<SP ID="P5_SP01110" HPOS="1925" VPOS="2204" WIDTH="26"/>
						<String ID="word001136" HPOS="1951" VPOS="2158" WIDTH="43" HEIGHT="37" CONTENT="of" WC="0.94" CC="10"/>
						<SP ID="P5_SP01111" HPOS="1994" VPOS="2204" WIDTH="22"/>
						<String ID="word001137" HPOS="2016" VPOS="2169" WIDTH="142" HEIGHT="35" CONTENT="paper;" WC="0.87" CC="011122" STYLEREFS="TXT_1"/>
						<SP ID="P5_SP01112" HPOS="2158" VPOS="2204" WIDTH="27"/>
						<String ID="word001138" HPOS="2185" VPOS="2157" WIDTH="81" HEIGHT="32" CONTENT="that" WC="0.94" CC="0110"/>
						<SP ID="P5_SP01113" HPOS="2267" VPOS="2204" WIDTH="25"/>
						<String ID="word001139" HPOS="2291" VPOS="2154" WIDTH="61" HEIGHT="33" CONTENT="the" WC="1.00" CC="000"/>
						<SP ID="P5_SP01114" HPOS="2353" VPOS="2204" WIDTH="27"/>
						<String ID="word001140" HPOS="2380" VPOS="2152" WIDTH="110" HEIGHT="34" CONTENT="Duke" WC="0.81" CC="6001"/>
						<SP ID="P5_SP01115" HPOS="2490" VPOS="2204" WIDTH="19"/>
						<String ID="word001141" HPOS="2509" VPOS="2127" WIDTH="115" HEIGHT="56" CONTENT="asked" WC="0.82" CC="04031"/>
						<SP ID="P5_SP01116" HPOS="2623" VPOS="2204" WIDTH="20"/>
						<String ID="word001142" HPOS="2643" VPOS="2148" WIDTH="61" HEIGHT="33" CONTENT="her" WC="1.00" CC="000"/>
						<SP ID="P5_SP01117" HPOS="2705" VPOS="2204" WIDTH="18"/>
						<String ID="word001143" HPOS="2722" VPOS="2146" WIDTH="32" HEIGHT="33" CONTENT="if" WC="1.00" CC="00"/>
						<SP ID="P5_SP01118" HPOS="2754" VPOS="2204" WIDTH="11"/>
						<String ID="word001144" HPOS="2765" VPOS="2145" WIDTH="64" HEIGHT="35" CONTENT="she" WC="0.96" CC="100"/>
						<SP ID="P5_SP01119" HPOS="2829" VPOS="2204" WIDTH="21"/>
						<String ID="word001145" HPOS="2850" VPOS="2144" WIDTH="107" HEIGHT="33" CONTENT="knew" WC="0.97" CC="0100"/>
						<SP ID="P5_SP01120" HPOS="2957" VPOS="2204" WIDTH="0"/>
					</TextLine>
					<TextLine ID="P5_TL00112" HPOS="1654" VPOS="2190" WIDTH="1306" HEIGHT="64">
						<String ID="word001146" HPOS="1654" VPOS="2210" WIDTH="58" HEIGHT="34" CONTENT="the" WC="1.00" CC="000"/>
						<SP ID="P5_SP01121" HPOS="1711" VPOS="2244" WIDTH="17"/>
						<String ID="word001147" HPOS="1728" VPOS="2209" WIDTH="151" HEIGHT="45" CONTENT="parties," WC="1.00" CC="00000000"/>
						<SP ID="P5_SP01122" HPOS="1879" VPOS="2254" WIDTH="27"/>
						<String ID="word001148" HPOS="1906" VPOS="2211" WIDTH="39" HEIGHT="30" CONTENT="to" WC="1.00" CC="00"/>
						<SP ID="P5_SP01123" HPOS="1945" VPOS="2254" WIDTH="21"/>
						<String ID="word001149" HPOS="1967" VPOS="2206" WIDTH="117" HEIGHT="34" CONTENT="which" WC="0.98" CC="00010"/>
						<SP ID="P5_SP01124" HPOS="2083" VPOS="2254" WIDTH="18"/>
						<String ID="word001150" HPOS="2101" VPOS="2205" WIDTH="60" HEIGHT="32" CONTENT="she" WC="1.00" CC="000"/>
						<SP ID="P5_SP01125" HPOS="2161" VPOS="2254" WIDTH="18"/>
						<String ID="word001151" HPOS="2179" VPOS="2200" WIDTH="189" HEIGHT="40" CONTENT="answered" WC="0.99" CC="01000000"/>
						<SP ID="P5_SP01126" HPOS="2368" VPOS="2254" WIDTH="18"/>
						<String ID="word001152" HPOS="2386" VPOS="2199" WIDTH="64" HEIGHT="34" CONTENT="she" WC="0.74" CC="421"/>
						<SP ID="P5_SP01127" HPOS="2450" VPOS="2254" WIDTH="28"/>
						<String ID="word001153" HPOS="2478" VPOS="2196" WIDTH="61" HEIGHT="33" CONTENT="did" WC="1.00" CC="000"/>
						<SP ID="P5_SP01128" HPOS="2539" VPOS="2254" WIDTH="33"/>
						<String ID="word001154" HPOS="2572" VPOS="2199" WIDTH="77" HEIGHT="38" CONTENT="not," WC="1.00" CC="0000"/>
						<SP ID="P5_SP01129" HPOS="2649" VPOS="2254" WIDTH="27"/>
						<String ID="word001155" HPOS="2676" VPOS="2194" WIDTH="64" HEIGHT="32" CONTENT="but" WC="1.00" CC="000"/>
						<SP ID="P5_SP01130" HPOS="2740" VPOS="2254" WIDTH="27"/>
						<String ID="word001156" HPOS="2767" VPOS="2191" WIDTH="83" HEIGHT="35" CONTENT="that" WC="0.92" CC="1011"/>
						<SP ID="P5_SP01131" HPOS="2850" VPOS="2254" WIDTH="22"/>
						<String ID="word001157" HPOS="2872" VPOS="2190" WIDTH="87" HEIGHT="44" CONTENT="they" WC="1.00" CC="0000"/>
						<SP ID="P5_SP01132" HPOS="2960" VPOS="2254" WIDTH="0"/>
					</TextLine>
					<TextLine ID="P5_TL00113" HPOS="1657" VPOS="2238" WIDTH="1301" HEIGHT="57">
						<String ID="word001158" HPOS="1657" VPOS="2267" WIDTH="90" HEIGHT="24" CONTENT="were" WC="0.97" CC="0100"/>
						<SP ID="P5_SP01133" HPOS="1747" VPOS="2290" WIDTH="18"/>
						<String ID="word001159" HPOS="1765" VPOS="2262" WIDTH="38" HEIGHT="27" CONTENT="to" WC="1.00" CC="00"/>
						<SP ID="P5_SP01134" HPOS="1802" VPOS="2290" WIDTH="18"/>
						<String ID="word001160" HPOS="1820" VPOS="2255" WIDTH="112" HEIGHT="35" CONTENT="make" WC="0.97" CC="1000"/>
						<SP ID="P5_SP01135" HPOS="1932" VPOS="2290" WIDTH="19"/>
						<String ID="word001161" HPOS="1951" VPOS="2254" WIDTH="60" HEIGHT="33" CONTENT="her" WC="1.00" CC="000"/>
						<SP ID="P5_SP01136" HPOS="2011" VPOS="2290" WIDTH="15"/>
						<String ID="word001162" HPOS="2027" VPOS="2264" WIDTH="24" HEIGHT="21" CONTENT="a" WC="1.00" CC="0"/>
						<SP ID="P5_SP01137" HPOS="2050" VPOS="2290" WIDTH="19"/>
						<String ID="word001163" HPOS="2069" VPOS="2250" WIDTH="257" HEIGHT="45" CONTENT="compliment;" WC="0.96" CC="00000000022"/>
						<SP ID="P5_SP01138" HPOS="2327" VPOS="2295" WIDTH="26"/>
						<String ID="word001164" HPOS="2353" VPOS="2246" WIDTH="71" HEIGHT="33" CONTENT="and" WC="0.96" CC="100"/>
						<SP ID="P5_SP01139" HPOS="2424" VPOS="2295" WIDTH="30"/>
						<String ID="word001165" HPOS="2453" VPOS="2245" WIDTH="81" HEIGHT="32" CONTENT="that" WC="0.78" CC="1520"/>
						<SP ID="P5_SP01140" HPOS="2535" VPOS="2295" WIDTH="27"/>
						<String ID="word001166" HPOS="2562" VPOS="2242" WIDTH="64" HEIGHT="34" CONTENT="she" WC="1.00" CC="000"/>
						<SP ID="P5_SP01141" HPOS="2626" VPOS="2295" WIDTH="26"/>
						<String ID="word001167" HPOS="2652" VPOS="2238" WIDTH="215" HEIGHT="34" CONTENT="afterwards" WC="1.00" CC="0000000000"/>
						<SP ID="P5_SP01142" HPOS="2867" VPOS="2295" WIDTH="34"/>
						<String ID="word001168" HPOS="2901" VPOS="2246" WIDTH="38" HEIGHT="22" CONTENT="re" SUBS_TYPE="HypPart1" SUBS_CONTENT="received" WC="1.00" CC="00"/>
						<HYP HPOS="2939" VPOS="2246" WIDTH="19" CONTENT="-"/>
					</TextLine>
					<TextLine ID="P5_TL00114" HPOS="1655" VPOS="2287" WIDTH="1304" HEIGHT="56">
						<String ID="word001169" HPOS="1655" VPOS="2303" WIDTH="123" HEIGHT="35" CONTENT="ceived" SUBS_TYPE="HypPart2" SUBS_CONTENT="received" WC="1.00" CC="000000"/>
						<SP ID="P5_SP01143" HPOS="1778" VPOS="2339" WIDTH="21"/>
						<String ID="word001170" HPOS="1799" VPOS="2303" WIDTH="59" HEIGHT="39" CONTENT="the" WC="0.74" CC="151"/>
						<SP ID="P5_SP01144" HPOS="1858" VPOS="2342" WIDTH="26"/>
						<String ID="word001171" HPOS="1884" VPOS="2311" WIDTH="77" HEIGHT="22" CONTENT="sum" WC="1.00" CC="000"/>
						<SP ID="P5_SP01145" HPOS="1961" VPOS="2342" WIDTH="30"/>
						<String ID="word001172" HPOS="1990" VPOS="2300" WIDTH="41" HEIGHT="33" CONTENT="of" WC="1.00" CC="00"/>
						<SP ID="P5_SP01146" HPOS="2031" VPOS="2342" WIDTH="26"/>
						<String ID="word001173" HPOS="2057" VPOS="2306" WIDTH="77" HEIGHT="27" CONTENT="two" WC="1.00" CC="000"/>
						<SP ID="P5_SP01147" HPOS="2134" VPOS="2342" WIDTH="21"/>
						<String ID="word001174" HPOS="2156" VPOS="2295" WIDTH="158" HEIGHT="37" CONTENT="hundred" WC="0.95" CC="0030000"/>
						<SP ID="P5_SP01148" HPOS="2314" VPOS="2342" WIDTH="20"/>
						<String ID="word001175" HPOS="2334" VPOS="2293" WIDTH="151" HEIGHT="45" CONTENT="pounds." WC="0.86" CC="1112031"/>
						<SP ID="P5_SP01149" HPOS="2485" VPOS="2342" WIDTH="54"/>
						<String ID="word001176" HPOS="2539" VPOS="2289" WIDTH="89" HEIGHT="33" CONTENT="Mrs." WC="0.97" CC="1000"/>
						<SP ID="P5_SP01150" HPOS="2628" VPOS="2342" WIDTH="25"/>
						<String ID="word001177" HPOS="2653" VPOS="2287" WIDTH="138" HEIGHT="35" CONTENT="Clarke" WC="0.94" CC="021000"/>
						<SP ID="P5_SP01151" HPOS="2791" VPOS="2342" WIDTH="18"/>
						<String ID="word001178" HPOS="2809" VPOS="2293" WIDTH="85" HEIGHT="34" CONTENT="goes" WC="0.97" CC="1000"/>
						<SP ID="P5_SP01152" HPOS="2894" VPOS="2342" WIDTH="19"/>
						<String ID="word001179" HPOS="2913" VPOS="2293" WIDTH="46" HEIGHT="25" CONTENT="on" WC="1.00" CC="00"/>
						<SP ID="P5_SP01153" HPOS="2959" VPOS="2342" WIDTH="0"/>
					</TextLine>
					<TextLine ID="P5_TL00115" HPOS="1655" VPOS="2329" WIDTH="1306" HEIGHT="59">
						<String ID="word001180" HPOS="1655" VPOS="2357" WIDTH="37" HEIGHT="26" CONTENT="to" WC="1.00" CC="00"/>
						<SP ID="P5_SP01154" HPOS="1691" VPOS="2383" WIDTH="25"/>
						<String ID="word001181" HPOS="1716" VPOS="2355" WIDTH="90" HEIGHT="28" CONTENT="state" WC="1.00" CC="00000"/>
						<SP ID="P5_SP01155" HPOS="1806" VPOS="2383" WIDTH="17"/>
						<String ID="word001182" HPOS="1822" VPOS="2349" WIDTH="157" HEIGHT="39" CONTENT="farther," WC="1.00" CC="00000000"/>
						<SP ID="P5_SP01156" HPOS="1980" VPOS="2388" WIDTH="25"/>
						<String ID="word001183" HPOS="2004" VPOS="2346" WIDTH="79" HEIGHT="33" CONTENT="that" WC="0.97" CC="0010"/>
						<SP ID="P5_SP01157" HPOS="2083" VPOS="2388" WIDTH="30"/>
						<String ID="word001184" HPOS="2113" VPOS="2354" WIDTH="94" HEIGHT="34" CONTENT="upon" WC="1.00" CC="0000"/>
						<SP ID="P5_SP01158" HPOS="2207" VPOS="2388" WIDTH="26"/>
						<String ID="word001185" HPOS="2233" VPOS="2339" WIDTH="222" HEIGHT="41" CONTENT="mentioning" WC="0.99" CC="0000000100"/>
						<SP ID="P5_SP01159" HPOS="2456" VPOS="2388" WIDTH="17"/>
						<String ID="word001186" HPOS="2472" VPOS="2339" WIDTH="60" HEIGHT="32" CONTENT="the" WC="0.96" CC="010"/>
						<SP ID="P5_SP01160" HPOS="2532" VPOS="2388" WIDTH="17"/>
						<String ID="word001187" HPOS="2549" VPOS="2333" WIDTH="138" HEIGHT="45" CONTENT="subject" WC="0.92" CC="0031010"/>
						<SP ID="P5_SP01161" HPOS="2687" VPOS="2388" WIDTH="18"/>
						<String ID="word001188" HPOS="2705" VPOS="2339" WIDTH="38" HEIGHT="27" CONTENT="to" WC="1.00" CC="00"/>
						<SP ID="P5_SP01162" HPOS="2743" VPOS="2388" WIDTH="20"/>
						<String ID="word001189" HPOS="2763" VPOS="2331" WIDTH="54" HEIGHT="33" CONTENT="his" WC="0.96" CC="001"/>
						<SP ID="P5_SP01163" HPOS="2817" VPOS="2388" WIDTH="24"/>
						<String ID="word001190" HPOS="2841" VPOS="2329" WIDTH="120" HEIGHT="44" CONTENT="Royal" WC="0.87" CC="31101"/>
						<SP ID="P5_SP01164" HPOS="2961" VPOS="2388" WIDTH="0"/>
					</TextLine>
					<TextLine ID="P5_TL00116" HPOS="1657" VPOS="2375" WIDTH="1309" HEIGHT="65">
						<String ID="word001191" HPOS="1657" VPOS="2396" WIDTH="63" HEIGHT="44" CONTENT="Ilil" WC="0.44" CC="5638"/>
						<String ID="word001192" HPOS="1720" VPOS="2396" WIDTH="15" HEIGHT="44" CONTENT="o" STYLE="subscript" WC="0.44" CC="8"/>
						<String ID="word001193" HPOS="1735" VPOS="2396" WIDTH="112" HEIGHT="44" CONTENT="rhness," WC="0.44" CC="7533373"/>
						<SP ID="P5_SP01165" HPOS="1847" VPOS="2440" WIDTH="17"/>
						<String ID="word001194" HPOS="1864" VPOS="2395" WIDTH="46" HEIGHT="34" CONTENT="he" WC="1.00" CC="00"/>
						<SP ID="P5_SP01166" HPOS="1910" VPOS="2440" WIDTH="14"/>
						<String ID="word001195" HPOS="1924" VPOS="2393" WIDTH="76" HEIGHT="34" CONTENT="said" WC="0.94" CC="1100"/>
						<SP ID="P5_SP01167" HPOS="2000" VPOS="2440" WIDTH="19"/>
						<String ID="word001196" HPOS="2019" VPOS="2393" WIDTH="44" HEIGHT="37" CONTENT="he" WC="1.00" CC="00" STYLEREFS="TXT_4"/>
						<SP ID="P5_SP01168" HPOS="2062" VPOS="2440" WIDTH="27"/>
						<String ID="word001197" HPOS="2089" VPOS="2393" WIDTH="105" HEIGHT="32" CONTENT="knew" WC="1.00" CC="0000"/>
						<SP ID="P5_SP01169" HPOS="2194" VPOS="2440" WIDTH="21"/>
						<String ID="word001198" HPOS="2216" VPOS="2389" WIDTH="63" HEIGHT="33" CONTENT="the" WC="1.00" CC="000"/>
						<SP ID="P5_SP01170" HPOS="2278" VPOS="2440" WIDTH="15"/>
						<String ID="word001199" HPOS="2294" VPOS="2385" WIDTH="142" HEIGHT="46" CONTENT="subject" WC="0.95" CC="1011000"/>
						<SP ID="P5_SP01171" HPOS="2435" VPOS="2440" WIDTH="20"/>
						<String ID="word001200" HPOS="2456" VPOS="2393" WIDTH="85" HEIGHT="35" CONTENT="very" WC="1.00" CC="0000"/>
						<SP ID="P5_SP01172" HPOS="2541" VPOS="2440" WIDTH="15"/>
						<String ID="word001201" HPOS="2556" VPOS="2382" WIDTH="83" HEIGHT="34" CONTENT="well" WC="0.94" CC="0002"/>
						<SP ID="P5_SP01173" HPOS="2639" VPOS="2440" WIDTH="17"/>
						<String ID="word001202" HPOS="2655" VPOS="2392" WIDTH="9" HEIGHT="28" CONTENT=";" WC="0.78" CC="2"/>
						<SP ID="P5_SP01174" HPOS="2665" VPOS="2440" WIDTH="28"/>
						<String ID="word001203" HPOS="2693" VPOS="2380" WIDTH="77" HEIGHT="34" CONTENT="that" WC="1.00" CC="0000"/>
						<SP ID="P5_SP01175" HPOS="2770" VPOS="2440" WIDTH="19"/>
						<String ID="word001204" HPOS="2789" VPOS="2379" WIDTH="86" HEIGHT="41" CONTENT="they" WC="1.00" CC="0000"/>
						<SP ID="P5_SP01176" HPOS="2875" VPOS="2440" WIDTH="22"/>
						<String ID="word001205" HPOS="2897" VPOS="2375" WIDTH="69" HEIGHT="34" CONTENT="had" WC="1.00" CC="000"/>
						<SP ID="P5_SP01177" HPOS="2966" VPOS="2440" WIDTH="0"/>
					</TextLine>
					<TextLine ID="P5_TL00117" HPOS="1656" VPOS="2424" WIDTH="1313" HEIGHT="65">
						<String ID="word001206" HPOS="1656" VPOS="2446" WIDTH="89" HEIGHT="32" CONTENT="been" WC="0.97" CC="1000"/>
						<SP ID="P5_SP01178" HPOS="1744" VPOS="2478" WIDTH="26"/>
						<String ID="word001207" HPOS="1770" VPOS="2443" WIDTH="124" HEIGHT="46" CONTENT="trying" WC="1.00" CC="000000"/>
						<SP ID="P5_SP01179" HPOS="1894" VPOS="2489" WIDTH="24"/>
						<String ID="word001208" HPOS="1918" VPOS="2443" WIDTH="111" HEIGHT="32" CONTENT="about" WC="0.98" CC="01000"/>
						<SP ID="P5_SP01180" HPOS="2029" VPOS="2489" WIDTH="20"/>
						<String ID="word001209" HPOS="2049" VPOS="2440" WIDTH="28" HEIGHT="32" CONTENT="it" WC="1.00" CC="00"/>
						<SP ID="P5_SP01181" HPOS="2078" VPOS="2489" WIDTH="19"/>
						<String ID="word001210" HPOS="2096" VPOS="2439" WIDTH="59" HEIGHT="33" CONTENT="for" WC="1.00" CC="000"/>
						<SP ID="P5_SP01182" HPOS="2156" VPOS="2489" WIDTH="17"/>
						<String ID="word001211" HPOS="2172" VPOS="2446" WIDTH="99" HEIGHT="25" CONTENT="some" WC="0.97" CC="1000"/>
						<SP ID="P5_SP01183" HPOS="2271" VPOS="2489" WIDTH="27"/>
						<String ID="word001212" HPOS="2298" VPOS="2435" WIDTH="89" HEIGHT="33" CONTENT="time" WC="1.00" CC="0000"/>
						<SP ID="P5_SP01184" HPOS="2387" VPOS="2489" WIDTH="17"/>
						<String ID="word001213" HPOS="2404" VPOS="2444" WIDTH="11" HEIGHT="28" CONTENT=";" WC="1.00" CC="0"/>
						<SP ID="P5_SP01185" HPOS="2414" VPOS="2489" WIDTH="26"/>
						<String ID="word001214" HPOS="2440" VPOS="2431" WIDTH="67" HEIGHT="33" CONTENT="and" WC="0.96" CC="100"/>
						<SP ID="P5_SP01186" HPOS="2507" VPOS="2489" WIDTH="26"/>
						<String ID="word001215" HPOS="2533" VPOS="2432" WIDTH="26" HEIGHT="31" CONTENT="it" WC="1.00" CC="00"/>
						<SP ID="P5_SP01187" HPOS="2559" VPOS="2489" WIDTH="26"/>
						<String ID="word001216" HPOS="2585" VPOS="2425" WIDTH="188" HEIGHT="47" CONTENT="appeared" WC="0.90" CC="02203000"/>
						<SP ID="P5_SP01188" HPOS="2773" VPOS="2489" WIDTH="18"/>
						<String ID="word001217" HPOS="2791" VPOS="2424" WIDTH="93" HEIGHT="37" CONTENT="from" WC="0.97" CC="0010"/>
						<SP ID="P5_SP01189" HPOS="2884" VPOS="2489" WIDTH="21"/>
						<String ID="word001218" HPOS="2906" VPOS="2424" WIDTH="63" HEIGHT="32" CONTENT="the" WC="1.00" CC="000"/>
						<SP ID="P5_SP01190" HPOS="2968" VPOS="2489" WIDTH="0"/>
					</TextLine>
					<TextLine ID="P5_TL00118" HPOS="1657" VPOS="2469" WIDTH="1309" HEIGHT="59">
						<String ID="word001219" HPOS="1657" VPOS="2494" WIDTH="204" HEIGHT="32" CONTENT="documents" WC="1.00" CC="000000000"/>
						<SP ID="P5_SP01191" HPOS="1861" VPOS="2526" WIDTH="15"/>
						<String ID="word001220" HPOS="1877" VPOS="2499" WIDTH="50" HEIGHT="24" CONTENT="on" WC="1.00" CC="00"/>
						<SP ID="P5_SP01192" HPOS="1926" VPOS="2526" WIDTH="13"/>
						<String ID="word001221" HPOS="1939" VPOS="2489" WIDTH="59" HEIGHT="32" CONTENT="the" WC="1.00" CC="000"/>
						<SP ID="P5_SP01193" HPOS="1998" VPOS="2526" WIDTH="15"/>
						<String ID="word001222" HPOS="2014" VPOS="2487" WIDTH="116" HEIGHT="40" CONTENT="table," WC="0.96" CC="001100"/>
						<SP ID="P5_SP01194" HPOS="2130" VPOS="2528" WIDTH="12"/>
						<String ID="word001223" HPOS="2141" VPOS="2485" WIDTH="80" HEIGHT="33" CONTENT="that" WC="1.00" CC="0000"/>
						<SP ID="P5_SP01195" HPOS="2222" VPOS="2528" WIDTH="18"/>
						<String ID="word001224" HPOS="2239" VPOS="2483" WIDTH="87" HEIGHT="33" CONTENT="Mrs." WC="0.94" CC="1010"/>
						<SP ID="P5_SP01196" HPOS="2327" VPOS="2528" WIDTH="18"/>
						<String ID="word001225" HPOS="2344" VPOS="2478" WIDTH="141" HEIGHT="37" CONTENT="Clarke" WC="1.00" CC="000000"/>
						<SP ID="P5_SP01197" HPOS="2485" VPOS="2528" WIDTH="17"/>
						<String ID="word001226" HPOS="2502" VPOS="2476" WIDTH="106" HEIGHT="35" CONTENT="could" WC="1.00" CC="00000"/>
						<SP ID="P5_SP01198" HPOS="2608" VPOS="2528" WIDTH="14"/>
						<String ID="word001227" HPOS="2622" VPOS="2474" WIDTH="126" HEIGHT="33" CONTENT="obtain" WC="0.96" CC="010100"/>
						<SP ID="P5_SP01199" HPOS="2748" VPOS="2528" WIDTH="18"/>
						<String ID="word001228" HPOS="2766" VPOS="2472" WIDTH="74" HEIGHT="33" CONTENT="this" WC="1.00" CC="0000"/>
						<SP ID="P5_SP01200" HPOS="2841" VPOS="2528" WIDTH="13"/>
						<String ID="word001229" HPOS="2854" VPOS="2469" WIDTH="94" HEIGHT="35" CONTENT="infor" SUBS_TYPE="HypPart1" SUBS_CONTENT="information" WC="0.91" CC="12110"/>
						<HYP HPOS="2948" VPOS="2469" WIDTH="18" CONTENT="-"/>
					</TextLine>
					<TextLine ID="P5_TL00119" HPOS="1658" VPOS="2517" WIDTH="1310" HEIGHT="63">
						<String ID="word001230" HPOS="1658" VPOS="2539" WIDTH="133" HEIGHT="33" CONTENT="mation" SUBS_TYPE="HypPart2" SUBS_CONTENT="information" WC="0.93" CC="300001"/>
						<SP ID="P5_SP01201" HPOS="1792" VPOS="2572" WIDTH="25"/>
						<String ID="word001231" HPOS="1817" VPOS="2535" WIDTH="156" HEIGHT="45" CONTENT="through" WC="0.90" CC="0300003"/>
						<SP ID="P5_SP01202" HPOS="1972" VPOS="2580" WIDTH="20"/>
						<String ID="word001232" HPOS="1993" VPOS="2545" WIDTH="44" HEIGHT="21" CONTENT="no" WC="1.00" CC="00"/>
						<SP ID="P5_SP01203" HPOS="2036" VPOS="2580" WIDTH="24"/>
						<String ID="word001233" HPOS="2060" VPOS="2533" WIDTH="109" HEIGHT="33" CONTENT="other" WC="1.00" CC="00000"/>
						<SP ID="P5_SP01204" HPOS="2169" VPOS="2580" WIDTH="26"/>
						<String ID="word001234" HPOS="2194" VPOS="2538" WIDTH="128" HEIGHT="38" CONTENT="person" WC="1.00" CC="000000"/>
						<SP ID="P5_SP01205" HPOS="2322" VPOS="2580" WIDTH="26"/>
						<String ID="word001235" HPOS="2348" VPOS="2528" WIDTH="65" HEIGHT="33" CONTENT="but" WC="1.00" CC="000"/>
						<SP ID="P5_SP01206" HPOS="2413" VPOS="2580" WIDTH="30"/>
						<String ID="word001236" HPOS="2443" VPOS="2525" WIDTH="53" HEIGHT="34" CONTENT="his" WC="0.96" CC="100"/>
						<SP ID="P5_SP01207" HPOS="2496" VPOS="2580" WIDTH="28"/>
						<String ID="word001237" HPOS="2524" VPOS="2520" WIDTH="123" HEIGHT="46" CONTENT="Royal" WC="0.95" CC="00011"/>
						<SP ID="P5_SP01208" HPOS="2647" VPOS="2580" WIDTH="32"/>
						<String ID="word001238" HPOS="2679" VPOS="2519" WIDTH="181" HEIGHT="44" CONTENT="Highness" WC="0.92" CC="40100001"/>
						<SP ID="P5_SP01209" HPOS="2859" VPOS="2580" WIDTH="18"/>
						<String ID="word001239" HPOS="2877" VPOS="2517" WIDTH="69" HEIGHT="33" CONTENT="him" SUBS_TYPE="HypPart1" SUBS_CONTENT="himself." WC="0.89" CC="002"/>
						<HYP HPOS="2946" VPOS="2517" WIDTH="22" CONTENT="-"/>
					</TextLine>
					<TextLine ID="P5_TL00120" HPOS="1659" VPOS="2564" WIDTH="1312" HEIGHT="56">
						<String ID="word001240" HPOS="1659" VPOS="2585" WIDTH="76" HEIGHT="34" CONTENT="self." SUBS_TYPE="HypPart2" SUBS_CONTENT="himself." WC="0.76" CC="51311"/>
						<SP ID="P5_SP01210" HPOS="1735" VPOS="2620" WIDTH="51"/>
						<String ID="word001241" HPOS="1786" VPOS="2585" WIDTH="90" HEIGHT="33" CONTENT="Mrs." WC="0.97" CC="0001"/>
						<SP ID="P5_SP01211" HPOS="1876" VPOS="2620" WIDTH="24"/>
						<String ID="word001242" HPOS="1899" VPOS="2582" WIDTH="138" HEIGHT="35" CONTENT="Clarke" WC="0.93" CC="101020"/>
						<SP ID="P5_SP01212" HPOS="2037" VPOS="2620" WIDTH="31"/>
						<String ID="word001243" HPOS="2068" VPOS="2580" WIDTH="80" HEIGHT="33" CONTENT="also" WC="1.00" CC="0000"/>
						<SP ID="P5_SP01213" HPOS="2148" VPOS="2620" WIDTH="15"/>
						<String ID="word001244" HPOS="2164" VPOS="2582" WIDTH="125" HEIGHT="35" CONTENT="states," WC="1.00" CC="0000000"/>
						<SP ID="P5_SP01214" HPOS="2289" VPOS="2620" WIDTH="25"/>
						<String ID="word001245" HPOS="2314" VPOS="2575" WIDTH="83" HEIGHT="32" CONTENT="that" WC="0.94" CC="0020"/>
						<SP ID="P5_SP01215" HPOS="2396" VPOS="2620" WIDTH="22"/>
						<String ID="word001246" HPOS="2419" VPOS="2572" WIDTH="63" HEIGHT="33" CONTENT="she" WC="0.96" CC="010"/>
						<SP ID="P5_SP01216" HPOS="2481" VPOS="2620" WIDTH="26"/>
						<String ID="word001247" HPOS="2507" VPOS="2568" WIDTH="148" HEIGHT="37" CONTENT="shewed" WC="0.98" CC="010000"/>
						<SP ID="P5_SP01217" HPOS="2655" VPOS="2620" WIDTH="30"/>
						<String ID="word001248" HPOS="2685" VPOS="2567" WIDTH="64" HEIGHT="34" CONTENT="the" WC="1.00" CC="000"/>
						<SP ID="P5_SP01218" HPOS="2748" VPOS="2620" WIDTH="22"/>
						<String ID="word001249" HPOS="2771" VPOS="2567" WIDTH="102" HEIGHT="33" CONTENT="VOW." WC="0.53" CC="5354"/>
						<SP ID="P5_SP01219" HPOS="2872" VPOS="2620" WIDTH="34"/>
						<String ID="word001250" HPOS="2907" VPOS="2564" WIDTH="64" HEIGHT="35" CONTENT="she" WC="0.89" CC="120"/>
						<SP ID="P5_SP01220" HPOS="2970" VPOS="2620" WIDTH="0"/>
					</TextLine>
					<TextLine ID="P5_TL00121" HPOS="1662" VPOS="2610" WIDTH="1310" HEIGHT="57">
						<String ID="word001251" HPOS="1662" VPOS="2634" WIDTH="67" HEIGHT="33" CONTENT="had" WC="0.74" CC="313"/>
						<SP ID="P5_SP01221" HPOS="1729" VPOS="2667" WIDTH="19"/>
						<String ID="word001252" HPOS="1748" VPOS="2630" WIDTH="164" HEIGHT="35" CONTENT="received" WC="1.00" CC="00000000"/>
						<SP ID="P5_SP01222" HPOS="1912" VPOS="2667" WIDTH="31"/>
						<String ID="word001253" HPOS="1943" VPOS="2629" WIDTH="92" HEIGHT="34" CONTENT="from" WC="1.00" CC="0000"/>
						<SP ID="P5_SP01223" HPOS="2035" VPOS="2667" WIDTH="17"/>
						<String ID="word001254" HPOS="2052" VPOS="2626" WIDTH="154" HEIGHT="38" CONTENT="Colonel" WC="1.00" CC="0000000"/>
						<SP ID="P5_SP01224" HPOS="2205" VPOS="2667" WIDTH="22"/>
						<String ID="word001255" HPOS="2228" VPOS="2621" WIDTH="142" HEIGHT="44" CONTENT="Knight" WC="0.98" CC="000100"/>
						<SP ID="P5_SP01225" HPOS="2369" VPOS="2667" WIDTH="28"/>
						<String ID="word001256" HPOS="2398" VPOS="2624" WIDTH="39" HEIGHT="27" CONTENT="to" WC="0.94" CC="01"/>
						<SP ID="P5_SP01226" HPOS="2437" VPOS="2667" WIDTH="33"/>
						<String ID="word001257" HPOS="2470" VPOS="2619" WIDTH="56" HEIGHT="33" CONTENT="his" WC="1.00" CC="000"/>
						<SP ID="P5_SP01227" HPOS="2525" VPOS="2667" WIDTH="19"/>
						<String ID="word001258" HPOS="2544" VPOS="2614" WIDTH="123" HEIGHT="45" CONTENT="Royal" WC="0.98" CC="00100"/>
						<SP ID="P5_SP01228" HPOS="2667" VPOS="2667" WIDTH="22"/>
						<String ID="word001259" HPOS="2689" VPOS="2613" WIDTH="194" HEIGHT="45" CONTENT="Highness.," WC="0.74" CC="6214211150"/>
						<SP ID="P5_SP01229" HPOS="2883" VPOS="2667" WIDTH="18"/>
						<String ID="word001260" HPOS="2901" VPOS="2610" WIDTH="71" HEIGHT="34" CONTENT="and" WC="0.96" CC="100"/>
						<SP ID="P5_SP01230" HPOS="2972" VPOS="2667" WIDTH="0"/>
					</TextLine>
					<TextLine ID="P5_TL00122" HPOS="1663" VPOS="2657" WIDTH="1308" HEIGHT="64">
						<String ID="word001261" HPOS="1663" VPOS="2681" WIDTH="78" HEIGHT="33" CONTENT="that" WC="1.00" CC="0000"/>
						<SP ID="P5_SP01231" HPOS="1741" VPOS="2714" WIDTH="18"/>
						<String ID="word001262" HPOS="1759" VPOS="2680" WIDTH="58" HEIGHT="32" CONTENT="the" WC="1.00" CC="000"/>
						<SP ID="P5_SP01232" HPOS="1817" VPOS="2714" WIDTH="15"/>
						<String ID="word001263" HPOS="1832" VPOS="2678" WIDTH="74" HEIGHT="43" CONTENT="day" WC="0.96" CC="010"/>
						<SP ID="P5_SP01233" HPOS="1906" VPOS="2720" WIDTH="19"/>
						<String ID="word001264" HPOS="1925" VPOS="2676" WIDTH="92" HEIGHT="35" CONTENT="after" WC="0.95" CC="10010"/>
						<SP ID="P5_SP01234" HPOS="2017" VPOS="2720" WIDTH="15"/>
						<String ID="word001265" HPOS="2033" VPOS="2675" WIDTH="64" HEIGHT="33" CONTENT="she" WC="1.00" CC="000"/>
						<SP ID="P5_SP01235" HPOS="2096" VPOS="2720" WIDTH="19"/>
						<String ID="word001266" HPOS="2115" VPOS="2670" WIDTH="165" HEIGHT="35" CONTENT="received" WC="0.99" CC="00010000"/>
						<SP ID="P5_SP01236" HPOS="2281" VPOS="2720" WIDTH="19"/>
						<String ID="word001267" HPOS="2300" VPOS="2670" WIDTH="43" HEIGHT="39" CONTENT="it," WC="1.00" CC="000"/>
						<SP ID="P5_SP01237" HPOS="2342" VPOS="2720" WIDTH="18"/>
						<String ID="word001268" HPOS="2360" VPOS="2667" WIDTH="61" HEIGHT="33" CONTENT="the" WC="1.00" CC="000"/>
						<SP ID="P5_SP01238" HPOS="2421" VPOS="2720" WIDTH="21"/>
						<String ID="word001269" HPOS="2443" VPOS="2665" WIDTH="111" HEIGHT="34" CONTENT="Duke" WC="0.94" CC="0002"/>
						<SP ID="P5_SP01239" HPOS="2554" VPOS="2720" WIDTH="27"/>
						<String ID="word001270" HPOS="2581" VPOS="2662" WIDTH="65" HEIGHT="34" CONTENT="left" WC="0.89" CC="1300"/>
						<SP ID="P5_SP01240" HPOS="2646" VPOS="2720" WIDTH="20"/>
						<String ID="word001271" HPOS="2666" VPOS="2668" WIDTH="65" HEIGHT="25" CONTENT="tow" WC="0.70" CC="017"/>
						<SP ID="P5_SP01241" HPOS="2731" VPOS="2720" WIDTH="12"/>
						<String ID="word001272" HPOS="2743" VPOS="2670" WIDTH="19" HEIGHT="22" CONTENT="n" WC="0.22" CC="7"/>
						<SP ID="P5_SP01242" HPOS="2761" VPOS="2720" WIDTH="25"/>
						<String ID="word001273" HPOS="2786" VPOS="2659" WIDTH="60" HEIGHT="32" CONTENT="for" WC="0.78" CC="141"/>
						<SP ID="P5_SP01243" HPOS="2846" VPOS="2720" WIDTH="15"/>
						<String ID="word001274" HPOS="2862" VPOS="2657" WIDTH="109" HEIGHT="46" CONTENT="Wey." WC="0.58" CC="4434"/>
						<SP ID="P5_SP01244" HPOS="2970" VPOS="2720" WIDTH="0"/>
					</TextLine>
					<TextLine ID="P5_TL00123" HPOS="1663" VPOS="2704" WIDTH="1292" HEIGHT="60">
						<String ID="word001275" HPOS="1663" VPOS="2728" WIDTH="136" HEIGHT="35" CONTENT="mouth." WC="0.98" CC="100000"/>
						<SP ID="P5_SP01245" HPOS="1799" VPOS="2764" WIDTH="56"/>
						<String ID="word001276" HPOS="1854" VPOS="2722" WIDTH="152" HEIGHT="37" CONTENT="Colonel" WC="0.98" CC="0010000"/>
						<SP ID="P5_SP01246" HPOS="2007" VPOS="2764" WIDTH="14"/>
						<String ID="word001277" HPOS="2021" VPOS="2722" WIDTH="151" HEIGHT="33" CONTENT="Gordon" WC="1.00" CC="000000"/>
						<SP ID="P5_SP01247" HPOS="2172" VPOS="2764" WIDTH="17"/>
						<String ID="word001278" HPOS="2189" VPOS="2713" WIDTH="262" HEIGHT="39" CONTENT="corroborated" WC="1.00" CC="000000000000"/>
						<SP ID="P5_SP01248" HPOS="2451" VPOS="2764" WIDTH="18"/>
						<String ID="word001279" HPOS="2469" VPOS="2712" WIDTH="53" HEIGHT="33" CONTENT="his" WC="1.00" CC="000"/>
						<SP ID="P5_SP01249" HPOS="2522" VPOS="2764" WIDTH="22"/>
						<String ID="word001280" HPOS="2544" VPOS="2709" WIDTH="122" HEIGHT="44" CONTENT="Royal" WC="0.89" CC="10301"/>
						<SP ID="P5_SP01250" HPOS="2666" VPOS="2764" WIDTH="19"/>
						<String ID="word001281" HPOS="2685" VPOS="2704" WIDTH="207" HEIGHT="43" CONTENT="Highness's" WC="0.69" CC="3013433353"/>
						<SP ID="P5_SP01251" HPOS="2891" VPOS="2764" WIDTH="17"/>
						<String ID="word001282" HPOS="2908" VPOS="2714" WIDTH="47" HEIGHT="33" CONTENT="go" WC="0.94" CC="10"/>
						<SP ID="P5_SP01252" HPOS="2955" VPOS="2764" WIDTH="0"/>
					</TextLine>
					<TextLine ID="P5_TL00124" HPOS="1665" VPOS="2751" WIDTH="1307" HEIGHT="69">
						<String ID="word001283" HPOS="1665" VPOS="2777" WIDTH="58" HEIGHT="43" CONTENT="ing" WC="0.93" CC="110"/>
						<SP ID="P5_SP01253" HPOS="1723" VPOS="2819" WIDTH="17"/>
						<String ID="word001284" HPOS="1740" VPOS="2779" WIDTH="61" HEIGHT="28" CONTENT="out" WC="1.00" CC="000"/>
						<SP ID="P5_SP01254" HPOS="1801" VPOS="2819" WIDTH="14"/>
						<String ID="word001285" HPOS="1815" VPOS="2771" WIDTH="41" HEIGHT="35" CONTENT="of" WC="1.00" CC="00"/>
						<SP ID="P5_SP01255" HPOS="1857" VPOS="2819" WIDTH="22"/>
						<String ID="word001286" HPOS="1879" VPOS="2777" WIDTH="100" HEIGHT="28" CONTENT="town" WC="1.00" CC="0000"/>
						<SP ID="P5_SP01256" HPOS="1980" VPOS="2819" WIDTH="18"/>
						<String ID="word001287" HPOS="1997" VPOS="2769" WIDTH="54" HEIGHT="33" CONTENT="for" WC="1.00" CC="000"/>
						<SP ID="P5_SP01257" HPOS="2052" VPOS="2819" WIDTH="20"/>
						<String ID="word001288" HPOS="2072" VPOS="2764" WIDTH="222" HEIGHT="46" CONTENT="Weymouth" WC="0.90" CC="10000015"/>
						<SP ID="P5_SP01258" HPOS="2294" VPOS="2819" WIDTH="34"/>
						<String ID="word001289" HPOS="2328" VPOS="2772" WIDTH="47" HEIGHT="24" CONTENT="on" WC="1.00" CC="00"/>
						<SP ID="P5_SP01259" HPOS="2375" VPOS="2819" WIDTH="28"/>
						<String ID="word001290" HPOS="2404" VPOS="2760" WIDTH="63" HEIGHT="33" CONTENT="the" WC="1.00" CC="000"/>
						<SP ID="P5_SP01260" HPOS="2466" VPOS="2819" WIDTH="27"/>
						<String ID="word001291" HPOS="2493" VPOS="2758" WIDTH="77" HEIGHT="34" CONTENT="31st" WC="0.78" CC="1340"/>
						<SP ID="P5_SP01261" HPOS="2570" VPOS="2819" WIDTH="35"/>
						<String ID="word001292" HPOS="2606" VPOS="2756" WIDTH="41" HEIGHT="34" CONTENT="of" WC="0.94" CC="01"/>
						<SP ID="P5_SP01262" HPOS="2647" VPOS="2819" WIDTH="30"/>
						<String ID="word001293" HPOS="2676" VPOS="2756" WIDTH="106" HEIGHT="41" CONTENT="July." WC="0.69" CC="52322"/>
						<SP ID="P5_SP01263" HPOS="2783" VPOS="2819" WIDTH="48"/>
						<String ID="word001294" HPOS="2831" VPOS="2752" WIDTH="72" HEIGHT="33" CONTENT="Mr." WC="0.96" CC="100"/>
						<SP ID="P5_SP01264" HPOS="2903" VPOS="2819" WIDTH="21"/>
						<String ID="word001295" HPOS="2924" VPOS="2751" WIDTH="47" HEIGHT="38" CONTENT="It." WC="0.78" CC="312"/>
						<SP ID="P5_SP01265" HPOS="2972" VPOS="2819" WIDTH="0"/>
					</TextLine>
					<TextLine ID="P5_TL00125" HPOS="1665" VPOS="2798" WIDTH="1305" HEIGHT="68">
						<String ID="word001296" HPOS="1665" VPOS="2822" WIDTH="141" HEIGHT="44" CONTENT="Knight" WC="0.98" CC="000100"/>
						<SP ID="P5_SP01266" HPOS="1806" VPOS="2865" WIDTH="28"/>
						<String ID="word001297" HPOS="1834" VPOS="2819" WIDTH="119" HEIGHT="45" CONTENT="spoke" WC="1.00" CC="00000"/>
						<SP ID="P5_SP01267" HPOS="1954" VPOS="2865" WIDTH="17"/>
						<String ID="word001298" HPOS="1970" VPOS="2816" WIDTH="41" HEIGHT="33" CONTENT="of" WC="1.00" CC="00"/>
						<SP ID="P5_SP01268" HPOS="2011" VPOS="2865" WIDTH="21"/>
						<String ID="word001299" HPOS="2033" VPOS="2816" WIDTH="53" HEIGHT="33" CONTENT="his" WC="0.89" CC="300"/>
						<SP ID="P5_SP01269" HPOS="2086" VPOS="2865" WIDTH="31"/>
						<String ID="word001300" HPOS="2117" VPOS="2815" WIDTH="132" HEIGHT="40" CONTENT="having" WC="0.98" CC="000010"/>
						<SP ID="P5_SP01270" HPOS="2249" VPOS="2865" WIDTH="31"/>
						<String ID="word001301" HPOS="2280" VPOS="2807" WIDTH="87" HEIGHT="46" CONTENT="paid" WC="1.00" CC="0000"/>
						<SP ID="P5_SP01271" HPOS="2367" VPOS="2865" WIDTH="30"/>
						<String ID="word001302" HPOS="2396" VPOS="2807" WIDTH="63" HEIGHT="33" CONTENT="the" WC="0.96" CC="001"/>
						<SP ID="P5_SP01272" HPOS="2459" VPOS="2865" WIDTH="32"/>
						<String ID="word001303" HPOS="2491" VPOS="2806" WIDTH="99" HEIGHT="32" CONTENT="'IOW." WC="0.29" CC="78575"/>
						<SP ID="P5_SP01273" HPOS="2590" VPOS="2865" WIDTH="19"/>
						<String ID="word001304" HPOS="2609" VPOS="2802" WIDTH="104" HEIGHT="43" CONTENT="early" WC="0.98" CC="01000"/>
						<SP ID="P5_SP01274" HPOS="2713" VPOS="2865" WIDTH="20"/>
						<String ID="word001305" HPOS="2733" VPOS="2811" WIDTH="43" HEIGHT="22" CONTENT="on" WC="0.89" CC="11"/>
						<SP ID="P5_SP01275" HPOS="2776" VPOS="2865" WIDTH="39"/>
						<String ID="word001306" HPOS="2815" VPOS="2799" WIDTH="58" HEIGHT="33" CONTENT="the" WC="1.00" CC="000"/>
						<SP ID="P5_SP01276" HPOS="2872" VPOS="2865" WIDTH="26"/>
						<String ID="word001307" HPOS="2898" VPOS="2798" WIDTH="72" HEIGHT="44" CONTENT="day" WC="0.93" CC="110"/>
						<SP ID="P5_SP01277" HPOS="2970" VPOS="2865" WIDTH="0"/>
					</TextLine>
					<TextLine ID="P5_TL00126" HPOS="1663" VPOS="2846" WIDTH="1313" HEIGHT="58">
						<String ID="word001308" HPOS="1663" VPOS="2869" WIDTH="94" HEIGHT="35" CONTENT="after" WC="1.00" CC="00000"/>
						<SP ID="P5_SP01278" HPOS="1757" VPOS="2904" WIDTH="19"/>
						<String ID="word001309" HPOS="1776" VPOS="2868" WIDTH="52" HEIGHT="34" CONTENT="his" WC="1.00" CC="000"/>
						<SP ID="P5_SP01279" HPOS="1828" VPOS="2904" WIDTH="18"/>
						<String ID="word001310" HPOS="1846" VPOS="2867" WIDTH="152" HEIGHT="33" CONTENT="brother" WC="1.00" CC="0000000"/>
						<SP ID="P5_SP01280" HPOS="1998" VPOS="2904" WIDTH="19"/>
						<String ID="word001311" HPOS="2017" VPOS="2863" WIDTH="67" HEIGHT="33" CONTENT="had" WC="0.96" CC="010"/>
						<SP ID="P5_SP01281" HPOS="2085" VPOS="2904" WIDTH="20"/>
						<String ID="word001312" HPOS="2105" VPOS="2863" WIDTH="90" HEIGHT="31" CONTENT="been" WC="1.00" CC="0000"/>
						<SP ID="P5_SP01282" HPOS="2194" VPOS="2904" WIDTH="13"/>
						<String ID="word001313" HPOS="2207" VPOS="2855" WIDTH="187" HEIGHT="47" CONTENT="gazetted." WC="1.00" CC="000000000"/>
						<SP ID="P5_SP01283" HPOS="2394" VPOS="2904" WIDTH="54"/>
						<String ID="word001314" HPOS="2448" VPOS="2854" WIDTH="89" HEIGHT="34" CONTENT="Mrs," WC="0.75" CC="3213"/>
						<SP ID="P5_SP01284" HPOS="2537" VPOS="2904" WIDTH="27"/>
						<String ID="word001315" HPOS="2564" VPOS="2850" WIDTH="132" HEIGHT="34" CONTENT="Clarke" WC="0.63" CC="331337"/>
						<SP ID="P5_SP01285" HPOS="2696" VPOS="2904" WIDTH="24"/>
						<String ID="word001316" HPOS="2720" VPOS="2846" WIDTH="142" HEIGHT="33" CONTENT="further" WC="0.73" CC="1341332"/>
						<SP ID="P5_SP01286" HPOS="2862" VPOS="2904" WIDTH="18"/>
						<String ID="word001317" HPOS="2880" VPOS="2855" WIDTH="64" HEIGHT="33" CONTENT=";IyF" WC="0.13" CC="8788"/>
						<String ID="word001318" HPOS="2943" VPOS="2855" WIDTH="15" HEIGHT="33" CONTENT="i" STYLE="subscript" WC="0.13" CC="8"/>
						<String ID="word001319" HPOS="2959" VPOS="2855" WIDTH="17" HEIGHT="33" CONTENT="," WC="0.13" CC="8"/>
						<SP ID="P5_SP01287" HPOS="2975" VPOS="2904" WIDTH="0"/>
					</TextLine>
					<TextLine ID="P5_TL00127" HPOS="1667" VPOS="2890" WIDTH="1309" HEIGHT="62">
						<String ID="word001320" HPOS="1667" VPOS="2919" WIDTH="77" HEIGHT="32" CONTENT="that" WC="0.97" CC="0010"/>
						<SP ID="P5_SP01288" HPOS="1743" VPOS="2950" WIDTH="19"/>
						<String ID="word001321" HPOS="1762" VPOS="2917" WIDTH="58" HEIGHT="33" CONTENT="the" WC="0.96" CC="001"/>
						<SP ID="P5_SP01289" HPOS="1820" VPOS="2950" WIDTH="28"/>
						<String ID="word001322" HPOS="1848" VPOS="2919" WIDTH="85" HEIGHT="28" CONTENT="note" WC="1.00" CC="0000"/>
						<SP ID="P5_SP01290" HPOS="1933" VPOS="2950" WIDTH="21"/>
						<String ID="word001323" HPOS="1955" VPOS="2921" WIDTH="71" HEIGHT="24" CONTENT="was" WC="1.00" CC="000"/>
						<SP ID="P5_SP01291" HPOS="2026" VPOS="2950" WIDTH="18"/>
						<String ID="word001324" HPOS="2043" VPOS="2907" WIDTH="164" HEIGHT="45" CONTENT="changed" WC="0.97" CC="0000110"/>
						<SP ID="P5_SP01292" HPOS="2207" VPOS="2952" WIDTH="18"/>
						<String ID="word001325" HPOS="2225" VPOS="2907" WIDTH="47" HEIGHT="43" CONTENT="by" WC="1.00" CC="00"/>
						<SP ID="P5_SP01293" HPOS="2272" VPOS="2952" WIDTH="20"/>
						<String ID="word001326" HPOS="2293" VPOS="2913" WIDTH="65" HEIGHT="25" CONTENT="one" WC="0.93" CC="002"/>
						<SP ID="P5_SP01294" HPOS="2357" VPOS="2952" WIDTH="18"/>
						<String ID="word001327" HPOS="2375" VPOS="2900" WIDTH="44" HEIGHT="34" CONTENT="of" WC="1.00" CC="00"/>
						<SP ID="P5_SP01295" HPOS="2419" VPOS="2952" WIDTH="20"/>
						<String ID="word001328" HPOS="2439" VPOS="2900" WIDTH="61" HEIGHT="34" CONTENT="the" WC="0.93" CC="002"/>
						<SP ID="P5_SP01296" HPOS="2500" VPOS="2952" WIDTH="27"/>
						<String ID="word001329" HPOS="2528" VPOS="2902" WIDTH="158" HEIGHT="30" CONTENT="-ersaats" WC="0.46" CC="64484733"/>
						<SP ID="P5_SP01297" HPOS="2686" VPOS="2952" WIDTH="18"/>
						<String ID="word001330" HPOS="2704" VPOS="2895" WIDTH="40" HEIGHT="32" CONTENT="of" WC="0.61" CC="34"/>
						<SP ID="P5_SP01298" HPOS="2744" VPOS="2952" WIDTH="31"/>
						<String ID="word001331" HPOS="2774" VPOS="2896" WIDTH="53" HEIGHT="30" CONTENT="his" WC="0.63" CC="334"/>
						<SP ID="P5_SP01299" HPOS="2828" VPOS="2952" WIDTH="25"/>
						<String ID="word001332" HPOS="2852" VPOS="2893" WIDTH="73" HEIGHT="43" CONTENT="Rim)" WC="0.28" CC="6767"/>
						<SP ID="P5_SP01300" HPOS="2926" VPOS="2952" WIDTH="12"/>
						<String ID="word001333" HPOS="2937" VPOS="2890" WIDTH="38" HEIGHT="35" CONTENT="at" WC="0.67" CC="15"/>
						<SP ID="P5_SP01301" HPOS="2975" VPOS="2952" WIDTH="0"/>
					</TextLine>
					<TextLine ID="P5_TL00128" HPOS="1669" VPOS="2939" WIDTH="1309" HEIGHT="67">
						<String ID="word001334" HPOS="1669" VPOS="2965" WIDTH="200" HEIGHT="41" CONTENT="Highness;" WC="0.96" CC="102000000"/>
						<SP ID="P5_SP01302" HPOS="1869" VPOS="3006" WIDTH="26"/>
						<String ID="word001335" HPOS="1894" VPOS="2959" WIDTH="71" HEIGHT="35" CONTENT="and" WC="1.00" CC="000"/>
						<SP ID="P5_SP01303" HPOS="1965" VPOS="3006" WIDTH="20"/>
						<String ID="word001336" HPOS="1985" VPOS="2959" WIDTH="175" HEIGHT="39" CONTENT="Pearson," WC="0.79" CC="33003330"/>
						<SP ID="P5_SP01304" HPOS="2160" VPOS="3006" WIDTH="21"/>
						<String ID="word001337" HPOS="2181" VPOS="2953" WIDTH="87" HEIGHT="34" CONTENT="Mrs." WC="0.92" CC="0003"/>
						<SP ID="P5_SP01305" HPOS="2269" VPOS="3006" WIDTH="17"/>
						<String ID="word001338" HPOS="2285" VPOS="2944" WIDTH="169" HEIGHT="41" CONTENT="Clarke's" WC="1.00" CC="00000000"/>
						<SP ID="P5_SP01306" HPOS="2454" VPOS="3006" WIDTH="18"/>
						<String ID="word001339" HPOS="2472" VPOS="2946" WIDTH="133" HEIGHT="38" CONTENT="butler," WC="0.81" CC="5060100"/>
						<SP ID="P5_SP01307" HPOS="2606" VPOS="3006" WIDTH="25"/>
						<String ID="word001340" HPOS="2630" VPOS="2952" WIDTH="107" HEIGHT="25" CONTENT="states" WC="0.94" CC="101100"/>
						<SP ID="P5_SP01308" HPOS="2738" VPOS="3006" WIDTH="19"/>
						<String ID="word001341" HPOS="2757" VPOS="2939" WIDTH="221" HEIGHT="45" CONTENT="positively," WC="0.79" CC="12210053025"/>
						<SP ID="P5_SP01309" HPOS="2978" VPOS="3006" WIDTH="0"/>
					</TextLine>
					<TextLine ID="P5_TL00129" HPOS="1669" VPOS="2987" WIDTH="1310" HEIGHT="63">
						<String ID="word001342" HPOS="1669" VPOS="3012" WIDTH="76" HEIGHT="32" CONTENT="that" WC="0.86" CC="1022"/>
						<SP ID="P5_SP01310" HPOS="1744" VPOS="3044" WIDTH="13"/>
						<String ID="word001343" HPOS="1757" VPOS="3020" WIDTH="46" HEIGHT="24" CONTENT="on" WC="1.00" CC="00"/>
						<SP ID="P5_SP01311" HPOS="1804" VPOS="3044" WIDTH="17"/>
						<String ID="word001344" HPOS="1820" VPOS="3009" WIDTH="61" HEIGHT="32" CONTENT="the" WC="1.00" CC="000"/>
						<SP ID="P5_SP01312" HPOS="1881" VPOS="3044" WIDTH="19"/>
						<String ID="word001345" HPOS="1900" VPOS="3005" WIDTH="102" HEIGHT="45" CONTENT="night" WC="1.00" CC="00000"/>
						<SP ID="P5_SP01313" HPOS="2002" VPOS="3050" WIDTH="17"/>
						<String ID="word001346" HPOS="2019" VPOS="3004" WIDTH="129" HEIGHT="34" CONTENT="before" WC="1.00" CC="000000"/>
						<SP ID="P5_SP01314" HPOS="2147" VPOS="3050" WIDTH="33"/>
						<String ID="word001347" HPOS="2180" VPOS="3001" WIDTH="53" HEIGHT="32" CONTENT="his" WC="0.96" CC="100"/>
						<SP ID="P5_SP01315" HPOS="2233" VPOS="3050" WIDTH="31"/>
						<String ID="word001348" HPOS="2264" VPOS="2996" WIDTH="119" HEIGHT="41" CONTENT="Royal" WC="1.00" CC="00000"/>
						<SP ID="P5_SP01316" HPOS="2383" VPOS="3050" WIDTH="22"/>
						<String ID="word001349" HPOS="2406" VPOS="2993" WIDTH="181" HEIGHT="45" CONTENT="Highness" WC="0.85" CC="30003311"/>
						<SP ID="P5_SP01317" HPOS="2587" VPOS="3050" WIDTH="22"/>
						<String ID="word001350" HPOS="2609" VPOS="2999" WIDTH="92" HEIGHT="24" CONTENT="went" WC="0.89" CC="4000"/>
						<SP ID="P5_SP01318" HPOS="2701" VPOS="3050" WIDTH="18"/>
						<String ID="word001351" HPOS="2719" VPOS="2995" WIDTH="63" HEIGHT="25" CONTENT="out" WC="0.93" CC="011"/>
						<SP ID="P5_SP01319" HPOS="2781" VPOS="3050" WIDTH="25"/>
						<String ID="word001352" HPOS="2806" VPOS="2987" WIDTH="40" HEIGHT="31" CONTENT="of" WC="0.94" CC="01"/>
						<SP ID="P5_SP01320" HPOS="2846" VPOS="3050" WIDTH="17"/>
						<String ID="word001353" HPOS="2863" VPOS="2992" WIDTH="116" HEIGHT="35" CONTENT="town," WC="0.82" CC="10421"/>
						<SP ID="P5_SP01321" HPOS="2979" VPOS="3050" WIDTH="0"/>
					</TextLine>
					<TextLine ID="P5_TL00130" HPOS="1667" VPOS="3031" WIDTH="1317" HEIGHT="61">
						<String ID="word001354" HPOS="1667" VPOS="3059" WIDTH="60" HEIGHT="33" CONTENT="she" WC="0.89" CC="201"/>
						<SP ID="P5_SP01322" HPOS="1727" VPOS="3092" WIDTH="20"/>
						<String ID="word001355" HPOS="1747" VPOS="3056" WIDTH="163" HEIGHT="35" CONTENT="received" WC="0.99" CC="00100000"/>
						<SP ID="P5_SP01323" HPOS="1910" VPOS="3092" WIDTH="18"/>
						<String ID="word001356" HPOS="1928" VPOS="3065" WIDTH="25" HEIGHT="21" CONTENT="a" WC="0.89" CC="1"/>
						<SP ID="P5_SP01324" HPOS="1952" VPOS="3092" WIDTH="14"/>
						<String ID="word001357" HPOS="1967" VPOS="3057" WIDTH="97" HEIGHT="35" CONTENT="note," WC="0.95" CC="10001"/>
						<SP ID="P5_SP01325" HPOS="2063" VPOS="3092" WIDTH="20"/>
						<String ID="word001358" HPOS="2083" VPOS="3048" WIDTH="122" HEIGHT="34" CONTENT="which" WC="1.00" CC="00000"/>
						<SP ID="P5_SP01326" HPOS="2205" VPOS="3092" WIDTH="19"/>
						<String ID="word001359" HPOS="2224" VPOS="3057" WIDTH="74" HEIGHT="22" CONTENT="was" WC="1.00" CC="000"/>
						<SP ID="P5_SP01327" HPOS="2298" VPOS="3092" WIDTH="13"/>
						<String ID="word001360" HPOS="2311" VPOS="3043" WIDTH="162" HEIGHT="44" CONTENT="changed" WC="1.00" CC="0000000"/>
						<SP ID="P5_SP01328" HPOS="2473" VPOS="3092" WIDTH="15"/>
						<String ID="word001361" HPOS="2489" VPOS="3046" WIDTH="37" HEIGHT="27" CONTENT="at" WC="1.00" CC="00"/>
						<SP ID="P5_SP01329" HPOS="2525" VPOS="3092" WIDTH="18"/>
						<String ID="word001362" HPOS="2543" VPOS="3040" WIDTH="86" HEIGHT="32" CONTENT="Mrs." WC="0.94" CC="1010"/>
						<SP ID="P5_SP01330" HPOS="2629" VPOS="3092" WIDTH="15"/>
						<String ID="word001363" HPOS="2644" VPOS="3031" WIDTH="261" HEIGHT="48" CONTENT="Bridgeroates," WC="0.51" CC="3333337837833"/>
						<SP ID="P5_SP01331" HPOS="2906" VPOS="3092" WIDTH="13"/>
						<String ID="word001364" HPOS="2919" VPOS="3032" WIDTH="65" HEIGHT="33" CONTENT="the" WC="1.00" CC="000"/>
						<SP ID="P5_SP01332" HPOS="2983" VPOS="3092" WIDTH="0"/>
					</TextLine>
					<TextLine ID="P5_TL00131" HPOS="1671" VPOS="3080" WIDTH="1257" HEIGHT="70">
						<String ID="word001365" HPOS="1671" VPOS="3100" WIDTH="286" HEIGHT="50" CONTENT="pastry-cook's," WC="0.92" CC="00000242000020"/>
						<SP ID="P5_SP01333" HPOS="1957" VPOS="3150" WIDTH="22"/>
						<String ID="word001366" HPOS="1980" VPOS="3099" WIDTH="66" HEIGHT="34" CONTENT="and" WC="0.96" CC="010"/>
						<SP ID="P5_SP01334" HPOS="2046" VPOS="3150" WIDTH="30"/>
						<String ID="word001367" HPOS="2075" VPOS="3097" WIDTH="91" HEIGHT="33" CONTENT="Mrs." WC="0.97" CC="0010"/>
						<SP ID="P5_SP01335" HPOS="2166" VPOS="3150" WIDTH="27"/>
						<String ID="word001368" HPOS="2193" VPOS="3094" WIDTH="132" HEIGHT="41" CONTENT="Bridge" WC="0.72" CC="332223"/>
						<SP ID="P5_SP01336" HPOS="2326" VPOS="3150" WIDTH="6"/>
						<String ID="word001369" HPOS="2331" VPOS="3100" WIDTH="80" HEIGHT="22" CONTENT="titan" WC="0.62" CC="33722"/>
						<SP ID="P5_SP01337" HPOS="2412" VPOS="3150" WIDTH="28"/>
						<String ID="word001370" HPOS="2440" VPOS="3083" WIDTH="268" HEIGHT="39" CONTENT="corroborated" WC="0.99" CC="000000000100"/>
						<SP ID="P5_SP01338" HPOS="2708" VPOS="3150" WIDTH="27"/>
						<String ID="word001371" HPOS="2735" VPOS="3081" WIDTH="72" HEIGHT="33" CONTENT="this" WC="0.83" CC="2211"/>
						<SP ID="P5_SP01339" HPOS="2807" VPOS="3150" WIDTH="32"/>
						<String ID="word001372" HPOS="2839" VPOS="3080" WIDTH="89" HEIGHT="33" CONTENT="fact." WC="0.87" CC="01113"/>
						<SP ID="P5_SP01340" HPOS="2928" VPOS="3150" WIDTH="0"/>
					</TextLine>
					<TextLine ID="P5_TL00132" HPOS="1671" VPOS="3128" WIDTH="1314" HEIGHT="67">
						<String ID="word001373" HPOS="1671" VPOS="3154" WIDTH="116" HEIGHT="34" CONTENT="There" WC="0.95" CC="20000"/>
						<SP ID="P5_SP01341" HPOS="1787" VPOS="3188" WIDTH="9"/>
						<String ID="word001374" HPOS="1796" VPOS="3146" WIDTH="189" HEIGHT="48" CONTENT="appeared" WC="1.00" CC="00000000"/>
						<SP ID="P5_SP01342" HPOS="1985" VPOS="3195" WIDTH="12"/>
						<String ID="word001375" HPOS="1997" VPOS="3157" WIDTH="21" HEIGHT="22" CONTENT="a" WC="1.00" CC="0"/>
						<SP ID="P5_SP01343" HPOS="2019" VPOS="3195" WIDTH="13"/>
						<String ID="word001376" HPOS="2031" VPOS="3149" WIDTH="102" HEIGHT="39" CONTENT="great" WC="1.00" CC="00000"/>
						<SP ID="P5_SP01344" HPOS="2133" VPOS="3195" WIDTH="18"/>
						<String ID="word001377" HPOS="2151" VPOS="3141" WIDTH="185" HEIGHT="37" CONTENT="confusion" WC="0.99" CC="000001000"/>
						<SP ID="P5_SP01345" HPOS="2336" VPOS="3195" WIDTH="15"/>
						<String ID="word001378" HPOS="2352" VPOS="3138" WIDTH="35" HEIGHT="32" CONTENT="in" WC="0.94" CC="10"/>
						<SP ID="P5_SP01346" HPOS="2387" VPOS="3195" WIDTH="17"/>
						<String ID="word001379" HPOS="2404" VPOS="3141" WIDTH="81" HEIGHT="40" CONTENT="part" WC="1.00" CC="0000"/>
						<SP ID="P5_SP01347" HPOS="2485" VPOS="3195" WIDTH="17"/>
						<String ID="word001380" HPOS="2502" VPOS="3133" WIDTH="44" HEIGHT="33" CONTENT="of" WC="1.00" CC="00"/>
						<SP ID="P5_SP01348" HPOS="2545" VPOS="3195" WIDTH="11"/>
						<String ID="word001381" HPOS="2556" VPOS="3128" WIDTH="191" HEIGHT="39" CONTENT="Pearson's" WC="0.97" CC="100000001"/>
						<SP ID="P5_SP01349" HPOS="2747" VPOS="3195" WIDTH="22"/>
						<String ID="word001382" HPOS="2770" VPOS="3128" WIDTH="215" HEIGHT="41" CONTENT="testimony," WC="0.87" CC="0110314002"/>
						<SP ID="P5_SP01350" HPOS="2985" VPOS="3195" WIDTH="0"/>
					</TextLine>
					<TextLine ID="P5_TL00133" HPOS="1676" VPOS="3175" WIDTH="1311" HEIGHT="58">
						<String ID="word001383" HPOS="1676" VPOS="3204" WIDTH="115" HEIGHT="28" CONTENT="where" WC="0.91" CC="03100"/>
						<SP ID="P5_SP01351" HPOS="1791" VPOS="3233" WIDTH="13"/>
						<String ID="word001384" HPOS="1804" VPOS="3197" WIDTH="53" HEIGHT="33" CONTENT="his" WC="1.00" CC="000"/>
						<SP ID="P5_SP01352" HPOS="1857" VPOS="3233" WIDTH="20"/>
						<String ID="word001385" HPOS="1877" VPOS="3193" WIDTH="235" HEIGHT="37" CONTENT="recollection" WC="0.96" CC="000010111000"/>
						<SP ID="P5_SP01353" HPOS="2112" VPOS="3233" WIDTH="17"/>
						<String ID="word001386" HPOS="2128" VPOS="3200" WIDTH="73" HEIGHT="24" CONTENT="was" WC="0.93" CC="011"/>
						<SP ID="P5_SP01354" HPOS="2202" VPOS="3233" WIDTH="17"/>
						<String ID="word001387" HPOS="2218" VPOS="3185" WIDTH="216" HEIGHT="46" CONTENT="imperfect;" WC="0.93" CC="0001000122"/>
						<SP ID="P5_SP01355" HPOS="2434" VPOS="3233" WIDTH="27"/>
						<String ID="word001388" HPOS="2461" VPOS="3182" WIDTH="60" HEIGHT="32" CONTENT="but" WC="1.00" CC="000"/>
						<SP ID="P5_SP01356" HPOS="2522" VPOS="3233" WIDTH="19"/>
						<String ID="word001389" HPOS="2541" VPOS="3180" WIDTH="97" HEIGHT="33" CONTENT="from" WC="1.00" CC="0000"/>
						<SP ID="P5_SP01357" HPOS="2637" VPOS="3233" WIDTH="20"/>
						<String ID="word001390" HPOS="2657" VPOS="3177" WIDTH="61" HEIGHT="33" CONTENT="the" WC="1.00" CC="000"/>
						<SP ID="P5_SP01358" HPOS="2719" VPOS="3233" WIDTH="19"/>
						<String ID="word001391" HPOS="2738" VPOS="3175" WIDTH="161" HEIGHT="45" CONTENT="positive" WC="0.99" CC="10000000"/>
						<SP ID="P5_SP01359" HPOS="2898" VPOS="3233" WIDTH="19"/>
						<String ID="word001392" HPOS="2917" VPOS="3178" WIDTH="53" HEIGHT="30" CONTENT="tes" SUBS_TYPE="HypPart1" SUBS_CONTENT="testimony" WC="0.97" CC="000"/>
						<HYP HPOS="2970" VPOS="3178" WIDTH="17" CONTENT="-"/>
					</TextLine>
					<TextLine ID="P5_TL00134" HPOS="1675" VPOS="3220" WIDTH="1312" HEIGHT="61">
						<String ID="word001393" HPOS="1675" VPOS="3249" WIDTH="133" HEIGHT="32" CONTENT="timony" SUBS_TYPE="HypPart2" SUBS_CONTENT="testimony" WC="0.83" CC="113211"/>
						<SP ID="P5_SP01360" HPOS="1808" VPOS="3281" WIDTH="17"/>
						<String ID="word001394" HPOS="1825" VPOS="3244" WIDTH="44" HEIGHT="33" CONTENT="of" WC="1.00" CC="00"/>
						<SP ID="P5_SP01361" HPOS="1869" VPOS="3281" WIDTH="13"/>
						<String ID="word001395" HPOS="1881" VPOS="3239" WIDTH="92" HEIGHT="40" CONTENT="Mrs." WC="0.58" CC="3334"/>
						<SP ID="P5_SP01362" HPOS="1974" VPOS="3281" WIDTH="0"/>
						<String ID="word001396" HPOS="1974" VPOS="3239" WIDTH="162" HEIGHT="40" CONTENT="Clarke," WC="0.58" CC="7533340"/>
						<SP ID="P5_SP01363" HPOS="2135" VPOS="3281" WIDTH="11"/>
						<String ID="word001397" HPOS="2146" VPOS="3237" WIDTH="69" HEIGHT="33" CONTENT="and" WC="0.89" CC="111"/>
						<SP ID="P5_SP01364" HPOS="2215" VPOS="3281" WIDTH="14"/>
						<String ID="word001398" HPOS="2229" VPOS="3234" WIDTH="91" HEIGHT="34" CONTENT="from" WC="0.94" CC="1010"/>
						<SP ID="P5_SP01365" HPOS="2320" VPOS="3281" WIDTH="19"/>
						<String ID="word001399" HPOS="2339" VPOS="3231" WIDTH="60" HEIGHT="33" CONTENT="the" WC="0.89" CC="030"/>
						<SP ID="P5_SP01366" HPOS="2399" VPOS="3281" WIDTH="13"/>
						<String ID="word001400" HPOS="2412" VPOS="3226" WIDTH="233" HEIGHT="37" CONTENT="recollection" WC="0.97" CC="001000010100"/>
						<SP ID="P5_SP01367" HPOS="2644" VPOS="3281" WIDTH="20"/>
						<String ID="word001401" HPOS="2665" VPOS="3223" WIDTH="40" HEIGHT="34" CONTENT="•,f" WC="0.67" CC="441"/>
						<SP ID="P5_SP01368" HPOS="2705" VPOS="3281" WIDTH="17"/>
						<String ID="word001402" HPOS="2721" VPOS="3223" WIDTH="90" HEIGHT="33" CONTENT="Mrs." WC="0.67" CC="0048"/>
						<SP ID="P5_SP01369" HPOS="2811" VPOS="3281" WIDTH="24"/>
						<String ID="word001403" HPOS="2835" VPOS="3220" WIDTH="131" HEIGHT="45" CONTENT="Bridge" SUBS_TYPE="HypPart1" SUBS_CONTENT="Bridgeman," WC="0.94" CC="100002"/>
						<HYP HPOS="2966" VPOS="3220" WIDTH="21" CONTENT="-"/>
					</TextLine>
					<TextLine ID="P5_TL00135" HPOS="1676" VPOS="3268" WIDTH="1311" HEIGHT="68">
						<String ID="word001404" HPOS="1676" VPOS="3304" WIDTH="92" HEIGHT="32" CONTENT="man," SUBS_TYPE="HypPart2" SUBS_CONTENT="Bridgeman," WC="0.89" CC="4000"/>
						<SP ID="P5_SP01370" HPOS="1768" VPOS="3335" WIDTH="17"/>
						<String ID="word001405" HPOS="1785" VPOS="3292" WIDTH="79" HEIGHT="34" CONTENT="that" WC="1.00" CC="0000"/>
						<SP ID="P5_SP01371" HPOS="1864" VPOS="3335" WIDTH="18"/>
						<String ID="word001406" HPOS="1881" VPOS="3291" WIDTH="63" HEIGHT="33" CONTENT="the" WC="1.00" CC="000"/>
						<SP ID="P5_SP01372" HPOS="1944" VPOS="3335" WIDTH="19"/>
						<String ID="word001407" HPOS="1963" VPOS="3298" WIDTH="77" HEIGHT="24" CONTENT="man" WC="0.85" CC="301"/>
						<SP ID="P5_SP01373" HPOS="2040" VPOS="3335" WIDTH="20"/>
						<String ID="word001408" HPOS="2060" VPOS="3295" WIDTH="102" HEIGHT="25" CONTENT="came" WC="0.83" CC="1050"/>
						<SP ID="P5_SP01374" HPOS="2161" VPOS="3335" WIDTH="19"/>
						<String ID="word001409" HPOS="2180" VPOS="3291" WIDTH="35" HEIGHT="26" CONTENT="to" WC="0.94" CC="10"/>
						<SP ID="P5_SP01375" HPOS="2216" VPOS="3335" WIDTH="19"/>
						<String ID="word001410" HPOS="2235" VPOS="3282" WIDTH="64" HEIGHT="31" CONTENT="her" WC="0.96" CC="100"/>
						<SP ID="P5_SP01376" HPOS="2298" VPOS="3335" WIDTH="17"/>
						<String ID="word001411" HPOS="2315" VPOS="3288" WIDTH="38" HEIGHT="25" CONTENT="to" WC="1.00" CC="00"/>
						<SP ID="P5_SP01377" HPOS="2353" VPOS="3335" WIDTH="14"/>
						<String ID="word001412" HPOS="2367" VPOS="3281" WIDTH="61" HEIGHT="40" CONTENT="get" WC="0.81" CC="500"/>
						<SP ID="P5_SP01378" HPOS="2428" VPOS="3335" WIDTH="14"/>
						<String ID="word001413" HPOS="2443" VPOS="3276" WIDTH="59" HEIGHT="34" CONTENT="the" WC="0.96" CC="001"/>
						<SP ID="P5_SP01379" HPOS="2502" VPOS="3335" WIDTH="18"/>
						<String ID="word001414" HPOS="2519" VPOS="3276" WIDTH="157" HEIGHT="39" CONTENT="change," WC="0.92" CC="1301000"/>
						<SP ID="P5_SP01380" HPOS="2676" VPOS="3335" WIDTH="32"/>
						<String ID="word001415" HPOS="2708" VPOS="3270" WIDTH="15" HEIGHT="33" CONTENT="I" WC="0.89" CC="1"/>
						<SP ID="P5_SP01381" HPOS="2724" VPOS="3335" WIDTH="20"/>
						<String ID="word001416" HPOS="2744" VPOS="3269" WIDTH="47" HEIGHT="33" CONTENT="do" WC="0.94" CC="01"/>
						<SP ID="P5_SP01382" HPOS="2791" VPOS="3335" WIDTH="18"/>
						<String ID="word001417" HPOS="2809" VPOS="3268" WIDTH="77" HEIGHT="33" CONTENT="still" WC="0.64" CC="60334"/>
						<SP ID="P5_SP01383" HPOS="2885" VPOS="3335" WIDTH="19"/>
						<String ID="word001418" HPOS="2904" VPOS="3278" WIDTH="83" HEIGHT="32" CONTENT="say," WC="0.97" CC="0100"/>
						<SP ID="P5_SP01384" HPOS="2987" VPOS="3335" WIDTH="0"/>
					</TextLine>
					<TextLine ID="P5_TL00136" HPOS="1676" VPOS="3314" WIDTH="1313" HEIGHT="66">
						<String ID="word001419" HPOS="1676" VPOS="3344" WIDTH="100" HEIGHT="34" CONTENT="there" WC="1.00" CC="00000"/>
						<SP ID="P5_SP01385" HPOS="1776" VPOS="3378" WIDTH="26"/>
						<String ID="word001420" HPOS="1802" VPOS="3341" WIDTH="27" HEIGHT="33" CONTENT="is" WC="1.00" CC="00"/>
						<SP ID="P5_SP01386" HPOS="1830" VPOS="3378" WIDTH="21"/>
						<String ID="word001421" HPOS="1851" VPOS="3346" WIDTH="113" HEIGHT="34" CONTENT="every" WC="1.00" CC="00000"/>
						<SP ID="P5_SP01387" HPOS="1964" VPOS="3380" WIDTH="20"/>
						<String ID="word001422" HPOS="1984" VPOS="3343" WIDTH="126" HEIGHT="26" CONTENT="reason" WC="1.00" CC="000000"/>
						<SP ID="P5_SP01388" HPOS="2111" VPOS="3380" WIDTH="28"/>
						<String ID="word001423" HPOS="2139" VPOS="3338" WIDTH="37" HEIGHT="26" CONTENT="to" WC="1.00" CC="00"/>
						<SP ID="P5_SP01389" HPOS="2176" VPOS="3380" WIDTH="17"/>
						<String ID="word001424" HPOS="2192" VPOS="3330" WIDTH="84" HEIGHT="44" CONTENT="give" WC="0.97" CC="1000"/>
						<SP ID="P5_SP01390" HPOS="2276" VPOS="3380" WIDTH="22"/>
						<String ID="word001425" HPOS="2298" VPOS="3335" WIDTH="98" HEIGHT="24" CONTENT="some" WC="0.94" CC="0020"/>
						<SP ID="P5_SP01391" HPOS="2396" VPOS="3380" WIDTH="18"/>
						<String ID="word001426" HPOS="2414" VPOS="3322" WIDTH="178" HEIGHT="33" CONTENT="attention" WC="0.97" CC="100000001"/>
						<SP ID="P5_SP01392" HPOS="2593" VPOS="3380" WIDTH="22"/>
						<String ID="word001427" HPOS="2615" VPOS="3326" WIDTH="38" HEIGHT="26" CONTENT="to" WC="1.00" CC="00"/>
						<SP ID="P5_SP01393" HPOS="2653" VPOS="3380" WIDTH="18"/>
						<String ID="word001428" HPOS="2670" VPOS="3318" WIDTH="60" HEIGHT="33" CONTENT="the" WC="1.00" CC="000"/>
						<SP ID="P5_SP01394" HPOS="2731" VPOS="3380" WIDTH="19"/>
						<String ID="word001429" HPOS="2750" VPOS="3315" WIDTH="93" HEIGHT="33" CONTENT="facts" WC="0.98" CC="00100"/>
						<SP ID="P5_SP01395" HPOS="2843" VPOS="3380" WIDTH="18"/>
						<String ID="word001430" HPOS="2861" VPOS="3315" WIDTH="37" HEIGHT="32" CONTENT="in" WC="0.94" CC="10"/>
						<SP ID="P5_SP01396" HPOS="2897" VPOS="3380" WIDTH="19"/>
						<String ID="word001431" HPOS="2916" VPOS="3314" WIDTH="73" HEIGHT="33" CONTENT="this" WC="1.00" CC="0000"/>
						<SP ID="P5_SP01397" HPOS="2989" VPOS="3380" WIDTH="0"/>
					</TextLine>
					<TextLine ID="P5_TL00137" HPOS="1678" VPOS="3361" WIDTH="1313" HEIGHT="75">
						<String ID="word001432" HPOS="1678" VPOS="3394" WIDTH="80" HEIGHT="41" CONTENT="part" WC="0.92" CC="0030"/>
						<SP ID="P5_SP01398" HPOS="1759" VPOS="3436" WIDTH="15"/>
						<String ID="word001433" HPOS="1774" VPOS="3387" WIDTH="43" HEIGHT="34" CONTENT="of" WC="1.00" CC="00"/>
						<SP ID="P5_SP01399" HPOS="1817" VPOS="3436" WIDTH="15"/>
						<String ID="word001434" HPOS="1832" VPOS="3385" WIDTH="65" HEIGHT="34" CONTENT="the" WC="0.93" CC="020"/>
						<SP ID="P5_SP01400" HPOS="1897" VPOS="3436" WIDTH="17"/>
						<String ID="word001435" HPOS="1913" VPOS="3381" WIDTH="182" HEIGHT="35" CONTENT="evidence." WC="1.00" CC="000000000"/>
						<SP ID="P5_SP01401" HPOS="2095" VPOS="3436" WIDTH="32"/>
						<String ID="word001436" HPOS="2127" VPOS="3379" WIDTH="89" HEIGHT="33" CONTENT="Mrs." WC="0.97" CC="1000"/>
						<SP ID="P5_SP01402" HPOS="2216" VPOS="3436" WIDTH="24"/>
						<String ID="word001437" HPOS="2239" VPOS="3374" WIDTH="138" HEIGHT="33" CONTENT="Clarke" WC="0.98" CC="010000"/>
						<SP ID="P5_SP01403" HPOS="2378" VPOS="3436" WIDTH="18"/>
						<String ID="word001438" HPOS="2395" VPOS="3370" WIDTH="174" HEIGHT="37" CONTENT="asserted," WC="0.97" CC="000200000"/>
						<SP ID="P5_SP01404" HPOS="2569" VPOS="3436" WIDTH="17"/>
						<String ID="word001439" HPOS="2585" VPOS="3369" WIDTH="80" HEIGHT="32" CONTENT="that" WC="1.00" CC="0000"/>
						<SP ID="P5_SP01405" HPOS="2666" VPOS="3436" WIDTH="18"/>
						<String ID="word001440" HPOS="2683" VPOS="3364" WIDTH="104" HEIGHT="33" CONTENT="there" WC="1.00" CC="00000"/>
						<SP ID="P5_SP01406" HPOS="2787" VPOS="3436" WIDTH="21"/>
						<String ID="word001441" HPOS="2809" VPOS="3371" WIDTH="76" HEIGHT="24" CONTENT="was" WC="0.93" CC="011"/>
						<SP ID="P5_SP01407" HPOS="2884" VPOS="3436" WIDTH="15"/>
						<String ID="word001442" HPOS="2900" VPOS="3361" WIDTH="91" HEIGHT="50" CONTENT="only" WC="0.81" CC="1231"/>
						<SP ID="P5_SP01408" HPOS="2991" VPOS="3436" WIDTH="0"/>
					</TextLine>
					<TextLine ID="P5_TL00138" HPOS="1678" VPOS="3409" WIDTH="1312" HEIGHT="65">
						<String ID="word001443" HPOS="1678" VPOS="3443" WIDTH="73" HEIGHT="30" CONTENT="two" WC="1.00" CC="000"/>
						<SP ID="P5_SP01409" HPOS="1752" VPOS="3472" WIDTH="13"/>
						<String ID="word001444" HPOS="1765" VPOS="3444" WIDTH="43" HEIGHT="26" CONTENT="or" WC="1.00" CC="00"/>
						<SP ID="P5_SP01410" HPOS="1807" VPOS="3472" WIDTH="14"/>
						<String ID="word001445" HPOS="1821" VPOS="3433" WIDTH="104" HEIGHT="34" CONTENT="three" WC="1.00" CC="00000"/>
						<SP ID="P5_SP01411" HPOS="1925" VPOS="3472" WIDTH="20"/>
						<String ID="word001446" HPOS="1945" VPOS="3430" WIDTH="86" HEIGHT="44" CONTENT="days" WC="0.97" CC="0100"/>
						<SP ID="P5_SP01412" HPOS="2031" VPOS="3474" WIDTH="33"/>
						<String ID="word001447" HPOS="2065" VPOS="3428" WIDTH="93" HEIGHT="33" CONTENT="from" WC="0.83" CC="0024"/>
						<SP ID="P5_SP01413" HPOS="2158" VPOS="3474" WIDTH="19"/>
						<String ID="word001448" HPOS="2177" VPOS="3425" WIDTH="61" HEIGHT="33" CONTENT="the" WC="1.00" CC="000"/>
						<SP ID="P5_SP01414" HPOS="2238" VPOS="3474" WIDTH="14"/>
						<String ID="word001449" HPOS="2252" VPOS="3422" WIDTH="86" HEIGHT="33" CONTENT="time" WC="0.97" CC="0100"/>
						<SP ID="P5_SP01415" HPOS="2339" VPOS="3474" WIDTH="18"/>
						<String ID="word001450" HPOS="2356" VPOS="3417" WIDTH="44" HEIGHT="35" CONTENT="of" WC="1.00" CC="00"/>
						<SP ID="P5_SP01416" HPOS="2400" VPOS="3474" WIDTH="25"/>
						<String ID="word001451" HPOS="2425" VPOS="3418" WIDTH="60" HEIGHT="33" CONTENT="the" WC="0.85" CC="031"/>
						<SP ID="P5_SP01417" HPOS="2485" VPOS="3474" WIDTH="17"/>
						<String ID="word001452" HPOS="2502" VPOS="3412" WIDTH="235" HEIGHT="47" CONTENT="application" WC="0.99" CC="00010000000"/>
						<SP ID="P5_SP01418" HPOS="2737" VPOS="3474" WIDTH="26"/>
						<String ID="word001453" HPOS="2763" VPOS="3410" WIDTH="59" HEIGHT="33" CONTENT="for" WC="0.96" CC="010"/>
						<SP ID="P5_SP01419" HPOS="2822" VPOS="3474" WIDTH="18"/>
						<String ID="word001454" HPOS="2839" VPOS="3409" WIDTH="64" HEIGHT="33" CONTENT="the" WC="1.00" CC="000"/>
						<SP ID="P5_SP01420" HPOS="2903" VPOS="3474" WIDTH="15"/>
						<String ID="word001455" HPOS="2919" VPOS="3418" WIDTH="71" HEIGHT="22" CONTENT="ex," WC="0.63" CC="325"/>
						<SP ID="P5_SP01421" HPOS="2989" VPOS="3474" WIDTH="0"/>
					</TextLine>
					<TextLine ID="P5_TL00139" HPOS="1678" VPOS="3455" WIDTH="1310" HEIGHT="71">
						<String ID="word001456" HPOS="1678" VPOS="3484" WIDTH="149" HEIGHT="41" CONTENT="change," WC="0.92" CC="0000500"/>
						<SP ID="P5_SP01422" HPOS="1827" VPOS="3526" WIDTH="17"/>
						<String ID="word001457" HPOS="1844" VPOS="3480" WIDTH="71" HEIGHT="34" CONTENT="and" WC="1.00" CC="000"/>
						<SP ID="P5_SP01423" HPOS="1915" VPOS="3526" WIDTH="26"/>
						<String ID="word001458" HPOS="1941" VPOS="3477" WIDTH="60" HEIGHT="35" CONTENT="the" WC="1.00" CC="000"/>
						<SP ID="P5_SP01424" HPOS="2001" VPOS="3526" WIDTH="15"/>
						<String ID="word001459" HPOS="2016" VPOS="3478" WIDTH="87" HEIGHT="31" CONTENT="time" WC="0.97" CC="0010"/>
						<SP ID="P5_SP01425" HPOS="2104" VPOS="3526" WIDTH="28"/>
						<String ID="word001460" HPOS="2132" VPOS="3471" WIDTH="44" HEIGHT="34" CONTENT="of" WC="1.00" CC="00"/>
						<SP ID="P5_SP01426" HPOS="2176" VPOS="3526" WIDTH="11"/>
						<String ID="word001461" HPOS="2186" VPOS="3468" WIDTH="196" HEIGHT="44" CONTENT="gazettieg." WC="0.62" CC="3333333535" STYLEREFS="TXT_1"/>
						<SP ID="P5_SP01427" HPOS="2382" VPOS="3526" WIDTH="58"/>
						<String ID="word001462" HPOS="2440" VPOS="3464" WIDTH="71" HEIGHT="34" CONTENT="But" WC="0.96" CC="001"/>
						<SP ID="P5_SP01428" HPOS="2511" VPOS="3526" WIDTH="28"/>
						<String ID="word001463" HPOS="2539" VPOS="3463" WIDTH="67" HEIGHT="33" CONTENT="Dr." WC="0.78" CC="240"/>
						<SP ID="P5_SP01429" HPOS="2607" VPOS="3526" WIDTH="28"/>
						<String ID="word001464" HPOS="2635" VPOS="3459" WIDTH="154" HEIGHT="41" CONTENT="Thyane" WC="0.46" CC="337853"/>
						<SP ID="P5_SP01430" HPOS="2789" VPOS="3526" WIDTH="32"/>
						<String ID="word001465" HPOS="2820" VPOS="3455" WIDTH="71" HEIGHT="35" CONTENT="and" WC="1.00" CC="000"/>
						<SP ID="P5_SP01431" HPOS="2891" VPOS="3526" WIDTH="19"/>
						<String ID="word001466" HPOS="2910" VPOS="3455" WIDTH="78" HEIGHT="38" CONTENT="Mr." WC="0.85" CC="202"/>
						<SP ID="P5_SP01432" HPOS="2988" VPOS="3526" WIDTH="0"/>
					</TextLine>
					<TextLine ID="P5_TL00140" HPOS="1684" VPOS="3502" WIDTH="1311" HEIGHT="72">
						<String ID="word001467" HPOS="1684" VPOS="3531" WIDTH="132" HEIGHT="43" CONTENT="Knigt" WC="0.95" CC="11000"/>
						<SP ID="P5_SP01433" HPOS="1817" VPOS="3574" WIDTH="11"/>
						<String ID="word001468" HPOS="1827" VPOS="3527" WIDTH="122" HEIGHT="44" CONTENT="spoke" WC="0.95" CC="20000"/>
						<SP ID="P5_SP01434" HPOS="1949" VPOS="3574" WIDTH="11"/>
						<String ID="word001469" HPOS="1959" VPOS="3521" WIDTH="196" HEIGHT="48" CONTENT="positively" WC="0.98" CC="0000002000"/>
						<SP ID="P5_SP01435" HPOS="2156" VPOS="3574" WIDTH="13"/>
						<String ID="word001470" HPOS="2169" VPOS="3519" WIDTH="80" HEIGHT="33" CONTENT="that" WC="1.00" CC="0000"/>
						<SP ID="P5_SP01436" HPOS="2249" VPOS="3574" WIDTH="11"/>
						<String ID="word001471" HPOS="2259" VPOS="3516" WIDTH="102" HEIGHT="33" CONTENT="there" WC="1.00" CC="00000"/>
						<SP ID="P5_SP01437" HPOS="2361" VPOS="3574" WIDTH="14"/>
						<String ID="word001472" HPOS="2375" VPOS="3522" WIDTH="73" HEIGHT="25" CONTENT="was" WC="1.00" CC="000"/>
						<SP ID="P5_SP01438" HPOS="2448" VPOS="3574" WIDTH="11"/>
						<String ID="word001473" HPOS="2459" VPOS="3522" WIDTH="22" HEIGHT="22" CONTENT="a" WC="1.00" CC="0"/>
						<SP ID="P5_SP01439" HPOS="2481" VPOS="3574" WIDTH="13"/>
						<String ID="word001474" HPOS="2494" VPOS="3506" WIDTH="176" HEIGHT="46" CONTENT="fortnight" WC="0.94" CC="000021101"/>
						<SP ID="P5_SP01440" HPOS="2670" VPOS="3574" WIDTH="13"/>
						<String ID="word001475" HPOS="2683" VPOS="3516" WIDTH="44" HEIGHT="22" CONTENT="or" WC="0.94" CC="10"/>
						<SP ID="P5_SP01441" HPOS="2727" VPOS="3574" WIDTH="9"/>
						<String ID="word001476" HPOS="2737" VPOS="3508" WIDTH="104" HEIGHT="32" CONTENT="three" WC="1.00" CC="00000"/>
						<SP ID="P5_SP01442" HPOS="2841" VPOS="3574" WIDTH="13"/>
						<String ID="word001477" HPOS="2854" VPOS="3502" WIDTH="141" HEIGHT="41" CONTENT="weeks," WC="0.89" CC="101130"/>
						<SP ID="P5_SP01443" HPOS="2994" VPOS="3574" WIDTH="0"/>
					</TextLine>
					<TextLine ID="P5_TL00141" HPOS="1681" VPOS="3550" WIDTH="1317" HEIGHT="67">
						<String ID="word001478" HPOS="1681" VPOS="3581" WIDTH="56" HEIGHT="32" CONTENT="for" WC="1.00" CC="000"/>
						<SP ID="P5_SP01444" HPOS="1736" VPOS="3613" WIDTH="19"/>
						<String ID="word001479" HPOS="1755" VPOS="3578" WIDTH="72" HEIGHT="34" CONTENT="Mr." WC="0.96" CC="001"/>
						<SP ID="P5_SP01445" HPOS="1827" VPOS="3613" WIDTH="14"/>
						<String ID="word001480" HPOS="1841" VPOS="3573" WIDTH="143" HEIGHT="44" CONTENT="Knight" WC="1.00" CC="000000"/>
						<SP ID="P5_SP01446" HPOS="1984" VPOS="3617" WIDTH="12"/>
						<String ID="word001481" HPOS="1996" VPOS="3575" WIDTH="94" HEIGHT="28" CONTENT="went" WC="0.97" CC="0100"/>
						<SP ID="P5_SP01447" HPOS="2091" VPOS="3617" WIDTH="22"/>
						<String ID="word001482" HPOS="2113" VPOS="3568" WIDTH="102" HEIGHT="32" CONTENT="three" WC="1.00" CC="00000"/>
						<SP ID="P5_SP01448" HPOS="2215" VPOS="3617" WIDTH="18"/>
						<String ID="word001483" HPOS="2232" VPOS="3565" WIDTH="104" HEIGHT="32" CONTENT="times" WC="0.91" CC="00310"/>
						<SP ID="P5_SP01449" HPOS="2336" VPOS="3617" WIDTH="20"/>
						<String ID="word001484" HPOS="2356" VPOS="3569" WIDTH="34" HEIGHT="24" CONTENT="to" WC="0.83" CC="21"/>
						<SP ID="P5_SP01450" HPOS="2391" VPOS="3617" WIDTH="30"/>
						<String ID="word001485" HPOS="2420" VPOS="3560" WIDTH="60" HEIGHT="32" CONTENT="the" WC="0.96" CC="010"/>
						<SP ID="P5_SP01451" HPOS="2480" VPOS="3617" WIDTH="26"/>
						<String ID="word001486" HPOS="2506" VPOS="3560" WIDTH="158" HEIGHT="31" CONTENT="Gazette" WC="0.78" CC="5211230"/>
						<SP ID="P5_SP01452" HPOS="2665" VPOS="3617" WIDTH="22"/>
						<String ID="word001487" HPOS="2687" VPOS="3552" WIDTH="132" HEIGHT="34" CONTENT="Office." WC="0.81" CC="1144002"/>
						<SP ID="P5_SP01453" HPOS="2819" VPOS="3617" WIDTH="56"/>
						<String ID="word001488" HPOS="2875" VPOS="3550" WIDTH="123" HEIGHT="35" CONTENT="There" WC="0.98" CC="00001"/>
						<SP ID="P5_SP01454" HPOS="2998" VPOS="3617" WIDTH="0"/>
					</TextLine>
					<TextLine ID="P5_TL00142" HPOS="1684" VPOS="3596" WIDTH="1309" HEIGHT="70">
						<String ID="word001489" HPOS="1684" VPOS="3635" WIDTH="73" HEIGHT="26" CONTENT="was" WC="1.00" CC="000"/>
						<SP ID="P5_SP01455" HPOS="1757" VPOS="3661" WIDTH="33"/>
						<String ID="word001490" HPOS="1791" VPOS="3633" WIDTH="85" HEIGHT="33" CONTENT="very" WC="1.00" CC="0000"/>
						<SP ID="P5_SP01456" HPOS="1876" VPOS="3666" WIDTH="34"/>
						<String ID="word001491" HPOS="1910" VPOS="3621" WIDTH="96" HEIGHT="33" CONTENT="little" WC="0.94" CC="100020"/>
						<SP ID="P5_SP01457" HPOS="2006" VPOS="3666" WIDTH="28"/>
						<String ID="word001492" HPOS="2034" VPOS="3615" WIDTH="117" HEIGHT="34" CONTENT="doubt" WC="1.00" CC="00000"/>
						<SP ID="P5_SP01458" HPOS="2151" VPOS="3666" WIDTH="43"/>
						<String ID="word001493" HPOS="2193" VPOS="3614" WIDTH="78" HEIGHT="31" CONTENT="that" WC="0.94" CC="0110"/>
						<SP ID="P5_SP01459" HPOS="2271" VPOS="3666" WIDTH="31"/>
						<String ID="word001494" HPOS="2302" VPOS="3609" WIDTH="89" HEIGHT="37" CONTENT="Mrs." WC="0.81" CC="1015"/>
						<SP ID="P5_SP01460" HPOS="2391" VPOS="3666" WIDTH="30"/>
						<String ID="word001495" HPOS="2420" VPOS="3604" WIDTH="138" HEIGHT="35" CONTENT="Clarke" WC="0.94" CC="020010"/>
						<SP ID="P5_SP01461" HPOS="2558" VPOS="3666" WIDTH="37"/>
						<String ID="word001496" HPOS="2595" VPOS="3601" WIDTH="105" HEIGHT="33" CONTENT="made" WC="1.00" CC="0000"/>
						<SP ID="P5_SP01462" HPOS="2700" VPOS="3666" WIDTH="37"/>
						<String ID="word001497" HPOS="2737" VPOS="3600" WIDTH="65" HEIGHT="33" CONTENT="the" WC="0.93" CC="101"/>
						<SP ID="P5_SP01463" HPOS="2802" VPOS="3666" WIDTH="19"/>
						<String ID="word001498" HPOS="2820" VPOS="3596" WIDTH="151" HEIGHT="45" CONTENT="applica" SUBS_TYPE="HypPart1" SUBS_CONTENT="application" WC="0.96" CC="0003000"/>
						<HYP HPOS="2972" VPOS="3596" WIDTH="21" CONTENT="-"/>
					</TextLine>
					<TextLine ID="P5_TL00143" HPOS="1684" VPOS="3643" WIDTH="1312" HEIGHT="67">
						<String ID="word001499" HPOS="1684" VPOS="3676" WIDTH="73" HEIGHT="34" CONTENT="tion" SUBS_TYPE="HypPart2" SUBS_CONTENT="application" WC="0.92" CC="0003"/>
						<SP ID="P5_SP01464" HPOS="1757" VPOS="3710" WIDTH="24"/>
						<String ID="word001500" HPOS="1781" VPOS="3677" WIDTH="37" HEIGHT="30" CONTENT="to" WC="1.00" CC="00"/>
						<SP ID="P5_SP01465" HPOS="1818" VPOS="3710" WIDTH="35"/>
						<String ID="word001501" HPOS="1853" VPOS="3670" WIDTH="54" HEIGHT="33" CONTENT="his" WC="1.00" CC="000"/>
						<SP ID="P5_SP01466" HPOS="1907" VPOS="3710" WIDTH="21"/>
						<String ID="word001502" HPOS="1929" VPOS="3665" WIDTH="117" HEIGHT="44" CONTENT="Royal" WC="1.00" CC="00000"/>
						<SP ID="P5_SP01467" HPOS="2046" VPOS="3710" WIDTH="26"/>
						<String ID="word001503" HPOS="2072" VPOS="3661" WIDTH="183" HEIGHT="44" CONTENT="Highness" WC="0.97" CC="00001001"/>
						<SP ID="P5_SP01468" HPOS="2255" VPOS="3710" WIDTH="18"/>
						<String ID="word001504" HPOS="2272" VPOS="3653" WIDTH="248" HEIGHT="43" CONTENT="immediately" WC="0.90" CC="13000100032"/>
						<SP ID="P5_SP01469" HPOS="2520" VPOS="3710" WIDTH="13"/>
						<String ID="word001505" HPOS="2533" VPOS="3650" WIDTH="96" HEIGHT="34" CONTENT="after" WC="0.84" CC="11113"/>
						<SP ID="P5_SP01470" HPOS="2629" VPOS="3710" WIDTH="21"/>
						<String ID="word001506" HPOS="2650" VPOS="3648" WIDTH="61" HEIGHT="40" CONTENT="Dr." WC="0.74" CC="601"/>
						<SP ID="P5_SP01471" HPOS="2712" VPOS="3710" WIDTH="25"/>
						<String ID="word001507" HPOS="2737" VPOS="3646" WIDTH="156" HEIGHT="43" CONTENT="Thynne" WC="0.76" CC="030064"/>
						<SP ID="P5_SP01472" HPOS="2893" VPOS="3710" WIDTH="31"/>
						<String ID="word001508" HPOS="2923" VPOS="3643" WIDTH="73" HEIGHT="37" CONTENT="had" WC="0.74" CC="700"/>
						<SP ID="P5_SP01473" HPOS="2996" VPOS="3710" WIDTH="0"/>
					</TextLine>
					<TextLine ID="P5_TL00144" HPOS="1684" VPOS="3689" WIDTH="1317" HEIGHT="78">
						<String ID="word001509" HPOS="1684" VPOS="3720" WIDTH="136" HEIGHT="46" CONTENT="spoken" WC="0.96" CC="200000"/>
						<SP ID="P5_SP01474" HPOS="1820" VPOS="3767" WIDTH="19"/>
						<String ID="word001510" HPOS="1839" VPOS="3723" WIDTH="38" HEIGHT="31" CONTENT="to" WC="1.00" CC="00"/>
						<SP ID="P5_SP01475" HPOS="1877" VPOS="3767" WIDTH="20"/>
						<String ID="word001511" HPOS="1897" VPOS="3717" WIDTH="64" HEIGHT="32" CONTENT="her" WC="1.00" CC="000"/>
						<SP ID="P5_SP01476" HPOS="1961" VPOS="3767" WIDTH="32"/>
						<String ID="word001512" HPOS="1993" VPOS="3710" WIDTH="185" HEIGHT="46" CONTENT="requiring" WC="0.96" CC="010000002"/>
						<SP ID="P5_SP01477" HPOS="2178" VPOS="3767" WIDTH="28"/>
						<String ID="word001513" HPOS="2206" VPOS="3707" WIDTH="63" HEIGHT="32" CONTENT="her" WC="1.00" CC="000"/>
						<SP ID="P5_SP01478" HPOS="2269" VPOS="3767" WIDTH="30"/>
						<String ID="word001514" HPOS="2298" VPOS="3703" WIDTH="183" HEIGHT="45" CONTENT="dispatch." WC="0.64" CC="011706851"/>
						<SP ID="P5_SP01479" HPOS="2481" VPOS="3767" WIDTH="53"/>
						<String ID="word001515" HPOS="2535" VPOS="3696" WIDTH="83" HEIGHT="40" CONTENT="Acid" WC="0.42" CC="5772"/>
						<SP ID="P5_SP01480" HPOS="2617" VPOS="3767" WIDTH="25"/>
						<String ID="word001516" HPOS="2642" VPOS="3694" WIDTH="96" HEIGHT="34" CONTENT="after" WC="0.93" CC="11100"/>
						<SP ID="P5_SP01481" HPOS="2738" VPOS="3767" WIDTH="24"/>
						<String ID="word001517" HPOS="2761" VPOS="3692" WIDTH="91" HEIGHT="38" CONTENT="this," WC="0.95" CC="02000"/>
						<SP ID="P5_SP01482" HPOS="2852" VPOS="3767" WIDTH="27"/>
						<String ID="word001518" HPOS="2880" VPOS="3690" WIDTH="30" HEIGHT="33" CONTENT="is" WC="0.89" CC="02"/>
						<SP ID="P5_SP01483" HPOS="2909" VPOS="3767" WIDTH="22"/>
						<String ID="word001519" HPOS="2931" VPOS="3689" WIDTH="70" HEIGHT="38" CONTENT="the" WC="1.00" CC="000"/>
						<SP ID="P5_SP01484" HPOS="3001" VPOS="3767" WIDTH="0"/>
					</TextLine>
					<TextLine ID="P5_TL00145" HPOS="1691" VPOS="3735" WIDTH="1313" HEIGHT="69">
						<String ID="word001520" HPOS="1691" VPOS="3769" WIDTH="105" HEIGHT="34" CONTENT="Duke" WC="1.00" CC="0000"/>
						<SP ID="P5_SP01485" HPOS="1796" VPOS="3803" WIDTH="26"/>
						<String ID="word001521" HPOS="1822" VPOS="3765" WIDTH="41" HEIGHT="33" CONTENT="of" WC="1.00" CC="00"/>
						<SP ID="P5_SP01486" HPOS="1864" VPOS="3803" WIDTH="26"/>
						<String ID="word001522" HPOS="1890" VPOS="3761" WIDTH="115" HEIGHT="38" CONTENT="York" WC="0.92" CC="0030"/>
						<SP ID="P5_SP01487" HPOS="2004" VPOS="3803" WIDTH="32"/>
						<String ID="word001523" HPOS="2036" VPOS="3765" WIDTH="37" HEIGHT="27" CONTENT="to" WC="1.00" CC="00"/>
						<SP ID="P5_SP01488" HPOS="2073" VPOS="3803" WIDTH="32"/>
						<String ID="word001524" HPOS="2105" VPOS="3758" WIDTH="46" HEIGHT="32" CONTENT="be" WC="0.94" CC="01"/>
						<SP ID="P5_SP01489" HPOS="2151" VPOS="3803" WIDTH="35"/>
						<String ID="word001525" HPOS="2186" VPOS="3752" WIDTH="80" HEIGHT="40" CONTENT="held" WC="0.69" CC="2531"/>
						<SP ID="P5_SP01490" HPOS="2267" VPOS="3803" WIDTH="18"/>
						<String ID="word001526" HPOS="2284" VPOS="3751" WIDTH="98" HEIGHT="33" CONTENT="forth" WC="0.98" CC="00001"/>
						<SP ID="P5_SP01491" HPOS="2382" VPOS="3803" WIDTH="27"/>
						<String ID="word001527" HPOS="2409" VPOS="3759" WIDTH="38" HEIGHT="21" CONTENT="us" WC="0.89" CC="20"/>
						<SP ID="P5_SP01492" HPOS="2447" VPOS="3803" WIDTH="27"/>
						<String ID="word001528" HPOS="2474" VPOS="3746" WIDTH="107" HEIGHT="41" CONTENT="being" WC="0.84" CC="15010"/>
						<SP ID="P5_SP01493" HPOS="2582" VPOS="3803" WIDTH="22"/>
						<String ID="word001529" HPOS="2604" VPOS="3742" WIDTH="138" HEIGHT="43" CONTENT="wholly" WC="1.00" CC="000000"/>
						<SP ID="P5_SP01494" HPOS="2743" VPOS="3803" WIDTH="26"/>
						<String ID="word001530" HPOS="2769" VPOS="3739" WIDTH="170" HEIGHT="44" CONTENT="ignorant" WC="0.85" CC="21110411"/>
						<SP ID="P5_SP01495" HPOS="2939" VPOS="3803" WIDTH="18"/>
						<String ID="word001531" HPOS="2956" VPOS="3735" WIDTH="47" HEIGHT="37" CONTENT="of" WC="1.00" CC="00"/>
						<SP ID="P5_SP01496" HPOS="3004" VPOS="3803" WIDTH="0"/>
					</TextLine>
					<TextLine ID="P5_TL00146" HPOS="1687" VPOS="3784" WIDTH="1310" HEIGHT="67">
						<String ID="word001532" HPOS="1687" VPOS="3820" WIDTH="96" HEIGHT="30" CONTENT="these" WC="1.00" CC="00000"/>
						<SP ID="P5_SP01497" HPOS="1782" VPOS="3849" WIDTH="13"/>
						<String ID="word001533" HPOS="1795" VPOS="3806" WIDTH="262" HEIGHT="45" CONTENT="transactions)" WC="0.77" CC="0023313003336"/>
						<SP ID="P5_SP01498" HPOS="2057" VPOS="3850" WIDTH="27"/>
						<String ID="word001534" HPOS="2085" VPOS="3803" WIDTH="70" HEIGHT="34" CONTENT="and" WC="0.93" CC="011"/>
						<SP ID="P5_SP01499" HPOS="2154" VPOS="3850" WIDTH="19"/>
						<String ID="word001535" HPOS="2173" VPOS="3810" WIDTH="66" HEIGHT="25" CONTENT="can" WC="1.00" CC="000"/>
						<SP ID="P5_SP01500" HPOS="2239" VPOS="3850" WIDTH="17"/>
						<String ID="word001536" HPOS="2256" VPOS="3800" WIDTH="27" HEIGHT="32" CONTENT="it" WC="1.00" CC="00"/>
						<SP ID="P5_SP01501" HPOS="2283" VPOS="3850" WIDTH="20"/>
						<String ID="word001537" HPOS="2303" VPOS="3800" WIDTH="41" HEIGHT="32" CONTENT="he" WC="0.94" CC="01"/>
						<SP ID="P5_SP01502" HPOS="2344" VPOS="3850" WIDTH="18"/>
						<String ID="word001538" HPOS="2362" VPOS="3793" WIDTH="201" HEIGHT="47" CONTENT="supposed," WC="0.96" CC="000110010"/>
						<SP ID="P5_SP01503" HPOS="2563" VPOS="3850" WIDTH="17"/>
						<String ID="word001539" HPOS="2580" VPOS="3789" WIDTH="98" HEIGHT="43" CONTENT="after" WC="0.98" CC="10000"/>
						<SP ID="P5_SP01504" HPOS="2678" VPOS="3850" WIDTH="19"/>
						<String ID="word001540" HPOS="2696" VPOS="3789" WIDTH="86" HEIGHT="37" CONTENT="this," WC="0.69" CC="13163"/>
						<SP ID="P5_SP01505" HPOS="2783" VPOS="3850" WIDTH="18"/>
						<String ID="word001541" HPOS="2800" VPOS="3785" WIDTH="80" HEIGHT="33" CONTENT="that" WC="0.94" CC="0020"/>
						<SP ID="P5_SP01506" HPOS="2881" VPOS="3850" WIDTH="21"/>
						<String ID="word001542" HPOS="2902" VPOS="3784" WIDTH="94" HEIGHT="39" CONTENT="Mrs," WC="0.89" CC="1012"/>
						<SP ID="P5_SP01507" HPOS="2996" VPOS="3850" WIDTH="0"/>
					</TextLine>
					<TextLine ID="P5_TL00147" HPOS="1691" VPOS="3833" WIDTH="1313" HEIGHT="64">
						<String ID="word001543" HPOS="1691" VPOS="3862" WIDTH="132" HEIGHT="34" CONTENT="Clarke" WC="0.98" CC="000010"/>
						<SP ID="P5_SP01508" HPOS="1824" VPOS="3896" WIDTH="18"/>
						<String ID="word001544" HPOS="1841" VPOS="3857" WIDTH="109" HEIGHT="35" CONTENT="could" WC="0.95" CC="01100"/>
						<SP ID="P5_SP01509" HPOS="1950" VPOS="3896" WIDTH="22"/>
						<String ID="word001545" HPOS="1972" VPOS="3857" WIDTH="43" HEIGHT="35" CONTENT="be" WC="1.00" CC="00"/>
						<SP ID="P5_SP01510" HPOS="2015" VPOS="3896" WIDTH="15"/>
						<String ID="word001546" HPOS="2030" VPOS="3865" WIDTH="38" HEIGHT="22" CONTENT="so" WC="1.00" CC="00"/>
						<SP ID="P5_SP01511" HPOS="2068" VPOS="3896" WIDTH="19"/>
						<String ID="word001547" HPOS="2087" VPOS="3849" WIDTH="157" HEIGHT="35" CONTENT="anxious" WC="0.65" CC="2511535"/>
						<SP ID="P5_SP01512" HPOS="2244" VPOS="3896" WIDTH="30"/>
						<String ID="word001548" HPOS="2274" VPOS="3852" WIDTH="38" HEIGHT="27" CONTENT="to" WC="0.94" CC="10"/>
						<SP ID="P5_SP01513" HPOS="2311" VPOS="3896" WIDTH="17"/>
						<String ID="word001549" HPOS="2328" VPOS="3844" WIDTH="107" HEIGHT="41" CONTENT="'keep" WC="0.89" CC="50000"/>
						<SP ID="P5_SP01514" HPOS="2435" VPOS="3896" WIDTH="22"/>
						<String ID="word001550" HPOS="2458" VPOS="3841" WIDTH="100" HEIGHT="33" CONTENT="these" WC="0.84" CC="10123"/>
						<SP ID="P5_SP01515" HPOS="2558" VPOS="3896" WIDTH="26"/>
						<String ID="word001551" HPOS="2584" VPOS="3835" WIDTH="237" HEIGHT="37" CONTENT="transactions" WC="0.81" CC="111540011151"/>
						<SP ID="P5_SP01516" HPOS="2822" VPOS="3896" WIDTH="19"/>
						<String ID="word001552" HPOS="2841" VPOS="3843" WIDTH="25" HEIGHT="27" CONTENT="a" WC="0.44" CC="5"/>
						<SP ID="P5_SP01517" HPOS="2865" VPOS="3896" WIDTH="17"/>
						<String ID="word001553" HPOS="2882" VPOS="3833" WIDTH="122" HEIGHT="33" CONTENT="secret" WC="0.81" CC="231301"/>
						<SP ID="P5_SP01518" HPOS="3004" VPOS="3896" WIDTH="0"/>
					</TextLine>
					<TextLine ID="P5_TL00148" HPOS="1688" VPOS="3878" WIDTH="1316" HEIGHT="69">
						<String ID="word001554" HPOS="1688" VPOS="3912" WIDTH="91" HEIGHT="34" CONTENT="from" WC="1.00" CC="0000"/>
						<SP ID="P5_SP01519" HPOS="1779" VPOS="3946" WIDTH="20"/>
						<String ID="word001555" HPOS="1799" VPOS="3908" WIDTH="57" HEIGHT="34" CONTENT="the" WC="0.96" CC="001"/>
						<SP ID="P5_SP01520" HPOS="1856" VPOS="3946" WIDTH="26"/>
						<String ID="word001556" HPOS="1881" VPOS="3902" WIDTH="131" HEIGHT="37" CONTENT="Juke?" WC="0.78" CC="51103"/>
						<SP ID="P5_SP01521" HPOS="2013" VPOS="3946" WIDTH="31"/>
						<String ID="word001557" HPOS="2043" VPOS="3901" WIDTH="17" HEIGHT="34" CONTENT="I" WC="0.78" CC="2"/>
						<SP ID="P5_SP01522" HPOS="2060" VPOS="3946" WIDTH="22"/>
						<String ID="word001558" HPOS="2082" VPOS="3896" WIDTH="83" HEIGHT="35" CONTENT="wilf" WC="0.39" CC="5557"/>
						<SP ID="P5_SP01523" HPOS="2165" VPOS="3946" WIDTH="9"/>
						<String ID="word001559" HPOS="2174" VPOS="3895" WIDTH="113" HEIGHT="38" CONTENT="sbews" WC="0.47" CC="38337"/>
						<SP ID="P5_SP01524" HPOS="2288" VPOS="3946" WIDTH="17"/>
						<String ID="word001560" HPOS="2304" VPOS="3889" WIDTH="180" HEIGHT="40" CONTENT="'freets.ine" WC="0.26" CC="83588886883"/>
						<SP ID="P5_SP01525" HPOS="2484" VPOS="3946" WIDTH="15"/>
						<String ID="word001561" HPOS="2499" VPOS="3888" WIDTH="210" HEIGHT="39" CONTENT="documents" WC="0.73" CC="153140152"/>
						<SP ID="P5_SP01526" HPOS="2709" VPOS="3946" WIDTH="14"/>
						<String ID="word001562" HPOS="2724" VPOS="3892" WIDTH="45" HEIGHT="24" CONTENT="on" WC="0.78" CC="31"/>
						<SP ID="P5_SP01527" HPOS="2769" VPOS="3946" WIDTH="19"/>
						<String ID="word001563" HPOS="2787" VPOS="3882" WIDTH="59" HEIGHT="32" CONTENT="the" WC="0.96" CC="001"/>
						<SP ID="P5_SP01528" HPOS="2846" VPOS="3946" WIDTH="20"/>
						<String ID="word001564" HPOS="2867" VPOS="3878" WIDTH="137" HEIGHT="43" CONTENT="Table," WC="0.93" CC="103000"/>
						<SP ID="P5_SP01529" HPOS="3004" VPOS="3946" WIDTH="0"/>
					</TextLine>
					<TextLine ID="P5_TL00149" HPOS="1690" VPOS="3924" WIDTH="1297" HEIGHT="70">
						<String ID="word001565" HPOS="1690" VPOS="3959" WIDTH="77" HEIGHT="34" CONTENT="that" WC="0.97" CC="0010"/>
						<SP ID="P5_SP01530" HPOS="1767" VPOS="3993" WIDTH="17"/>
						<String ID="word001566" HPOS="1783" VPOS="3957" WIDTH="27" HEIGHT="33" CONTENT="it" WC="1.00" CC="00"/>
						<SP ID="P5_SP01531" HPOS="1811" VPOS="3993" WIDTH="19"/>
						<String ID="word001567" HPOS="1830" VPOS="3963" WIDTH="77" HEIGHT="25" CONTENT="was" WC="1.00" CC="000"/>
						<SP ID="P5_SP01532" HPOS="1906" VPOS="3993" WIDTH="18"/>
						<String ID="word001568" HPOS="1924" VPOS="3953" WIDTH="35" HEIGHT="31" CONTENT="in" WC="1.00" CC="00"/>
						<SP ID="P5_SP01533" HPOS="1959" VPOS="3993" WIDTH="13"/>
						<String ID="word001569" HPOS="1972" VPOS="3953" WIDTH="241" HEIGHT="38" CONTENT="consequence" WC="0.87" CC="01210131310"/>
						<SP ID="P5_SP01534" HPOS="2213" VPOS="3993" WIDTH="22"/>
						<String ID="word001570" HPOS="2236" VPOS="3940" WIDTH="44" HEIGHT="34" CONTENT="of" WC="0.72" CC="50"/>
						<SP ID="P5_SP01535" HPOS="2280" VPOS="3993" WIDTH="26"/>
						<String ID="word001571" HPOS="2306" VPOS="3927" WIDTH="85" HEIGHT="54" CONTENT="blks" WC="0.33" CC="8866"/>
						<String ID="word001572" HPOS="2391" VPOS="3927" WIDTH="21" HEIGHT="54" CONTENT="t" STYLE="subscript" WC="0.33" CC="8"/>
						<String ID="word001573" HPOS="2412" VPOS="3927" WIDTH="128" HEIGHT="54" CONTENT="iOarke" WC="0.33" CC="883335"/>
						<String ID="word001574" HPOS="2539" VPOS="3927" WIDTH="21" HEIGHT="54" CONTENT="s" STYLE="superscript" WC="0.33" CC="7"/>
						<String ID="word001575" HPOS="2561" VPOS="3927" WIDTH="21" HEIGHT="54" CONTENT="s" WC="0.33" CC="5"/>
						<SP ID="P5_SP01536" HPOS="2582" VPOS="3993" WIDTH="32"/>
						<String ID="word001576" HPOS="2614" VPOS="3931" WIDTH="175" HEIGHT="38" CONTENT="influence" WC="0.70" CC="116614230"/>
						<SP ID="P5_SP01537" HPOS="2789" VPOS="3993" WIDTH="31"/>
						<String ID="word001577" HPOS="2819" VPOS="3926" WIDTH="79" HEIGHT="39" CONTENT="that" WC="0.94" CC="1010"/>
						<SP ID="P5_SP01538" HPOS="2898" VPOS="3993" WIDTH="27"/>
						<String ID="word001578" HPOS="2926" VPOS="3924" WIDTH="61" HEIGHT="41" CONTENT="thi" WC="0.41" CC="358"/>
						<SP ID="P5_SP01539" HPOS="2987" VPOS="3993" WIDTH="0"/>
					</TextLine>
					<TextLine ID="P5_TL00150" HPOS="1690" VPOS="3973" WIDTH="1275" HEIGHT="73">
						<String ID="word001579" HPOS="1690" VPOS="4005" WIDTH="45" HEIGHT="41" CONTENT="ex" STYLE="subscript" WC="0.99" CC="00"/>
						<String ID="word001580" HPOS="1735" VPOS="4005" WIDTH="138" HEIGHT="41" CONTENT="change" WC="0.99" CC="000010"/>
						<SP ID="P5_SP01540" HPOS="1873" VPOS="4046" WIDTH="20"/>
						<String ID="word001581" HPOS="1893" VPOS="4007" WIDTH="74" HEIGHT="31" CONTENT="was" WC="1.00" CC="000"/>
						<SP ID="P5_SP01541" HPOS="1968" VPOS="4046" WIDTH="15"/>
						<String ID="word001582" HPOS="1983" VPOS="3991" WIDTH="224" HEIGHT="48" CONTENT="expedited;" WC="0.93" CC="0100000005"/>
						<SP ID="P5_SP01542" HPOS="2207" VPOS="4046" WIDTH="26"/>
						<String ID="word001583" HPOS="2233" VPOS="3987" WIDTH="80" HEIGHT="45" CONTENT="foil" WC="0.64" CC="0157"/>
						<SP ID="P5_SP01543" HPOS="2314" VPOS="4046" WIDTH="0"/>
						<String ID="word001584" HPOS="2314" VPOS="3973" WIDTH="34" HEIGHT="46" CONTENT="ff." WC="0.44" CC="645"/>
						<SP ID="P5_SP01544" HPOS="2348" VPOS="4046" WIDTH="81"/>
						<String ID="word001585" HPOS="2430" VPOS="3994" WIDTH="18" HEIGHT="21" CONTENT="e" WC="0.44" CC="5"/>
						<SP ID="P5_SP01545" HPOS="2447" VPOS="4046" WIDTH="14"/>
						<String ID="word001586" HPOS="2461" VPOS="3980" WIDTH="137" HEIGHT="35" CONTENT="entries" WC="0.86" CC="1210131"/>
						<SP ID="P5_SP01546" HPOS="2598" VPOS="4046" WIDTH="17"/>
						<String ID="word001587" HPOS="2615" VPOS="3984" WIDTH="39" HEIGHT="28" CONTENT="at" WC="1.00" CC="00"/>
						<SP ID="P5_SP01547" HPOS="2654" VPOS="4046" WIDTH="24"/>
						<String ID="word001588" HPOS="2678" VPOS="3977" WIDTH="78" HEIGHT="41" CONTENT="cox" WC="0.52" CC="526"/>
						<SP ID="P5_SP01548" HPOS="2756" VPOS="4046" WIDTH="20"/>
						<String ID="word001589" HPOS="2776" VPOS="3973" WIDTH="71" HEIGHT="41" CONTENT="and" WC="1.00" CC="000"/>
						<SP ID="P5_SP01549" HPOS="2846" VPOS="4046" WIDTH="20"/>
						<String ID="word001590" HPOS="2867" VPOS="3973" WIDTH="98" HEIGHT="34" CONTENT="Gres" WC="0.83" CC="1005"/>
						<SP ID="P5_SP01550" HPOS="2965" VPOS="4046" WIDTH="0"/>
					</TextLine>
					<TextLine ID="P5_TL00151" HPOS="1693" VPOS="4020" WIDTH="1278" HEIGHT="71">
						<String ID="word001591" HPOS="1693" VPOS="4050" WIDTH="148" HEIGHT="40" CONTENT="wood's," WC="0.98" CC="1000000"/>
						<SP ID="P5_SP01551" HPOS="1840" VPOS="4090" WIDTH="18"/>
						<String ID="word001592" HPOS="1858" VPOS="4049" WIDTH="31" HEIGHT="34" CONTENT="it" WC="0.61" CC="52" STYLEREFS="TXT_1"/>
						<SP ID="P5_SP01552" HPOS="1889" VPOS="4090" WIDTH="28"/>
						<String ID="word001593" HPOS="1917" VPOS="4054" WIDTH="161" HEIGHT="37" CONTENT="appears" WC="0.94" CC="1100101"/>
						<SP ID="P5_SP01553" HPOS="2078" VPOS="4090" WIDTH="15"/>
						<String ID="word001594" HPOS="2093" VPOS="4042" WIDTH="83" HEIGHT="33" CONTENT="that" WC="0.94" CC="1100"/>
						<SP ID="P5_SP01554" HPOS="2176" VPOS="4090" WIDTH="18"/>
						<String ID="word001595" HPOS="2193" VPOS="4033" WIDTH="150" HEIGHT="46" CONTENT="Cottrel" WC="0.33" CC="4587855"/>
						<SP ID="P5_SP01555" HPOS="2343" VPOS="4090" WIDTH="84"/>
						<String ID="word001596" HPOS="2427" VPOS="4028" WIDTH="130" HEIGHT="41" CONTENT="ooke's" WC="0.54" CC="353347"/>
						<SP ID="P5_SP01556" HPOS="2557" VPOS="4090" WIDTH="30"/>
						<String ID="word001597" HPOS="2587" VPOS="4026" WIDTH="189" HEIGHT="40" CONTENT="exchange" WC="0.68" CC="25315025"/>
						<SP ID="P5_SP01557" HPOS="2776" VPOS="4090" WIDTH="27"/>
						<String ID="word001598" HPOS="2803" VPOS="4020" WIDTH="92" HEIGHT="39" CONTENT="wvith" WC="0.35" CC="87545"/>
						<SP ID="P5_SP01558" HPOS="2895" VPOS="4090" WIDTH="20"/>
						<String ID="word001599" HPOS="2915" VPOS="4020" WIDTH="19" HEIGHT="70" CONTENT="C" WC="0.56" CC="1"/>
						<SP ID="P5_SP01559" HPOS="2934" VPOS="4090" WIDTH="19"/>
						<String ID="word001600" HPOS="2953" VPOS="4020" WIDTH="18" HEIGHT="70" CONTENT="4" WC="1.00" CC="0"/>
						<SP ID="P5_SP01560" HPOS="2970" VPOS="4090" WIDTH="0"/>
					</TextLine>
					<TextLine ID="P5_TL00152" HPOS="1696" VPOS="4069" WIDTH="1252" HEIGHT="74">
						<String ID="word001601" HPOS="1696" VPOS="4098" WIDTH="139" HEIGHT="45" CONTENT="Knight" WC="0.94" CC="030000"/>
						<SP ID="P5_SP01561" HPOS="1835" VPOS="4143" WIDTH="14"/>
						<String ID="word001602" HPOS="1850" VPOS="4093" WIDTH="112" HEIGHT="40" CONTENT="could" WC="1.00" CC="00000"/>
						<SP ID="P5_SP01562" HPOS="1962" VPOS="4143" WIDTH="18"/>
						<String ID="word001603" HPOS="1980" VPOS="4098" WIDTH="58" HEIGHT="27" CONTENT="not" WC="0.96" CC="100"/>
						<SP ID="P5_SP01563" HPOS="2037" VPOS="4143" WIDTH="14"/>
						<String ID="word001604" HPOS="2052" VPOS="4093" WIDTH="45" HEIGHT="31" CONTENT="he" WC="1.00" CC="00"/>
						<SP ID="P5_SP01564" HPOS="2096" VPOS="4143" WIDTH="12"/>
						<String ID="word001605" HPOS="2108" VPOS="4074" WIDTH="156" HEIGHT="50" CONTENT="acceded" WC="0.82" CC="1230113"/>
						<SP ID="P5_SP01565" HPOS="2264" VPOS="4143" WIDTH="12"/>
						<String ID="word001606" HPOS="2276" VPOS="4082" WIDTH="40" HEIGHT="40" CONTENT="tom" WC="0.26" CC="677" STYLEREFS="TXT_1"/>
						<String ID="word001607" HPOS="2317" VPOS="4104" WIDTH="38" HEIGHT="19" CONTENT="..." WC="0.52" CC="166" STYLEREFS="TXT_5"/>
						<String ID="word001608" HPOS="2422" VPOS="4077" WIDTH="80" HEIGHT="41" CONTENT="onel" WC="0.42" CC="5655"/>
						<SP ID="P5_SP01566" HPOS="2503" VPOS="4143" WIDTH="20"/>
						<String ID="word001609" HPOS="2523" VPOS="4072" WIDTH="150" HEIGHT="40" CONTENT="Gordon" WC="0.80" CC="521012"/>
						<SP ID="P5_SP01567" HPOS="2673" VPOS="4143" WIDTH="19"/>
						<String ID="word001610" HPOS="2692" VPOS="4072" WIDTH="34" HEIGHT="37" CONTENT="in" WC="0.89" CC="11"/>
						<SP ID="P5_SP01568" HPOS="2726" VPOS="4143" WIDTH="19"/>
						<String ID="word001611" HPOS="2745" VPOS="4069" WIDTH="56" HEIGHT="35" CONTENT="his" WC="0.67" CC="225"/>
						<SP ID="P5_SP01569" HPOS="2800" VPOS="4143" WIDTH="17"/>
						<String ID="word001612" HPOS="2817" VPOS="4069" WIDTH="131" HEIGHT="38" CONTENT="ovule's" WC="0.36" CC="6677176"/>
						<SP ID="P5_SP01570" HPOS="2948" VPOS="4143" WIDTH="0"/>
					</TextLine>
					<TextLine ID="P5_TL00153" HPOS="1691" VPOS="4113" WIDTH="1228" HEIGHT="83">
						<String ID="word001613" HPOS="1691" VPOS="4157" WIDTH="80" HEIGHT="38" CONTENT="says" WC="0.89" CC="1111"/>
						<SP ID="P5_SP01571" HPOS="1772" VPOS="4195" WIDTH="14"/>
						<String ID="word001614" HPOS="1786" VPOS="4146" WIDTH="83" HEIGHT="43" CONTENT="that" WC="0.69" CC="5510"/>
						<SP ID="P5_SP01572" HPOS="1869" VPOS="4195" WIDTH="15"/>
						<String ID="word001615" HPOS="1884" VPOS="4142" WIDTH="76" HEIGHT="41" CONTENT="this" WC="0.64" CC="4135"/>
						<SP ID="P5_SP01573" HPOS="1959" VPOS="4195" WIDTH="21"/>
						<String ID="word001616" HPOS="1981" VPOS="4144" WIDTH="103" HEIGHT="40" CONTENT="Wry" WC="0.67" CC="531"/>
						<SP ID="P5_SP01574" HPOS="2083" VPOS="4195" WIDTH="18"/>
						<String ID="word001617" HPOS="2101" VPOS="4140" WIDTH="122" HEIGHT="37" CONTENT="uteaut" WC="0.35" CC="883538"/>
						<SP ID="P5_SP01575" HPOS="2223" VPOS="4195" WIDTH="18"/>
						<String ID="word001618" HPOS="2241" VPOS="4122" WIDTH="158" HEIGHT="52" CONTENT="outhint" WC="0.40" CC="8336738"/>
						<SP ID="P5_SP01576" HPOS="2399" VPOS="4195" WIDTH="13"/>
						<String ID="word001619" HPOS="2412" VPOS="4116" WIDTH="99" HEIGHT="47" CONTENT="more" WC="0.53" CC="8603"/>
						<SP ID="P5_SP01577" HPOS="2511" VPOS="4195" WIDTH="17"/>
						<String ID="word001620" HPOS="2528" VPOS="4123" WIDTH="91" HEIGHT="38" CONTENT="than" WC="0.78" CC="2213"/>
						<SP ID="P5_SP01578" HPOS="2619" VPOS="4195" WIDTH="14"/>
						<String ID="word001621" HPOS="2633" VPOS="4131" WIDTH="26" HEIGHT="30" CONTENT="a" WC="0.89" CC="1"/>
						<SP ID="P5_SP01579" HPOS="2659" VPOS="4195" WIDTH="13"/>
						<String ID="word001622" HPOS="2672" VPOS="4126" WIDTH="188" HEIGHT="44" CONTENT="stoppap" WC="0.57" CC="3335445"/>
						<SP ID="P5_SP01580" HPOS="2859" VPOS="4195" WIDTH="17"/>
						<String ID="word001623" HPOS="2876" VPOS="4113" WIDTH="43" HEIGHT="44" CONTENT="6)" WC="0.17" CC="78"/>
						<SP ID="P5_SP01581" HPOS="2919" VPOS="4195" WIDTH="0"/>
					</TextLine>
				</TextBlock>
				<TextBlock ID="pa0005009" HPOS="720" VPOS="3580" WIDTH="476" HEIGHT="39" STYLEREFS="TXT_0 PAR_LEFT">
					<TextLine ID="P5_TL00154" HPOS="722" VPOS="3583" WIDTH="474" HEIGHT="36">
						<String ID="word001624" HPOS="722" VPOS="3592" WIDTH="113" HEIGHT="27" CONTENT="CALL" WC="1.00" CC="0000"/>
						<SP ID="P5_SP01582" HPOS="835" VPOS="3619" WIDTH="19"/>
						<String ID="word001625" HPOS="854" VPOS="3592" WIDTH="53" HEIGHT="25" CONTENT="OF" WC="1.00" CC="00"/>
						<SP ID="P5_SP01583" HPOS="907" VPOS="3619" WIDTH="21"/>
						<String ID="word001626" HPOS="928" VPOS="3587" WIDTH="90" HEIGHT="31" CONTENT="THE" WC="0.63" CC="550"/>
						<SP ID="P5_SP01584" HPOS="1018" VPOS="3619" WIDTH="21"/>
						<String ID="word001627" HPOS="1039" VPOS="3583" WIDTH="156" HEIGHT="27" CONTENT="lIOTISE." WC="0.44" CC="55388335"/>
						<SP ID="P5_SP01585" HPOS="1195" VPOS="3619" WIDTH="0"/>
					</TextLine>
				</TextBlock>
				<TextBlock ID="pa0005010" HPOS="291" VPOS="3626" WIDTH="1330" HEIGHT="210" STYLEREFS="TXT_0 PAR_LEFT">
					<TextLine ID="P5_TL00155" HPOS="339" VPOS="3628" WIDTH="1282" HEIGHT="66">
						<String ID="word001628" HPOS="339" VPOS="3654" WIDTH="98" HEIGHT="34" CONTENT="Lord" WC="1.00" CC="0000"/>
						<SP ID="P5_SP01586" HPOS="437" VPOS="3689" WIDTH="30"/>
						<String ID="word001629" HPOS="467" VPOS="3654" WIDTH="262" HEIGHT="40" CONTENT="FO“STONE" WC="0.51" CC="35853533"/>
						<SP ID="P5_SP01587" HPOS="729" VPOS="3694" WIDTH="31"/>
						<String ID="word001630" HPOS="759" VPOS="3644" WIDTH="145" HEIGHT="43" CONTENT="moved," WC="1.00" CC="000000"/>
						<SP ID="P5_SP01588" HPOS="905" VPOS="3694" WIDTH="32"/>
						<String ID="word001631" HPOS="937" VPOS="3641" WIDTH="84" HEIGHT="35" CONTENT="that" WC="1.00" CC="0000"/>
						<SP ID="P5_SP01589" HPOS="1020" VPOS="3694" WIDTH="26"/>
						<String ID="word001632" HPOS="1046" VPOS="3638" WIDTH="73" HEIGHT="35" CONTENT="this" WC="1.00" CC="0000"/>
						<SP ID="P5_SP01590" HPOS="1120" VPOS="3694" WIDTH="33"/>
						<String ID="word001633" HPOS="1153" VPOS="3635" WIDTH="129" HEIGHT="34" CONTENT="House" WC="0.80" CC="03330"/>
						<SP ID="P5_SP01591" HPOS="1281" VPOS="3694" WIDTH="26"/>
						<String ID="word001634" HPOS="1307" VPOS="3633" WIDTH="46" HEIGHT="34" CONTENT="be" WC="1.00" CC="00"/>
						<SP ID="P5_SP01592" HPOS="1354" VPOS="3694" WIDTH="34"/>
						<String ID="word001635" HPOS="1388" VPOS="3628" WIDTH="118" HEIGHT="37" CONTENT="called" WC="0.74" CC="003326"/>
						<SP ID="P5_SP01593" HPOS="1506" VPOS="3694" WIDTH="26"/>
						<String ID="word001636" HPOS="1532" VPOS="3634" WIDTH="89" HEIGHT="27" CONTENT="over" WC="1.00" CC="0000"/>
						<SP ID="P5_SP01594" HPOS="1620" VPOS="3694" WIDTH="0"/>
					</TextLine>
					<TextLine ID="P5_TL00156" HPOS="291" VPOS="3709" WIDTH="241" HEIGHT="31">
						<String ID="word001637" HPOS="291" VPOS="3709" WIDTH="222" HEIGHT="31" CONTENT="to-morrow" WC="0.86" CC="123200003"/>
						<SP ID="P5_SP01595" HPOS="513" VPOS="3739" WIDTH="12"/>
						<String ID="word001638" HPOS="524" VPOS="3725" WIDTH="7" HEIGHT="8" CONTENT="." WC="0.78" CC="2"/>
						<SP ID="P5_SP01596" HPOS="531" VPOS="3739" WIDTH="0"/>
					</TextLine>
					<TextLine ID="P5_TL00157" HPOS="343" VPOS="3723" WIDTH="1278" HEIGHT="71">
						<String ID="word001639" HPOS="343" VPOS="3751" WIDTH="80" HEIGHT="34" CONTENT="The" WC="0.96" CC="100"/>
						<SP ID="P5_SP01597" HPOS="423" VPOS="3785" WIDTH="14"/>
						<String ID="word001640" HPOS="437" VPOS="3749" WIDTH="170" HEIGHT="45" CONTENT="question" WC="0.94" CC="10110001"/>
						<SP ID="P5_SP01598" HPOS="607" VPOS="3794" WIDTH="24"/>
						<String ID="word001641" HPOS="631" VPOS="3755" WIDTH="77" HEIGHT="26" CONTENT="was" WC="0.96" CC="010"/>
						<SP ID="P5_SP01599" HPOS="707" VPOS="3794" WIDTH="25"/>
						<String ID="word001642" HPOS="732" VPOS="3742" WIDTH="87" HEIGHT="35" CONTENT="then" WC="1.00" CC="0000"/>
						<SP ID="P5_SP01600" HPOS="820" VPOS="3794" WIDTH="17"/>
						<String ID="word001643" HPOS="836" VPOS="3743" WIDTH="83" HEIGHT="43" CONTENT="put," WC="0.97" CC="1000"/>
						<SP ID="P5_SP01601" HPOS="919" VPOS="3794" WIDTH="17"/>
						<String ID="word001644" HPOS="935" VPOS="3735" WIDTH="87" HEIGHT="45" CONTENT="and," WC="1.00" CC="0000"/>
						<SP ID="P5_SP01602" HPOS="1023" VPOS="3794" WIDTH="20"/>
						<String ID="word001645" HPOS="1043" VPOS="3733" WIDTH="97" HEIGHT="41" CONTENT="after" WC="0.95" CC="00002"/>
						<SP ID="P5_SP01603" HPOS="1140" VPOS="3794" WIDTH="18"/>
						<String ID="word001646" HPOS="1157" VPOS="3730" WIDTH="110" HEIGHT="37" CONTENT="much" WC="1.00" CC="0000"/>
						<SP ID="P5_SP01604" HPOS="1267" VPOS="3794" WIDTH="26"/>
						<String ID="word001647" HPOS="1293" VPOS="3723" WIDTH="259" HEIGHT="46" CONTENT="interruption," WC="0.98" CC="0100000000001"/>
						<SP ID="P5_SP01605" HPOS="1552" VPOS="3794" WIDTH="12"/>
						<String ID="word001648" HPOS="1564" VPOS="3729" WIDTH="38" HEIGHT="26" CONTENT="re" SUBS_TYPE="HypPart1" SUBS_CONTENT="resolved" WC="1.00" CC="00"/>
						<HYP HPOS="1602" VPOS="3729" WIDTH="19" CONTENT="-"/>
					</TextLine>
					<TextLine ID="P5_TL00158" HPOS="292" VPOS="3793" WIDTH="517" HEIGHT="43">
						<String ID="word001649" HPOS="292" VPOS="3798" WIDTH="129" HEIGHT="37" CONTENT="solved" SUBS_TYPE="HypPart2" SUBS_CONTENT="resolved" WC="0.96" CC="200000"/>
						<SP ID="P5_SP01606" HPOS="420" VPOS="3835" WIDTH="20"/>
						<String ID="word001650" HPOS="441" VPOS="3798" WIDTH="35" HEIGHT="33" CONTENT="in" WC="1.00" CC="00"/>
						<SP ID="P5_SP01607" HPOS="476" VPOS="3835" WIDTH="19"/>
						<String ID="word001651" HPOS="495" VPOS="3796" WIDTH="61" HEIGHT="34" CONTENT="the" WC="1.00" CC="000"/>
						<SP ID="P5_SP01608" HPOS="556" VPOS="3835" WIDTH="17"/>
						<String ID="word001652" HPOS="573" VPOS="3793" WIDTH="236" HEIGHT="37" CONTENT="affirmative." WC="0.90" CC="133301000000"/>
						<SP ID="P5_SP01609" HPOS="809" VPOS="3835" WIDTH="0"/>
					</TextLine>
				</TextBlock>
				<TextBlock ID="pa0005011" HPOS="295" VPOS="3842" WIDTH="1336" HEIGHT="412" STYLEREFS="TXT_3 PAR_BLOCK">
					<TextLine ID="P5_TL00159" HPOS="491" VPOS="3843" WIDTH="948" HEIGHT="50">
						<String ID="word001653" HPOS="491" VPOS="3865" WIDTH="203" HEIGHT="28" CONTENT="CHARGES" WC="0.89" CC="1121011" STYLEREFS="TXT_0"/>
						<SP ID="P5_SP01610" HPOS="694" VPOS="3893" WIDTH="31"/>
						<String ID="word001654" HPOS="725" VPOS="3857" WIDTH="193" HEIGHT="31" CONTENT="AGAINST" WC="0.81" CC="0111351" STYLEREFS="TXT_0"/>
						<SP ID="P5_SP01611" HPOS="918" VPOS="3893" WIDTH="26"/>
						<String ID="word001655" HPOS="944" VPOS="3853" WIDTH="90" HEIGHT="30" CONTENT="THE" WC="0.67" CC="162" STYLEREFS="TXT_0"/>
						<SP ID="P5_SP01612" HPOS="1033" VPOS="3893" WIDTH="27"/>
						<String ID="word001656" HPOS="1061" VPOS="3850" WIDTH="120" HEIGHT="28" CONTENT="DUKE" WC="0.97" CC="0100" STYLEREFS="TXT_0"/>
						<SP ID="P5_SP01613" HPOS="1181" VPOS="3893" WIDTH="28"/>
						<String ID="word001657" HPOS="1209" VPOS="3849" WIDTH="54" HEIGHT="26" CONTENT="OF" WC="1.00" CC="00" STYLEREFS="TXT_0"/>
						<SP ID="P5_SP01614" HPOS="1264" VPOS="3893" WIDTH="31"/>
						<String ID="word001658" HPOS="1294" VPOS="3843" WIDTH="144" HEIGHT="28" CONTENT="YORK." WC="1.00" CC="00000" STYLEREFS="TXT_0"/>
						<SP ID="P5_SP01615" HPOS="1439" VPOS="3893" WIDTH="0"/>
					</TextLine>
					<TextLine ID="P5_TL00160" HPOS="345" VPOS="3891" WIDTH="1281" HEIGHT="66">
						<String ID="word001659" HPOS="345" VPOS="3922" WIDTH="76" HEIGHT="34" CONTENT="Mr." WC="0.93" CC="110" STYLEREFS="TXT_0"/>
						<SP ID="P5_SP01616" HPOS="420" VPOS="3957" WIDTH="21"/>
						<String ID="word001660" HPOS="442" VPOS="3921" WIDTH="198" HEIGHT="33" CONTENT="WARDLE" WC="0.81" CC="131311" STYLEREFS="TXT_0"/>
						<SP ID="P5_SP01617" HPOS="640" VPOS="3957" WIDTH="33"/>
						<String ID="word001661" HPOS="673" VPOS="3909" WIDTH="191" HEIGHT="40" CONTENT="addressed" WC="0.97" CC="110000000"/>
						<SP ID="P5_SP01618" HPOS="865" VPOS="3957" WIDTH="19"/>
						<String ID="word001662" HPOS="883" VPOS="3909" WIDTH="61" HEIGHT="33" CONTENT="the" WC="1.00" CC="000"/>
						<SP ID="P5_SP01619" HPOS="945" VPOS="3957" WIDTH="20"/>
						<String ID="word001663" HPOS="965" VPOS="3906" WIDTH="128" HEIGHT="35" CONTENT="House" WC="1.00" CC="00000"/>
						<SP ID="P5_SP01620" HPOS="1093" VPOS="3957" WIDTH="30"/>
						<String ID="word001664" HPOS="1122" VPOS="3913" WIDTH="39" HEIGHT="22" CONTENT="as" WC="0.94" CC="10"/>
						<SP ID="P5_SP01621" HPOS="1161" VPOS="3957" WIDTH="32"/>
						<String ID="word001665" HPOS="1193" VPOS="3900" WIDTH="148" HEIGHT="38" CONTENT="follows" WC="0.84" CC="1331110"/>
						<SP ID="P5_SP01622" HPOS="1341" VPOS="3957" WIDTH="15"/>
						<String ID="word001666" HPOS="1356" VPOS="3894" WIDTH="92" HEIGHT="35" CONTENT=':—"' WC="0.63" CC="343"/>
						<SP ID="P5_SP01623" HPOS="1448" VPOS="3957" WIDTH="20"/>
						<String ID="word001667" HPOS="1468" VPOS="3891" WIDTH="158" HEIGHT="37" CONTENT="Motives" WC="1.00" CC="0000000"/>
						<SP ID="P5_SP01624" HPOS="1626" VPOS="3957" WIDTH="0"/>
					</TextLine>
					<TextLine ID="P5_TL00161" HPOS="296" VPOS="3935" WIDTH="1328" HEIGHT="70">
						<String ID="word001668" HPOS="296" VPOS="3971" WIDTH="96" HEIGHT="34" CONTENT="have" WC="0.97" CC="0100"/>
						<SP ID="P5_SP01625" HPOS="392" VPOS="4005" WIDTH="13"/>
						<String ID="word001669" HPOS="405" VPOS="3971" WIDTH="90" HEIGHT="32" CONTENT="been" WC="0.97" CC="1000"/>
						<SP ID="P5_SP01626" HPOS="495" VPOS="4005" WIDTH="12"/>
						<String ID="word001670" HPOS="507" VPOS="3963" WIDTH="202" HEIGHT="39" CONTENT="attributed" WC="0.95" CC="1000011001"/>
						<SP ID="P5_SP01627" HPOS="709" VPOS="4005" WIDTH="12"/>
						<String ID="word001671" HPOS="720" VPOS="3970" WIDTH="39" HEIGHT="25" CONTENT="to" WC="1.00" CC="00"/>
						<SP ID="P5_SP01628" HPOS="759" VPOS="4005" WIDTH="11"/>
						<String ID="word001672" HPOS="770" VPOS="3970" WIDTH="54" HEIGHT="25" CONTENT="me" WC="0.94" CC="10"/>
						<SP ID="P5_SP01629" HPOS="824" VPOS="4005" WIDTH="13"/>
						<String ID="word001673" HPOS="837" VPOS="3959" WIDTH="33" HEIGHT="32" CONTENT="in" WC="1.00" CC="00"/>
						<SP ID="P5_SP01630" HPOS="870" VPOS="4005" WIDTH="12"/>
						<String ID="word001674" HPOS="882" VPOS="3956" WIDTH="167" HEIGHT="43" CONTENT="bringing" WC="1.00" CC="00000000"/>
						<SP ID="P5_SP01631" HPOS="1049" VPOS="4005" WIDTH="11"/>
						<String ID="word001675" HPOS="1059" VPOS="3948" WIDTH="161" HEIGHT="39" CONTENT="forward" WC="0.87" CC="0200132"/>
						<SP ID="P5_SP01632" HPOS="1220" VPOS="4005" WIDTH="14"/>
						<String ID="word001676" HPOS="1234" VPOS="3947" WIDTH="96" HEIGHT="38" CONTENT="these" WC="0.76" CC="34130"/>
						<SP ID="P5_SP01633" HPOS="1330" VPOS="4005" WIDTH="12"/>
						<String ID="word001677" HPOS="1342" VPOS="3943" WIDTH="149" HEIGHT="41" CONTENT="charges" WC="0.95" CC="0010101"/>
						<SP ID="P5_SP01634" HPOS="1491" VPOS="4005" WIDTH="14"/>
						<String ID="word001678" HPOS="1505" VPOS="3935" WIDTH="119" HEIGHT="37" CONTENT="which" WC="1.00" CC="00000"/>
						<SP ID="P5_SP01635" HPOS="1624" VPOS="4005" WIDTH="0"/>
					</TextLine>
					<TextLine ID="P5_TL00162" HPOS="302" VPOS="3984" WIDTH="1326" HEIGHT="79">
						<String ID="word001679" HPOS="302" VPOS="4018" WIDTH="19" HEIGHT="44" CONTENT="4" WC="0.33" CC="6"/>
						<SP ID="P5_SP01636" HPOS="321" VPOS="4062" WIDTH="12"/>
						<String ID="word001680" HPOS="333" VPOS="4017" WIDTH="152" HEIGHT="46" CONTENT="equally" WC="0.94" CC="0002110"/>
						<SP ID="P5_SP01637" HPOS="485" VPOS="4063" WIDTH="20"/>
						<String ID="word001681" HPOS="506" VPOS="4015" WIDTH="143" HEIGHT="44" CONTENT="despise" WC="0.97" CC="0001100"/>
						<SP ID="P5_SP01638" HPOS="648" VPOS="4063" WIDTH="15"/>
						<String ID="word001682" HPOS="664" VPOS="4010" WIDTH="72" HEIGHT="37" CONTENT="and" WC="0.93" CC="101"/>
						<SP ID="P5_SP01639" HPOS="736" VPOS="4063" WIDTH="18"/>
						<String ID="word001683" HPOS="754" VPOS="4005" WIDTH="171" HEIGHT="37" CONTENT="condemn" WC="0.97" CC="0000002"/>
						<SP ID="P5_SP01640" HPOS="925" VPOS="4063" WIDTH="15"/>
						<String ID="word001684" HPOS="940" VPOS="4015" WIDTH="11" HEIGHT="30" CONTENT=";" WC="0.78" CC="2"/>
						<SP ID="P5_SP01641" HPOS="951" VPOS="4063" WIDTH="24"/>
						<String ID="word001685" HPOS="974" VPOS="4002" WIDTH="14" HEIGHT="32" CONTENT="1" WC="0.56" CC="4"/>
						<SP ID="P5_SP01642" HPOS="989" VPOS="4063" WIDTH="20"/>
						<String ID="word001686" HPOS="1009" VPOS="4000" WIDTH="47" HEIGHT="32" CONTENT="do" WC="0.67" CC="33"/>
						<SP ID="P5_SP01643" HPOS="1056" VPOS="4063" WIDTH="11"/>
						<String ID="word001687" HPOS="1067" VPOS="3994" WIDTH="267" HEIGHT="43" CONTENT="acknowledge" WC="0.94" CC="01000031010"/>
						<SP ID="P5_SP01644" HPOS="1333" VPOS="4063" WIDTH="18"/>
						<String ID="word001688" HPOS="1351" VPOS="3991" WIDTH="80" HEIGHT="33" CONTENT="that" WC="1.00" CC="0000"/>
						<SP ID="P5_SP01645" HPOS="1431" VPOS="4063" WIDTH="24"/>
						<String ID="word001689" HPOS="1455" VPOS="3989" WIDTH="15" HEIGHT="32" CONTENT="I" WC="0.56" CC="4"/>
						<SP ID="P5_SP01646" HPOS="1470" VPOS="4063" WIDTH="17"/>
						<String ID="word001690" HPOS="1487" VPOS="3987" WIDTH="91" HEIGHT="32" CONTENT="have" WC="1.00" CC="0000"/>
						<SP ID="P5_SP01647" HPOS="1578" VPOS="4063" WIDTH="15"/>
						<String ID="word001691" HPOS="1593" VPOS="3984" WIDTH="34" HEIGHT="32" CONTENT="in" WC="1.00" CC="00"/>
						<SP ID="P5_SP01648" HPOS="1628" VPOS="4063" WIDTH="0"/>
					</TextLine>
					<TextLine ID="P5_TL00163" HPOS="296" VPOS="4031" WIDTH="1332" HEIGHT="75">
						<String ID="word001692" HPOS="296" VPOS="4068" WIDTH="65" HEIGHT="32" CONTENT="the" WC="0.96" CC="010"/>
						<SP ID="P5_SP01649" HPOS="361" VPOS="4100" WIDTH="14"/>
						<String ID="word001693" HPOS="376" VPOS="4065" WIDTH="110" HEIGHT="33" CONTENT="result" WC="0.98" CC="001000"/>
						<SP ID="P5_SP01650" HPOS="485" VPOS="4100" WIDTH="15"/>
						<String ID="word001694" HPOS="501" VPOS="4065" WIDTH="90" HEIGHT="31" CONTENT="been" WC="0.97" CC="0001"/>
						<SP ID="P5_SP01651" HPOS="591" VPOS="4100" WIDTH="11"/>
						<String ID="word001695" HPOS="601" VPOS="4058" WIDTH="154" HEIGHT="47" CONTENT="granted" WC="0.98" CC="0010000"/>
						<SP ID="P5_SP01652" HPOS="755" VPOS="4106" WIDTH="20"/>
						<String ID="word001696" HPOS="775" VPOS="4055" WIDTH="79" HEIGHT="33" CONTENT="that" WC="0.89" CC="0310"/>
						<SP ID="P5_SP01653" HPOS="854" VPOS="4106" WIDTH="12"/>
						<String ID="word001697" HPOS="866" VPOS="4050" WIDTH="210" HEIGHT="41" CONTENT="indulgence" WC="0.94" CC="0011011001"/>
						<SP ID="P5_SP01654" HPOS="1076" VPOS="4106" WIDTH="17"/>
						<String ID="word001698" HPOS="1093" VPOS="4043" WIDTH="122" HEIGHT="35" CONTENT="which" WC="0.69" CC="42233"/>
						<SP ID="P5_SP01655" HPOS="1214" VPOS="4106" WIDTH="18"/>
						<String ID="word001699" HPOS="1232" VPOS="4042" WIDTH="30" HEIGHT="32" CONTENT="is" WC="0.94" CC="10"/>
						<SP ID="P5_SP01656" HPOS="1261" VPOS="4106" WIDTH="14"/>
						<String ID="word001700" HPOS="1276" VPOS="4052" WIDTH="37" HEIGHT="20" CONTENT="so" WC="1.00" CC="00"/>
						<SP ID="P5_SP01657" HPOS="1312" VPOS="4106" WIDTH="13"/>
						<String ID="word001701" HPOS="1325" VPOS="4036" WIDTH="167" HEIGHT="48" CONTENT="peculiar" WC="0.99" CC="00000001"/>
						<SP ID="P5_SP01658" HPOS="1492" VPOS="4106" WIDTH="13"/>
						<String ID="word001702" HPOS="1505" VPOS="4038" WIDTH="38" HEIGHT="28" CONTENT="to" WC="0.61" CC="25"/>
						<SP ID="P5_SP01659" HPOS="1543" VPOS="4106" WIDTH="14"/>
						<String ID="word001703" HPOS="1557" VPOS="4031" WIDTH="71" HEIGHT="33" CONTENT="this" WC="0.67" CC="5331"/>
						<SP ID="P5_SP01660" HPOS="1628" VPOS="4106" WIDTH="0"/>
					</TextLine>
					<TextLine ID="P5_TL00164" HPOS="301" VPOS="4080" WIDTH="1328" HEIGHT="77">
						<String ID="word001704" HPOS="301" VPOS="4110" WIDTH="139" HEIGHT="46" CONTENT="House." WC="0.93" CC="400000"/>
						<SP ID="P5_SP01661" HPOS="441" VPOS="4156" WIDTH="32"/>
						<String ID="word001705" HPOS="472" VPOS="4110" WIDTH="118" HEIGHT="34" CONTENT="When" WC="0.92" CC="2100"/>
						<SP ID="P5_SP01662" HPOS="591" VPOS="4156" WIDTH="21"/>
						<String ID="word001706" HPOS="612" VPOS="4116" WIDTH="100" HEIGHT="26" CONTENT="worn" WC="0.97" CC="1000"/>
						<SP ID="P5_SP01663" HPOS="712" VPOS="4156" WIDTH="18"/>
						<String ID="word001707" HPOS="730" VPOS="4107" WIDTH="66" HEIGHT="31" CONTENT="out" WC="1.00" CC="000"/>
						<SP ID="P5_SP01664" HPOS="796" VPOS="4156" WIDTH="15"/>
						<String ID="word001708" HPOS="811" VPOS="4103" WIDTH="46" HEIGHT="40" CONTENT="by" WC="1.00" CC="00"/>
						<SP ID="P5_SP01665" HPOS="857" VPOS="4156" WIDTH="18"/>
						<String ID="word001709" HPOS="875" VPOS="4097" WIDTH="116" HEIGHT="41" CONTENT="fatigu" WC="0.79" CC="121232"/>
						<String ID="word001710" HPOS="991" VPOS="4097" WIDTH="39" HEIGHT="41" CONTENT="e," STYLE="superscript" WC="0.79" CC="13"/>
						<SP ID="P5_SP01666" HPOS="1030" VPOS="4156" WIDTH="11"/>
						<String ID="word001711" HPOS="1041" VPOS="4093" WIDTH="70" HEIGHT="34" CONTENT="and" STYLE="superscript" WC="0.85" CC="211"/>
						<SP ID="P5_SP01667" HPOS="1110" VPOS="4156" WIDTH="17"/>
						<String ID="word001712" HPOS="1127" VPOS="4090" WIDTH="136" HEIGHT="35" CONTENT="unable" STYLE="superscript" WC="0.96" CC="001100"/>
						<SP ID="P5_SP01668" HPOS="1263" VPOS="4156" WIDTH="14"/>
						<String ID="word001713" HPOS="1277" VPOS="4093" WIDTH="37" HEIGHT="28" CONTENT="to" STYLE="superscript" WC="1.00" CC="00"/>
						<SP ID="P5_SP01669" HPOS="1313" VPOS="4156" WIDTH="14"/>
						<String ID="word001714" HPOS="1328" VPOS="4085" WIDTH="45" HEIGHT="33" CONTENT="sit" STYLE="superscript" WC="0.96" CC="010"/>
						<SP ID="P5_SP01670" HPOS="1372" VPOS="4156" WIDTH="15"/>
						<String ID="word001715" HPOS="1388" VPOS="4085" WIDTH="37" HEIGHT="32" CONTENT="in" STYLE="superscript" WC="0.72" CC="32"/>
						<SP ID="P5_SP01671" HPOS="1424" VPOS="4156" WIDTH="9"/>
						<String ID="word001716" HPOS="1434" VPOS="4093" WIDTH="61" HEIGHT="33" CONTENT="my" WC="0.83" CC="30"/>
						<SP ID="P5_SP01672" HPOS="1495" VPOS="4156" WIDTH="14"/>
						<String ID="word001717" HPOS="1509" VPOS="4080" WIDTH="119" HEIGHT="46" CONTENT="place," WC="0.72" CC="252330"/>
						<SP ID="P5_SP01673" HPOS="1629" VPOS="4156" WIDTH="0"/>
					</TextLine>
					<TextLine ID="P5_TL00165" HPOS="299" VPOS="4130" WIDTH="1330" HEIGHT="74">
						<String ID="word001718" HPOS="299" VPOS="4162" WIDTH="90" HEIGHT="41" CONTENT="they" WC="0.50" CC="6633"/>
						<SP ID="P5_SP01674" HPOS="389" VPOS="4204" WIDTH="17"/>
						<String ID="word001719" HPOS="405" VPOS="4157" WIDTH="183" HEIGHT="43" CONTENT="willingly" WC="0.95" CC="100100110"/>
						<SP ID="P5_SP01675" HPOS="588" VPOS="4204" WIDTH="21"/>
						<String ID="word001720" HPOS="609" VPOS="4153" WIDTH="112" HEIGHT="35" CONTENT="heard" WC="0.89" CC="01301"/>
						<SP ID="P5_SP01676" HPOS="722" VPOS="4204" WIDTH="20"/>
						<String ID="word001721" HPOS="742" VPOS="4152" WIDTH="63" HEIGHT="32" CONTENT="the" WC="1.00" CC="000"/>
						<SP ID="P5_SP01677" HPOS="804" VPOS="4204" WIDTH="17"/>
						<String ID="word001722" HPOS="821" VPOS="4149" WIDTH="278" HEIGHT="32" CONTENT="circumstances" WC="0.71" CC="3011135134435" STYLEREFS="TXT_5"/>
						<SP ID="P5_SP01678" HPOS="1098" VPOS="4204" WIDTH="27"/>
						<String ID="word001723" HPOS="1126" VPOS="4140" WIDTH="17" HEIGHT="34" CONTENT="1" WC="0.44" CC="5"/>
						<SP ID="P5_SP01679" HPOS="1142" VPOS="4204" WIDTH="22"/>
						<String ID="word001724" HPOS="1165" VPOS="4137" WIDTH="70" HEIGHT="33" CONTENT="had" WC="0.96" CC="010" STYLEREFS="TXT_5"/>
						<SP ID="P5_SP01680" HPOS="1234" VPOS="4204" WIDTH="20"/>
						<String ID="word001725" HPOS="1254" VPOS="4140" WIDTH="37" HEIGHT="28" CONTENT="to" WC="0.94" CC="01"/>
						<SP ID="P5_SP01681" HPOS="1291" VPOS="4204" WIDTH="13"/>
						<String ID="word001726" HPOS="1304" VPOS="4130" WIDTH="263" HEIGHT="37" CONTENT="communicate" WC="0.97" CC="01001000100" STYLEREFS="TXT_5"/>
						<SP ID="P5_SP01682" HPOS="1567" VPOS="4204" WIDTH="24"/>
						<String ID="word001727" HPOS="1591" VPOS="4131" WIDTH="38" HEIGHT="26" CONTENT="to" WC="1.00" CC="00"/>
						<SP ID="P5_SP01683" HPOS="1629" VPOS="4204" WIDTH="0"/>
					</TextLine>
					<TextLine ID="P5_TL00166" HPOS="300" VPOS="4170" WIDTH="1331" HEIGHT="84">
						<String ID="word001728" HPOS="300" VPOS="4207" WIDTH="92" HEIGHT="46" CONTENT="them" WC="0.53" CC="5335"/>
						<String ID="word001729" HPOS="392" VPOS="4207" WIDTH="24" HEIGHT="46" CONTENT="l" STYLE="subscript" WC="0.53" CC="5"/>
						<SP ID="P5_SP01684" HPOS="416" VPOS="4253" WIDTH="19"/>
						<String ID="word001730" HPOS="435" VPOS="4205" WIDTH="70" HEIGHT="39" CONTENT="and" WC="0.96" CC="010"/>
						<SP ID="P5_SP01685" HPOS="504" VPOS="4253" WIDTH="21"/>
						<String ID="word001731" HPOS="526" VPOS="4204" WIDTH="89" HEIGHT="50" CONTENT="paid" WC="0.64" CC="5431"/>
						<SP ID="P5_SP01686" HPOS="614" VPOS="4253" WIDTH="19"/>
						<String ID="word001732" HPOS="633" VPOS="4202" WIDTH="83" HEIGHT="35" CONTENT="that" WC="0.94" CC="1100"/>
						<SP ID="P5_SP01687" HPOS="716" VPOS="4253" WIDTH="48"/>
						<String ID="word001733" HPOS="764" VPOS="4198" WIDTH="119" HEIGHT="48" CONTENT="wine" WC="0.33" CC="6666"/>
						<SP ID="P5_SP01688" HPOS="883" VPOS="4253" WIDTH="32"/>
						<String ID="word001734" HPOS="915" VPOS="4191" WIDTH="72" HEIGHT="40" CONTENT="and" WC="0.63" CC="154"/>
						<SP ID="P5_SP01689" HPOS="987" VPOS="4253" WIDTH="26"/>
						<String ID="word001735" HPOS="1013" VPOS="4191" WIDTH="69" HEIGHT="34" CONTENT="dae" WC="0.81" CC="140"/>
						<SP ID="P5_SP01690" HPOS="1082" VPOS="4253" WIDTH="27"/>
						<String ID="word001736" HPOS="1109" VPOS="4185" WIDTH="184" HEIGHT="44" CONTENT="attention" WC="0.72" CC="531151115"/>
						<SP ID="P5_SP01691" HPOS="1293" VPOS="4253" WIDTH="26"/>
						<String ID="word001737" HPOS="1319" VPOS="4186" WIDTH="35" HEIGHT="32" CONTENT="to" WC="1.00" CC="00"/>
						<SP ID="P5_SP01692" HPOS="1355" VPOS="4253" WIDTH="28"/>
						<String ID="word001738" HPOS="1383" VPOS="4178" WIDTH="98" HEIGHT="39" CONTENT="them" WC="0.97" CC="0001"/>
						<SP ID="P5_SP01693" HPOS="1481" VPOS="4253" WIDTH="27"/>
						<String ID="word001739" HPOS="1508" VPOS="4170" WIDTH="123" HEIGHT="39" CONTENT="which" WC="0.89" CC="13001"/>
						<SP ID="P5_SP01694" HPOS="1631" VPOS="4253" WIDTH="0"/>
					</TextLine>
				</TextBlock>
				<ComposedBlock ID="pa0005012" HPOS="3202" VPOS="0" WIDTH="209" HEIGHT="1176" TYPE="Illustration">
					<TextBlock ID="P5_TB00012" HPOS="3202" VPOS="0" WIDTH="209" HEIGHT="1176" STYLEREFS="TXT_0 PAR_LEFT">
						<TextLine ID="P5_TL00167" HPOS="3221" VPOS="439" WIDTH="40" HEIGHT="25">
							<String ID="word001740" HPOS="3221" VPOS="439" WIDTH="8" HEIGHT="25" CONTENT="i" WC="0.22" CC="7"/>
							<SP ID="P5_SP01695" HPOS="3229" VPOS="464" WIDTH="28"/>
							<String ID="word001741" HPOS="3257" VPOS="439" WIDTH="4" HEIGHT="25" CONTENT="•" WC="0.22" CC="7"/>
							<SP ID="P5_SP01696" HPOS="3261" VPOS="464" WIDTH="0"/>
						</TextLine>
						<TextLine ID="P5_TL00168" HPOS="3279" VPOS="915" WIDTH="9" HEIGHT="49">
							<String ID="word001742" HPOS="3279" VPOS="915" WIDTH="9" HEIGHT="48" CONTENT="f" WC="0.11" CC="8" STYLEREFS="TXT_5"/>
							<SP ID="P5_SP01697" HPOS="3288" VPOS="964" WIDTH="0"/>
						</TextLine>
					</TextBlock>
				</ComposedBlock>
			</PrintSpace>
		</Page>
	</Layout>
</alto>
