3413 4441
283 79 252 60 MARCH
578 79 76 48 12.

287 239 89 39 they
398 242 96 24 were
508 227 188 46 presented
713 231 40 32 to
769 227 64 37 the
850 227 143 39 House,
1009 226 71 34 and
1108 231 99 31 were
1230 222 193 41 examined
1444 222 47 44 by
1508 231 24 24 a
1548 221 43 34 Se-

288 286 73 33 -I.et
378 279 234 43 Committee,
635 273 207 48 appointed
859 274 59 46 for
934 272 80 45 that
1041 281 176 35 purpose,
1231 270 89 45 they
1333 279 100 30 'were
1452 274 65 39 put
1535 268 77 33 into

293 332 63 41 the
389 328 111 33 hands
530 325 43 40 of
595 324 91 34 Mrs.
707 322 154 34 Clarke.
913 320 144 41 Nature
1090 318 126 44 would
1237 324 39 28 at
1302 326 92 33 once
1408 317 99 35 show
1528 315 81 33 how

293 379 60 33 far
369 376 69 33 and
456 369 40 39 in
509 372 99 34 what
627 380 163 30 manner,
813 365 65 38 She
896 377 77 25 was
992 365 171 50 qtrected.
1214 364 59 38 Ile
1291 364 72 34 had
1380 372 80 25 seen
1475 361 120 44 simpli-

293 428 77 40 city
390 433 47 31 go
464 420 158 43 through
644 420 63 32 the
722 420 93 39 most
831 415 159 45 arduous
1007 407 254 40 examination
1281 410 143 44 clearly
1441 409 69 33 and
1527 419 61 22 cor-

296 472 133 43 rectly,
458 471 65 32 but
542 468 45 33 he
606 467 70 33 had
694 474 111 26 never
823 461 137 38 known
977 461 124 43 design
1119 465 39 28 to
1176 458 162 34 succeed.
1393 458 44 33 In
1457 457 58 32 the
1528 465 86 24 ease

298 520 45 34 of
371 519 93 34 Mrs.
502 514 155 41 Clarke,
699 514 30 34 it
763 522 71 25 was
873 510 67 34 hut
974 507 145 39 World
1149 506 60 34 for
1240 504 78 44 her,
1344 515 46 24 on
1426 503 174 46 procurito
1599 503 20 46 ,

296 569 63 38 the
376 560 267 46 hang-writing
659 561 45 33 of
725 557 155 39 General
898 556 214 43 Clayecing,
1127 552 124 43 which
1263 553 66 38 she
1346 550 71 35 had
1442 549 176 43 imagined

298 625 77 24 was
402 609 214 41 destroyed,
639 614 40 44 to
693 608 118 39 smile,
840 605 106 46 when
970 604 65 40 she
1051 602 67 34 felt
1133 602 81 33 that
1230 601 78 33 that
1326 599 148 44 writing
1492 607 74 24 was
1583 602 38 26 to

299 663 103 33 clear
426 661 66 33 her
508 648 194 45 character
725 652 97 37 front
837 641 66 46 the
920 651 224 45 imputation
1162 648 45 33 of
1230 646 190 39 falsehood
1437 652 73 27 cast
1527 656 46 27 on
1593 643 24 33 it

302 711 48 43 by
369 710 60 34 the
449 707 195 40 testimony
661 702 46 35 of
720 705 78 33 that
823 699 221 47 gentleman.
1094 694 64 38 lle
1186 694 164 34 watched
1391 694 63 33 her
1478 697 125 30 counte-

301 767 126 31 nance,
459 756 69 33 hut
568 762 74 25 saw
677 762 47 24 no
758 749 107 35 other
889 745 231 46 expression.
1191 741 116 37 Could
1336 742 74 33 this
1448 741 43 32 be
1517 738 91 34 attri-

304 804 111 34 buted
442 808 39 28 to
517 811 25 25 a
583 796 261 48 preconcerted
881 793 220 46 conspiracy
1117 791 14 34 ?
1207 790 77 34 The
1333 796 90 28 next
1455 787 100 45 point
1591 784 33 32 in

306 852 122 35 which
457 852 30 32 it
513 849 30 34 is
565 844 207 46 attempted
797 850 38 27 to
857 842 47 34 he
932 841 139 46 proved
1096 839 83 38 that
1200 837 63 34 she
1286 837 69 33 had
1377 831 248 50 prevaricated

305 902 38 43 In
357 900 66 43 her
433 896 191 40 evidence,
641 902 77 33 wits
729 894 80 33 that
823 893 34 34 in
879 888 123 39 which
1013 886 66 35 she
1106 886 72 35 had
1202 885 125 38 denied
1356 883 133 44 having
1502 880 123 47 passed

304 959 41 22 as
372 948 61 32 the
463 943 89 38 wife
587 943 44 34 of
669 943 76 33 Mr.
774 941 169 46 Fowler.
1016 935 93 37 This
1131 934 174 34 assertion
1331 943 78 22 was
1434 928 194 46 disproved

309 998 47 43 by
387 993 151 34 whom?
593 991 58 44 Hy
679 987 172 43 Nichols,
872 985 86 35 who
976 981 72 35 had
1067 981 154 46 proved,
1245 981 45 43 by
1319 981 61 33 the
1407 981 159 33 baseness
1591 974 43 33 of

309 1044 57 33 his
390 1042 175 38 conduct,
593 1038 37 34 in
654 1036 184 44 retaining
862 1037 35 34 in
928 1033 53 33 his
1006 1030 203 44 possession
1234 1028 58 33 the
1317 1028 110 34 letter
1449 1024 178 35 entrusted

308 1096 40 33 to
376 1091 77 32 him
480 1094 37 27 to
541 1087 164 44 destroy,
741 1085 83 33 that
854 1083 47 35 he
938 1089 77 25 was
1050 1075 150 37 himself
1222 1075 193 37 unworthy
1442 1072 43 34 of
1505 1067 125 45 belief,

309 1149 40 22 as
377 1139 28 32 it
433 1146 76 30 was
534 1134 149 34 evident
709 1131 56 33 his
788 1130 125 46 object
939 1128 58 34 for
1029 1124 162 44 keeping
1225 1123 96 33 them
1349 1133 72 25 was
1447 1130 38 26 to
1509 1123 122 30 extort

309 1196 131 33 money
468 1183 93 35 from
591 1182 89 33 Mrs.
712 1180 141 33 Clarke
880 1174 200 40 hereafter,
1102 1173 53 43 by
1178 1170 224 43 threatening
1426 1178 37 26 to
1488 1165 144 52 poblish

312 1234 115 35 them.
504 1232 39 34 It
569 1239 76 24 was
669 1227 45 34 of
733 1226 98 35 little
856 1235 44 26 or
931 1233 47 25 no
1004 1224 252 41 importance;
1281 1218 59 33 for
1367 1219 33 33 if
1421 1230 54 21 we
1501 1212 132 40 looked

313 1281 94 33 hack
437 1284 40 31 to
503 1289 67 25 our
595 1286 85 24 own
707 1272 170 48 youthful
904 1271 105 44 days,
1054 1279 57 30 we
1147 1266 126 34 should
1312 1266 183 43 probably
1521 1260 97 38 recol-

315 1329 71 34 lect
413 1328 83 33 that
523 1336 56 24 we
607 1324 69 33 had
706 1322 107 34 stiled
841 1320 63 34 the
931 1324 152 40 partner
1106 1315 61 35 for
1192 1315 60 32 the
1283 1313 104 41 night
1427 1323 67 24 our
1533 1307 104 40 wife,

315 1377 86 41 who
429 1385 78 24 was
533 1374 35 34 in
594 1372 77 33 fact
696 1381 45 24 no
771 1369 86 37 wife
881 1374 41 28 at
946 1367 50 39 afl
1015 1378 12 27 ;
1076 1364 71 33 and
1174 1362 92 39 that,
1302 1362 34 32 in
1365 1361 60 34 the
1452 1370 123 28 course
1599 1355 43 34 of

315 1424 67 33 Our
407 1424 236 33 amusement,
667 1429 56 22 we
751 1417 91 34 have
866 1424 93 33 gone
983 1415 24 31 h
1058 1421 123 25 names
1206 1408 139 44 foreign
1371 1408 90 33 from
1481 1419 63 20 our
1561 1403 76 35 real

317 1470 69 33 and
410 1470 124 33 actual
563 1467 112 44 titles.
744 1465 81 46 The
849 1460 196 41 assertion,
1072 1456 168 37 Whether
1264 1460 78 30 true
1368 1467 44 21 or
1435 1455 102 37 false,
1567 1462 73 22 was

318 1517 223 45 immaterial
561 1528 12 25 ;
598 1514 70 33 and
694 1512 33 35 if
750 1513 30 32 it
806 1521 73 24 was
917 1511 34 43 in
976 1520 25 21 a
1022 1517 84 25 case
1130 1506 45 33 of
1194 1504 64 33 life
1281 1502 67 34 and
1375 1504 122 39 death,
1525 1501 43 33 he
1579 1501 41 32 de-

315 1564 128 35 dared
458 1570 34 25 to
510 1563 78 32 God
604 1561 30 33 it
654 1560 120 34 would
791 1567 61 27 not
879 1559 35 33 in
943 1557 56 33 his
1023 1553 97 35 mind
1140 1551 200 35 invalidate
1365 1550 61 32 the
1450 1550 190 40 testimony

319 1612 43 33 of
383 1612 64 32 the
467 1611 167 33 Witness.
687 1607 52 33 At
757 1607 61 33 the
836 1602 270 39 court-martial
1126 1600 65 34 she
1211 1610 71 22 was
1304 1598 79 32 also
1403 1594 183 34 described
1606 1605 37 22 as

318 1671 25 21 a
361 1659 154 39 widow,
544 1657 66 33 and
635 1667 72 32 %vas
726 1652 196 39 examined
939 1663 38 22 as
994 1650 103 39 such,
1126 1649 65 39 ilia
1212 1657 71 24 was
1293 1651 61 27 not
1374 1644 110 33 asked
1504 1654 22 22 a
1543 1654 84 31 ques-

321 1708 76 32 tion
416 1717 45 21 on
483 1706 61 33 the
569 1696 158 51 subject,
755 1698 261 46 consequently
1033 1697 105 34 there
1159 1706 73 22 was
1248 1704 44 22 no
1309 1693 154 33 conduct
1481 1690 40 33 of
1548 1689 92 33 her's

319 1765 50 26 on
385 1753 83 35 that
485 1755 167 31 occasion
671 1750 83 33 that
775 1748 110 35 could
902 1744 163 37 warrant
1083 1755 24 22 a
1124 1742 133 43 charge
1276 1740 40 33 of
1339 1739 203 33 falsehood.
1596 1737 54 33 Of

320 1804 64 32 the
418 1807 268 35 twenty-seven
716 1795 202 41 remaining
935 1804 113 30 cases,
1074 1792 65 33 the
1178 1789 112 40 Right
1313 1787 100 33 Min.
1435 1785 211 34 Gentleman

325 1848 70 33 had
417 1854 60 26 not
496 1848 87 32 been
601 1846 87 33 able
706 1848 39 28 to
768 1853 113 35 prove
893 1852 72 34 any
978 1850 81 24 one.
1111 1835 83 35 The
1217 1835 92 33 lion.
1336 1834 210 33 Gentleman
1566 1822 83 50 thijh

324 1900 19 39 y
343 1900 19 39 f
361 1900 58 39 Tet
437 1894 156 40 through
609 1893 61 33 the
686 1891 139 34 several
844 1899 98 25 cases
960 1885 161 45 brought
1142 1881 159 35 forward
1322 1881 51 41 by
1395 1881 73 33 Mr.
1488 1879 161 38 Wardle,

325 1954 45 22 on
391 1942 63 32 the
471 1941 204 45 respective
693 1939 124 32 merits
842 1937 44 34 of
913 1933 120 35 which
1061 1933 45 33 he
1122 1929 189 35 descanted
1337 1929 35 32 in
1390 1928 61 33 the
1470 1933 86 25 most
1574 1926 57 32 clo-

324 1988 110 46 intent
454 1988 70 33 and
546 1988 84 33 able
648 1985 162 41 manner,
837 1980 191 46 asserting,
1055 1980 84 33 that
1154 1977 92 34 from
1259 1976 60 34 the
1338 1976 177 33 clearness
1534 1972 41 33 of
1591 1972 60 33 the

324 2037 178 33 evidence
519 2035 182 39 adduced,
725 2033 69 33 and
829 2031 64 33 the
912 2027 254 48 presilmntive
1185 2023 198 34 inferences
1403 2022 77 34 that
1501 2024 90 28 must
1610 2020 44 32 he

328 2086 128 31 drawn
469 2082 96 34 from
582 2082 60 33 the
656 2081 148 33 various
817 2079 149 37 details,
985 2078 80 32 that
1085 2075 44 32 he
1143 2072 126 35 should
1289 2070 90 33 with
1395 2070 60 32 the
1467 2074 87 27 most
1576 2078 61 32 per-

328 2130 72 35 fect
419 2130 210 33 conviction
647 2128 44 33 of
711 2128 63 33 the
791 2127 157 46 justness
965 2124 72 34 and
1057 2119 250 45 impartiality
1328 2117 44 33 of
1398 2117 53 32 his
1480 2114 176 39 decision,

330 2181 87 28 iole
438 2176 60 33 for
530 2177 60 32 the
617 2176 229 33 Resolutions
873 2170 185 47 proposed
1093 2170 47 43 by
1178 2166 56 33 his
1261 2163 239 35 Honourable
1525 2161 130 41 Friend

332 2237 11 22 t
360 2228 67 31 'lr.
449 2222 168 44 Wardle)
632 2230 37 26 to
689 2222 122 33 whom
842 2222 44 32 he
921 2218 86 44 paid
1032 2217 64 33 the
1119 2219 90 28 most
1226 2209 259 43 distinguished
1504 2207 135 43 compli-

334 2280 93 34 ment
451 2272 56 46 for
528 2271 53 33 his
605 2271 79 38 zeal
703 2270 70 33 and
789 2269 187 43 efficiency
994 2264 131 43 during
1144 2263 64 33 the
1228 2261 117 34 whole
1359 2258 43 33 of
1417 2258 59 32 the
1494 2258 81 40 long
1589 2255 69 33 and

332 2321 161 33 arduous
509 2317 268 34 examination.

381 2368 83 32 The
488 2369 172 30 ArronN
673 2374 56 22 rr
751 2365 154 32 (ir.NETt.
915 2372 20 24 .1
984 2357 122 46 spoke
1135 2361 40 28 at
1204 2352 248 35 considerable
1480 2349 118 41 length
1625 2347 21 34 it

337 2418 157 40 stlpport
515 2412 43 33 of
565 2412 65 33 the
640 2412 76 33 first
735 2409 200 33 resolution
954 2408 41 33 of
1013 2400 17 40 M
1030 2400 18 40 i
1048 2400 35 40 r.
1106 2396 193 46 Ilerceal;
1324 2399 70 35 and
1426 2396 141 44 against
1600 2394 59 34 the

340 2461 158 45 original
519 2456 437 46 motion.Adjourned.

990 2506 4 0 -

791 2555 164 50 Friday,
984 2554 148 38 March
1154 2554 61 35 10..

693 2629 203 24 COLONEL.
957 2613 143 38 ItENCIL
1100 2613 20 38 '
1120 2613 21 38 S
1174 2619 131 26 LEVY.

389 2685 76 34 Mr.
497 2683 136 33 IlcsNv
633 2683 22 33 .
656 2683 67 33 soN
723 2683 24 33 .
783 2678 126 34 moved
941 2676 59 33 fur
1033 2674 142 34 certain
1209 2670 138 44 Papers
1383 2665 203 46 respecting
1603 2662 63 32 the

343 2735 100 40 Levy
469 2731 43 32 of
526 2727 17 35 t
542 2727 17 35 7
559 2727 116 35 olontgl
698 2726 157 35 French.
908 2720 86 37 The'
1017 2722 102 33 Hon.
1142 2721 105 31 Cent.
1269 2718 85 31 then
1387 2713 124 34 moved
1547 2711 57 32 fur
1622 2720 43 21 an

341 2786 157 28 account
516 2778 44 32 of
570 2778 60 32 the
657 2776 138 32 several
935 2769 157 45 charged
1124 2766 139 41 a;;;ainst
1281 2765 246 31 0)N-eminent
1546 2769 44 21 on
1605 2767 40 21 ac-

341 2835 112 40 count
484 2825 43 34 of
543 2823 151 37 Colonel
731 2820 168 37 French's
933 2818 69 35 Lev
1011 2828 35 21 v.
1098 2815 80 32 The
1205 2813 135 33 motion
1362 2819 73 22 was
1455 2806 126 44 agreed
1613 2811 52 32 to,

339 2875 67 34 :..nd
439 2874 61 34 the
539 2872 94 33 lion.
671 2870 215 33 tientle.nan
915 2862 221 37 afterwards
1170 2859 157 44 brought
1346 2868 47 34 op
1415 2856 60 33 the
1492 2858 171 33 account,

346 2934 25 21 w
384 2923 86 32 hie!)
493 2930 78 25 was
589 2919 76 34 laid
681 2928 46 22 on
744 2917 60 33 the
824 2915 112 33 table.

824 2983 118 26 DUKE
972 2982 56 22 OV
1058 2978 139 26 YORK.

394 3031 73 34 Mr.
494 3031 165 34 Bvus.
715 3025 18 33 I
761 3035 56 21 am
841 3021 60 34 Wot
901 3021 20 34 .
921 3021 60 34 the
1002 3030 79 22 man
1102 3026 37 24 to
1155 3018 118 31 throw
1291 3013 63 34 the
1369 3009 113 35 broad
1496 3006 115 37 shield
1631 3004 44 33 of

348 3081 148 40 flattery
523 3077 72 38 and,
619 3073 169 41 servility
809 3081 87 21 over
913 3079 69 24 any
1004 3070 154 39 corrupt
1178 3061 177 46 practices
1377 3058 34 34 in
1431 3056 120 46 public
1579 3063 92 28 men,

335 3129 40 31 .it
399 3129 28 31 is
448 3138 59 21 my
523 3123 155 35 avowed
699 3120 150 44 opinion
870 3118 78 32 that
967 3115 84 32 such
1071 3117 151 37 corrupt
1245 3107 139 46 practic
1384 3107 20 46 e
1404 3107 20 46 s
1443 3105 33 32 in
1494 3102 84 34 such
1596 3110 77 24 men

351 3171 131 37 ::.hould
519 3172 44 33 be
604 3167 163 35 branded
804 3165 91 33 ith
937 3167 149 40 greater
1127 3158 138 43 infamy
1302 3156 33 31 in
1380 3151 216 46 proportion
1636 3154 37 26 to

350 3222 99 33 their
484 3224 146 38 greater
676 3213 196 37 mischiefs.
961 3210 14 33 I
1019 3219 66 24 can
1128 3215 124 30 never,
1306 3198 197 39 therefore,
1561 3195 110 33 allow

351 3270 81 32 that
461 3267 65 33 the
559 3265 92 33 rank
669 3263 46 33 of
745 3262 63 33 the
826 3257 176 39 ()Wender,
1036 3257 44 31 be
1114 3255 27 32 it
1168 3261 89 25 ever
1281 3260 39 24 so
1354 3244 164 39 exalted,
1546 3241 128 34 should

352 3326 124 24 screen
509 3313 73 33 him
608 3309 207 46 personally
849 3308 93 32 from
971 3306 63 31 the
1062 3301 224 46 ptmishment
1305 3296 67 33 and
1397 3292 136 44 infamy
1556 3288 118 34 which

353 3361 131 34 should
514 3360 100 33 avail
648 3353 54 37 his
724 3356 168 33 criminal
919 3358 91 28 acts.
1069 3352 40 32 In
1139 3347 73 33 this
1239 3345 100 45 point
1359 3343 44 33 of
1430 3330 105 45 view,
1566 3346 109 32 rVery

354 3422 67 22 one
457 3413 93 27 must
592 3407 46 31 be
670 3403 156 34 sensible
861 3402 80 33 that
985 3399 56 32 his
1083 3396 124 33 Royal
1250 3390 195 44 nighties-.
1489 3387 14 31 !
1504 3387 15 31 .
1519 3387 61 31 root
1626 3383 53 32 his

356 3458 169 44 princely
559 3454 93 33 rank
686 3450 71 34 and
787 3449 189 35 connection
976 3449 38 35 .,
1013 3449 19 35 ,
1070 3442 107 35 could
1212 3446 58 27 not
1302 3437 102 33 stand
1442 3433 123 32 he!'4lre
1600 3431 78 32 that

360 3507 125 34 tiowe
517 3513 40 24 as
588 3511 44 22 an
672 3497 222 34 individual_
966 3495 34 32 It
1042 3490 137 38 would,
1222 3489 33 32 in
1287 3496 22 22 a
1342 3484 65 41 degr
1407 3484 15 41 ,
1422 3484 50 41 '('
1505 3488 34 25 at
1576 3480 69 38 le;1
1644 3480 18 38 1
1662 3480 18 38 ,

356 3554 110 32 atrcet
500 3552 63 32 the
596 3547 128 45 public
767 3543 228 37 estimation,
1050 3539 69 34 and
1165 3539 61 31 the
1270 3531 126 46 public
1439 3534 137 37 re,:reet
1626 3526 54 32 for

357 3602 60 31 Vie
438 3596 164 45 reigning
615 3594 128 41 family
763 3605 9 26 ;
801 3592 66 32 and
892 3592 33 31 in
941 3591 99 32 these
1070 3587 118 35 time:,
1204 3581 150 39 nothing
1375 3588 48 21 WO
1423 3588 25 21 ,
1470 3587 12 19 !
1482 3587 12 19 ,
1494 3587 13 19 0

356 3650 44 32 he
415 3646 159 33 dreaded
594 3653 38 22 as
646 3643 73 33 this
736 3639 220 34 diminution
981 3635 93 33 front
1096 3634 61 32 the
1176 3635 138 38 respect
1331 3625 70 34 due
1433 3631 37 25 to
1494 3620 188 41 sot.ereign

361 3697 86 31 how-
452 3705 52 28 es,
531 3689 155 45 through
706 3689 50 32 all
780 3687 96 32 their
893 3683 193 35 branches.
1141 3681 33 35 1,
1201 3677 56 33 for
1276 3685 83 25 one,
1385 3670 198 38 therefore,
1612 3669 70 35 Sir,

359 3742 113 33 heard
491 3741 71 33 this
583 3736 156 45 Inquiry
759 3732 183 47 proposed
965 3730 89 33 with
1075 3728 220 34 reluctance,
1305 3720 70 34 and
1393 3729 73 24 saw
1483 3718 26 32 it
1530 3713 155 46 proceed

361 3790 33 32 in
415 3790 63 32 the
489 3788 94 33 form
602 3784 69 34 and
691 3793 145 24 manner
856 3782 33 31 in
911 3790 25 21 w
948 3780 83 32 hich
1054 3777 25 31 it
1098 3776 64 32 has
1183 3768 215 47 proceeded,
1417 3765 87 33 with
1519 3763 60 33 the
1597 3767 89 27 most

360 3835 181 45 profound
565 3839 133 35 regret.
754 3829 302 35 Circumstances,
1076 3823 188 33 however,
1292 3816 93 33 have
1401 3822 80 25 now
1500 3808 158 44 changed
1675 3819 11 28 ;

361 3885 63 32 the
444 3889 133 27 matter
606 3881 63 32 has
698 3879 92 31 been
826 3876 158 40 brought
1003 3869 180 38 forward,
1209 3865 66 33 and
1293 3862 133 41 having
1442 3861 86 31 been
1544 3868 39 21 so
1604 3865 63 34 pro-

361 3931 130 41 duced,
520 3931 26 32 it
566 3938 81 24 now
676 3927 167 31 becomes
874 3933 22 21 a
932 3922 215 40 paramount
1165 3915 87 40 duty
1274 3909 90 33 with
1398 3908 59 32 tin'
1486 3906 141 33 House,
1654 3909 35 24 to

361 3971 195 50 discharge
574 3977 60 31 the
654 3978 79 40 part
756 3970 120 34 which
894 3970 194 40 belong:to
1106 3964 45 32 it.
1186 3959 122 35 Under
1325 3957 100 32 these
1446 3950 244 46 impression:,

369 4028 13 32 I
412 4026 93 32 shall
539 4029 57 28 not
631 4022 104 33 deem
768 4019 26 32 it
816 4025 189 25 necessary
1035 4018 37 27 to
1101 4009 146 45 qualify
1276 4015 58 32 my
1359 4002 221 34 sentiments,
1623 3996 66 33 and

361 4072 96 37 ,hall
478 4071 185 35 therefore
694 4065 158 47 proceed
889 4070 34 27 to
954 4072 84 33 give
1069 4069 58 34 any
1159 4054 150 45 opinion
1332 4059 47 25 on
1407 4049 60 33 the
1483 4056 98 33 caw,
1607 4055 38 25 as
1667 4044 25 32 it

2884 45 81 54 171

1671 222 133 39 stands,
1818 231 45 22 on
1893 220 44 33 its
1964 229 81 22 own
2062 217 137 33 merits.
2251 214 79 32 The
2354 208 241 37 Honourable.
2626 207 213 32 Gentleman
2859 204 46 30 by
2926 210 60 33 my

1671 260 76 47 bide
1767 268 93 43 (Mr.
1881 265 189 43 Bathurst)
2091 274 84 33 very
2194 261 177 45 property
2387 256 187 46 suggested
2593 261 34 26 to
2644 255 58 31 the
2721 252 138 34 House,
2878 249 33 32 in
2931 249 61 31 the

1672 317 133 33 debate
1822 314 44 34 of
1879 315 67 32 last
1964 313 116 43 night,
2095 312 76 31 that
2187 311 61 32 the
2268 308 168 34 Address,
2461 315 38 20 as
2518 300 178 45 propieied
2718 299 46 41 by
2789 300 64 28 the
2872 296 122 33 Chau,

1675 364 115 34 cellor
1807 361 41 33 of
1865 361 59 35 the
1946 361 233 40 Exchequer,
2207 353 163 35 iecluded
2389 352 81 41 (tidy
2493 356 76 26 two
2590 347 170 32 members
2787 343 43 33 of
2845 341 60 33 the
2931 350 44 34 ge-

1677 410 97 33 neral
1801 409 145 43 charge,
1972 407 79 33 that
2079 406 30 31 is
2138 410 35 26 to
2191 415 79 32 say,
2300 399 162 45 personal
2497 394 217 43 corruption
2730 391 71 33 and
2828 389 168 33 criminal

1677 456 231 35 connivance.
1961 455 65 43 My
2048 451 241 34 Honourable
2326 446 38 33 Ft
2376 446 76 31 ietel
2486 455 12 18 e
2511 454 64 31 cry
2604 441 113 43 justly
2750 437 138 40 added,
2915 433 83 34 that

1677 506 102 32 there
1801 511 73 24 was
1889 511 22 24 a
1937 500 96 39 third
2054 500 117 43 point,
2199 498 43 31 he
2263 496 61 33 bay
2339 495 56 39 ing
2411 491 151 43 granted
2582 498 105 31 away
2708 485 59 33 the
2789 485 123 43 places
2926 481 73 34 aid

1680 552 270 43 appointments
1974 547 44 32 of
2049 548 53 31 his
2137 544 118 37 dice,
2281 543 109 31 under
2417 539 113 32 undue
2567 535 182 32 infhwece.
2805 531 64 40 My
2896 530 100 33 Hon.

1687 596 130 37 Friend
1833 595 130 39 stated,
1988 601 39 26 at
2046 594 60 32 the
2122 602 96 22 same
2249 591 99 37 time,
2378 585 76 33 that
2490 583 71 32 this
2582 582 113 34 undue
2717 578 171 32 influence
2926 586 73 21 was

1682 656 37 22 as
1735 644 155 43 directly
1915 641 202 44 pernicion:
2134 645 37 27 to
2191 638 60 33 the
2269 635 106 44 spirit
2395 631 65 34 aed
2479 631 191 31 character
2691 626 39 31 of
2747 626 60 31 the
2823 634 34 21 a;
2869 634 76 26 my,
2962 631 39 25 as

1684 702 85 22 ever
1788 691 60 32 the
1865 690 141 41 alleged
2026 686 163 46 personal
2209 681 213 44 corruption
2433 678 69 33 and
2518 672 229 35 commercial
2761 672 236 31 connivance.

1688 738 132 34 Mould
1856 743 59 33 not
1941 735 83 33 such
2043 745 44 27 an
2106 733 167 44 opittion,
2301 731 19 34 it
2320 731 11 34 .
2355 725 183 44 generally
2576 728 141 26 current
2739 719 34 31 in
2805 718 60 30 the
2880 726 123 33 army,

1685 785 66 33 and
1769 784 183 43 generally
1972 787 137 30 current
2133 787 24 26 it
2180 790 86 25 was,
2296 782 89 26 most
2415 771 131 40 totally
2568 759 124 50 destroy
2692 759 19 50 -
2727 767 50 31 all
2799 763 78 32 that
2893 763 112 44 spirit

1685 831 67 33 and
1776 831 210 38 emulation,
2017 829 117 33 which
2167 826 34 33 in
2233 826 59 32 the
2311 831 118 32 army,
2446 829 37 30 as
2513 819 33 31 iu
2565 826 109 31 (very
2696 811 99 41 thing
2815 811 87 39 else,
2931 819 73 25 was

1689 889 183 32 necessary
1894 886 34 24 to
1942 878 203 32 excellence
2160 874 12 32 ?
2232 872 11 32 1
2269 875 89 27 must
2378 867 106 43 fully,
2506 862 197 35 there:sore,
2721 859 117 44 adopt
2854 857 70 33 this
2940 859 45 32 ad-

1689 927 154 33 ditional
1860 925 99 44 point
1977 922 41 33 of
2033 934 32 21 in
2117 917 235 38 Honourable
2375 912 148 34 Friend.
2576 909 120 32 There
2720 905 27 33 is
2760 905 73 32 still
2851 905 157 32 another

1693 977 117 41 point,
1835 983 21 24 a
1876 971 123 34 fourth
2019 971 117 46 point,
2161 974 37 25 to
2220 977 24 21 w
2259 965 80 31 hich
2368 963 9 32 I
2401 967 87 26 must
2506 956 71 34 call
2598 957 59 31 the
2675 952 180 34 attention
2880 950 41 33 of
2944 952 64 31 the

1698 1022 133 35 House,
1857 1030 38 24 as
1913 1025 37 25 to
1978 1018 53 43 my
2056 1015 109 39 mind,
2191 1013 69 32 and
2281 1019 35 24 to
2346 1010 76 32 that
2441 1006 40 33 of
2497 1013 109 33 many
2626 1000 41 33 of
2691 1011 57 32 my
2770 997 240 34 Honourable

1697 1068 162 39 Friends,
1889 1067 24 32 it
1938 1065 59 33 has
2028 1074 86 24 very
2135 1057 248 37 considerable
2417 1054 133 43 weight
2567 1062 11 26 ;
2611 1049 12 32 1
2654 1058 100 21 mean
2789 1044 64 33 the
2875 1045 136 34 offence

1693 1116 142 41 against
1851 1113 124 45 puhlic
1993 1111 148 38 morals,
2169 1110 33 31 in
2235 1107 59 32 the
2323 1101 214 35 scandalous
2559 1098 72 31 and
2661 1093 239 46 unbectening
2926 1101 64 24 con-

1694 1163 141 33 nection
1851 1157 283 43 acknowledged
2150 1157 48 40 by
2220 1155 53 31 his
2293 1152 117 40 Royal
2430 1147 191 44 Highness.
2678 1141 201 32 Whatever
2890 1139 107 32 ell'ect-

1695 1211 40 32 ed
1757 1209 60 33 the
1838 1211 113 35 State,
1968 1206 120 32 either
2107 1202 158 40 directly
2285 1209 41 22 or
2346 1191 327 46 censequentially,
2707 1198 72 22 was
2802 1186 130 33 within
2952 1183 63 33 the

1697 1258 171 44 province
1887 1254 43 33 of
1945 1256 74 31 that
2039 1253 141 35 'louse,
2198 1248 67 32 and
2291 1257 41 21 no
2352 1256 65 20 one
2438 1254 22 19 w
2476 1243 56 38 ill,
2555 1241 14 31 1
2593 1241 106 39 hope,
2717 1237 112 39 deny,
2844 1233 79 32 that
2941 1232 74 32 this

1697 1315 92 34 open
1809 1303 206 32 adulterous
2033 1296 214 35 connection
2267 1293 69 32 had
2354 1292 84 31 been
2469 1289 157 32 without
2644 1287 92 28 Some
2761 1281 193 32 detriment
2975 1287 37 24 to

1700 1352 61 32 the
1779 1350 129 33 official
1928 1348 189 40 dischar:re
2135 1343 41 33 of
2192 1342 60 31 the
2269 1339 115 32 ditties
2413 1336 41 31 of
2484 1335 63 33 the
2580 1330 240 34 Commander
2836 1338 33 21 in
2888 1328 128 33 Chief.

1752 1398 52 33 ith
1825 1398 70 32 this
1915 1396 91 32 view
2028 1394 41 32 of
2083 1393 59 32 the
2159 1389 156 43 subject,
2335 1383 198 39 therefore,
2568 1381 14 32 1
2619 1377 116 34 intend
2769 1383 38 25 to
2837 1374 178 33 conclude

1702 1456 57 21 my
1783 1444 138 33 Motion
1952 1441 86 33 with
2060 1449 44 21 an
2130 1437 151 33 Address
2298 1434 40 31 sti
2355 1430 133 34 framed
2507 1439 39 22 as
2570 1437 79 32 may
2678 1423 142 33 include
2836 1421 51 33 all
2917 1422 99 31 these

1704 1494 131 43 point..
1856 1491 65 33 and
1941 1491 78 31 thus
2035 1486 130 34 enable
2184 1483 63 32 the
2281 1481 122 32 House
2426 1483 35 26 to
2483 1483 104 25 Cool('
2606 1483 33 21 lo
2669 1483 21 20 a
2720 1469 176 35 decision,
2917 1479 25 22 w

2956 1470 43 28 be-

1704 1541 79 31 ther
1804 1541 52 31 his
1878 1538 117 33 Royal
2021 1534 178 41 Highness
2232 1530 41 32 ha
2322 1528 85 30 been
2435 1524 118 43 guilty
2583 1520 41 32 of
2647 1518 81 33 such
2752 1515 168 45 personal
2939 1526 63 21 cor-

1706 1589 158 41 ruption,
1881 1584 85 33 such
1995 1580 167 34 criminal
2192 1577 235 33 connivance,
2456 1572 69 30 end
2555 1569 44 32 of
2626 1566 128 39 havine
2772 1561 106 33 acted
2909 1563 111 33 tinder

1704 1635 84 32 such
1809 1633 112 33 undue
1942 1630 185 33 influence.
2179 1615 119 43 These
2320 1620 73 32 will
2414 1619 41 30 be
2476 1618 61 30 the
2557 1615 94 32 main
2672 1613 118 41 points
2807 1609 44 33 of
2880 1617 100 25 wnat

1708 1683 90 31 have
1817 1688 37 26 to
1874 1687 168 35 propose.
2096 1674 19 33 1
2145 1681 103 25 come
2267 1678 78 24 now
2367 1677 35 21 to
2431 1675 63 31 say
2515 1674 22 21 a
2556 1663 70 31 few
2649 1671 21 20 v.
2683 1659 79 31 tads
2790 1667 44 22 on
2856 1658 59 30 the
2941 1667 83 22 case

1708 1728 111 34 itself.
1847 1727 119 33 There
1983 1731 158 38 appears
2161 1727 35 25 to
2218 1728 54 21 me
2294 1721 35 26 to
2350 1715 43 30 be
2409 1714 48 31 Oa
2469 1721 41 20 ee
2529 1720 43 21 or
2590 1709 80 32 fintr
2685 1707 119 44 ponds
2820 1706 34 31 in
2876 1704 61 31 the
2948 1715 37 20 es
2996 1704 15 31 i-

1707 1778 109 31 dence
1831 1772 116 35 which
1961 1772 102 41 bring
2078 1769 26 31 it
2118 1769 105 30 home
2241 1770 35 25 to
2293 1763 53 31 his
2363 1759 117 43 Royal
2503 1757 26 32 II
2541 1756 141 41 ighness
2696 1765 7 20 ;
2735 1754 59 30 the
2812 1750 52 33 Ist
2881 1752 44 39 is,
2939 1752 91 32 ilia

1709 1822 155 44 Taylor.
1890 1820 12 31 I
1917 1820 46 31 do
1977 1822 59 27 not
2054 1826 100 22 mean
2169 1819 39 25 io
2226 1821 80 32 say,
2326 1809 74 31 that
2418 1806 72 33 this
2506 1801 159 47 person's
2678 1800 77 32 testi
2764 1808 103 32 inoey
2887 1798 27 32 is
2931 1799 77 31 alto-

1709 1871 126 41 gether
1845 1866 261 44 unsuspicious,
2120 1859 133 43 though
2272 1859 9 31 I
2304 1853 176 41 terteinly
2503 1863 25 21 w
2542 1851 40 31 ill
2598 1856 58 26 not
2669 1858 44 31 b.')
2728 1856 34 22 to
2781 1845 57 32 the
2856 1845 118 39 teneth
2989 1844 44 32 of

1715 1917 141 40 saving,
1881 1925 46 21 on
1946 1915 58 31 the
2023 1912 106 31 other
2150 1906 112 37 hand,
2289 1904 76 31 that
2386 1902 102 32 there
2506 1900 30 32 is
2554 1899 138 39 enough
2717 1902 33 24 to
2769 1891 200 33 iityalidate

1711 1974 43 22 or
1769 1972 87 24 even
1883 1967 38 27 to
1939 1958 150 34 weaken
2109 1956 41 31 it.
2246 1961 74 28 ow,
2356 1950 47 31 let
2430 1957 70 32 any
2518 1944 211 34 Gentleman
2750 1938 165 33 consider
2934 1937 57 33 for
3008 1949 26 22 a

1714 2014 155 30 moment
1891 2008 60 32 the
1971 2006 119 33 word
2111 2001 123 34 which
2255 1998 61 33 she
2333 1995 70 43 alle
2402 1995 17 43 t
2419 1995 53 43 eal
2503 1993 61 32 the
2589 1990 106 33 Deke
2713 1995 34 25 to
2769 1987 93 32 have
2875 1985 162 43 spoken,

1713 2057 66 33 and
1806 2059 13 32 l
1848 2053 105 35 thiiik
1975 2063 45 22 on
2040 2052 61 32 the
2134 2059 86 32 very
2252 2044 150 33 interval
2433 2042 177 30 evidence
2637 2035 40 33 of
2705 2036 97 30 these
2832 2043 21 20 w
2868 2033 96 38 ord3,
2992 2035 45 30 he

1717 2105 78 32 will
1835 2104 92 32 have
1959 2111 46 22 no
2037 2096 112 33 doubt
2194 2096 65 31 but
2293 2093 78 31 that
2415 2089 52 31 his
2518 2087 76 40 Roy
2606 2083 32 33 at
2683 2082 180 39 Hielmess
2893 2079 59 31 di:l

2991 2091 40 20 sn

1715 2152 116 44 speak
1848 2150 109 33 them.
2008 2148 57 30 To
2083 2156 52 20 in,
2161 2141 96 33 mind
2272 2141 85 39 they
2381 2137 89 32 have
2489 2134 51 33 all
2561 2137 58 28 the
2639 2132 208 32 characters
2864 2126 43 32 of
2923 2130 113 37 truth,

1716 2200 50 32 all
1795 2199 59 31 the
1881 2196 93 33 little
2001 2194 278 32 circumstances
2306 2185 57 32 wlt
2370 2185 54 31 ich
2434 2206 8 14 ,
2472 2183 33 32 in
2533 2181 182 41 questions
2740 2176 43 32 of
2805 2176 72 32 this
2896 2181 142 30 nature,

1716 2246 116 45 speak
1852 2254 97 22 more
1969 2238 221 47 powerfully
2212 2236 85 32 than
2317 2233 171 32 volumes.
2549 2228 37 32 ll'
2603 2228 85 32 Miss
2704 2224 142 43 Taylor
2867 2220 15 33 l
2883 2232 14 20 a
2902 2223 31 30 id
2952 2224 89 30 beets

1719 2306 22 20 a
1772 2290 229 44 conspirator
2022 2287 87 32 witii
2157 2285 25 30 Yl
2193 2293 44 21 Es.
2262 2282 152 35 Clarke,
2440 2277 63 31 she
2533 2274 120 32 would
2676 2272 90 31 have
2787 2269 248 33 reinteabereti

1719 2349 105 33 many
1841 2348 96 22 more
1951 2344 86 22 cons
2046 2344 19 20 e
2070 2334 33 34 ut
2104 2334 17 34 ,
2120 2334 119 34 ations,
2263 2329 63 32 she
2380 2324 83 33 allid
2479 2327 89 28 'Well
2593 2333 32 32 pi
2636 2326 93 26 escut
2757 2324 35 26 at
2816 2326 104 32 many
2942 2327 102 20 mere

1721 2383 211 35 unreserved
1959 2378 339 41 communications.
2352 2373 86 33 This
2466 2372 261 32 circunisiauce
2759 2365 110 32 ;done
2891 2365 27 30 is
2947 2363 96 31 sun:-

1721 2435 94 35 Omit
1837 2439 34 25 to
1890 2440 56 21 me
1961 2431 74 31 that
2061 2427 86 31 Miss
2161 2420 172 37 Taylor's
2355 2420 171 31 evidence
2548 2417 30 32 is
2598 2417 81 30 here
2700 2421 35 22 to
2753 2413 44 30 be
2822 2411 167 32 received
3007 2421 39 21 as

1720 2480 167 44 genuine,
1913 2478 67 30 amid
2004 2489 25 19 w
2042 2476 65 31 hen
2130 2474 15 32 I
2161 2471 72 33 add
2254 2470 72 32 this
2341 2464 219 37 coosiderati
2569 2473 43 21 on
2631 2469 34 25 to
2691 2460 59 32 the
2769 2458 155 33 internal
2944 2458 84 31 testi-

1724 2538 106 32 mony
1850 2525 43 33 of
1907 2526 59 31 the
1997 2520 117 33 words
2141 2517 229 37 themselves,
2400 2513 11 32 l
2435 2523 66 22 can
2528 2510 118 41 really
2678 2507 91 32 nave
2785 2516 45 22 no
2849 2505 115 32 doubt
2983 2506 66 32 but

1726 2575 78 38 that
1821 2572 83 33 such
1926 2570 116 33 words
2060 2577 96 21 were
2173 2564 142 44 spoken
2334 2563 46 41 by
2396 2561 52 31 his
2472 2558 122 43 Roy-al
2696 2554 113 32 loteAs.
2865 2554 79 31 The
2962 2561 90 25 twat

1724 2622 256 33 circumstance
2010 2614 120 34 which
2161 2610 182 41 certainly
2374 2608 120 40 brings
2532 2607 60 31 the
2620 2611 126 22 matter
2781 2601 106 31 home
2920 2606 35 25 to
2994 2601 54 31 leas

1731 2669 119 35 Royal
1870 2667 193 40 Highness,
2091 2662 43 38 is,
2161 2660 60 31 the
2242 2668 51 22 in\
2304 2657 151 32 sterioas
2474 2660 100 30 note,
2602 2662 37 20 as
2666 2652 25 30 it
2719 2647 66 33 had
2809 2648 89 30 been
2914 2647 138 41 called,

1727 2717 64 32 but
1827 2726 22 22 a
1881 2721 84 25 note
1997 2722 44 20 on
2075 2720 22 21 w
2112 2708 56 31 Inc
2176 2709 19 30 It
2228 2717 45 20 no
2301 2714 83 28 one,
2433 2702 13 31 I.
2479 2701 142 31 believe
2654 2707 66 21 call
2756 2705 80 21 now
2870 2696 182 30 entertain

1727 2774 71 32 any
1847 2761 126 32 doubt.
2041 2757 39 33 If
2122 2756 61 32 the
2230 2757 83 27 note
2365 2748 66 33 had
2483 2748 90 30 been
2607 2756 24 22 a
2657 2745 163 37 foreery,
2862 2741 24 31 it
2931 2751 22 21 tv
2966 2743 86 32 mei

1731 2810 93 33 have
1843 2809 87 32 been
1961 2815 99 24 more
2085 2803 133 38 direct,
2243 2807 100 24 more
2376 2794 226 44 completely
2634 2797 34 26 to
2698 2794 58 27 the
2789 2798 171 33 purpose.
3019 2789 34 32 It.

1733 2857 123 32 would
1873 2855 91 33 have
1990 2851 64 34 left
2076 2851 151 37 nothing
2261 2854 37 25 to
2327 2845 124 32 doubt.
2504 2842 83 32 The
2615 2846 79 26 note
2715 2835 184 34 (114:1Criei'e
2929 2842 34 25 lo
2994 2846 30 22 m
3024 2846 30 22 y

1731 2906 112 35 mind,
2101 2908 21 20 a
2146 2893 151 38 eeneine
2319 2898 105 28 note;
2451 2889 70 33 and
2548 2889 14 32 I.
2584 2898 64 21 Call
2675 2888 90 30 have
2784 2893 46 22 no
2859 2881 109 33 doubt
2991 2884 67 32 but

1734 2952 78 32 that
1833 2952 27 31 it
1878 2959 72 24 was
1978 2955 71 24 seat
2074 2946 47 40 by
2151 2944 61 31 the
2238 2940 106 33 Duke
2372 2939 40 31 of
2434 2936 107 34 l'ork
2567 2942 37 24 to
2626 2936 84 30 Alt...
2732 2929 156 37 Clarke,
2919 2930 57 31 for
2992 2931 43 31 th
3034 2931 21 31 a

1734 3007 158 35 puroose
1909 2994 43 34 of
1965 2992 164 41 sliewing
2160 2987 122 44 Major
2300 2987 97 38 Tony
2409 2996 34 22 n.
2500 2983 124 32 Under
2646 2981 97 32 these
2761 2978 294 39 circuinstames.,

1734 3046 99 38 theta
1861 3043 99 34 what
1993 3051 73 24 was
2096 3038 60 32 the
2192 3043 184 32 necessary
2409 3030 207 34 inference?
2683 3027 31 30 1t
2730 3026 65 43 lay,
2835 3024 27 32 it
2897 3030 37 26 at
2970 3026 91 31 least

1737 3092 136 45 proved
1890 3091 79 32 that
1988 3089 103 32 there
2108 3094 72 21 was
2194 3093 46 21 an
2259 3086 115 26 unrest
2383 3078 120 32 reiecd
2528 3076 220 32 intercourse
2763 3072 70 32 itad
2861 3081 172 24 conVelea

1735 3141 77 32 lion
1856 3141 163 30 between
2072 3133 90 32 Mrs.
2206 3128 138 35 Clarke
2386 3128 66 30 and
2502 3124 53 32 his
2606 3123 22 31 EZ
2640 3120 83 44 oyal
2774 3120 13 31 I
2796 3119 9 32 I
2817 3118 139 43 igheegs

1737 3188 61 31 the
1850 3185 141 44 subject
2031 3180 45 34 of
2121 3178 164 39 military
2343 3180 161 31 matters,
2556 3170 71 32 anti
2679 3168 72 31 this
2803 3169 260 30 couversatieo

1736 3235 69 32 and
1840 3233 220 32 intercourse
2095 3227 27 32 is
2148 3226 98 32 what
2281 3222 12 33 I
2327 3231 102 21 !neon
2459 3220 47 41 by
2542 3219 117 32 meltee
2688 3214 194 33 iotluence.

1740 3282 51 32 cal
1817 3275 226 43 Clavering's
2062 3278 106 31 letter
2185 3273 27 31 is
2231 3270 44 33 of
2298 3270 59 32 the
2386 3278 96 22 same
2497 3265 146 44 general
2665 3263 190 32 tenderer.
2919 3261 33 32 It
2975 3270 92 33 tau,

1742 3325 175 37 French's
1935 3326 77 40 levy
2040 3321 70 34 cad
2143 3321 60 31 the
2228 3327 98 22 same
2352 3322 118 33 strong
2502 3311 230 45 probability
2756 3309 164 31 inherent
2939 3320 44 20 oa
3004 3311 66 30 the

1741 3376 79 32 face
1838 3374 43 32 of
1894 3376 43 38 it,
1941 3372 73 31 it
2039 3380 71 21 was
2143 3365 196 41 indirectly
2357 3360 193 34 cootioned
2583 3361 46 28 by
2662 3359 139 34 beters,
2824 3366 26 22 w
2865 3356 80 32 hich
2970 3366 79 21 were
3050 3366 20 21 ,

1740 3424 79 33 o:elt
1843 3418 237 41 accidentally
2102 3411 229 39 discovered,
2349 3409 66 32 and
2430 3407 137 32 seized.
2603 3407 8 31 I
2631 3411 84 26 inust
2733 3403 125 44 avquit
2877 3402 54 32 his
2948 3402 74 33 Ito\
3033 3404 35 32 al

1996 3476 66 21 airy
2083 3459 165 46 personal
2270 3456 229 43 corruption,
2525 3455 60 31 but
2611 3455 7 31 I
2637 3457 128 28 cannot
2793 3448 126 45 acquit
2940 3449 73 34 him
3034 3450 44 33 of

1741 3517 201 40 sonwthiug
1955 3510 256 47 approachiog
2236 3515 35 22 to
2291 3504 164 33 frit:Ho:A
2478 3500 234 32 roolii%aufe.
2770 3497 125 33 Under
2908 3498 74 32 this
3002 3498 47 31 int

1744 3565 177 45 pression,
1951 3563 71 33 Sir,
2057 3559 8 32 I
2096 3556 91 32 shall
2211 3563 102 22 move
2343 3552 73 32 aim;
2440 3560 43 20 all
2511 3549 155 31 Address
2686 3547 43 31 be
2748 3544 193 44 presented
2961 3552 35 26 to
3020 3544 56 33 his

1791 3611 131 45 ajesty,
1942 3607 149 39 humbly
2108 3601 246 45 representing
2369 3607 33 22 to
2418 3598 86 38 him,
2522 3595 77 32 that
2617 3594 59 33 the
2696 3592 123 33 House
2841 3591 132 44 haying
2986 3593 92 43 duly*

1743 3657 194 37 examined
1955 3656 48 33 all
2022 3654 59 31 the
2094 3653 151 39 charges
2265 3646 177 44 produced
2461 3643 131 33 Oefore
2611 3641 111 38 them,
2734 3639 70 32 and
2822 3638 64 33 the
2901 3640 177 33 evidence

1749 3710 33 31 in
1804 3710 154 38 suepurt
1976 3702 41 32 of
2048 3702 113 33 them,
2181 3694 209 33 coneolered
2428 3693 24 31 it
2483 3702 41 20 as
2556 3689 96 32 their
2669 3690 86 39 duty
2789 3692 38 26 to
2854 3691 93 27 state
2967 3692 35 26 to
3026 3687 56 32 his

1754 3754 171 45 Majesty,
1956 3750 78 32 that
2070 3748 58 31 the
2156 3748 152 38 corrupt
2339 3739 176 45 practice:
2546 3733 146 45 alleged
2717 3733 69 33 had
2815 3733 143 32 existed
2976 3746 8 25 ;
3015 3736 66 31 but

1750 3801 79 33 that
1848 3800 71 32 this
1942 3797 123 32 House
2085 3793 63 33 has
2166 3791 64 32 the
2248 3785 227 37 satisfaction
2493 3791 38 25 to
2546 3790 107 28 state,
2680 3781 80 33 that
2781 3780 105 32 there
2911 3780 86 32 dees
3015 3787 45 26 no
3060 3787 24 26 t

1750 3857 144 33 appear
1909 3855 70 32 any
2015 3839 113 46 proof
2158 3839 81 32 that
2275 3837 53 32 his
2352 3835 25 32 It
2383 3834 83 44 o)al
2492 3831 178 41 lligluness
2696 3829 61 32 the
2780 3828 246 32 Commateler
3046 3828 35 32 in

1754 3895 115 34 Chief
1885 3904 71 21 Leis
1971 3891 119 43 guilty
2109 3886 120 33 either
2249 3883 44 33 of
2315 3880 165 47 personal
2503 3878 234 43 corruption,
2769 3885 43 22 or
2843 3874 45 33 of
2909 3885 22 21 a
2965 3875 118 32 direct

1752 3941 169 34 criminal
1939 3937 234 39 connivance.
2228 3931 99 33 That
2363 3930 263 32 furthermore.
2655 3924 35 32 in
2722 3925 63 31 the
2818 3922 198 32 execution
3043 3922 45 33 of

1754 3990 98 34 their
1869 3989 105 39 duty,
1994 3985 35 31 in
2047 3980 194 40 eNaininioe
2241 3980 20 40 .
2281 3979 61 32 the
2372 3976 188 35 evidence,
2580 3973 61 32 the
2660 3971 122 33 House
2819 3969 92 33 have
2931 3969 67 33 had
3021 3970 63 32 the

1753 4033 231 38 satisfaction
2000 4036 38 30 to
2048 4029 169 37 discover
2233 4028 64 33 the
2309 4024 180 35 excellent
2506 4020 187 34 condition
2709 4016 46 37 of
2767 4017 61 34 the
2845 4026 90 24 artit
2935 4026 19 24 .
2969 4018 118 33 under

3242 133 5 46 I

64 1364 52 139 1,

283 79 252 60 MARCH
578 79 77 48 12.
1147 74 143 53 THE
1324 72 370 54 NATIONAL
1729 69 373 52 REGISTER.
2884 45 83 54 171
3343 45 33 11 ',

810 181 5 4 .
856 181 1 4 .
898 181 4 4 .
952 181 2 4 .

1243 191 5 22 .

287 239 89 39 they
398 242 96 24 were
508 227 188 46 presented
713 231 40 32 to
769 227 64 37 the
850 227 143 39 House,
1009 226 71 34 and
1108 231 99 31 were
1230 222 193 41 examined
1444 222 47 44 by
1508 231 24 24 a
1548 221 43 34 Se
1591 221 21 34 -
1671 222 133 39 stands,
1818 231 45 22 on
1893 220 44 33 its
1964 229 81 22 own
2062 217 137 33 merits.
2251 214 79 32 The
2354 208 241 37 Honourable
2626 207 213 32 Gentleman
2859 204 46 30 by
2926 210 60 33 my
3340 184 13 14 .;

3278 198 1 27 -
3296 198 6 27 i
3325 198 19 27 e

288 286 73 33 I.ct
378 279 234 43 Committee,
635 273 207 48 appointed
859 274 59 46 for
934 272 80 45 that
1041 281 176 35 purpose,
1231 270 89 45 they
1333 279 100 30 'were
1452 274 65 39 put
1535 268 77 33 into
1671 270 76 37 bide
1767 268 93 43 (Mr.
1881 265 189 43 Bathurst)
2091 274 84 33 very
2194 261 177 45 properly
2387 256 187 46 suggested
2593 261 34 26 to
2644 255 58 31 the
2721 252 138 34 house,
2878 249 33 32 in
2931 249 61 31 the
3305 249 40 24 0.

293 332 63 33 the
389 328 111 33 hands
530 325 43 33 of
595 324 91 34 Mrs.
707 322 154 34 Clarke.
913 320 144 41 Nature
1090 318 126 44 would
1237 324 39 28 at
1302 326 92 33 once
1408 317 99 35 show
1528 315 81 33 how
1672 317 133 33 debate
1822 314 44 34 of
1879 315 67 32 last
1964 313 59 43 nig
2027 314 53 38 ht,
2095 312 76 31 that
2187 311 61 32 the
2268 308 168 34 Address,
2461 315 38 20 as
2518 300 178 45 proposed
2718 299 46 33 by
2789 304 64 25 the
2872 296 122 33 Chao-
3305 265 54 52 oi

509 372 99 34 what

293 379 60 33 tar
369 376 69 33 and
456 369 40 39 in
546 378 81 31 n
627 380 163 30 manner,
813 365 65 38 She
896 377 77 25 was
992 365 171 50 affreted.
1214 364 59 43 lie
1291 364 72 34 had
1380 372 80 25 seen
1475 361 141 44 simpli-
1675 364 115 34 cellor
1807 361 41 33 of
1865 361 59 35 the
1946 361 54 32 Ex
2006 361 174 40 chequer,
2207 353 163 35 included
2389 352 81 41 only
2493 356 76 26 two
2590 333 170 46 member;
2787 343 43 33 of
2845 341 60 33 the
2943 350 53 22 -e-
3308 318 7 30 ;
3333 313 27 52 1

293 428 77 40 city
390 433 47 31 go
464 420 158 46 through
644 420 63 32 the
722 420 93 39 most
831 415 159 45 arduous
1007 407 254 40 examination
1281 410 143 44 clearly
1441 409 69 33 and
1527 419 81 22 cur-
1677 410 97 33 neral
1801 409 145 41 charge,
1972 407 79 33 that
2079 406 30 31 is
2138 410 35 26 to
2191 415 79 27 say,
2300 399 162 45 personal
2497 394 217 43 corruption
2730 391 71 33 and
2828 354 168 67 climatal
3275 296 34 126 i,
3330 360 27 27 -s.

296 472 133 46 redly,
458 471 65 32 hut
542 468 45 33 he
606 467 70 33 had
694 474 111 26 never
823 461 137 38 known
977 461 124 43 design
1119 465 39 28 to
1176 458 162 34 succeed.
1393 458 44 33 In
1457 457 58 32 the
1528 465 86 24 ease
1677 467 90 25 conn
1770 456 11 33 i
1788 467 106 21 vance.
1896 386 13 132 -
1961 455 65 43 My
2048 451 241 34 honourable
2326 446 38 33 Ii
2376 446 76 31 leo,l
2486 455 12 18 1
2511 454 64 31 ery
2604 441 113 43 justly
2750 437 138 40 ended,
2915 433 83 34 that
3278 386 2 132 .
3313 386 35 58 .1:
3348 386 13 58 0

298 520 45 34 of
371 519 93 34 Mrs.
502 514 155 41 Clarke,
699 514 30 34 it
763 522 71 25 was
873 510 67 34 hut
974 507 145 39 World
1149 506 60 34 for
1240 504 78 44 her,
1344 515 46 24 on
1426 503 194 46 procuring
1677 506 102 32 there
1801 511 73 24 was
1889 511 22 24 a
1937 500 96 39 third
2054 500 117 43 point,
2199 498 43 31 he
2263 496 61 33 ha%
2339 495 56 39 lug
2413 491 149 32 Tamed
2582 498 105 21 away
2708 485 59 33 the
2789 485 123 43 places
2926 493 24 22 a
2952 481 47 33 nd
3280 464 46 39 i't

2411 519 19 15 6

296 569 63 38 the
376 560 267 46 haoil-writing
659 561 45 33 of
725 557 155 39 General
898 556 214 43 Clattering,
1127 552 124 43 which
1263 553 66 38 she
1346 550 71 35 bad
1442 549 176 43 imagined
1650 506 2 102 .
1680 552 67 43 app
1747 552 22 43 o
1769 552 181 43 intments
1974 547 21 32 o
1995 547 22 32 f
2049 548 18 31 h
2067 548 35 31 is
2156 544 19 37 t
2174 544 20 37 h
2194 544 40 37 ee
2235 544 20 37 ,
2281 543 43 31 mu
2323 543 21 31 t
2344 543 45 31 er
2417 539 113 32 undue.
2567 535 20 32 i
2587 535 20 32 n
2607 535 20 32 o
2627 535 100 32 nence
2727 535 21 32 .
2805 531 43 35 Ah
2848 531 21 35 .
2896 530 100 33 Hon.
3279 506 12 52 I
3291 506 12 52 .

298 625 77 24 vas
402 609 214 41 destroyed,
639 614 40 44 to
693 608 118 39 smile,
840 605 106 46 when
970 604 65 40 bhe
1051 602 67 34 felt
1133 602 81 33 that
1230 601 78 33 that
1326 599 148 44 writing
1492 607 74 24 was
1583 602 38 26 to
1655 565 5 93 I
1687 596 130 37 Friend
1833 595 130 39 stated,
1988 601 39 26 at
2046 594 60 32 the
2122 602 96 22 same
2249 591 99 37 time,
2378 585 76 33 that
2490 583 71 32 this
2582 582 113 34 undue
2717 578 171 32 influence
2926 586 73 21 was
3279 565 8 32 -
3287 565 8 32 S
3295 565 9 32 ,

3279 583 28 118 il

299 663 103 33 clear
426 661 66 33 her
508 648 194 45 character
725 652 97 37 from
837 641 66 46 the
920 651 224 45 Imputation
1162 648 45 33 of
1230 646 190 35 falsehood
1437 652 73 27 cast
1527 656 46 27 nn
1593 643 24 33 it
1682 656 37 22 as
1735 644 155 43 directly
1915 641 202 44 pernicious
2134 645 37 27 to
2191 638 60 33 the
2269 635 106 44 ,pint
2395 631 65 34 al.(1
2479 631 191 31 eltaratter
2691 638 19 19 o
2717 626 13 31 f
2747 626 60 31 the
2823 634 34 21 a;
2869 634 76 26 my,
2962 631 39 25 as

302 711 48 43 by
369 710 60 34 the
449 707 195 40 testimony
661 702 46 35 of
720 705 78 33 that
823 699 221 47 gentleman.
1094 694 64 38 lie
1186 694 164 34 watched
1391 694 63 33 her
1478 697 145 30 counte-
1684 702 85 22 ever
1788 691 60 32 the
1865 690 141 41 alleged
2220 681 119 32 t
2340 681 31 32 .
2481 678 20 31 d
2691 672 57 31 11
2921 680 6 12 ,
2973 679 11 9 -
3302 635 5 118 .
3328 635 19 28 'l,

1941 716 19 15 e
2026 698 65 34 per
2093 699 12 20 s
2108 686 155 33 onaltto
2276 694 8 20 i
2297 693 45 32 it?
2366 690 56 22 ion
2433 689 44 22 an
2518 689 11 19 t
2542 686 57 21 oni
2606 686 41 19 nit
2662 684 59 21 itn
2761 681 125 21 (Aleuts
2897 680 77 21 amt.

301 767 126 31 stance,
459 756 69 33 hut
568 762 74 25 saw
677 762 47 24 no
758 749 107 35 other
889 745 231 46 expression.
1191 741 116 37 Could
1336 742 74 33 this
1448 741 21 32 h
1469 741 21 32 e
1517 738 109 34 attri-
1688 741 32 32 11
1735 738 85 33 ould
1856 743 59 33 not
1941 735 83 33 such
2043 745 44 27 an
2106 733 33 44 ()
2139 733 133 44 pillion,
2301 731 20 34 ji
2355 725 183 44 generally
2576 728 141 26 curator
2739 719 34 31 in
2805 718 60 30 the
2880 726 123 33 army,

3335 669 12 61 1

304 804 111 34 bitted
442 808 39 28 to
517 811 25 25 a
583 796 261 48 preconcerted
881 793 220 46 conspiracy
1117 791 14 34 ?
1207 790 77 34 The
1333 796 90 28 next
1455 787 20 45 p
1475 787 80 45 oint
1591 784 33 32 in
1685 785 66 33 and
1769 784 183 43 generally
1972 787 137 30 current
2133 787 24 26 it
2180 790 86 25 was,
2296 782 89 26 most
2415 771 131 40 totally
2568 759 124 50 destroy
2692 759 19 50 -
2727 767 50 31 all
2799 763 78 32 that
2893 763 112 44 spirts
3334 720 12 33 ''

3288 783 8 15 0
3354 785 6 13 1

306 852 122 35 which
457 852 30 32 it
513 849 30 34 is
565 844 207 46 attempted
797 850 38 27 to
857 842 47 34 he
932 841 139 46 proved
1096 839 83 38 that
1200 837 63 34 she
1286 837 69 33 had
1377 831 248 50 prevaricated
1661 811 5 79 i
1685 831 67 33 and
1776 831 210 38 emulation,
2017 829 117 33 which
2167 826 34 33 in
2233 826 59 32 the
2311 831 118 27 army,
2446 829 37 30 as
2513 819 33 31 ill
2565 826 109 31 every
2696 811 99 40 thing
2815 811 87 39 else,
2931 819 73 25 was

305 902 38 43 In
357 900 66 43 her
433 896 191 40 evidence,
641 902 77 33 wit.s
729 894 80 33 that
823 893 34 34 in
879 888 123 39 which
1013 886 66 35 she
1106 886 72 35 had
1202 885 125 38 denied
1356 883 133 44 having
1502 880 123 47 passed
1689 889 183 32 necessary
1894 886 34 24 to
1942 868 203 41 excelleace
2160 874 12 32 ?
2232 872 11 32 1
2269 875 89 27 must
2378 867 106 37 fully,
2506 870 8 25 t
2524 863 180 34 here:ore,
2721 859 117 44 adopt
2854 857 70 33 this
2940 859 67 32 ad-

304 959 41 22 as

3299 865 2 11 .
3350 865 6 11 ,

372 948 61 32 the
463 943 89 38 wife
587 943 44 34 of
669 943 76 33 Mr.
774 941 169 46 powler.
1016 935 93 37 This
1131 934 174 43 assertion
1331 943 78 22 was
1434 928 194 46 disproved
1689 927 154 33 ditional
1860 925 99 44 point
1977 922 41 33 of
2033 934 56 22 my
2117 917 235 38 honourable.
2375 912 148 34 Friend.
2576 909 120 32 There
2720 905 27 33 is
2760 905 73 32 still
2851 905 157 32 another
3274 905 5 83 i

309 998 47 43 by
387 994 124 46 whom
526 993 13 33 ?
593 991 58 44 By
679 987 172 43 Nichols,
872 985 86 35 who
976 981 72 35 had
1067 981 154 46 proved,
1245 981 45 43 by
1319 981 61 33 the
1407 981 159 33 baseness
1591 974 43 33 of
1665 948 2 92 i
1693 977 117 41 point,
1835 983 21 24 a
1876 971 123 34 fourth
2019 971 117 46 point,
2161 974 37 25 to
2220 977 24 21 w
2259 965 80 31 hich
2368 963 9 32 I
2401 967 87 26 must
2506 956 71 34 call
2598 957 59 31 the
2675 952 180 34 attention
2880 950 41 33 of
2944 952 64 31 the
3291 948 1 92 -
3334 948 17 40 i

309 1044 57 33 his
390 1042 175 38 condtict,
593 1038 37 34 in
654 1036 184 44 retaining
862 1037 35 34 in
928 1033 53 33 his
1006 1030 203 44 possession
1234 1028 58 33 the
1317 1028 110 34 letter
1449 1024 178 35 entrusted
1667 997 5 90 i
1697 1022 135 35 !louse,
1857 1030 38 24 as
1913 1025 37 25 to
1978 1029 53 32 my
2056 1015 109 39 mind,
2191 1013 69 32 and
2281 1019 35 24 to
2346 1010 76 32 that
2441 1006 40 33 of
2497 1013 109 33 many
2626 1000 41 33 of
2691 1011 57 32 my
2770 997 240 34 Honourable

308 1096 40 33 to
376 1091 77 32 him
480 1094 37 27 to
541 1087 164 44 destroy,
741 1085 83 33 that
854 1083 47 35 he
938 1089 77 25 was
1050 1075 150 37 himself
1222 1075 193 37 unworthy
1442 1072 43 34 of
1505 1067 125 45 belief,
1667 984 4 146 o
1696 1068 163 39 Friends,
1889 1067 24 32 it
1938 1065 59 33 has
2028 1074 86 24 very
2135 1057 248 37 considerable
2417 1054 133 43 weight
2567 1062 11 26 ;
2611 1049 12 32 I
2654 1058 100 21 mean
2789 1044 64 33 the
2875 1045 136 34 offence
3333 984 21 83 il

309 1149 40 22 as
377 1139 28 32 it
433 1146 76 30 was
534 1134 149 34 evident
709 1131 56 33 his
788 1130 125 46 object
939 1128 58 34 for
1029 1124 162 44 keeping
1225 1123 96 33 them
1349 1133 72 25 was
1447 1130 38 26 to
1509 1123 122 30 extort
1693 1116 142 41 against
1851 1113 124 45 public
1993 1111 148 38 morals,
2169 1110 33 31 in
2235 1107 59 32 the
2323 1101 214 35 scandalous
2559 1098 72 31 and
2661 1093 239 46 unbecirming
2926 1101 85 24 con-
3282 1063 22 81 i
3352 1063 4 113 .

309 1196 131 33 money
468 1183 93 35 from
591 1182 89 33 Mrs.
712 1180 141 33 Clarke
880 1174 200 40 hereafter,
1102 1173 53 43 by
1178 1170 224 41 threatening
1426 1178 37 26 to
1488 1165 144 52 publish
1694 1163 141 33 nection
1851 1157 283 43 acknowledged
2150 1157 48 32 by
2220 1155 53 31 his
2293 1152 117 32 Royal
2430 1147 191 44 Highness.
2678 1141 201 32 Whatever
2890 1139 122 32 effect-

3345 1153 14 41 .i

312 1234 115 35 them.
504 1232 39 34 It
569 1239 76 24 was
669 1227 45 34 of
733 1226 98 35 little
856 1235 44 26 or
931 1233 47 25 no
1004 1224 252 41 importance;
1281 1218 59 33 for
1367 1219 33 33 if
1421 1230 54 21 we
1501 1212 132 40 looked
1656 1211 79 32 led
1757 1209 60 33 thn
1838 1211 113 35 State,
1968 1206 120 32 either
2107 1202 158 33 directly
2285 1209 41 22 or
2346 1191 327 46 censequentially,
2707 1198 72 22 Was
2802 1186 130 33 within
2952 1183 35 33 th
2991 1196 24 20 e

313 1281 94 33 back
437 1284 40 31 to
503 1289 67 25 our
595 1286 85 24 own
707 1272 170 48 youthful
904 1271 105 44 days,
1054 1279 57 30 we
1147 1266 126 34 should
1312 1266 183 43 probably
1521 1260 116 38 recoi-
1656 1232 4 89 I
1697 1258 171 44 province
1887 1254 21 33 o
1909 1254 21 33 f
1945 1256 74 31 that
2039 1253 141 35 House,
2198 1248 67 32 and
2291 1257 41 21 no
2352 1256 65 20 one
2438 1254 22 19 w
2476 1243 56 38 ill,
2555 1241 14 31 1
2593 1241 106 39 hope,
2717 1237 112 39 deny,
2844 1233 79 32 that
2941 1232 74 32 this

315 1329 71 34 lect
413 1328 83 33 that
523 1336 56 24 we
607 1324 69 33 had
706 1322 107 34 stiled
841 1320 63 34 the
931 1324 152 40 partner
1106 1315 61 35 for
1192 1315 20 32 t
1212 1315 40 32 he
1283 1313 41 41 ni
1324 1313 20 41 g
1344 1313 21 41 h
1365 1313 21 41 t
1427 1323 67 24 our
1533 1307 104 40 wife,
1657 1292 4 72 I
1697 1315 22 34 o
1720 1315 22 34 p
1742 1315 47 34 en
1809 1303 206 32 adulterous
2033 1296 214 35 connection
2267 1293 69 32 had

2354 1292 84 31 liven
2469 1299 20 21 V
2506 1289 119 31 idiots:
2644 1287 92 28 Some
2761 1281 193 32 detriment
2975 1287 37 24 to

315 1377 86 41 vlio
429 1385 78 24 was
533 1374 35 34 in
594 1372 77 33 fact
696 1381 45 24 no
771 1369 86 37 wife
881 1374 41 28 at
946 1367 50 39 141
1015 1378 12 27 ;
1076 1364 71 33 and
1174 1362 92 39 that,
1302 1362 34 32 in
1365 1361 60 34 the
1452 1370 123 28 course
1599 1355 43 34 of
1659 1328 4 91 1
1700 1352 61 32 the
1779 1363 21 19 o
1807 1350 28 32 ffi
1839 1350 69 33 cial
1928 1348 189 40 discharge
2135 1343 41 33 of
2192 1342 60 31 the
2269 1339 115 32 duties
2413 1336 41 31 of
2484 1335 63 33 the
2580 1330 240 34 Commander
2836 1338 33 21 in
2888 1328 128 33 Chia.

315 1424 67 33 our
407 1424 236 33 ammement,
667 1429 56 22 we
751 1417 91 34 have
866 1424 93 33 gone
983 1415 50 50 11
1058 1421 123 25 names
1206 1408 139 44 foreign
1371 1408 90 33 from
1481 1419 63 20 our
1561 1403 76 35 real
1659 1374 5 91 ;
1706 1398 98 33 With
1825 1398 70 32 this
1915 1396 91 32 view
2028 1394 41 32 of
2083 1393 59 32 the
2159 1389 156 43 subject,
2335 1383 198 39 therefore,
2568 1381 14 32 1
2619 1377 116 34 intead
2769 1383 38 25 to
2837 1374 178 33 conclude

317 1470 69 33 and
410 1470 124 33 actual
563 1467 112 33 titles.
744 1465 81 46 The
849 1460 451 44 asserti
1302 1419 52 81 m
1354 1419 158 81 on,
1072 1456 168 37 Whether
1264 1460 78 30 true
1368 1467 44 21 or
1435 1455 102 37 false,
1567 1462 73 22 was
1661 1175 4 335 '
1702 1456 57 21 my'
1783 1444 138 33 Motion
1952 1441 86 33 with
2060 1449 44 21 an
2130 1437 151 33 Addrcss
2298 1434 40 31 tits
2355 1430 133 34 framed
2507 1439 39 22 as
2570 1437 79 32 may
2678 1423 142 33 include
2836 1421 51 33 all
2917 1422 99 31 these
3289 1175 9 196 1
3299 1175 9 196 1
3308 1175 11 196 !
3354 1200 7 28 i

3291 1248 13 131 ..
3347 1231 9 12 '

318 1517 223 45 irOlnaterial
561 1528 12 25 ;
598 1514 70 33 and
694 1512 33 35 if
750 1513 30 32 it
806 1521 73 24 was
917 1511 33 33 in
976 1520 25 21 a
1022 1517 84 25 case
1130 1506 45 33 of
1194 1504 64 33 life
1281 1502 67 34 and
1375 1504 122 39 death,
1525 1501 43 33 he
1579 1501 61 32 de.
1704 1494 131 43 point..
1856 1491 65 33 and
1941 1491 78 31 thus
2035 1486 130 34 enable
2184 1483 63 32 the
2281 1481 122 32 House
2426 1483 35 26 to
2483 1483 104 25 come
2606 1483 33 21 to
2669 1483 21 20 a
2720 1469 176 35 decision,
2917 1479 25 22 n
2956 1470 64 28 he-

3311 1491 2 18 .
3348 1491 5 18 ,

315 1564 128 35 dared
458 1570 34 25 to
510 1563 78 32 God
604 1561 30 33 it
654 1560 120 34 would
791 1567 61 27 not
879 1559 35 33 in
943 1547 56 43 his
1023 1553 97 35 mind
1140 1551 200 35 invalidate
1365 1550 61 32 the
1450 1550 190 32 testimony
1704 1541 79 31 titer
1804 1541 52 31 his
1878 1538 117 33 Royal
2021 1534 178 41 Highness
2232 1530 60 32 has
2322 1528 85 30 been
2435 1524 118 43 guilty
2583 1520 41 32 of
2647 1518 81 33 sorb
2752 1515 168 45 personal
2939 1526 83 21 car-

319 1612 43 33 of
383 1612 64 32 the
467 1611 167 33 Witness.
687 1607 52 33 At
757 1607 61 33 the
836 1602 270 39 court-martial
1126 1600 65 34 she
1211 1610 71 22 was
1304 1598 79 32 also
1403 1594 183 34 described
1606 1605 37 22 as
1706 1589 158 41 ruption,
1881 1584 85 33 such
1995 1580 167 34 criminal
2192 1577 235 33 connivance,
2456 1572 69 30 awl
2555 1569 44 32 of
2626 1566 128 39 Inivin:;
2772 1561 106 33 acted
2909 1563 111 33 under

318 1671 25 21 a
361 1659 154 39 widow,
544 1657 66 33 and
635 1667 72 32 %vas
726 1652 196 39 examined
939 1663 38 22 as
994 1650 103 39 such,
1126 1649 65 39 but
1212 1657 71 24 was
1293 1651 61 27 not
1374 1644 110 33 asked
1504 1654 22 22 a
1543 1654 17 31 t
1559 1654 87 31 ine:-
1704 1635 84 32 such
1809 1633 112 33 undue
1942 1630 185 33 influence.
2179 1625 119 32 These
2320 1620 73 32 will
2414 1619 41 30 he
2476 1618 61 30 the
2557 1615 94 32 main
2672 1613 118 41 points
2807 1609 44 33 of
2880 1617 100 25 wnat
3002 1607 7 91 I.
3019 1607 4 91 )

321 1708 76 32 flint
416 1717 45 21 on
483 1706 61 33 the
569 1701 158 46 subjeet,
755 1698 261 46 consequently
1033 1697 105 34 there
1159 1706 73 22 was
1248 1704 44 22 no
1309 1693 154 33 conduct
1481 1690 40 33 of
1548 1689 92 33 her's
1708 1683 90 31 have
1817 1688 37 26 to
1874 1687 168 35 propose.
2096 1674 19 33 1
2145 1681 103 25 come
2267 1678 78 24 now
2367 1677 35 21 to
2431 1675 63 31 say
2515 1674 22 21 a
2556 1663 70 31 few
2649 1671 21 20 V.
2683 1659 79 31 tads
2790 1667 44 22 on
2856 1658 59 30 the
2941 1667 83 22 case

319 1765 50 26 on
385 1753 83 35 that
485 1755 167 31 occasion
671 1750 83 33 that
775 1748 110 35 could
902 1744 163 37 Warrant
1083 1755 24 22 a
1124 1742 133 41 charge
1276 1740 40 33 of
1339 1739 60 33 fal
1400 1739 20 33 s
1420 1739 123 33 ehood.
1596 1737 54 33 Of
1708 1728 111 34 itself.
1847 1727 119 33 There
1983 1731 158 38 appears
2161 1727 35 25 to
2218 1728 54 21 me
2294 1721 35 26 to
2350 1715 43 30 be
2409 1714 48 31 int
2469 1721 41 20 oe
2529 1720 43 21 or
2590 1709 80 32 four
2685 1707 119 44 polio,
2820 1706 34 31 in
2876 1704 109 31 thee\
2996 1704 30 31 i-
3313 1700 9 30 t
3348 1706 7 43 1

320 1804 64 32 the
418 1807 268 35 twenty-seven
716 1795 202 41 remaining
935 1804 113 30 cases,
1074 1792 65 33 the
1178 1789 112 40 Right
1313 1787 100 33 IlOn.
1435 1785 211 34 Gentleman
1707 1778 109 31 (dice
1831 1772 116 35 which
1961 1772 102 41 bring
2078 1769 26 31 it
2118 1769 105 30 home
2241 1770 35 25 to
2293 1763 53 31 his
2363 1759 117 43 Royal
2503 1756 178 41 flightless
2696 1765 7 20 :
2735 1754 59 30 the
2812 1750 52 33 Ist
2881 1752 44 39 is,
2939 1752 91 32 Miss

325 1848 70 33 had
417 1854 60 26 not
496 1848 40 32 Ist
542 1858 41 21 en
601 1846 87 33 able
706 1848 39 28 to
768 1853 113 35 prove
893 1852 72 34 any
978 1850 81 24 one.
1111 1835 83 35 The
1217 1835 92 33 lion.
1336 1834 210 33 Gentleman
1566 1822 33 50 th
1599 1822 17 50 t
1616 1822 33 50 ik
1709 1822 155 44 Taylor.
1890 1820 73 31 Ido
1977 1822 59 27 not
2054 1826 100 22 moan
2169 1819 19 25 1
2187 1819 20 25 0
2226 1821 80 32 say,
2326 1809 74 31 that
2418 1806 72 33 this
2506 1801 159 47 person's
2678 1800 77 32 testi
2764 1808 103 32 away

2871 1846 103 38 euglli
2989 1844 44 32 of
2887 1798 27 32 is
2931 1799 96 31 alto-
3322 1804 8 17 1

324 1900 96 39 viTnt
437 1894 156 40 through
609 1893 61 33 the
686 1891 139 34 several
844 1899 98 25 cases
960 1885 161 45 brought
1142 1881 159 35 forward
1322 1881 51 38 by
1395 1881 73 33 Mr.
1488 1879 161 38 Wardle,
1708 1877 57 35 get
1773 1871 63 31 her
1845 1866 261 44 unsuspicious,
2120 1859 133 43 though
2272 1859 9 31 I
2304 1853 176 41 tertf:inly
2503 1863 25 21 w
2542 1851 40 31 ill
2598 1856 58 26 not
2669 1858 44 31 1..0
2728 1856 34 22 to
2781 1845 57 32 the
2856 1845 1 94 t
2859 1845 5 94 ,

325 1954 45 22 on
391 1942 63 32 the
471 1941 204 45 respective
693 1939 124 32 merits
842 1937 44 34 of
913 1933 120 35 which
1061 1933 45 33 he
1122 1929 189 35 descanted
1337 1929 35 32 in
1390 1928 61 33 the
1470 1933 86 25 most
1574 1926 76 32 clos
1715 1917 141 43 saying,
1881 1925 46 21 on
1946 1915 58 31 the
2023 1923 20 20 o
2050 1912 79 31 ther
2150 1906 112 37 ham!,
2289 1904 76 31 that
2386 1902 102 32 there
2506 1900 30 32 is
2554 1899 138 39 enonsa
2717 1902 33 24 to
2769 1891 200 33 invalidate
2987 1893 44 38 it,
3307 1887 26 37 A.

3337 1918 8 21 ),

324 1988 110 46 intent
454 1988 70 33 and
546 1988 84 33 able
648 1985 162 41 nuinner,
837 1980 191 46 asserting,
1055 1980 84 33 that
1154 1977 92 34 from
1259 1976 60 34 the
1338 1976 177 33 clearness
1534 1972 41 33 of
1591 1972 60 33 the
1711 1974 43 22 or
1769 1972 87 24 even
1883 1967 38 27 to
1939 1958 150 34 weaken
2109 1956 41 31 it.
2206 1954 26 30 `,
2246 1961 74 28 uw,
2356 1950 47 31 let
2430 1957 70 32 any
2518 1944 211 34 Gentleman
2750 1938 165 33 consider
2934 1937 57 33 for
3008 1949 26 22 a

111 2024 7 14 I

324 2037 178 33 evidence
519 2035 182 39 adduced,
725 2033 69 33 and
829 2031 64 33 the
912 2027 254 48 preslimptive
1185 2019 198 39 inferences
1403 2022 77 34 that
1501 2024 90 28 must
1610 2020 44 32 he
1714 2014 155 30 moment
1891 2008 60 32 the
1971 2006 119 33 words
2111 2001 123 34 which
2255 1998 61 33 she
2333 1997 84 31 ally
2432 1995 40 30 ed
2503 1993 61 32 the
2589 1990 106 33 flake
2713 1995 34 25 to
2769 1987 93 32 have
2875 1985 162 43 spoken,
3313 1989 6 9 '

3309 1998 53 267 lel

328 2086 128 31 drawn
469 2082 96 34 from
582 2082 60 33 the
656 2081 148 33 various
817 2079 149 37 details,
985 2078 80 32 that
1085 2075 44 32 he
1143 2072 126 35 should
1289 2070 90 33 with
1395 2070 60 32 the
1467 2074 87 27 most
1576 2078 81 32 per-
1713 2057 66 33 and
1806 2059 13 32 l
1848 2053 105 35 thiiik
1975 2063 45 22 on
2040 2052 61 32 the
2134 2059 86 32 very
2252 2044 150 33 internal
2433 2042 177 30 evidence
2637 2035 40 33 of
2705 2036 97 30 these
2832 2043 21 20 w
2868 2033 96 38 ord3,
2992 2035 45 30 he

328 2130 72 35 feet
419 2130 210 33 conviction
647 2128 44 33 of
711 2128 63 33 the
791 2127 157 46 justness
965 2124 72 34 and
1057 2119 250 45 impartiality
1328 2117 44 33 of
1398 2117 53 32 his
1480 2114 176 39 decision,
1717 2105 78 32 will
1835 2104 92 32 have
1959 2111 46 22 no
2037 2096 112 33 doubt
2194 2096 65 31 but
2293 2093 78 31 that
2415 2089 52 31 his
2518 2083 119 34 Loyal
2683 2082 180 39 nielmess
2893 2079 59 31 did
2991 2091 40 20 so
3309 2057 4 116 .
3352 2057 20 76 1.

330 2181 87 28 :.ate
438 2176 60 33 for
530 2177 60 32 the
617 2176 229 33 ftesolutions
873 2170 185 47 proposed
1088 2166 52 46 *by
1178 2166 56 33 his
1261 2163 239 35 Honourable
1525 2161 130 33 Friend
1715 2152 116 44 speak
1848 2150 109 33 them.
2008 2148 57 30 To
2083 2156 31 20 in
2161 2141 96 33 mind
2272 2141 85 39 th.sy
2381 2137 89 32 have
2489 2134 51 33 all
2561 2137 58 28 the
2639 2132 208 32 charatters
2864 2126 43 32 of
2923 2130 113 37 truth,

332 2237 11 22 t
360 2228 67 31 Mr.
449 2222 168 44 Wardle)
632 2230 37 26 to
689 2222 122 33 whom
842 2222 44 32 he
921 2218 86 44 paid
1032 2217 64 33 the
1119 2219 90 28 most
1226 2210 259 41 distinguished
1504 2207 156 43 coition-
1716 2200 50 32 all
1795 2199 59 31 the
1881 2196 93 33 little
2001 2194 278 32 circumstances
2306 2185 137 35 whitii,
2472 2183 33 32 in
2533 2181 182 41 questions
2740 2176 43 32 of
2805 2176 72 32 this
2896 2181 142 30 nature,

124 2275 20 300 I
334 2280 93 34 Went
451 2272 56 33 for
528 2271 53 33 his
605 2271 79 38 zeal
703 2270 70 33 and
789 2269 187 43 efficiency
994 2264 131 43 during
1144 2263 64 33 the
1228 2261 117 34 whole
1359 2258 43 33 of
1417 2258 59 32 the
1494 2258 81 40 long
1589 2255 69 33 and
1716 2246 116 45 speak
1852 2254 97 22 more
1969 2238 221 47 powerfully
2212 2236 85 32 than
2317 2233 171 32 volumes.
2549 2228 37 32 if
2603 2228 85 32 Miss
2704 2224 142 43 Taylor
2867 2220 21 33 h
2888 2220 45 33 ad
2952 2224 21 30 b
2973 2224 22 30 e
2995 2224 22 30 e
3018 2224 22 30 n

345 2321 148 33 Irdttons
509 2317 268 34 examination,

381 2368 83 32 The
751 2365 184 32 GrNrnet
946 2370 22 22 T.
984 2357 122 46 spoke
1135 2361 40 28 at
1204 2352 248 35 considerable
1480 2349 118 41 length
1625 2347 34 41 iil
1739 2352 13 19 t

337 2418 157 40 snpport
515 2412 201 33 Ethel:test
735 2409 200 33 resolution
954 2408 41 33 of
1013 2400 17 40 M
1030 2400 18 40 i
1048 2400 35 40 r.
1106 2404 133 35 Berm
1248 2402 48 40 al,
1324 2411 46 24 an
1426 2419 9 12 .
1449 2407 44 33 wt.
1535 2414 12 15 3

926 2517 154 13 ...--.
1372 2399 21 32 d
1427 2394 38 35 i
1498 2396 33 33 in
1552 2402 14 27 t
1600 2394 59 34 the
1719 2306 22 20 a

1719 2349 105 33 iatty
1841 2348 96 22 more
1951 2334 288 34 conversations,
2263 2331 63 30 she
2344 2324 24 33 w
2368 2324 24 33 o
2392 2324 24 33 u
2415 2324 47 33 ld
2479 2327 89 28 been
2593 2333 15 32 p
2608 2333 17 32 i
2636 2326 93 26 esent
2757 2324 35 26 at
2816 2326 78 32 man
2894 2326 26 32 y
2942 2327 102 20 innre;

1721 2383 211 35 unreserved
1959 2378 339 41 communications.
2352 2373 86 33 This
2466 2372 261 32 circunistaoce
2759 2365 110 32 ;done
2891 2365 27 30 is
2947 2363 96 31 soil.-

1721 2435 94 35 cietst
1837 2439 34 25 to
1890 2440 56 21 me
1961 2431 74 31 that
2061 2428 31 30 Al
2105 2427 43 30 iss
2161 2426 77 31 la.\
2249 2420 85 35 lor's
2355 2420 171 31 evidence
2548 2417 30 32 is
2598 2417 81 30 here
2700 2421 35 22 to
2753 2413 44 30 be
2822 2411 167 32 received
3007 2421 39 21 as

340 2461 158 45 Ouiginal
519 2456 437 46 inotion.A4journed.

1720 2480 167 43 genuine,
1913 2478 67 30 and
2004 2476 103 32 when
2130 2474 15 32 I
2161 2471 72 33 add
2254 2470 72 32 this
2341 2464 270 37 consideration
2631 2469 34 25 to
2691 2460 59 32 the
2769 2458 155 33 internal
2944 2458 100 31 testi-
3335 2166 8 80 f
3344 2166 17 80 l.
3360 2166 8 80 -

791 2555 164 50 Triday,
984 2554 148 38 March
1154 2554 61 35 la.
1724 2538 106 32 ninny
1850 2525 43 33 of
1907 2526 59 31 the
1997 2520 117 33 words
2141 2517 208 37 themselves
2349 2517 21 37 ,
2400 2513 11 32 1
2435 2523 66 22 can
2528 2510 19 41 r
2546 2510 79 41 eall
2626 2510 20 41 y
2678 2507 91 32 have
2785 2516 45 22 no
2849 2505 115 32 doubt
2983 2506 66 32 but

1726 2575 78 38 that
1821 2572 83 33 such
1926 2570 116 33 words
2060 2577 96 21 were
2173 2564 142 44 spoken
2334 2563 46 41 by
2396 2561 52 31 his
2472 2559 26 32 It
2507 2558 86 43 oyal
2621 2558 7 30 I
2639 2556 9 32 1
2657 2554 124 43 i;lnfest
2781 2554 14 43 ,
2796 2554 14 43 .
2865 2554 79 31 The
2962 2561 90 25 nest
3311 2280 35 307 11
3346 2280 19 307 .

693 2629 203 25 COLONEL
928 2613 159 38 FRENCH
1088 2613 26 38 '
1114 2613 27 38 S
1174 2619 132 26 LEVY.
1724 2622 256 35 circumstance
2010 2614 120 34 which
2161 2610 182 41 certainly
2374 2608 120 40 brings
2532 2607 60 31 the
2620 2611 126 22 matter
2781 2601 106 31 home
2920 2606 35 25 to
2994 2601 54 31 his
3328 2601 4 57 ,

389 2685 76 34 Mr.
497 2683 249 41 llesistssox
783 2678 126 34 moved
941 2676 59 33 for
1033 2674 142 34 certain
1209 2670 138 44 Papers
1383 2665 203 46 respecting
1603 2662 63 32 the
1731 2669 119 33 Royal
1870 2667 193 38 Highness.,
2091 2662 43 38 is,
2161 2660 60 31 the
2242 2657 214 33 mvsterions
2474 2660 100 30 note,
2602 2662 37 20 as
2666 2652 25 30 it
2719 2647 66 33 had
2809 2648 89 30 beet]
2914 2647 138 41 called,

76 2748 31 47 4
106 2748 31 47 4
343 2735 100 40 Levy
469 2731 43 32 of
526 2727 149 35 Colonel
698 2726 157 35 French.
908 2720 86 37 The'
1017 2722 102 33 Hon.
1142 2721 105 31 Gent.
1269 2718 85 31 then
1387 2713 124 34 moved
1547 2711 57 32 fur
1622 2688 31 107 an
1698 2688 15 107 .
1729 2688 61 107 bast
1827 2726 22 22 a
1881 2721 84 25 note
1997 2722 44 20 on
2075 2720 22 21 u
2112 2708 56 31 hie
2176 2709 19 30 It
2228 2717 45 20 no
2301 2714 83 28 one,
2433 2702 13 31 I.
2479 2701 142 31 believe
2654 2707 66 21 can
2756 2705 80 21 tinw
2870 2696 182 30 entertain
3343 2708 8 25 ;

3366 2714 2 282 I
3369 2714 4 282 ,

341 2786 157 28 account
516 2778 44 32 of
570 2778 60 32 the
657 2776 138 32 several
814 2783 93 22 sums
935 2769 157 45 charged
1124 2766 139 41 against
1281 2765 246 31 Government
1546 2769 44 21 on
1605 2767 40 21 ac
1645 2767 20 21 -
1727 2774 71 22 any
1847 2761 126 32 doubt.
2041 2757 39 33 If
2122 2756 61 32 the
2230 2757 83 27 note
2365 2748 66 33 had
2483 2748 90 30 been
2607 2756 24 22 a
2657 2745 163 35 foreetv,
2862 2741 24 31 it
2931 2733 120 41 iyiiiiii
3343 2739 18 14 v.

341 2835 112 40 count
484 2825 43 34 of
543 2823 151 37 Colonel
731 2820 168 37 Vrenelk's
933 2818 113 41 Levy.
1098 2815 80 32 l'he
1205 2813 135 33 motion
1362 2819 73 22 was
1455 2806 126 44 agreed
1613 2811 53 32 to,
1685 2766 7 104 I
1731 2810 93 33 hare'
1843 2809 87 32 been
1961 2815 99 24 more
2085 2803 133 38 direct,
2243 2807 100 24 more
2376 2794 226 44 completely
2634 2797 34 26 to
2698 2794 58 27 the
2789 2798 171 33 porpow.
3019 2789 34 32 It.

339 2875 67 34 end
439 2874 61 34 the
539 2872 94 33 lion.
671 2870 215 33 Gentleman
915 2862 221 48 afterwards
1170 2859 157 44 brought
1346 2868 47 34 up
1415 2856 60 33 the
1492 2858 171 38 account,
1689 2867 19 32 II
1733 2857 123 32 would
1873 2855 22 33 h
1896 2855 69 33 ave
1990 2851 15 34 l
2006 2851 15 34 e
2021 2851 17 34 f
2037 2851 17 34 t
2076 2861 20 21 11
2096 2861 11 21 ,
2107 2861 11 21 1
2125 2857 8 24 1
2143 2851 28 34 h
2171 2851 28 34 i
2261 2854 37 25 to
2327 2845 20 32 d
2347 2845 41 32 ou
2388 2845 20 32 b
2408 2845 43 32 t.
2504 2842 54 32 Th
2558 2842 28 32 e
2615 2846 79 26 note
2715 2835 18 34 t
2733 2835 18 34 l
2751 2835 18 34 e
2769 2835 18 34 .
2786 2835 57 34 tet
2843 2835 19 34 e
2862 2835 19 34 n
2881 2835 19 34 ,
2929 2842 34 25 to
2994 2846 59 22 my

346 2934 25 24 '.s
451 2923 19 32 It
493 2930 78 25 was
589 2919 76 34 laid
681 2928 46 22 on
744 2917 60 33 the
824 2915 112 33 table.
1689 2906 19 38 II
1731 2906 112 35 mied,
1872 2903 27 31 is
1928 2900 137 40 strictly
2101 2908 21 20 a
2146 2893 151 38 eenaiih.
2319 2898 105 28 note;
2451 2889 70 33 and
2548 2889 14 32 1
2584 2898 64 21 can
2675 2888 90 30 have
2784 2893 46 22 no
2859 2881 109 33 douht
2991 2884 67 32 but

824 2983 118 26 DUKE
972 2982 56 22 or
1058 2978 139 26 VORK.
1690 2944 20 53 11
1734 2952 78 32 that
1833 2952 27 31 it
1878 2959 72 24 was
1978 2955 71 24 sem
2074 2946 47 40 by
2151 2944 61 31 the
2238 2940 106 33 Duke
2372 2939 40 31 of
2434 2936 107 34 York
2567 2942 37 24 to
2626 2936 13 30 a
2639 2936 71 30 11...
2732 2929 156 37 Clarke,
2919 2930 57 31 for
2992 2931 32 31 th
3024 2931 15 31 e
3039 2931 17 31 .

394 3031 73 34 Mr.
494 3031 31 34 B
539 3039 13 22 s
567 3037 92 25 eus.
715 3025 18 33 I
761 3035 56 21 am
841 3021 70 34 niit
911 3021 18 34 .
928 3021 53 34 the
1002 3030 79 22 man
1102 3026 37 24 to
1155 3018 24 31 t
1179 3018 24 31 h
1202 3018 71 31 row
1291 3013 63 34 the
1369 3009 113 35 broad
1496 3006 115 37 shield
1631 3004 44 33 of
1701 2989 9 33 I
1734 3007 158 35 purpose
1909 2994 43 34 Of
1965 2992 164 41 spraying
2160 2987 122 44 Major
2300 2987 97 38 Tony
2409 2996 34 22 le,
2500 2983 124 32 Under
2646 2981 97 32 these
2761 2978 294 39 eircuinstaneos,

348 3084 148 38 flattery
523 3077 72 38 nod,
619 3073 169 41 servility
809 3081 87 21 over
913 3079 69 24 any
1004 3070 154 39 corrupt
1178 3061 177 46 practices
1377 3058 34 34 in
1431 3056 120 46 public
1579 3063 92 28 men,
1693 3028 19 77 li
1734 3046 99 38 Oleo,
1861 3043 99 34 what
1993 3051 73 24 was
2096 3038 60 32 the
2192 3043 184 32 necessary
2409 3031 181 33 inference
2604 3030 12 31 ?
2683 3027 31 30 \\
2730 3026 65 43 hy,
2835 3024 27 32 it
2897 3030 37 26 at
2970 3026 91 31 least

3352 3048 17 33 't

335 3135 40 25 .it
399 3129 28 31 is
448 3138 59 21 my
523 3123 155 35 avowed
699 3120 150 44 opinion
870 3118 78 32 that
967 3115 84 32 Snell
1071 3117 151 37 corrupt
1245 3107 180 46 practices
1443 3105 33 32 ill
1494 3102 84 34 such
1596 3110 77 24 men
1693 3072 5 92 i
1708 3072 4 92 I
1737 3092 136 45 proved
1890 3091 79 32 that
1988 3089 103 32 there
2108 3094 72 21 was
2194 3093 46 21 an
2259 3078 244 34 unrestraiard
2528 3076 220 32 iotercourse
2763 3072 70 32 itud
2861 3081 172 24 eanversa

351 3169 131 39 should
519 3172 44 33 be
604 3167 163 35 hranded
804 3165 91 33 with
937 3167 149 40 greater
1127 3158 138 43 infamy
1302 3156 33 31 in
1380 3151 216 46 proportion
1636 3149 63 31 tot
1735 3148 77 25 Lion
1856 3141 163 30 between
2072 3133 90 32 Mrs.
2206 3128 138 35 Clarke
2386 3128 66 30 and
2502 3124 53 32 his
2606 3123 22 31 R
2640 3120 83 44 oyal
2774 3118 182 43 Ilighaess
3007 3132 45 20 en

350 3222 99 33 their
484 3224 146 38 greater
676 3213 196 37 mischiefs.
961 3210 14 33 1
1019 3219 66 24 can
1128 3215 124 30 never,
1306 3198 197 39 therefore,
1561 3195 110 33 allow
1737 3188 61 31 the
1850 3185 141 44 subject
2031 3180 45 34 of
2121 3178 164 39 military
2343 3180 161 31 matters,
2556 3170 71 32 anti
2679 3168 72 31 this
2803 3169 260 30 coliversati.,o

351 3270 81 32 that
461 3267 65 33 the
559 3265 92 33 rank
669 3263 46 33 of
745 3262 63 33 the
826 3257 176 39 ()Wender,
1036 3257 44 31 be
1114 3255 27 32 it
1168 3261 89 25 ever
1281 3260 39 24 so
1354 3244 164 39 exalted,
1546 3241 128 34 should
1736 3235 69 32 and
1840 3233 220 32 intercourse
2095 3227 27 32 is
2148 3226 98 32 what
2281 3222 12 33 1
2327 3231 102 21 meal]
2459 3220 47 41 by
2542 3219 117 32 audios
2688 3214 194 33 iotioence.
2952 3217 86 28 l;er,
3053 3233 15 8 -

3350 3224 26 40 ri,

83 3335 20 169 l
103 3335 43 169 ig
352 3326 124 24 screen
509 3313 73 33 him
608 3309 207 46 personally
849 3308 93 32 from
971 3306 63 31 the
1062 3301 224 46 puoishment
1305 3296 67 33 and
1397 3292 136 35 infamy
1556 3288 118 34 which
1740 3282 51 32 rat
1817 3275 226 43 Clavering's
2062 3278 106 31 letter
2185 3273 27 31 is
2231 3270 44 33 of
2298 3270 59 32 the
2386 3278 96 22 stink!
2497 3265 146 44 general
2665 3263 190 40 Iv:Mercy.
2919 3261 40 77 It
2975 3270 92 33 ',toy

353 3361 131 34 should
514 3360 100 33 avail
648 3353 54 37 his
724 3356 168 33 criminal
919 3358 91 28 acts.
1069 3352 40 32 In
1139 3347 73 33 this
1239 3345 100 45 point
1359 3343 44 33 of
1430 3330 105 45 vice,
1566 3346 109 32 every
1742 3330 28 32 .I.'
1779 3325 138 37 reach's
1935 3326 77 40 ley)
2040 3321 70 34 eat'
2143 3321 60 31 the

2228 3327 98 22 same
2352 3322 118 33 strong
2502 3311 230 45 probability
2756 3309 164 31 inherent
2965 3320 18 20 a
3004 3311 66 30 (hi-

354 3422 67 22 nny
457 3413 93 27 must
592 3407 46 31 be
670 3403 156 34 sensible
861 3402 80 33 that
985 3399 56 32 his
1083 3396 124 33 Rural
1250 3390 195 44 nighties-.
1489 3387 14 31 !
1504 3387 15 31 .
1519 3387 61 31 roto
1626 3383 53 32 his
1741 3376 79 32 face
1838 3374 43 32 of
1894 3376 43 38 it,
1941 3372 73 31 it
2039 3380 71 21 was
2143 3365 196 41 indirectly
2357 3360 193 34 co:dime-a
2583 3361 46 39 by
2662 3359 139 34 leters,
2824 3366 30 22 w
2865 3356 80 32 hich
2970 3366 99 21 wet.,

356 3458 169 44 princely
559 3454 93 33 rank
686 3450 71 34 and
787 3449 246 35 connection:,
1070 3442 107 35 could
1212 3446 58 27 not
1302 3437 102 33 stand
1442 3431 123 34 hie'ere
1600 3431 78 32 that
1740 3424 57 31 0:11
1843 3420 76 33 lied
1926 3420 77 32 deal
2010 3418 47 32 ail
2102 3411 229 39 discovered,
2349 3409 66 32 and
2430 3407 137 32 seized.
2603 3407 8 31 I
2631 3411 84 26 mos;
2733 3403 125 44 remilit
2877 3402 35 32 bi
2913 3402 19 32 s
2948 3402 35 33 It
2983 3402 18 33 o
3009 3404 19 32 \
3028 3404 20 32 a
3048 3404 20 32 l
3327 3291 14 32 ii

3326 3320 28 27 ,i

3328 3347 32 51 lft

3346 3389 9 47 i
3356 3389 9 47 t
3365 3389 9 47 .

3331 3409 31 54 IN'
3361 3409 11 54 ,

360 3507 125 34 llowe
517 3513 40 24 as
588 3511 44 22 an
672 3497 222 44 individual.
966 3495 34 32 It
1042 3506 25 20 w
1078 3490 20 38 t
1098 3490 40 38 oa
1139 3490 40 38 d,
1222 3489 33 32 in
1287 3496 22 22 a
1342 3484 130 37 degr
1505 3488 34 25 at
1576 3480 104 38 least,
1747 3470 176 41 Highness
1941 3468 40 31 of
1996 3476 66 31 an:.
2083 3459 165 46 personal
2270 3456 229 43 corruption,
2525 3455 60 31 but
2611 3455 7 31 I
2637 3457 128 28 cannot
2793 3448 126 45 acquit
2940 3449 73 34 him
3034 3450 44 33 of
3331 3451 46 45 0:

356 3555 110 31 affect
500 3552 63 32 the
596 3547 128 45 public
767 3543 228 37 estimation,
1050 3539 69 34 and
1165 3539 61 31 the
1270 3531 126 46 public
1439 3534 137 37 re,:peet
1626 3526 54 32 for
1741 3517 201 40 sotneihiug
1955 3524 18 21 a
1983 3517 228 40 pproacitiog
2236 3515 35 22 to
2291 3506 87 32 mint
2388 3504 67 31 in.:i
2478 3500 234 32 roanivaufe.
2770 3497 125 33 Under
2908 3498 74 32 this
3002 3498 47 31 int
3330 3500 26 59 it'

357 3602 60 31 Vie
438 3596 164 45 reigning
615 3594 128 34 family
763 3605 9 26 ;
801 3592 66 32 and
892 3592 33 31 in
941 3591 99 32 these
1070 3587 118 35 times,
1204 3581 150 39 nothing
1375 3588 73 21 was
1470 3587 37 19 so
1524 3585 70 34 .:....1
1607 3573 73 31 hto
1744 3565 177 45 pression,
1951 3563 71 33 Sir,
2057 3559 8 32 I
2096 3556 91 32 shall
2211 3563 102 22 move
2343 3552 73 32 &ha;
2440 3560 43 20 an
2511 3549 155 31 Aildress
2686 3547 43 31 la,
2748 3544 193 44 presented
2961 3552 18 26 t
2979 3552 18 26 o
3020 3544 56 33 his
3331 3557 6 33 1
3337 3557 6 33 1
3365 3544 4 97 .

1748 3613 30 32 Al
1791 3611 131 45 ajesty,
1942 3607 149 39 humbly
2108 3601 246 45 representing
2369 3607 33 22 10
2418 3598 18 32 h
2444 3591 5 65 I
2458 3608 46 27 al,
2522 3595 77 32 that
2617 3594 59 33 the
2696 3592 123 33 house
2841 3591 132 44 having
2986 3593 92 34 duly

356 3650 44 32 be
415 3646 159 33 dreaded
594 3653 38 22 as
646 3643 73 33 this
736 3639 220 34 diminution
981 3635 93 33 front
1096 3634 61 32 the
1176 3635 39 38 re
1215 3635 19 38 s
1234 3635 20 38 p
1254 3635 60 38 ect
1331 3625 70 34 due
1433 3631 37 25 to
1494 3620 188 38 sot.ereign
3332 3598 13 38 li
3365 3598 4 84 ,

361 3697 143 37 houses,
531 3689 155 45 through
706 3689 50 32 all
780 3687 96 32 their
893 3683 193 35 branches.
1141 3681 33 35 1,
1201 3677 56 33 for
1276 3685 83 25 one,
1385 3670 198 38 therefore,
1612 3669 70 35 Sir,
1743 3657 194 37 eNamined
1955 3656 48 33 all
2022 3654 59 31 the
2094 3653 151 39 charges
2265 3646 177 44 produced
2461 3643 131 33 Oefore
2611 3641 111 38 them,
2734 3639 70 32 and
2822 3638 64 33 the
2901 3640 177 33 evidence

359 3742 113 33 heard
491 3741 71 33 this
583 3736 156 45 Inquiry
759 3732 183 47 proposed
965 3730 89 33 with
1075 3728 220 34 reluctance,
1305 3720 70 34 and
1393 3729 73 24 saw
1483 3718 26 32 it
1530 3713 155 46 proceed
1749 3710 33 31 in
1804 3710 154 38 suoport
1976 3702 41 32 of
2048 3702 113 33 them,
2181 3694 52 33 eio
2233 3694 17 33 -
2250 3694 141 33 nnlereU
2428 3693 24 31 it
2483 3702 41 20 as
2556 3689 96 32 their
2669 3690 86 39 duty
2789 3692 38 26 to
2854 3691 93 27 state
2967 3692 35 26 to
3026 3687 56 32 his
3333 3669 6 39 1
3348 3669 14 48 :...

361 3790 33 32 in
415 3790 63 32 the
489 3788 94 33 form
602 3784 69 34 and
691 3793 145 24 manner
856 3782 33 31 in
911 3790 25 21 w
948 3780 83 32 hich
1054 3777 25 31 it
1098 3776 64 32 has
1183 3768 215 47 proceeded,
1417 3765 87 33 with
1519 3763 60 33 the
1597 3767 89 27 most
1754 3754 171 45 Majesty,
1956 3750 78 32 that
2070 3748 58 31 the
2156 3748 152 38 corrupt
2339 3739 176 45 practices
2546 3733 146 45 alleged
2717 3733 69 33 had
2815 3743 19 22 e
2842 3743 18 21 N
2869 3733 89 32 ISWit
2976 3746 8 25 ;
3015 3736 21 31 b
3037 3736 45 31 ut

360 3835 181 45 profound
565 3839 133 35 regret.
754 3829 302 35 CirealllStafirt's,
1076 3823 188 33 however,
1292 3816 93 33 have
1401 3822 80 25 now
1500 3808 158 37 chantd
1675 3819 11 28 ;
1750 3801 79 33 that
1848 3800 71 32 this
1942 3797 30 32 II
1981 3806 84 22 ouse
2085 3793 63 33 has
2166 3791 64 32 the
2248 3785 227 37 satir.raction
2493 3791 38 25 to
2546 3790 107 28 state,
2680 3781 80 33 that
2781 3780 105 32 there
2911 3780 86 32 does
3015 3787 69 26 not
3334 3774 21 39 Ili

361 3885 63 32 the
444 3889 133 27 matter
606 3881 63 32 has
698 3879 92 31 beets
826 3876 158 40 brought
1003 3869 180 38 forward,
1209 3865 66 33 and
1293 3862 133 41 having
1442 3861 86 31 been
1544 3868 39 21 so
1604 3865 83 34 pro-
1750 3857 144 33 apiear
1909 3855 70 32 any
2015 3839 113 46 proof
2158 3839 81 32 that
2275 3837 53 32 his
2352 3834 115 44 Royal
2492 3831 9 33 I
2513 3831 157 41 Ugliness
2696 3829 61 32 the
2780 3828 246 32 Commander
3046 3828 35 32 in
3334 3819 31 60 itl,

361 3931 130 41 dneed,
520 3931 26 32 it
566 3938 81 24 now
676 3927 167 31 becomes
874 3933 22 21 a
932 3922 215 40 paramount
1165 3915 87 32 (lilt)'
1274 3909 90 33 with
1398 3911 59 30 the
1486 3906 141 33 House,
1654 3909 35 24 to
1754 3895 115 34 Chief
1885 3904 71 21 v;as
1971 3891 19 43 g
1990 3891 80 43 uilt
2070 3891 20 43 y
2109 3886 120 33 either
2249 3883 44 33 of
2315 3880 165 47 personal
2503 3878 234 43 corruption,
2769 3885 43 22 or
2843 3874 45 33 of
2909 3885 22 21 a
2965 3875 118 32 direct

3335 3892 30 15 s.

361 3971 195 47 discharge
574 3977 60 31 the
654 3978 79 40 part
756 3970 120 34 which
894 3967 159 43 belong:
1054 3972 34 25 to
1106 3964 45 32 it.
1186 3959 122 35 Under
1325 3957 100 32 these
1446 3950 244 46 impressions,
1752 3941 169 34 criminal
1939 3937 234 39 connivance.
2228 3931 99 33 That
2363 3930 263 32 furthermore.,
2655 3924 35 32 in
2722 3925 63 31 the
2818 3922 198 32 execution
3043 3922 45 33 of
3343 3911 28 40 1:

369 4028 13 32 i
412 4026 93 32 shall
539 4029 57 28 not
631 4022 104 33 deem
768 4019 26 32 it
816 4025 189 32 necessary
1035 4018 37 27 to
1101 4009 146 45 onalifv
1276 4015 58 32 my
1359 4002 221 34 sentiments,
1623 3996 66 33 :and
1713 3952 5 107 i
1754 3990 98 34 their
1869 3989 105 39 duty,
1994 3985 35 31 in
2047 3980 214 40 eNaminiug
2281 3979 61 32 the
2372 3976 188 35 evidence,
2580 3973 61 32 tht
2660 3971 122 33 House
2819 3969 92 33 have
2931 3969 67 33 had
3021 3970 63 32 the
3338 3952 11 35 ii

361 4072 96 37 ,]hall
478 4071 185 35 therefore
694 4065 158 47 proceed
889 4070 34 27 to
954 4072 17 33 g
971 4072 17 33 -
987 4072 51 33 tve
1069 4069 58 34 any
1159 4054 150 45 opinion
1332 4059 47 25 on
1407 4049 60 33 the
1483 4056 98 33 case,
1607 4055 38 25 as
1667 4044 25 32 it
1715 4037 20 51 11
1753 4033 231 38 satisfaction
2000 4036 38 30 to
2048 4029 169 37 discover
2233 4028 64 33 the
2309 4024 180 35 excelleut
2506 4020 187 34 condition
2709 4016 46 37 of
2767 4017 61 34 the
2845 4026 109 34 arary
2969 4018 118 33 under

710 4043 5 96 .
1714 4088 24 47 L
3365 4043 5 96 1

3339 4103 11 7 ,

96 4181 59 39 4.,
164 4122 4 98 ..
3356 4122 14 25 4

110 4153 5 90 1
162 4153 5 90 '
3356 4153 19 27 i,

111 4211 4 137 )
148 4241 20 106 i
3356 4211 6 64 l
3361 4211 6 64 '
3367 4211 7 64 .
3374 4211 7 64 :

109 4341 37 33 /a

1147 74 143 53 THE
1324 72 370 54 NATIONAL
1729 69 372 52 REGISTER.
