3413 4441
254 79 93 52 itl2

248 206 253 46 confidence,
535 220 48 25 or
615 206 61 53 lay
713 206 142 40 claims
899 214 44 33 to
976 208 237 53 friendship.
1287 209 131 51 They,
1455 217 115 28 conse-

247 257 188 52 quently,
455 259 202 39 exercised
677 273 56 24 no
752 260 120 39 other
894 261 214 47 influence,
1126 262 80 39 and
1225 260 195 40 obtained
1437 272 52 26 no
1507 257 64 39 fur-

247 309 97 39 ther
373 311 282 48 information,
676 312 102 39 than
806 313 109 38 what
931 314 98 52 they
1058 327 104 27 were
1181 314 92 40 able
1291 319 46 33 to
1356 313 54 38 do
1430 312 38 38 in
1488 311 104 38 their

252 365 144 46 officio/
412 364 200 52 capacity.
670 367 167 37 Favour
862 378 113 28 more
1013 367 100 38 than
1144 367 122 38 merit
1297 363 210 54 regulated
1522 363 69 38 the

250 416 256 39 nominatio3
541 430 100 25 even
674 422 44 34 to
756 419 80 37 this
874 420 168 48 chart;e,
1076 418 40 39 in
1144 418 130 39 which
1305 416 223 51 versatility
1548 415 46 39 of

248 469 132 39 tilent
415 470 80 39 and
526 470 158 52 suavity
720 469 50 43 of
798 483 184 28 manners
1013 483 71 27 arc
1111 469 314 56 pre-eminently
1459 468 110 52 requi-

252 534 89 27 s.e.

304 604 39 37 It
369 614 76 28 can
463 604 52 38 he
534 617 53 26 no
605 604 227 54 gratifying
849 604 91 40 task
960 609 46 33 to
1028 617 117 26 recur
1165 609 44 33 to
1235 617 26 26 a
1286 602 156 53 period,
1462 600 126 40 which

252 653 76 39 has
348 661 71 32 not
454 654 72 39 left
547 669 22 26 a
591 658 125 50 single
745 661 241 34 monument
1005 656 50 39 of
1074 670 78 26 our
1170 656 181 45 wisdom,
1371 669 24 26 a
1426 661 109 33 trace
1548 653 46 39 of

252 706 90 39 well
361 707 177 39 directed
559 722 167 40 energy,
746 723 24 25 a
790 710 125 51 proof
930 709 48 39 of
993 710 255 51 progressive
1278 710 312 50 improvement,

253 772 51 26 or
405 761 204 39 increased
646 763 193 52 security.
905 764 87 37 The
1029 774 266 28 occurrences
1323 774 105 26 were
1463 765 106 33 trans-

253 813 214 39 cendently
487 814 213 40 favorable
719 820 59 41 to,
815 815 81 39 and
930 814 239 52 powerfully
1191 815 143 51 urged,
1372 814 69 39 the
1473 813 94 38 deve-

255 865 211 51 lo;iement
484 866 47 38 of
547 873 117 45 great
681 867 155 39 virtues
872 869 76 37 and
980 870 119 48 great
1135 867 169 43 talents;
1335 866 73 39 but
1426 879 78 25 our
1520 879 46 25 ex-

253 918 155 38 ertions
441 932 120 25 never
601 933 87 25 rose
728 919 162 44 beyond
919 920 70 39 the
1028 919 104 39 level
1161 919 48 39 of
1235 919 148 52 vulgar
1411 919 157 50 acquire-

256 976 151 38 ments,
437 972 76 37 and
544 984 77 25 our
639 972 103 38 civic
759 964 133 47 duties
917 985 106 26 were
1042 972 188 39 confined
1250 971 143 39 within
1414 971 70 39 the
1502 984 66 25 nar-

255 1033 87 26 row
363 1024 120 38 circle
519 1024 48 38 of
594 1024 188 52 ordinary
819 1025 215 39 sacrifices.
1093 1028 85 35 Our
1204 1025 197 51 thoughts
1419 1024 77 38 and
1518 1037 74 25 our

254 1077 161 38 actions
433 1076 97 38 bore
548 1076 66 38 the
633 1082 133 46 stamp
785 1078 48 38 of
848 1077 236 52 mediocrity
1101 1093 12 28 ;
1142 1077 132 39 whilst
1292 1089 120 38 every
1436 1078 156 50 passing

253 1133 126 34 eveut
400 1142 79 25 was
497 1129 222 39 calculated
741 1135 39 32 to
798 1131 302 38 communicate
1120 1129 170 40 unusual
1324 1129 269 53 impressions,

252 1183 48 34 to
320 1188 164 44 suggesi,
501 1182 70 37 the
598 1181 193 52 necessity
806 1182 48 38 of
870 1182 309 52 extraordinary
1202 1181 154 40 efforts.
1415 1183 152 37 Govern-

257 1238 116 33 ment
393 1234 144 47 during
555 1234 87 37 that
659 1233 172 40 interval
852 1234 156 39 seemed
1029 1235 139 38 rather
1182 1234 216 52 impressed
1415 1234 94 38 with
1530 1235 65 38 the

256 1285 142 40 utility
420 1286 48 38 of
484 1286 200 52 imposing
705 1286 185 51 political
913 1287 262 46 restrictions,
1205 1287 99 39 than
1326 1286 48 39 of
1390 1285 180 54 multiply-

257 1337 72 48 ing
350 1342 69 34 the
438 1338 126 38 moral
588 1351 208 34 resqurces
816 1338 48 40 of
880 1339 69 38 the
967 1345 122 40 state,
1122 1341 48 51 by
1193 1339 213 52 enlarging
1426 1339 69 38 the
1514 1341 60 50 pri-

256 1391 154 50 vileges
429 1391 50 37 of
506 1391 67 37 the
592 1393 184 47 subject.;
806 1391 162 53 though
1002 1393 71 39 the
1103 1391 304 52 accumulating
1426 1393 169 51 dangers

256 1443 53 35 of
335 1448 67 32 the
436 1443 253 51 community
728 1444 189 51 required
948 1444 70 38 the
1051 1444 76 39 full
1160 1444 194 46 exercise,
1397 1443 78 39 and
1530 1443 65 40 the

259 1495 141 38 widest
429 1496 149 38 stretch
604 1495 46 38 of
674 1495 70 39 the
778 1496 131 39 virtue
943 1496 77 38 and
1042 1498 145 48 vigour
1220 1499 47 37 of
1294 1496 48 39 its
1376 1496 219 51 respective

257 1547 216 38 mem:iers.
534 1548 89 39 The
643 1547 65 39 old
731 1550 161 38 routine
909 1548 126 39 which
1062 1548 208 52 regulated
1291 1548 76 39 and
1388 1548 206 51 disgraced

256 1598 71 38 the
344 1600 254 38 nomiyuition
619 1605 45 32 to
685 1600 139 39 offices
844 1602 39 38 in
904 1602 67 38 the
993 1606 107 33 most
1120 1600 180 53 sluggish
1322 1600 77 39 and
1421 1600 172 39 uniform

253 1664 136 38 years,
423 1665 76 22 was
519 1651 175 39 adhered
717 1658 43 32 to
780 1669 8 30 ;
821 1654 77 39 and
921 1655 177 51 intrigue
1128 1655 135 38 thrust
1283 1654 38 38 in
1351 1667 109 26 mere
1481 1654 91 38 mini-

256 1717 73 22 ons
356 1703 50 39 of
432 1706 164 41 favour,
628 1706 145 51 vulgar
794 1706 266 39 instruments
1087 1706 48 39 of
1159 1708 260 48 corruption,
1449 1711 43 33 to
1522 1706 72 40 the

256 1755 210 39 exclusion
489 1757 47 37 of
562 1757 137 45 merit,
730 1759 257 51 experience,
1009 1757 80 39 and
1113 1757 246 52 patriotism.
1417 1760 83 37 Our
1517 1757 58 39 dis-

257 1807 150 51 cipline
429 1809 79 37 and
528 1808 201 51 vigilance
752 1809 161 40 relaxed
934 1812 35 37 in
1002 1811 242 51 proportion
1265 1824 43 25 as
1328 1824 77 26 our
1423 1811 171 51 dangers

259 1860 79 38 and
364 1859 233 40 diflicidties
614 1864 216 37 encreased
848 1879 11 21 ;
891 1864 76 37 and
1003 1863 70 38 the
1100 1869 176 44 grossest
1303 1861 220 40 violations
1553 1864 44 38 of

250 1912 151 52 public
431 1913 117 51 duty,
594 1915 70 38 the
697 1919 109 34 most
839 1915 174 52 flagrant
1045 1915 282 52 delinquency,
1361 1929 105 25 were
1495 1915 80 39 tole-

257 1964 136 45 rated,
424 1980 46 22 or
489 1967 184 39 srreened
693 1967 105 39 from
822 1968 275 51 punishment,
1127 1972 43 33 at
1191 1980 24 26 a
1243 1970 210 47 juncture,
1482 1968 112 38 when

257 2017 169 38 Roman
448 2019 172 41 severity
643 2019 76 38 and
752 2020 138 38 civism
922 2031 103 26 were
1045 2019 184 48 urgently
1254 2020 203 51 requisite.
1514 2023 41 35 In
1573 2033 24 25 a

254 2069 131 43 word,
416 2082 77 25 our
527 2070 253 51 expedients,
828 2083 77 26 our
935 2072 252 47 regulations
1226 2085 107 25 were
1369 2073 190 50 ordinary
1581 2089 12 21 ;

257 2122 162 51 thong!'
442 2134 76 25 our
541 2122 361 40 embarrassments
931 2135 103 27 NVere
1054 2122 339 52 unprecedented,
1423 2127 78 38 and
1519 2138 77 26 our

257 2172 159 39 danei
437 2174 319 53 accumulating.

315 2254 89 38 The
437 2254 184 39 decrease
652 2255 50 38 of
724 2268 79 25 our
835 2255 159 46 foreign
1032 2256 201 39 influence
1251 2256 103 53 kept
1382 2269 99 39 pace
1501 2257 91 39 with

255 2303 74 39 the
347 2306 223 52 increasing
593 2308 202 38 w'e:ll.iiess
814 2310 77 35 and
913 2309 286 52 inexpediency
1230 2310 51 37 of
1304 2323 78 25 our
1400 2322 197 27 measures

257 2365 39 28 at
315 2356 137 40 home.
510 2361 84 38 Our
609 2360 100 38 local
733 2360 267 51 peculiaritA-,
1023 2362 77 37 and
1119 2361 67 47 the
1201 2361 113 50 spirit
1333 2361 50 39 of
1390 2376 77 25 our
1487 2363 89 38 insti-

255 2409 168 59 tutions.
446 2422 105 37 gave
578 2425 44 25 us
641 2414 66 35 the
728 2418 196 46 stronge,;
956 2413 139 39 ci.aims
1115 2420 43 32 to
1173 2414 73 38 the
1265 2415 234 38 confidence
1519 2415 74 38 and

378 2467 141 33 w;sbei
549 2464 47 37 of
612 2465 67 37 the
707 2472 163 44 greater
891 2471 91 45 part
1012 2466 50 37 of
1094 2479 77 25 our
1204 2467 244 51 neighbours
1465 2483 11 28 ;
1507 2469 86 43 but,

255 2512 113 39 from
390 2528 112 25 fiorne
539 2516 156 40 fatalitv
733 2518 39 37 in
804 2530 77 26 our
900 2531 181 32 mai:ner,
1111 2531 76 26 our
1207 2520 169 37 ;:vices
1396 2532 100 25 were
1534 2533 40 25 re-

254 2565 146 51 quited
428 2568 91 37 wit!!
542 2569 195 44 coldness,
767 2581 76 25 our
872 2569 196 51 pciaered
1090 2569 219 53 friendship
1335 2571 158 38 excited
1514 2585 59 26 sus-

255 2619 155 51 picion.
470 2620 71 38 WC
562 2620 102 38 have
684 2621 76 38 had
783 2621 69 38 the
865 2622 291 38 mortification
1180 2629 41 31 to
1241 2636 77 31 see,
1350 2623 92 38 that
1457 2629 136 40 states,

255 2670 22 38 -
278 2670 116 38 which
430 2683 103 26 were
555 2672 219 51 peculiarly
803 2673 150 38 invited
974 2679 43 32 to
1038 2683 175 30 connect
1239 2675 241 38 themselves
1500 2678 92 35 with

252 2733 65 31 us,
348 2735 43 22 a;
415 2722 87 37 well
540 2724 109 38 from
681 2724 214 38 incidental
926 2726 313 37 circumstances
1267 2725 79 37 and
1382 2726 69 37 the
1483 2726 111 39 force

255 2774 52 37 of
322 2773 203 45 habitual,
557 2774 94 52 long
670 2776 240 39 esiablished
932 2776 184 44 alliance,
1148 2789 41 25 as
1220 2777 111 38 from
1357 2781 69 34 the
1443 2791 124 38 power-

252 2824 64 39 ful
335 2839 113 24 sense
470 2826 48 37 of
531 2828 155 39 nlutual
702 2829 152 50 danger
873 2829 77 38 and
970 2829 221 51 reciprocal
1207 2828 177 44 interest,
1415 2828 178 43 declined

254 2889 104 26 even
379 2878 39 39 in
441 2878 66 37 the
528 2878 76 39 last
621 2880 183 52 struggle
822 2880 66 39 for
902 2880 217 45 existence,
1142 2881 39 38 in
1198 2880 71 39 the
1286 2890 99 41 very
1408 2896 131 35 ag,:av
1554 2885 43 35 of

252 2931 110 37 their
381 2930 311 45 inclenemience,
722 2946 80 25 our
820 2937 123 33 direct
967 2933 265 38 interference
1253 2936 77 34 and
1354 2936 131 37 active
1506 2950 63 37 sup-

252 2987 109 46 port.
422 2969 123 52 'Whitt
565 2985 158 38 renders
742 2986 79 37 this
840 2986 197 50 suspicMll
1059 2985 70 54 the
1160 2998 113 26 iitere
1302 2986 156 51 painful
1479 2988 30 37 is
1530 2991 65 35 the

248 3035 229 51 certainty.
509 3035 90 39 thai
622 3037 164 38 neifher
807 3037 69 38 the
896 3038 126 37 moral
1054 3037 236 51 reputation
1326 3038 48 38 of
1389 3040 67 38 the
1485 3054 81 25 com-

249 3087 181 50 munity.
461 3099 74 26 nor
556 3091 69 37 the
663 3089 91 39 idea
772 3090 48 37 of
843 3090 197 51 imaginar
1110 3091 327 50 prepondi:i-ance
1450 3093 143 53 justify

247 3137 57 40 its
332 3141 216 39 existeace.
609 3145 119 34 Some
762 3142 149 51 might,
944 3143 187 50 perhaps,
1161 3142 162 38 console
1357 3144 237 40 themselves

249 3197 45 31 at
312 3191 78 38 this
430 3191 76 38 less
526 3193 51 38 of
598 3193 152 39 fortner
785 3195 248 51 reputatien,
1067 3196 47 48 by
1153 3195 89 37 that
1277 3195 210 43 inisQrable
1508 3198 86 41 plea

248 3243 53 39 of
313 3243 123 51 levity
459 3244 77 38 and
559 3244 416 45 indiscretion,Mat
994 3261 58 22 ire
1072 3250 138 34 .4;auld
1230 3250 130 34 attach
1376 3262 51 25 no
1447 3253 124 46 impor-

247 3302 122 32 tance
402 3304 57 35 16,
488 3302 79 33 and
583 3311 94 26 ereu
707 3302 167 45 despise,
906 3304 63 33 the
984 3302 257 46 judgtmen:s
1261 3306 38 45 of
1330 3307 203 41 mankind,
1563 3307 22 46 if
1585 3307 12 46 .

247 3352 154 43 theNeo
419 3354 66 33 :201
502 3353 174 34 coincit'c
691 3354 94 35 vith
810 3365 76 24 our
905 3365 85 24 0z,:.7
1007 3356 105 44 good
1126 3356 159 44 opinion
1316 3354 51 47 qf
1377 3359 213 34 oursetres.

246 3400 103 38 This
381 3400 221 40 resolution
638 3403 31 38 is
690 3404 69 37 the
780 3403 74 38 last
874 3409 131 33 resort
1032 3403 50 39 of
1108 3404 70 38 the
1215 3404 210 41 sublimest

1446 3406 126 52 phitos-

242 3454 89 51 phy
369 3454 84 38 and
488 3454 69 38 the
576 3465 105 27 most
702 3456 211 38 conscious
947 3456 148 45 virtue,
1126 3456 230 53 struggling
1393 3459 157 51 against
1571 3475 18 24 a

244 3519 32 37 pi
276 3519 17 37 ,
327 3519 109 26 geese
472 3507 237 50 generation
726 3524 9 27 ;
770 3508 74 39 but
881 3521 151 39 among
1065 3508 72 38 the
1175 3516 80 31 rest
1273 3509 50 37 of
1338 3524 91 25 men
1469 3511 30 38 it
1520 3513 28 38 is
1569 3526 24 25 a.

237 3570 46 26 r-,
354 3563 207 46 symptom
593 3559 50 38 of
669 3566 183 32 extreme
886 3561 183 38 rashness
1085 3561 78 38 and
1186 3561 275 48 indiscretion,
1483 3579 46 25 or
1550 3567 47 37 of

235 3624 34 25 a
293 3609 100 39 ',la)
415 3611 228 39 extinction
663 3612 51 38 of
737 3612 129 40 moral
898 3613 157 52 fe..ling.
1120 3614 184 45 Nations,
1325 3615 37 38 in
1391 3630 119 39 many
1535 3617 35 39 in-

233 3669 183 40 stances,
435 3664 74 38 but
534 3664 226 52 supremely
780 3680 45 24 so
854 3666 40 37 in
926 3665 91 46 this,
1037 3667 168 38 deserve
1225 3672 44 32 to
1292 3669 47 37 be
1358 3671 230 37 considered

239 3716 84 38 and
343 3717 216 38 estimated
582 3718 219 51 according
829 3723 44 33 to
908 3718 69 38 the
1011 3731 112 25 same
1146 3719 214 51 principles
1380 3733 41 25 as
1448 3722 120 40 indivi-

236 3769 133 41 thials.
432 3769 125 50 Tl)eir
576 3776 180 43 greatest
791 3771 74 38 and
889 3775 105 34 most
1015 3771 133 39 useftti
1170 3772 188 51 qualities
1395 3787 70 26 arc
1502 3790 64 24 ren-

237 3822 128 39 dered
387 3819 233 41 hiefrectnal
643 3828 43 34 to
702 3822 257 44 themselves,
980 3836 40 25 as
1046 3824 89 38 well
1157 3837 41 24 as
1227 3830 43 32 to
1292 3826 152 45 others,
1474 3828 34 37 if'
1522 3829 66 38 the

237 3880 85 35 reit
352 3874 50 39 of
416 3875 71 38 the
506 3874 143 46 -world,
679 3888 70 26 arc
780 3874 209 53 unwilling
1016 3881 45 33 to
1081 3875 292 54 acknowledge
1393 3879 104 39 their
1520 3895 45 25 va-

230 3928 125 51 b:ify-
376 3928 80 38 and
476 3927 233 53 splendour.
767 3930 113 50 They
904 3940 85 34 are,
1011 3930 38 35 in
1080 3928 99 46 fact,
1211 3928 83 40 like
1315 3931 128 52 lamps
1465 3934 97 39 burn-

330 3981 37 38 in
390 3994 25 24 a
436 3981 131 43 tomb,
589 3981 243 48 consuming
854 3981 77 38 and
954 3981 156 50 casting
1258 3987 43 33 to
1322 3997 51 24 no
1393 3997 189 40 purpose.

307 4033 182 52 political
511 4033 177 39 theories
709 4035 28 37 it
758 4033 133 38 would
922 4033 50 38 he
1005 4033 227 39 hazardous
1253 4039 41 33 to
1313 4036 197 43 calculate
1530 4055 51 24 on

324 4091 38 48 ;,
361 4091 19 48 ,
380 4091 176 48 :acrosily
576 4085 50 44 of
638 4091 295 50 govcrualcuLs
948 4102 12 32 ;
993 4087 90 48 but,
1115 4100 43 26 as
1176 4100 21 30 a
1222 4094 120 46 great
1372 4093 208 41 inauulac-

1130 77 148 53 THE
1315 71 381 56 NATIONAL
1726 61 384 59 REGISTER;

2603 56 256 51 MARCII
2898 59 74 46 1.2.

1654 202 139 53 luring
1812 202 78 40 and
1910 196 256 45 commercial
2203 193 161 57 people,
2400 193 161 52 leaving
2593 191 69 39 the
2695 197 161 47 present
2874 193 110 52 poli

1657 253 92 43 tical
1767 253 194 43 situation
1982 250 46 41 of
2043 254 162 47 Europe
2222 253 77 34 ont
2315 246 48 38 of
2383 244 72 39 the
2473 248 207 48 questions
2708 244 28 38 it
2759 246 32 38 is
2811 257 144 39 unque-

1657 307 178 53 tionably
1854 306 71 41 the
1943 307 164 38 interest
2125 301 50 39 of
2187 313 96 27 ours
2310 304 43 33 to
2381 300 123 48 enjoy
2526 296 69 39 the
2611 301 165 41 esteem,
2798 298 70 38 the
2887 311 73 25 con-

1658 360 164 46 fidence,
1843 359 79 40 and
1942 356 107 56 good
2067 354 76 39 will
2169 352 50 40 of
2244 364 76 27 our
2344 350 263 52 neighbours.
2665 350 130 51 Every
2810 350 149 39 circum-

1656 417 132 34 stance
1802 409 206 47 eventual,
2020 420 45 26 as
2081 405 87 41 well
2189 419 43 24 as
2249 404 243 50 stationary,
2507 402 198 39 fa.youred
2728 415 76 26 our
2822 407 138 47 preten-

1655 465 106 39 sions
1780 464 39 40 in
1833 465 80 40 this
1932 465 164 48 respect.
2138 457 112 53 They
2270 468 118 32 were,
2407 455 158 44 indeed,
2585 467 43 26 so
2643 454 183 54 strongly
2848 456 39 38 in
2907 470 77 27 our

1658 517 158 47 favour,
1837 517 92 39 that
1949 515 31 40 it
1998 510 180 56 required
2204 524 24 26 a
2246 509 183 40 studious
2450 506 256 47 refinement,
2727 521 24 24 a
2770 508 97 52 long
2888 522 72 25 con-

1657 570 185 39 tinuance
1861 569 50 40 of
1925 568 215 41 irritation,
2167 568 44 34 to
2231 561 172 40 alienate
2432 557 70 40 the
2533 560 211 39 continent
2776 560 106 38 from
2904 561 78 39 tin.:

1656 628 184 46 country.
1898 622 80 38 But
2011 620 69 38 the
2112 617 162 39 hardest
2308 613 137 39 bodies
2464 624 70 26 are
2557 624 107 25 worn
2694 613 52 50 by
2769 612 178 39 collision
2967 630 12 22 :

1657 676 76 39 and
1753 687 74 27 our
1854 672 216 54 respective
2091 667 341 41 4dministrations
2451 664 105 39 have
2575 661 170 40 ctlected
2760 664 105 38 their
2884 677 72 40 pur-

1658 741 107 39 pose,
1787 728 37 39 in
1841 728 69 39 the
1930 737 139 28 course
2080 723 48 39 of
2143 720 138 41 fifteen
2300 732 130 40 years,
2451 731 44 25 so
2515 715 243 54 completely
2776 716 91 39 that
2884 716 98 51 they

1658 782 99 37 have
1779 778 72 40 left
1873 793 46 26 us
1937 777 74 40 and
2034 775 135 41 future
2187 772 269 54 generations,
2477 782 59 26 we
2557 781 69 27 are
2644 767 146 47 afraid,
2806 781 48 26 an
2876 774 104 33 eter.

1658 831 64 40 nal
1750 837 240 34 monument
2008 829 48 39 of
2082 827 104 40 their
2215 824 202 54 capacity,
2435 831 307 44 perseverance,
2761 820 222 53 liberality,

1657 885 74 40 and
1752 885 115 53 spirit
1886 883 47 39 of
1946 880 275 43 conciliation.

1709 969 195 39 Previous
1937 971 43 33 to
2015 964 69 39 the
2119 961 346 43 commencement
2496 957 51 39 of
2577 957 67 40 the
2676 954 306 46 revolutionary

1659 1033 93 32 war,
1779 1020 171 50 nothing
1969 1031 78 25 was
2078 1031 44 25 so
2154 1018 116 48 great
2301 1012 77 39 and
2409 1009 250 54 respectable
2695 1020 54 27 as/
2770 1010 70 38 the
2872 1011 111 37 word

2022 1070 67 39 the
2119 1069 185 39 different
2331 1063 223 53 languages
2580 1063 48 39 of
2644 1064 164 50 Europe
2841 1063 30 37 it
2904 1076 79 24 was

1657 1124 262 53 synonimous
1956 1123 92 39 with
2068 1131 115 40 every
2206 1120 113 50 thing
2352 1116 110 54 good
2490 1115 78 39 and
2590 1115 182 45 exalted;
2805 1115 80 39 and
2922 1115 40 39 af-

1659 1178 136 39 forded
1817 1178 69 39 the
1906 1181 111 47 poet,
2042 1176 67 38 the
2130 1170 275 57 philosopher,
2427 1169 74 38 and
2525 1170 69 37 the
2613 1168 200 39 dramatic
2830 1167 154 46 writer,

1659 1230 104 39 their
1782 1228 156 40 noblest
1959 1230 163 50 images,
2143 1226 104 39 their
2267 1222 184 53 happiest
2473 1220 276 41 illustrations.
2781 1222 85 37 Our
2883 1219 99 39 least

1658 1281 171 39 amiable
1865 1280 270 53 singularities
2169 1274 204 41 furnished
2394 1287 24 26 a
2438 1273 138 39 theme
2603 1274 65 37 for
2704 1271 241 41 admiration
2966 1290 15 31 ;

1658 1335 73 39 and
1753 1348 97 26 even
1887 1346 79 26 our
2002 1332 80 40 real
2114 1331 148 40 defects
2289 1337 105 30 were
2422 1324 215 54 anxiously
2665 1324 189 46 excused,
2875 1337 107 27 were

1657 1385 219 52 studiously
1893 1384 260 40 extenuated.
2194 1382 220 38 Wherever
2425 1393 50 25 an
2490 1378 262 52 Englishman
2769 1380 216 52 appeared,

1659 1439 48 39 he
1726 1453 78 25 was
1817 1453 24 25 a
1854 1437 163 53 general
2030 1437 135 51 object
2177 1435 46 39 of
2230 1433 201 41 attention
2445 1431 76 39 and
2538 1431 278 38 services.H
2824 1431 30 37 is
2867 1442 117 27 name

1658 1504 80 26 was
1769 1499 25 31 a
1815 1496 210 47 passport;
2065 1491 58 38 his
2141 1498 249 43 appearance
2421 1496 26 26 a
2467 1483 117 39 letter
2604 1483 47 39 of
2680 1483 276 39 recommenda-

1658 1544 99 40 tion.
1832 1547 112 35 liven
1980 1545 163 43 France,
2181 1553 74 27 our
2288 1541 116 51 great
2424 1535 180 48 political
2624 1538 79 37 and
2722 1535 261 40 commercial

1659 1597 115 45 rival,
1812 1596 170 45 ranked,
2019 1594 60 39 for
2114 1607 115 26 more
2246 1592 98 39 than
2374 1589 91 40 half
2479 1602 22 26 a
2520 1594 185 45 century,
2744 1600 151 38 among;;
2935 1590 50 38 he

1661 1654 190 45 ioremost
1865 1648 50 39 of
1928 1661 77 26 our
2019 1646 206 45 admirers,
2246 1655 150 41 among
2411 1643 71 38 the
2499 1646 106 33 most
2622 1642 204 38 animated
2846 1641 48 39 of
2909 1655 76 26 o::r

1659 1701 261 52 panegyrists.
1977 1702 81 37 Our
2078 1698 260 43 institutions,
2374 1707 78 28 our
2469 1707 118 32 arms,
2624 1706 76 26 our
2720 1693 261 52 philosophy,

1659 1755 76 37 and
1756 1766 74 26 our
1850 1757 97 43 arts,
1975 1765 102 27 were
2095 1752 67 39 the
2178 1750 158 40 noblest
2355 1744 155 43 models
2524 1746 50 39 of
2583 1747 71 38 her
2674 1744 221 46 imitation,
2914 1747 71 38 the

1661 1812 104 34 most
1781 1806 157 39 fervent
1957 1806 152 50 objects
2126 1804 50 39 of
2190 1804 70 39 her
2278 1801 255 40 attainment.
2593 1798 40 38 If
2644 1809 25 26 a
2688 1796 171 52 change,
2893 1809 67 41 sup-

1659 1860 120 50 posed
1800 1865 41 33 to
1863 1860 51 38 be
1933 1859 191 50 salutary,
2146 1869 78 26 was
2244 1853 214 54 proposed,
2479 1865 47 25 or
2548 1850 239 40 introduced
2802 1850 90 39 into
2906 1863 79 30 any

1662 1912 146 39 branch
1830 1911 48 38 of
1902 1911 70 38 the
1993 1909 346 45 Administration,
2370 1907 30 37 it
2419 1917 81 26 was
2520 1902 224 53 invariably
2770 1903 214 40 borrowed

1659 1963 106 40 from
1786 1977 76 26 our
1880 1968 188 34 customs.
2125 1957 43 43 fa
2192 1974 124 38 every
2336 1959 157 51 dispute
2528 1957 176 37 between
2734 1954 142 40 nation
2903 1957 77 38 and

1659 2019 152 41 nation,
1845 2029 59 25 we
1936 2028 102 26 were
2068 2013 175 41 referred
2268 2019 44 32 to
2331 2024 45 26 as
2411 2008 327 53 umpires;the
2769 2009 213 51 oppressed

1659 2068 145 40 looked
1826 2082 53 39 up
1900 2073 43 33 to
1964 2081 43 25 us
2026 2081 41 25 as
2081 2078 193 40 avengers
2291 2081 11 28 ;
2334 2065 66 39 the
2420 2061 115 40 weak
2557 2075 44 24 as
2622 2065 256 46 protectors;
2906 2061 79 39 and

1661 2122 69 38 the
1756 2133 213 40 aggressor
1985 2120 171 39 dreaded
2178 2132 76 27 our
2277 2117 150 52 justice
2445 2114 80 39 and
2563 2117 260 35 resentment.
2882 2117 100 35 Such

1658 2187 80 25 was
1755 2187 73 26 our
1839 2174 224 39 character.
2094 2174 78 39 But
2190 2173 90 39 how
2300 2170 32 40 it
2350 2169 135 41 stands
2507 2180 87 26 now
2616 2173 58 34 we
2693 2165 106 41 have
2818 2164 163 56 already

1658 2226 234 53 developed.

1711 2319 35 35 It
1766 2322 106 34 must
1889 2317 52 39 be
1955 2324 25 30 a
1993 2316 175 44 curious,
2189 2327 40 26 as
2242 2314 31 39 it
2293 2313 33 38 is
2343 2311 196 52 certainly
2556 2319 26 32 a
2602 2309 356 45 momentousoub-

1650 2370 87 46 ject
1763 2370 47 38 of
1835 2369 176 52 inquiry,
2039 2375 43 32 to
2102 2368 236 51 investigate
2359 2366 67 38 the
2445 2378 119 26 cause
2582 2363 51 39 of
2647 2363 80 39 this
2747 2357 242 44 alienation./

1662 2422 141 38 Before
1820 2435 58 25 we
1894 2421 169 52 proceed
2083 2420 157 39 further
2258 2432 58 24 we
2336 2417 74 40 will
2434 2417 163 52 preface
2614 2427 77 27 our
2705 2414 280 40 examination

1659 2474 50 51 by
1726 2474 204 52 declaring
1951 2473 87 39 that
2059 2474 28 38 it
2101 2472 122 53 solely
2238 2472 220 50 originates
2474 2471 38 37 in
2526 2469 221 46 ourselves,
2764 2466 77 41 and
2854 2466 90 41 that
2957 2469 31 38 it

1657 2526 77 39 still
1752 2532 184 46 operates
1952 2526 144 38 almost
2109 2523 241 52 exclusively
2369 2536 52 25 on
2438 2536 77 25 our
2530 2520 83 39 side
2628 2539 11 25 ;
2670 2520 185 52 making,
2875 2520 84 39 how-

1645 2578 122 46 'ever,
1795 2593 24 25 a
1838 2580 155 51 trilling
2013 2578 215 58 allowapce
2245 2577 66 38 for
2331 2577 70 37 the
2417 2575 139 39 effee.ts
2576 2575 48 37 of
2639 2572 69 39 the
2730 2572 150 39 French
2904 2574 54 37 Re-

1659 2630 196 44 volution,
1886 2636 72 33 too
1993 2628 301 51 imperceptible
2331 2627 145 35 almost
2507 2631 44 31 to
2589 2626 46 34 be
2667 2623 178 38 noticed.
2901 2624 86 35 The

1659 2682 86 34 first
1765 2687 226 44 symptoms
2010 2692 87 38 may
2121 2680 48 37 be
2203 2676 137 38 traced
2373 2680 44 34 to
2447 2675 69 38 tha
2545 2675 113 48 rapie.
2688 2674 76 38 and
2786 2673 201 39 excessive

1659 2731 172 39 increase
1859 2732 48 38 of
1931 2745 77 25 our
2039 2728 255 40 commercial
2321 2727 344 52 preponderiuce,
2694 2726 130 37 which
2856 2725 131 52 began

1659 2783 145 39 annost
1835 2781 285 53 immediately.
2138 2781 105 39 after
2274 2781 71 38 the
2372 2779 234 39 conclusion
2626 2777 48 40 ot'
2687 2778 69 38 the
2774 2778 210 39 American

1663 2837 106 45 War,
1799 2836 73 37 and
1894 2841 45 34 to
1969 2835 69 38 the
2057 2836 226 38 inordinate
2313 2832 125 38 desire
2458 2830 50 38 of
2522 2843 216 39 ;-,ecieliary
2760 2830 202 38 considera-

1661 2887 83 39 tion
1798 2888 87 38 hich
1904 2888 202 39 follov!ed.
2148 2885 96 39 This
2259 2885 150 39 sudden
2456 2883 189 38 !teritiati
2667 2885 317 43 revolutionise',

1662 2941 35 37 ill
1726 2954 110 25 some
1856 2954 201 31 uneasure,
2085 2952 76 26 our
2181 2937 188 53 pursuits,
2400 2936 210 38 charaeter
2644 2936 73 37 :tad
2757 2934 221 52 polities.

1724 2991 90 40 lov'e
1844 2993 47 38 of
1915 3006 115 38 glory
2062 2992 161 38 became
2254 2991 220 51 secondary
2504 2994 41 32 to
2576 3001 24 24 a
2633 2988 90 37 love
2748 2987 47 38 of
2813 3000 138 39 money
2970 3004 13 27 ;

1659 3044 74 38 and
1767 3059 37 24 u,
1822 3058 116 38 every
1967 3046 129 48 object
2117 3043 46 39 of
2178 3041 180 40 national
2392 3043 156 50 pursnik.
2578 3053 57 25 we
2668 3040 130 51 began
2826 3046 44 33 to
2904 3040 60 39 cal-

1661 3097 145 44 ea,;.tro,
1835 3096 89 39 with
1924 3096 22 39 .
1965 3094 228 41 mercantile
2222 3096 64 38 ini,
2285 3096 15 38 -
2301 3096 47 38 .ll
2348 3096 15 38 .
2363 3096 98 38 ,eness
2494 3099 77 33 and
2608 3094 181 48 anxiety,
2818 3091 67 41 the
2907 3092 77 40 loss

1659 3149 74 38 and
1756 3149 66 39 the
1840 3151 93 43 gain
1951 3163 58 24 we
2031 3163 98 24 were
2146 3148 120 40 likely
2288 3154 43 32 to
2353 3146 123 39 incur.
2537 3148 120 37 From
2678 3145 90 38 that
2800 3151 183 33 moment

1661 3202 112 39 those
1787 3202 98 39 -hot::
1903 3203 77 37 and
1998 3201 221 39 hazardous
2237 3198 309 44 combinations,
2576 3197 128 39 which
2722 3211 69 25 are
2806 3198 177 51 peculiar

1659 3259 41 33 to
1723 3268 22 25 a
1775 3255 249 50 community
2046 3254 201 38 animated
2265 3254 92 37 e.ith
2380 3265 50 26 all
2451 3252 152 38 ardour
2623 3250 63 39 for
2706 3249 177 41 freedom
2907 3253 78 38 and

1658 3307 132 50 glory,
1820 3307 37 38 in
1879 3306 228 61 preference
2144 3312 43 33 to
2225 3318 162 38 moaey,
2418 3305 130 51 began
2583 3308 43 34 to
2644 3304 210 52 disappear
2875 3304 109 41 from

1659 3371 74 26 our
1749 3359 175 39 conneds
1941 3360 76 37 and
2039 3359 244 41 operations,
2313 3357 76 39 and
2406 3370 56 25 we
2483 3356 196 39 ventured
2699 3369 51 25 on
2770 3356 116 39 small
2906 3357 79 40 and

1659 3412 159 38 various
1839 3411 289 52 spec.ulw.ion:,;
2160 3412 87 38 that
2269 3410 34 39 if
2328 3423 76 25 one
2421 3407 137 46 tailed,
2588 3407 171 39 another
2780 3409 129 51 might
2931 3411 48 38 he

1658 3463 249 50 proilne,ive.
1980 3467 28 35 A
2044 3465 109 50 unity
2189 3464 46 37 of
2282 3463 135 38 action
2467 3463 77 37 and
2582 3459 78 39 will
2704 3461 280 53 immediately

1656 3515 154 47 ceased,
1839 3516 76 38 and
1938 3517 67 37 the
2036 3516 172 38 national
2230 3528 148 38 energy
2399 3513 194 51 diverged
2631 3514 85 37 into
2737 3515 167 37 various
2922 3514 39 38 di-

1657 3570 184 37 rections.
1898 3572 43 35 In
1959 3582 268 38 consequence
2246 3568 47 37 of
2309 3567 77 39 this
2406 3570 162 47 system,
2598 3579 60 25 we
2678 3566 137 38 lorded
2836 3567 30 37 it
2885 3580 99 25 over

1658 3622 159 37 Nabobs
1838 3621 73 38 and
1945 3622 188 38 unarmed
2163 3621 170 44 Indians,
2365 3621 74 35 and
2461 3617 231 52 conquered
2709 3617 275 52 spice-islands

1655 3674 74 38 and
1752 3674 386 48 sugar-plantations
2156 3678 8 32 !
2194 3673 131 38 whilst
2347 3672 69 39 the
2434 3685 143 35 enemy
2600 3683 80 25 was
2713 3670 269 52 demolishing

1655 3726 113 38 those
1787 3726 242 38 formidable
2044 3728 183 41 barriers,
2259 3725 128 38 which
2409 3724 69 38 the
2494 3723 163 38 wisdom
2675 3723 74 39 and
2767 3736 149 40 energy
2939 3724 51 39 of

1654 3793 76 24 our
1762 3778 243 39 forefathers
2040 3780 71 37 had
2133 3778 161 39 exerted
2317 3777 76 38 and
2430 3776 259 38 maintained.
2748 3777 157 38 Instead
2939 3777 51 38 of

1652 3831 113 38 those
1786 3837 116 44 great
1922 3831 77 38 and
2013 3831 169 39 decisive
2198 3830 162 46 battles,
2391 3829 129 37 which
2541 3841 104 25 were
2672 3828 149 51 fought
2855 3828 128 40 under

1655 3886 34 35 M
1701 3896 19 24 A
1731 3898 266 32 imtmitouGit,
2028 3896 76 26 onr
2131 3883 163 38 soldiers
2315 3894 102 26 were
2434 3881 184 47 engaged
2652 3880 39 38 in
2722 3894 112 25 some
2864 3887 116 46 petty

1649 3935 187 39 skirmish
1863 3950 52 26 on
1936 3937 70 38 the
2026 3939 158 46 Ganges
2203 3948 45 26 or
2269 3937 70 37 the
2360 3935 57 38 La
2448 3935 131 43 Fiala,
2611 3938 43 33 at
2675 3933 67 38 the
2763 3946 94 32 very
2881 3935 98 39 time

1649 3989 89 39 that
1757 3989 276 39 iimumerahle
2065 3989 143 39 armies
2241 4000 103 26 were
2365 3987 243 48 contending
2628 3999 51 25 on
2702 3986 66 38 the
2794 3987 187 45 Danube,

1648 4042 67 38 the
1742 4046 71 39 Po,
1843 4042 73 38 and
1941 4041 67 39 the
2031 4041 103 45 Sant,
2164 4041 64 39 for
2259 4041 66 39 the
2357 4039 209 39 domiaion
2590 4038 48 38 of
2669 4041 170 51 Europe.
2901 4041 52 37 Na-

1646 4094 105 44 tions
1788 4094 76 44 and
1896 4107 93 31 men
2026 4094 104 47 sink,
2159 4108 46 27 or
2241 4095 89 46 rise,
2361 4094 39 40 iu
2430 4093 69 40 the
2528 4093 234 39 estimation
2794 4093 50 39 of
2871 4093 106 39 their

3369 132 27 27 +
3405 131 6 19 1
