3413 4441
1156 60 145 52 TIM
1336 51 376 58 NATIONAL
1744 48 378 53 REGISTER-

279 198 87 33 criir
412 198 84 25 oleo
514 203 110 30 golog
644 193 178 34 forward.
878 195 57 31 Ile
952 206 97 30 says,
1080 195 31 33 if
1137 198 58 30 the
1213 197 89 41 :yid
1312 196 67 30 kat
1391 194 58 32 ion
1482 202 69 22 was
1570 196 39 26 to

344 239 231 35 considered,
595 239 43 32 he
664 240 131 33 should
823 250 61 27 say
915 241 100 40 (that
1043 242 44 39 is,
1123 243 44 32 he
1199 242 129 32 should
1359 239 110 35 write
1496 249 44 21 on

416 286 45 32 be
821 288 104 33 Then
946 288 32 33 if
1003 288 145 34 further
1165 291 182 43 curl:titles
1380 296 99 25 were
1504 291 38 27 to
1567 286 44 31 he

279 333 110 32 male
424 343 100 33 upon
569 334 41 38 it,
656 334 44 33 he
741 335 129 33 should
898 335 185 44 probably
1297 344 38 25 to
1381 335 46 32 he
1469 343 122 24 re-con-

533 380 78 33 And
640 381 76 33 that
756 383 35 33 in
831 393 98 22 cases
971 383 128 35 where
1137 376 60 41 the
1232 393 142 24 answer
1417 391 89 28 was,
1532 379 78 33 that

283 429 28 33 it
458 436 61 24 .tot
539 430 45 30 he
604 430 123 32 ac:..('e
726 430 15 32 ,
742 430 15 32 l
780 435 53 35 to,
862 430 27 33 it
933 442 74 22 was
1045 442 89 24 very
1175 432 182 44 probably
1395 432 120 28 meant
1533 428 76 32 that

283 476 28 32 it
351 478 80 28 'alio
454 481 59 27 ,t,t
535 476 44 31 be
598 480 184 40 complied
807 480 87 31 with
911 478 156 33 !—This
1083 489 84 25 may
1187 480 46 32 be
1251 475 215 37 understood
1491 478 39 28 at
1550 472 61 34 the

287 523 120 34 ,IC,rse
428 523 159 38 Gnarls,
614 523 11 33 I
650 535 24 22 a
689 526 39 32 ill
761 526 142 43 readily
924 526 130 40 admit,
1085 528 64 32 but
1168 527 79 32 that
1267 536 70 32 any
1357 524 107 33 other
1483 531 129 34 person

281 580 66 24 can
378 570 206 33 svaleriatial
607 572 39 35 it,
673 572 11 32 1
719 579 89 26 must
831 579 92 26 most
950 573 193 34 decidedly
1161 574 90 34 deny
1269 573 128 32 !—Let
1413 572 59 32 the
1493 569 120 32 House

282 622 176 28 recollect
493 619 77 33 that
604 620 98 32 these
726 621 157 32 services
920 630 96 25 were
1045 622 63 32 the
1133 631 96 24 same
1257 625 39 30 at
1331 620 59 32 the
1424 618 87 34 time
1552 615 61 33 the

283 666 137 32 refusal
469 676 37 24 wa
506 676 19 24 ,
524 676 19 24 ,
581 667 120 39 given,
729 678 40 22 as
802 669 87 34 they
931 678 97 24 were
1067 670 103 32 when
1206 669 87 41 they
1336 676 96 24 were
1467 664 128 33 favour-

403 715 226 32 considered.
686 715 34 33 It
754 725 161 33 appears
944 717 78 31 that
1056 715 152 35 Colonel
1248 715 151 33 Brooke
1433 713 63 32 has
1526 712 89 32 been

289 762 136 32 taalve
446 772 17 32 )
463 772 18 32 (
481 772 18 32 I
498 772 53 32 sla
572 771 33 21 to
625 762 60 32 the
704 772 122 33 army,
854 762 83 33 four
956 764 143 31 months
1115 762 43 32 of
1183 763 118 32 which
1328 761 130 45 period
1478 759 45 33 he
1543 767 73 25 was

287 820 22 19 :s
330 811 131 31 Carnet
490 807 45 34 of
568 809 7 30 I
588 811 50 30 tat
656 821 116 30 •oons,
797 810 67 32 and
885 820 105 22 seven
1011 821 103 21 year:
1144 821 44 22 on
1222 809 184 44 half-pay.
1462 806 151 34 Colonel

287 857 18 33 C
305 857 18 33 r
322 857 37 33 ia
371 859 84 37 eon,
484 857 34 32 in
539 866 24 22 t.
618 857 77 33 first
715 857 171 39 instance,
913 867 100 31 gives
1046 857 30 33 it
1104 868 39 22 as
1167 868 22 22 a
1220 867 126 24 reason
1372 855 57 33 for
1460 855 60 32 the
1547 863 45 22 ex-

288 914 67 21 cal
410 917 17 17 e
448 905 107 33 being
569 904 171 45 gawped,
754 904 78 33 that
856 904 81 32 Col.
960 906 148 31 iirooke
1121 917 74 20 was
1209 915 37 21 so
1269 905 81 41 long
1363 913 46 22 on
1426 902 80 33 linlf
1517 912 96 33 pay;

285 951 72 33 and
377 961 76 21 was
552 959 138 33 request
715 952 28 31 is
762 952 183 41 complied
969 952 87 33 with
1077 963 44 21 on
1146 953 58 32 the
1222 952 155 43 grounds
1400 950 45 33 of
1470 950 53 32 his
1541 959 56 22 ser-

402 1005 6 9 '
443 999 33 33 Is
496 998 25 32 it
542 1003 64 31 nit
622 1011 43 21 an
681 999 288 41 extraordinary
987 999 257 33 circumstauce
1263 999 33 33 in
1313 1007 46 24 an
1374 998 189 40 exchange
1576 996 40 33 of

285 1052 53 25 a‘•
412 1049 54 28 :At
484 1052 73 25 tiati
608 1048 129 32 alone)
759 1044 5 35 •
781 1046 126 32 ;orlon
924 1046 105 33 could
1051 1054 60 26 not
1134 1048 170 32 recollect
1324 1057 22 22 a
1364 1046 99 32 word
1481 1044 76 33 said
1580 1045 34 31 in

289 1093 94 37 Co•••
402 1094 43 32 iel
480 1093 182 34 Broake's
686 1093 156 34 favour!
898 1095 14 32 1
938 1095 123 32 would
1088 1095 84 37 ask,
1199 1095 102 32 what
1330 1095 27 31 it
1389 1103 76 22 was
1495 1091 118 33 which

287 1142 188 34 cer,:•..a
491 1159 8 6 -
531 1155 22 19 a
582 1141 93 44 good
707 1144 154 39 cavalry
881 1141 122 33 officer
1019 1142 12 32 ?
1088 1142 37 34 It
1157 1143 27 32 is
1215 1142 80 32 well
1328 1141 136 32 known
1491 1140 76 32 that
1593 1152 21 20 a

287 1198 69 27 cav
430 1188 4 43 .
544 1199 40 24 er
596 1196 92 25 inn-t
705 1198 103 24 serve
839 1198 94 24 some
963 1200 106 31 years
1091 1188 124 34 before
1246 1191 44 31 he
1316 1199 65 24 can
1411 1189 45 31 be
1481 1198 22 24 a
1519 1188 96 43 rood

287 1237 146 38 officer;
463 1235 79 33 that
559 1237 197 43 according
776 1243 37 25 to
831 1235 60 32 the
909 1237 208 37 regulation
1139 1235 41 33 of
1207 1237 54 32 his
1284 1235 117 33 Royal
1424 1214 190 61 High7iess,

286 1290 64 28 Torn
369 1289 50 28 cu
441 1287 86 30 does
559 1284 72 32 him
661 1283 59 33 the
751 1281 145 44 highest
925 1283 155 37 honour,
1100 1294 45 22 an
1174 1284 120 33 officer
1326 1289 89 28 must
1440 1292 102 22 serve

267 1330 5 48 •
285 1341 111 38 years
415 1331 128 33 s..fore
561 1330 44 33 he
622 1342 63 21 call
702 1332 45 30 he
761 1341 22 21 a
803 1330 84 33 field
904 1330 145 39 officer;
1076 1332 70 32 and
1165 1333 58 32 the
1248 1341 125 24 reason
1394 1331 45 39 k,
1465 1330 79 32 that
1569 1342 46 24 no

267 1376 1 47 •
288 1390 81 22 man
399 1380 126 32 slioultl
560 1378 90 33 I-ase
671 1377 81 34 that
771 1376 92 34 rank
882 1377 191 34 conferred
1094 1389 97 34 upon
1212 1380 74 32 him
1312 1378 89 33 until
1422 1377 44 33 he
1486 1377 27 32 is
1532 1388 63 33 per-

429 1426 103 45 (-Isiah
542 1426 66 33 :led
645 1431 39 26 to
718 1424 54 33 fill
809 1426 44 32 it.
909 1426 72 32 But
1011 1426 30 32 it
1076 1426 30 32 is
1139 1426 124 33 rather
1297 1437 20 20 a
1363 1423 167 46 peculiar
1543 1424 56 33 cir-

278 1481 222 34 cianstvice,
527 1474 78 32 that
643 1472 71 33 this
743 1472 138 41 officer,
911 1472 103 43 who,
1043 1473 105 34 when
1178 1483 71 33 you
1276 1473 131 34 deduct
1429 1472 63 34 She
1508 1480 104 26 seven

286 1532 109 33 years
435 1532 45 24 on
528 1520 195 45 half-pay,
771 1520 70 34 had
882 1521 86 43 only
1007 1521 128 33 served
1181 1522 69 31 five
1294 1530 119 32 years,
1460 1519 30 33 is
1528 1530 64 26 con-

280 1569 148 37 sidered
465 1579 26 22 a
526 1578 143 35 proper
704 1577 81 25 man
821 1572 37 30 to
893 1572 66 40 put
998 1574 40 27 at
1083 1569 63 33 tta
1185 1566 91 35 head
1318 1567 43 33 of
1395 1577 24 25 a
1461 1569 149 43 cavalry

278 1617 196 43 regiment,
515 1618 37 31 in
586 1615 122 34 which
738 1615 142 33 service
917 1615 44 32 he
994 1615 70 33 had
1106 1617 31 31 la
1137 1625 14 24 -
1152 1625 43 24 yen
1228 1616 63 33 but
1326 1615 81 33 four
1443 1615 139 33 months
1598 1615 9 34 !

287 1664 92 33 Tha.,
406 1674 83 25 case
516 1663 185 43 certainly
733 1662 178 34 militates
930 1662 164 44 strongly
1113 1663 141 43 against
1285 1663 102 33 those
1402 1671 89 34 very
1511 1672 81 33 regu-

273 1708 60 38 tat
341 1711 6 31 i
356 1722 60 22 ous
429 1710 105 34 made
547 1710 50 45 by
612 1711 52 32 his
680 1710 123 44 Royal
817 1709 182 44 Highness
1012 1709 158 35 himself.
1196 1709 79 34 The
1287 1715 85 27 next
1383 1716 83 27 case
1481 1709 15 33 I
1508 1717 102 27 come

279 1761 43 31 to
339 1760 27 31 is
385 1759 78 33 that
483 1757 44 33 of
546 1760 112 44 Capt.
680 1757 157 43 Mating.
891 1756 34 34 It
941 1767 83 34 may
1045 1757 46 33 be
1109 1756 35 34 in
1163 1757 60 33 the
1243 1756 235 34 recollection
1494 1757 43 33 of
1547 1757 63 33 the

280 1804 132 37 'louse
428 1805 65 34 the
510 1817 85 32 way
614 1806 164 33 thiscase
789 1814 76 24 was
882 1804 110 33 taken
1011 1814 63 34 up,
1100 1805 71 32 and
1187 1804 78 33 that
1284 1804 31 33 it
1345 1813 73 24 was
1443 1809 64 28 not
1537 1814 50 24 ma-

274 1852 122 39 na.asd
413 1858 39 30 at
469 1853 52 34 all
543 1853 34 34 in
593 1853 61 33 the
670 1861 84 34 way
774 1852 33 32 in
821 1851 122 34 which
963 1851 18 33 I
994 1852 159 33 wished.
1185 1850 124 34 'While
1320 1851 72 34 this
1403 1852 206 43 gentleman

278 1899 74 34 had
369 1910 110 25 never
489 1902 91 32 been
591 1905 63 28 out
669 1899 45 34 of
725 1898 184 43 England;
927 1897 70 35 and
1015 1899 14 33 I
1046 1899 91 34 with
1152 1904 38 28 to
1201 1899 105 43 bring
1316 1898 28 34 it
1355 1903 38 30 to
1404 1899 73 34 this
1492 1899 116 44 point,

270 1949 185 33 whether
474 1950 31 32 it
522 1948 30 34 Is
570 1952 65 28 not
664 1946 136 44 highly
827 1946 207 44 improper,
1059 1952 65 27 not
1152 1950 38 30 to
1207 1957 64 31 say
1290 1951 168 39 corrupt,
1486 1946 34 33 in
1537 1957 71 35 any

281 1995 252 34 Commander
562 1996 35 32 in
617 1993 128 43 Chief,
771 1998 37 27 to
828 2000 65 38 put
911 2003 78 22 men
1010 1993 85 35 who
1116 1993 70 34 had
1212 2003 109 24 never
1355 1994 91 33 been
1479 1998 64 28 out
1570 1993 45 34 of

279 2041 188 44 England,
497 2052 93 25 over
607 2043 61 32 the
698 2041 113 34 heads
829 2039 43 35 of
898 2039 142 37 officers
1058 2039 86 35 who
1175 2040 69 34 had
1278 2041 126 34 served
1430 2050 40 24 so
1504 2052 105 34 many

276 2098 113 38 years
409 2091 34 32 in
462 2089 144 44 foreign
622 2089 167 33 climates
803 2088 13 32 ?
872 2088 146 43 During
1039 2088 65 34 the
1121 2096 167 35 progress
1303 2088 44 33 of
1371 2088 73 34 this
1457 2098 97 32 case,
1581 2091 27 32 it

279 2138 193 43 appeared
493 2135 84 35 that
592 2135 155 34 another
763 2135 112 45 Capt.
898 2135 143 44 Maling
1058 2146 79 22 was
1154 2135 194 45 employed
1367 2135 37 33 in
1419 2134 63 35 the
1500 2135 84 35 Com-

276 2194 87 24 ma!'
377 2185 53 31 ler
451 2186 34 32 in
502 2183 148 37 Chief's
677 2183 120 40 office,
827 2183 84 33 who
943 2192 111 24 Never
1076 2181 174 34 rendered
1276 2193 71 33 any
1365 2184 154 38 service,
1544 2193 66 24 nor

278 2241 116 25 never
411 2231 67 34 llad
500 2230 132 45 joined
650 2230 56 33 his
722 2230 200 43 regiment;
950 2230 81 33 that
1049 2229 156 37 Colonel
1218 2229 150 35 Gordon
1383 2230 69 34 had
1472 2241 115 24 recom-

274 2278 156 35 mended
451 2288 74 24 him
546 2284 38 27 to
596 2278 59 33 the
670 2277 247 34 Commander
931 2277 34 33 in
981 2277 117 40 Chief
1109 2283 39 27 to
1166 2277 45 33 he
1224 2282 65 40 put
1303 2285 99 35 upon
1420 2276 86 35 half
1517 2288 92 35 pay,

273 2331 78 31 and
370 2331 38 28 to
425 2326 115 45 enjoy
559 2326 65 33 the
641 2326 92 33 rank
754 2323 45 34 of
820 2326 178 43 Captain.
1050 2324 117 40 Now,
1194 2326 33 32 if
1251 2324 31 34 it
1307 2330 77 28 Wag
1398 2326 191 33 extraordi-

272 2383 97 33 nary
396 2379 81 27 that
496 2373 77 34 Mr.
595 2372 157 44 Mating,
783 2372 87 33 who
905 2370 70 34 bad
1000 2382 112 22 never
1137 2372 91 34 been
1261 2376 65 33 out
1354 2370 45 34 of
1430 2372 175 44 England,

272 2420 136 34 should
422 2422 45 31 be
484 2426 67 38 put
569 2430 87 24 over
670 2420 107 33 those
793 2419 84 33 who
896 2418 71 34 had
984 2430 83 22 seen
1085 2418 162 41 service;
1276 2419 32 33 it
1325 2428 72 25 was
1410 2419 131 34 almost
1569 2430 39 24 as

272 2467 295 43 extraordinary
594 2473 39 27 to
648 2466 84 43 give
758 2465 71 34 this
848 2466 206 44 gentleman
1080 2465 188 46 half-pay,
1296 2465 84 35 who
1400 2465 72 35 had
1499 2476 110 26 never

270 2513 137 46 joined
428 2515 56 33 his
500 2515 204 43 regiment;
730 2513 73 33 and
823 2513 32 33 if
886 2513 18 33 I
932 2523 60 24 am
1011 2517 65 30 not
1100 2523 92 35 very
1224 2523 138 34 wrong;
1393 2515 107 39 there
1515 2513 31 33 is
1559 2524 47 25 an

272 2562 81 34 Act
372 2562 43 34 of
431 2559 247 40 Parliament,
704 2559 85 34 that
803 2570 46 22 an
881 2559 123 34 officer
1019 2567 132 27 cannot
1183 2561 46 33 be
1263 2567 65 39 put
1354 2570 47 25 on
1433 2559 172 47 half-pay

275 2610 122 32 sinl•-ss
413 2609 46 33 he
478 2609 65 32 has
547 2607 130 46 joined
698 2607 54 34 his
768 2608 178 44 regiment
960 2607 71 34 and
1044 2607 143 34 served.
1228 2607 14 33 I
1264 2608 123 40 think,
1406 2607 201 45 therefore,

274 2657 86 33 that
376 2667 25 22 a
417 2666 190 33 necessary
635 2654 181 35 inference
835 2654 113 34 arises
974 2655 103 39 here,
1107 2655 79 34 that
1208 2656 110 33 there'
1328 2654 64 34 has
1408 2656 91 33 been
1518 2666 87 27 very

275 2711 109 37 great
403 2704 115 33 abuse
536 2704 43 32 of
595 2704 71 32 this
685 2712 144 34 power,
857 2702 137 39 which,
1023 2702 34 33 in
1078 2713 60 32 my
1157 2704 111 38 mind,
1296 2704 113 41 ong,ht
1422 2708 66 27 not
1506 2707 37 28 to
1561 2704 46 34 be

273 2750 188 34 entrusted
483 2750 158 34 without
658 2748 99 34 limit
787 2753 39 28 to
844 2759 69 34 any
948 2748 242 33 Commander
1221 2750 32 33 in
1276 2750 111 34 Chief
1404 2748 202 39 whatever.

278 2797 85 35 The
381 2804 87 27 next
500 2807 84 22 case
604 2798 18 33 I
640 2807 100 24 come
762 2802 39 28 to
821 2797 28 32 is
865 2796 81 34 that
976 2796 45 33 of
1042 2797 85 34 Col.
1156 2796 170 35 French's
1362 2796 116 38 Levy.
1528 2798 79 33 The

268 2846 178 33 evidence
477 2845 44 33 of
540 2845 162 44 Captain
731 2844 154 43 Huxley
915 2843 159 40 Sandon,
1101 2842 44 35 of
1173 2844 72 34 Mr.
1267 2844 171 41 Dowler,
1465 2843 46 35 of
1534 2845 71 34 Mr.

275 2895 138 38 Grant,
443 2894 92 32 Mrs.
559 2893 157 39 Clarke,
741 2893 72 33 and
842 2891 87 34 Miss
946 2893 161 43 Taylor,
1131 2893 93 43 fully
1256 2893 244 33 corroborate
1517 2890 89 35 each

256 2939 1 45 •
273 2941 112 34 other
405 2950 98 33 upon
523 2939 81 34 that
622 2950 94 22 case.
772 2939 80 33 The
873 2944 109 27 terms
1012 2939 45 32 of
1082 2939 73 33 this
1180 2939 86 44 levy
1285 2949 73 24 was
1374 2940 72 35 500
1461 2940 146 44 guineas

272 2991 45 32 to
339 2989 87 32 Mrs.
446 2987 165 39 Clarke;
641 2987 72 33 this
733 2995 130 34 money
885 2998 26 22 vs
924 2996 39 22 as
981 2986 85 44 paid
1088 2986 105 33 when
1213 2988 58 32 the
1287 2988 111 32 letter
1415 2986 44 33 of
1470 2988 137 34 service

270 3046 20 22 -
291 3046 64 22 was
370 3035 169 41 granted.
593 3035 72 32 Mr.
690 3033 110 35 Corgi
819 3035 105 32 acted
943 3043 39 25 as
998 3034 59 33 the
1072 3039 123 37 agent,
1220 3035 69 32 and
1309 3034 169 33 received
1506 3035 99 33 2001.

269 3083 67 33 for
356 3084 60 32 the
435 3081 263 35 introduction.
754 3081 72 33 Mr.
849 3080 187 45 Howler's
1049 3081 175 33 evidence
1238 3081 259 33 corroborates
1519 3083 87 40 this,

270 3130 74 34 and
367 3136 125 35 states,
520 3131 83 31 that
624 3129 43 32 he
684 3129 266 34 remonstrated
969 3128 93 34 with
1082 3129 91 32 Mrs.
1192 3129 136 39 Clarke
1346 3139 98 33 upon
1460 3129 64 34 the
1543 3129 44 33 im-

269 3178 203 44 propriety
491 3176 44 33 of
549 3176 63 33 the
643 3176 241 35 transaction.
937 3176 73 33 Mr.
1042 3175 103 33 John
1182 3175 128 40 Grant,
1335 3180 109 39 agent
1478 3181 39 28 to
1544 3177 64 34 the

266 3226 113 44 levy,
405 3226 135 38 stated,
561 3223 81 34 that
663 3226 60 32 the
742 3224 110 33 letter
869 3223 44 32 of
926 3223 141 33 service
1087 3233 74 24 was
1180 3223 174 33 obtained
1371 3223 158 44 through
1545 3226 60 32 the

266 3274 184 32 influence
469 3273 44 31 of
524 3272 91 33 Mrs.
852 3270 90 33 Miss
957 3269 175 44 Taylor's
1149 3270 171 33 evidence
1341 3281 76 22 was
1430 3273 155 32 corrobo-

266 3322 128 33 rative
411 3320 44 33 t,f
464 3319 52 33 all
539 3320 102 33 these
660 3318 115 39 facts;
806 3319 69 33 and
896 3318 165 40 Birkett,
1082 3318 64 33 the
1159 3317 189 45 jeweller,
1372 3318 96 33 from
1486 3318 117 33 whom

265 3370 67 32 the
350 3369 141 35 service
506 3367 45 33 of
576 3369 98 43 plate
694 3377 76 24 was
790 3365 219 45 purchased,
1026 3365 142 33 further
1188 3365 135 44 proved
1354 3364 60 33 the
1429 3367 175 41 purchase

267 3415 48 34 of
327 3416 61 33 the
409 3416 117 44 plate,
556 3418 61 28 the
646 3415 84 33 bills
762 3415 128 32 drawn
907 3424 46 22 on
985 3412 71 34 His
1088 3412 119 44 Royal
1230 3412 182 41 Highness
1431 3415 51 43 by
1514 3415 86 33 Mrs.

263 3464 162 39 Clarke,
454 3463 71 33 and
546 3462 100 34 these
663 3462 107 44 being
789 3463 86 43 paid
894 3459 223 34 afterwards
1134 3461 47 43 by
1200 3459 115 33 drafts
1331 3459 43 33 of
1391 3459 67 33 His
1482 3462 119 39 Royal

265 3511 193 43 flightless
491 3520 99 32 upon
632 3510 146 33 Coutts.
861 3509 107 43 Upon
1015 3508 64 32 her
1108 3508 188 39 evidence,
1341 3509 91 31 Mrs.
1466 3508 137 35 Clarke

259 3569 104 30 says,
394 3557 79 33 that
491 3557 161 43 Captain
673 3557 144 32 Bandon
849 3555 154 45 applied
1029 3560 38 27 to
1095 3555 64 32 her
1185 3555 78 43 fifty
1286 3556 103 31 times
1408 3556 116 33 about
1541 3557 60 32 the

260 3608 90 43 levy
369 3618 11 30 ;
407 3606 79 32 that
506 3604 65 34 she
606 3613 73 25 was
700 3605 120 32 teased
852 3609 38 26 to
917 3602 110 33 death
1046 3604 51 41 by
1119 3602 90 40 him,
1231 3602 71 33 and
1322 3602 80 33 that
1434 3605 63 31 she
1511 3614 91 31 gave

263 3654 60 34 his
357 3656 126 32 letters
521 3659 38 27 to
591 3653 54 32 his
678 3652 123 35 Royal
839 3650 182 44 Highness
1036 3661 11 27 ;
1076 3650 81 33 that
1186 3651 60 32 the
1277 3652 325 33 communications

260 3713 104 34 upon
384 3703 30 31 it
431 3702 196 33 continued
663 3711 32 21 Sy
837 3699 138 32 17:01105
993 3709 9 26 ;
1032 3698 80 32 that
1147 3697 59 33 the
1238 3703 137 38 parties
1408 3700 191 32 continued

257 3750 100 35 from
394 3749 90 32 titne
515 3754 24 27 t.
588 3749 85 31 time
707 3754 38 26 to
780 3746 83 33 send
901 3746 61 32 her
997 3755 130 33 rn:mey
1146 3757 11 27 ;
1183 3746 60 32 she
1278 3754 111 25 seems
1421 3756 40 24 as
1495 3748 102 32 much

257 3808 131 25 aware
407 3796 44 33 of
464 3795 137 34 official
619 3795 204 44 reaularity
843 3806 38 20 as
900 3793 80 33 Col.
1005 3793 148 33 Gordon
1172 3791 156 41 himself,
1345 3802 41 24 or
1404 3804 72 32 any
1496 3794 105 33 other

257 3846 129 35 officer
407 3844 33 33 in
461 3844 63 32 the
546 3843 249 33 Ci•annander
814 3843 33 32 in
881 3840 141 34 Chief's
1054 3841 118 39 oiiiee,
1204 3840 69 32 and
1304 3841 79 32 tells
1414 3840 77 33 bins
1520 3842 78 33 that

256 3893 138 37 official
417 3891 197 45 rei.,ularic
657 3896 89 26 mita
769 3891 45 32 be
831 3888 170 33 attended
1031 3892 51 34 to,
1114 3888 80 32 that
1224 3887 43 33 he
1292 3888 129 33 should
1454 3891 143 31 receive

253 3943 145 35 certain
420 3948 137 37 papers
579 3938 156 40 tlarouali
761 3938 59 31 the
844 3935 112 33 Office
978 3935 34 33 in
1028 3935 63 32 the
1108 3935 100 33 usual
1230 3945 97 32 way.
1384 3935 41 33 In
1444 3935 154 34 another

252 3991 116 35 letter
389 3989 98 40 (No.
522 3987 81 40 11),
624 3987 61 33 she
705 3985 84 33 tells
806 3987 117 40 C'tpta
932 3984 33 32 in
987 3981 144 35 Salaam
1152 3983 78 32 that
1248 3983 63 32 she
1343 3981 70 33 itaa
1440 3994 132 22 commu-

252 4038 150 34 nicated
424 4037 53 31 his
489 4033 188 46 •praposal
777 4032 60 33 Ole
859 4032 110 33 Duke
989 4030 44 32 of
1052 4030 106 33 lark
1179 4042 11 26 ;
1218 4030 74 32 dint
1315 4031 61 31 she
1541 4043 53 22 sec

252 4085 80 34 him
351 4091 40 27 at
418 4085 105 33 V;sus
654 4081 69 34 and
755 4080 268 33 com,nunicate
1050 4077 155 34 further.
1260 4080 94 32 Now
1378 4080 71 32 this
1475 4080 119 45 surely

252 4135 34 35 is
304 4144 24 25 a
344 4134 120 33 direct
493 4129 320 38 communication
839 4126 98 37 from
967 4126 61 35 the
1046 4126 116 35 Duke
1180 4126 44 34 of
1256 4126 106 37 lurk
1382 4131 37 30 to
1437 4127 157 46 Captain

2622 48 99 50 MA
2734 48 139 51 RCH
2917 52 73 53 12.

1676 195 155 37 Sandon,
1857 193 159 44 through
2052 193 85 33 Mrs.
2166 190 152 34 Clarke.
2370 189 119 35 There
2517 191 28 31 is
2572 200 46 22 no
2652 187 188 34 extension
2867 187 45 34 of
2931 187 61 34 ti.:e

1674 242 110 32 letter
1800 240 43 33 of
1856 240 142 33 service
2028 244 38 27 to
2096 240 198 39 Germany,
2327 237 70 33 and
2427 242 63 39 yet
2528 236 151 34 Colonel
2713 234 142 34 French
2890 231 107 37 takes

1675 296 97 35 upon
1791 287 150 34 himself
1954 292 35 28 to
2003 287 81 33 send
2105 286 139 45 parties
2262 291 35 26 to
2314 286 196 43 Germany.
2558 283 39 33 If
2613 283 98 33 there
2730 292 102 25 we.:e
2850 293 45 22 no
2913 282 66 32 offi-

1676 335 70 33 cial
1780 335 209 33 documents
2017 339 38 28 to
2087 333 189 33 authorise
2306 333 85 33 Col.
2427 332 141 33 French
2600 335 39 28 to
2665 330 106 34 enlist
2803 330 194 39 Germans,

1676 383 63 33 the
1769 381 183 34 inference
1980 383 44 41 is,
2057 381 79 33 that
2163 381 31 33 it
2232 391 73 22 was
2339 380 91 33 done
2467 389 99 34 upon
2598 379 87 32 11Irs.
2721 376 172 35 Clarke's
2930 387 45 21 au-

1680 430 138 43 thority
1851 430 123 33 alone.
2036 430 18 33 I
2095 429 94 33 shall
2236 428 92 33 have
2362 438 46 21 no
2440 426 178 43 difficulty
2656 425 33 33 in
2722 424 159 45 proving
2914 424 83 34 that

1677 488 98 22 some
1800 476 43 34 of
1865 477 214 33 the'oflicers
2104 476 46 33 of
2170 475 152 34 Colonel
2361 472 174 34 French's
2567 472 60 33 did
2654 483 45 33 go
2726 480 38 26 to
2791 469 203 47 Germany,

1677 526 69 32 and
1766 526 78 32 that
1877 535 99 22 some
1995 535 77 22 men
2092 534 99 24 were
2207 522 163 34 enlisted.
2421 521 81 35 The
2533 526 86 28 next
2640 520 107 32 letter
2767 519 14 33 I
2807 519 128 33 allude
2953 526 39 26 to

1680 573 28 33 is
1723 572 90 33 from
1834 573 89 32 Mrs.
1938 572 139 35 Clarke
2096 578 35 26 to
2154 572 112 43 Capt.
2288 569 155 39 Sandon,
2470 568 130 44 telling
2619 567 72 34 him
2708 568 60 32 the
2789 566 111 33 Duke
2915 576 77 22 was

1680 630 87 33 very
1785 630 113 32 angry
1917 620 116 33 about
2050 620 60 33 the
2143 620 103 40 levy,
2270 618 78 33 that
2378 617 61 33 the
2456 617 69 32 last
2558 617 86 32 time
2675 614 44 33 he
2747 624 77 24 saw
2854 614 73 32 him
2948 614 47 33 he

1683 669 178 43 promised
1883 669 74 32 him
1985 669 70 32 SOO
2088 667 184 38 Germans,
2298 666 67 32 and
2398 663 45 33 he
2473 663 67 33 had
2568 670 60 25 not
2663 661 115 33 raised
2815 671 81 31 one,
2924 660 67 34 &c.

1734 715 117 33 ithout
1881 715 144 33 further
2057 720 263 35 commentary,
2352 712 17 32 I
2395 709 106 37 OWE
2525 710 72 33 this
2623 710 27 32 is
2670 709 176 33 sufficient
2887 707 117 44 prOof

1681 762 79 34 that
1776 763 33 32 in
1828 762 61 34 the
1910 763 156 32 German
2095 763 99 39 levy,
2224 761 109 45 Capt.
2355 759 142 33 Sandon
2524 756 69 35 had
2613 756 124 38 failed,
2763 756 69 32 and
2851 755 61 32 did
2931 761 65 27 not

1680 815 59 39 get
1756 809 61 34 the
1850 811 169 32 numbers
2052 808 182 46 promised
2268 815 38 26 to
2339 807 67 33 Ills
2443 806 119 45 Royal
2587 806 193 43 llighness,
2809 802 120 33 which
2952 806 45 30 he

1680 857 107 33 could
1806 865 60 26 not
1890 857 93 33 have
2001 857 132 33 known
2156 857 63 33 hut
2238 855 154 41 through
2425 854 85 33 Mrs.
2549 852 151 34 Clarke.
2752 852 45 32 In
2828 849 169 34 addition

1683 911 35 26 to
1743 906 59 31 the
1826 905 175 34 evidence
2019 905 41 32 of
2091 905 169 38 Dowler,
2289 904 14 32 I
2333 902 104 33 think
2470 900 102 35 there
2600 911 65 22 can
2691 900 43 31 he
2751 908 47 22 no
2816 896 113 33 doubt
2950 908 46 22 On

1680 953 63 31 the
1755 952 94 34 mind
1870 952 44 34 of
1920 963 71 34 any
2010 963 67 24 one
2094 953 80 32 that
2194 952 85 32 Mrs.
2298 950 138 35 Clarke
2451 948 61 33 did
2532 957 139 34 possess
2701 946 178 44 influence
2900 945 92 33 with

1682 1000 59 33 the
1767 1000 244 33 Catninander
2043 1000 34 33 in
2107 998 125 41 Chief,
2257 999 69 33 and
2362 997 79 34 that
2470 997 34 32 in
2537 996 72 32 this
2644 994 80 44 levy
2745 994 64 33 she
2844 992 84 34 used
2949 992 41 35 it.

1683 1046 77 33 The
1787 1054 85 27 next
1913 1048 165 45 question
2112 1048 44 40 is,
2196 1046 168 33 whether
2395 1045 28 33 it
2454 1054 74 25 was
2558 1043 132 33 known
2717 1046 37 27 to
2789 1041 63 33 the
2887 1041 110 33 Corn:.

1681 1095 146 33 mander
1876 1096 37 33 in
1956 1094 115 35 Chief
2106 1095 81 33 that.
2223 1093 64 34 she
2326 1093 169 33 received
2543 1091 198 44 pecuniary
2780 1098 191 32 compensa-

1683 1144 73 31 tion
1770 1144 13 32 ?
1852 1144 93 34 Mrs,
1991 1143 137 33 Clarke
2154 1153 83 32 says
2269 1141 63 33 she
2357 1140 59 32 did
2444 1139 263 34 communicate
2741 1136 72 33 this
2841 1137 131 32 circum-

1680 1195 120 27 stance
1815 1196 37 26 to
1876 1192 65 32 His
1962 1191 122 37 Royal
2107 1189 190 44 Highness.
2346 1187 83 33 The
2444 1187 167 33 differs:it
2624 1196 87 21 sums
2733 1183 43 33 of
2784 1193 129 33 money
2931 1183 65 32 she

1680 1238 167 34 received
1867 1248 96 22 were
1990 1243 59 28 not
2068 1243 74 27 sent
2163 1243 41 28 at
2220 1247 69 32 any
2310 1235 206 45 particulaY
2541 1234 98 40 :ime,
2666 1234 58 31 bat
2747 1241 96 22 were
2862 1238 74 25 sent
2956 1235 40 27 at

1678 1294 73 34 any
1770 1286 85 33 time
1869 1286 70 33 and
1961 1286 33 33 in
2008 1296 70 33 any
2098 1285 122 43 place.
2264 1284 79 33 Noy
2486 1281 61 34 t.::e
2561 1280 242 45 expenditure
2822 1278 44 32 of
2881 1279 93 32 Glou-

1678 1333 243 45 cester-place
1967 1333 70 33 and
2072 1331 224 45 Weybridge
2581 1328 143 33 cireied
2759 1336 46 22 on
2838 1336 24 21 w
2875 1326 122 32 ithout

1682 1380 70 34 His
1779 1381 120 44 Royal
1933 1380 208 45 Highness's
2170 1377 162 44 kno‘sie.d,
2331 1377 15 44 -
2347 1377 181 44 .;.5.—..:at
2561 1377 18 33 =
2600 1375 91 33 s%all
2715 1383 81 24 now
2828 1372 72 33 call
2936 1372 61 33 the

1677 1429 178 33 attention
1890 1431 37 30 at
1946 1429 60 32 the
2039 1427 118 34 House
2181 1433 39 28 to
2249 1427 59 32 ;he
2335 1426 119 34 evitie...
2454 1426 13 34 -
2467 1426 40 34 ,ee
2535 1423 33 34 (pt
2568 1423 12 34 .
2608 1423 86 33 Miss
2711 1421 156 44 Taylor.
2923 1419 72 33 She

1681 1485 73 24 was
1788 1481 159 38 present,
1983 1475 70 34 and
2085 1474 112 34 heard
2236 1483 22 24 r.
2293 1472 250 35 e:nversation
2572 1470 163 33 hetween
2772 1468 76 33 Ilia
2877 1467 124 44 Royal

1681 1521 180 43 Highness
1887 1522 69 34 and
1978 1522 89 33 Mrs.
2099 1522 152 39 Clar:tc,
2509 1519 57 34 Lo
2571 1518 14 44 j
2585 1518 46 44 ail
2652 1517 178 44 Highness
2850 1515 77 33 said
2949 1515 45 32 he

1680 1569 66 33 had
1767 1571 87 33 been
1869 1571 206 43 constantly
2296 1569 93 33 sritn
2420 1566 172 35 Creach's
2619 1569 99 39 levy.
2804 1565 94 31 How
2916 1561 80 33 does

1677 1618 40 30 h<:
1737 1618 129 32 behave
1881 1622 35 28 to
1935 1629 84 31 you,
2031 1617 148 43 doi-Pt,;
2528 1618 59 28 not
2606 1624 81 32 very
2701 1609 295 37 well.'—Master

1678 1664 138 34 French
1834 1667 73 32 hod
1931 1667 113 32 better
2060 1665 99 33 mind
2344 1665 32 31 Ss
2538 1667 40 27 br
2694 1663 57 30 cut
2770 1659 73 32 him
2858 1669 48 32 up
2927 1656 72 33 and

1675 1711 56 32 his
1760 1714 72 40 trey
1850 1717 58 27 too
1925 1711 27 33 r
2006 1711 89 33 Airs.
2131 1711 118 33 (lac!:
2263 1722 11 20 •
2303 1716 111 28 qa:es
2433 1710 78 32 t:iat
2528 1707 65 34 sho
2610 1706 164 34 received
2807 1706 72 32 five
2901 1706 71 31 hun-

1674 1756 86 34 dred
1781 1760 136 44 pounds
1943 1769 45 22 on
2016 1759 74 33 this
2115 1765 171 34 account,
2313 1757 122 33 w:.:ch
2466 1754 219 37 afterwards
2714 1759 98 28 went
2846 1753 33 33 in
2910 1755 87 41 part

1676 1815 170 34 payment
1864 1807 34 33 in
1911 1817 21 24 a
1943 1806 139 34 service
2156 1807 102 41 plate
2274 1819 8 19 :
2391 1804 28 34 is
2427 1801 261 37 corroborated
2708 1800 46 45 by
2771 1799 145 35 Dockw
2926 1802 69 40 ray

1674 1856 69 31 anti
1761 1856 137 33 others.
1957 1856 31 32 It
2006 1864 52 33 app
2057 1864 18 33 ,
2075 1864 89 33 ..ars
2301 1851 149 37 Colonel
2471 1848 174 35 French's
2663 1848 107 33 letter
2798 1846 46 33 of
2856 1846 143 34 service

1678 1911 73 22 was
1769 1912 45 22 on
1831 1902 61 34 tne
1917 1903 64 32 Sth
2014 1903 30 31 A
2053 1902 70 44 p,ll
2139 1902 71 32 anal
2231 1900 76 33 „hat
2327 1899 61 34 the
2420 1899 100 44 plate
2541 1907 76 24 was
2649 1894 201 46 purchased
2870 1905 44 22 on
2934 1894 63 33 the

1700 1948 77 34 Sth-
1830 1949 98 34 Now
1956 1959 47 22 no
2020 1954 158 39 atftnipt
2209 1948 70 32 h..d
2297 1948 90 33 been
2548 1951 38 27 to
2619 1946 111 43 prove
2748 1943 79 33 that
2857 1949 40 25 at
2914 1941 83 34 that

1675 1998 90 32 time
1783 1996 87 34 Mrs.
1896 1996 141 34 Clarke
2047 1996 60 33 did
2126 1996 144 33 receive
2283 2006 69 33 any
2372 2004 76 22 sum
2460 1994 41 33 of
2515 1993 99 33 500/.
2635 1991 92 33 from
2745 1990 64 34 the
2833 1988 111 34 Duke
2957 1987 45 35 of

1678 2044 135 39 York;
1839 2044 71 33 and
1928 2044 30 33 it
1974 2044 30 33 is
2035 2043 180 43 certainly
2233 2031 110 45 clear
2352 2037 67 39 that
2419 2037 18 39 .
2461 2040 69 37 His
2550 2040 122 41 Royal
2704 2037 183 44 Highness
2904 2039 93 32 must

1678 2092 92 34 have
1798 2092 91 33 heea
1906 2101 128 24 aware
2061 2089 44 33 of
2120 2091 65 32 her
2205 2091 133 43 having
2357 2089 86 44 paid
2464 2088 59 33 the
2557 2086 105 34 5001.
2682 2092 35 26 to
2752 2083 154 34 Ilirkett
2939 2083 61 33 for

1677 2140 118 43 plate,
1820 2138 94 33 from
1943 2138 63 34 the
2044 2138 260 40 circumstance
2331 2137 46 33 of
2411 2135 54 39 his
2500 2133 125 45 giving
2665 2132 52 34 his
2743 2133 89 32 hills
2852 2132 59 34 for
2939 2130 66 39 thes

1676 2185 298 37 balance.—The
2016 2190 87 28 next
2122 2185 122 44 'point
2284 2185 111 33 arises
2431 2189 65 27 out
2520 2181 48 33 of
2595 2181 142 33 Official
2753 2176 2 53 '
2777 2176 223 38 Documents

1675 2235 157 43 relating
1847 2237 39 30 to
1907 2231 170 37 French's
2096 2232 100 37 levy.
2254 2230 56 45 By
2339 2231 56 34 his
2409 2232 110 33 letter
2535 2228 45 32 of
2600 2228 137 33 service
2765 2228 34 32 in
2820 2228 105 39 1501,
2956 2226 43 32 he

1675 2291 77 26 was
1769 2281 180 44 expected
1970 2285 37 28 to
2026 2280 93 33 raise
2137 2280 93 37 5000
2246 2282 100 45 men;
2376 2280 63 32 hut
2465 2283 37 28 to
2528 2276 223 46 discontinue
2776 2275 65 32 the
2859 2274 81 46 levy
2970 2272 33 33 if

1670 2329 98 34 4000
1779 2327 97 37 Were
1892 2333 61 28 not
1968 2321 117 41 raised
2098 2326 71 34 and
2190 2326 123 45 passed
2334 2326 33 33 in
2381 2327 81 32 nine
2473 2324 155 34 months.
2682 2323 38 33 In
2733 2331 109 25 seven
2854 2320 145 46 months

1671 2375 90 45 they
1781 2375 70 34 had
1876 2379 65 31 not
1957 2374 122 35 raised
2096 2373 145 44 beyond
2259 2378 76 30 two
2356 2372 159 35 hundred
2538 2381 79 25 men
2631 2383 11 26 ;
2669 2370 67 33 and
2763 2374 172 37 contrary
2957 2376 39 25 to

1674 2422 60 33 the
1749 2422 100 34 usual
1864 2421 185 45 practice,
2065 2420 67 34 and
2148 2420 34 34 in
2200 2420 178 41 violation
2399 2419 43 33 of
2450 2419 61 34 the
2525 2417 235 44 regulations,
2781 2415 217 44 indulgence

1674 2470 28 35 is
1719 2472 167 39 r,rauled,
1900 2470 73 34 and
1985 2469 61 33 the
2059 2469 137 43 bounty
2212 2467 183 47 incceased
2413 2465 94 48 from
2524 2466 125 47 fifteen
2669 2470 34 28 to
2715 2469 190 30 seventeen
2919 2463 60 45 gui-

1671 2528 98 25 neas.
1818 2516 39 35 A
1881 2515 269 39 remonstrance
2164 2515 79 33 *was
2259 2519 76 30 sent
2360 2520 38 26 to
2419 2515 63 33 the
2503 2515 91 32 War
2613 2512 128 41 Office,
2767 2511 48 44 by
2841 2511 157 33 General

1672 2564 156 46 Taylor,
1843 2563 203 48 Inspector
2046 2562 44 34 of
2098 2561 169 35 Recruits
2278 2562 34 34 in
2326 2561 143 34 Ireland
2483 2572 12 28 ;
2509 2561 69 33 and
2589 2559 94 34 from
2702 2557 273 45 Lieut-Col.Ro-

1672 2610 143 41 binson;
1839 2611 46 34 of
1907 2611 63 35 the
2006 2611 149 33 London
2187 2604 171 46 District,
2389 2609 99 34 after
2520 2608 152 44 making
2705 2608 142 32 several
2880 2606 119 35 direct

1670 2659 168 45 charges,
1863 2656 137 43 stated,
2026 2657 79 33 that
2118 2657 156 34 Colonel
2331 2655 142 35 reneh's
2492 2656 78 41 levy
2598 2665 72 24 was
2691 2654 157 34 without
2864 2663 22 22 a
2900 2665 97 21 man.

1672 2706 92 35 This
1782 2707 143 44 Report
1946 2706 30 33 is
1993 2709 77 28 sent
2083 2711 35 27 to
2140 2704 61 33 the
2222 2704 240 34 Commander
2480 2700 19 51 i
2518 2700 18 51 3
2555 2700 129 51 Chief's
2702 2702 128 38 Otliee,
2857 2700 66 33 but
2944 2700 37 32 in-

1671 2754 102 34 stead
1792 2753 43 33 of
1854 2753 175 46 stopping
2049 2752 59 33 the
2127 2752 102 43 leVy,
2254 2748 151 45 nothing
2424 2752 65 37 but
2511 2748 89 35 Mrs.
2624 2748 170 34 Clarke's
2824 2747 177 34 influence

1671 2802 109 34 could
1802 2802 92 32 have
1913 2798 150 37 induced
2086 2798 51 50 his
2159 2797 123 45 Royal
2308 2797 195 44 Highness,
2530 2797 136 44 having
2688 2796 84 33 such
2799 2805 24 22 a
2854 2794 143 46 Report

1671 2848 78 35 laid
1770 2848 128 34 before
1917 2845 91 41 him,
2035 2852 38 27 to
2104 2846 170 33 continue
2293 2845 59 33 the
2372 2844 99 44 levy.
2530 2845 73 33 But
2619 2844 105 44 being
2737 2841 197 35 coovineed
2962 2841 41 34 of

1674 2896 65 34 the
1756 2896 97 34 truth
1871 2894 84 34 that
1972 2894 63 33 the
2052 2901 152 39 country
2228 2902 71 24 was
2320 2903 66 33 pay
2399 2893 58 44 ing
2476 2897 35 28 at
2533 2893 60 32 the
2627 2898 74 26 rate
2726 2891 44 33 of
2825 2888 73 35 'JO/.
2931 2898 65 34 per

1674 2954 97 30 man,
1799 2944 83 33 how
1907 2941 107 35 could
2035 2940 56 34 hiS
2111 2940 124 44 Royal
2259 2939 196 45 Highness,
2484 2939 89 33 with
2594 2939 71 33 this
2682 2939 81 43 long
2781 2937 115 33 detail
2923 2936 72 34 anti

1676 2991 158 44 positive
1854 2989 196 34 assertions
2079 2989 97 47 upon
2197 2987 61 33 the
2272 2983 168 46 suldect,.
2456 2986 92 34 have
2568 2988 51 32 let
2636 2986 70 33 this
2724 2993 133 37 system
2883 2996 46 32 go
2948 2994 47 22 on

1674 3038 34 34 in
1726 3037 117 35 direct
1857 3034 268 37 contradiction
2154 3034 44 33 of
2228 3034 60 34 the
2316 3035 113 32 letter
2443 3035 44 32 of
2498 3034 156 40 Service,
2679 3035 66 32 and
2772 3032 143 45 against
2934 3032 63 33 the

1674 3086 163 33 interests
1854 3084 44 34 of
1912 3084 60 32 the
1987 3089 154 37 country
2156 3081 13 33 ?
2222 3081 80 33 The
2320 3079 90 35 next
2427 3081 109 33 letter
2564 3091 98 34 upon
2691 3080 70 34 this
2792 3079 139 45 subject
2969 3074 28 38 hi

1671 3132 96 34 front
1802 3131 155 35 General
1991 3129 239 34 Whitelocke
2263 3130 37 32 to
2329 3129 152 33 Colonel
2505 3128 163 47 'Taylor,
2693 3129 213 41 submitting
2931 3126 64 34 the

1674 3180 191 45 propriety
1883 3178 45 33 of
1936 3177 267 41 discontinuing
2220 3176 60 33 the
2300 3176 100 44 levy,
2417 3177 70 33 and
2504 3177 137 43 calling
2661 3176 50 32 his
2732 3175 124 35 Royal
2880 3174 94 45 High-

1670 3227 107 34 ness's
1793 3226 181 35 attention
1993 3230 39 28 to
2052 3226 24 32 it
2091 3237 11 27 ;
2131 3226 103 32 when
2254 3224 27 33 it
2297 3226 206 44 appeared,
2531 3224 78 33 that
2629 3230 63 27 out
2708 3223 43 33 of
2773 3226 97 32 4000
2900 3233 92 30 men,

1670 3275 86 45 only
1781 3273 70 37 219
1869 3283 80 25 men
1980 3272 69 34 had
2074 3274 87 32 been
2181 3270 119 33 raised
2321 3272 34 33 in
2385 3281 105 24 seven
2510 3272 163 39 months;
2700 3270 69 33 and
2800 3272 26 32 It
2859 3270 135 33 strikes

1670 3332 71 32 me,
1769 3322 78 33 that
1881 3322 118 32 unless
2027 3320 155 34 General
2210 3319 40 32 IS'
2261 3318 187 34 hitelneke
2477 3319 70 34 had
2580 3318 208 43 interfered,
2809 3315 74 37 'the
2906 3317 92 45 levy

1674 3370 120 33 would
1824 3379 109 24 never
1963 3369 92 33 have
2096 3369 89 32 been
2219 3366 155 45 stopped
2407 3373 38 27 at
2479 3369 65 33 all.
2597 3367 90 33 'Pants
2730 3378 76 22 was
2842 3376 24 22 a
2904 3377 30 21 s.
2952 3376 41 27 ry

1672 3417 85 33 mild
1779 3416 224 45 proceeding
2020 3415 44 34 of
2085 3415 58 32 his
2163 3411 128 47 Royal-
2310 3416 32 32 11
2353 3415 139 39 ighness
2518 3420 35 27 to
2563 3415 117 33 wards
2708 3415 71 33 this
2807 3424 81 22 man
2910 3424 22 21 w
2948 3416 47 31 ho

1672 3476 72 22 was
1778 3464 181 43 protected
1958 3464 20 43 .
1995 3465 47 40 by
2065 3463 52 33 his
2140 3463 183 32 'mistress!
2353 3462 81 33 And
2461 3462 27 34 is
2509 3463 102 35 there
2626 3472 24 22 a
2673 3462 214 34 Gentleman
2906 3459 87 33 who

1670 3513 106 33 hears
1794 3522 54 22 me
1869 3511 85 33 who
1974 3511 78 33 will
2066 3516 60 27 not
2141 3511 43 32 be
2215 3510 213 39 convinced,
2454 3510 78 33 that
2563 3511 30 32 if
2633 3509 44 35 he
2717 3511 71 32 had
2830 3515 63 26 not
2922 3510 72 31 this

1667 3559 289 45 extraordinary
1996 3557 204 45 prot•mtion
2242 3557 45 33 he
2333 3557 123 38 would,
2494 3565 60 32 not
2581 3557 92 34 have
2715 3568 39 25 so
2796 3559 87 40 long
2922 3557 54 31 dis-

1667 3612 138 38 graced
1832 3612 60 28 tiw
1920 3608 156 37 service,
2100 3606 69 33 and
2200 3606 44 32 he
2275 3605 124 33 would
2435 3605 91 34 have
2556 3606 85 41 long
2680 3606 96 33 since
2802 3607 91 28 been
2920 3604 54 32 dis-

1668 3656 126 33 missed
1817 3656 89 32 with
1933 3654 63 33 the
2013 3651 164 43 dis4raee
2212 3653 41 32 be
2280 3653 150 33 merited
2445 3651 20 34 ?.
2493 3653 106 32 From
2621 3653 58 32 the
2696 3652 170 33 evidence
2950 3653 52 31 en'

1667 3707 37 28 at
1727 3704 63 33 the
1817 3703 83 40 bar,
1926 3702 69 33 and
2019 3700 92 33 from
2130 3702 61 32 the
2215 3702 206 32 documents
2445 3711 96 32 upon
2562 3700 60 33 the
2641 3699 115 39 table,
2785 3702 25 32 it
2831 3709 161 34 appears

1665 3750 161 40 e%ident,
1851 3750 80 33 that
1961 3749 58 33 for
2044 3759 105 32 every
2171 3749 132 41 guinea
2326 3749 85 32 Mrs.
2434 3749 139 33 Clarke
2591 3748 162 33 received
2772 3748 63 32 the
2856 3748 137 43 people

1668 3797 87 45 paid
1775 3798 126 41 eighty
1924 3796 161 45 pounds!
2141 3797 80 31 The
2252 3798 90 30 best
2370 3806 81 22 case
2476 3795 28 32 is
2528 3796 78 32 that
2626 3793 45 33 of
2696 3794 124 44 Major
2846 3795 98 32 'font
2957 3807 34 27 u,

1667 3846 123 34 which
1811 3847 27 32 is
1856 3844 138 45 proved
2014 3844 51 44 by
2087 3844 69 32 Mr.
2180 3844 195 39 Donavan,
2393 3843 67 32 and
2480 3843 260 32 corroborated
2761 3844 46 43 by
2828 3842 165 43 Captain

1667 3895 142 32 Stnalon
1833 3892 70 35 and
1938 3892 139 40 others,
2112 3891 81 34 that
2224 3891 99 33 5001.
2362 3901 72 22 was
2469 3896 39 26 to
2537 3891 45 32 he
2627 3891 86 41 paid
2746 3891 35 32 in
2823 3889 63 33 the
2913 3891 78 33 first

1667 3943 157 32 instiotee
1859 3946 39 27 to
1946 3940 89 33 IV.rs.
2070 3939 157 40 Clarke,
2265 3938 69 33 and
2368 3939 81 32 that
2494 3938 76 32 Mr.
2609 3937 180 34 Donovan
2832 3948 74 21 was
2952 3944 39 25 to

1665 3990 144 32 receive
1851 3987 234 44 twenty-five
2133 3985 136 46 pounds
2311 3985 58 33 for
2409 3986 54 32 his
2509 3978 280 51 agency.—Mr.
2841 3984 163 34 Wardle.

1664 4038 86 31 Oen
1766 4035 150 41 ::rt-;tietl,
1937 4035 93 32 front
2048 4035 61 48 the
2130 4033 122 33 whole
2270 4032 43 33 of
2331 4033 60 32 the
2411 4033 239 45 proceeding,
2683 4033 31 32 in
2745 4032 71 34 this
2836 4043 96 28 case,
2962 4033 30 32 it

1680 4095 59 22 tas
1754 4083 148 33 evident
1932 4083 93 40 that,
2057 4080 327 45 notwithstanding
2419 4081 44 32 he
2494 4091 72 21 was
2597 4080 223 46 powerfully
2849 4090 116 22 recom-

1658 4131 152 44 mended
1828 4131 46 46 by
1894 4135 78 31 two
1989 4141 70 25 mei
2070 4130 156 34 itorious
2241 4129 155 44 officers,
2414 4122 46 43 (A
2493 4130 94 34 orals
2608 4128 161 37 Burrard
2789 4129 71 34 and
2883 4127 85 37 Clime

285 54 92 48 166

3200 703 5 31 f

3195 648 45 111 L

3257 4213 2 60 1
