3413 4441
1139 151 146 51 THE
1322 149 380 53 NATIONAL
1737 145 381 53 REGISTER.

236 283 64 37 the
322 291 190 31 command
531 289 43 31 of
601 289 52 33 his
678 289 120 32 Royal
824 288 204 41 11igitness,
1049 288 70 33 and
1152 286 67 33 felt
1256 285 28 32 it
1313 283 96 33 their
1439 283 85 43 duty
1546 291 38 25 to

235 345 155 34 express
404 337 96 32 their
517 335 67 33 full
600 338 67 31 and
684 335 120 33 entire
823 335 255 44 approbation
1098 333 43 34 of
1157 335 46 33 its
1217 340 143 35 present
1371 331 69 33 and
1457 332 124 32 actual

239 389 107 35 bi:,l•;C,
363 386 71 32 and
454 391 39 26 to
511 385 137 41 impute
664 385 83 32 that
767 381 220 43 tiouriAling
1005 390 93 25 state
1119 389 35 26 to
1176 381 53 33 his
1246 379 120 41 Royal
1389 378 193 43 highness.

242 430 76 33 But
333 433 78 31 that
432 431 61 32 the
513 432 129 32 ilouse
659 437 93 27 most
770 430 152 43 humbly
940 430 133 34 submit
1103 437 35 25 to
1161 429 56 32 his
1235 426 176 43 111aiesty,
1431 428 80 32 that
1525 435 43 25 un-

239 478 69 33 der
322 480 51 32 all
394 480 63 32 the
475 480 280 33 circumstaoees
777 490 20 20 e
804 478 14 33 t
844 478 65 33 the
928 488 97 26 ease,
1059 475 97 35 from
1178 476 60 35 the
1257 474 242 43 unbecoming.
1515 474 69 32 and

269 526 152 50 ohappy
444 536 130 28 comae%
586 528 78 32 lion
694 529 78 30 into
790 526 122 34 which
935 527 52 31 lii.
1010 526 77 32 Ito%
1098 524 33 32 al
1156 523 183 43 Highness
1365 521 69 33 had
1454 520 129 40 fallen,

240 574 70 32 and
330 574 93 33 from
449 576 63 31 the
528 574 115 33 direct
674 574 131 33 wound
839 574 122 33 which
985 572 120 33 would
1128 573 44 31 lie
1192 570 107 43 given
1320 578 35 25 to
1375 570 61 32 the
1457 568 128 43 public

241 622 137 39 morals
394 622 71 33 and
487 622 156 41 religion
663 622 45 32 of
723 622 61 32 the
811 621 189 40 'Kingdom,
1032 620 24 32 it
1085 628 78 24 %vas
1183 618 216 44 impossible
1427 617 81 32 that
1530 614 52 34 his

243 666 60 35 Jto
311 671 58 31 at
393 670 182 44 Highness
604 670 129 34 should
752 670 171 32 co:alone
952 679 71 25 any
1045 669 126 41 longer
1191 666 35 32 in
1256 664 61 34 the
1333 663 189 35 command
1546 663 45 34 of

244 720 65 31 the
326 728 124 33 army.

291 777 80 34 The
390 780 96 46 Spea
579 780 135 44 having
745 778 85 33 read
852 777 74 34 this
948 775 176 44 Address,
1156 774 123 35 which
1304 785 74 24 was
1398 774 184 46 proposed

247 835 43 26 as
308 836 45 22 an
374 827 256 41 Amendment,

248 886 4 46 •
296 887 84 34 MR.
402 888 137 38 Soar:
552 898 19 30 t:
599 888 195 33 conceived
815 887 26 33 it
863 888 56 32 his
945 888 89 33 duty
1054 894 61 26 not
1136 893 35 28 to
1192 888 112 34 Suffer
1323 889 59 32 the
1402 886 184 46 proposed

247 934 159 34 Address
420 935 41 33 of
478 937 60 32 the
562 937 93 33 Hon.
680 937 216 32 Gentleman
915 944 34 25 to
971 947 97 32 pos,,
1091 937 157 32 without
1269 938 136 41 stating;
1426 935 53 33 his
1494 939 94 30 most

246 983 156 33 decided
422 981 201 46 objection.
677 981 58 35 Of
751 983 48 33 all
819 984 63 33 she
900 993 142 22 sourees
1063 985 201 43 proposed,
1287 985 26 33 it
1342 983 190 45 appeared
1553 990 35 26 to

250 1029 74 37 him
344 1038 91 26 most
458 1030 289 45 objectionable.
801 1031 83 32 The
907 1031 98 33 flit.
1046 1032 215 34 Gentleman
1296 1033 70 32 had
1404 1031 182 44 proposed

339 1080 51 32 ith
420 1080 60 32 the
510 1080 151 32 avowed
681 1088 161 35 purpose
863 1078 44 33 of
930 1080 230 43 simplviliog
1179 1080 63 33 the
1260 1090 81 22 case
1374 1078 130 34 before
1528 1078 60 33 the

249 1119 145 47 'Muse,
422 1126 60 39 het
506 1131 39 28 to
561 1126 54 33 his
631 1126 155 44 opinion
801 1126 25 32 it
852 1133 96 25 went
965 1133 37 25 to
1020 1126 183 34 confound
1218 1127 71 34 and
1310 1128 156 43 perplex
1491 1126 98 33 what

250 1172 130 38 before
426 1178 73 31 was
539 1174 206 45 perp'exed
770 1173 69 32 and
875 1174 171 33 confused
1078 1176 162 41 enough.
1311 1176 34 34 it
1380 1186 74 22 was
1483 1175 106 43 quite

250 1217 216 50 Impossible
497 1222 87 32 with
609 1227 81 37 holy
716 1221 156 44 justice,
909 1221 43 32 he
980 1222 172 44 thought.
1189 1228 39 27 to
1258 1222 63 33 the
1349 1222 129 40 Duke,
1511 1220 80 35 that

252 1261 63 46 the
335 1270 129 38 House
481 1269 109 34 could
606 1269 89 33 take
726 1271 63 31 the
819 1276 79 38 step
928 1271 275 35 recommeoded
1238 1272 33 33 in
1306 1270 60 34 the
1397 1270 77 33 first
1506 1279 66 34 pro-

249 1317 167 46 position
446 1317 43 38 of
513 1316 61 35 the
595 1316 171 40 Address,
795 1316 165 34 couched
980 1328 39 22 as
1039 1318 72 32 this
1135 1318 157 34 Address
1322 1329 89 31 was,
1437 1320 154 32 because

252 1365 106 33 there
377 1376 74 22 was
470 1375 44 31 eo
533 1363 143 35 distinct
692 1364 146 43 general
857 1367 237 47 proposition
1108 1367 194 32 contained
1315 1367 33 33 in
1370 1367 41 32 it.
1469 1367 122 40 Every

253 1411 105 46 thing
387 1423 72 21 was
488 1410 219 41 insinuated,
733 1411 65 33 hut
827 1413 155 44 nothing
1013 1414 161 32 asserted
1205 1414 216 44 positively.
1475 1414 118 43 Scope

254 1468 77 27 was
348 1459 183 33 therefore
552 1459 163 34 afforded
741 1457 57 33 for
816 1460 65 33 the
913 1461 254 44 p:esumption
1185 1462 81 32 that
1285 1462 50 32 all
1364 1452 63 43 the
1452 1461 118 32 calum-

254 1508 74 34 nies
347 1507 69 33 and
435 1506 169 34 criminal
633 1507 155 43 charges
817 1508 74 33 laid
913 1509 142 40 against
1074 1508 60 33 the
1159 1509 123 37 Doke,
1315 1519 97 22 were
1429 1509 143 32 substan-

253 1554 130 34 tiated.
441 1554 76 34 For
553 1554 54 32 his
637 1565 84 22 own
755 1560 102 39 part,
902 1556 32 33 if
970 1556 45 33 he
1041 1556 110 34 could
1182 1556 143 33 believe
1364 1557 74 32 him
1473 1557 122 44 guilty

252 1602 46 40 Of
309 1612 67 24 one
396 1602 84 34 half
509 1602 61 33 the
594 1602 130 37 crimes
742 1602 207 34 attributed
981 1607 39 30 to
1046 1602 92 43 him,
1168 1603 44 33 he
1233 1604 120 33 would
1375 1605 45 32 be
1439 1604 61 34 the
1520 1604 74 44 first

249 1651 43 40 'to
324 1659 111 34 carry
462 1659 24 24 a
522 1649 74 34 Bill
617 1649 41 34 of
689 1650 206 34 Exclusion
914 1655 38 28 to
983 1652 63 32 the
1070 1651 172 40 Throne;
1272 1654 65 32 but
1362 1652 136 43 feeling
1515 1651 77 34 that

253 1698 64 41 the
341 1698 156 41 grounds
515 1696 46 34 of
576 1698 230 41 imputation
829 1707 99 25 were
947 1698 138 44 utterly
1106 1698 106 40 false,
1240 1698 27 33 it
1299 1710 71 22 was
1397 1701 104 43 quite
1528 1698 45 33 im-

253 1746 164 45 possible
446 1746 44 32 he
520 1744 107 34 could
653 1750 150 28 consent
834 1750 39 27 to
904 1746 60 32 the
992 1746 236 45 proposition
1256 1747 44 33 of
1311 1747 209 43 addressing
1541 1744 27 46 hi
1581 1744 13 46 3

254 1791 162 52 'Majesty
439 1793 57 33 for
514 1792 64 33 the
596 1804 164 33 purpose
776 1792 44 34 of
831 1793 197 44 depriving
1049 1794 56 32 his
1126 1794 123 44 Royal
1276 1794 184 43 Highness
1479 1796 43 30 of
1535 1793 60 33 the

253 1841 189 37 command
478 1840 43 40 of
548 1840 61 34 the
635 1850 123 35 army.
814 1840 105 33 With
948 1847 143 38 respect
1111 1846 39 28 to
1170 1841 60 34 the
1252 1841 226 45 imputation
1495 1840 40 34 of
1548 1851 46 25 an

252 1889 119 34 'undue
385 1889 178 33 influence
583 1887 80 33 used
686 1889 50 44 by
757 1889 87 32 Mrs.
866 1889 139 33 Clarke
1019 1899 89 22 over
1123 1889 60 33 the
1202 1889 129 41 Duke,
1361 1889 44 32 he
1423 1889 150 34 contend-

253 1937 61 41 ed,
343 1937 81 33 that
443 1936 44 34 the
487 1936 15 34 ,
526 1935 150 45 paucity
694 1935 46 33 of
757 1936 60 32 the
835 1946 99 21 cases
952 1935 161 45 brought
1133 1936 131 34 before
1293 1937 60 32 the
1374 1938 125 32 Ilouse
1519 1946 77 22 was

253 1994 25 25 a
295 1984 216 43 concurring
533 1983 115 44 proof
661 1984 81 33 that
763 1983 84 33 such
870 1983 175 34 influence
1061 1983 61 33 did
1139 1988 63 30 not
1222 1985 142 41 prevail
1385 1989 40 28 to
1442 1995 73 24 any
1528 1994 45 22 ex-

252 2039 92 31 tent.
403 2031 33 33 It
458 2031 120 33 would
600 2031 148 38 hecome
759 2030 63 34 the
844 2030 124 34 House
989 2031 44 32 of
1044 2033 193 32 Commons
1254 2031 46 33 of
1315 2034 115 31 Great
1452 2031 148 33 Britain

255 2083 39 31 to
312 2080 111 33 avoid
445 2078 132 45 failing
593 2079 57 32 the
669 2079 116 44 dupes
802 2078 45 33 of
860 2091 24 20 a
899 2079 161 44 popular
1077 2091 80 32 cry,
1170 2078 157 43 (Bear!
1359 2079 150 43 hear!)
1530 2079 70 32 and

255 2128 48 45 by
322 2128 208 40 discarding
550 2126 91 40 from
661 2127 99 34 their
780 2126 274 33 consideration
1071 2127 63 32 the
1156 2127 123 33 merits
1298 2126 43 33 of
1367 2138 39 21 so
1440 2126 155 34 faithful

294 2181 145 27 :trervant
459 2181 35 26 to
516 2174 61 33 the
600 2174 146 41 Public,
767 2176 151 32 commit
937 2183 46 30 an
1000 2181 59 26 act
1078 2174 44 33 of
1139 2172 167 47 injustice
1320 2184 39 24 as
1380 2173 220 37 undeserved

253 2233 38 26 sis
313 2224 25 37 it
361 2233 73 22 was
455 2231 253 35 unnecessary.

302 2285 94 34 Lord
428 2285 58 33 Fo
498 2294 154 26 eteseom
665 2294 37 30 6,
733 2284 35 33 in
798 2295 24 22 a
849 2283 132 45 speech
1015 2283 45 33 of
1081 2283 257 35 considerable
1369 2283 123 45 length
1519 2285 72 35 and

253 2343 149 33 energy,
422 2333 200 44 expressed
643 2333 54 32 his
717 2331 180 33 intention
930 2340 35 25 to
996 2339 156 35 support
1178 2331 63 32 the
1258 2331 158 40 original
1439 2331 159 39 Motion,

257 2381 183 47 proposed
459 2381 48 41 by
548 2380 70 33 Mr.
643 2380 168 32 Wardle.
855 2379 34 32 It
906 2379 66 32 had
993 2381 89 31 been
1102 2379 272 40 endeavoured,
1390 2380 48 43 by
1457 2379 139 33 several

260 2431 11 33 l
412 2428 99 33 Hon.
548 2428 227 38 Gentlemen,
804 2434 38 25 to
870 2427 203 32 invalidate
1102 2426 63 32 the
1187 2427 193 43 testimony
1420 2426 45 33 of
1505 2427 90 33 Mrs.

254 2477 78 33 ('hl
346 2480 60 34 ke,
435 2477 45 41 by
511 2476 135 44 calling
664 2476 34 32 in
715 2476 170 43 questiln
918 2478 59 30 the
1007 2474 158 43 leeality
1188 2473 41 33 of
1247 2473 64 32 her
1328 2474 190 40 evidence,
1550 2486 45 21 on

256 2528 60 31 the
335 2523 137 44 groom'
494 2523 41 32 of
553 2523 64 33 her
635 2523 107 40 heiug
761 2533 22 20 a
802 2528 111 38 party
938 2523 32 31 in
998 2533 22 21 a
1041 2522 74 32 foul
1137 2522 216 45 conspiracy
1372 2522 144 43 against
1546 2522 54 32 his

261 2572 120 35 Roxal
405 2571 197 40 litghness.
657 2571 34 32 It
713 2569 69 33 hail
806 2571 90 31 been
915 2570 177 38 allowed,
1126 2569 190 39 however,
1345 2571 45 31 by
1428 2569 63 33 the
1524 2580 52 22 ma-

252 2619 120 46 jority
394 2619 45 33 of
461 2619 60 32 the
544 2619 182 33 Members
746 2616 41 33 of
807 2619 63 30 the
895 2619 137 38 House,
1052 2619 79 31 that
1150 2627 40 22 as
1217 2627 22 22 a
1261 2617 157 34 witness,
1439 2617 60 34 she
1527 2628 74 22 was

260 2668 185 46 pcifectly
464 2666 208 33 admieshle
702 2665 69 32 and
797 2665 254 41 satisfactory,
1077 2665 70 32 and
1178 2675 97 33 upon
1293 2675 22 21 a
1333 2665 268 33 consideration

260 2717 44 32 of
325 2719 64 30 her
405 2726 39 21 eb
457 2714 94 32 Okla
562 2724 19 21 e
600 2713 102 32 there
722 2712 59 32 did
804 2721 57 22 not
883 2722 145 33 appear
1052 2717 37 27 to
1122 2713 94 32 exist
1238 2722 19 20 a
1276 2712 116 41 single
1410 2712 130 44 dllbity
1560 2722 43 22 or

260 2763 188 44 suspicion
480 2767 35 27 ii,
542 2761 60 32 the
631 2760 98 33 troth
763 2761 67 31 a:td
865 2767 224 25 correctness
1119 2759 44 32 of
1179 2759 65 33 her
1258 2765 210 27 statement.
1522 2759 81 34 The

267 2811 103 35 Noofe
370 2811 21 35 .
411 2809 94 33 Lord
530 2817 80 24 then
633 2815 92 26 viten
749 2807 76 32 into
844 2819 21 20 a
896 2807 113 32 detail
1038 2806 43 33 of
1106 2807 61 32 the
1187 2807 144 32 evident
1343 2817 18 22 e
1378 2807 163 32 adduced
1564 2807 34 33 in

305 2872 19 31 p
333 2869 15 32 r
348 2869 17 32 i
365 2869 33 32 pr
406 2864 9 27 t
446 2856 44 33 as
522 2856 58 32 the
599 2863 136 28 coaree
755 2864 81 34 part
847 2854 170 33 iculeri;:i
1026 2865 43 30 oe
1087 2854 102 32 these
1208 2854 110 39 facts,
1341 2854 32 33 in
1396 2865 22 19 w
1434 2854 83 32 hich
1543 2855 60 32 the

259 2908 152 33 reuilm.o
432 2919 30 19 a:
480 2906 19 32 it
513 2904 141 32 aetioni
665 2903 41 32 of
728 2903 89 32 Mrs.
1005 2904 35 28 in
1056 2913 56 21 coo
1111 2913 19 21 ,
1147 2902 122 33 ceeion
1328 2901 52 33 ith
1398 2901 46 33 t!;
1479 2902 126 37 Duke,

259 2957 69 32 aid
347 2956 63 32 the
429 2953 145 32 se..eral
600 2950 254 33 neeocia:ions
881 2960 35 22 10
939 2950 120 33 Waich
1161 2960 74 22 was
1264 2949 216 40 concereed,
1511 2959 97 25 were

261 3009 90 27 moo
370 3000 260 44 conspicuous,
646 2998 98 33 from
763 2996 141 39 which,
919 2996 97 33 after
1033 3007 44 22 an
1093 2996 196 33 elaborate
1306 2998 66 32 and
1394 2996 85 33 able
1498 3007 86 27 nrgn-

260 3058 96 26 •tiirat
377 3048 46 33 he
441 3047 193 39 observed,
656 3048 80 31 that
754 3047 63 31 she
836 3056 74 22 was
930 3045 89 32 both
1043 3056 24 21 a
1085 3050 208 38 competent
1313 3044 67 33 and
1400 3056 24 20 a
1442 3045 165 32 credible

261 3099 159 34 wituese.
493 3094 61 34 lie
593 3094 77 33 also
716 3092 178 34 adverted
935 3098 37 27 to
1011 3093 141 31 several
1191 3092 109 32 other
1338 3097 100 38 parts
1466 3092 43 32 of
1545 3092 63 32 the

260 3146 190 38 te;ridence,
478 3142 124 35 which
630 3139 93 35 from
744 3151 69 22 our
831 3141 116 33 limits
976 3150 54 21 we
1056 3150 66 22 are
1148 3141 133 32 unable
1310 3139 94 43 fully
1434 3145 37 26 to
1496 3145 107 27 state.

261 3195 80 39 The
370 3193 125 33 Noble
531 3189 91 34 Lord
658 3190 181 38 asserted,
875 3188 77 32 ;hat
985 3189 104 30 there
1126 3187 70 32 bed
1225 3188 90 32 beeu
1333 3198 39 20 as
1400 3197 107 24 many
1525 3197 64 21 con-

261 3241 219 37 ft.‘eiie;ions
501 3250 33 20 fa
566 3239 60 32 the
653 3248 40 22 ex
705 3239 94 31 ;dein
811 3247 19 21 e
857 3237 41 31 of
927 3236 152 33 Colonel
1104 3235 150 33 theolon
1289 3236 67 31 and
1381 3234 71 34 Mr.
1474 3234 135 35 Adam.

261 3304 39 26 as
321 3292 105 31 there
446 3287 70 35 bad
535 3287 91 31 been
661 3285 34 33 in
718 3283 79 33 that
819 3283 41 32 of
892 3283 90 33 Mrs.
1006 3282 157 34 Cia;ke,
1182 3283 67 32 and
1278 3282 79 33 that
1377 3282 231 40 cousiderne2-,

261 3340 64 48 the
343 3335 285 40 disadvantages
644 3333 116 33 under
780 3331 123 32 which
927 3332 87 32 Mrs.
1036 3331 142 32 Clarke
1196 3330 195 39 laboured,
1411 3330 61 32 the
1489 3330 118 43 length

263 3385 43 39 yf
318 3385 64 32 tier
399 3381 289 39 examinations,
709 3380 71 33 and
803 3380 61 32 the
896 3379 98 33 little
1019 3377 246 40 indulgencies
1286 3376 120 35 which
1431 3376 69 34 had
1520 3377 90 33 been

259 3433 128 34 ihexin
410 3432 79 37 her,
511 3432 26 31 it
556 3439 73 22 was
648 3430 87 43 only
761 3426 204 33 wonderful
984 3429 64 30 her
1074 3426 195 41 testinemy
1289 3425 67 33 had
1374 3426 90 34 !mien
1478 3435 38 24 so
1535 3424 77 34 free

265 3480 44 34 hf
327 3477 289 37 coinradiciions
645 3476 70 33 and
743 3476 296 32 lois-statement.
1097 3474 11 32 I
1137 3484 72 32 pot'
1234 3475 60 31 the
1315 3472 123 33 whole
1472 3472 45 32 he
1545 3472 67 33 felt

265 3527 228 38 ritorouchlv
513 3524 198 33 convinced
733 3522 41 34 o:
803 3522 64 32 the
883 3522 171 33 ahsoltne
1072 3522 93 39 guilt
1186 3520 44 32 of
1244 3520 54 33 hi.s
1332 3520 123 34 Royal
1492 3520 99 43 High-

262 3589 92 24 eess,
504 3573 241 33 ilitoourahie
772 3570 135 33 Friend
928 3570 86 39 had,
1043 3576 35 25 at
1114 3570 61 31 the
1194 3573 119 30 outset
1337 3569 41 31 of
1402 3568 56 32 his
1479 3568 109 33 endea-

263 3630 111 32 %ours
394 3622 69 34 and
483 3621 237 34 meritorioos
751 3620 100 35 task,
881 3617 60 32 for
965 3628 25 20 w
1005 3617 83 32 hie!'
1120 3618 27 31 it
1168 3627 73 21 was
1273 3622 34 26 to
1329 3617 44 32 be
1410 3615 136 33 we-hod
1569 3617 45 32 he

262 3687 34 20 'w
330 3672 61 35 old
407 3673 94 31 have
523 3669 60 33 the
601 3666 188 44 gratitude
810 3666 43 32 of
870 3667 60 31 the
952 3665 185 43 Country,
1159 3674 74 21 was
1258 3663 217 34 threatened
1496 3663 33 32 in
1551 3673 43 21 un-

265 3719 180 50 qualified
467 3725 125 32 terms,
607 3717 81 32 that
709 3715 34 32 if
759 3715 40 32 he
813 3712 117 34 failed
944 3712 34 33 in
999 3712 54 33 his
1067 3713 211 39 assertions,
1300 3712 79 31 that
1402 3715 90 28 most
1512 3711 83 40 ieno-

265 3771 159 37 minions
444 3767 139 34 infamy
611 3763 122 33 %shield
762 3763 44 31 he
831 3761 66 33 the
918 3761 35 35 re
953 3761 18 35 ,
971 3761 73 35 mit,
1097 3759 81 33 And
1207 3759 60 33 the
1303 3758 115 41 Right
1439 3759 150 32 Honour-

262 3820 87 34 able
370 3816 222 35 Gentleman
613 3811 83 33 who
728 3810 64 32 ha'
822 3808 109 34 made
950 3808 83 33 that
1067 3807 137 33 threat.
1237 3806 70 33 had
1337 3811 78 34 not,
1435 3806 94 33 Fine('
1552 3806 60 33 the

265 3866 133 50 period
413 3863 44 33 of
468 3863 44 33 its
526 3867 204 30 utterance,
745 3857 183 41 although
945 3857 35 33 tit
989 3865 102 24 ro‘vn
1109 3861 63 26 out
1193 3854 34 33 in
1246 3854 63 33 the
1326 3860 92 27 most
1439 3853 176 44 otVensive

265 3922 169 31 manner,
452 3909 110 34 made
578 3906 155 44 atingle
750 3911 163 38 attempt
932 3909 37 27 to
986 3904 206 43 apologize
1211 3902 58 33 for
1296 3902 44 32 its
1357 3902 255 43 irregularity.

266 3965 63 34 lie
348 3960 157 35 trusted,
527 3958 191 33 however,
741 3956 79 32 that
856 3953 32 32 it'
907 3952 60 32 the
990 3950 116 44 rtiellt
1135 3950 244 33 ifonourable
1398 3950 219 39 (ieottenian

266 4011 63 34 did
347 4013 61 32 not
430 4011 141 30 retract
588 4005 50 32 hi-
661 4002 122 33 words
797 4000 64 33 the
883 4002 138 39 intame
1042 4010 24 22 ss
1080 3998 85 33 ould
1185 3996 64 34 fall
1264 4007 44 22 on
1324 3996 158 34 himself:
1537 3998 81 31 The

269 4059 125 37 Noble
416 4056 94 34 Lord
529 4049 206 38 concluded
768 4051 41 41 1,)
839 4059 47 20 e%
898 4048 162 44 pressing
1088 4046 52 32 he,
1161 4045 283 34 determination
1475 4052 39 25 to
1532 4044 84 44 give

267 4109 56 35 bis
338 4114 86 26 rote
441 4104 35 33 in
493 4104 159 41 support
672 4097 45 34 of
732 4098 60 33 the
806 4095 162 45 original
989 4094 175 34 Addrue.

320 4170 74 33 Mr.
428 4167 92 34 ADA
549 4175 9 21 t
580 4160 178 37 defended
789 4159 54 33 his
870 4156 157 34 conduct
1046 4156 34 32 in
1110 4155 161 33 relation
1296 4159 38 28 to
1362 4155 63 32 the
1454 4153 109 34 Duke
1581 4152 44 34 of

270 4217 116 39 York
406 4228 9 20 :
445 4214 69 34 and
536 4209 201 35 concurred
759 4208 33 32 in
808 4207 63 32 the
888 4215 130 25 course
1036 4204 45 32 of
1089 4202 240 46 peoceediegs
1346 4198 274 39 recernutttittca

268 4267 50 45 by
340 4267 61 38 the
428 4260 202 39 Charctl!•:”
630 4260 19 39 .
669 4256 44 37 cf
723 4258 59 33 the
807 4256 25 34 F
847 4254 204 43 xeltequer,

2642 136 252 56 MARCII
2919 141 77 52 I.

1702 281 71 34 Mr.
1800 280 57 34 W.
1893 282 142 32 SMITH
2057 278 171 45 thought,
2256 278 83 35 that
2356 276 97 34 from
2469 278 64 33 the
2559 276 93 34 facts
2673 276 124 33 which
2815 275 71 34 had
2906 278 87 31 beeu

1652 330 155 44 proved,
1834 328 30 33 it
1881 328 122 33 would
2022 333 63 28 not
2119 327 45 33 be
2183 326 156 44 prudent
2357 332 38 27 to
2409 327 170 32 continue
2596 325 54 33 his
2667 324 123 45 Royal
2811 322 182 46 Highness

1654 378 32 32 in
1707 376 61 34 the
1793 376 193 34 command
2006 376 44 32 of
2061 376 61 33 the
2150 385 123 33 army.

1698 424 52 34 At
1769 423 83 34 four
1865 422 151 37 o'clock
2036 423 63 34 the
2119 422 126 34 House
2270 420 203 46 adjourned
2493 426 38 27 to
2554 419 180 45 Monday.

1667 541 111 51 SIR
1813 543 65 47 R.
1907 539 579 51 ABERCROMBIE'S
2525 534 452 63 MONUMENT,

1907 626 200 26 ERECTED
2131 625 45 25 IN
2202 625 59 25 Sr.
2285 613 150 37 PAUL'S
2456 622 289 32 CATHEDRAL,

1654 684 215 46 Sculptured
1902 685 41 43 by
1978 685 301 38 IVEsrmicorr,
2314 681 73 33 and
2412 692 76 22 now
2504 680 221 44 beautifully
2743 678 187 45 engraved
2952 678 44 44 by

2027 741 240 33 WooLNOTII
2280 761 12 19 I
2306 739 73 33 will
2396 738 39 33 be
2454 737 180 34 delivered

2117 806 53 52 G
2206 802 331 56 RATIS

1654 892 58 34 On
1739 891 244 44 SUNDAY,
2014 888 194 35 MARCH
2236 888 63 41 26,
2337 893 40 30 to
2409 896 117 34 every
2556 885 337 37 SUBSCRIBER
2926 883 71 37 and

2130 944 338 38 PURCHASER
2481 943 45 35 of

1840 1013 133 37 THE
2013 1010 39 47 w
2052 1010 351 47 rATIO.VAL
2432 1009 380 39 REGISTER.

1702 1076 79 34 The
1802 1076 141 34 Choice
1954 1076 70 34 and
2041 1075 100 34 First
2163 1074 241 45 Impressions
2422 1072 44 34 of
2479 1072 61 33 the
2559 1072 111 33 Plate
2685 1076 38 28 to
2739 1072 46 33 be
2804 1069 194 47 preserved

1655 1124 58 33 for
1731 1126 247 32 Subscribers.
2034 1123 37 33 It
2091 1121 80 35 will
2202 1123 45 35 be
2280 1122 145 50 printed
2453 1131 44 22 on
2519 1121 63 32 the
2613 1119 164 34 FINEST
2804 1121 170 33 COPPER-

1659 1181 137 25 PLATE
1817 1173 175 40 PAPER,
2021 1182 38 22 SO
2078 1181 40 22 as
2134 1169 116 34 admit
2282 1178 118 26 EVEN
2433 1178 57 25 OF
2524 1176 142 26 BEING
2704 1176 200 30 FRAMED,
2929 1166 71 33 and

1657 1220 128 44 placed
1806 1220 34 32 in
1859 1230 22 22 a
1900 1219 177 34 situation
2100 1217 126 34 where
2245 1217 61 33 the
2328 1217 144 33 Valour
2483 1215 72 33 and
2572 1215 170 34 Prowess
2758 1213 44 34 of
2825 1215 80 32 that
2926 1213 50 33 Im-

1656 1269 132 33 mortal
1807 1266 244 35 Commander
2070 1276 85 33 may
2181 1267 44 31 be
2249 1266 146 43 always
2418 1261 214 40 introduced
2662 1267 40 28 to
2720 1261 63 34 the
2804 1261 175 34 Recollec-

1657 1316 76 33 tion
1752 1315 43 33 of
1809 1315 54 33 his
1876 1315 189 43 admiring
2078 1315 181 43 Country.

1774 1452 167 52 THE
1984 1449 428 60 NATIONAL
2453 1446 426 56 REGISTER.

2205 1590 109 54 Lon
2314 1590 146 54 Don,

1982 1672 234 43 SUNDAY,
2249 1670 197 39 MARCII
2483 1674 63 39 12,
2581 1672 115 34 1809.

1938 1796 229 28 POLITICAL
2186 1796 178 26 EVENTS
2385 1796 53 25 OF
2469 1796 96 26 Till
2581 1794 149 28 WSEK.

1711 1893 35 37 It
1767 1891 30 39 is
1817 1894 72 34 not
1909 1903 77 26 our
2001 1890 197 39 intention
2220 1893 41 34 at
2282 1893 158 47 present
2460 1892 44 35 to
2523 1891 209 38 comment
2752 1899 53 27 on
2820 1884 70 41 the
2909 1889 54 37 De-

1659 1954 115 38 bates
1805 1952 38 40 in
1873 1952 69 40 the
1980 1954 138 41 House
2147 1950 48 38 of
2228 1951 233 45 Commons,
2490 1950 94 51 they
2619 1948 130 54 speak
2780 1945 228 53 sufficently

1661 2015 66 39 for
1748 2014 239 40 themselves
2101 2013 94 52 they
2219 2011 145 54 appeal
2404 2011 256 53 vehemently
2683 2016 45 34 to
2748 2011 71 39 the
2837 2009 171 52 feelings

1662 2078 50 39 of
1719 2091 117 39 every
1860 2091 110 31 man,
2001 2078 93 38 who
2113 2075 117 41 takes
2250 2088 53 37 an
2322 2075 165 39 interest
2507 2075 39 38 in
2564 2074 67 39 the
2652 2072 257 53 tranquillity
2928 2072 78 41 and

1664 2139 158 40 honour
1841 2139 47 38 of
1904 2139 60 39 his
1984 2144 190 48 country.
2230 2140 76 35 We
2340 2135 105 40 have
2464 2137 122 52 given
2606 2137 31 39 it
2674 2148 43 26 as
2735 2147 78 27 our
2833 2133 156 40 invaria-

1665 2200 61 39 ble
1744 2202 184 52 opinion,
1959 2200 90 40 that
2081 2200 70 39 the
2183 2202 221 44 Commons
2435 2197 136 40 would
2590 2202 83 44 act,
2704 2196 40 39 in
2765 2194 78 40 this
2859 2207 124 39 unpre-

1663 2262 193 40 cedented
1873 2263 194 46 business,
2098 2262 96 39 with
2215 2275 24 24 a
2259 2261 157 52 dignity
2440 2259 77 39 and
2532 2258 315 53 independence,
2880 2256 130 41 which

1663 2324 78 39 will
1762 2326 197 39 convince
1976 2326 69 39 the
2066 2324 142 46 world,
2239 2322 90 39 that
2344 2322 104 38 their
2466 2321 100 52 duty
2587 2334 43 25 as
2652 2319 360 53 Representatives

1667 2386 48 39 of
1731 2386 67 39 the
1813 2386 149 44 British
1988 2386 168 50 Nation,
2189 2385 30 39 is
2238 2388 249 50 paramount
2518 2388 45 33 to
2598 2395 122 39 every
2743 2381 122 46 other
2885 2379 106 40 consi-

1663 2448 197 40 deration.
1906 2452 50 37 So
1978 2448 63 40 far
2057 2448 107 40 from
2187 2447 231 53 perceiving
2440 2459 43 26 as
2502 2450 71 48 yet
2589 2457 76 40 any
2683 2456 144 28 reason
2849 2448 44 33 to
2911 2456 99 39 vary

1665 2512 37 35 in
1726 2510 76 39 this
1815 2511 184 52 opinion,
2030 2523 58 26 we
2104 2509 195 52 solemnly
2321 2507 157 40 declare
2499 2507 89 39 that
2608 2520 57 26 we
2683 2506 157 39 believe
2855 2506 86 38 that
2957 2518 52 26 no

1664 2572 204 46 confront,
1899 2585 104 26 were
2024 2572 30 39 it
2087 2585 99 26 even
2207 2569 268 53 incautiously
2497 2568 243 54 attempted,
2773 2567 132 40 would
2928 2567 85 48 his:o

1667 2633 104 39 their
1785 2634 177 39 decision
1984 2634 37 38 in
2042 2634 80 44 this
2143 2639 256 33 momentous
2418 2631 194 39 business.

1720 2695 85 38 The
1834 2695 158 46 Public,
2029 2695 39 38 in
2107 2695 78 38 this
2215 2700 117 47 great
2352 2693 126 43 crisis,
2510 2692 98 40 look
2644 2705 54 38 up
2733 2691 96 39 with
2854 2689 159 53 painfJl

1668 2756 158 52 anxiety
1851 2763 44 33 to
1917 2757 104 38 their
2044 2756 367 52 Representatives.
2471 2754 125 38 Their
2613 2752 176 41 decision
2809 2752 81 39 will
2911 2752 105 39 have

1668 2832 51 25 an
1756 2818 118 40 effect
1903 2832 51 25 on
1987 2819 70 39 the
2075 2818 139 39 future
2241 2818 211 52 happiness
2473 2816 50 38 of
2552 2816 69 39 the
2640 2815 142 39 nation
2796 2842 11 18 ,
2825 2815 131 39 which
2981 2815 33 39 it

1670 2880 130 39 would
1822 2880 48 39 be
1892 2880 148 40 almost
2060 2880 230 39 hazardous
2310 2884 45 34 to
2376 2877 213 41 calculate.
2648 2878 73 37 We
2740 2875 79 40 will
2842 2880 170 35 venture

1669 2955 53 25 no
1743 2941 164 52 opinion
1929 2954 52 26 on
2016 2942 70 38 the
2122 2940 282 53 delinquency,
2435 2952 46 26 or
2518 2939 220 39 innocence
2776 2936 50 40 of
2841 2937 67 39 the
2942 2950 45 26 ac-

1668 3004 144 45 cused;
1835 3004 74 39 but
1928 3004 52 39 he
1996 3002 71 40 has
2082 3001 338 54 unquestionably
2435 3002 124 51 given
2574 3000 142 52 proofs
2730 2998 51 45 of
2792 2998 221 47 weakness,

1671 3064 94 53 folly
1787 3064 79 40 and
1889 3063 265 53 immorality,
2185 3064 126 38 which
2330 3061 213 53 disqualify
2567 3061 100 44 him,
2696 3061 39 38 in
2754 3060 70 40 the
2841 3060 172 52 opinion

1668 3128 51 39 of
1750 3139 136 40 many,
1916 3126 66 40 for
2001 3128 69 39 the
2091 3128 222 51 important
2344 3126 117 38 office
2483 3125 50 38 he
2552 3136 90 26 now
2665 3123 91 39 fills.
2815 3123 90 39 The
2921 3136 93 39 eyes

1672 3188 47 39 of
1744 3188 50 39 all
1817 3190 165 52 Europe
2001 3201 69 26 are
2091 3188 104 40 fixed
2218 3201 53 25 on
2293 3187 78 40 this
2398 3185 304 52 investigation.
2761 3185 86 38 The
2869 3197 143 38 enemy

1672 3252 137 38 attend
1846 3256 45 33 to
1913 3252 66 39 the
2015 3250 261 52 proceedings
2311 3248 96 39 with
2430 3248 66 39 the
2533 3253 105 33 most
2660 3246 214 40 malicious

2893 3248 98 38 cxul-

1675 3313 142 38 tation.
1876 3312 111 52 They
2024 3317 207 34 comment
2264 3322 52 26 on
2336 3309 69 39 the
2424 3322 112 39 gross
2567 3309 158 46 abuses,
2757 3308 131 39 which
2909 3308 105 39 have

1677 3376 97 38 been
1805 3376 234 39 discovered
2068 3374 149 52 during
2238 3374 67 37 the
2327 3372 285 54 proceedings;
2644 3371 79 39 and
2756 3371 107 39 their
2900 3383 87 27 com-

1676 3442 128 34 ments
1839 3437 107 39 have
1977 3437 175 40 suffused
2172 3450 77 26 our
2285 3436 150 41 cheeks
2469 3436 94 38 with
2604 3433 175 45 blushes,
2807 3433 80 39 and
2911 3431 106 41 filled

1677 3513 74 26 our
1778 3500 117 39 heart
1913 3500 93 39 with
2029 3511 151 27 sorrow
2202 3498 78 39 and
2319 3498 263 48 indignation.
2644 3498 78 37 But
2743 3509 59 25 we
2824 3498 104 37 trust
2949 3494 69 39 the

1678 3563 261 38 termination
1961 3563 50 38 of
2024 3563 79 38 this
2120 3562 177 39 business
2309 3560 80 39 will
2404 3559 120 40 make
2541 3559 104 40 their
2659 3557 182 52 triumph
2864 3570 22 25 a
2907 3556 115 39 short

1680 3624 103 40 lived
1801 3637 93 26 one.
1954 3627 37 37 It
2009 3624 31 40 is
2060 3624 91 53 only
2171 3637 76 25 our
2258 3624 183 38 baseness
2458 3621 130 40 which
2606 3634 73 26 can
2699 3620 154 56 gratify
2876 3619 110 41 them
3005 3634 15 30 ;

1678 3702 73 26 our
1772 3683 181 57 servility
1975 3687 129 39 afford
2122 3689 107 37 them
2249 3686 198 52 pleasure.

1731 3754 34 35 It
1787 3750 30 39 is
1833 3751 83 39 said
1939 3750 89 38 that
2048 3750 67 38 the
2150 3750 169 38 accused
2337 3746 206 39 manifests
2563 3761 24 25 a
2607 3745 214 52 sovereign
2844 3743 158 40 indiffer-

1678 3827 94 26 ence
1791 3813 65 39 for
1876 3814 70 38 the
1964 3816 223 35 incanlious
2204 3816 227 34 comments
2461 3809 50 39 of
2526 3810 66 38 the
2614 3807 155 46 Public,
2800 3807 78 38 and
2897 3806 124 40 walks

1682 3878 123 38 about
1822 3878 71 38 the
1910 3880 143 34 streets
2068 3874 48 41 of
2132 3875 67 38 the
2229 3870 253 53 metropolis,
2518 3870 94 39 with
2631 3883 21 26 a
2675 3869 236 40 confidence
2940 3868 83 39 and

1680 3953 104 31 ease,
1813 3938 132 39 which
1975 3950 69 26 are
2078 3935 231 53 frequently
2343 3935 69 38 the
2445 3934 266 51 companions
2748 3931 50 38 of
2811 3930 196 47 conscious
3007 3930 22 47 .

1684 4006 228 38 innocence,
1943 3998 77 40 and
2043 4012 43 24 as
2104 3998 112 39 often
2235 3998 69 38 the
2324 3997 216 38 attributes
2561 3994 50 39 of
2620 4007 24 25 a
2662 3994 210 38 character
2894 3991 129 39 which

1683 4069 74 33 sets
1778 4063 129 51 praise
1926 4062 74 40 and
2021 4059 148 46 blame,
2190 4059 188 39 surmises
2396 4059 74 38 and
2489 4057 262 45 insinuation,
2773 4061 41 33 at
2830 4055 195 39 defiance.

1736 4140 21 25 e
1793 4129 152 35 cannot
1977 4136 83 39 say,
2093 4136 50 25 on
2179 4124 67 37 the
2268 4121 202 44 occasion,
2502 4120 89 39 that
2624 4131 58 26 we
2717 4131 104 39 envy
2845 4117 83 38 him
2966 4115 64 38 his

1685 4189 180 51 feelings,
1898 4188 73 38 but
2006 4198 54 26 we
2076 4191 144 32 cannot
2244 4185 73 38 but
2343 4183 155 41 admire
2517 4182 71 43 the
2606 4180 249 54 consistency
2877 4178 48 43 of
2935 4176 94 44 cha•

1689 4256 129 37 racter
1835 4251 51 40 he
1907 4248 216 43 maintains
2144 4246 58 41 till
2225 4246 69 43 the
2329 4245 89 44 last.

247 156 90 48 172

32 2734 11 14 i

3211 1420 48 48 I~
