3307 4406
344 119 159 53 JAN.
548 118 43 48 1.

666 250 266 40 NAUTICAL
964 253 128 39 INTE

1178 253 191 38 .GENCE.

403 332 84 38 The
513 333 112 34 Loire
648 333 135 45 frigate
807 334 112 35 sailed
945 346 102 22 some
1061 335 85 32 time
1163 346 71 32 ago
1248 333 98 35 from
1364 335 67 33 this
1448 339 154 39 country
1620 333 58 34 for

357 381 133 45 Spain,
513 381 91 34 with
624 387 76 27 two
719 383 159 33 millions
895 381 44 34 of
948 383 154 39 dollars,
1120 391 109 31 arms,
1248 380 66 40 Sec.
1333 383 59 33 for
1409 381 61 34 the
1489 392 60 25 use
1567 381 43 33 of
1618 381 61 33 the

360 429 180 35 Patriots.
592 428 60 35 On
669 429 64 34 her
745 438 165 35 passage,
925 430 106 33 when
1043 430 54 33 off
1106 430 189 40 L'Orient,
1309 429 63 33 she
1385 439 73 24 was
1473 429 185 44 approach-

358 476 46 34 ed
422 476 132 44 during
573 476 63 33 the
656 476 99 44 night
774 476 50 45 by
846 489 20 21 a
891 477 103 43 large
1010 476 99 44 ship,
1131 476 122 33 which
1271 476 64 33 she
1350 487 86 22 soon
1454 476 112 33 found
1583 483 38 26 to
1638 476 43 32 he

358 523 28 35 a
386 523 59 35 74
464 522 44 34 of
521 524 64 32 the
596 534 145 33 enemy,
759 523 84 34 who
862 524 141 43 poured
1019 535 22 21 a
1061 522 193 34 broadside
1263 522 77 33 into
1352 522 76 33 h.T.
1480 521 79 34 The
1576 522 107 34 Loite

363 570 171 37 returned
553 572 63 33 the
632 570 149 45 charge,
800 569 235 44 undismayed
1054 570 46 43 by
1116 570 59 32 the
1191 569 159 44 enemy's
1363 570 240 43 superiority,
1616 569 65 33 and

360 619 195 34 continued
585 630 24 22 a
641 618 112 45 sharp
771 620 123 32 action
924 618 43 33 of
993 617 83 34 half
1095 626 45 25 an
1172 617 93 34 hour
1297 617 89 33 with
1409 617 63 35 the
1489 617 60 35 74.
1598 618 79 32 The

360 666 163 45 Captain
550 665 41 33 of
612 665 64 33 the
710 665 124 40 Loire,
869 665 151 33 mindful
1059 665 170 33 however
1254 664 44 34 of
1326 665 60 33 the
1411 671 128 27 nature
1558 663 41 33 of
1624 664 60 33 the

363 715 139 34 service
520 724 99 33 upon
634 712 123 34 which
788 713 44 32 he
852 711 66 34 had
947 713 92 32 been
1055 717 89 35 sent,
1166 711 70 33 and
1264 711 44 33 of
1331 711 63 33 the
1410 711 74 32 risk
1505 717 39 26 to
1558 711 123 33 which

363 763 32 33 it
411 762 116 41 might
546 762 45 31 be
607 761 164 44 exposed
791 761 35 33 in
855 770 38 22 so
913 759 158 44 unequal
1094 770 24 22 a
1133 763 154 35 contest,
1306 757 154 44 thought
1479 758 31 33 it
1538 757 144 45 prudent

365 815 39 28 to
422 809 105 33 sheer
539 808 67 40 off,
624 808 189 44 returning
833 807 61 34 the
915 807 162 34 enemy's
1102 807 235 43 compliment
1364 807 85 32 with
1469 815 22 24 a
1509 806 115 33 salute
1648 803 45 33 of

364 867 25 24 a
405 854 211 38 broadside.
671 854 70 34 We
755 865 65 24 are
839 854 126 46 happy
983 860 39 27 to
1043 854 100 38 hear,
1162 854 81 33 that
1263 854 61 32 the
1342 854 67 32 lass
1427 853 45 33 of
1487 853 60 33 the
1576 852 105 34 Loire

367 905 37 33 in
429 902 74 35 this
520 902 142 44 gallant
683 905 124 32 action
834 902 28 33 is
892 912 85 34 very
999 900 304 40 inconsiderable,
1330 901 65 32 and
1423 900 79 33 that
1525 900 63 33 she
1609 908 60 35 pur-

366 951 86 34 sued
494 951 64 34 her
596 947 223 38 destination
853 948 161 35 without
1049 948 131 41 having
1213 947 168 34 received
1415 958 76 33 any
1524 939 163 40 material

365 998 168 44 damage.
585 997 38 33 It
643 998 30 32 is
689 997 196 44 singularly
905 997 184 33 fortunate
1114 996 58 33 for
1198 994 141 34 several
1365 994 44 33 of
1431 994 63 33 the
1512 998 90 30 most
1620 992 53 34 dis-

366 1044 209 47 tinguished
594 1043 198 35 advocates
824 1043 41 37 of
892 1043 156 46 Spanish
1081 1042 288 44 Independence,
1395 1042 79 33 that
1505 1043 58 31 the
1583 1041 107 34 Loire

371 1094 135 44 frigate
521 1094 158 44 escaped
696 1095 59 31 the
771 1097 154 38 attempt
944 1090 45 34 of
1003 1091 63 31 her
1084 1089 178 45 powerful
1276 1089 211 43 adversary.
1514 1089 172 33 Viscount

371 1141 194 35 Materosa
579 1141 71 33 and
672 1141 51 33 M.
742 1140 45 33 de
803 1140 39 34 la
856 1140 122 41 Vega,
1009 1136 177 45 Deputies
1204 1135 93 35 from
1316 1136 177 38 Asturias,
1511 1135 67 32 and
1596 1135 97 33 their

372 1189 198 44 Secretary
592 1188 53 33 M.
670 1187 96 44 Aug.
781 1187 46 33 de
846 1187 209 43 Arguelles,
1074 1193 97 24 were
1182 1193 46 24 on
1246 1183 115 34 board
1381 1183 58 33 the
1456 1181 149 45 frigate,
1622 1183 69 31 and

373 1234 70 35 had
463 1237 86 41 they
569 1237 90 33 been
676 1237 184 41 conveyed
889 1239 38 27 to
947 1233 158 39 France,
1130 1231 116 44 might
1267 1231 93 34 have
1375 1230 131 41 shared
1535 1227 59 35 the
1618 1230 76 34 fate,

371 1285 45 32 of
428 1283 60 34 the
511 1284 112 33 Duke
644 1281 222 44 D'Enghien
883 1280 66 34 and
970 1279 139 40 others,
1136 1278 83 33 who
1237 1278 92 33 have
1346 1278 86 33 been
1450 1274 184 37 sacrificed
1656 1283 38 28 to

370 1330 65 35 the
452 1330 272 45 ungovernable
754 1330 161 45 passions
944 1328 73 34 and
1036 1325 146 35 fearless
1198 1325 167 45 atrocity
1381 1324 45 33 of
1439 1324 64 33 the
1524 1324 112 33 Ruler
1655 1323 43 34 of

377 1376 154 37 France.

419 1428 80 33 The
516 1424 194 44 following
726 1423 31 35 is
777 1435 45 24 an
839 1427 146 30 extract
1010 1420 46 35 of
1076 1431 22 24 a
1113 1421 130 34 Letter
1259 1419 93 35 from
1374 1419 111 45 Capt.
1504 1420 191 39 Crabtree,

372 1482 45 35 of
429 1481 63 35 the
504 1482 118 40 John,
641 1481 119 34 bound
774 1487 37 27 to
829 1480 60 33 the
906 1479 164 41 Brazils,
1084 1476 107 35 dated
1211 1476 183 39 Madeira,
1411 1475 32 34 N
1455 1486 60 24 ov.
1534 1475 43 34 24
1593 1487 59 20 :

468 1528 80 35 The
578 1528 141 34 Mutine
751 1527 81 41 brig
854 1526 43 35 of
926 1537 96 28 war,
1067 1526 86 33 with
1189 1528 83 40 part
1307 1524 45 33 of
1377 1522 61 34 her
1472 1533 142 32 convoy
1641 1521 57 34 for

372 1578 65 34 the
483 1578 165 39 Brazils,
685 1574 145 35 arrived
873 1573 85 34 here
999 1572 208 45 yesterday.
1283 1571 80 33 The
1390 1571 107 33 Fleet
1526 1579 72 25 was
1623 1570 56 32 dis-

374 1624 129 46 persed
553 1624 37 33 in
638 1624 169 33 different
846 1623 113 43 gales.
1036 1620 80 34 The
1165 1618 196 45 stragglers
1400 1626 66 25 are
1513 1617 185 44 dropping

376 1674 48 33 in.
477 1671 81 34 The
579 1672 139 32 Mutine
736 1669 137 33 intends
889 1675 37 27 to
953 1668 69 34 sail
1050 1671 234 34 to-morrow,
1307 1664 91 35 with
1426 1663 89 35 such
1532 1664 102 43 ships
1655 1674 40 22 as

374 1730 63 24 are
456 1719 201 35 collected.
707 1716 79 34 The
828 1715 73 34 Ben
922 1714 159 35 Letnond
1120 1713 43 45 (a
1187 1711 161 45 pendant
1378 1710 104 45 ship)
1526 1710 31 34 is
1596 1710 99 33 here.

377 1767 106 35 None
501 1766 46 34 of
561 1767 60 32 the
644 1767 224 40 Portuguese
881 1762 131 33 vessels
1029 1770 99 25 came
1144 1767 64 26 out
1232 1759 46 33 of
1309 1759 197 33 Falmouth
1528 1757 87 33 with
1635 1757 61 33 the

376 1815 100 33 fleet.
529 1813 81 34 The
631 1812 85 34 fleet
729 1811 115 35 sailed
857 1809 92 34 from
970 1807 234 37 Portsmouth
1221 1807 48 34 2d
1286 1806 227 38 November,
1540 1813 65 34 put
1623 1805 76 33 into

379 1860 200 37 Falmouth
606 1860 64 33 the
686 1859 81 41 4th,
785 1858 72 33 and
873 1858 116 33 sailed
1016 1854 61 35 the
1102 1858 90 31 next
1217 1853 89 45 day.
1357 1852 78 34 The
1459 1851 157 34 Afrii-an
1631 1850 69 35 and

378 1910 107 35 Cork
507 1909 174 43 Convoys
696 1917 64 24 are
774 1915 94 34 gone

424 1956 83 33 The
524 1956 119 33 Orion
663 1964 81 24 man
761 1954 43 33 of
820 1963 70 22 wat
912 1951 120 43 lately
1050 1959 64 25 ran
1129 1949 124 40 down,
1271 1949 37 33 in
1325 1945 61 35 the
1402 1945 145 40 Baltic,
1559 1957 24 24 a
1600 1945 100 43 large

379 2002 155 37 Russian
553 2002 83 45 ship
653 2002 131 43 during
798 2010 25 24 a
839 2001 81 44 gale
937 1997 45 35 of
1006 1996 111 43 wind,
1133 1996 71 34 and
1222 1995 128 45 nearly
1368 1994 63 34 the
1446 1994 124 35 whole
1587 1993 44 35 of
1642 1993 61 35 the

378 2061 97 26 drew
496 2048 191 48 perished.

970 2147 118 38 POT.'
1097 2147 28 38 C
1133 2148 45 37 E.

428 2206 40 37 M
507 2216 112 26 ILLISO
628 2215 87 26 !LOU
723 2202 346 38 Gli-STREET.A
1094 2200 133 41 charge
1251 2198 45 34 of
1318 2209 46 24 an
1378 2197 138 34 assault
1535 2205 73 25 was
1624 2205 63 34 pre-

383 2255 123 34 ferred
520 2256 50 44 by
592 2254 89 34 Miss
700 2252 136 34 Louisa
853 2250 276 44 Manningham,
1143 2258 24 24 a
1181 2246 171 45 Cyprian
1367 2244 41 34 of
1420 2245 61 33 the
1495 2243 76 34 first
1587 2243 120 37 order,

380 2301 198 45 belonging
608 2307 41 28 to
683 2301 64 34 the
781 2297 281 46 Mary-le-hone
1087 2304 122 34 corps,
1234 2295 143 43 against
1394 2303 22 22 a
1448 2291 73 34 Mr.
1546 2291 31 32 P
1580 2302 81 26 n,

385 2349 216 33 Gentleman
637 2348 44 33 of
703 2348 161 33 fortune.
913 2346 83 33 The
1016 2343 273 34 circumstances
1322 2349 96 24 N.:vie
1450 2336 45 35 of
1522 2348 22 24 a
1570 2336 141 34 curious

386 2401 142 30 nature.
585 2398 39 33 It
641 2393 191 46 appeared
849 2393 78 33 that
956 2392 76 34 Mr.
1054 2391 44 33 P.
1116 2389 63 34 the
1192 2387 208 39 defendant,
1421 2395 72 25 was
1505 2395 25 24 a
1544 2394 87 32 very
1649 2382 60 35 old

383 2444 269 44 acquaintance
670 2440 43 35 of
735 2441 89 34 Miss
842 2438 278 45 Manningham,
1139 2435 69 34 and
1240 2434 44 33 he
1303 2433 117 34 called
1433 2438 39 27 at
1492 2438 58 27 ten
1563 2431 146 34 o'clock

385 2502 47 22 on
454 2490 162 43 Monday
631 2489 106 44 night
752 2491 40 31 to
811 2498 73 33 pay
905 2486 65 32 her
985 2497 25 21 a
1029 2485 98 32 visit.
1179 2481 60 34 He
1259 2491 74 24 was
1361 2478 156 35 ushered
1550 2478 74 33 into
1649 2477 63 33 the

389 2535 133 45 Lady's
539 2536 309 41 drawing-room,
867 2532 35 34 in
914 2531 280 45 Mary-le-bone
1214 2530 91 33 New
1330 2525 119 41 Road,
1465 2532 40 28 to
1518 2525 112 34 await
1652 2524 60 33 the

384 2583 142 33 arrival
547 2582 44 33 of
614 2582 56 33 his
696 2580 157 35 beloved
870 2591 11 27 ;
908 2580 124 38 when,
1065 2583 38 28 to
1139 2576 54 34 his
1224 2575 280 38 mortification,
1527 2580 38 26 at
1583 2574 130 32 twelve

386 2629 163 41 o'clock,
569 2629 63 33 the
650 2628 141 34 arrival
811 2626 44 35 of
885 2627 86 33 Miss
1003 2626 54 33 M.
1081 2635 71 22 was
1167 2622 209 35 announced
1394 2622 46 43 14
1459 2631 26 22 a
1498 2620 214 41 thundering

389 2676 124 35 knock
533 2680 39 31 at
595 2676 60 34 the
673 2676 109 33 door:
834 2673 71 34 She
931 2672 165 45 alighted
1121 2670 96 34 from
1244 2681 22 22 a
1296 2667 243 37 Gentleman's
1557 2667 156 37 chariot,

389 2724 267 45 accompanied
674 2725 47 43 by
737 2724 63 33 the
820 2720 215 35 GentLman
1052 2719 146 33 himself
1211 2728 26 24 a
1245 2718 137 43 gallant
1396 2714 149 46 Major;
1559 2713 66 34 and
1643 2713 70 33 Mr.

393 2772 45 35 P.
462 2772 136 44 having
611 2771 139 34 refused
769 2774 38 30 to
824 2770 133 44 depart
979 2766 97 35 from
1097 2766 58 34 the
1172 2765 302 43 drawing-room,
1494 2760 135 35 waited
1645 2759 69 34 and

390 2818 171 37 received
580 2818 63 35 the
652 2817 77 35 fair
746 2817 102 44 Lady
865 2817 69 33 and
950 2816 66 33 her
1031 2824 81 25 new
1121 2813 154 44 gallant.
1325 2810 79 34 The
1421 2810 214 33 Gentleman
1650 2817 45 22 ex-

392 2868 162 44 changed
583 2877 118 34 angry
725 2863 273 46 compliments,
1016 2862 70 34 and
1116 2862 63 34 the
1207 2859 100 43 Lady
1341 2869 72 21 was
1435 2855 204 47 upbraided
1659 2854 58 34 for

394 2915 65 33 her
476 2914 200 45 infidelity,
711 2911 125 35 which
868 2910 63 34 she
957 2909 148 39 denied,
1126 2908 71 33 and
1212 2904 229 46 represented
1481 2903 66 33 her
1563 2902 151 44 origital

392 2972 203 35 paramour
609 2972 38 24 us
677 2972 46 22 an
745 2961 197 44 impostor,
963 2956 72 35 and
1064 2967 45 24 no
1135 2955 227 34 Gentleman.
1413 2953 33 33 A
1466 2950 145 44 general
1633 2960 78 22 row

391 3009 151 41 ensued,
559 3009 71 34 and
648 3008 63 34 the
728 3007 128 45 object
870 3005 41 34 of
933 3005 122 34 battle
1074 3013 74 25 was
1166 3004 37 33 in
1218 3001 61 35 the
1296 3009 87 33 very
1401 3000 107 33 midst
1521 2998 43 34 of
1587 2998 41 40 it,
1642 2995 69 33 and

393 3059 191 32 somehow
602 3058 63 32 the
679 3054 76 37 fair
771 3064 70 26 one
868 3054 151 33 became
1033 3050 139 46 injured
1191 3050 35 34 in
1245 3058 69 25 cue
1344 3046 44 34 of
1408 3046 66 33 her
1489 3054 85 34 eyes
1593 3045 45 43 by
1657 3043 61 34 the

397 3110 209 35 reucontre,
633 3104 67 34 but
717 3104 28 33 it
755 3102 189 46 appeared
960 3099 209 44 altogether
1185 3106 46 24 an
1247 3093 180 39 accident,
1437 3091 211 35 occasioned
1669 3092 45 43 by

397 3154 67 34 her
481 3152 141 34 violent
637 3157 156 39 temper.
846 3150 71 33 Mr.
941 3148 45 35 P.
1005 3157 74 24 was
1095 3146 111 33 taken
1224 3149 39 30 to
1280 3143 63 33 the
1364 3141 263 39 watch-house,
1642 3137 73 35 and

396 3201 63 34 the
474 3198 129 47 Major
621 3209 77 25 was
711 3196 70 35 left
798 3198 35 33 in
853 3195 202 46 possession
1068 3191 41 35 of
1123 3194 54 32 his
1196 3193 120 44 prize.

443 3248 378 39 PUBLIC-OFFICE,
874 3242 183 37 HATTON
1084 3241 197 33 GARDEN.
1283 3235 260 40 Thursday,
1596 3233 125 41 Henry

394 3295 194 41 Lambert,
618 3295 78 33 late
710 3306 24 20 a
750 3292 266 46 pawnbroker,
1048 3287 85 37 who
1153 3287 71 33 had
1241 3287 92 33 been
1356 3286 105 33 burnt
1479 3287 65 30 out
1560 3280 35 35 in
1615 3280 85 34 Port-

396 3344 209 46 pool-lane,
621 3340 174 35 attended
813 3345 39 28 at
870 3339 70 33 this
956 3337 122 41 office,
1100 3335 69 33 and
1194 3333 118 34 stated
1330 3332 77 34 that
1428 3337 35 28 at
1482 3331 81 33 nine
1580 3326 141 35 o'clock

396 3403 46 21 on
468 3391 227 41 Wednesday
716 3389 120 43 night,
852 3386 103 33 three
972 3394 81 22 men
1070 3380 188 37 addressed
1277 3380 74 33 him
1369 3378 111 34 under
1494 3381 168 40 pretence
1687 3372 43 34 of

396 3439 176 43 carrying
585 3450 24 21 a
622 3438 107 33 letter
742 3436 59 34 for
819 3435 111 40 them,
947 3432 107 33 when
1069 3431 84 44 they
1167 3428 248 43 inunediately
1431 3425 116 32 thrust
1566 3422 71 34 him
1651 3422 73 32 into

397 3487 65 34 the
482 3485 154 34 kitchen
653 3484 44 35 of
712 3484 54 33 his
783 3484 76 33 late
883 3483 110 32 burnt
1025 3478 126 39 house,
1183 3475 123 35 bound
1335 3475 72 33 him
1437 3471 112 33 hands
1565 3470 70 32 and
1655 3469 70 33 feet

399 3533 96 34 with
515 3533 123 41 cords,
667 3531 141 45 gagged
828 3530 54 33 his
899 3528 125 34 mouth
1048 3526 87 35 with
1149 3522 146 37 twisted
1316 3522 100 33 brass
1431 3521 91 32 wire
1538 3517 70 33 and
1622 3516 90 34 cork

400 3581 64 45 ing
482 3582 81 45 pins
579 3579 248 44 transversely
846 3576 122 41 fixed;
994 3574 66 34 the
1087 3573 105 34 cords
1218 3568 123 37 which
1371 3567 120 34 bound
1526 3565 72 33 him
1632 3573 96 22 were

400 3628 201 46 suspended
618 3627 94 35 from
730 3626 61 34 the
808 3625 145 41 ceiling.
1005 3621 81 35 The
1103 3620 146 33 villains
1265 3614 219 38 afterwards
1500 3611 136 35 robbed
1656 3609 71 33 him

399 3678 45 33 of
457 3685 60 26 ten
533 3677 152 44 guineas
712 3673 71 35 and
800 3685 25 24 a
846 3667 109 38 metal
976 3669 136 40 watch,
1142 3667 69 34 and
1233 3670 96 28 went
1344 3672 130 32 away,
1509 3659 142 43 leaving
1668 3659 61 31 the

400 3735 98 35 poor
526 3733 84 24 man
633 3724 37 33 in
700 3723 61 33 the
797 3725 132 32 utmost
960 3723 157 34 torture,
1144 3717 34 32 in
1211 3711 122 37 which
1364 3711 43 32 he
1433 3706 182 38 remained
1641 3704 87 33 until

400 3772 198 44 Thursday
611 3770 183 45 morning,
807 3776 40 27 at
855 3765 102 46 eight
969 3763 146 38 o'clock
1122 3763 120 38 ,when
1256 3762 44 32 he
1316 3769 73 25 was
1407 3755 174 37 released,
1589 3751 143 45 greatly

400 3820 221 35 exhausted.
678 3817 63 35 He
759 3816 71 35 had
852 3815 129 43 hardly
998 3823 73 33 any
1087 3809 237 37 recollection
1335 3804 44 37 of
1390 3803 96 37 their
1500 3810 158 37 persons,
1674 3800 59 33 the

403 3867 254 37 tranasaction
676 3865 137 44 having
828 3863 112 34 taken
961 3862 106 44 place
1096 3860 34 33 in
1156 3859 63 33 the
1245 3854 110 34 dark.
1411 3850 164 43 Diligent
1605 3846 124 34 search

399 3918 50 41 is,
465 3917 194 35 however,
679 3913 151 43 making
847 3919 38 26 to
902 3909 71 34 find
994 3909 98 33 them
1109 3911 79 35 out,
1205 3902 35 35 if
1254 3900 172 47 possible.

455 3964 70 34 MA
534 3973 25 25 R
569 3972 78 25 LBO
657 3959 283 37 ROILTGH-STRE
950 3966 21 25 E
980 3952 282 44 l'.Thursday
1311 3948 100 34 Jack
1454 3945 142 39 Baker,
1646 3940 91 35 alias

404 4011 202 40 Turnbull,
622 4020 76 24 was
711 4006 163 45 brought
886 4016 50 34 up
948 4004 60 34 for
1028 4003 57 35 his
1097 3999 130 37 second
1239 3993 253 38 examination
1505 4002 45 22 on
1567 4002 21 22 a
1606 3990 131 41 charge

407 4058 45 35 of
467 4059 112 44 being
601 4068 70 24 one
689 4056 45 34 of
746 4057 63 32 the
827 4054 138 46 parties
983 4048 200 39 concerned
1205 4046 35 33 in
1258 4045 63 33 the
1339 4044 73 33 late
1430 4039 175 44 burglary
1625 4037 35 33 in
1680 4038 59 32 the

407 4107 116 35 house
540 4107 45 34 of
595 4106 64 34 the
679 4104 176 34 Countess
872 4102 41 33 of
937 4101 168 39 Morton,
1128 4097 35 33 in
1185 4091 221 40 Park-lane,
1434 4089 105 33 three
1559 4084 44 34 of
1620 4083 118 35 whom

409 4166 102 25 were
536 4154 187 46 capitally
746 4148 191 39 convicted
963 4155 41 26 at
1022 4147 61 33 the
1100 4144 70 34 last
1186 4141 76 35 Old
1289 4139 133 41 Bailey
1440 4134 171 35 Sessions.
1661 4131 80 34 The

410 4201 178 35 Prisoner
618 4199 178 38 admitted
817 4199 44 34 he
881 4206 74 27 was
973 4193 45 37 of
1033 4194 60 33 the
1108 4195 128 41 party,
1269 4188 65 33 but
1350 4182 141 47 alleged
1512 4180 76 34 that
1609 4180 43 35 he
1672 4187 71 26 was

2994 98 59 47 15

1741 250 76 34 first
1832 250 150 34 seduced
2001 254 35 27 to
2055 248 81 32 that
2152 243 195 46 profligate
2363 252 84 32 way
2463 239 43 34 of
2515 237 65 34 life
2594 237 50 40 by
2665 234 159 43 M'Coy,
2841 231 84 33 who
2939 230 132 35 turned

1744 296 129 45 King's
1884 309 20 20 e
1912 296 158 37 videuer,
2096 293 70 33 and
2186 301 73 25 was
2274 300 66 25 one
2359 288 44 34 of
2413 288 63 32 the
2490 286 182 33 witnesses
2687 281 144 45 against
2852 280 54 33 his
2922 287 123 26 accom-

1744 346 112 44 plices
1873 350 35 28 at
1928 345 60 32 the
2001 344 71 32 last
2089 339 158 35 Sessions
2259 344 38 28 at
2317 337 63 34 the
2399 335 77 33 Old
2494 333 150 43 Bailey.

1791 392 61 35 Ile
1870 403 74 24 was
1964 389 92 45 fully
2074 385 210 38 committed
2302 385 58 33 for
2379 381 104 34 trial.

1215 118 145 52 THE
1395 117 371 52 NATIONAL
1800 111 377 54 REGISTER.

2035 511 299 44 ACCIDENTS
2362 509 113 39 AND
2505 503 283 43 OFFENCES.

1795 589 165 35 Monday
1981 587 123 34 whilst
2125 598 25 22 a
2176 596 123 33 young
2315 593 83 25 man
2415 581 45 34 of
2480 580 61 34 the
2559 587 106 26 name
2681 576 43 33 of
2746 576 167 37 Stevens,
2928 575 146 32 Servant

1748 647 38 25 to
1807 639 72 33 Mr.
1903 637 168 40 Tibbalt,
2088 633 45 34 of'
2150 633 340 35 Charlotte-street,
2510 624 181 37 Portland
2709 624 124 43 place,
2854 631 73 22 was
2939 620 137 44 sliding

1749 697 45 21 on
1826 696 25 22 a
1876 685 100 43 pond
2003 687 39 30 at
2079 681 247 41 Paddington,
2353 677 93 35 with
2472 686 24 22 a
2520 672 116 45 youth
2656 671 100 41 eight
2789 678 106 32 years
2913 667 79 41 old,
3020 666 57 35 his

1750 731 162 34 master's
1926 731 168 45 vephew,
2115 730 61 32 the
2196 728 56 33 ice
2272 725 136 38 broke.
2426 723 69 34 and
2523 723 63 32 the
2604 719 135 33 former
2759 716 63 33 fell
2850 715 37 33 in
2910 715 69 32 and
3001 724 76 25 was

1749 778 188 34 drowned.
1990 776 79 35 The
2091 775 112 35 youth
2224 783 73 25 was
2317 772 89 33 with
2424 768 177 41 difficulty
2624 763 125 35 saved.
2806 763 26 33 A
2882 772 96 31 ouiig
2994 772 83 24 man

1749 827 43 33 of
1806 829 61 31 the
1885 835 104 25 name
2007 822 43 35 of
2072 815 181 50 Younger
2284 830 76 22 was
2389 817 77 35 also
2490 814 175 35 drowned
2696 822 43 31 un
2776 798 163 45 Sunday..
2960 810 34 31 in
3013 809 64 32 the

1757 874 98 33 Park
1870 886 12 27 ;
1909 874 70 33 and
2003 876 74 30 two
2104 870 94 44 boys
2219 874 72 27 met
2310 866 63 34 the
2388 874 98 25 same
2503 862 78 34 fate
2604 861 35 32 in
2659 859 61 34 the
2741 855 227 45 Hampstead
2988 856 90 34 road

1753 933 45 21 on
1825 920 156 43 Saturday
1981 920 19 43 -
2000 920 20 43 .

1802 981 57 33 On
1877 979 167 43 Tuesday
2061 978 86 39 last,
2178 986 25 24 a
2222 984 128 35 person
2367 970 200 44 belonging
2582 973 40 30 to
2642 965 233 35 Drury-lane
2900 964 159 40 Theatre
3059 964 24 40 /

1757 1029 81 33 who
1857 1028 67 33 had
1943 1025 167 34 mounted
2128 1025 47 33 by
2196 1035 24 21 a
2242 1022 129 34 ladder
2396 1025 39 27 to
2456 1018 61 33 the
2545 1024 65 35 top
2629 1015 43 32 of
2685 1013 78 33 that
2785 1011 180 39 building,
2988 1010 92 34 mmith

1755 1076 176 33 intention
1945 1080 37 27 to
2001 1083 122 33 sweep
2140 1071 56 32 off
2209 1070 61 32 the
2285 1078 118 28 snow,
2418 1065 79 37 fell,
2513 1063 69 34 and
2596 1074 45 21 ex
2650 1059 230 40 traordittary
2900 1070 38 22 as
2953 1059 26 31 it
2995 1068 86 33 may

1753 1131 159 35 appear.
1930 1121 146 44 pitched
2095 1130 47 22 on
2157 1128 26 24 a
2196 1120 104 37 great
2315 1114 170 46 quantity
2504 1110 44 34 of
2561 1120 98 22 snow
2679 1109 33 32 in
2728 1109 60 31 the
2813 1111 110 27 waste
2939 1104 144 44 ground

1755 1180 89 24 near
1860 1168 301 45 Brydges-street,
2177 1165 156 33 without
2343 1161 197 40 sustaining
2557 1167 70 33 any
2644 1155 137 33 serious
2799 1152 137 46 injury.

1805 1230 116 33 Suict
1931 1238 21 24 D
1962 1226 144 35 E.On
2137 1221 229 44 Wednesday
2391 1219 105 45 night
2517 1228 24 24 a
2574 1217 98 41 Lady
2692 1213 69 34 and
2780 1213 214 33 Gentleman
3020 1213 63 40 got

1759 1278 76 32 into
1863 1286 24 22 a
1912 1271 302 46 hackney-coach
2242 1274 40 30 at
2307 1271 63 31 the
2393 1266 103 34 stand
2522 1266 35 32 in
2587 1261 294 38 Oxford-street,
2908 1259 177 45 opposite

1765 1324 66 33 Rat
1841 1322 255 43 hbone-place,
2131 1318 72 33 and
2220 1317 60 33 the
2300 1315 104 43 Lady
2425 1324 76 24 was
2528 1317 53 28 set
2598 1311 107 32 down
2725 1307 35 33 in
2780 1306 302 38 Warren-street,

1765 1371 319 41 Fitzroy-square.
2133 1367 83 35 The
2235 1363 215 34 Gentleman
2460 1357 149 37 ordered
2627 1357 60 33 the
2705 1356 200 33 coachman
2922 1361 37 26 to
2979 1352 107 34 drive

1757 1419 76 33 him
1853 1422 35 31 to
1907 1428 21 21 a
1951 1414 253 45 public-house
2217 1415 38 30 at
2271 1411 221 40 Brompton,
2510 1408 77 38 but,
2607 1415 46 22 on
2673 1402 54 33 his
2743 1401 139 35 arrival
2903 1401 117 40 there,
3038 1398 45 34 he

1761 1475 76 24 was
1853 1463 110 34 found
1981 1455 150 46 lifeless,
2161 1460 132 40 having
2309 1462 60 28 cut
2391 1456 53 31 his
2476 1456 120 31 throat
2628 1453 34 32 in
2688 1461 22 22 a
2737 1448 154 43 shockin
2890 1448 22 43 P
2913 1448 22 43 .
2935 1456 150 31 manner

1763 1512 91 34 with
1870 1521 25 24 a
1912 1507 204 47 pen-knife.
2169 1506 80 33 The
2264 1502 172 35 deceased
2459 1513 74 20 was
2561 1512 22 21 a
2613 1499 106 32 Lieut
2719 1499 21 32 e
2740 1499 86 32 nant
2844 1494 44 33 of
2908 1494 176 39 Marines,

1759 1559 70 33 and
1859 1559 30 32 is
1915 1556 181 46 supposed
2128 1559 39 30 to
2193 1553 93 34 have
2319 1548 213 37 committed
2555 1545 138 35 suicide
2713 1543 43 44 in
2756 1543 21 44 -
2777 1543 235 44 cobsequence
3040 1535 48 41 of

1760 1617 99 24 some
1877 1606 109 32 losses
2001 1607 38 30 at
2055 1603 107 44 play.

1811 1652 143 41 Friday
1985 1661 24 24 a
2034 1655 103 38 great
2154 1648 124 37 crowd
2311 1644 43 33 of
2379 1643 136 45 people
2542 1637 178 50 gathered
2739 1636 112 34 round
2883 1636 63 34 the
2967 1635 116 35 house

1761 1702 44 32 of
1814 1711 22 22 a
1858 1701 72 33 Mr.
1952 1697 117 40 Hunt,
2092 1707 26 22 a
2143 1696 150 39 tinman,
2314 1694 35 33 in
2369 1689 317 38 Chandos-street,
2711 1677 156 51 eovent-
2867 1677 22 51 g
2889 1677 135 51 arden,
3043 1693 48 30 pa

1765 1749 59 31 the
1839 1744 229 43 supposition
2086 1742 84 33 that
2186 1754 22 21 a
2232 1741 87 44 girl,
2347 1739 86 34 who
2464 1736 69 33 had
2552 1736 90 32 been
2662 1734 53 32 his
2739 1734 161 37 servant,
2926 1728 72 34 had
3015 1729 73 34 last

1766 1796 63 32 her
1841 1794 61 33 life
1922 1791 157 44 through
2098 1789 150 43 beating
2262 1787 70 34 and
2349 1785 219 39 starvation,
2594 1793 40 22 as
2654 1791 72 22 was
2756 1787 85 34 very
2861 1778 227 44 universally

1766 1839 197 37 circulated
1981 1837 157 43 through
2157 1835 63 34 the
2236 1833 144 35 crowd.
2435 1833 43 32 in
2498 1830 59 34 the
2580 1827 169 43 evening,
2774 1826 60 33 the
2855 1826 163 40 popular
3033 1825 39 33 in-

1767 1889 187 43 dignation
1970 1896 79 22 rose
2070 1891 38 26 to
2125 1883 85 34 such
2230 1893 21 21 a
2265 1883 142 41 height,
2434 1878 80 33 that
2531 1876 141 39 several
2701 1883 109 34 panes
2828 1872 41 33 of
2881 1872 94 43 glass
2992 1880 98 24 were

1768 1936 142 34 broken
1945 1933 34 33 in
2000 1932 59 33 the
2076 1931 112 32 house
2216 1931 45 43 by
2282 1930 61 32 the
2370 1926 99 33 mob.
2522 1923 131 35 Police
2685 1920 148 33 Officers
2855 1929 97 24 tvere
2967 1917 123 34 called

1769 1983 52 39 in,
1845 1982 69 33 and
1933 1981 63 33 the
2011 1978 125 35 crowd
2157 1988 73 22 was
2254 1974 201 45 dispersed.
2507 1975 57 31 Au
2584 1970 130 43 inquest
2714 1970 19 43 .
2753 1976 74 24 was
2844 1967 85 33 then
2947 1963 86 34 held
3051 1970 40 28 at

1772 2030 60 32 the
1845 2029 137 34 Crown
2000 2027 67 34 and
2086 2026 159 38 Thistle,
2264 2026 34 30 in
2313 2023 60 32 the
2391 2029 99 25 same
2506 2021 107 35 street
2614 2021 19 35 ,
2654 2015 126 39 before
2794 2013 174 44 Anthony
2989 2011 100 40 Gel,.

1775 2078 86 43 Esq.
1892 2075 163 34 Coroner
2068 2072 58 33 for
2144 2072 261 33 Westmieiter.
2458 2065 78 35 The
2555 2063 190 33 substance
2774 2061 43 33 of
2839 2052 61 41 the
2919 2059 176 34 evidence

1773 2135 90 30 was,
1890 2124 77 33 that
1995 2120 78 34 Ann
2095 2119 113 37 Fane,
2235 2118 60 33 the
2311 2113 190 39 dreeased,
2530 2121 74 24 was
2617 2120 19 22 a
2653 2108 69 44 girl
2738 2109 115 32 about
2877 2107 40 33 15
2934 2117 105 32 years
3054 2104 48 35 of

1772 2183 81 32 age,
1865 2170 69 34 and
1954 2170 67 32 had
2039 2169 91 31 been
2148 2177 21 21 a
2189 2173 141 37 pauper
2346 2163 34 33 in
2398 2161 65 33 the
2493 2158 234 33 Workhouse
2744 2163 39 26 at
2804 2156 116 39 Lynn,
2940 2154 34 32 in
2998 2153 72 33 Nor-

1774 2218 97 40 folk,
1898 2217 35 46 in
1962 2223 243 34 consequence
2222 2211 43 33 of
2295 2211 64 32 her
2379 2206 132 43 having
2539 2206 91 31 been
2652 2204 60 32 the
2744 2202 146 43 orphan
2921 2200 98 33 chilli

3066 2200 32 31 uf

1776 2276 92 33 poor
1884 2269 156 38 parents.
2085 2262 72 32 She
2176 2270 73 24 wa.;
2269 2258 110 32 taken
2396 2265 24 24 a
2437 2254 103 32 short
2552 2251 90 33 time
2660 2250 98 33 hack
2780 2250 74 32 inli)
2876 2249 60 31 this
2981 2257 116 21 srv.ets.

1776 2313 43 34 of
1831 2314 72 32 Mr.
1923 2310 48 33 H.
1996 2321 37 21 as
2047 2319 45 22 an
2119 2306 233 46 apprentice.
2418 2302 72 33 She
2507 2309 76 24 was
2600 2295 157 45 thought
2777 2297 37 31 b'
2857 2296 60 32 her
2939 2302 78 25 111.4
3027 2304 69 21 res..

1774 2366 39 27 to
1831 2360 44 33 be
1900 2368 46 22 an
1963 2355 193 35 untoward
2181 2354 87 44 girl,
2294 2349 67 37 and
2392 2352 39 30 at
2448 2347 167 33 different
2642 2344 104 33 times
2765 2342 168 33 reerived
2953 2353 57 21 (.111
3022 2353 54 21 ter

1774 2407 91 32 Lion.
1920 2405 109 34 From
2046 2402 103 33 what
2164 2411 106 22 cause
2288 2400 31 32 it
2343 2396 64 33 did
2425 2398 64 31 not
2516 2402 161 34 appear,
2704 2392 64 32 but
2799 2391 66 32 she
2894 2388 64 32 fetl
2979 2389 78 32 into
3074 2399 22 24 a

1775 2453 198 44 dangerous
1993 2453 91 31 state
2117 2448 44 34 of
2176 2445 201 35 ill-health.
2432 2441 71 34 Dr.
2526 2439 215 39 Merriman,
2769 2435 43 33 of
2833 2435 64 32 the
2933 2435 165 33 Western

1774 2500 228 43 dispensary,
2029 2492 209 47 prescribed
2268 2492 58 33 for
2357 2491 66 33 her
2438 2493 40 28 at
2503 2485 168 34 different
2695 2485 120 39 times,
2842 2484 65 32 but
2940 2481 65 34 she

1773 2548 145 41 always
1938 2545 32 32 in
1987 2543 59 33 the
2059 2550 183 35 company
2259 2539 43 33 of
2314 2537 91 33 Mrs.
2426 2536 50 34 H.
2511 2533 31 33 A
2564 2531 157 34 relation
2737 2529 209 44 frequently
2966 2530 132 33 visited

1779 2596 78 39 her,
1883 2595 64 32 but
1957 2591 141 43 always
2117 2590 38 32 in
2172 2589 63 32 the
2252 2594 172 37 presence
2444 2581 43 34 of
2500 2581 91 33 Mrs.
2613 2578 52 35 H.
2681 2578 69 34 but
2763 2576 155 44 nothing
2931 2577 148 44 particu-

1776 2642 58 33 lar
1850 2649 102 25 came
1969 2644 76 27 out.
2098 2637 33 32 A
2161 2635 204 43 neighbour
2399 2630 71 32 had
2489 2627 210 44 frequently
2727 2623 110 34 heard
2856 2624 61 31 the
2935 2623 70 43 girl
3033 2634 66 33 cry

1779 2693 78 35 out,
1881 2686 70 34 and
1967 2685 100 35 there
2085 2693 100 22 were
2203 2681 61 33 the
2290 2679 123 34 marks
2432 2675 44 34 of
2497 2674 119 34 blows
2635 2682 97 34 upon
2757 2670 164 33 different
2943 2675 102 43 parts
3060 2670 45 38 of

1781 2737 63 32 her
1864 2744 143 35 person.
2061 2732 71 33 But
2154 2730 67 34 Dr.
2243 2726 203 34 Merriman
2467 2732 71 22 was
2556 2720 44 33 of
2623 2720 151 44 opinion
2800 2718 80 32 that
2900 2718 105 33 there
3024 2728 77 22 was

1779 2789 61 28 not
1866 2793 70 31 any
1955 2787 234 35 appearaace
2224 2774 188 32 whatever
2428 2770 44 33 of
2497 2766 141 46 injury,
2662 2766 84 33 such
2767 2776 38 22 as
2824 2773 76 25 was
2924 2765 177 33 sufficient

1782 2836 37 27 to
1847 2830 94 33 have
1957 2824 214 35 occasioned
2185 2822 60 34 the
2262 2822 110 33 death
2392 2817 44 34 of
2447 2817 59 33 the
2524 2815 158 45 patient,
2707 2812 120 33 either
2843 2811 194 33 internally
3061 2823 41 21 or

1779 2875 207 41 externally
2002 2885 9 26 ;
2039 2871 70 34 and
2127 2871 61 32 this
2203 2868 172 34 deceased
2396 2864 135 43 having
2550 2863 90 33 been
2663 2861 59 33 for
2746 2869 98 25 some
2861 2859 86 33 time
2965 2859 59 41 ill,
3043 2861 63 33 the

1781 2923 141 35 verdict
1944 2919 219 35 was-Died
2173 2921 12 30 -
2185 2921 12 30 a
2218 2915 161 35 Natural
2392 2913 133 34 Death.

2333 3046 219 35 BIRTHS.

1834 3117 48 33 At
1904 3117 226 34 Gloureoer,
2159 3120 45 24 on
2233 3110 60 33 the
2317 3107 89 34 'nth
2440 3106 70 32 ult.
2539 3104 63 34 the
2634 3103 105 45 Lady
2760 3103 44 33 of
2822 3100 167 47 Captain
3005 3099 104 37 John

1789 3165 52 34 NV
1852 3163 146 40 Doneli,
2016 3161 60 34 6th
2098 3158 123 44 Royal
2243 3157 162 33 Veteran
2430 3152 207 40 Battalion,
2656 3150 47 33 of
2722 3162 24 21 a
2770 3161 78 22 son.

1832 3211 194 40 Thursday
2043 3208 138 40 morning
2181 3208 20 40 .
2202 3208 20 40 ,
2242 3204 60 32 the
2329 3202 102 41 Lady
2460 3201 43 32 of
2523 3198 103 34 John
2646 3197 168 44 Gosling,
2831 3197 89 43 Egg.
2939 3195 44 34 of
3000 3196 93 34 Glou-

1787 3265 116 28 cester
1923 3257 129 39 Place,
2072 3254 91 35 New
2181 3249 122 44 Road,
2326 3247 307 45 Mary-le-Bone,
2653 3244 43 35 of
2706 3255 24 24 a
2748 3243 197 45 &tighter.

2315 3315 274 37 MARRIED.

1838 3389 57 34 On
1912 3386 61 33 the
1981 3385 85 32 '2oth
2081 3384 66 33 ult.
2161 3380 67 34 the
2239 3378 91 35 Rev.
2348 3378 128 33 James
2491 3377 194 39 Paterson,
2698 3373 34 34 M
2741 3373 34 33 id
2783 3383 91 31 rnas,
2885 3377 37 27 to
2935 3371 181 41 Isabella,

1792 3435 177 44 daughter
1988 3430 43 34 of
2053 3430 63 33 the
2133 3430 76 33 late
2233 3429 73 34 Mr.
2334 3426 94 32 Win.
2450 3424 165 39 Gordon,
2636 3422 203 38 merchant,
2861 3418 206 35 Aberdeen.

1840 3484 48 31 At
1912 3483 76 31 Lea
1989 3489 15 30 -
2004 3489 46 30 es,
2068 3489 48 22 on
2150 3476 61 33 the
2235 3475 86 34 ,20th
2342 3474 149 38 instant,
2519 3470 164 44 Captain
2708 3465 239 43 Preseutt,of
2970 3465 61 33 the
3054 3463 67 37 sth

1796 3530 176 44 Dragoon
1993 3526 156 38 Guards,
2166 3528 38 27 to
2233 3522 86 33 Miss
2340 3521 112 43 Mary
2476 3516 194 37 Falkiner.

1841 3578 57 33 On
1916 3575 64 32 the
1994 3573 85 34 27th
2101 3572 83 33 inst.
2203 3574 39 30 at
2262 3567 243 44 Newington,
2530 3566 51 43 by
2601 3562 64 37 the
2685 3561 93 37 Rev.
2799 3561 74 34 Mr.
2894 3559 226 41 Dickenson,

1798 3626 86 33 Miss
1904 3622 79 33 Ann
2003 3620 177 38 Wilkins,
2204 3615 181 41 daughter
2398 3613 45 33 of
2453 3612 162 44 Captain
2646 3607 123 45 llenry
2790 3607 176 43 Wilkins,
2994 3607 45 33 of
3063 3606 59 33 the

1796 3671 120 35 bland
1935 3667 46 35 of
1994 3669 202 40 Guernsey,
2219 3670 38 28 to
2276 3664 76 33 Mr.
2378 3661 92 33 Wrn.
2498 3658 128 34 While
2644 3657 149 35 Adams.

2387 3720 156 34 DIED.

1845 3790 58 35 On
1923 3788 180 45 Monday,
2135 3787 74 34 Mr.
2233 3783 169 35 William
2435 3782 146 44 Wyatt,
2602 3784 132 30 master
2753 3776 43 34 of
2816 3777 61 33 the
2898 3775 130 35 Castle
3044 3774 81 41 Inn,

1798 3844 38 30 at
1859 3837 180 34 Windsor.

1850 3887 56 33 Ou
1922 3886 63 34 the
2003 3881 81 37 15th
2107 3881 148 39 instant,
2288 3882 38 31 at
2352 3874 367 46 Dartmouth-place,
2754 3867 256 40 Blackheath,
3034 3867 90 33 Mrs.

1807 3933 231 39 Farrington,
2059 3928 90 34 wife
2167 3928 41 34 of
2226 3926 161 45 Captain
2406 3925 237 43 Farrington,
2655 3920 43 34 of
2706 3920 63 34 the
2789 3919 122 43 Royal
2926 3917 203 43 Artillery,

1801 3980 90 46 aged
1918 3979 47 34 24

1852 4029 52 33 At
1936 4026 57 33 his
2024 4022 184 35 brother's
2237 4020 125 41 house,
2396 4024 40 28 at
2470 4017 189 45 Bombay,
2675 4024 45 25 on
2748 4015 60 33 the
2829 4011 83 37 12th
2930 4010 45 35 of
2998 4007 130 35 March

1806 4077 83 39 last,
1910 4071 162 46 Captain
2089 4071 143 43 George
2244 4069 45 33 El
2298 4067 187 46 phitciton,
2516 4064 43 33 of
2581 4063 63 34 the
2661 4063 100 33 lion.
2779 4057 226 46 Company's
3024 4068 33 21 in

1805 4130 80 35 wry
1904 4122 157 38 service,
2091 4122 175 39 youngest
2290 4126 64 22 son
2388 4114 43 33 of
2456 4114 59 33 the
2542 4113 76 32 late
2653 4108 213 39 Alexander
2889 4106 20 45 -
2909 4106 164 45 11phin,t
3073 4106 20 45 ,
3093 4106 43 45 m,

1809 4173 86 43 Esq.
1922 4169 178 38 Avocay,
2121 4163 229 43 k:acliolnirgl).
