3307 4406
348 158 162 52 JAN.
555 167 46 47 I.

356 292 33 40 it
407 295 131 40 would
570 298 48 40 be
638 299 87 39 well
744 301 129 40 worth
909 304 222 54 hazarding
1163 311 44 34 to

353 354 79 43 this
451 357 171 43 honour.

1447 319 21 27 it
1494 313 165 46 country

406 420 38 37 It
464 420 30 37 is
511 420 227 52 impossible
758 428 43 34 to
834 426 171 51 proceed
1026 428 118 40 much
1176 428 156 39 further
1351 428 105 39 after
1474 429 67 37 the
1559 428 85 37 fore-

352 480 125 54 going
493 482 240 41 reflections.
785 488 73 38 We
873 488 78 38 will
974 488 110 40 leave
1116 495 45 33 to
1192 503 77 25 our
1287 489 157 39 readers
1466 494 41 33 to
1527 488 119 39 ant;ci-

354 546 93 47 pate
480 544 69 37 the
580 557 289 40 consequences
888 550 51 37 of
967 550 78 38 this
1075 550 201 51 energetic
1304 552 128 51 policy
1450 567 12 26 ;
1492 549 73 39 and
1591 548 74 39 will

353 602 96 53 only
469 604 91 46 add,
591 606 86 39 that
697 607 109 40 what
823 622 57 26 we
908 612 217 46 advanced,
1155 612 165 39 difficult
1346 624 46 27 as
1426 612 34 38 it
1487 621 89 43 may
1599 624 46 38 ap-

354 677 112 40 pear,
487 666 31 38 is
534 667 48 51 by
596 680 56 27 no
669 681 137 27 means
853 673 283 50 ..practicable.
1170 676 85 37 One
1274 674 112 51 great
1406 672 119 40 effort
1540 672 128 45 made,

354 725 76 39 and
448 728 89 38 that
548 729 240 40 formidable
804 744 113 40 army
935 733 79 39 will
1031 736 47 39 be
1095 733 106 47 able,
1218 735 136 39 before
1367 733 115 40 three
1496 733 172 43 months,

353 793 46 34 to
419 795 86 33 tear
521 790 105 39 from
656 794 71 35 the
741 793 109 38 brow
869 795 52 38 of
931 809 51 25 an
1003 796 168 39 insolent
1200 808 224 39 conqueror
1444 796 66 38 the
1531 795 141 39 laurels

351 847 54 41 he
436 863 91 27 now
544 866 138 32 wears,
703 854 77 39 and
801 855 123 40 inflict
938 872 53 25 on
1002 859 81 39 him
1098 860 70 39 the
1186 859 256 53 punishment
1457 856 59 41 his
1530 855 142 44 crimes

353 912 79 39 and
448 912 61 40 his
528 915 206 40 atrocities
749 930 44 27 so
806 919 126 52 justly
957 921 129 38 merit.

596 1081 291 47 FOREIGN
924 1085 509 45 INTELLIGENCE.

622 1207 155 38 FROX
801 1211 109 35 THE
943 1212 219 34 FRENCH
1185 1213 234 35 PAPERS.

361 1319 369 43 FOURTEENTH
746 1326 270 43 BULLETIN
1031 1330 70 34 OF
1115 1330 111 35 THE
1241 1330 156 35 ARMY
1416 1329 70 35 OF
1500 1325 177 38 SPAIN.

409 1395 201 43 MADRID,
640 1397 104 34 DEC.
769 1400 174 34 5.----The
973 1401 44 33 2d
1033 1406 34 28 at
1104 1411 92 22 noon
1215 1401 58 33 his
1299 1401 159 44 Majesty
1478 1397 145 34 arrived
1643 1396 37 33 in

359 1452 129 34 person
503 1454 45 24 on
562 1444 60 33 the
641 1446 142 35 heights
804 1456 28 24 w
842 1447 80 34 hich
941 1447 143 44 impend
1101 1459 90 22 over
1206 1447 161 38 Madrid,
1380 1459 46 22 on
1446 1446 118 34 which
1584 1454 96 24 were

357 1492 150 41 already
526 1493 126 44 placed
666 1494 60 31 the
739 1493 172 34 divisions
927 1494 45 33 of
985 1496 178 37 dragoons
1179 1494 228 35 olGenerals
1429 1494 135 34 Latour
1577 1493 78 33 Mau-

360 1538 112 45 houg,
497 1540 69 33 and
602 1540 247 44 Lahoussaye,
873 1544 73 32 and
980 1543 59 34 the
1076 1543 171 44 imperial
1280 1539 267 46 horse-guards.
1598 1539 80 33 The

360 1586 235 44 anniversary
611 1587 45 33 of
669 1587 60 33 the
746 1590 231 40 coronation,
1004 1590 80 33 that
1100 1599 149 35 epoque
1266 1589 118 35 which
1407 1590 64 33 has
1489 1589 34 41 si
1524 1589 18 41 g
1544 1585 136 35 nalised

361 1643 40 24 so
433 1643 110 35 many
572 1635 90 44 days
694 1633 57 35 fur
767 1645 89 24 ever
878 1636 185 37 fortunate
1080 1636 59 34 for
1167 1636 155 41 France,
1346 1636 181 34 awakene
1530 1636 22 32 d
1571 1633 35 35 in
1629 1632 51 35 all

360 1678 122 35 hearts
514 1682 64 33 the
606 1689 91 26 most
725 1684 195 39 agreeable
947 1684 268 40 recollections,
1240 1683 69 35 and
1341 1682 163 45 inspired
1533 1682 50 32 all
1618 1681 65 35 the

361 1733 128 40 troops
508 1729 91 33 with
618 1740 45 22 an
681 1730 216 34 enthusiasm
926 1731 119 33 which
1065 1730 215 37 manifested
1299 1729 102 37 itself
1409 1731 35 32 in
1465 1740 21 22 a
1507 1727 175 35 thousand

361 1775 276 35 exclamations.
669 1778 79 33 The
767 1780 164 32 weather
951 1789 72 24 was
1038 1780 197 39 beautiful,
1247 1779 67 33 and
1332 1779 79 33 like
1429 1778 79 34 that
1527 1774 154 46 enjoyed

363 1822 37 34 in
422 1822 141 35 France
581 1825 34 33 in
634 1825 61 33 the
723 1825 120 34 month
860 1826 45 33 of
922 1827 102 35 May.
1075 1827 83 33 The
1178 1826 167 34 Marshal.
1364 1825 113 37 Duke
1504 1825 43 32 of
1573 1824 112 33 Istria

364 1877 76 27 sent
458 1877 37 28 to
514 1881 161 24 summon
689 1872 64 33 the
769 1880 112 31 town,
912 1873 123 35 where
1059 1884 22 24 a
1100 1874 172 33 Military
1291 1873 116 34 Junta
1429 1880 74 24 was
1527 1870 156 38 formed,

356 1918 120 34 .ander
508 1919 64 34 the
600 1919 213 45 presidency
842 1919 44 35 of
913 1922 63 33 the
999 1922 168 45 Marquis
1192 1920 44 35 of
1266 1922 204 38 Castelaur,
1499 1917 84 33 who
1615 1917 69 34 had

361 1965 113 35 under
508 1968 57 33 his
588 1967 124 34 orders
745 1969 157 33 General
937 1969 136 41 Morla,
1110 1967 344 47 Captain-General
1488 1964 43 34 of
1561 1963 100 35 Anda-

361 2013 110 34 lusia.
537 2014 81 34 The
653 2019 99 30 town
781 2016 193 33 contained
1002 2027 21 22 a
1041 2017 152 33 number
1219 2015 44 34 of
1280 2015 128 34 'armed
1431 2019 181 39 peasants,
1628 2023 37 22 as-

358 2060 163 35 sembled
557 2060 96 34 from
686 2062 48 33 all
769 2069 181 37 quarters,
977 2065 91 34 6000
1102 2068 129 40 troops
1248 2062 43 34 of
1313 2063 61 33 the
1402 2061 90 38 line,
1517 2060 67 33 and
1617 2060 69 34 100

365 2108 123 44 pieces
513 2107 44 35 of
583 2118 155 25 cannon.
791 2112 105 43 Sixty
927 2112 176 34 thousand
1124 2122 78 22 men
1231 2120 97 25 were
1352 2111 35 32 in
1406 2119 111 22 arms.
1569 2106 120 35 Their

364 2157 96 33 cries
480 2166 96 24 were
591 2157 112 33 heard
733 2169 44 21 on
795 2167 109 35 every
921 2159 80 33 side
1017 2171 9 21 :
1054 2159 61 34 the
1141 2159 93 33 bells
1252 2158 41 32 of
1315 2158 73 34 200
1404 2156 176 34 churches
1598 2164 91 34 rung

364 2204 231 43 altogether;
614 2204 69 32 and
702 2213 110 34 every
828 2206 102 43 thing
943 2206 189 44 presented
1144 2205 308 44 theappearance
1470 2202 43 34 of
1525 2200 163 35 disorder

367 2250 70 35 and
456 2250 174 33 madness.
681 2251 79 34 The
781 2254 154 33 General
956 2254 44 33 of
1007 2255 59 33 the
1084 2259 131 39 troops
1230 2254 43 33 of
1281 2252 59 33 the
1358 2252 77 33 line
1452 2249 183 46 appeared
1651 2256 35 27 at

369 2298 64 34 the
448 2298 184 33 advanced
650 2306 98 35 posts
764 2306 37 27 to
814 2310 142 24 answer
970 2301 59 33 the
1045 2311 181 24 summons
1245 2301 43 33 of
1300 2300 59 33 the
1381 2298 109 34 Duke
1504 2296 41 32 of
1564 2295 123 35 Istria.

359 2346 72 38 .He
465 2356 76 24 was
557 2347 261 44 accompanied
852 2349 50 44 by
927 2349 48 32 30
993 2360 74 22 men
1101 2346 44 35 of
1172 2347 63 34 the
1252 2347 152 46 people,
1434 2344 122 34 whose
1577 2343 113 40 dress,

369 2394 124 38 looks,
519 2393 70 32 and
621 2393 178 34 ferocious
831 2395 194 43 language,
1051 2394 158 34 recalled
1230 2396 59 31 the
1307 2392 236 34 recollection
1561 2389 44 33 of
1630 2391 61 33 the

366 2441 170 32 assassins
555 2438 44 34 of
627 2439 227 45 September.
911 2441 116 34 When
1045 2444 60 32 the
1139 2443 156 44 Spanish
1316 2439 157 35 General
1496 2447 71 24 was
1578 2438 113 34 asked

371 2487 170 33 whether
567 2486 46 33 he
631 2493 119 30 meant
768 2493 38 28 to
823 2499 139 34 expose
992 2499 152 30 women,
1170 2489 180 41 children,
1376 2487 72 33 and
1467 2485 60 33 old
1548 2496 77 22 men
1654 2490 38 28 to

372 2535 61 33 the
457 2533 148 34 horrors
621 2531 44 37 of
676 2545 44 24 an
737 2536 150 37 assault,
913 2536 47 33 he
974 2536 213 34 manifested
1204 2536 154 43 secretly
1377 2536 71 32 the
1476 2532 100 43 grief
1603 2532 90 34 with

373 2581 123 34 which
514 2582 45 32 he
578 2591 76 22 was
671 2583 233 44 penetrated;
934 2583 44 34 he
1002 2583 99 34 made
1119 2584 133 33 known
1270 2583 51 44 by
1330 2583 115 41 signs,
1472 2581 76 33 that
1569 2581 59 40 he,
1654 2591 39 22 as

376 2629 83 35 well
493 2640 39 21 as
550 2628 50 33 all
618 2628 61 34 the
694 2629 125 37 honest
839 2640 77 26 men
930 2627 44 38 of
989 2630 157 41 Madrid,
1160 2631 155 41 groaned
1328 2628 113 35 under
1453 2626 215 46 oppression
1683 2628 8 32 !

372 2678 71 34 and
477 2676 103 33 when
601 2675 43 34 he
678 2676 116 35 raised
830 2678 53 34 his
899 2680 125 37 voice,
1049 2679 54 34 his
1124 2678 118 34 words
1263 2687 94 25 were
1374 2674 164 37 dictated
1565 2676 47 41 by
1630 2675 65 34 the

374 2725 178 35 wretches
591 2722 83 35 who
705 2725 167 35 watched
892 2737 90 21 over
1002 2726 84 33 him.
1139 2725 59 34 No
1232 2725 115 34 doubt
1375 2724 113 34 could
1508 2724 43 32 be
1569 2727 103 30 enter-

374 2771 122 35 tained
516 2769 45 35 of
583 2771 61 33 the
661 2779 128 27 excess
808 2780 37 28 to
878 2773 122 34 which
1019 2773 59 33 the
1089 2777 155 40 tyranny
1264 2770 44 35 of
1328 2771 61 34 the
1408 2770 191 34 multitude
1620 2780 72 24 was

372 2819 143 37 carried
549 2817 104 35 when
686 2820 87 44 they
808 2831 77 25 saw
917 2820 74 35 him
1025 2822 107 33 write
1157 2820 110 34 down
1294 2819 47 33 all
1372 2817 58 34 his
1465 2816 135 43 words,
1623 2817 71 34 and

373 2868 131 35 caused
530 2864 61 35 the
618 2869 129 34 record
761 2871 38 31 to
814 2870 44 31 he
874 2869 151 34 verified
1044 2869 47 43 by
1106 2867 63 34 the
1185 2868 165 34 assassins
1370 2864 86 34 who
1470 2864 222 34 surrounded

377 2915 91 34 him.
519 2913 83 34 The
624 2914 255 46 aid-de-camp
899 2915 44 34 of
956 2915 61 34 the
1042 2914 110 37 Duke
1181 2915 43 33 of
1254 2914 125 40 Istria,
1410 2911 86 34 who
1517 2911 70 43 had
1605 2913 91 34 been

374 2969 78 28 sent
475 2963 77 32 into
585 2960 63 34 the
674 2967 115 38 town,
819 2973 73 24 was
921 2962 119 35 seized
1072 2963 48 35 by
1140 2973 78 24 men
1237 2961 43 33 of
1302 2960 59 34 the
1390 2960 130 33 lowest
1548 2960 91 33 class
1659 2957 41 34 of

376 3011 152 45 penpie,
552 3006 71 35 and
647 3020 72 25 was
736 3012 116 33 about
870 3018 35 27 to
926 3012 48 33 be
985 3009 217 41 massacred,
1269 3008 64 33 hen
1349 3005 61 37 the
1430 3013 129 38 troops
1576 3005 44 34 of
1633 3006 64 33 the

370 3058 90 39 line,
487 3056 185 41 indignant
690 3064 39 28 at
757 3058 61 35 the
839 3064 165 38 outrage,
1032 3058 89 33 took
1141 3058 74 33 him
1231 3056 110 34 under
1358 3054 99 34 their
1474 3054 222 45 protection,

376 3105 67 35 and
459 3103 130 37 caused
609 3104 73 34 him
703 3113 38 25 to
759 3107 45 32 be
822 3106 159 34 restored
1000 3112 37 27 to
1056 3105 54 32 his
1130 3104 168 34 General.

425 3155 35 33 4
482 3152 178 34 butcher's
677 3155 65 40 boy
751 3155 103 41 from
878 3152 274 39 Estremadura,
1170 3154 76 32 who
1260 3149 230 35 commanded
1508 3161 60 21 one
1586 3149 47 37 of
1641 3149 59 33 the

371 3206 117 39 gates,
508 3201 71 33 had
598 3202 58 32 the
674 3201 165 43 audacity
857 3206 37 28 to
913 3202 141 44 require
1076 3201 81 32 that
1176 3201 58 32 the
1256 3201 98 32 Duke
1382 3197 46 44 of
1443 3198 111 32 Istria
1573 3195 129 34 should

374 3260 48 33 go
442 3249 150 44 himself
604 3250 74 32 into
698 3250 58 32 the
772 3254 91 28 town
876 3249 84 32 with
980 3249 53 31 his
1046 3259 17 21 e

1064 3257 58 31 ,ues
1136 3244 231 46 blindfolded.
1402 3243 157 34 General
1577 3243 98 34 Mont-

379 3298 90 33 bran
488 3294 152 44 rdected
666 3298 72 33 this
764 3300 275 39 presumptuous
1061 3294 156 33 demand
1237 3294 84 32 with
1343 3293 246 41 indignation.
1642 3291 59 32 He

378 3356 71 21 teas
467 3345 240 44 immediately
720 3343 239 40 surrounded,
978 3343 71 33 and
1064 3339 149 45 effected
1230 3343 54 31 his
1299 3351 122 31 escape
1440 3339 79 44 only
1534 3338 39 43 by
1585 3339 93 33 draw-

381 3393 64 41 ing
463 3393 56 32 his
536 3392 123 33 sword.
715 3392 56 33 He
788 3392 178 41 narrowly
981 3390 148 41 escaped
1155 3389 135 43 falling
1318 3400 20 20 a
1356 3389 125 32 victim
1500 3390 34 30 to
1561 3389 58 30 the

1637 3387 45 32 im-

378 3439 178 44 prudence
569 3441 85 33 with
672 3441 109 32 which
798 3441 43 31 he
859 3437 71 34 had
947 3437 130 45 forgot
1093 3437 94 33 .that
1213 3437 41 32 he
1279 3436 70 33 had
1367 3438 63 31 not
1449 3436 34 30 to
1512 3435 102 32 make
1629 3443 76 25 war

380 3485 86 37 trit*
483 3487 165 34 civilized
660 3489 163 32 enemies.

435 3534 32 34 A
482 3535 99 33 little
596 3535 87 33 time
700 3534 112 41 after,
829 3543 98 24 some
952 3533 175 33 deserters
1150 3531 92 33 from
1276 3530 59 33 the
1363 3528 172 34 Walloon
1564 3527 142 35 Guards

384 3593 103 25 same
514 3588 38 28 to
583 3585 61 32 the
676 3593 122 33 camp.
839 3581 116 35 Their
985 3580 223 44 depositions
1237 3578 195 34 convinced
1466 3586 38 24 us
1532 3576 79 33 that
1645 3575 61 33 the

389 3632 136 44 people
556 3632 43 32 of
627 3637 196 39 property,
847 3630 70 34 and
945 3628 124 33 honest
1095 3638 94 30 men,
1217 3637 96 24 were
1331 3625 159 33 without
1505 3625 201 34 influence;

389 3679 70 34 and
478 3679 27 33 it
526 3690 74 22 was
618 3684 38 28 to
676 3679 44 34 be
733 3677 201 37 concluded
961 3677 78 33 that
1058 3674 236 35 conciliation
1313 3681 74 26 was
1413 3671 208 44 altogether
1641 3671 45 33 im-

385 3728 172 46 po-sible.

439 3776 78 33 The
540 3775 165 46 Marquis
722 3774 44 35 of
784 3774 163 38 Perales,
972 3782 22 22 a
1012 3770 193 45 reputable
1224 3778 96 30 man,
1346 3767 85 34 who
1452 3764 67 35 had
1547 3764 163 37 hitherto

392 3824 189 45 appeared
600 3830 38 27 to
656 3821 109 46 enjoy
785 3822 63 34 the
861 3819 204 37 confidence
1083 3819 44 33 of
1134 3820 58 32 the
1215 3816 144 45 people,
1377 3814 72 34 had
1467 3816 102 38 been,
1589 3823 45 24 on
1650 3811 61 33 the

396 3875 72 43 day
485 3870 130 35 before
641 3872 87 40 this,
754 3869 150 35 accused
922 3867 46 33 of
989 3867 143 45 putting
1152 3865 85 33 sand
1258 3865 34 33 in
1306 3862 58 34 the
1383 3861 215 45 cartridges.
1652 3859 59 34 He

398 3932 76 24 was
491 3919 250 35 immediately
768 3924 123 37 strang
895 3915 57 34 led
959 3939 9 9 .
1023 3914 32 34 It
1085 3924 76 22 was
1178 3909 221 37 determined
1431 3909 80 34 that
1543 3907 61 34 the
1631 3917 60 24 car-

397 3970 135 43 tridges
547 3969 131 35 should
698 3967 44 33 be
754 3977 39 22 re
796 3984 12 7 -
813 3977 58 22 ma
874 3964 69 41 de;
961 3964 21 33 3
997 3973 43 24 or
1050 3961 97 35 4000
1156 3959 130 35 monks
1303 3969 96 22 were
1408 3956 195 45 employed
1615 3964 98 34 upon

399 4020 70 32 this
493 4017 102 34 work
614 4020 39 28 at
681 4015 64 34 the
765 4013 142 35 Retiro.
961 4011 60 34 All
1058 4010 61 33 the
1139 4009 148 45 palaces
1303 4005 69 34 and
1391 4004 130 34 houses
1538 4011 98 28 were
1654 4010 40 25 or-

398 4065 111 35 dered
527 4072 38 28 to
583 4067 44 32 be
643 4072 94 35 open
754 4065 39 31 to
811 4059 136 35 furnish
961 4057 206 47 provisions
1183 4062 39 27 at
1239 4052 209 35 discretion.
1474 4045 237 52 Therrench

402 4115 159 34 infantry
592 4122 74 24 was
685 4110 74 35 still
780 4109 103 34 three
904 4108 146 44 leagues
1074 4103 96 35 from
1205 4100 162 37 Madrid.
1419 4100 81 34 The
1534 4098 183 43 Emperor

396 4161 197 45 raw:rived
612 4160 61 33 the
689 4159 154 41 evening
859 4156 34 33 in
921 4153 269 43 reconnoitring
1207 4152 63 33 the
1286 4154 113 32 town,
1426 4147 69 34 and
1513 4146 167 40 deciding
1695 4153 19 22 a

403 4214 87 44 plati
510 4211 41 33 of
565 4208 143 40 attack,
720 4206 194 37 consistent
935 4202 90 34 with
1046 4200 57 34 the
1122 4198 156 37 cousidet
1290 4196 98 34 mita'
1403 4194 67 34 due
1492 4201 35 26 to
1546 4193 58 34 the
1618 4194 100 41 great

402 4263 150 34 saintlier
570 4257 40 34 of
635 4258 123 32 honest
777 4253 136 46 people
932 4253 33 32 all
976 4263 21 21 N
1009 4260 61 35 a;s
1093 4256 35 26 ta
1147 4250 44 31 be
1209 4245 105 34 found
1348 4245 34 32 in
1398 4254 20 21 a
1439 4247 98 39 great
1563 4239 155 46 capital.

1727 43 64 20 :Wh:c+
1805 50 51 13 t.r~..

1220 177 141 52 TIIE
1398 158 370 74 NATIONAL
1804 181 373 51 REGISTER.

1776 312 56 33 To
1852 313 89 32 take
1961 313 146 34 Madrid
2126 314 50 41 by
2193 313 269 43 assaultagekt
2476 312 4 45 -
2491 313 268 44 be.a.asilltary
2776 314 195 43 operation
2996 318 46 32 of

1728 358 94 33 little
1837 359 177 45 difficulty
2031 372 12 26 ;
2070 360 64 34 but
2169 367 35 25 to
2231 371 137 32 eogage
2387 361 73 32 that
2480 367 104 38 great
2610 360 72 37 city
2706 370 35 22 to
2759 360 201 40 surrender,
2987 363 51 47 by

1726 407 210 43 employing
1949 409 220 43 alternately
2189 405 99 35 force
2311 407 70 34 aed
2402 407 221 43 persuasion.
2643 409 66 32 and
2730 409 46 31 hr
2797 409 161 41 rescuing
2974 410 65 34 the

1728 454 133 43 people
1879 455 43 32 of
1943 461 156 38 property
2099 461 19 38 -
2118 461 20 38 ,
2169 455 65 33 and
2265 455 76 33 real
2370 456 96 41 good
2500 464 94 30 men,
2619 452 92 35 frmn
2743 455 59 33 the
2828 459 215 40 oppression

1729 500 110 33 under
1856 501 117 33 which
2006 502 85 43 they
2109 501 159 45 premed
2287 514 9 20 ;
2326 501 73 33 this
2424 513 21 21 V%
2456 513 37 22 a::
2525 511 28 20 t.
2563 502 58 32 lidt
2646 513 26 19 W
2680 513 37 21 :is
2735 502 110 40 trails
2871 503 164 37 oittiratt..

1736 546 56 33 All
1812 546 61 34 the
1887 548 183 33 exertions
2096 548 44 33 of
2161 549 58 33 the
2252 548 196 43 Emperor,
2476 549 130 39 during
2634 548 97 33 these
2751 555 74 27 two
2844 547 100 46 days,
2970 550 70 37 bad

1731 604 41 21 en
1806 594 109 33 other
1946 595 81 34 end.
2080 595 105 44 They
2216 595 98 34 .have
2350 595 89 33 been
2464 595 170 34 crowned
2668 593 90 35 with
2793 594 60 34 the
2887 607 158 33 greatest

1727 650 151 25 *access.
3019 670 6 2 _

1778 687 51 32 At
1845 698 105 24 seven
1967 689 143 35 o'clock
2131 687 61 35 the
2207 687 157 35 division
2383 687 138 46 Lap;ssi
2541 687 45 35 of
2598 690 59 33 the
2669 699 106 33 corps
2793 690 44 33 of
2851 690 60 34 the
2931 692 112 38 Duke

1733 733 41 33 of
1800 733 156 35 Belluno
1989 736 159 34 arrived.
2204 737 80 32 The
2313 746 107 22 moon
2437 738 109 31 shone
2574 738 90 32 with
2683 749 20 20 a
2740 739 72 39 :cri
2812 739 18 39 s
2830 739 109 39 otness
2965 742 78 33 that

1734 782 137 32 seemed
1891 789 35 26 to
1955 784 152 43 prolong
2125 782 61 34 the
2202 783 86 44 day.
2343 783 77 32 The
2443 782 180 45 Emperor
2639 784 150 32 ordered
2809 784 60 32 the
2888 787 155 35 General

1736 827 39 33 of
1795 828 158 45 Brigade
1972 830 138 34 Maison
2127 836 35 28 to
2181 833 86 32 take
2283 829 197 44 possession
2498 829 44 32 of
2554 830 60 33 the
2627 831 168 39 suburbs,
2807 833 67 31 and
2885 833 158 44 charged

1737 875 59 33 the
1815 875 154 35 General
1983 876 44 34 of
2062 878 155 40 Brigade
2241 876 190 34 Lauriston
2448 883 37 28 to
2512 883 157 37 support
2704 878 71 33 him
2796 879 34 32 in
2851 881 58 32 tae
2926 887 100 28 enter-

1737 921 123 45 prize,
1889 924 86 34 with
1993 925 83 33 four
2089 925 120 44 pieces
2225 925 44 32 of
2277 924 169 43 artillery
2465 925 190 40 belougieg
2670 932 33 26 to
2722 925 59 32 the
2797 926 148 41 guards.

1781 970 81 33 The
1887 971 110 45 slurp
2014 971 165 33 shooters
2204 971 41 33 of
2267 971 65 33 the
2344 966 98 38 .16th
2473 973 170 38 reginceol
2665 972 86 32 took
2781 976 196 41 possesion
3006 974 44 35 of

1737 1026 94 22 some
1851 1017 142 40 houses,
2017 1017 83 40 and,
2130 1019 33 32 in
2183 1018 219 45 particular,
2425 1017 43 33 of
2481 1017 57 33 the
2555 1018 112 43 grand
2686 1023 174 39 cemetry.
2916 1022 46 32 At
2982 1024 61 33 the

1731 1062 80 44 first
1830 1062 81 41 fire,
1929 1065 61 35 the
2002 1075 124 24 enemy
2143 1067 143 32 sheaved
2302 1076 39 21 as
2355 1064 102 34 much
2473 1075 72 21 row
2556 1065 122 32 ardicc
2695 1075 37 24 as
2750 1065 44 32 he
2807 1067 60 32 did
2887 1068 39 33 of
2939 1080 85 24 arro-

1737 1121 107 31 gance
1859 1110 50 34 all
1925 1113 59 33 the
1994 1114 85 41 day.
2132 1113 79 33 The
2233 1111 107 34 fluke
2357 1110 43 34 of
2421 1109 150 37 Benumb
2581 1113 194 43 employed
2794 1114 50 33 all
2867 1116 59 31 the
2942 1117 104 43 night

1741 1157 32 32 in
1794 1157 146 44 placing
1959 1160 52 32 his
2028 1160 168 44 artillery
2216 1160 33 33 in
2268 1159 63 33 the
2349 1167 96 35 posts
2460 1160 165 41 designed
2647 1160 57 32 for
2722 1160 60 33 the
2800 1166 139 31 Road:.
2992 1166 54 32 At

1740 1205 177 43 midnight
1948 1207 63 32 the
2039 1206 130 34 Prince
2194 1206 41 33 of
2267 1205 217 41 Neufchatel
2507 1212 77 26 sent
2610 1215 39 22 to
2670 1206 143 34 Aladtid
2838 1219 22 24 a
2890 1212 155 40 Spanish

1744 1251 207 34 Lieutenant
1971 1253 148 35 Colonel
2148 1251 43 35 of
2207 1253 194 43 Artillery,
2431 1252 79 32 who
2531 1252 67 34 had
2620 1253 87 32 been
2727 1254 110 33 taken
2855 1263 35 27 at
2919 1260 126 31 Sono,-

1742 1299 128 38 sierra,
1897 1299 66 33 and
1985 1300 83 33 who
2085 1310 77 24 saw
2183 1299 86 34 with
2301 1298 149 44 al'right
2469 1302 59 28 the
2546 1300 189 43 obstinacy
2756 1300 39 33 of
2824 1303 51 33 his
2901 1304 126 34 fellow-

1742 1345 165 38 citizens.
1959 1346 60 35 He
2049 1349 92 33 took
2159 1348 130 45 charge
2306 1346 45 34 of
2376 1348 58 32 the
2458 1342 164 39 nunexed
2649 1346 135 40 Letter,
2810 1349 14 39 :
2824 1349 14 39 I
2838 1349 46 39 NN.
2906 1351 31 33 1.
2991 1355 58 33 On

1728 1393 74 33 'the
1828 1395 60 38 Scl,
1913 1400 38 28 at
1978 1395 80 33 nine
2078 1395 34 32 in
2132 1395 63 32 the
2211 1395 178 40 morning,
2417 1394 59 33 the
2489 1403 99 22 same
2606 1393 74 43 slag,;
2704 1394 41 33 of
2761 1401 100 30 truce
2880 1402 167 32 returned

1744 1447 37 26 to
1796 1440 61 33 the
1876 1441 279 44 head-quarters
2171 1441 89 34 with
2281 1440 64 33 the
2365 1440 103 33 letter
2487 1440 70 35 No.
2576 1441 35 33 '2.
2667 1440 69 33 13ut
2756 1440 61 35 the
2836 1444 151 35 General
3009 1447 46 37 of

1748 1486 159 45 Brigade
1945 1488 209 40 Lenamont,
2189 1498 43 22 an
2268 1483 118 38 Officer
2386 1483 18 38 .
2432 1486 43 33 of
2497 1493 107 39 great
2635 1488 120 38 merit,
2793 1488 71 35 had
2894 1493 155 46 airendy

1744 1533 129 44 placed
1893 1535 47 34 30
1959 1537 118 41 pieces
2094 1534 44 33 of
2159 1534 189 45 artillery,
2373 1534 69 33 and
2461 1535 69 31 had
2551 1534 224 34 commenced
2794 1547 21 21 a
2836 1547 83 35 very
2939 1550 112 26 smart

1746 1581 79 40 fire,
1856 1584 118 33 which
1997 1578 102 38 made
2117 1592 22 24 a
2169 1583 131 33 breach
2333 1581 37 32 in
2400 1581 58 31 the
2486 1581 104 33 walls
2619 1581 41 32 of
2683 1579 60 35 the
2779 1583 139 37 itetiro.
2970 1590 81 32 The

1744 1630 294 45 sharp-shooters
2065 1630 43 32 of
2134 1628 65 43 the
2229 1628 162 34 division
2422 1626 43 33 of
2494 1628 146 33 Vilatte
2674 1629 131 44 having
2841 1635 122 40 passed
2993 1639 61 30 the

1747 1676 150 41 breach,
1924 1677 94 32 their
2043 1675 180 35 battalion
2241 1675 176 33 followed
2437 1674 111 40 them,
2575 1675 70 33 and
2667 1675 34 33 in
2718 1676 67 33 less
2802 1678 84 41 than
2904 1690 20 22 a
2942 1693 90 33 quar-

1744 1728 57 33 ter
1824 1722 44 34 of
1911 1734 44 24 an
1983 1724 90 33 hour
2104 1723 93 33 1000
2226 1733 94 27 men,
2361 1722 81 32 oho
2473 1721 172 33 defended
2681 1721 63 34 the
2777 1722 145 46 Retina
2963 1740 97 27 were

1748 1770 167 35 knocked
1948 1782 45 24 on
2022 1772 60 33 the
2101 1770 240 33 head.The
2368 1770 126 41 palace
2513 1767 45 33 of
2583 1768 61 34 the
2668 1767 149 45 actin),
2842 1772 58 34 the
2920 1774 54 45 ha
2974 1774 27 45 w

1748 1824 74 27 tant
1843 1822 97 40 posts
1955 1818 44 34 of
2023 1818 60 35 the
2105 1819 269 41 Ohservatory,
2401 1815 41 34 of
2463 1815 60 33 the
2552 1817 209 43 porcelain
2789 1820 268 44 otantcactors,

1748 1865 40 33 of
1801 1865 60 35 the
1879 1865 111 43 grand
2010 1865 172 40 barrack,
2212 1864 59 33 the
2293 1863 109 34 Hotel
2418 1863 43 34 of
2476 1864 148 39 Medina
2637 1859 94 47 Cell,
2750 1865 69 34 and
2836 1867 50 32 all
2907 1870 58 33 the
2979 1879 61 25 out-

1747 1913 66 33 lets
1843 1913 118 34 which
1993 1912 70 34 had
2091 1915 90 31 been
2205 1910 180 40 fortified,
2412 1920 92 22 were
2533 1909 111 35 taken
2665 1912 45 43 by
2728 1923 66 24 our
2813 1919 136 38 troops.
3002 1920 58 32 041

1747 1959 156 35 another
1930 1962 92 38 side,
2046 1961 48 34 20
2125 1959 117 43 pieces
2259 1957 43 33 of
2327 1968 135 25 cannou
2481 1957 43 31 of
2549 1957 223 47 tlieguards,
2799 1965 260 43 aceompaeied

1749 2008 47 40 by
1815 2008 94 44 light
1923 2008 142 43 troops,
2094 2008 115 32 ,brew
2224 2004 128 43 shells,
2375 2004 67 43 and
2459 2001 187 50 attracted
2666 2004 59 44 the
2740 2009 178 32 attention
2935 2010 44 34 of
2999 2014 63 33 the

1748 2065 126 25 enemy
1891 2056 46 43 by
1954 2067 21 22 a
1991 2054 89 34 false
2093 2054 142 50 atttvl.

1847 2101 34 35 It
1904 2102 119 33 would
2044 2101 92 33 have
2156 2102 87 32 been
2258 2099 37 37 di
2302 2099 33 34 ffi
2337 2099 72 34 cult
2430 2104 34 30 to
2483 2096 98 35 form
2596 2109 22 26 a
2634 2101 214 44 conception
2867 2102 41 34 of
2919 2106 58 33 the
2989 2106 72 38 di--

1752 2148 107 33 order
1877 2150 78 34 that
1970 2148 144 45 reigned
2135 2148 33 33 in
2189 2138 163 50 Madrid,
2378 2145 33 35 if
2421 2158 21 21 a
2474 2153 145 37 greater
2650 2148 148 33 number
2815 2150 43 32 of
2869 2152 193 43 prisoners.

1752 2197 163 44 arriving
1933 2198 33 32 in
1983 2197 221 39 succession,.
2225 2194 70 38 had
2327 2199 61 28 not
2406 2193 104 44 given
2530 2203 45 22 an
2593 2200 152 28 account
2760 2194 43 33 of
2816 2197 59 33 the
2897 2197 164 44 frightful

1752 2254 118 24 scenes
1890 2244 43 32 of
1945 2252 110 34 every
2075 2243 239 44 description,
2340 2241 44 34 of
2399 2241 119 33 which
2544 2242 81 33 that
2642 2242 135 44 capital
2796 2245 182 41 prese:ned
3002 2250 59 34 the

1752 2293 195 41 spectacle.
2000 2290 104 44 They
2138 2290 91 34 have
2249 2289 144 32 intersec
2406 2288 56 32 teat
2490 2288 59 32 the
2567 2295 142 32 streets,
2733 2293 137 31 erected
2894 2302 171 32 paravis

1752 2349 45 21 on
1817 2337 63 33 the
1906 2339 124 33 houses
2047 2349 11 26 ;
2086 2337 208 34 barricades
2311 2334 43 33 of
2368 2335 97 32 hales
2484 2333 44 34 of
2555 2335 113 39 wool,
2693 2335 65 33 and
2778 2335 41 32 of
2832 2346 133 32 ..atoa,
2995 2343 69 32 icaj

1755 2386 90 33 been
1876 2385 155 40 formed,
2055 2385 67 33 and
2153 2385 59 32 the
2244 2382 120 47 wit:do
2385 2393 37 21 is
2454 2380 67 33 had
2550 2381 91 33 been
2668 2374 152 51 stoisped
2857 2386 85 31 with
2978 2396 89 21 Iti..?-

1755 2439 141 28 trasses.
1946 2432 120 33 Those
2086 2431 44 33 of
2143 2432 59 32 the
2222 2432 223 32 inhabitants
2461 2428 85 31 who
2572 2428 189 44 despaired
2779 2431 43 32 ol
2844 2443 22 21 a
2880 2434 188 35 successial

1757 2479 189 34 resistance
1968 2489 94 24 were
2078 2479 117 43 flying
2211 2477 74 33 into
2306 2477 61 33 the
2386 2474 125 43 fields;
2530 2476 141 41 others,
2691 2477 84 33 who
2793 2477 67 33 had
2882 2487 135 34 reser..
3028 2483 41 32 ed

1754 2537 98 24 some
1865 2528 106 34 share
1985 2526 44 33 of
2044 2537 137 27 reason,
2210 2525 69 33 and
2297 2525 81 32 who
2401 2522 184 46 preferred
2611 2523 206 45 appearing
2839 2524 33 34 in
2893 2526 57 31 the
2978 2528 96 34 aidst

1756 2572 41 33 of
1813 2575 96 33 their
1930 2580 177 39 prorrty
2125 2571 129 34 before
2271 2583 24 21 a
2310 2581 176 34 generoas
2506 2580 145 33 (witty,
2679 2577 35 26 to
2731 2571 231 45 abandoning
2991 2575 26 33 it
3035 2584 37 26 to

1757 2622 59 32 the
1835 2622 141 44 pillage
1997 2620 44 34 of
2053 2621 100 33 their
2174 2620 124 33 fellow
2323 2619 168 39 citi:xas,
2519 2616 198 35 dem:coded
2738 2620 81 33 that
2839 2620 83 43 they
2946 2621 129 35 should

1756 2675 60 26 not
1837 2679 138 33 expose
1993 2668 216 32 themselves
2225 2672 35 27 to
2280 2676 46 22 an
2347 2667 148 32 assault.
2549 2665 122 34 Those
2692 2665 83 34 who
2789 2675 97 24 were
2900 2673 177 39 strangers

1755 2720 38 28 to
1809 2715 60 35 the
1885 2720 115 37 town,
2029 2725 41 24 or
2091 2717 85 32 who
2192 2713 67 34 had
2287 2713 154 44 Nothing
2459 2719 35 25 to
2513 2712 92 39 lose,
2636 2722 93 22 were
2748 2712 98 39 fors
2862 2714 149 35 defence
3039 2720 37 31 to

1757 2763 59 34 the
1835 2764 72 38 last
1920 2763 215 43 extremity.
2158 2760 151 37 accused
2331 2760 59 34 the
2412 2767 124 37 troops
2554 2760 45 32 of
2611 2759 64 45 the
2691 2760 71 34 line
2777 2759 45 37 of
2833 2765 157 40 treason,
3009 2764 69 48 attsl

1756 2810 145 44 obliged
1920 2811 98 32 them
2035 2816 38 27 to
2091 2810 169 33 continue
2280 2807 98 34 their
2395 2807 77 33 fire.

1826 2858 83 34 The
1935 2868 130 33 enemy
2095 2856 69 34 had
2197 2868 41 21 as(
2324 2854 85 34 than
2441 2852 66 35 100
2535 2855 122 43 pieces
2687 2852 46 35 of
2760 2864 138 26 caution
2939 2862 143 31 mount-

2220 2867 78 22 lore
2326 2883 6 5 .

1757 2904 117 35 ela
1907 2914 99 25 more
2050 2902 253 37 considerable
2344 2902 150 33 number
2526 2901 72 33 had
2631 2902 87 32 been
2750 2901 77 46 dug
2865 2914 64 34 up,
2968 2906 113 34 taken

1759 2956 63 30 out
1853 2952 43 34 of
1917 2950 145 40 cellars,
2087 2952 70 33 and
2190 2952 96 33 fixed
2319 2960 98 33 upon
2448 2956 111 30 carts,
2588 2959 24 22 a
2640 2955 195 38 grotesque
2865 2953 112 40 train,
3009 2954 71 34 and

1762 3000 34 33 in
1813 2999 106 34 itself
1930 2994 175 40 sufficient
2124 3005 38 27 to
2181 3007 111 35 prove
2310 2999 61 32 the
2388 2995 161 34 madne,s
2567 2993 43 35 of
2621 3006 24 22 a
2665 2995 133 44 people
2811 2996 215 37 ahandufsed
3046 3008 37 25 to

1761 3045 115 37 itself.
1929 3045 74 35 But
2019 3046 50 33 all
2098 3056 120 24 mewls
2249 3044 44 34 of
2326 3043 146 35 defence
2503 3052 97 24 were
2627 3045 150 32 become
2806 3045 143 39 useless.
3004 3046 80 37 The

1753 3104 19 41 :
1772 3104 190 41 possessors
1980 3093 43 34 of
2034 3093 135 34 Retiro
2185 3104 59 21 are
2262 3091 146 44 always
2435 3096 149 28 masters
2610 3090 41 33 of
2680 3090 161 35 Madrid.
2893 3092 80 37 The
3001 3093 57 37 Em-

1765 3152 111 33 peror
1907 3141 90 39 took
2027 3141 51 33 all
2114 3141 159 44 possible
2298 3149 84 24 care
2415 3143 34 28 to
2469 3143 152 39 prevent
2639 3137 64 33 the
2718 3143 130 39 troops
2862 3138 94 37 from
2973 3142 113 46 going

1761 3188 99 39 from
1879 3188 109 33 house
2019 3193 38 28 to
2076 3187 125 34 house.
2251 3187 87 37 The.
2350 3184 76 44 city
2448 3195 71 24 was
2541 3188 123 31 ruined
2686 3183 33 35 if
2732 3195 106 34 many
2858 3193 109 40 troop
3011 3189 73 34 had

1763 3236 91 35 been
1870 3235 214 45 employed.
2138 3234 96 44 Only
2251 3242 111 25 some.
2374 3231 211 44 companies
2613 3231 44 33 of
2687 3233 110 44 sharp
2828 3234 165 35 shooters
3022 3236 45 34 ad-

1765 3283 150 41 vanced,
1933 3281 70 35 and
2021 3281 63 34 the
2104 3282 181 43 Emperor
2300 3291 58 25 cons
2369 3280 135 43 atantly
2522 3279 144 33 refu-ed
2693 3286 37 27 to
2759 3280 85 34 send
2869 3292 71 35 any
2960 3288 38 28 to
3012 3293 58 26 sus-

1765 3332 77 34 tain
1859 3331 112 45 them.
2023 3328 51 35 At
2104 3330 37 34 11
2161 3330 143 35 o'clock
2333 3327 63 33 the
2425 3326 132 35 Prince
2576 3325 43 34 of
2633 3326 223 35 Neufchatel
2885 3335 116 27 wrote
3028 3331 63 34 the

1763 3378 165 34 annexed
1948 3379 125 38 letter,
2104 3376 76 35 No.
2198 3373 164 37 3.His
2380 3372 158 47 Majesty
2557 3379 40 28 at
2628 3373 63 34 the
2707 3383 98 26 saran
2835 3376 76 34 lute
2931 3377 161 38 ordered

1765 3426 63 34 the
1845 3425 64 34 fire
1928 3435 35 24 to
1982 3435 102 22 cease
2098 3436 46 21 on
2161 3423 50 33 all
2230 3423 133 45 points.

1814 3474 50 33 At
1883 3472 71 33 five
1972 3471 144 35 o'clock
2148 3470 150 35 General
2324 3469 135 39 Morla,
2486 3478 70 24 one
2589 3467 45 34 of
2661 3469 61 33 the
2753 3469 185 34 Members
2962 3470 46 33 of
3030 3470 63 39 the

1770 3520 170 44 Military
1961 3520 131 37 Junta,
2109 3519 70 34 and
2197 3519 81 35 Don
2303 3516 185 34 Bernardo
2506 3515 174 40 Yriarte,
2709 3522 59 27 etit
2783 3517 91 32 from
2895 3520 58 31 the
2972 3523 118 37 town,

1770 3567 228 45 repairedto
2016 3567 59 32 the
2089 3572 72 27 tent
2181 3565 44 34 of
2239 3566 60 33 the
2321 3562 318 47 Major-General.
2691 3565 107 46 They
2817 3565 180 34 informed
3018 3568 74 32 him

1769 3613 80 34 that
1870 3614 60 32 the
1959 3620 86 27 most
2069 3613 203 44 intelligent
2306 3620 144 35 rrsous
2469 3620 99 24 were
2584 3609 44 34 of
2641 3612 151 43 opinion
2811 3613 81 32 that
2910 3613 60 32 the
2991 3619 100 28 town

1773 3671 74 25 was
1864 3659 174 37 destitute
2054 3659 43 34 of
2113 3670 197 27 resources,
2337 3658 66 32 and
2430 3658 79 32 that
2529 3657 65 33 the
2611 3658 253 34 continuation
2885 3659 43 33 of
2949 3660 64 33 the
3030 3661 43 34 de-

1770 3707 105 35 fence
1891 3707 120 34 would
2031 3709 43 33 be
2092 3707 63 33 the
2174 3707 123 41 hei4ht
2315 3704 43 34 of
2370 3705 174 38 madness,
2562 3706 64 33 but
2644 3705 80 34 that
2745 3707 65 33 the
2828 3707 117 33 lower
2965 3709 130 34 orders

1770 3755 45 35 of
1838 3755 63 35 the
1918 3756 228 32 inhabitants
2174 3754 67 34 and
2269 3755 64 31 the
2357 3750 201 46 foreigners
2581 3757 43 28 at
2655 3754 165 41 Madrid,
2854 3764 93 24 were
2970 3756 104 33 deter-

1774 3803 118 34 mined
1911 3808 37 27 to
1969 3811 193 35 persevere
2181 3803 32 31 in
2230 3801 63 33 the
2311 3797 159 37 defence.
2526 3798 196 45 Believing
2751 3803 84 31 that
2862 3801 87 46 they
2985 3801 110 34 could

1770 3854 66 32 nit
1858 3850 47 32 do
1925 3850 25 32 it
1971 3848 92 35 with
2082 3849 119 44 effect,
2229 3847 87 46 they
2335 3846 188 45 requested
2549 3856 24 24 a
2602 3856 113 37 pause
2731 3847 45 35 of
2796 3859 25 24 a
2839 3848 69 34 few
2930 3848 111 34 hours
3059 3854 39 31 it)

1775 3898 133 34 inform
1926 3896 61 33 the
2009 3896 133 45 people
2161 3899 41 31 of
2217 3896 59 32 the
2306 3895 74 33 real
2398 3899 93 27 state
2517 3893 45 34 of
2585 3894 139 34 affairs.
2777 3895 80 33 The
2878 3895 193 45 Major-Ge-

1774 3945 102 34 neral
1906 3946 190 43 presented
2125 3945 63 32 the
2216 3943 182 45 Depties
2415 3947 35 27 to
2481 3944 65 32 the
2574 3943 182 44 Emperor
2772 3943 72 34 and
2863 3943 117 46 King,
3011 3943 85 34 who

1773 3991 194 38 addressed
1981 3991 96 33 them
2095 3990 81 34 thus
2301 3990 92 34 You
2414 3990 106 33 make
2541 3999 61 24 use
2619 3989 45 33 of
2676 3991 61 32 the
2754 3999 107 24 name
2874 3987 44 37 of
2927 3992 64 32 the
3009 4000 67 35 peo-

1779 4041 61 47 ple
1857 4046 38 26 to
1913 4049 45 24 no
1989 4049 185 34 purpose;
2202 4037 31 34 if
2255 4046 77 35 you
2360 4043 129 26 cannot
2513 4043 141 26 restore
2680 4036 237 45 tranquillity
2934 4038 72 33 and
3031 4048 47 35 ap-

1779 4096 110 38 pease
1903 4085 100 34 their
2022 4087 130 40 minds,
2184 4087 27 33 it
2236 4087 27 33 is
2293 4087 155 31 because
2476 4095 73 33 you
2583 4083 93 34 have
2691 4083 155 35 excited
2862 4084 97 34 them
2982 4090 41 31 to
3041 4091 41 28 re-

1778 4135 77 35 volt
1869 4147 12 28 ;
1910 4143 71 33 you
2013 4134 93 33 have
2122 4133 150 34 seduced
2293 4131 98 35 them
2419 4130 47 44 by
2489 4130 249 44 propagating
2753 4130 224 35 falsehoods.
3031 4130 71 38 As.

1744 4187 7 45 [
1776 4182 141 37 B.mble
1933 4180 64 34 the
2017 4180 152 45 Clergy,
2196 4181 61 31 the
2275 4179 112 33 heads
2405 4176 41 34 of
2459 4180 61 32 the
2539 4179 196 39 Convents,
2756 4179 64 33 the
2839 4179 174 39 Alcades,
3037 4179 65 34 the

1780 4243 77 25 fuer.
1911 4227 8 7 '
1935 4235 177 39 property
2140 4225 67 41 aod
2237 4225 189 37 inil-Agile.o,
2452 4226 66 32 Aiiii
2539 4225 51 33 let
2623 4225 59 33 the
2707 4230 100 31 town
2828 4227 206 44 capiulat2
3056 4230 45 45 by

3237 3148 17 28 k

79 905 5 8 1

3200 106 13 12 '1
