3307 4406
1124 100 148 57 THE
1309 93 381 56 NATIONAL
1728 91 384 56 REGISTER.

231 106 61 50 14

234 242 144 52 highly
403 241 185 48 finished,
619 243 78 39 and
719 241 69 40 the
817 241 120 38 other
969 240 76 40 but
1062 239 146 54 faintly
1230 239 81 39 bud
1339 234 240 57 irregularl3

240 296 214 39 sketched.

378 357 216 53 Tlfursday
617 352 78 44 last
711 356 94 39 Miss
828 357 155 38 Norton
999 356 66 40 for
1082 356 70 39 the
1165 356 87 39 first
1271 356 100 39 time
1385 356 201 51 appeared

240 418 41 34 as
301 415 112 35 .Jane
430 412 135 40 Shore,
596 411 79 37 and
697 412 96 35 Mrs.
819 413 226 35 Beaumont
1059 422 45 26 as
1127 410 145 39 Alicia.
1329 407 85 39 The
1435 407 163 39 former.

243 477 197 41 possesses
459 463 51 40 ail
531 465 71 38 the
622 462 209 53 requisites
849 461 65 39 for
935 464 70 39 her
1026 462 300 54 part--;:;enies,

1350 461 236 53 .jedgmeat,

246 519 151 52 youth,
428 531 22 25 a
470 519 79 38 fine
565 516 130 45 voice,
724 528 48 26 an
802 519 244 48 expressive,
1077 516 78 38 and
1170 508 226 47 handsome
1417 520 146 35 counte-

244 583 148 33 nance,
425 583 48 26 an
493 570 233 52 impressive
741 570 77 37 and
826 569 208 48 judicious
1054 569 150 40 action.
1254 569 86 40 The
1363 568 118 39 latter
1501 568 85 41 als„

248 625 144 38 claiina
423 637 109 26 some
559 622 118 39 share
715 622 46 39 of
788 622 178 48 original
998 622 157 52 genius,
1185 635 50 26 an
1257 622 190 50 unerring
1461 622 100 48 judg-

248 681 128 41 ment,
391 689 22 26 a
432 684 85 31 true
531 676 241 52 conception
793 674 50 39 of
857 676 72 39 her
948 681 105 46 part,
1075 676 79 39 and
1174 681 115 46 great
1315 674 149 53 feeling
1479 692 12 28 ;
1513 674 71 39 but

244 730 195 40 however
475 729 211 53 ungallant
706 729 69 38 the
793 728 250 40 declaration
1076 742 94 35 may
1191 741 123 31 seem,
1342 728 111 39 truth
1481 741 25 26 fl
1528 737 53 30 its:

246 783 52 39 be
312 782 90 40 sold
416 798 12 28 ;
442 783 65 37 the
521 782 106 39 hand
648 780 48 39 of
705 782 97 38 titne
815 780 74 39 has
900 781 193 39 withered
1111 780 71 40 her
1194 781 158 45 bloom,
1362 781 221 51 sharpetio('

246 836 74 39 her
353 835 129 45 voice,
501 834 77 39 and
595 834 221 39 somewhat
834 833 194 53 impaired
1050 835 71 39 her
1139 848 168 38 powers.
1338 836 84 38 Her
1441 834 145 38 second

244 888 286 52 performance
542 887 51 39 of
606 891 224 40 Belvidera,
850 886 79 39 and
945 887 71 40 her
1033 888 319 52 representation
1372 887 48 39 of
1436 888 151 46 Alicia,

248 940 105 40 have
373 940 165 41 enabled
563 953 43 25 us
635 946 45 33 to
711 938 104 40 form
848 953 24 25 a
896 943 130 47 juster
1045 941 165 51 opinion
1240 941 52 38 of
1315 940 70 40 her
1398 939 187 40 abilities.

248 994 112 52 They
381 1007 66 26 arc
465 992 275 51 undoubtedly
762 999 116 45 great
896 1009 9 26 ;
939 994 69 38 hut
1028 994 181 39 checked
1232 994 50 52 by
1302 994 115 38 those
1434 993 154 40 defects

249 1059 59 26 Nye
327 1046 107 39 have
454 1059 43 26 so
519 1045 120 52 lately
661 1046 249 46 mentioned,
933 1046 77 39 and
1036 1046 130 39 which
1194 1046 152 39 human
1376 1046 204 51 ingennit)

247 1111 76 27 can
343 1098 137 54 partly
498 1097 185 47 conceal,
699 1098 72 40 but
790 1111 125 26 never
935 1098 220 40 eradicate.
1196 1101 84 39 Her
1294 1098 159 52 jealous
1472 1113 117 26 scene

246 1152 99 39 with
369 1154 197 50 Hastings
583 1165 83 26 was
694 1156 69 34 not
793 1152 181 53 ranting,
996 1153 73 39 but
1101 1152 81 39 real
1214 1154 174 50 passion,
1410 1153 90 39 that
1519 1153 45 39 de-

247 1204 109 40 rives
377 1204 52 40 all
451 1204 47 39 its
519 1204 187 53 strength
720 1204 111 39 from
855 1204 69 40 the
945 1219 96 39 very
1061 1206 208 39 weakness
1285 1205 48 40 of
1355 1207 69 38 the
1441 1206 146 39 temalc

244 1271 87 26 sex.
394 1259 83 38 Her
506 1258 184 39 madness
717 1257 66 40 did
813 1261 76 34 not
906 1257 158 52 !consist
1101 1260 38 37 in
1175 1258 217 41 unnatural
1413 1272 176 27 screams

248 1311 78 39 and
348 1315 136 41 starts,
504 1311 78 38 and
604 1309 304 41 windmill-like
926 1310 325 53 gesticulations;
1283 1312 31 40 it
1332 1313 215 38 contained
1569 1328 20 22 a

246 1364 77 39 few
343 1363 157 53 gleams
515 1364 48 39 of
578 1376 158 31 reason,
750 1364 77 38 and
849 1365 139 48 spread
1009 1378 25 25 a
1054 1364 162 40 faithful
1235 1365 79 40 and
1333 1365 253 53 melancholy

241 1417 164 52 picture
422 1416 48 37 of
485 1416 175 53 passion,
679 1417 256 52 triumphant
956 1419 37 38 in
1015 1419 71 39 the
1104 1417 136 40 wreck
1257 1417 51 40 of
1318 1419 66 39 the
1408 1419 125 40 mind.

244 1469 98 40 Miss
364 1470 174 44 Norton,
557 1468 39 39 in
618 1469 53 38 all
692 1469 69 39 her
775 1470 203 52 speeches,
997 1470 38 39 in
1058 1469 54 43 all
1133 1468 72 41 her
1222 1483 149 33 scenes,
1393 1483 79 27 was
1496 1478 94 34 true

236 1527 50 34 to
306 1528 148 34 nature
469 1521 76 40 and
563 1526 46 34 to
627 1520 164 54 feeling.
849 1522 89 39 The
956 1522 97 40 mild
1068 1522 175 53 dignity,
1263 1524 191 39 rendered
1476 1537 115 28 more

243 1576 194 52 affecting
467 1576 48 52 by
548 1574 73 39 her
648 1573 308 56 self-contempt
989 1577 78 40 and
1097 1576 260 47 humliation,
1385 1577 115 40 when
1519 1578 70 39 she

241 1628 135 40 re4ists
406 1631 112 37 Lord
535 1628 208 48 Hastings'
764 1628 161 52 passion
940 1646 11 26 ;
983 1629 72 40 her
1072 1629 117 53 spirit
1206 1630 183 44 bursting
1407 1630 180 51 through

243 1680 52 39 all
317 1682 72 38 the
407 1680 317 39 considerations
754 1680 48 39 of
830 1683 220 50 prudence,
1072 1682 113 40 when
1215 1683 71 39 she
1318 1682 165 41 defends
1519 1684 70 38 the

242 1747 122 26 cause
383 1733 51 40 of
455 1733 67 39 the
541 1731 135 40 infant
691 1731 128 53 king;
854 1734 72 39 her
953 1735 104 39 calm
1093 1736 249 51 resignaVon
1372 1736 112 38 when
1518 1736 73 40 her

240 1793 194 33 sentence
452 1787 30 38 is
510 1786 285 51 pronounced;
830 1789 79 39 and
928 1788 77 45 the,
1032 1789 169 39 fervonr
1231 1788 97 40 with
1359 1787 128 41 which
1519 1789 67 40 shc

244 1841 204 38 addresses
469 1841 183 44 Heaven,
672 1838 133 41 whilst
837 1839 71 41 she
934 1840 307 53 acknowledges
1269 1841 72 40 the
1363 1843 154 50 justice
1528 1838 1 56 •
1543 1844 50 38 of:

242 1892 74 41 her
335 1892 143 46 doom,
496 1905 103 27 were
612 1904 206 41 passages,
839 1893 39 39 in
899 1894 73 39 her
990 1893 299 53 performance,
1304 1894 128 39 which
1453 1900 135 46 stamp

241 1946 76 39 her
337 1959 25 26 a
383 1945 154 51 worthy
557 1959 222 33 successor,
798 1946 180 53 though,
999 1962 43 25 as
1068 1952 85 48 yet,
1170 1946 65 39 far
1260 1946 106 40 from
1383 1961 48 25 an
1452 1948 136 53 equal,

239 2006 51 33 to
328 2004 72 33 the
436 2000 151 39 British
620 2000 267 47 Melpomene.
944 2003 45 35 In
1028 2001 72 40 her
1129 2000 197 41 famished
1354 2014 132 33 scene,
1517 2002 72 39 her

240 2052 115 53 grief
369 2052 69 39 did
467 2056 69 34 not
569 2065 159 26 assume
748 2052 70 39 the
840 2053 182 40 wildness
1041 2053 52 40 of
1119 2052 184 53 ranting,
1328 2054 157 52 though
1519 2068 65 26 ex.

240 2107 138 52 Airing
410 2105 176 54 despair,
622 2105 74 38 hut
729 2104 154 53 always
915 2107 213 52 preserved
1157 2107 70 39 the
1259 2119 110 27 same
1395 2107 193 54 dignified

242 2160 217 38 character
485 2157 50 39 of
560 2157 107 39 cairn
702 2159 265 50 resignation,
996 2159 38 38 in
1067 2160 70 38 the
1162 2159 119 40 midst
1309 2159 51 40 of
1376 2161 214 50 sufferings

239 2212 72 39 the
332 2217 107 33 most
451 2215 133 41 acute,
607 2210 69 39 the
690 2223 124 41 pangs
834 2211 50 38 of
896 2212 175 51 rejected
1085 2212 236 54 friendship,
1338 2212 79 40 still
1429 2225 161 28 severer

242 2265 97 38 than
363 2270 117 32 those
498 2263 47 38 of
560 2263 224 53 devouring
806 2263 165 40 famine.

298 2317 65 40 All
383 2317 67 39 the
471 2316 105 39 male
596 2322 111 46 parts
728 2319 37 38 in
785 2317 80 38 this
886 2319 168 52 tragedy
1068 2331 71 26 are
1155 2319 170 40 inferior
1344 2324 43 33 to
1406 2319 116 39 those
1543 2319 48 39 of

244 2370 109 39 Jane
374 2370 119 39 .‘:,'hore
508 2369 76 39 and
785 2372 79 38 and
883 2370 52 39 do
957 2378 71 33 not
1048 2383 105 39 open
1173 2385 24 25 a
1217 2373 102 38 wide
1339 2370 89 40 field
1452 2378 43 32 to
1517 2370 71 40 the

243 2422 210 39 exertions
480 2422 48 38 of
557 2422 159 52 genius.
776 2426 81 37 Mr.
898 2426 44 37 C.
967 2424 187 45 Kemble,
1185 2425 38 38 in
1245 2427 115 38 Lord
1375 2426 210 48 Hastings,

244 2489 83 26 was
347 2490 46 25 as
411 2481 111 46 great
544 2489 44 26 as
607 2476 69 37 the
697 2481 90 45 part
807 2476 135 39 would
961 2477 132 39 allow.
1153 2480 77 35 But
1246 2490 58 26 we
1324 2491 103 25 were
1460 2484 71 31 not
1563 2492 22 22 a

246 2528 109 40 little
373 2529 201 51 surprised
595 2533 43 32 to
656 2541 63 25 see
741 2530 78 37 Mr.
837 2531 184 48 Murray,
1054 2529 37 39 in
1113 2529 71 40 the
1198 2531 123 39 Duke
1335 2533 50 47 of
1393 2532 191 41 Gto'ster,

244 2580 196 52 suddenly
463 2584 102 34 start
580 2584 45 33 to
643 2593 48 25 an
715 2580 171 40 unusual
904 2582 149 53 degree
1068 2582 51 39 of
1134 2582 241 40 excellence.
1434 2585 63 37 He
1517 2583 72 38 has

222 2631 5 56 •
244 2634 156 51 always
436 2633 99 39 been
567 2631 129 53 justly
716 2634 154 38 ranked
904 2647 151 40 among
1088 2635 71 39 the
1194 2636 109 50 good
1325 2634 261 53 performers,

244 2698 56 30 ou
320 2686 139 40 whose
476 2691 178 33 account
692 2691 159 32 neitiwr
873 2687 109 39 fame
1015 2701 79 26 nor
1126 2700 167 27 censure
1333 2688 120 39 strain
1481 2689 106 39 their

244 2739 124 41 voice
385 2756 11 21 :
431 2739 69 38 but
526 2753 52 22 on
596 2741 180 34 Tte:rs.il
788 2754 18 22 v
986 2743 48 37 he
1054 2740 207 54 displayed
1281 2741 204 53 faithfully
1508 2744 78 38 and

246 2791 209 54 spiritedly
480 2792 66 38 the
566 2793 267 38 treacliefous
866 2794 83 38 him
948 2794 17 37 -
965 2794 89 37 loess
1078 2794 78 38 and
1178 2805 128 28 secret
1324 2794 197 39 ambition
1546 2798 38 35 of

246 2846 71 39 the
334 2846 183 51 cunning
555 2845 190 50 Usurper,
776 2846 211 52 especially
1017 2848 37 38 in
1084 2846 72 39 the
1179 2859 118 26 scene
1325 2846 39 39 in
1385 2846 130 39 which
1539 2849 50 40 he

244 2900 99 39 tries
370 2898 345 48 Lordfladings'
736 2898 83 39 real
839 2900 247 39 sentiments.
1144 2902 43 37 In
1208 2898 71 40 the
1294 2900 157 39 council
1472 2914 117 27 scene

244 2953 52 38 he
318 2965 84 26 was
420 2950 83 39 also
537 2950 126 52 really
686 2956 132 47 great,
849 2952 115 39 when
985 2952 94 39 with
1119 2952 292 53 half-bursting
1428 2952 138 41 exulta-

242 3007 89 38 tion
373 3004 53 39 he
444 3004 230 39 thundered
707 3004 59 39 his
798 3005 256 40 accusations
1085 3005 157 53 against
1270 3008 210 47 Hastings,
1509 3007 79 39 and

244 3058 266 56 pronounced
528 3056 61 39 his
608 3060 203 37 sentence.

289 3113 64 37 On
389 3110 180 52 Monday
589 3109 120 52 night
742 3111 70 38 the
831 3111 259 40 Pantomime
1110 3110 50 40 of
1191 3113 202 38 Robinson
1427 3113 162 46 Crusoe,

236 3163 135 43 which
394 3163 80 39 had
494 3168 76 35 not
583 3162 103 39 been
707 3164 117 38 acted
843 3164 66 38 for
943 3178 120 38 many
1081 3176 129 40 years,
1245 3178 81 26 was
1352 3165 164 39 revived
1550 3172 40 33 at

240 3220 137 50 Drury
402 3219 124 44 Lane,
557 3215 98 39 with
673 3221 115 46 great
813 3216 220 53 splendour
1061 3219 51 37 of
1123 3230 180 41 scenery.
1359 3217 87 40 The
1468 3219 122 40 merit

239 3270 136 40 which
415 3270 78 38 this
522 3268 223 52 afterpiece
774 3282 195 39 possesses
999 3283 99 26 over
1139 3276 104 33 most
1287 3270 220 53 spectacles
1545 3274 48 35 of

236 3325 81 39 this
337 3322 119 46 kind,
476 3322 170 39 consists
667 3321 37 38 in
724 3322 70 39 the
817 3322 161 39 interest
1006 3324 47 39 of
1068 3322 71 40 the
1157 3328 126 47 story,
1315 3324 76 39 and
1427 3325 71 39 the
1518 3338 48 26 no-

237 3378 112 52 velty
373 3376 52 40 of
441 3376 52 39 its
506 3376 124 50 being.
652 3373 159 41 divided
840 3376 86 39 into
950 3380 81 34 two
1048 3381 104 34 acts.
1207 3376 89 40 The
1311 3378 86 39 first
1411 3381 65 35 act
1495 3377 33 40 is
1548 3378 50 39 of

237 3443 26 28 a
289 3431 100 40 dum
412 3428 332 40 melo-dramatic
763 3433 151 34 nature
933 3430 74 38 and
1029 3430 184 39 contains
1234 3430 69 39 the
1322 3431 110 38 chief
1443 3445 123 26 occur-

237 3496 144 30 rences
402 3484 91 38 that
527 3481 107 40 thole
657 3481 115 51 place
806 3483 39 37 in
876 3484 183 38 Crusoe's
1081 3481 139 40 island.
1279 3484 86 39 The
1391 3484 146 40 second
1561 3484 31 39 is

239 3537 157 53 merely
429 3534 291 57 pantomimic,
754 3535 79 39 and
865 3534 198 54 although
1098 3536 69 38 the
1186 3548 159 40 scenery
1370 3536 38 39 in
1427 3537 104 40 both
1561 3539 31 38 is

236 3589 229 45 beautiful,
495 3594 70 48 yet
586 3588 30 39 it
633 3593 168 41 cannot,
824 3587 83 40 like
922 3589 66 38 the
1007 3588 229 40 celebrated
1257 3591 163 39 Mother
1436 3591 150 45 Goose,

236 3643 123 44 boast
389 3643 129 40 tricks
536 3640 135 41 whit!)
704 3641 31 39 it
752 3653 129 26 seems
908 3640 148 40 almost
1075 3643 132 37 above
1227 3641 69 39 the
1317 3641 209 53 ingenuity
1548 3644 50 40 of

237 3709 98 30 man
356 3702 47 35 to
424 3694 200 54 perform.
686 3693 214 53 D'Egville
920 3693 38 40 in
981 3694 148 39 Crusle
1157 3694 202 52 displayed
1393 3707 41 26 as
1466 3696 123 41 much

235 3752 126 40 sober
381 3749 115 41 truth
527 3746 51 40 of
604 3746 156 45 action,
788 3746 81 39 and
906 3759 43 26 as
985 3746 122 39 much
1137 3748 231 52 judgment,
1406 3762 43 26 as
1469 3749 40 38 in
1531 3749 60 39 his

233 3804 293 57 performance
546 3801 53 40 of
615 3802 256 38 Caraetacus.
931 3801 79 39 Mr.
1033 3801 191 45 Laurent,
1257 3801 39 38 in
1316 3802 165 50 Friday,
1509 3815 83 28 was

236 3859 99 53 only
354 3855 254 53 a-tumbling
630 3854 146 43 clown,
809 3853 133 40 whilst
961 3853 52 40 he
1046 3853 136 51 ought
1214 3857 43 34 to
1291 3854 104 39 have
1423 3857 165 38 exerted

236 3913 74 41 the
330 3908 189 57 graceful
539 3908 174 51 activity
735 3906 51 39 of
800 3919 25 26 a
843 3919 167 40 savage.
1071 3895 98 50 Mrs.
1189 3906 142 52 Sharp,
1361 3905 118 53 light,
1502 3908 86 53 airy

236 3980 44 27 as
300 3961 137 50 usual,
465 3961 287 43 continued:to
772 3972 132 40 prove
926 3958 154 41 herself
1104 3958 67 39 the
1188 3959 89 39 best
1297 3960 223 40 Columbine
1540 3976 51 25 on

236 4020 73 40 the
324 4024 137 47 stage.
498 4015 220 41 Theithief
739 4012 135 41 defect
894 4012 50 40 of
958 4013 79 39 this
1052 4012 254 52 pantomime
1322 4012 31 38 is
1370 4012 50 40 its
1435 4012 156 54 length.

236 4075 39 40 It
291 4078 94 34 met
398 4069 97 43 with
526 4069 211 53 complete
755 4080 175 32 success,
959 4067 77 39 and
1059 4065 51 53 by
1136 4067 69 38 the
1238 4064 144 40 houses
1402 4067 131 39 which
1564 4069 32 38 it

234 4127 150 48 draws,
402 4136 129 30 seems
548 4121 131 54 likely
697 4127 44 34 to
761 4131 125 41 repay
904 4119 67 40 the
991 4117 206 53 liberality
1214 4117 51 39 of
1274 4119 71 39 the
1364 4131 230 40 managers,

233 4180 137 40 which
391 4181 72 38 has
480 4176 146 57 spared
645 4191 54 26 no
720 4186 178 43 expense
932 4178 44 37 to
1006 4172 146 43 raider
1172 4178 32 34 it
1221 4170 155 56 worthy
1400 4173 47 40 of
1462 4183 26 28 a
1507 4174 87 40 Brie

231 4235 77 53 tish

1698 332 92 35 This
1808 333 197 38 venerable
2023 337 70 35 and
2111 339 194 43 respected
2327 338 208 34 Nobleman
2552 335 86 35 died
2660 348 46 24 on
2728 335 185 47 Sattirday
2937 337 64 37 the

1652 381 85 34 18th
1757 381 70 34 tilt.
1848 384 35 34 in
1906 385 63 34 the
1985 386 90 33 80th
2095 397 89 33 year
2209 385 47 35 of
2271 387 53 33 his
2349 397 87 33 age,
2461 392 40 35 at
2525 384 57 37 his
2603 387 112 32 house
2735 385 33 34 in
2793 386 188 34 licreford-

1670 436 107 34 treet,
1805 432 45 34 of
1860 444 22 22 a
1906 433 169 33 disorder
2104 435 33 32 in
2158 433 63 33 the
2246 433 157 40 bowels,
2432 433 128 34 which
2581 435 37 32 in
2644 444 24 22 a
2683 433 72 34 few
2778 433 91 43 days
2902 443 99 24 coma

1654 478 142 45 pi.tely
1813 481 206 34 exhausted
2039 481 92 34 him.
2184 482 76 34 His
2284 481 184 45 Lordship
2489 482 30 32 is
2546 482 202 34 succeeded
2779 482 35 34 in
2835 481 58 34 his
2916 482 84 33 title

1721 528 54 33 his
1796 529 111 33 eldest
1937 539 81 31 son,
2052 529 93 34 Lord
2166 529 154 35 Hawke
2341 531 109 43 bury.
2510 530 56 43 By
2596 529 57 33 his
2678 530 112 33 death
2810 530 66 33 the
2893 529 107 34 office

1651 576 27 32 ot
1678 576 14 32 .
1710 575 113 35 Clerk
1844 576 45 33 of
1911 579 63 31 the
2011 578 98 33 Yells
2135 578 37 33 in
2194 578 165 39 Ireland,
2386 578 72 32 and
2477 578 194 34 Collector
2688 576 44 33 of
2752 578 63 33 the
2831 579 170 34 Customs

1652 624 154 37 Inward
1824 622 44 35 of
1879 625 61 34 the
1963 624 89 35 Port
2070 625 45 33 of
2132 626 167 38 London,
2322 626 152 33 became
2493 632 145 27 vacant.
2669 624 81 34 The
2769 625 155 39 former,
2944 635 57 22 we

1651 671 161 44 believe,
1843 684 71 22 was
1928 674 112 44 given
2059 674 37 32 in
2125 674 191 33 reversion
2335 674 48 41 by
2417 673 98 34 Lord
2536 673 213 35 Sidenouth,
2776 678 39 28 to
2839 673 57 33 his
2919 683 81 31 son,

1654 719 58 34 :he
1731 720 103 37 Hon.
1848 722 73 35 Mr.
1941 720 228 44 Addington.
2224 720 81 37 The
2330 722 85 33 Earl
2432 719 45 35 of
2493 720 206 45 Liverpool
2718 730 77 25 was
2812 720 60 33 for
2891 731 110 33 many

1650 778 107 33 years
1770 769 187 46 supposed
1980 777 38 26 to
2037 769 45 33 be
2101 769 86 44 high
2220 769 35 35 in
2276 769 63 33 the
2360 769 210 35 confidence
2588 769 45 33 of
2648 768 56 35 his
2722 767 182 46 Majesty,
2930 769 71 33 and

1654 815 52 34 his
1731 817 185 45 thorough
1964 817 227 43 knowledge
2228 817 46 34 of
2302 817 64 34 the
2393 819 235 33 commercial
2663 819 169 32 interests
2867 816 44 33 of
2936 816 65 33 the

1648 870 175 40 country,
1848 865 177 35 rendered
2044 865 73 33 him
2140 865 34 32 in
2193 875 25 24 a
2233 870 107 38 great
2368 865 133 44 degree
2519 865 269 44 distinguished
2820 874 40 24 as
2880 874 24 22 a
2931 874 45 33 po-

1646 911 163 38 litician.
1860 913 80 37 Tits
1959 912 111 37 noble
2083 913 90 35 Earl
2194 913 65 34 has
2272 914 87 32 been
2380 913 60 33 for
2456 914 144 33 several
2648 922 79 22 ears
2744 912 177 34 rendered
2944 912 37 31 in-

1649 963 161 41 capable
1828 961 43 34 of
1891 961 135 43 taking
2043 973 45 21 an
2106 961 126 33 active
2251 966 87 40 part
2357 961 33 33 in
2409 961 126 43 public
2554 960 146 34 affairs.
2752 960 57 34 To
2833 960 64 32 the
2911 959 90 34 last.

1654 1009 189 44 however,
1870 1011 44 33 he
1943 1011 226 33 maintained
2205 1009 183 34 unabate,l
2425 1009 57 33 his
2505 1009 53 33 int
2558 1009 18 33 -
2576 1009 107 33 hinter
2719 1009 35 32 in
2790 1009 61 32 the
2882 1013 119 27 secret

1655 1056 175 37 Councils
1848 1059 43 33 of
1903 1059 63 33 the
1985 1059 105 33 State
2105 1069 12 28 ;
2143 1058 73 33 and
2231 1057 31 34 it
2285 1057 28 33 is
2331 1062 61 30 not
2413 1057 170 43 unlikely
2606 1056 78 33 that
2705 1056 56 34 his
2779 1054 111 35 death
2911 1065 85 33 may

1650 1107 172 33 oceasion
1839 1117 45 25 an
1915 1107 208 44 important
2140 1106 130 39 result.
2322 1104 124 34 There
2483 1104 65 33 has
2577 1106 90 33 been
2689 1116 46 22 no
2764 1103 181 43 example
2965 1103 37 32 in

1664 1154 41 32 Os
1726 1152 195 50 Majesty's
1949 1154 105 44 reign
2083 1152 44 35 of
2137 1165 25 24 a
2179 1156 74 32 rise
2276 1165 39 21 so
2331 1153 307 44 extraordinary,
2667 1153 70 33 and
2760 1152 43 33 of
2818 1152 183 32 influence

1649 1212 38 22 so
1723 1204 236 41 untemitted,
1976 1200 48 35 'as
2055 1201 81 34 that
2158 1202 44 33 of
2224 1201 63 34 the
2316 1201 87 34 Earl
2435 1200 43 34 of
2496 1200 219 45 Liverpool.
2766 1200 60 34 He
2849 1209 76 21 was
2942 1196 59 34 for

1652 1260 105 34 many
1778 1261 105 34 years
1902 1250 189 37 President
2108 1251 45 35 of
2165 1248 64 35 the
2262 1248 122 35 Board
2404 1248 44 33 of
2460 1248 138 33 Trade.
2654 1248 46 34 In
2718 1248 63 33 the
2797 1246 92 46 )eaf
2909 1246 92 34 1782

1654 1298 40 33 he
1711 1299 196 35 succeeded
1929 1306 38 27 to
1998 1300 63 32 the
2079 1297 136 45 family
2233 1297 83 34 title
2346 1296 46 34 of
2404 1307 25 21 a
2458 1296 161 34 Baronet
2678 1297 34 32 io
2747 1296 89 35 1786
2857 1294 45 33 he
2926 1302 76 26 was

1648 1348 151 33 created
1817 1348 92 34 Lord
1929 1346 265 35 Hawkesbur'
2215 1358 13 26 ;
2246 1344 71 35 and
2333 1345 35 34 in
2385 1342 18 37 1
2402 1342 18 37 1
2420 1342 57 37 196
2500 1344 89 34 Earl
2607 1343 45 35 of
2670 1344 214 44 Liverpool.
2942 1341 59 33 lie

1652 1406 73 24 was
1754 1395 113 35 twice
1884 1394 181 44 married,
2087 1395 73 34 and
2185 1395 69 34 has
2270 1393 66 34 left
2354 1393 109 43 issue,
2489 1393 126 33 beside
2644 1393 61 33 the
2737 1398 139 38 present
2903 1390 98 33 Lord

1654 1442 221 46 Liverpool,
1892 1444 66 33 the
1975 1443 99 34 Hon.
2091 1442 155 35 Charles
2259 1440 226 35 Jenkinson.
2528 1440 84 34 The
2631 1440 125 34 Noble
2778 1440 89 34 Earl
2888 1447 113 24 never

1654 1491 196 34 recovered
1869 1491 61 34 the
1943 1491 118 35 shock
2082 1491 44 33 he
2140 1487 170 39 received
2327 1498 50 25 on
2393 1488 63 34 the
2473 1488 171 34 accident
2665 1488 123 34 which
2799 1483 200 47 happened

1649 1545 38 26 to
1704 1538 60 35 the
1786 1540 185 34 Cuuntess.
2031 1538 119 35 When
2173 1539 67 34 her
2264 1535 213 34 head-dress
2493 1535 139 45 caught
2652 1535 81 41 fire,
2760 1534 241 41 recollecting;

1654 1586 78 34 that
1752 1587 105 33 there
1885 1596 102 26 were
2003 1586 145 45 always
2177 1592 79 28 two
2277 1591 164 28 servants
2473 1584 35 33 in
2541 1584 64 34 the
2628 1586 213 44 apartment
2863 1580 46 34 of
2934 1581 66 33 the

1654 1632 123 37 Noble
1799 1633 110 45 Lord,
1933 1635 69 34 she
2035 1635 100 33 burst
2156 1635 80 33 into
2270 1633 64 33 the
2366 1642 122 31 room,
2513 1631 71 34 and
2626 1632 50 44 by
2695 1633 63 32 the
2777 1630 129 43 timely
2941 1638 39 22 as-

1648 1683 158 34 sistance
1821 1684 65 33 she
1905 1682 170 35 received
2094 1682 97 35 from
2206 1682 63 33 the
2288 1691 79 26 men
2386 1680 63 33 the
2459 1680 130 33 flames
2608 1690 102 24 were
2718 1677 280 44 exttnguished,

1651 1729 64 35 but
1734 1731 64 33 the
1830 1731 123 34 Noble
1985 1731 91 33 Earl
2096 1729 175 35 survived
2290 1728 64 35 the
2379 1728 122 33 alarm
2520 1728 64 32 but
2603 1737 22 24 a
2652 1727 73 34 few
2744 1728 104 43 days.
2901 1723 96 34 This

1654 1779 196 35 venerable
1869 1778 210 35 Nobleman
2098 1780 64 32 has
2176 1778 71 32 left
2264 1781 39 28 to
2329 1778 54 32 his
2401 1775 115 34 eldest
2542 1783 78 32 son,
2648 1776 64 33 the
2727 1779 143 43 present
2889 1770 110 44 Earl,

1654 1825 158 44 15,000/.
1843 1837 65 35 per
1932 1833 151 34 anium,
2108 1826 41 34 of
2165 1824 129 37 which
2313 1824 91 46 only
2420 1822 117 34 about
2558 1822 143 40 3,5001.
2720 1833 67 35 per
2802 1831 135 26 annum
2970 1820 30 33 is

1652 1876 33 32 in
1706 1874 100 35 land.
1858 1876 54 33 To
1941 1873 58 34 hiS
2019 1874 154 40 widow,
2200 1872 64 35 the
2285 1872 178 35 Countess
2481 1871 43 33 of
2544 1871 219 46 Liverpool,
2790 1870 84 45 only
2895 1869 103 35 7001.

1652 1932 67 34 per
1731 1931 131 26 annum
1874 1923 61 37 for
1958 1922 84 43 life,
2070 1925 34 32 in
2122 1922 171 34 additiou
2311 1925 40 30 to
2370 1920 67 33 her
2466 1918 139 35 former
2621 1918 187 46 jointure,
2832 1928 40 24 as
2894 1916 107 44 Lady

1654 1969 123 46 Cope,
1804 1970 45 35 of
1863 1971 120 35 10001.
2014 1981 71 35 per
2099 1981 150 25 annum.
2303 1968 71 34 But
2405 1969 65 33 the
2489 1972 150 39 present
2665 1968 90 34 Earl
2777 1967 64 33 has
2874 1964 125 35 added

1650 2019 102 34 5001.
1772 2030 102 22 more
1892 2030 67 34 per
1977 2029 132 24 annum
2146 2026 38 26 to
2203 2019 60 33 his
2282 2014 158 38 father's
2459 2016 154 44 bequest
2630 2026 11 31 ;
2667 2016 72 33 and
2773 2014 28 33 it
2833 2014 30 33 is
2881 2013 118 35 under

1650 2066 105 34 stood
1780 2067 81 34 that
1881 2069 61 33 the
1969 2067 164 34 Duchess
2150 2066 47 34 of
2219 2065 152 41 Donet,
2402 2066 63 32 her
2479 2062 197 43 daughter,
2705 2062 87 34 adds
2807 2062 60 34 300
2868 2062 40 34 P:
2930 2069 70 37 per

1648 2125 132 24 annum
1798 2125 112 25 more.
1965 2117 59 33 To
2041 2115 60 33 the
2122 2115 100 33 Hon.
2244 2112 104 37 Cecil
2370 2111 228 40 Jenkinson,
2628 2112 56 33 his
2702 2112 131 33 second
2849 2119 81 28 son,
2953 2108 47 34 he

1652 2164 63 33 has
1734 2163 69 34 left
1821 2164 119 35 10001.
1961 2173 71 35 per
2047 2173 151 31 annum,
2225 2161 35 34 in
2272 2159 170 37 addition
2461 2167 39 28 to
2518 2169 47 26 an
2577 2161 119 32 estate
2711 2159 45 34 of
2766 2169 89 25 near
2870 2157 128 38 30001.

1650 2220 67 37 per
1734 2220 148 33 annum,
1907 2211 46 35 of
1971 2210 124 37 which
2118 2211 71 33 Mr.
2207 2209 106 35 Cecil
2333 2207 209 35 Jenkinson
2570 2207 30 33 is
2623 2207 158 44 already
2802 2207 37 33 in
2856 2215 124 35 posses-

1648 2262 97 38 sion,
1773 2261 51 45 by
1838 2259 63 33 the
1913 2259 112 34 death
2040 2258 45 34 of
2096 2270 25 24 a
2135 2257 176 35 relation.
2357 2258 58 33 To
2435 2257 98 43 Lady
2554 2255 198 34 Charlotte
2769 2254 230 39 Grimstone,

1650 2319 81 22 now
1753 2308 104 44 Lady
1891 2308 210 40 Forrester,
2130 2307 45 34 he
2194 2306 66 35 has
2280 2306 65 34 left
2363 2306 87 43 only
2472 2303 61 35 the
2552 2303 102 35 700/.
2678 2313 65 35 per
2766 2311 137 25 annum
2934 2302 43 32 be-

1646 2354 188 45 queathed
1854 2362 35 28 to
1910 2355 63 34 the
1995 2357 176 33 Countess
2187 2354 45 33 of
2251 2353 219 45 Liverpool,
2496 2352 103 34 after
2613 2352 67 33 her
2696 2352 165 33 decease.
2915 2349 83 34 The

1648 2404 131 33 landed
1800 2409 185 39 property
2007 2404 30 32 is
2052 2402 165 33 entailed
2242 2408 39 27 to
2298 2401 52 34 all
2369 2399 63 37 the
2450 2399 136 46 family
2611 2398 45 37 of
2668 2399 66 34 the
2748 2396 248 43 deukinsons,

1649 2451 34 35 in
1700 2451 71 34 tail
1785 2451 111 44 male,
1922 2456 40 30 to
1980 2460 25 25 a
2019 2456 106 40 great
2141 2456 145 27 extent.

1933 2604 331 38 EXECUTION
2293 2606 72 35 OF
2391 2606 97 34 MR.
2518 2602 191 44 SMITH,

1652 2691 85 26 FOR
1765 2692 91 26 THE
1881 2692 190 26 MURDER
2101 2692 58 26 OF
2190 2691 128 26 CAPT.
2343 2689 313 33 BALDERSTON,
2686 2688 57 26 OF
2771 2688 91 27 THE
2893 2687 106 27 ?A'

2046 2748 145 27 TRIAN
2223 2748 138 26 SLOOP
2391 2744 57 30 OF
2477 2747 118 25 WAR.

1698 2819 280 41 PLYMOUTH,
2007 2819 106 34 DEC.
2146 2818 209 35 Vl.—This
2389 2817 187 44 morning,
2619 2828 91 24 soon
2753 2816 99 37 after
2889 2815 110 47 eight

1649 2867 168 44 o'clock,
1833 2868 61 34 the
1915 2868 141 45 yellow
2074 2868 90 43 flag,
2181 2876 44 25 as
2242 2880 22 21 a
2282 2867 117 45 signal
2417 2867 61 33 for
2489 2876 47 24 an
2554 2867 219 39 execution,
2792 2877 76 22 was
2881 2864 118 34 hoist-

1649 2915 44 33 ed
1721 2926 47 24 on
1794 2916 117 34 board
1941 2915 65 37 the
2033 2916 188 34 Salvador
2245 2916 60 33 del
2336 2916 34 32 Al
2380 2915 96 34 undo
2504 2913 72 35 and
2604 2914 64 33 the
2691 2913 198 41 Parthian,
2906 2911 94 34 both

1651 2965 103 41 lying
1768 2963 35 34 in
1825 2965 214 41 Hamoaze,
2061 2963 86 43 and,
2163 2965 122 33 about
2304 2962 83 34 half
2404 2972 48 25 an
2478 2961 97 34 hour
2593 2962 131 33 before
2743 2962 98 40 nine,
2867 2961 135 34 James

1651 3011 137 43 Smith,
1812 3012 74 33 late
1904 3011 176 35 Master's
2096 3009 106 35 Mate
2220 3012 46 33 of
2280 3009 63 34 the
2374 3009 203 40 Parthian,
2607 3020 77 24 was
2715 3009 162 44 brought
2898 3009 99 33 from

1651 3060 61 33 the
1733 3060 198 41 Salvador,
1952 3060 35 34 in
2007 3058 155 47 custody
2181 3059 46 34 of
2249 3058 63 34 the
2330 3058 164 35 Provost
2520 3058 176 38 Martial,
2728 3069 44 21 on
2790 3056 117 35 board
2936 3057 63 33 the

1654 3106 196 44 Parthian,
1865 3107 34 35 in
1915 3107 110 35 order
2042 3115 38 28 to
2100 3106 167 46 undergo
2285 3107 63 33 the
2365 3113 169 27 sentence
2545 3106 44 33 of
2604 3105 61 34 the
2688 3105 116 34 Court
2826 3105 172 40 Martial,

1651 3154 59 35 for
1723 3155 65 34 the
1806 3156 145 35 murder
1968 3155 45 34 of
2036 3155 57 35 his
2108 3156 180 44 Captain.
2340 3156 83 33 The
2443 3154 191 44 Chaplain
2662 3154 43 34 of
2731 3154 63 33 the
2813 3152 184 34 Salvador

1649 3204 176 34 attended
1843 3206 72 33 him
1937 3214 47 24 on
2001 3204 64 34 the
2079 3204 97 34 deck
2203 3204 60 34 for
2287 3202 180 46 upwards
2481 3201 46 35 of
2543 3200 85 37 half
2646 3211 48 24 an
2714 3201 116 39 hour;
2858 3201 84 40 but,
2959 3210 44 22 as

1654 3252 43 33 he
1719 3252 71 34 had
1811 3253 104 34 made
1935 3262 52 34 up
2006 3252 57 34 his
2081 3250 112 45 mind,
2211 3252 107 45 prior
2336 3256 37 30 to
2394 3252 63 32 the
2477 3249 236 34 commission
2732 3248 44 35 of
2790 3249 63 34 the
2865 3248 135 40 crime,

1650 3311 37 22 ‘u
1709 3306 35 26 to
1759 3300 64 33 the
1838 3309 266 35 consequences
2118 3299 193 44 attending
2328 3300 44 40 it,
2398 3299 46 33 he
2473 3296 194 47 appeared
2700 3296 136 45 totally
2857 3295 144 34 callous

1650 3353 39 28 to
1703 3348 56 33 his
1775 3348 210 45 impending
2002 3346 92 45 fate,
2113 3348 69 34 and
2198 3352 76 30 met
2288 3347 31 34 it
2335 3347 94 33 with
2447 3346 61 34 the
2526 3351 94 30 most
2637 3346 97 33 stoic
2752 3343 250 41 indifference.

1655 3396 51 35 At
1720 3407 26 24 a
1762 3402 152 40 quarter
1932 3400 85 41 past
2043 3396 98 41 nine,
2174 3397 45 33 he
2248 3394 180 35 ascended
2446 3394 61 34 the
2523 3393 174 40 scaffold,
2719 3393 123 34 where
2871 3392 46 34 he
2934 3391 70 44 dip

1650 3451 63 28 not
1731 3445 143 34 remain
1892 3455 103 24 more
2014 3444 89 35 than
2120 3445 73 33 five
2224 3445 170 39 minutes,
2430 3443 130 34 before
2589 3441 65 37 the
2682 3441 93 37 fatal
2810 3441 87 33 bow
2929 3450 73 35 gun

1654 3493 104 41 tired,
1778 3493 70 33 and
1867 3493 44 33 he
1931 3503 78 24 was
2037 3493 183 34 launched
2254 3493 77 33 into
2355 3493 162 43 eternity
2546 3489 138 37 amidst
2711 3490 61 33 the
2800 3488 202 44 ascending

1649 3541 148 34 smoke.
1850 3541 58 43 By
1938 3552 102 25 some
2056 3541 171 35 accident
2245 3552 44 21 or
2308 3539 239 43 inattention,
2567 3549 47 22 on
2634 3539 63 33 the
2715 3543 86 40 part
2828 3536 45 34 of
2896 3536 106 34 those

1654 3589 126 34 whose
1798 3589 178 45 province
1991 3591 31 32 it
2039 3600 78 22 was
2133 3594 39 28 to
2187 3588 112 34 make
2311 3587 72 35 fast
2401 3588 64 33 the
2484 3596 94 35 rope
2593 3591 39 31 to
2648 3586 67 34 the
2734 3585 189 40 windlass,
2937 3583 66 34 the

1648 3639 76 33 °oil
1747 3647 77 25 was
1838 3635 157 37 suffered
2023 3644 38 27 to
2088 3637 93 45 slip,
2197 3635 73 35 and
2288 3635 64 34 the
2378 3635 178 46 wahappy
2577 3634 143 45 culprit
2740 3643 74 26 was
2833 3632 149 46 precipi-

1651 3686 118 41 tated,
1791 3686 90 34 with
1902 3691 110 39 great
2028 3685 183 43 velocity,
2231 3689 38 30 to
2289 3685 63 34 the
2382 3683 148 34 waters'
2549 3683 94 45 edge
2657 3694 9 21 :
2714 3681 44 34 he
2790 3692 77 22 was
2891 3681 113 41 again

1649 3735 130 32 drawn
1799 3745 66 34 up,
1896 3733 72 33 and
1995 3733 103 35 after
2117 3733 163 45 hanging
2298 3733 60 33 the
2381 3732 104 34 usual
2507 3733 105 39 time,
2640 3731 64 33 the
2731 3730 142 34 lifeless
2901 3728 102 45 body

1654 3793 74 24 was
1744 3783 167 34 lowered
1946 3782 78 35 into
2043 3793 24 24 a
2081 3782 92 34 boat
2189 3780 208 46 alongside,
2430 3780 72 34 and
2528 3778 193 45 conveyed
2740 3784 37 27 to
2793 3778 60 33 the
2875 3775 130 46 Royal

1654 3829 180 46 Hospital
1848 3836 40 28 at
1907 3830 247 40 Stonehouse,
2174 3829 128 35 where
2320 3829 30 34 it
2368 3839 76 24 was
2461 3833 67 39 put
2559 3827 79 34 into
2666 3837 25 22 a
2717 3826 109 43 shell,
2849 3824 73 34 and
2942 3824 44 33 de-

1649 3878 145 34 livered
1815 3883 37 28 to
1872 3878 56 35 his
1942 3878 143 34 friends
2101 3878 59 34 for
2176 3878 195 34 interment
2391 3878 37 32 in
2446 3878 63 32 the
2528 3875 175 43 evening.
2743 3874 59 34 He
2817 3873 74 34 had
2910 3873 94 33 been

1651 3922 180 48 formerly
1852 3926 142 34 Master
2011 3924 44 37 of
2067 3937 24 24 a
2104 3927 193 41 gun-brig,
2315 3935 77 24 was
2405 3922 155 35 deemed
2574 3933 47 24 an
2637 3913 373 47 excellentseaman;

1651 3972 69 35 but
1736 3980 64 27 too
1820 3974 136 45 fatally
1975 3973 174 34 addicted
2176 3981 39 26 to
2233 3973 191 43 drinking.
2481 3972 59 33 He
2571 3981 79 24 was
2674 3981 25 24 a
2727 3969 278 45 good-looking

1654 4032 124 34 young
1795 4033 97 31 man,
1909 4024 123 32 about
2049 4020 237 45 twenty-five
2307 4031 107 34 years
2446 4019 43 34 of
2507 4030 85 33 age,
2623 4019 72 34 and
2724 4028 87 24 near
2839 4017 59 33 six
2931 4015 77 34 feet

1654 4069 104 45 high.
1817 4070 67 34 His
1902 4069 128 35 father
2047 4069 28 34 is
2093 4080 22 25 a
2137 4068 144 35 British
2310 4068 168 40 Planter,
2507 4067 43 34 of
2575 4072 110 39 great
2704 4063 305 47 respectability,

1652 4119 167 46 residing
1839 4124 39 27 at
1912 4119 117 33 Santa
2070 4119 119 40 Cruz,
2222 4117 126 34 where
2383 4127 120 32 young
2538 4114 119 35 Smith
2709 4124 73 22 was
2815 4114 93 33 born
2922 4124 9 21 :
2965 4110 46 34 he

1654 4168 171 35 ra.:eived
1845 4166 54 34 his
1915 4166 201 34 education
2130 4172 43 28 at
2189 4165 237 37 IsiewYork.
2481 4165 34 32 It
2541 4163 65 34 has
2623 4163 93 33 been
2731 4160 180 46 reported
2931 4157 81 38 that

1657 4219 41 34 tit
1714 4215 71 33 had
1804 4225 24 25 a
1843 4213 86 37 wife
1946 4213 72 35 and
2036 4212 150 46 family,
2215 4214 67 34 but
2308 4213 63 34 the
2391 4217 132 40 report
2545 4213 31 33 is
2597 4219 216 27 erroneous.

810 2726 5 20 .
861 2726 224 20 .-......-.
1127 2726 163 1 ______
1333 2726 120 1 _.......
1483 2726 97 2 ........
2647 2726 7 1 .

810 2740 1 54 •
831 2743 116 35 11:iit
986 2743 48 37 he
1054 2740 207 54 displayed
1281 2741 204 53 faithfully
1508 2744 78 38 and
2046 2748 145 27 TRIAN
2223 2748 138 26 SLOOP
2391 2744 57 30 OF
2477 2747 119 25 WAR.

810 2807 22 24 IS
866 2794 188 38 litildilVSS
1078 2794 78 38 and
1178 2805 128 28 secret
1324 2794 197 39 ambition
1546 2798 38 35 of
1590 2794 1 67 .
1698 2819 280 41 PLYMOUTH,
2007 2819 106 34 DEC.
2146 2818 209 35 28.—This
2389 2817 187 43 morning,
2619 2828 91 24 soon
2753 2816 99 37 after
2889 2815 110 47 eight

810 2846 177 52 specially
1017 2848 37 38 in
1084 2846 72 39 the
1179 2859 118 26 scene
1325 2846 39 39 in
1385 2846 130 39 which
1539 2849 50 40 he
1649 2867 20 44 o
1669 2867 20 44 '
1689 2867 128 44 clock,
1833 2868 61 34 the
1915 2868 141 45 yellow
2074 2868 90 43 flag,
2181 2876 44 25 as
2242 2880 22 21 a
2282 2868 56 44 sig
2341 2867 58 35 nal
2417 2867 61 33 for
2489 2876 47 24 an
2549 2858 20 47 -
2569 2858 203 47 execution,
2792 2877 76 22 was
2881 2864 118 34 hoist-'

810 2898 8 39 l
839 2900 247 39 sentiments.
1144 2902 43 37 In
1208 2898 71 40 the
1294 2900 157 39 council
1472 2914 117 27 scene
1649 2915 44 33 ed
1721 2926 47 24 on
1794 2916 22 34 b
1817 2916 94 34 oard
1941 2915 65 37 the
2033 2916 188 34 Salvador
2245 2916 125 33 delM
2380 2915 96 34 undo
2504 2913 72 35 and
2604 2914 64 33 the
2691 2913 198 41 Parthian,
2906 2911 94 34 both

810 2980 8 11 .
849 2952 115 39 when
985 2952 94 39 with
1119 2952 292 53 half-bursting
1428 2952 161 41 exulta-
1651 2965 103 41 lying
1768 2963 35 34 in
1825 2965 214 41 Hamoaze,
2061 2963 86 43 and,
2163 2965 122 33 about
2304 2962 83 34 half
2404 2972 48 25 an
2478 2961 97 34 hour
2593 2962 131 33 before
2743 2962 98 40 nine,
2867 2961 135 34 James

810 3005 244 40 accusations
1085 3005 157 53 against
1270 3008 210 47 Hastings,
1509 3007 79 39 and
1651 3011 137 43 Smith,
1812 3012 74 33 late
1904 3011 176 35 Master's
2096 3009 106 35 Mate
2220 3012 46 33 of
2280 3009 63 34 the
2374 3009 203 40 Parthian,
2607 3020 77 24 was
2715 3009 162 44 brought
2898 3009 99 33 from

810 3056 1 50 .
1651 3060 61 33 the
1733 3060 198 41 Salvador,
1952 3060 35 34 in
2007 3058 155 47 custody
2181 3059 46 34 of
2249 3058 63 34 the
2330 3058 164 35 Provost
2520 3058 176 38 Martial,
2728 3069 44 21 on
2790 3056 117 35 board
2936 3057 63 33 the

831 3111 259 40 Pantomime
1110 3110 50 40 of
1191 3113 202 38 Robinson
1427 3113 162 46 Crusoe,
1654 3106 196 44 Parthian,
1865 3107 34 35 in
1915 3107 110 35 order
2042 3115 38 28 to
2100 3106 167 46 undergo
2285 3107 63 33 the
2365 3113 169 27 sentence
2545 3106 44 33 of
2604 3105 61 34 the
2688 3105 116 34 Court
2826 3105 172 40 Martial,

810 3164 14 38 d
843 3164 66 38 for
943 3178 120 38 many
1083 3176 126 35 years,
1245 3178 81 26 was
1352 3165 164 39 revived
1550 3172 40 33 at
1651 3154 59 35 for
1723 3155 65 34 the
1806 3156 145 35 murder
1968 3155 45 34 of
2036 3155 57 35 his
2108 3156 180 44 Captain.
2340 3156 83 33 The
2443 3154 191 44 Chaplain
2662 3154 43 34 of
2731 3154 63 33 the
2813 3152 184 34 Salvador

1649 3204 176 34 attended
1843 3206 72 33 him
1937 3214 47 24 on
2001 3204 64 34 the
2079 3204 97 34 deck
2203 3204 60 34 for
2287 3202 180 46 upwards
2481 3201 46 35 of
2543 3200 85 37 half
2646 3211 48 24 an
2714 3201 20 33 h
2737 3211 93 28 our;
2858 3201 84 40 but,
2959 3210 44 22 as

813 3216 220 53 splendour
1061 3219 51 37 of
1123 3230 180 41 scenery.
1359 3217 87 40 The
1468 3219 122 40 merit

1590 3248 4 48 •
1654 3252 43 33 he
1719 3252 71 34 had
1811 3253 104 34 made
1935 3262 52 34 up
2006 3252 57 34 his
2081 3250 112 45 mind,
2211 3252 107 45 prior
2336 3256 37 30 to
2394 3252 63 32 the
2477 3249 236 34 commission
2732 3248 44 35 of
2790 3249 63 34 the
2865 3248 135 40 crime,

810 3282 158 27 (messes
999 3283 99 26 over
1139 3276 104 33 must
1287 3270 220 53 spectacles
1545 3274 41 35 ot

1650 3311 37 22 ,u
1709 3306 35 26 to
1759 3300 64 33 the
1838 3309 266 35 con.equences
2118 3299 193 44 attending
2328 3300 44 40 it,
2398 3299 46 33 he
2473 3296 194 47 appeared
2700 3296 136 39 totally
2857 3295 144 34 callous

817 3322 161 39 interest
1006 3324 47 39 of
1068 3322 71 40 the
1157 3328 126 47 story,
1315 3324 76 39 and
1427 3325 71 39 the
1518 3338 72 26 no-
1650 3353 39 28 to
1703 3348 56 33 his
1775 3348 74 45 imp
1856 3348 130 43 ending
2002 3346 92 45 fate,
2114 3348 67 34 •nd
2198 3352 76 30 met
2288 3347 31 34 it
2335 3322 70 71 with
2422 3322 17 71 7
2457 3322 52 71 the
2526 3351 94 30 most
2637 3346 97 33 stoic
2752 3334 250 50 indifference.

810 3359 1 83 I
840 3376 86 39 into
950 3380 81 34 two
1048 3381 104 34 acts.
1207 3376 89 40 The
1311 3378 86 39 first
1411 3381 65 35 act
1495 3377 33 40 is
1548 3378 50 39 of
1655 3396 51 35 At
1720 3359 86 83 aqua
1806 3359 21 83 p
1827 3359 87 83 rter
1932 3400 85 41 past
2043 3396 98 41 nine,
2174 3397 45 33 he
2248 3394 180 35 ascended
2446 3394 61 34 the
2523 3393 174 40 scaffold,
2719 3393 123 34 where
2871 3392 46 34 he
2934 3391 70 44 dip

810 3433 104 34 iture
933 3430 74 38 and
1029 3430 184 39 contains
1234 3430 69 39 the
1322 3431 110 38 chief
1443 3445 146 26 occur-
1650 3451 63 28 not
1731 3445 143 34 remain
1892 3455 103 24 more
2014 3444 89 35 than
2120 3445 73 33 five
2224 3445 170 39 minutes,
2430 3443 130 34 before
2589 3441 65 37 the
2682 3441 93 37 fatal
2810 3441 87 33 bow
2929 3450 73 35 gun

810 3483 34 37 in
876 3484 183 38 Crusoe's
1081 3481 139 40 island.
1279 3484 86 39 The
1391 3484 146 40 second
1561 3484 31 39 is
1654 3493 104 41 fired,
1778 3493 70 33 and
1867 3493 44 33 he
1931 3503 78 24 was
2037 3493 183 34 launched
2254 3493 77 33 into
2355 3493 162 43 eternity
2546 3489 138 37 amidst
2711 3490 61 33 the
2800 3488 202 44 ascending

810 3535 22 39 d
865 3534 198 54 although
1098 3536 69 38 the
1186 3548 159 40 scenery
1370 3536 38 39 in
1427 3537 104 40 both
1561 3539 31 38 is
1649 3541 148 34 smoke.
1850 3541 58 43 By
1938 3552 102 25 some
2056 3541 171 35 accident
2245 3552 44 21 or
2308 3539 239 43 inattention,
2567 3549 47 22 on
2634 3539 63 33 the
2715 3543 86 40 part
2828 3536 45 34 of
2896 3536 106 34 those

824 3587 83 40 like
922 3589 66 38 the
1007 3588 229 40 celebrated
1257 3591 163 39 Mother
1436 3591 150 45 Goose,
1654 3589 126 34 whose
1798 3589 178 45 province
1991 3591 31 32 it
2039 3600 78 22 was
2133 3594 39 28 to
2187 3588 112 34 make
2311 3587 72 35 fast
2401 3588 64 33 the
2484 3596 94 35 rope
2593 3591 39 31 to
2648 3586 67 34 the
2734 3585 189 40 windlass,
2937 3583 66 34 the

810 3654 71 25 !ins
908 3640 148 40 almost
1075 3643 132 37 above
1227 3641 69 39 the
1317 3641 209 53 ingenuity
1548 3644 50 40 of
1648 3639 76 33 ooil
1747 3647 77 25 was
1838 3635 157 37 suffered
2023 3644 38 27 to
2088 3637 93 45 slip,
2197 3635 73 35 and
2288 3635 64 34 the
2378 3635 178 46 uoliappy
2577 3634 143 45 culprit
2740 3643 74 26 was
2833 3632 170 46 precipi-

810 3693 90 40 vine
920 3693 38 40 in
981 3694 148 39 Crusle
1157 3694 202 52 displayed
1393 3707 41 26 as
1466 3696 123 41 much
1651 3686 118 41 tated,
1791 3686 90 34 with
1902 3691 110 39 great
2028 3685 183 43 velocity,
2231 3689 38 30 to
2289 3685 63 34 the
2382 3683 148 34 waters'
2549 3683 94 45 edge
2657 3694 9 21 :
2714 3681 44 34 he
2790 3692 77 22 was
2891 3681 113 41 again

810 3746 59 39 incl
906 3759 43 26 as
985 3746 122 39 much
1137 3748 231 52 judgment,
1406 3762 43 26 as
1469 3749 40 38 in
1531 3749 60 39 his
1649 3735 130 32 drawn
1799 3745 66 34 up,
1896 3733 72 33 and
1995 3733 103 35 after
2117 3733 163 45 hanging
2298 3733 60 33 the
2381 3732 104 34 usual
2507 3733 105 39 time,
2640 3731 64 33 the
2731 3730 142 34 lifeless
2901 3728 102 45 body

1654 3782 67 83 was
1721 3782 24 83 H
1744 3783 167 34 lowered
1946 3782 78 35 into
2043 3793 24 24 a
2081 3782 92 34 boat
2189 3780 241 57 alongside,.
2430 3780 72 34 and
2528 3778 193 56 conveyed
2740 3784 37 27 to
2793 3778 60 33 the
2875 3775 130 46 Royal
3227 3785 17 19 1,

811 3813 60 27 its.
931 3801 79 39 Mr.
1033 3801 191 45 Laurent,
1257 3801 39 38 in
1316 3802 165 50 Friday,
1509 3815 83 28 was
1618 3849 7 19 ,

1649 3836 41 87 l_i
1690 3836 14 87 :
1704 3836 14 87 e
1719 3836 14 87 s
1733 3836 14 87 r
1747 3836 14 87 i
1761 3836 14 87 e
1775 3836 14 87 u
1789 3836 14 87 d
1804 3836 28 87 ta
1832 3836 28 87 to
1860 3836 28 87 at
1907 3830 230 34 Stonehouse
2174 3829 128 35 where
2320 3834 30 30 it
2368 3839 76 24 was
2461 3833 67 39 put
2559 3833 79 28 into
2666 3837 25 22 a
2717 3826 109 43 shell,
2849 3824 73 34 and
2942 3824 65 33 de-

810 3853 132 40 whilst
961 3853 52 40 he
1046 3853 136 39 otiolit
1214 3857 43 34 to
1291 3854 104 39 have
1423 3857 790 104 exerte
2213 3857 131 104 y
2344 3857 660 104 dbeen

1872 3878 56 35 his
1942 3878 143 34 friends
2101 3878 17 34 f
2119 3888 41 24 or
2144 3854 11 17 '
2176 3857 195 54 interment
2391 3878 8 32 i
2407 3886 20 24 n
2446 3878 63 32 the
2528 3885 92 25 even
2626 3875 8 33 i
2641 3886 61 32 ng.
2743 3874 35 34 H
2784 3886 18 21 e

2908 3930 81 24 man

810 3919 14 26 a
843 3919 167 40 savage.
1071 3895 98 50 Mrs.
1189 3906 142 52 Sharp,
1361 3905 118 53 light,
1502 3908 60 38 air

3211 2726 47 1570 .s4•l-'
3259 2726 14 1570 ..

3253 4294 25 13 ,

1651 3924 180 47 formerly
1852 3926 142 34 Master
2011 3924 44 37 of
2067 3937 24 24 a
2104 3927 193 41 gun-brig,
2315 3935 77 24 was
2405 3922 155 35 deemed
2574 3933 47 24 an
2996 3938 14 22 i

810 3972 94 26 rove
926 3958 154 41 herself
1104 3958 67 39 the
1188 3959 89 39 best
1297 3960 223 40 Columbine
1540 3976 51 25 on
1651 3972 69 35 but
1736 3980 64 27 too
1820 3974 136 45 fatally
1975 3973 174 34 addicted
2176 3981 39 26 to
2233 3973 191 34 drinkinr.
2481 3972 59 33 He
2571 3981 79 24 was
2674 3981 25 24 a
2727 3969 278 45 good-looking

2388 3999 21 17 15

810 4012 15 40 '
826 4012 48 40 ect
894 4012 50 40 of
958 4013 79 39 this
1052 4012 254 52 pantomime
1322 4012 31 38 is
1370 4012 50 40 its
1435 4012 52 54 len
1487 4012 17 54 e
1504 4012 87 54 lili.
1654 4032 124 34 young
1795 4033 97 31 man,
1909 4024 123 32 about
2049 4020 237 45 twenty-five
2307 4031 107 34 years
2446 4019 43 34 of
2507 4030 85 33 age,
2623 4019 72 34 and
2724 4028 87 24 near
2839 4017 59 33 six
2931 4015 77 34 feet

810 4080 119 32 ccess,
959 4067 77 39 and
1059 4065 51 53 by
1136 4067 69 38 the
1238 4064 144 40 houses
1402 4067 131 39 which
1564 4069 32 38 it
1654 4069 104 45 high.
1817 4070 67 34 His
1902 4069 128 35 father
2047 4069 28 34 is
2093 4080 22 25 a
2137 4068 144 35 British
2310 4068 168 40 Planter,
2507 4067 43 34 of
2575 4072 110 39 great
2704 4063 305 47 respectability,

810 4133 76 40 pay
904 4119 67 40 the
991 4117 206 53 liberality
1214 4117 51 39 of
1274 4119 71 39 the
1364 4131 230 40 managers,
1622 4127 9 20 J
1652 4119 167 46 residing
1839 4124 39 27 at
1912 4119 117 33 Santa
2070 4119 119 40 Cruz,
2222 4117 126 34 where
2383 4127 120 32 young
2538 4114 119 35 Smith
2709 4124 73 22 was
2815 4114 93 33 born
2922 4124 9 21 :
2965 4110 46 34 he

810 4186 89 28 ease
932 4178 44 37 to
1006 4172 146 43 render
1172 4178 32 34 it
1221 4170 155 56 worthy
1400 4173 47 40 of
1462 4183 26 28 a
1507 4174 87 40 Brie
1654 4168 171 35 ra.:eived
1845 4166 54 34 his
1915 4166 201 34 education
2130 4172 43 28 at
2189 4165 237 37 IsiewYork.
2481 4165 34 32 It
2541 4163 65 34 has
2623 4163 93 33 been
2731 4160 180 46 reported
2931 4157 83 38 that

1657 4219 41 34 ha
1714 4215 71 33 had
1804 4225 24 25 a
1843 4213 86 37 wife
1946 4213 72 35 and
2036 4212 150 46 family,
2215 4214 67 34 but
2308 4213 63 34 the
2391 4217 132 40 report
2545 4213 31 33 is
2597 4219 216 27 erroneous.

1051 4380 5 24 ,
1426 4380 5 24 .
1491 4380 19 24 A,

2022 235 146 39 EARL
2198 236 69 39 OF
2297 235 326 40 LIVERPOOL.

2745 94 161 52 JAW.
2953 97 45 48 1.

39 1030 5 6 •

4 1056 2 4 •

41 1057 6 15 I

21 1082 11 46 1
32 1082 11 46 4

4 1131 17 22 ts
33 1134 9 21 I

13 1186 31 18 Sr

17 1344 19 18 I,

2 1423 6 13 1

19 1505 9 12 'A
48 1505 5 13 I

28 1743 5 8 •

47 1783 11 21 1

22 1918 2 17 •
37 1918 15 17 6

48 2177 14 22 •
