3307 4406
365 141 157 53 JAN.
567 141 46 48 1.

424 273 145 52 Friday
606 286 26 26 a
660 273 129 39 Court
815 269 50 41 of
885 272 203 38 Directors
1104 281 79 27 was
1202 268 87 39 held
1304 274 43 33 at
1372 269 67 37 the
1462 268 91 37 East
1578 263 113 40 India

372 326 156 46 House,
557 324 113 41 when
691 325 70 39 the
781 321 354 44 undermentioned
1163 318 281 45 Commanders
1459 318 103 40 took
1579 317 113 39 leave

371 379 195 52 previous
583 383 44 34 to
645 376 191 54 departinc
836 376 22 54 ,
876 374 63 40 for
956 372 107 40 their
1093 373 216 53 respective
1326 371 272 44 destinations,
1616 370 77 35 viz.

374 431 118 52 Capt.
515 431 48 39 A.
586 431 45 39 F.
652 431 63 38 W.
743 431 73 38 Swi
821 432 115 40 nton,
965 426 200 44 Carnatic,
1195 424 195 45 Madeira,
1417 423 174 43 Madras,
1618 426 77 32 and

376 482 169 51 Bengal.
620 483 115 50 Capt.
774 483 41 37 J.
848 477 228 45 Tweedale,
1122 480 286 37 Perseverance
1427 490 12 28 ;
1479 475 115 50 Capt.
1635 476 38 33 W
1685 500 8 9 .

378 531 228 54 Campbell,
635 533 266 53 Nottingham
917 549 11 28 ;
957 530 78 39 and
1054 530 40 39 J.
1121 529 133 47 Birch,
1285 524 219 50 Britannia,
1525 523 172 44 Madras,

378 587 80 39 and
482 587 142 39 China.
679 586 87 39 The
794 587 128 40 Court
939 581 222 53 adjourned
1181 586 44 34 at
1248 581 59 39 six
1328 576 158 48 o'clock
1505 576 60 40 till
1584 574 113 40 Wed-

381 639 148 53 nesday
553 644 111 35 next.

437 692 182 51 Tuesday
640 691 69 39 the
730 687 103 40 Lord
863 690 146 59 Mayor
1030 686 105 40 after
1149 683 229 52 examining
1389 680 71 46 the
1481 684 159 35 returns
1657 679 48 38 of

384 743 73 40 the
476 743 319 53 Mealweighers,
826 739 165 41 ordered
1010 741 70 39 the
1097 739 110 52 price
1225 736 53 40 of
1286 733 126 43 Bread
1433 738 41 34 to
1493 731 150 41 remain
1663 744 43 25 as

384 796 79 46 last
476 795 128 41 week.

439 850 292 37 SINGULARITY
763 860 44 27 IN
836 860 102 25 MGR
965 841 248 43 LIFX.—The

1237 840 178 44 .mistress
1434 836 48 39 of
1506 848 50 27 an
1573 834 135 54 ample

387 900 167 43 domain
583 900 78 40 and
703 898 142 53 family
880 898 197 47 mansion,
1107 896 39 37 in
1179 896 66 37 the
1291 888 334 54 neighbourhood
1665 887 46 39 of

381 952 276 46 :Blackheath,
679 952 31 38 is
728 950 230 40 considered
978 963 25 26 a
1019 952 104 35 most
1141 947 198 38 eccentric
1358 941 220 39 character.
1628 940 83 39 Her

384 1005 276 39 benevolence
690 1005 31 38 is
750 1003 257 43 unbounded,
1037 999 77 40 and
1134 1000 70 40 she
1232 1006 188 43 possesses
1455 1003 48 28 an
1538 991 171 40 amiable

387 1057 237 52 disposition
644 1072 11 28 ;
685 1056 73 39 but
789 1056 70 38 she
876 1055 168 38 imbibes
1063 1054 69 38 the
1152 1056 103 34 most
1271 1044 215 43 whimsical
1504 1044 117 40 ideas.
1678 1046 30 35 A

391 1111 80 44 few
490 1110 98 51 days
605 1111 119 43 since,
752 1108 70 39 she
854 1106 200 53 imagined
1074 1104 86 39 that
1191 1103 67 38 the
1284 1101 133 38 Prince
1437 1097 50 47 of
1511 1096 202 39 Darkness

391 1161 83 41 had
489 1162 124 39 taken
634 1161 58 39 his
710 1160 131 39 abode
869 1161 38 44 in
935 1159 69 38 the
1024 1157 125 39 backs
1167 1154 47 39 of
1230 1154 149 43 certain
1398 1149 159 40 ancient
1573 1148 135 51 fatuity

392 1215 148 45 chairs,
586 1213 92 46 and,
725 1213 39 38 in
795 1213 116 39 order
941 1215 45 34 to
1017 1221 113 27 serve
1160 1211 118 35 Satan
1319 1204 91 39 with
1444 1213 50 27 an
1519 1200 131 39 action
1675 1201 34 33 01

392 1270 235 48 ejectment,
657 1265 67 40 she
742 1269 85 34 sent
844 1264 64 40 for
934 1277 24 25 a
974 1265 226 47 carpenter,
1230 1257 74 40 and
1322 1253 223 53 compelled
1561 1253 81 38 him
1672 1253 35 35 in

396 1320 73 44 her
496 1331 198 43 presence,
724 1323 43 33 to
782 1317 143 39 reduce
944 1317 69 37 the
1031 1313 131 39 chairs
1180 1317 45 33 to
1237 1307 133 41 stools.
1428 1306 85 39 The
1531 1305 125 39 backs
1676 1307 37 33 of

399 1387 142 27 course
561 1384 104 27 were
687 1369 248 40 condemned
957 1374 41 32 to
1018 1367 90 38 that
1126 1363 175 40 element
1319 1361 132 38 where
1467 1357 69 39 the
1558 1357 158 39 Satanic

394 1437 149 39 enemy
567 1424 32 38 is
627 1422 197 52 supposed
846 1428 44 32 to
909 1419 139 40 reside.
1103 1416 97 39 This
1218 1416 123 47 Lady,
1369 1426 52 25 on
1441 1424 25 24 a
1480 1410 150 38 former
1650 1421 43 26 oc-

403 1478 152 46 casion,
587 1474 196 46 received,
813 1487 41 25 as
874 1487 21 24 a
915 1474 172 50 present,
1117 1481 21 26 a
1160 1473 104 34 most
1293 1462 195 43 beautiful
1509 1459 146 41 animal
1676 1460 48 38 of

400 1530 70 39 the
489 1528 151 39 horned
659 1527 162 52 species,
841 1524 176 53 brought
1039 1521 107 40 from
1168 1524 116 35 Peru.
1339 1518 76 38 She
1433 1527 77 26 was
1524 1519 174 34 extreme-

400 1581 40 52 ly
468 1580 145 53 partial
633 1585 41 34 to
694 1579 45 45 it,
771 1579 78 39 and
870 1579 66 38 the
963 1574 103 40 little
1084 1572 203 39 favourite
1313 1583 79 26 was
1422 1566 136 53 placed
1579 1578 51 26 on
1652 1565 69 38 the

403 1648 87 25 awn
508 1635 138 41 before
664 1632 67 45 the
752 1636 141 40 house,
922 1629 131 38 where
1074 1626 50 38 its
1137 1624 124 40 tricks
1281 1622 74 39 and
1370 1631 248 40 appearance
1635 1616 47 39 de-

403 1687 142 52 ighted
574 1687 71 38 the
674 1683 159 52 family.
891 1682 86 39 The
1010 1677 97 41 fond
1137 1677 172 39 mistress
1349 1674 148 50 having
1532 1683 78 26 one
1626 1669 78 51 day

403 1740 63 38 eft
482 1753 26 25 a
539 1752 87 26 rose
645 1736 126 39 which
802 1735 71 39 she
901 1733 76 40 had
1010 1729 176 56 plucked
1215 1729 37 38 in
1285 1728 69 37 the
1382 1724 165 53 garden,
1576 1735 52 26 on
1645 1722 70 38 the

384 1773 1 71 -
404 1796 109 47 steps
540 1791 48 39 of
600 1791 70 39 the
685 1788 97 45 hall,
810 1787 70 40 the
911 1786 204 38 favourite
1129 1786 73 35 not
1235 1778 91 53 only
1349 1775 189 41 breathed
1557 1775 69 38 the
1643 1773 61 39 fra-

403 1857 152 41 grance
567 1844 48 39 of
626 1844 67 38 the
715 1841 150 44 flower,
893 1839 72 38 but
983 1841 67 34 ate
1068 1835 69 39 the
1154 1831 165 41 damask
1343 1831 111 37 buds.
1514 1826 142 40 Before
1677 1826 50 37 he

391 1897 97 43 _had
517 1896 165 39 finished
704 1894 59 38 his
795 1897 131 47 repast
965 1891 72 39 the
1059 1886 106 51 Lady
1187 1883 159 41 noticed
1364 1881 70 38 the
1454 1884 79 40 act,
1564 1878 74 39 and
1657 1878 69 37 she

409 1946 273 51 immediately
703 1944 143 41 turned
879 1952 110 43 away
1011 1942 107 39 from
1136 1939 71 38 her
1238 1935 220 44 favourite,
1487 1931 76 39 and
1596 1929 130 39 would

409 2015 123 27 never
552 2014 66 26 see
638 2002 30 35 it
681 2001 133 50 again.
872 1996 80 39 She
952 1990 260 45 'entertained
1228 2002 48 25 an
1290 1987 87 39 idea
1390 1987 87 37 that
1492 1983 69 39 the
1580 1981 149 41 animal

409 2055 80 38 had
513 2052 174 41 violated
718 2054 72 35 her
827 2047 252 53 hospitality,
1108 2046 52 50 by
1188 2040 231 50 destroying
1441 2039 70 37 her
1528 2035 202 38 favourite

412 2107 155 39 flower.
622 2107 122 47 Many
767 2101 118 40 other
913 2105 195 35 instances
1134 2095 47 38 of
1204 2092 146 41 refined
1369 2088 235 52 singularity
1626 2087 104 38 have

394 2144 2 66 •
411 2157 293 53 distinguished
724 2156 79 39 this
830 2153 106 52 Lady
959 2164 149 38 among
1126 2150 71 38 her
1220 2144 257 53 neighbours.

468 2215 80 35 Mr.
568 2212 132 38 Horne
716 2206 144 43 Tooke
880 2206 31 38 is
931 2218 40 26 so
992 2203 118 40 much
1131 2196 214 44 recovered
1367 2207 41 25 as
1422 2199 45 33 to
1486 2192 50 39 be
1553 2189 181 43 declared

412 2264 54 51 by
502 2264 60 38 his
596 2262 226 53 physicians
852 2257 87 39 able
970 2262 44 34 to
1046 2254 172 39 weather
1251 2250 67 39 the
1337 2249 138 37 winter
1494 2245 38 38 in
1553 2244 112 52 point
1695 2242 46 38 of

409 2320 185 48 physical
627 2313 196 51 strength,
860 2307 195 57 provided
1087 2307 60 38 his
1180 2302 106 40 mind
1305 2314 71 26 can
1414 2301 47 37 be
1488 2296 99 52 kept
1606 2295 129 48 riding

412 2368 155 52 quietly
588 2373 44 32 at
659 2366 167 43 anchor,
846 2362 76 39 and
953 2365 73 35 not
1044 2355 169 44 suffered
1233 2361 43 33 to
1296 2355 217 37 adventure
1532 2361 74 39 any
1624 2357 113 28 more

416 2433 52 26 on
489 2420 70 38 the
575 2421 178 45 political
770 2428 122 26 ocean
906 2418 17 34 I

470 2473 33 37 A
540 2485 84 25 new
643 2471 91 50 plan
756 2470 69 35 has
846 2470 97 35 been
974 2460 176 53 recently
1182 2456 213 56 suggested
1429 2453 66 39 for
1526 2450 211 52 enlarging

417 2523 222 40 Smithfield
680 2520 177 44 Market,
893 2531 46 26 or
979 2517 136 38 rather
1149 2512 66 39 for
1252 2509 209 48 rendering
1491 2505 67 39 the
1578 2506 162 48 present

417 2590 117 38 space
555 2576 196 50 adequate
772 2577 43 34 to
834 2572 69 38 the
919 2567 247 43 transaction
1185 2563 48 40 of
1261 2563 66 39 the
1349 2557 198 43 increased
1569 2556 172 39 business

418 2628 50 39 of
480 2629 67 38 the
569 2627 174 39 market.
802 2628 35 34 It
857 2623 30 38 is
908 2620 194 53 proposed
1124 2623 41 32 to
1183 2627 162 28 remove
1365 2613 66 38 the
1447 2610 118 51 sheep
1581 2607 161 40 market

422 2686 44 34 to
488 2694 46 25 an
556 2693 126 37 upper
699 2686 123 40 story,
848 2681 41 33 to
908 2670 50 43 he
976 2668 253 44 constructed
1248 2667 47 38 of
1322 2669 81 35 cast
1423 2665 104 43 iron,
1547 2673 97 27 over
1676 2660 66 37 the

420 2739 172 47 present
619 2745 131 38 space,
771 2728 96 39 with
900 2725 167 41 inclined
1089 2722 149 52 planes,
1258 2720 61 39 for
1339 2719 67 39 the
1439 2720 133 35 ascent
1604 2712 50 39 of
1681 2712 66 37 the

423 2786 138 51 sheep,
578 2785 77 38 and
689 2784 89 38 that
795 2781 70 38 the
885 2778 125 40 whole
1030 2776 50 39 of
1093 2776 84 39 the'
1193 2785 113 40 space
1330 2767 174 43 beneath
1537 2764 142 41 should
1702 2765 45 37 be

425 2839 96 39 used
541 2851 43 25 as
604 2850 24 26 a
644 2836 151 46 market
824 2833 60 39 for
905 2830 151 40 horned
1076 2826 136 40 cattle.

478 2894 37 37 A
534 2889 187 40 shrewish
742 2887 91 38 wife
852 2883 177 54 pressing
1050 2883 69 38 her
1137 2876 180 44 husband
1330 2881 45 34 to
1390 2870 175 57 partake
1579 2869 48 40 of
1638 2880 111 28 some

428 2942 123 40 mock
572 2941 123 40 turtle
712 2953 116 37 soup,
860 2939 47 37 he
926 2934 202 54 peevishly
1153 2929 144 53 replied
1316 2943 11 24 :
1417 2927 77 41 No,
1515 2935 65 26 my
1604 2923 106 38 Dear
1731 2922 14 35 1

425 2996 129 39 thank
591 3007 79 39 yon
685 3011 12 30 ;
729 2995 15 35 1
776 2993 102 37 have
909 2988 77 40 had
1016 3001 26 26 a
1076 2985 142 43 surfeit
1250 2981 47 40 of
1323 2983 112 35 mock
1465 2966 120 50 turtle
1604 2974 105 38 since
1728 2972 20 38 1

482 3105 63 38 An
562 3099 208 53 ingenious
789 3093 330 54 correspondent,
1147 3087 91 39 who
1267 3085 72 39 has
1357 3083 126 40 taken
1501 3092 112 26 some
1632 3076 116 63 pains

430 3159 46 35 to
501 3156 102 38 form
626 3165 22 25 a
664 3150 194 53 probable
874 3150 183 38 estimate
1075 3143 48 39 of
1146 3142 67 38 the
1232 3137 174 54 produce
1421 3133 48 40 of
1491 3132 69 38 the
1572 3131 182 39 different

430 3210 203 45 crossings
663 3208 37 34 in
719 3203 70 40 the
828 3197 236 54 metropolis
1082 3194 77 41 and
1187 3194 50 37 its
1256 3189 174 51 vicinity,
1459 3183 209 41 conceives
1685 3181 69 39 the

431 3274 116 39 gross
565 3262 169 37 amount
754 3261 44 33 to
813 3255 51 39 be
882 3267 51 25 no
953 3254 72 39 !ess
1043 3243 94 45 than
1160 3247 130 37 60001.
1306 3241 64 40 for
1388 3250 77 28 one
1482 3248 109 43 year.

431 3384 306 47 CEREMONY
768 3381 66 39 OF
865 3376 203 43 LAYING
1089 3372 110 40 THE
1218 3359 341 50 FOUNDATION
1589 3357 169 41 STONE

671 3444 66 40 OF
769 3431 457 52 COVENT•GARDEN
1260 3424 274 44 THEATRE.

481 3523 91 43 The
589 3520 211 53 following
831 3519 222 46 Ceremony
1077 3522 81 27 was
1176 3501 190 46 observed
1383 3496 208 58 yesterday
1620 3507 52 26 on
1691 3491 70 40 the

432 3580 191 41 occasion
638 3574 46 39 of
697 3574 136 52 laying
847 3569 66 39 the
924 3562 255 45 Foundation
1200 3561 117 39 Stone
1333 3554 46 40 of
1395 3554 67 39 the
1474 3553 94 38 New
1586 3548 175 38 Theatre

437 3631 136 52 Royal
593 3630 39 38 in
654 3628 157 40 Covent
827 3620 158 41 Garden

485 3689 84 34 The
588 3683 122 35 Grand
730 3680 124 43 L.)dge
874 3686 71 25 was
954 3671 145 48 opened
1115 3673 41 32 at
1181 3666 133 34 twelve
1328 3660 146 37 o'clock
1489 3659 51 44 by
1557 3654 63 35 the
1639 3653 37 33 S.
1696 3650 61 35 W.

438 3746 45 26 or
502 3736 41 34 .1.
565 3732 60 34 W.
645 3742 41 24 or
704 3729 129 34 Seni:)r
849 3725 44 33 G.
912 3724 45 34 0.
979 3724 161 44 present.

491 3783 51 33 At
573 3778 85 35 half
666 3782 83 43 past
771 3777 58 38 12,
847 3769 207 50 proceeded
1082 3774 37 28 to
1135 3764 64 35 the
1217 3762 107 46 place
1354 3751 159 48 assigned
1531 3749 70 38 and
1625 3744 135 38 waited

449 3834 47 34 be
511 3828 142 37 arrival
671 3826 44 35 of
723 3826 61 34 the
801 3822 33 34 G
866 3822 57 33 M.

493 3879 81 34 The
592 3874 138 37 arrival
749 3872 44 35 of
804 3870 63 35 the
885 3868 48 35 O.
950 3867 54 33 M.
1028 3857 211 41 announced
1252 3856 51 45 by
1330 3852 60 37 the
1407 3849 58 37 air
1476 3847 44 35 of
1580 3842 81 37 God
1678 3848 84 27 save

442 3925 66 40 the

495 3976 85 34 The
598 3973 44 33 G.
659 3971 51 33 M.
730 3965 180 38 followed
922 3965 48 41 by
984 3961 65 35 the
1064 3954 120 38 Grand
1204 3952 163 39 OfficerA,
1384 3940 203 52 proceeded
1597 3939 94 34 from
1703 3934 59 35 the

443 4019 163 39 covered
639 4018 106 45 place
776 4013 70 37 assi
860 4011 81 43 toed
969 4016 38 28 to
1026 4006 142 35 receive
1187 4002 112 38 them,
1324 4002 38 30 to
1380 3997 60 32 the
1456 3992 105 44 place
1578 3981 184 52 prepared

444 4072 63 34 for
523 4070 64 34 the
604 4076 211 32 ceremony,
834 4055 158 48 through
1011 4067 47 24 an
1074 4051 87 38 arch
1180 4048 113 38 raised
1313 4044 59 35 for
1389 4041 61 35 the
1467 4044 171 40 purpose.

496 4119 83 37 The
593 4123 120 38 upper
733 4116 81 40 part
834 4109 46 37 of
889 4109 60 33 the
966 4110 103 31 stone
1083 4101 107 45 being
1201 4095 135 40 raised,
1359 4090 61 35 the
1437 4087 45 35 G.
1504 4085 47 35 T.
1577 4075 188 52 deposited

449 4167 34 34 in
506 4166 30 34 it
553 4159 65 41 the
639 4162 111 35 Coins
762 4148 72 47 arri
856 4155 155 37 Medals.

489 4214 83 38 The
589 4213 141 37 cement
744 4200 116 53 bein
873 4199 201 54 prepared;
1095 4196 65 38 the
1174 4194 58 37 G..
1241 4191 56 37 M.
1310 4182 164 52 olosted
1491 4181 65 39 tbe
1564 4186 98 30 saute
1676 4170 91 40 with

2995 118 53 46 11

1756 252 50 30 his
1824 248 57 41 tr•
1880 248 19 41 -
1899 248 76 41 mel,
2000 248 69 39 ;tad
2086 247 60 40 the
2164 253 99 31 stow
2284 255 73 30 was
2375 244 52 33 let
2443 243 109 32 down
2571 242 122 32 whilst
2709 252 22 22 a
2750 242 149 32 marital
2919 242 53 32 air
2993 253 74 22 was

1756 295 148 45 played.

1801 345 79 32 The
1907 341 46 34 G.
1976 340 53 33 M.
2049 340 83 33 then
2161 339 94 33 tried
2272 338 60 34 the
2362 335 103 34 work
2484 335 50 44 by
2558 333 63 34 the
2641 333 137 44 plumb,
2811 332 63 34 the
2890 334 89 32 leiel
3000 337 69 31 and

1760 390 58 33 the
1834 398 148 35 square,
2011 387 120 33 which
2152 396 98 22 were
2261 385 180 41 severally
2463 381 185 44 presented
2668 387 34 25 to
2722 380 77 32 him
2819 381 48 31 by
2885 381 59 32 the
2959 383 40 31 J.
3026 384 41 28 W

1759 438 60 32 the
1839 439 37 31 S.
1898 437 57 32 W.
1974 433 69 34 and
2061 435 60 32 the
2139 432 141 45 deputy
2298 431 46 33 G.
2362 431 54 32 M.
2438 431 66 32 and
2524 429 132 41 having
2674 426 106 33 found
2804 429 26 31 it
2850 437 150 27 correct.
3028 429 44 33 he

1762 484 103 43 layed
1885 483 65 33 the
1965 488 100 26 stone
2079 481 47 41 by
2143 480 126 44 giving
2284 478 105 33 three
2405 477 139 32 knocks
2564 476 91 33 with
2675 475 53 31 his
2747 475 141 32 mallet.

1807 530 79 35 The
1904 540 100 28 corn,
2034 528 107 39 wine,
2166 526 70 34 and
2255 526 66 40 oil,
2347 534 100 25 were
2461 523 80 32 then
2562 521 185 45 presented
2764 526 38 27 to
2817 522 63 32 the
2957 521 53 33 M.
3030 521 44 33 he

1762 576 193 38 scattered,
1981 574 67 34 and
2069 574 136 43 poured
2225 573 97 34 them
2341 581 43 24 on
2401 569 60 34 the
2478 578 113 31 stone,
2608 568 69 32 and
2698 568 247 32 immediately
2962 568 94 32 after-

1769 625 115 34 wards
1897 621 183 34 delivered
2098 627 34 26 to
2150 621 64 32 the
2226 618 193 40 Architect
2433 617 59 33 the
2512 617 85 43 plan
2615 613 125 46 ofthe
2758 614 180 41 building,
2961 615 97 32 desir-

1768 672 64 44 ing
1846 672 74 33 him
1939 676 37 27 to
1990 667 181 44 complete
2184 666 61 33 the
2263 671 181 27 structure
2458 661 196 41 according
2670 666 38 26 to
2735 661 78 32 that
2836 663 105 41 plan;
2970 661 86 32 wish-

1767 720 58 41 ing
1832 726 137 27 success
1977 717 67 32 and
2056 717 208 43 prosperity
2282 719 37 25 to
2331 713 61 31 the
2409 711 119 37 work,
2542 707 66 34 and
2622 707 60 32 the
2693 709 145 41 general
2852 706 116 46 object
2985 707 43 34 of
3038 711 40 32 it.

1814 765 33 33 A
1858 764 70 45 feu
1942 763 40 33 de
1990 763 83 43 joye
2093 771 74 24 was
2186 761 83 33 then
2289 758 104 38 tired,
2409 757 69 33 and
2504 757 60 31 the
2593 754 105 37 G.ll.
2717 756 151 31 retired.

1813 813 78 33 The
1924 809 174 34 Brothers
2126 807 169 35 returned
2321 813 39 26 to
2395 804 61 33 the
2490 803 91 33 Hall
2615 802 37 33 in
2674 800 233 43 Procession,
2931 801 67 34 and
3019 801 61 34 the

1770 859 123 38 Grand
1912 857 120 43 Lodge
2048 852 221 45 was.closed.

1233 125 143 53 THE
1409 124 371 53 NATIONAL
1814 119 377 54 REGISTER.

2141 978 187 40 BOARD
2357 976 65 37 OF
2452 973 248 45 INQUIRY.

1826 1117 87 44 The
1936 1121 157 51 Report
2113 1119 78 40 and
2223 1116 172 54 Opinion
2415 1115 47 40 of
2487 1116 71 39 the
2589 1113 132 43 Board
2738 1111 50 41 of
2809 1113 162 53 Inquiry
2987 1113 74 45 hav-

1778 1183 67 51 ing
1864 1181 98 39 been
1991 1186 85 34 sent
2108 1181 80 39 this
2212 1180 76 52 day
2308 1183 45 34 to
2383 1178 69 39 the
2466 1176 149 53 parties
2642 1174 239 47 concerned,
2911 1187 53 26 we
2985 1174 107 47 have

1779 1244 185 39 obtained
1982 1244 71 38 the
2082 1245 213 37 substance
2327 1240 110 39 from
2471 1239 70 40 the
2571 1237 152 40 friends
2744 1234 48 40 of
2805 1248 77 26 one
2902 1234 46 40 of
2972 1238 119 37 those

1780 1305 161 54 parties,
1969 1305 69 39 the
2063 1307 137 50 report
2235 1302 183 39 contains
2437 1311 50 26 an
2512 1300 177 37 abstract
2725 1297 51 39 of
2787 1298 72 38 the
2889 1297 202 44 evidence,

1780 1365 74 40 and
1878 1364 33 39 is
1938 1364 46 39 of
2000 1370 113 48 great
2141 1363 157 53 length,
2327 1363 73 39 but
2432 1361 67 40 the
2519 1359 165 53 opinion
2713 1357 33 41 is
2774 1357 131 39 stated
2921 1363 44 33 to
2987 1357 47 39 be
3050 1369 47 26 as

1781 1426 155 39 follows
1951 1442 67 22 :

1891 1489 61 38 On
1971 1500 24 25 a
2013 1485 291 43 consideration
2322 1481 46 40 of
2379 1480 53 41 all
2446 1481 67 39 the
2529 1474 321 50 circumstances,
2861 1492 41 25 as
2915 1482 56 35 set
2982 1476 115 41 forth

1785 1556 27 19 44
1839 1553 63 39 set
1919 1548 106 39 forth
2057 1546 39 40 in
2125 1546 78 43 this
2233 1547 170 51 Report,
2432 1556 58 26 we
2517 1546 104 34 most
2654 1540 164 52 humbly
2841 1540 146 41 submit
3019 1553 79 26 our

1839 1610 183 52 opinion,
2049 1609 90 39 that
2156 1620 65 25 .no
2242 1605 158 40 further
2426 1603 174 52 military
2634 1602 246 52 proceeding
2908 1600 30 38 is
2966 1611 112 28 neces-

1843 1683 89 38 sail
1969 1683 50 25 on
2039 1669 69 39 the
2141 1669 157 47 subject
2311 1683 9 21 :
2357 1667 185 43 Because,
2575 1663 233 39 howsoever
2836 1672 109 26 some
2974 1663 50 35 of
3057 1676 45 26 us

1787 1739 27 18 46
1845 1744 89 38 may
1955 1730 112 39 differ
2081 1729 70 40 in
2151 1742 74 26 our
2243 1727 233 40 sentiments
2490 1723 219 52 respecting
2728 1722 69 39 the
2818 1722 135 39 fitness
2967 1723 50 38 of
3028 1723 71 38 the

1846 1791 307 46 Convention,in
2165 1789 72 39 the
2250 1787 163 40 relative
2426 1786 193 40 situation
2628 1783 47 39 of
2685 1785 67 38 the
2763 1787 81 33 two
2856 1782 157 45 armies,
3027 1783 31 39 it
3072 1785 33 39 is

1791 1861 27 18 66
1846 1866 76 26 our
1942 1853 236 39 unanimous
2196 1850 263 44 declaration,
2478 1848 87 38 that
2582 1844 331 54 unquestionable
2928 1846 80 38 zeal
3026 1846 77 39 and

1850 1917 178 38 firmness
2047 1925 150 40 appear
2217 1911 253 52 throughout
2490 1913 41 34 to
2552 1907 105 40 have
2693 1906 97 38 been
2818 1905 203 39 exhibited
3052 1906 52 51 by

1858 1972 340 44 Lieut.-Generals
2217 1972 58 39 Sir
2297 1974 94 35 Hew
2413 1967 248 54 Dalrymple,
2679 1968 59 37 Sir
2759 1967 130 50 Harry
2911 1968 193 44 Burrard,

1857 2037 74 38 and
1952 2036 57 39 Sir
2026 2035 150 39 Arthur
2193 2031 223 52 Wellesley,
2451 2043 41 26 as
2526 2029 87 39 well
2634 2041 40 26 as
2695 2028 89 38 that
2804 2027 71 37 the
2896 2027 113 39 order
3026 2030 79 38 and

1854 2096 200 54 gallantry
2074 2096 47 38 of
2133 2095 71 39 the
2224 2099 77 34 rest
2315 2093 47 39 of
2370 2094 69 38 the
2458 2091 155 40 officers
2633 2089 78 38 and
2726 2087 181 44 soldiers,
2922 2100 47 26 on
2986 2101 124 40 every

1858 2159 185 39 occasion
2070 2157 146 52 during
2248 2154 78 40 this
2357 2152 259 53 Expedition,
2635 2150 104 46 have
2771 2147 105 39 done
2896 2147 156 41 honour
3066 2154 44 34 to

1857 2219 67 39 the
1945 2225 150 46 troops,
2111 2218 77 39 and
2204 2213 185 44 reflected
2406 2213 120 39 lustre
2545 2224 54 26 on
2619 2224 102 39 your
2743 2211 204 50 Majesty's

1852 2283 37 38 It
1906 2295 138 32 seems,
2076 2280 92 39 that
2186 2290 107 40 upon
2315 2277 78 39 this
2426 2275 165 53 opinion
2626 2272 119 50 being
2764 2270 196 40 delivered
2982 2277 44 32 to
3045 2272 70 38 the

1801 2342 266 39 Commander
2083 2341 39 38 in
2141 2336 131 45 Chief,
2294 2337 60 38 his
2374 2335 130 52 Royal
2538 2333 195 53 Highness
2753 2330 129 40 found
2902 2330 28 39 it
2946 2344 77 24 was
3041 2335 73 34 not

1801 2417 43 26 so
1879 2401 180 53 explicit,
2096 2413 106 40 upon
2231 2399 72 39 the
2337 2396 211 40 Armistice
2581 2394 74 39 and
2688 2394 266 46 Convention,
2983 2406 43 26 as
3044 2393 71 39 the

1802 2465 128 40 words
1948 2465 48 39 of
2009 2464 59 39 his
2087 2465 207 47 Majesty's
2311 2459 185 39 Warrant
2518 2454 196 56 appeared
2751 2460 43 33 to
2826 2454 132 51 enjoin
2978 2470 9 28 ;
3035 2454 80 38 and

1804 2528 67 39 the
1890 2528 125 38 Court
2034 2537 74 26 was
2126 2522 204 40 therefore
2363 2518 165 39 ordered
2549 2524 44 33 to
2615 2513 270 45 re-assemble,
2915 2513 74 39 and
3021 2515 71 39 sub-

1799 2589 90 52 join
1925 2587 103 39 their
2335 2582 207 41 Whether,
2575 2582 124 43 under
2725 2580 65 35 the
2815 2578 162 37 relative
2995 2578 102 37 situa-

1806 2654 79 35 tion
1906 2650 48 50 of
1974 2652 61 35 Ike
2052 2654 73 32 two
2145 2647 161 37 Armies
2337 2655 50 26 on
2419 2643 64 37 the
2510 2642 78 35 '22d
2616 2640 174 46 August,
2820 2649 53 25 an
2908 2636 211 38 Armistice

1806 2725 83 26 was
1905 2711 217 38 adviseable
2139 2720 13 30 ;
2180 2709 79 35 and
2287 2706 41 47 if
2350 2717 57 30 so,
2426 2702 172 38 whether
2624 2700 64 38 the
2706 2705 120 32 terms
2844 2709 103 26 were
2963 2700 93 34 such
3077 2712 44 24 as

1809 2774 118 48 ought
1945 2779 37 30 to
1995 2776 45 33 be
2057 2771 146 46 agreed
2219 2779 103 35 upon
2340 2761 177 45 ?—And,
2549 2760 38 38 in
2607 2758 80 40 like
2717 2769 182 33 manner,
2919 2759 100 37 their
3034 2760 67 48 opi-

2010 2831 204 40 Whether,
2250 2829 126 35 under
2411 2826 63 37 the
2491 2824 165 37 relative
2674 2822 188 37 situation
2882 2820 47 48 of
2955 2820 64 37 the
3047 2824 77 32 two

1812 2897 144 38 armies
1972 2895 229 44 subsequent
2219 2893 37 32 to
2276 2890 63 34 the
2357 2887 228 40 Armistice,
2615 2884 78 35 and
2718 2882 109 48 after
2856 2882 64 35 the
2936 2882 122 35 whole
3084 2882 50 47 of

1812 2960 64 34 the
1892 2956 150 38 British
2050 2954 120 48 force
2189 2952 77 35 had
2282 2952 92 34 been
2398 2948 149 39 landed,
2580 2957 20 24 a
2628 2942 234 38 Convcation
2883 2953 76 25 was
2975 2944 131 34 advise-

1813 3020 85 35 able
1913 3032 13 27 ;
1956 3018 78 35 and
2047 3014 40 50 if
2096 3025 59 33 so,
2174 3012 172 37 whether
2373 3012 65 34 the
2465 3013 117 33 terms
2614 3017 105 25 were
2746 3005 98 37 such
2876 3013 45 26 as
2952 3005 117 46 ought
3089 3009 40 31 to

1813 3085 45 33 be
1877 3080 146 45 agreed

1867 3150 117 50 Upon
2002 3144 109 39 these
2126 3146 80 34 two
2233 3137 204 56 questions
2469 3133 120 52 being
2626 3131 227 54 separately
2874 3133 71 51 put
2962 3135 41 38 to
3031 3131 100 39 each

1819 3209 181 40 Member
2017 3206 50 38 of
2080 3204 69 39 the
2165 3207 143 39 Court,
2331 3202 30 37 it
2381 3210 182 41 appears,
2591 3196 87 39 that
2909 3210 111 40 -141'tt•

1865 3274 155 38 General
2041 3273 58 33 Sir
2125 3269 125 37 David
2271 3268 162 41 Dnoclas,
2662 3285 22 17 ,t
2701 3268 92 39 wasi

1865 3321 157 38 General
2044 3319 93 34 Lord
2158 3315 231 43 Heathfield,
2921 3315 5 44 •

1866 3369 155 37 General
2041 3366 128 43 Craig,
2589 3383 107 34 Were
2714 3379 60 37 for
2791 3379 63 35 the
2871 3378 207 38 Armistice.,

1866 3413 304 40 Lieut.-General
2197 3411 87 34 Earl
2306 3409 223 41 Pembroke,

1867 3463 235 38 Lieut.-Gen.
2126 3459 59 33 Sir
2204 3459 46 35 G.
2272 3457 158 44 Nugent,

1867 3508 301 40 Lieut.-General
2196 3506 171 41 Nichols,

2118 3572 90 35 Earl
2230 3569 137 41 Moira,
2385 3568 142 45 against
2549 3568 61 33 the
2630 3565 213 35 Armistice.

1871 3647 104 46 And,
1995 3659 105 40 upon
2121 3644 70 41 the
2210 3643 144 40 second
2374 3640 202 53 question,
2598 3640 31 39 it
2647 3650 184 43 appears,
2856 3635 144 40 that—

1870 3722 155 37 General
2046 3720 59 34 Sir
2124 3717 126 35 David
2277 3715 164 43 Dundas,

1870 3769 156 37 General
2046 3765 92 37 Lord
2161 3763 231 40 Heathfield,
2591 3783 109 34 Were
2717 3780 59 37 for
2792 3780 64 37 the
2876 3778 242 44 Conventiem

1869 3817 159 37 General
2050 3814 129 41 Craig,

1871 3861 301 39 Lieut.-General
2202 3859 59 35 Sir
2277 3859 45 35 G.
2354 3855 162 46 Nugent,

3039 3702 6 5 .
3087 3696 7 9 ,

1925 3933 90 35 Earl
2035 3931 141 40 Moira,

1919 3983 89 34 Earl
2033 3977 227 39 Pembroke,
2594 3969 156 46 Agairst
2766 3966 61 35 the
2850 3965 237 35 Contention.

1918 4023 396 41 Lieutenant-General
2334 4019 170 41 Nichols,

1874 4097 41 43 It
1932 4096 84 40 also
2034 4103 170 44 appears
2220 4090 90 39 that
2328 4088 98 40 each
2457 4085 48 41 of
2529 4084 72 41 the
2615 4083 122 40 latter
2754 4082 167 40 Officers
2940 4081 70 41 has
3026 4080 125 56 given

1824 4160 60 41 his
1904 4169 162 31 reasons
2081 4155 66 40 for
2165 4149 216 53 dissenting
2394 4148 109 43 from
2519 4147 73 41 the
2610 4143 210 54 majority.
