3392 4406
1178 94 151 53 THE
1361 94 384 54 NATIONAL
1782 98 383 57 REGISTER.

293 102 65 48 'lt

543 222 340 54 POPULAR,
933 221 449 59 PREACHERS.

865 301 79 39 No.
963 301 123 39 XXI.

996 409 81 37 'Tis
1097 411 128 46 pitiful

471 461 60 39 To
544 465 107 30 court
669 470 22 24 a
710 459 97 44 grin,
823 458 109 35 when
948 469 76 34 you
1041 458 131 34 should
1193 470 84 22 woo
1294 470 24 22 a
1336 458 107 43 soul;

470 510 58 33 To
548 509 115 33 break
683 520 25 22 a
716 507 93 46 jest,
833 508 103 32 when
956 507 81 45 pity
1058 507 132 34 should
1209 508 138 46 inspire

480 556 170 34 Pathetic
667 555 268 39 exhortation;
961 555 71 32 and
1052 561 39 27 to
1104 555 149 34 address

470 605 83 32 The
570 605 154 33 skittish
746 605 109 41 fancy
875 602 90 34 with
989 601 178 35 facetious
1186 604 109 43 tales,

476 652 123 33 When
614 658 76 28 sent
707 651 96 40 with
821 650 124 35 Gun's
958 650 248 39 Cou►iuissiou
1224 657 38 30 W
1278 652 64 33 the
1359 651 123 34 lioart
1496 651 61 33 !

1391 699 86 33 COW
1486 710 97 25 PI:R.

578 813 124 43 IMP.
733 811 275 39 ROWLAND
1041 811 145 47 HILL,
1213 811 57 39 M.
1289 811 50 39 A.

930 880 48 24 U!

781 930 138 30 SURRY
948 931 56 25 CH'
1017 931 119 26 SM.

334 978 178 41 'WISDOM
534 992 154 26 assures
720 991 50 27 us
796 980 118 38 there
939 979 33 39 is
1002 993 25 22 a
1059 979 98 39 time
1178 978 65 40 for
1270 991 123 40 every
1417 978 136 53 thing.
1609 980 17 38 I

282 1032 119 46 wish,
431 1033 219 44 therelorc,
678 1032 91 38 that
806 1032 28 37 it.
856 1032 73 39 had
956 1031 124 39 fallen
1114 1037 44 37 to
1178 1044 65 39 my
1267 1031 59 39 tot
1346 1039 43 33 to
1420 1032 188 38 characte-

283 1087 78 37 rise
383 1087 67 37 the
471 1088 31 37 It
513 1088 84 35 KV.
622 1087 228 37 HOWLAN
863 1088 30 34 I)
918 1087 126 38 HILL
1065 1084 109 40 when
1196 1084 54 40 he
1270 1097 79 26 was
1368 1098 77 30 1119
1444 1098 39 30 EC

280 1143 48 32 to
350 1139 113 38 listen
483 1143 45 33 to
557 1140 69 35 the
645 1139 256 50 sug.restions
918 1137 48 38 of
981 1139 276 43 observation,
1291 1136 80 39 and
1393 1150 117 26 more
1538 1129 90 47 able

280 1196 46 32 to
346 1192 150 38 sustain
517 1191 155 39 critictl
846 1207 14 27 ;
887 1191 112 39 when
1022 1204 118 38 years
1170 1189 163 40 neither
1351 1191 197 51 impaired
1569 1191 59 39 his

281 1244 184 52 strength
485 1257 74 26 nor
581 1244 223 39 confirmed
833 1244 60 39 his
911 1244 204 51 opinions,
1141 1244 80 39 and
1253 1244 115 39 when
1394 1244 142 52 family
1560 1244 45 39 be-

281 1302 257 34 reavements
567 1297 13 39 k
583 1311 26 25 n
676 1302 74 34 not
781 1297 261 52 particularly
1077 1297 171 40 atfected
1278 1298 64 38 his
1367 1297 187 52 feelings.
1609 1298 15 38 I

278 1362 71 39 *ay
373 1350 80 38 this
472 1349 276 53 unfeignedly.
804 1352 53 38 As
894 1363 22 26 a
947 1350 255 53 clergyman,
1231 1352 17 37 I
1269 1364 92 38 may
1382 1351 246 52 disapprove

279 1401 52 39 of
350 1403 80 38 Mr.
452 1402 109 45 HA;
592 1403 71 38 but
684 1403 15 37 I
733 1415 66 31 an%
822 1403 165 39 induced
1009 1409 45 32 to
1088 1409 152 44 respect
1272 1403 65 39 his
1352 1406 163 50 private
1530 1416 73 30 con-

276 1455 124 43 duct,
424 1455 77 39 and
520 1460 45 33 to
585 1455 161 44 honour
764 1455 61 39 his
844 1454 123 41 social
986 1455 287 44 benevolence,

332 1509 89 37 The
437 1513 144 33 events
598 1507 47 39 of
670 1508 79 38 Mr.
1018 1519 72 28 are
1107 1514 71 33 too
1200 1507 90 40 well
1320 1508 157 39 known
1498 1513 47 37 to
1565 1522 40 26 re-

275 1561 125 50 wire
428 1566 46 33 to
503 1560 50 39 be
592 1559 260 53 particularly
886 1561 174 40 detailed
1090 1576 54 25 on
1178 1561 85 39 this
1291 1564 206 38 occasion.
1556 1564 71 38 His

276 1612 122 45 lineal
418 1613 161 39 descent
600 1628 30 24 is
648 1613 141 60 highly
814 1616 276 51 respectable;
1119 1616 78 38 and
1219 1616 51 38 he
1297 1629 81 26 was
1397 1615 158 52 placed,
1584 1620 44 34 at

275 1664 78 40 the
387 1678 145 39 proper
565 1680 94 39 age,
694 1680 39 25 in
769 1668 176 53 trainiug
981 1669 66 40 for
1084 1668 70 40 the
1191 1668 198 40 Christian
1422 1668 202 46 ministry,

275 1721 219 51 agreeably
533 1724 45 33 to
612 1719 66 41 the
704 1720 209 52 discipline
948 1720 51 40 of
1031 1721 69 39 the
1127 1721 244 40 established
1398 1722 154 39 church
1581 1722 52 38 of

275 1773 118 38 these
412 1772 230 53 kingdonis.
703 1774 60 37 lie
798 1786 99 26 soon
917 1774 214 53 betrayed,
1159 1774 207 46 however,
1394 1787 51 26 an
1467 1774 136 40 attach-

273 1830 117 34 ment
413 1825 59 39 for
490 1839 21 20 v
527 1826 71 38 hat.
615 1838 78 26 was
707 1825 94 39 then
819 1826 203 53 generally
1039 1827 254 50 stigmatised
1307 1840 41 26 as
1367 1827 255 39 methodism.

363 1878 180 43 revolted
565 1879 104 37 from
686 1877 73 41 the
780 1885 144 47 system
945 1879 70 39 for
1030 1879 130 39 which
1181 1880 53 38 he
1251 1879 77 39 had
1352 1881 98 37 been
1469 1879 131 40 intend-

272 1930 52 39 ed
343 1946 17 30 ;
385 1931 94 45 and,
509 1932 51 51 by
583 1931 78 43 this
678 1931 255 46 dorilectioa,
960 1933 187 39 incurred
1167 1946 44 26 so
1233 1932 119 40 much
1370 1933 67 38 the
1455 1932 148 52 displea-

270 1995 98 27 sure
389 1983 48 39 of
459 1983 60 50 his
553 1983 208 53 relations,
790 1984 92 40 that
908 1997 57 26 we
994 1997 72 27 are
1095 1985 220 45 informed,
1342 1985 38 39 in
1414 1989 78 40 Mr.
1512 1990 115 48 Jay's

384 2035 48 39 of
458 2037 67 50 the
550 2037 104 43 Rev.
676 2036 216 44 Cornelius,
912 2039 174 45 Winter,
1111 2037 50 39 he
1183 2040 183 41 heCame,
1397 2043 41 38 at
1459 2053 77 25 one
1556 2053 46 38 pe-

270 2086 96 51 riod
399 2088 48 48 of
471 2089 60 38 his
562 2102 152 31 career,
794 2104 25 25 a
846 2092 208 45 distressed
1085 2092 230 53 gentl,eanan

270 2140 72 45 Olte
366 2139 172 56 InOves
552 2143 131 38 which
717 2143 146 40 induce
865 2145 26 38 d
909 2143 79 40 him
1011 2150 48 33 to
1076 2144 143 40 schism
1238 2144 270 53 wereclearly
1530 2158 72 34 con-

270 2194 237 47 scientions,
535 2209 50 25 or
608 2196 180 40 whether
808 2197 50 38 he
878 2198 92 52 only
1007 2198 208 51 preferred
1231 2204 237 44 perwa.7%-ut
1496 2211 99 35 popu-

270 2251 124 45 larity
417 2254 43 41 to
475 2255 163 43 present
663 2256 214 43 property,
904 2250 131 40 forms
1062 2264 56 25 no
1134 2257 93 44 part
1246 2251 51 38 of
1328 2263 79 26 our
1437 2251 159 39 immedi-

269 2306 70 33 ate
361 2301 305 52 investigation,
722 2303 60 39 He
1093 2316 43 25 as
1155 2304 28 38 it
1206 2316 81 33 was
1304 2303 96 39 then
1420 2303 180 41 consider-

270 2369 21 18 •
418 2354 66 41 for
501 2354 300 50 righteousness
839 2355 96 50 sake
1023 2355 148 46 which.
1198 2355 56 45 let
1281 2355 30 39 it
1333 2355 99 40 here
1459 2355 52 39 be
1528 2368 71 27 can-

268 2420 24 24 •
407 2407 233 51 e:enuoted,
666 2408 126 51 ofVers
822 2420 53 33 no
895 2407 141 46 trivial
1054 2408 189 40 evidence
1261 2408 38 45 M
1318 2408 150 45 favour
1488 2407 48 40 of
1559 2408 63 40 his

268 2460 209 51 slucerity.

324 2513 15 38 I
361 2512 53 39 do
436 2517 70 34 not
526 2511 116 46 deem
661 2511 27 51 it
706 2512 203 46 essential,
925 2518 44 35 to
985 2513 72 40 the
1072 2524 189 50 purposes
1280 2512 53 41 of
1345 2513 79 41 this
1443 2512 177 56 issquiry,

266 2569 48 41 to
348 2567 198 44 ascertain
581 2563 159 56 exim,i-tly
782 2567 115 50 yvhcii
932 2569 74 43 thc,
1033 2570 104 37 Rev.
1179 2567 202 46 hovlaud
1421 2567 80 40 Hill
1535 2569 85 40 first

262 2617 163 40 erected
449 2619 61 47 his,
791 2616 148 48 IteMnd
1159 2633 44 26 as
1231 2620 63 39 his.
1312 2620 117 52 place
1457 2621 52 39 of
1520 2635 77 26 wor-

266 2669 93 53 ship
397 2670 70 39 hied
489 2672 106 38 been
627 2678 70 33 not
733 2672 182 53 unaptly•
934 2673 128 40 called
1084 2691 12 30 ;
1126 2686 76 28 uor
1230 2674 102 40 dot
1361 2672 118 41 think
1512 2674 31 40 it
1579 2681 43 33 at

265 2724 56 39 ail
343 2737 209 41 necessary
578 2730 44 32 to
650 2725 177 46 exhibit,
856 2739 99 26 were
981 2726 32 39 it
1046 2727 39 37 in
1108 2740 63 37 my
1194 2740 138 39 power
1368 2733 44 33 to
1450 2734 183 45 procure,

265 2790 99 31 oue,
425 2789 47 28 an
511 2776 241 48 intelligible
798 2779 184 38 schedule
1022 2779 51 37 of
1126 2780 66 37 the
1230 2779 176 39 ticketed
1446 2785 105 45 seats
1581 2780 47 38 of

320 2832 120 51 Sorry
690 2844 43 25 as
755 2831 67 41 the
842 2831 81 39 said
997 2832 154 46 hound
1367 2832 30 38 is
1416 2833 182 51 evangeli-

262 2881 106 54 cally
391 2883 223 47 described.
671 2884 259 56 Speculation
951 2884 32 38 is
1003 2890 73 32 not
1095 2878 66 44 the
1178 2884 178 45 business
1376 2884 47 39 of
1439 2885 70 48 the
1530 2901 69 37 pre-

263 2942 92 33 sent
376 2935 178 53 ilvquiry.
611 2935 14 39 I
648 2935 195 54 imagine;
873 2936 210 46 however,
1113 2936 91 56 that
1224 2940 120 51 Surry
1369 2937 151 52 Chapel
1543 2940 77 38 will

262 2994 78 34 not
361 2989 149 41 always
539 2994 94 34 coat
640 3002 91 39 vine
750 3004 46 25 so
876 2987 221 58 profit:Able!
1126 2994 100 35 unto
1246 2989 50 39 all
1528 3005 45 25 as
1590 2993 31 38 it

261 3054 99 40 may
394 3034 183 51 bitiicrto
613 3041 106 40 have
746 3045 170 51 proved.
985 3043 196 53 Novelty,
1228 3056 131 30 ceases
1390 3050 47 33 to
1468 3050 152 35 attract

262 3090 56 43 its
350 3096 157 39 crowds
544 3100 46 33 to
622 3096 80 38 this
736 3085 248 61 evangelical
1023 3102 211 45 octagon;,
1278 3097 80 46 ancl
1389 3097 73 46 the
1491 3111 104 45 par.
1594 3111 26 45 :

260 3146 67 40 gar'
346 3146 200 50 influence
565 3146 51 50 of
643 3149 48 38 its
711 3149 172 50 l'ountler
1012 3150 133 52 whe,m
1168 3150 116 38 there
1303 3149 83 46 wi,ll
1410 3155 73 35 not
1517 3164 100 27 soon

305 3202 12 27 ►
334 3201 130 41 found
483 3198 51 41 :in
570 3202 201 50 adequate
802 3202 231 45 substitute,
1067 3202 30 37 is
1113 3215 91 26 now
1225 3197 152 59 rapidty

263 3255 105 40 Like
392 3255 76 38 'the
503 3253 85 46 late
609 3250 74 43 Mr.
720 3255 184 41 Menton,
935 3255 117 39 there
1071 3255 30 38 is
1136 3267 128 26 reason
1264 3267 21 26 .
1312 3261 56 32 to.
1388 3237 230 70 apprehend

256 3311 98 35 that
376 3309 84 38 31r.
483 3307 81 39 Hill
586 3320 92 35 inav
696 3307 246 59 outprfach,
961 3307 33 39 if
1017 3305 180 43 not'aiso
1219 3307 174 41 outlive,
1413 3308 165 38 himself
1591 3314 13 33 t

315 3361 328 51 Santilenvience,
676 3373 52 26 or.
759 3363 67 35 the
847 3360 223 52 elogneiace
1131 3359 20 39 f
1174 3359 70 39 the
1263 3359 148 52 pulpit,
1444 3361 35 52 is
1505 3363 48 39 of
1577 3377 44 24 so

257 3412 111 47 little
407 3413 123 39 value
566 3415 37 37 in
627 3411 66 40 the
707 3415 222 50 Judgment
966 3412 51 39 of
1046 3412 78 48 this
1155 3412 230 52 celebrated
1404 3413 216 47 Preacher,

256 3469 99 40 that
387 3467 31 39 it
441 3469 30 37 is
485 3474 72 31 not
580 3472 43 32 to
643 3469 46 35 be
719 3467 98 52 suppo
817 3467 19 52 l
836 3467 20 52 /
856 3467 20 52 2
876 3467 40 52 ed
943 3468 46 37 he
1010 3462 79 43 will
1109 3480 74 39 pay
1204 3467 67 38 the
1292 3467 99 38 least
1411 3465 148 52 degree
1579 3468 47 38 of

257 3521 207 41 attention
494 3526 47 32 to
578 3534 78 27 anv
693 3513 283 46 observations
1015 3517 54 39 of
1087 3520 111 40 mine
1225 3533 52 31 on
1307 3519 63 39 his
1396 3521 112 56 orato
1508 3521 22 56 F
1531 3521 90 56 ical

254 3574 325 52 qualifications.
635 3574 122 38 What
781 3576 13 37 1
826 3573 104 47 shall
958 3572 184 46 remark,
1170 3572 223 45 therefore,
1423 3586 78 25 can
1524 3574 93 51 only

255 3627 159 43 benefit
435 3627 117 39 those
574 3627 89 39 who
684 3640 94 27 may
814 3621 92 44 wish
945 3631 44 33 to
1028 3625 122 39 avoid
1176 3624 73 40 the
1271 3638 138 27 errors
1426 3626 131 38 which
1578 3640 43 25 so

253 3679 210 54 evidently
485 3679 151 52 belong
658 3685 44 33 to
722 3679 63 39 his
810 3685 148 45 system
978 3679 50 38 of
1044 3679 242 51 preaching.
1342 3678 59 46 0(
1424 3679 71 39 the
1518 3679 103 52 .gyle

254 3735 53 38 of
320 3736 161 50 singing
501 3732 112 52 early
637 3732 177 51 adopted
837 3732 73 39 and
932 3731 83 39 still
1033 3731 196 52 practised
1253 3731 35 38 in
1313 3731 59 37 his
1398 3731 164 52 chapel,
1593 3731 28 39 it

255 3796 113 32 mug
390 3788 96 39 with
507 3788 152 51 justice
680 3787 51 39 be
761 3784 191 46 asserted,
981 3785 41 38 in
1048 3784 70 39 the
1135 3783 256 51 versification
1391 3783 20 51 .
1430 3797 25 25 o
1496 3787 125 50 Pope,

252 3842 99 39 flat

354 3898 81 35 The
455 3895 162 43 liTeQsiog
633 3894 128 34 thrills
787 3893 161 44 through
964 3894 57 33 alt
1038 3893 38 33 th
1080 3904 21 24 e

1076 3893 41 46 ,
1117 3891 171 46 laboring
1307 3887 165 50 throng;,

356 3946 85 34 And
459 3945 203 45 lleaven_is
681 3953 83 25 won
784 3941 289 45 b3—Violence
1089 3939 45 34 of
1149 3940 118 44 Song!

254 4012 34 46 p.
291 4011 154 48 crimp.
476 4011 30 38 it
534 4010 34 38 is
598 4009 136 52 owing
765 4011 46 35 to
844 4005 80 39 this
1007 4004 187 46 violence
1230 4004 52 39 of
1478 4017 44 26 as
1556 4004 67 40 the

250 4070 104 46 poet
376 4065 52 52 by
446 4062 270 54 anticipation
741 4058 206 41 described
979 4058 52 47 it,
1064 4057 90 39 that
1183 4057 79 39 Mr.
1286 4057 85 39 Hill
1390 4058 30 38 is
1439 4071 45 25 so
1504 4058 100 38 sensi-

252 4119 71 40 'Me
345 4117 181 46 azitated
549 4116 112 39 when
685 4115 51 40 he
767 4119 135 34 enters
933 4111 59 39 his
1026 4110 150 54 pulpit,
1214 4109 78 41 and
1320 4109 89 39 first
1441 4124 182 33 surveys,

252 4174 43 38 in
320 4173 56 37 all
393 4170 237 44 directions,
660 4168 60 45 his
741 4167 274 51 surrounding
1035 4163 298 54 congregation
1354 4180 13 28 ;
1393 4162 228 54 frequently

252 4225 347 53 dcwoustratiug,
630 4221 150 54 dun);
798 4220 80 40 this
898 4219 161 56 periud,
1077 4219 51 53 by
1150 4217 203 43 alternate
1372 4221 254 54 moyeturts

1058 4267 4 20 •
1088 4267 8 20 t

2794 98 157 51 JAN.
2998 99 50 59 1.

1704 217 48 43 of
1763 221 66 41 the
1848 221 106 40 hand
1976 235 47 30 or
2040 234 105 34 arm,
2165 220 94 40 how
2281 221 188 53 properly
2492 222 60 39 his
2569 221 110 40 mind
2700 222 33 39 is
2746 222 99 39 then
2864 223 189 54 engaged

1704 272 39 40 in
1763 273 221 54 imploring
2006 274 189 53 blessings
2212 287 52 27 on
2284 274 69 40 the
2381 274 145 53 people
2542 278 12 35 t
2584 274 366 54 Notwithstanding
2967 275 86 45 this

1702 326 151 58 display
1876 327 53 40 of
1943 330 118 50 pious
2079 327 214 53 prcciiion,
2311 327 116 39 there
2446 328 46 44 is,
2511 327 38 40 in
2569 327 81 39 this
2670 327 217 52 preacher,
2904 341 24 26 a
2948 340 77 40 neg-

1701 378 156 54 ligence
1887 380 293 53 degenerating
2217 379 89 40 into
2340 380 275 40 slovenliness.
2670 384 209 37 Decorum
2916 380 126 56 really

1701 431 189 41 becomes
1906 435 71 38 the
1994 433 143 53 pulpit.
2194 437 39 37 It
2254 433 32 39 is
2301 432 175 54 painful,
2504 433 30 39 it
2554 433 32 39 is
2604 446 126 26 worse
2748 433 99 39 than
2856 435 20 51 -
2876 435 168 51 painful,

1701 490 44 33 to
1761 500 64 26 sec
1846 498 22 27 a
1889 484 156 47 divine,
2063 501 44 25 so
2125 485 161 54 placed,
2303 493 93 40 turn
2417 485 61 40 his
2497 485 123 46 back,
2648 485 69 40 the
2735 487 150 39 instalit
2906 485 48 40 he
2972 487 79 46 has

1700 539 168 41 finished
1889 539 64 40 his
1967 553 163 40 prayer,
2146 554 56 27 on
2222 540 66 39 the
2301 541 198 48 hearers;
2525 541 116 44 then,
2659 539 149 53 having
2830 539 132 53 pulled
2981 540 67 39 his

1700 593 116 39 robes
1834 594 86 39 into
1938 593 136 47 order,
2185 601 109 45 upon
2308 593 61 40 his
2385 592 187 47 cushion,
2585 592 78 40 rub
2679 592 59 40 his
2756 593 104 46 fate,
2889 592 159 54 feelihis

1698 646 164 45 mouth,
1891 646 81 39 and
2002 646 41 53 pi
2047 646 51 43 ck
2126 645 64 45 his
2220 658 111 34 hose,
2383 646 132 40 These
2546 646 138 53 things
2713 658 76 31 are
2811 651 74 38 not
2914 650 47 35 to
2991 646 58 43 be

1698 698 215 45 tolerated,

1752 754 78 37 Mr.
1854 751 86 40 ma
1974 751 113 53 gives
2118 751 65 39 his
2217 757 92 34 text
2339 764 102 41 very
2478 750 267 53 indistiactty,
2777 750 83 40 and
2895 750 148 41 almost

1698 803 223 59 inaudibly.
2006 807 86 39 The
2122 806 213 43 character
2363 804 48 39 of
2437 806 61 38 his
2528 803 221 45 discoerses
2774 803 33 40 is
2835 803 208 54 generally

1697 855 430 47 known;—sameness
2161 859 43 38 in
2237 859 229 44 substance,
2502 856 234 40 incoherent
2771 856 41 40 in
2848 868 191 41 arrange.

1698 918 122 40 meat,
1850 911 222 43 whimsical
2099 912 40 41 in
2177 909 266 46 illustration,
2476 909 230 53 commonly
2743 909 222 52 colloquial
2996 911 46 39 iR

1696 963 219 54 language,
1948 965 79 39 and
2053 961 236 56 abounding
2317 965 40 38 in
2376 969 163 47 strange
2569 963 141 53 flights
2725 963 50 39 of
2796 964 142 51 fancy,
2962 961 80 41 and

1695 1020 69 47 apt
1786 1018 70 38 but
1878 1018 253 39 homourous
2148 1017 158 39 stories.
2362 1018 64 39 He
2446 1016 221 52 absolutely
2691 1015 168 41 tabours
2885 1015 66 40 for
2979 1016 64 39 his

1696 1070 263 52 metaphors;
1987 1070 92 45 and,
2109 1070 41 39 in
2172 1070 61 39 his
2254 1069 87 40 zeal
2366 1075 50 34 to
2444 1070 128 39 lower
2596 1068 163 41 himself
2783 1075 46 33 to
2859 1068 107 40 what
2986 1068 57 40 he

1693 1123 211 41 conceives
1924 1128 44 34 to
1990 1124 48 37 be
2057 1122 66 39 the
2408 1136 47 25 or
2757 1122 47 38 of
2833 1121 61 38 his
2923 1121 94 40 audi-

1693 1188 113 33 ence,
1841 1176 56 40 he
1931 1175 224 53 constantly
2197 1174 194 41 mistakes
2422 1174 20 59 -
2443 1174 185 59 vulgarity
2660 1175 71 39 for
2751 1173 289 53 simplicity.—

1695 1231 70 37 Let
1785 1244 48 25 us
1848 1235 86 47 try,
1954 1230 109 39 from
2080 1241 206 47 memory,
2302 1241 113 27 some
2433 1228 48 39 of
2496 1227 118 39 those
2629 1240 187 45 passages
2835 1227 53 52 by
2907 1219 133 51 which

1695 1284 78 37 Mr.
1793 1281 116 40 Hill's
1928 1296 182 26 sermons
2126 1294 73 30 are
2215 1280 307 54 distinguished.

1748 1337 61 38 He
1825 1336 227 52 invariably
2072 1335 200 53 professes
2285 1348 24 26 a
2327 1333 93 53 holy
2438 1332 141 43 hatred
2593 1332 155 53 againet
2763 1336 273 47 play-Nausea.

1742 1390 61 37 \o
1825 1402 113 33 man,
1967 1389 139 39 indeed
2125 1388 137 40 would
2289 1401 59 41 go
2370 1393 48 35 to
2450 1401 25 26 a
2809 1385 231 40 exclaimed

1695 1443 80 38 Mr.
1799 1443 31 37 11
1839 1470 14 18 ,
2000 1442 52 39 he
2070 1440 200 54 supposed
2302 1442 31 38 it
2365 1440 137 40 would
2528 1441 50 38 be
2597 1440 122 39 burnt
2748 1439 122 39 down
2900 1439 138 53 [mach

1690 1499 158 44 smiling
1867 1508 53 25 on
1942 1494 74 39 the
2031 1500 91 54 part
2143 1493 48 40 of
2215 1494 119 39 those
2349 1494 98 39 who
2474 1493 120 39 heard
2613 1492 97 45 this,
2735 1492 79 39 and
2845 1492 92 40 who
2965 1492 73 40 did

1691 1553 72 32 not
1793 1547 181 39 mistake
2006 1547 64 39 his
2100 1552 96 33 neat
2229 1546 169 39 allusion
2433 1551 47 34 to
2507 1545 72 40 the
2609 1547 293 47 conflagration
2934 1545 37 39 in
3009 1558 30 27 a

1691 1602 151 39 certain
1863 1606 94 47 part
1977 1599 51 40 of
2041 1606 142 34 Corent
2206 1602 156 37 Garden
2379 1598 38 53 !]
2448 1611 50 26 or
2513 1597 79 40 else
2619 1597 73 40 fall
2711 1598 119 39 down
2849 1597 113 40 while
2981 1598 58 40 he

1690 1667 84 25 was
1801 1654 113 40 there
2020 1657 34 35 It
2080 1654 47 45 is,
2147 1657 14 35 I
2193 1651 174 47 believe,
2400 1650 159 54 equally
2581 1650 231 45 notorious,
2839 1650 91 40 tbat
2952 1652 84 38 Mr..

1695 1706 80 40 Hill
1793 1707 98 39 feels
1907 1721 58 25 no
1981 1711 117 46 great
2117 1704 195 40 affection
2324 1704 70 39 for
2409 1706 72 38 the
2493 1703 244 40 established
2756 1703 141 50 Clergy
2911 1706 47 50 of
2967 1708 69 35 the

1693 1761 152 39 Church
1864 1763 51 48 of
2246 1761 52 40 Sea
2298 1761 17 40 t
2315 1761 53 40 tle
2683 1755 54 39 he
2761 1755 123 59 lately
2910 1756 102 53 signi-

1691 1809 162 57 ficantly
1874 1813 197 40 observed
2092 1817 44 34 to
2166 1811 60 47 his
2254 1812 176 45 hearers,
2511 1811 77 38 had
2609 1809 99 38 need
2730 1808 53 38 he
2799 1809 174 38 Doctors
2988 1812 56 48 e

1691 1866 182 50 Divinity
1894 1866 78 52 [he
1993 1871 135 34 meant
2146 1864 172 53 nothing
2347 1867 293 40 uncourteous,
2666 1860 54 40 let
2741 1860 291 56 uncharitably

1688 1918 135 46 think,
1843 1918 178 40 towards
2039 1919 156 45 Doctor
2211 1917 177 53 (Shyer]
2419 1917 37 37 in
2476 1917 117 39 order
2611 1920 47 33 to
2682 1928 115 40 carry
2815 1915 104 40 their
2936 1929 107 27 non*

1689 1983 110 30 sense
1813 1972 118 38 down
2019 1972 59 38 He
2094 1969 155 53 shortly
2282 1970 104 39 after
2405 1968 203 48 declared,
2620 1968 208 44 however,
2845 1968 53 52 by
2927 1981 89 41 way

1689 2023 50 39 of
1753 2026 233 39 concession
2015 2029 63 41 to,
2104 2037 48 26 or
2183 2022 276 52 compromise
2485 2022 115 46 with,
2631 2020 120 41 other
2783 2020 255 54 clergymen,

1741 2081 15 35 I
1794 2079 113 41 don't
1941 2078 139 44 blame
2102 2075 120 40 those
2246 2074 99 41 who
2368 2080 107 34 must
2492 2078 144 46 preach
2672 2073 78 39 bad
2774 2086 197 33 sermons,
3000 2074 40 40 if

1689 2130 93 53 they
1804 2137 104 34 read
1917 2132 115 52 good
2050 2143 118 31 ones;
2198 2128 70 40 for
2284 2130 28 38 it
2329 2128 35 38 is
2389 2127 195 52 certainly
2606 2127 193 40 better-to
2819 2127 94 39 read
2929 2133 107 44 good

1688 2196 99 32 ones
1799 2185 48 38 of
1854 2184 126 41 other
1991 2183 194 54 people's,
2196 2183 96 38 than
2307 2187 43 32 to
2362 2180 146 53 preach
2523 2185 76 34 bad
2608 2192 99 26 ernes
2718 2178 47 39 of
2777 2179 109 39 their

1690 2237 79 46 He,
1789 2237 112 46 then,
1922 2237 51 53 by
1995 2250 57 25 no
2078 2236 219 39 unnatural
2315 2233 231 45 transition,
2574 2233 130 50 began
2730 2236 47 34 to
2794 2232 163 39 descant
2978 2248 24 26 o

1690 2290 157 46 Village
1876 2291 226 46 PFcaebing
2114 2306 15 28 ;
2161 2288 83 39 and
2276 2287 222 54 preferred,
2528 2285 65 39 for
2678 2284 81 38 this
2780 2290 255 45 evangelical

1861 2356 92 25 men
1976 2342 93 39 with
2148 2340 79 47 less
2242 2344 193 56 learning-
2456 2342 40 38 in
2524 2342 105 37 their
2656 2341 118 35 heads
2790 2339 102 39 than
2909 2350 126 43 prase

1685 2396 41 35 in
1744 2398 104 35 their
2068 2399 41 34 to
2130 2393 57 40 all
2215 2394 67 38 the
2300 2391 195 54 dignified
2520 2391 157 39 divines
2693 2391 37 37 in
2758 2392 278 41 existence.--

1689 2447 12 38 I
1722 2446 146 40 should
1887 2447 94 53 only
2013 2446 102 52 spoil
2132 2446 66 39 his
2213 2446 239 53 description
2473 2443 48 43 of
2536 2444 111 39 these
2670 2444 158 50 Pillage
2846 2444 187 40 Mission..

1685 2503 122 44 cries,
1854 2502 139 38 whose
2039 2499 168 40 tabours
2248 2511 70 26 are
2356 2511 47 26 so
2440 2497 157 52 piously
2635 2496 198 41 seconded
2880 2497 47 59 by
2960 2498 76 38 the

1736 2567 139 41 money
2070 2559 48 33 to
2153 2551 145 41 record
2329 2552 85 38 Mr.
2452 2549 117 41 Ifitl's
2601 2554 141 45 strong
2779 2548 154 40 similie
2962 2549 72 41 for

1915 2606 201 53 begging,
2192 2606 110 37 frmn
2335 2603 76 39 the
2437 2603 169 39 London
2861 2614 107 27 were
2994 2603 32 39 iii

1685 2659 228 53 attempted
1932 2660 52 51 by
2000 2665 122 34 meta
2138 2662 161 37 retrace
2315 2659 31 37 it
2365 2669 57 27 on.
2440 2668 141 40 paper.
2621 2654 132 39 When
2772 2653 122 40 other
2904 2654 124 53 giik?y

1687 2711 151 40 fellows
1876 2726 71 27 are
1980 2713 150 52 settio'ng
2159 2714 77 35 out
2265 2711 43 38 in
2341 2707 109 41 their
2479 2707 216 51 whiskeys,
2725 2707 177 39 sabbatb
2928 2707 107 43 after

1687 2765 189 46 sabbaib,
1904 2765 94 40 then
2040 2766 30 39 it
2105 2765 31 39 is
2176 2763 92 44 that
2301 2761 117 39 these
2444 2759 141 53 simple
2616 2758 126 47 souls,
2769 2759 74 39 the
2877 2759 158 52 Village

1689 2818 269 39 Missionaries
1989 2818 50 38 of
2065 2817 72 40 the
2217 2816 167 44 Loadoa
2404 2815 191 38 Itinerant
2841 2818 98 34 start
2967 2813 72 43 foe

1687 2870 71 38 the
1835 2870 282 53 evangelizing
2154 2868 116 40 work
2362 2868 98 45 and,
2490 2880 45 25 as
2558 2869 87 45 ,Mr.
2666 2855 365 61 llirremarketh,

1735 2923 107 43 what
1863 2937 25 27 a
1907 2922 276 46 comfortable
2199 2921 278 58 employment
2494 2922 30 35 it
2543 2921 31 37 is
2593 2919 64 40 for
2676 2930 139 40 young
2837 2930 91 27 men

1687 2975 132 46 While
1835 2978 144 39 others
1995 2989 71 38 are
2080 2974 197 57 spending
2295 2987 167 38 money,
2479 2973 118 48 these
2608 2983 67 27 are
2696 2973 142 51 saving
2858 2972 31 38 it
2904 2988 14 28 a
2936 2969 99 50 and,

1685 3024 119 45 white
1835 3027 144 43 others
2014 3043 72 27 are
2111 3028 255 52 whiskeying
2396 3025 125 53 along
2555 3025 76 39 the
2656 3024 132 41 brood
2820 3037 87 41 way
2941 3025 93 40 that

1685 3080 157 41 leadeth
1861 3089 45 45 to
1928 3084 247 53 destruction
2174 3084 24 53 i
2223 3081 116 39 these
2352 3092 72 27 are
2453 3064 176 65 socially
2652 3078 195 52 trotting,
2871 3083 83 33 two
2978 3079 52 39 by

1685 3139 98 41 two,
1800 3136 69 52 the
1889 3149 169 30 norrow
2074 3136 99 52 path
2193 3135 90 39 that
2302 3138 109 35 must
2445 3129 222 54 i*vitahly
2688 3129 89 40 kart
2794 3135 50 34 to
2861 3122 154 48 blessed-

1684 3201 89 37 ness
1814 3193 13 33 I
1881 3191 72 46 So,
1972 3194 43 34 at
2026 3188 117 47 least,
2164 3190 80 39 Mr.
2265 3185 261 48 Ilill'Assures
2722 3183 47 43 in
2789 3189 76 32 not
2884 3196 22 25 a
2927 3189 104 33 most

1687 3241 227 48 admirable
1942 3241 436 53 recruitin-serjeant,
2405 3240 44 39 is
2476 3233 67 44 the
2562 3235 157 46 service
2743 3235 47 39 of
2809 3235 73 40 the
2909 3248 99 27 evan-

1684 3294 148 52 gelical

2829 3346 9 0 -

1740 3359 79 43 Mr.
1843 3357 119 48 Hill's
1978 3357 125 39 talent
2122 3361 43 33 at
2185 3354 178 51 exciting.
2391 3353 156 40 serious
2576 3351 233 41 merriment
2829 3350 12 39 i

1685 3407 105 40 able.
1848 3411 65 37 'tie
1933 3410 97 39 does
2056 3415 71 33 not
2146 3406 167 41 content
2328 3407 93 39 hies
2435 3405 59 40 elf
2507 3405 96 39 with
2631 3404 194 57 standir4.
2841 3417 59 27 014.

1685 3465 72 35 low
1775 3468 161 41 ground
1954 3464 47 50 qf
2284 3475 74 25 nor
2385 3461 104 54 dyes
2505 3458 52 39 he
2574 3456 69 59 1041
2660 3456 17 59 g
2694 3456 119 59 settle,
2830 3470 54 25 on
2962 3457 73 39 the

1685 3519 92 44 high
1794 3521 163 41 ground
2359 3514 77 39 but
2464 3511 167 52 alights,.
2657 3510 111 39 from
2798 3509 69 41 Ls,
2880 3514 155 38 ultuost

1684 3567 187 52 spiritual
1902 3568 189 45 altitude,
2126 3568 81 39 and
2237 3565 268 58 condesceads
2533 3570 43 33 to
2606 3563 139 39 notice
2820 3561 74 40 the
2917 3568 118 46 great

1685 3619 216 40 difference
1919 3617 118 43 there
2066 3620 31 38 is
2114 3620 184 40 between
2319 3618 157 54 getting
2494 3631 99 25 over
2622 3617 135 51 things
2774 3615 80 39 anti
2872 3617 162 54 getting

1685 3677 103 41 into,
1818 3673 137 53 things
2053 3672 185 47 between
2272 3671 175 54 preachii
2518 3669 314 53 evangelically,
2850 3669 80 39 aud
2962 3670 48 39 de-

1687 3724 209 53 claiming,
1942 3726 31 38 in
1972 3726 15 38 -
2019 3725 69 40 the
2122 3725 109 53 style
2263 3724 50 40 of
2349 3736 190 28 common
2575 3722 231 54 preachers,
2842 3720 87 44 tike
2961 3722 78 40 the

2145 3790 50 27 or
2220 3778 73 48 the
2815 3776 130 46 Here,
2970 3776 44 38 in-

1687 3830 118 46 deed,
1835 3834 32 37 it
1898 3846 84 25 was
2009 3831 87 40 that
2126 3834 81 38 Mr.
2233 3829 96 47 Hill,
2357 3829 123 40 much
2504 3842 46 26 as
2575 3829 52 39 he
2657 3828 145 46 affects,
2832 3831 48 35 to
2911 3828 120 53 decry

1688 3885 165 54 oratory
1876 3886 41 38 in
1937 3886 154 45 others,
2118 3896 89 32 was
2220 3883 163 44 himself
2395 3881 243 53 completely
2660 3880 220 41 oratorical

1690 3941 180 47 mouthed
1887 3939 71 38 the
1977 3938 197 53 supposed
2196 3940 195 45 sounding
2407 3943 138 37 brass;
2593 3934 93 48 and,
2704 3933 84 39 like
2799 3933 120 41 those
2935 3946 98 39 pro.

1689 3990 97 40 Pane
1800 3991 97 53 girls
1915 3992 94 39 who
2030 3991 90 53 play
2143 3992 76 38 the
2242 3990 175 52 triangle
2444 3989 180 53 throagh
2644 3989 69 38 the
2732 3992 148 45 streets
2894 3986 47 39 of
2955 3998 84 26 our

1690 4044 256 52 metropolis,
1965 4044 51 39 he
2035 4049 106 34 most
2159 4043 181 53 skilfully
2363 4041 197 50 imitated,
2591 4042 50 51 by
2662 4041 72 40 the
2750 4043 221 46 Inetionin

1762 4101 38 47 ji
1801 4109 137 41 tigers,
1957 4096 72 40 the
2044 4103 149 33 nature
2210 4096 50 39 of
2271 4096 70 39 the
2357 4098 57 35 tin
2419 4097 59 37 kit
2606 4109 34 24 m
2644 4096 80 37 hal.

1796 4161 12 37 I
1831 4172 69 27 ant
2073 4160 84 40 said
2189 4161 78 37 Mr.
2289 4155 98 50 Hill,
2469 4155 90 40 that
2585 4159 102 41 *hut
2714 4157 92 47 they
2825 4156 84 39 ea
2920 4167 116 35 cotrt-

1682 4213 203 53 TormitiQn„
1904 4214 81 41 and
2006 4217 64 45 the
2087 4219 83 44 rest
2189 4214 50 53 of
2249 4214 37 50 ris
2285 4214 13 50 k
2323 4212 98 52 clues
2441 4222 112 28 more
2572 4208 103 61 hap
2709 4208 97 44 thaw

110 1039 4 5 •

71 1063 5 17 •
110 1065 6 14 I

27 1083 5 30 •
46 1083 65 30 11%.

48 1135 65 28 tWe

66 1322 39 22 z!I

66 1513 35 14 WY
115 1514 6 13 I

106 1533 9 15 1

81 1638 15 9 •

94 1750 7 11 •

103 1926 15 17 •

109 2034 13 15 4

144 4350 97 15 MOIR
