3307 4406
314 129 165 63 JAN.
516 129 53 53 •1.

321 259 118 39 Since
470 256 47 39 be
549 256 94 38 thus
667 256 174 39 discards
868 256 52 39 all
947 260 243 50 pretensions
1213 266 44 33 to
1287 259 158 52 literary
1474 260 145 38 circum-

322 308 202 52 spection,
550 308 32 39 it
602 309 32 38 is
653 314 71 33 not
742 321 44 26 so
806 311 260 54 astonishing,
1095 325 43 26 as
1156 312 209 39 otherwise
1384 314 32 35 it
1434 311 130 38 would
1585 311 60 44 be,

326 365 46 35 to
391 361 97 39 hear
507 360 99 47 him,
628 360 115 40 while
767 360 168 54 striving
954 369 41 33 to
1020 357 229 46 fathiliarise
1270 365 70 38 the
1367 361 209 53 mysteries
1605 361 46 39 of

325 425 81 27 our
426 412 183 53 religion,
639 412 86 39 talk
744 412 50 41 of
863 413 141 52 depths
1024 416 87 39 that
1131 416 128 39 would
1279 415 138 40 drown
1437 429 24 24 a

327 465 99 39 with
504 465 168 39 rivulets
703 465 174 52 running
904 471 44 33 to
978 467 67 39 the
1069 469 104 37 main
1205 471 120 41 river,
1354 465 125 39 which
1500 478 26 26 a
1545 465 104 39 lamb

328 516 136 53 might
497 517 111 39 wade
637 517 94 39 with
764 513 172 57 safety.'
991 521 105 46 And,
1124 520 159 51 adding,
1319 517 94 39 with
1443 519 69 38 the
1548 523 102 33 most

328 569 248 40 marvellous
595 569 227 52 expression
854 569 51 39 of
1319 570 90 38 how
1436 570 215 51 surprising

328 621 100 40 does
455 622 69 39 the
552 621 115 39 Bible
693 622 162 51 explain
876 622 107 39 these
1013 628 188 34 matters!
1244 624 109 38 what
1381 635 25 25 a
1437 621 213 39 wonderful

331 673 117 40 book
472 673 32 41 is
530 674 69 38 the
843 676 72 37 Let
947 676 79 38 him
1048 676 97 39 take
1175 673 72 40 full
1276 674 128 39 credit
1421 680 41 32 to
1482 673 170 45 himself,

332 725 204 47 however,
555 726 66 39 for
639 728 71 38 the
728 728 148 50 species
895 726 46 39 of
961 728 143 54 ability
1124 728 50 39 he
1192 726 202 52 generally
1415 725 171 52 displays
1617 725 35 38 in

331 778 74 39 the
426 778 142 52 pulpit.
628 780 61 38 He
710 778 69 39 has
796 780 71 38 the
895 780 132 39 knack
1061 781 50 39 of
1130 780 196 51 arresting
1345 780 67 38 the
1443 778 144 52 regard
1615 778 44 38 of

332 830 73 40 the
424 830 292 52 commonalty,
736 830 74 39 and
839 830 94 39 then
960 833 210 50 obtaining
1200 831 105 38 their
1338 830 229 39 immediate
1599 836 37 31 at-

334 883 175 39 tentiom.
563 885 65 39 He
650 882 31 39 is
711 882 236 52 unequalled
979 885 37 38 in
1050 886 69 37 the
1149 882 150 52 faculty
1319 882 50 39 of
1389 882 189 52 religious
1596 895 40 22 ec-

333 935 228 51 ceniricity.
637 935 70 38 His
741 935 141 39 stories
909 948 65 26 are
1000 935 146 52 always
1183 934 259 52 intelligible;
1489 934 78 38 and
1603 934 54 38 his

330 987 128 52 jokes
476 1000 66 25 are
556 986 124 51 jokes
699 987 46 43 of
756 987 69 39 the
847 989 128 39 heart.

393 1043 79 35 Mr.
497 1039 83 39 Hill
614 1041 217 38 entertains
859 1055 44 26 so
924 1041 118 39 much
1071 1036 204 56 sovereign
1309 1036 222 53 contempt,
1561 1037 93 39 Such
1684 1036 4 56 '

339 1091 195 52 dignified
566 1091 255 45 detestation,
853 1106 43 25 as
915 1096 13 34 I
950 1091 138 39 before
1119 1091 141 46 stated,
1289 1091 65 40 for
1389 1104 73 38 any
1495 1095 158 46 oratory

338 1144 226 52 partaking
582 1143 131 39 either
730 1144 48 38 of
789 1150 8 32 l
810 1147 46 37 he
918 1143 195 52 sounding
1287 1156 47 26 or
1355 1143 66 39 the
1486 1141 172 51 tinkling

576 1196 79 38 and
693 1196 47 38 he
771 1209 129 26 seems
933 1209 41 25 so
1015 1198 207 51 anxiously
1260 1201 44 34 to
1326 1194 117 40 avoid
1474 1207 100 25 even
1593 1195 64 37 the

334 1248 208 53 judicious
556 1248 228 39 admixture
803 1248 48 40 of
880 1250 111 45 both,
1019 1250 91 38 that
1129 1248 30 40 it
1181 1250 28 38 is
1222 1248 52 51 by
1293 1260 52 26 no
1364 1257 131 28 means
1508 1258 92 39 easy
1622 1250 39 34 to

343 1302 198 38 ascertain
561 1306 44 34 to
627 1302 107 38 what
745 1313 129 39 genus
887 1299 46 41 of
941 1299 222 53 eloquence
1182 1302 57 37 his
1254 1299 215 52 preaching
1482 1298 176 51 belongs.

351 1354 76 40 Ills
445 1354 115 39 voice
576 1354 32 38 is
640 1365 89 27 now
746 1355 129 38 either
894 1368 41 24 so
956 1354 155 39 broken
1133 1367 43 26 as
1192 1358 43 33 to
1267 1352 143 40 render
1424 1350 58 39 his
1501 1350 137 37 enunci-

353 1407 116 39 ation
484 1404 217 47 indistinct,
731 1420 40 26 so
791 1404 224 41 tremulous
1033 1419 44 26 as
1096 1410 43 34 to
1159 1407 47 38 be
1231 1403 174 53 scarcely
1426 1396 175 50 audible,
1619 1415 44 25 or

344 1472 46 27 so
409 1456 200 54 painfully
625 1457 123 38 raised
768 1470 43 26 as
830 1463 41 34 to
892 1456 193 41 resemble
1104 1457 178 51 hooting.
1342 1456 60 39 He
1421 1463 107 43 may,
1558 1453 78 39 how
1636 1453 26 39 ,

345 1524 116 33 ever,
482 1511 48 39 be
548 1508 208 40 estimated
777 1512 52 50 by
850 1524 77 26 one
956 1524 156 26 cannon
1131 1509 50 40 of
1188 1508 311 51 santiloquence,
1558 1500 48 50 if,
1624 1518 39 26 as

346 1564 172 39 another
553 1563 193 40 reverend
774 1561 230 53 gentleman
1024 1564 112 47 (Mr.
1160 1565 136 43 Blake,
1326 1560 48 39 of
1400 1559 67 39 the
1498 1552 164 56 Adelphi

345 1613 180 54 Chapel)
560 1619 158 40 asserts,
746 1620 28 19 46
796 1617 60 37 No
876 1626 76 28 one
989 1615 32 39 is
1042 1615 46 38 fit
1122 1612 63 40 for
1202 1626 26 25 a
1256 1613 195 47 Spiritual
1474 1612 194 45 Shepherd

346 1668 94 39 Who
459 1668 94 39 does
588 1671 74 34 not
693 1678 148 41 possess
857 1678 25 27 a
899 1671 99 44 good
1022 1670 162 41 whistle,
1212 1671 43 33 to
1276 1664 150 39 whistle
1450 1662 70 39 the
1547 1662 116 50 sheep

346 1720 90 39 into
458 1720 66 39 the
778 1720 96 38 such
896 1721 47 37 be
958 1721 69 37 the
1045 1731 105 34 case,
1173 1717 91 39 then
1285 1717 30 38 is
1326 1717 70 39 the
1417 1717 103 37 Bev,
1545 1716 94 35 itow-

343 1765 99 48 lind
480 1770 97 47 Hill,
599 1776 106 33 most
731 1770 163 52 clearly,
922 1773 38 37 in
998 1770 118 51 point
1146 1769 47 39 of
1460 1779 48 26 or
1537 1769 128 43 lungs,

350 1822 340 54 supereminently
707 1822 191 52 qualified
919 1828 41 34 to
985 1821 209 53 discharge
1209 1821 72 39 the
1313 1819 204 41 laborious
1537 1817 126 40 duties

351 1877 53 40 of
418 1878 70 38 the
508 1874 182 54 spiritual
710 1874 219 54 sheepfold.

406 1930 133 39 There
557 1928 32 39 is
608 1929 171 48 another
806 1928 279 53 qualification
1102 1928 54 51 by
1176 1925 143 44 which,
1338 1925 33 39 it
1388 1915 141 48 should
1547 1924 118 43 seem,

352 1983 17 44 C
369 1983 70 44 llr.
480 1981 79 39 Hill
595 1981 32 39 is
645 1980 165 40 entitled
843 1985 44 33 to
906 1981 66 39 the
1007 1980 229 39 distinction
1265 1978 48 39 of
1336 1975 120 52 being
1483 1987 25 25 a
1527 1985 142 40 proper

359 2039 31 20 64
432 2031 180 54 spiritual
954 2030 224 52 Following
1211 2030 70 39 the
1316 2024 184 56 example
1531 2024 50 39 of
1606 2024 65 39 the

353 2094 25 32 r
392 2086 79 53 gal
498 2085 196 52 shepherd
713 2085 48 40 of
775 2085 216 53 antiquity,
1020 2085 52 38 he
1089 2085 113 39 bears
1214 2080 128 41 about
1358 2081 92 37 with
1469 2079 85 38 him
1615 2076 57 39 his

508 2154 12 30 ;
550 2138 163 40 whence
745 2138 144 51 (again
921 2137 219 52 according
1157 2141 43 32 to
1228 2137 83 37 Mr.
1332 2134 144 45 Blake)
1495 2131 72 38 the
1589 2133 84 34 true

352 2191 203 47 Shepherd
570 2193 123 41 must,
719 2202 43 26 as
791 2190 66 39 did
874 2190 67 39 the
960 2190 224 52 Champion
1205 2186 47 39 of
1267 2184 182 45 Goliath,
1481 2183 51 38 be
1551 2180 103 40 conti-

359 2242 141 53 nually
930 2245 40 33 at
987 2241 71 39 the
1087 2239 171 40 enemies
1287 2237 48 39 of
1354 2238 60 37 his
1430 2235 106 39 flock
1557 2238 9 33 !
1600 2235 71 37 Mr.

364 2295 103 47 11111,
503 2294 111 45 then,
644 2294 32 38 is
696 2298 104 35 most
831 2294 214 54 employed
1065 2294 39 37 in
1142 2293 89 38 thus
1299 2289 168 52 flinging

359 2357 65 37 or,
454 2346 198 53 speaking
683 2344 70 41 less
781 2344 353 53 metaphorically,
1163 2343 37 39 ill
1228 2342 157 50 scaring
1421 2339 76 39 and
1517 2337 161 52 routing

357 2399 184 43 sinners;
570 2398 176 39 Without
777 2398 267 50 considering,
1071 2396 91 39 that
1193 2394 48 39 all
1280 2395 152 38 human
1450 2392 136 39 hearts
1613 2401 65 26 are

359 2454 78 35 not
455 2447 161 56 equally
628 2447 322 40 obdurate—but
970 2448 104 45 that,
1104 2446 115 39 while
1239 2458 119 39 many
1390 2452 66 30 ate
1476 2447 44 33 to
1552 2441 50 39 be
1622 2448 37 31 as-

360 2500 126 43 sailed
517 2502 52 52 by
591 2506 150 41 terror,
772 2499 81 40 Still
876 2500 189 39 numbers
1093 2504 157 47 require
1283 2503 44 33 to
1362 2496 48 39 be
1444 2493 156 39 allured
1629 2492 50 52 by

365 2565 152 40 mercy.
575 2555 131 37 Moses
739 2565 94 39 may
870 2551 226 46 denounce,
1115 2550 80 40 and
1215 2550 138 46 deter;
1383 2548 89 45 but,
1494 2546 31 38 it
1558 2546 32 37 is
1619 2544 63 39 for

365 2610 120 41 Jesus
504 2610 41 34 to
560 2606 211 39 conciliate
784 2606 79 38 and
882 2610 164 33 convert

348 2648 5 61 •
424 2662 37 37 Is
478 2657 32 41 it
527 2656 229 53 impossible
780 2662 47 33 to
852 2656 181 40 dissuade
1051 2659 78 37 Mr,
1150 2654 78 40 Hill
1247 2654 110 39 from
1376 2648 307 54 extravagantly

366 2711 195 54 pursuing
589 2721 26 26 a
641 2715 144 46 system
815 2709 48 38 of
891 2708 233 52 preaching,
1157 2707 50 39 of
1231 2705 128 40 which
1391 2704 69 39 the
1478 2700 207 41 beneficial

367 2761 141 43 effects
533 2776 69 27 are
628 2761 222 53 extremely
873 2760 185 40 doubtful
1078 2761 228 38 ?---Cannot
1338 2757 51 40 he
1421 2757 50 37 be
1499 2753 187 46 familiar,

370 2816 176 40 without
562 2813 123 53 being
704 2812 123 54 funny
842 2818 14 33 ?
914 2816 106 38 Must
1054 2812 241 39 illustration
1316 2809 51 39 be
1385 2806 234 51 necessarily

1639 2818 33 25 ir-

371 2865 243 44 reverential
632 2872 14 32 ?
704 2865 71 41 His
793 2865 175 40 conduct
992 2867 72 38 has
1093 2865 103 39 done
1213 2855 474 48 incalculable-mischief.

371 2923 20 38 I
407 2920 120 43 know
541 2923 73 37 not
634 2920 91 39 how
743 2931 120 39 many
883 2931 48 25 an
947 2920 39 37 S.
1005 2920 38 37 S.
1063 2917 79 39 and
1163 2919 52 43 N.
1234 2917 51 38 C.
1306 2927 59 26 we
1380 2924 85 26 owe
1483 2916 44 33 to
1547 2910 60 39 his
1624 2922 45 27 ex-

373 2973 137 54 ample
526 2988 12 30 ;
568 2985 92 27 men
681 2973 104 45 who,
814 2972 129 40 either
960 2983 44 35 as
1031 2975 44 33 to
1095 2969 136 51 ability
1247 2981 48 26 or
1315 2965 207 52 integrity,
1541 2975 69 26 are
1624 2967 67 34 not

374 3026 157 52 worthy
561 3024 50 39 of
638 3025 116 48 being
781 3022 219 40 associated
1032 3021 96 39 with
1160 3022 74 38 Mr.
1259 3018 96 45 Hill,
1382 3028 99 27 even
1508 3026 44 30 sts
1626 3014 66 40 the

356 3066 4 53 .
376 3079 154 40 hewers
547 3078 48 38 of
611 3079 115 37 wood
745 3079 76 35 and
837 3079 169 35 drawers
1024 3074 47 38 of
1250 3077 46 33 to
1316 3071 70 38 the
1408 3067 148 52 temple
1574 3066 48 40 of
1635 3080 39 26 re-

377 3129 144 56 ligion.
579 3131 117 37 What
719 3128 196 40 ambition
933 3138 73 27 can
1036 3126 50 39 lie
1106 3125 80 40 find
1214 3115 47 48 in'
1273 3123 122 50 being
1414 3119 146 40 looked
1584 3132 50 39 up
1651 3115 43 43 to

379 3197 45 25 as
454 3184 66 39 the
552 3183 104 39 head
684 3182 51 38 of
758 3178 269 54 story-telling
1057 3178 77 39 and
1169 3176 201 50 stamping
1404 3172 220 51 preachers,
1654 3170 50 38 of

380 3233 254 56 evangelical
685 3235 230 44 eccentrics,
959 3230 54 40 of
1050 3230 132 53 pulpit
1215 3224 187 43 buffoons
1416 3230 14 32 ?
1482 3227 19 35 1
1535 3223 162 39 forbear

379 3288 259 53 expatiating
657 3295 53 32 oh
729 3283 57 41 his
804 3287 185 50 frequent
1006 3282 219 39 invectives
1244 3279 159 52 against
1423 3275 163 53 regular
1603 3275 76 39 cler-

380 3354 163 40 gymen,
600 3340 80 39 and
724 3334 59 44 his
829 3334 299 44 ill-dissembled
1162 3332 230 41 confidence
1437 3328 39 40 in
1515 3328 63 39 his
1615 3339 85 28 own

380 3393 237 59 preaching.

439 3445 129 40 While
587 3451 34 33 it
647 3445 31 39 is
707 3444 234 40 incumbent
959 3454 50 27 on
1031 3452 64 27 me
1114 3445 72 33 not
1204 3444 41 34 to
1273 3435 163 41 conceal
1462 3433 66 39 the
1557 3431 146 40 defects

383 3497 53 41 of
452 3501 78 38 Mr.
554 3497 100 46 Hill,
685 3497 53 39 let
758 3497 58 39 his
835 3495 135 40 merits
987 3494 141 38 obtain
1150 3490 252 40 honourable
1421 3485 193 40 mention.
1668 3483 41 39 if

380 3550 57 41 he
454 3552 66 39 did
540 3555 74 34 not
632 3550 137 39 evince
791 3559 112 30 more
922 3547 97 38 than
1035 3546 187 50 ordinary
1240 3542 158 44 talents,
1421 3541 48 37 he
1486 3536 131 40 would
1635 3539 69 35 not

381 3605 110 39 have
504 3602 126 41 called
651 3601 110 40 forth
781 3601 70 40 the
870 3600 202 40 strictures
1093 3600 17 37 I
1131 3595 102 40 have
1259 3595 74 39 felt
1371 3594 31 38 it
1430 3601 203 40 necessary
1659 3592 45 35 to

384 3658 125 39 snake
527 3654 244 52 concerning
790 3654 103 39 him.

442 3712 63 43 Ile
521 3717 194 46 possesses
735 3720 22 25 a
776 3712 141 45 strong
935 3702 210 53 reasoning
1165 3699 122 40 mind.
1343 3698 63 39 TTe
1424 3693 149 52 readily
1589 3693 119 39 seizes

387 3761 74 45 the
491 3762 230 53 prominent
755 3758 187 52 bearings
971 3756 48 40 of
1048 3756 60 38 his
1126 3755 170 50 subject,
1326 3751 99 39 fixes
1443 3749 110 38 them
1584 3746 35 39 in
1642 3744 67 40 the

386 3815 170 41 clearest
585 3814 117 52 point
737 3811 47 40 of
820 3810 117 45 view,
974 3807 80 41 and
1102 3808 31 38 is
1185 3804 120 52 easily
1345 3798 281 57 apprehended
1657 3797 51 52 by

384 3865 64 45 his
480 3867 203 52 auditory.
741 3863 70 41 His
847 3862 215 43 addresses,
1096 3873 44 26 as
1174 3859 93 52 they
1289 3869 107 26 seem
1435 3860 39 33 to
1496 3853 91 38 flow
1606 3849 105 40 from

384 3921 74 39 the
477 3921 167 39 fervour
661 3917 50 43 of
736 3915 165 53 feeling,
931 3908 110 46 often
1059 3911 181 56 strongly
1261 3908 119 40 affect
1398 3906 67 40 the
1487 3904 168 52 feelings
1668 3900 51 41 of

384 3974 118 39 those
523 3978 43 38 to
588 3972 133 39 whom
742 3971 96 51 they
857 3980 70 27 are
943 3965 206 45 directed;
1179 3964 74 39 and
1273 3961 70 40 the
1358 3971 96 39 very
1473 3956 214 41 tremuloes-

383 4038 94 39 pess
496 4026 48 39 of
560 4025 61 40 his
641 4023 260 43 under-tones
924 4019 267 41 contributes,
1213 4020 43 37 at
1280 4012 133 45 times,
1434 4017 43 33 to
1496 4006 215 41 solemnize

384 4082 77 39 the
477 4078 129 40 minds
620 4077 50 40 of
683 4077 66 39 the
767 4074 159 54 people.
984 4071 71 39 His
1074 4070 150 45 action,
1241 4064 163 52 though
1424 4065 67 37 too
1512 4062 177 50 frequent-

385 4131 41 53 ly
449 4129 247 53 ludicrously
713 4124 211 48 distorted,
948 4124 45 47 is,
1012 4123 115 39 when
1143 4117 268 52 occasionally
1433 4116 48 38 lie
1500 4114 131 52 places
1655 4110 60 39 his

387 4182 110 43 hand
517 4196 52 27 on
582 4182 72 39 the
673 4191 159 34 sconce.
855 4178 48 45 of
915 4178 67 44 the
1002 4174 151 59 pulpit,
1167 4173 122 54 really
1304 4167 182 58 graceful
1502 4166 81 43 and
1603 4162 87 57 high-

379 4234 40 57 ly

1186 125 146 56 THE
1368 129 371 52 NATIONAL
1775 124 372 56 REGISTER.

2960 112 56 48 13

1762 259 14 37 1
1799 256 93 38 wish
1909 256 89 38 that
2019 256 76 37 Mr.
2115 249 112 41 Hill's
2241 247 279 41 ecclesiastical
2539 246 148 50 lovalty
2711 246 96 38 bore
2826 256 74 38 any
2924 256 71 37 pro-

1710 307 161 53 portion
1890 312 43 34 to
1952 307 59 37 his
2033 302 178 54 political
2229 301 219 52 allegiance
2464 315 11 26 ;
2506 300 86 37 that
2615 300 48 34 he
2687 295 237 39 reverenced
2946 308 76 26 our

1710 360 168 44 church,
1905 372 40 25 as
1965 371 43 25 as
2028 356 113 40 much
2154 356 52 39 he
2226 359 172 45 respects
2418 365 77 25 our
2509 350 274 39 constitution.
2826 348 58 38 lie
2904 359 118 38 pray

1713 410 168 53 heartily
1898 411 63 38 for
1981 410 60 38 his
2104 407 109 51 King
2230 407 76 37 and
2327 406 177 46 Country
2590 402 73 37 and
2687 399 198 39 therefore
2907 402 50 34 he

1715 464 34 37 it'
1761 463 206 40 estimated
1982 462 50 51 by
2050 462 65 37 the
2133 459 190 39 criterion
2337 455 128 39 trhich
2487 457 102 47 King
2609 456 158 46 George
2786 451 66 38 the
2872 449 151 40 Second

1717 517 28 34 is
1782 515 181 51 reported
1997 520 43 32 to
2072 514 102 37 have
2200 509 156 53 applied
2388 514 40 32 to
2452 509 157 47 George
2629 503 217 45 Whitfield,
2877 516 21 22 a
2914 502 109 51 good

1716 567 78 39 and
1815 574 86 32 true
1918 566 155 48 subject
2092 563 46 40 of
2161 575 78 26 our
2270 563 155 48 present
2457 559 181 51 gracious
2668 555 228 51 Sovereign.
2956 554 71 38 His

1717 632 163 39 prayers
1907 620 103 35 have
2048 615 168 39 another
2236 614 132 37 merit.
2425 614 54 34 As
2513 609 47 38 he
2595 609 28 37 is
2654 620 51 26 an
2740 614 283 43 extemporary

1720 683 157 38 prayer,
1905 684 40 25 as
1965 667 87 39 well
2092 680 40 25 as
2167 665 208 53 preacher,
2405 663 51 38 he
2490 659 213 50 uniformly
2727 658 123 39 avails
2869 656 165 40 himself

1719 724 48 35 of
1789 729 125 45 topics
1946 719 268 50 immediately
2257 717 229 48 interesting
2515 719 44 32 to
2591 713 66 38 the
2685 711 168 50 feelings
2883 710 48 37 of
2963 709 67 38 the

1720 775 146 58 public.
1923 772 126 38 When
2069 771 46 38 he
2139 768 150 54 prayed
2308 768 63 38 for
2392 765 167 45 Britain,
2587 765 48 38 he
2654 763 64 38 did
2741 767 70 33 not
2831 762 131 50 forget
2985 765 45 34 to

1721 824 197 41 intercede
1948 824 65 38 for
2033 823 128 51 Spain.
2225 820 69 39 His
2311 817 246 40 catholicism
2578 816 91 50 only
2704 815 175 50 requires
2908 819 43 32 to
2981 813 51 38 he

1720 876 197 40 extended
1933 882 45 33 to
2010 875 67 39 the
2098 874 197 39 ministers
2322 872 47 38 of
2391 882 77 26 our
2500 867 176 40 national
2704 865 162 40 church.
2924 868 109 34 Most

1720 928 188 52 devoutly
1943 928 31 38 it
1996 927 30 38 is
2059 932 43 35 to
2126 925 50 40 be
2213 924 158 44 wished,
2401 921 91 39 that
2513 921 65 38 the
2601 922 100 35 Hey.
2730 917 193 39 Rowland
2954 915 80 39 11111

1724 981 131 38 would
1891 979 165 51 entirely
2076 978 168 39 commit
2265 977 65 37 the
2350 973 172 39 business
2555 972 47 38 of
2624 970 169 50 abusing
2812 981 77 26 our
2921 969 94 51 spiri-

1724 1033 84 39 tual
1828 1032 227 52 dignitaries
2073 1035 40 33 to
2134 1029 175 39 William
2334 1026 266 47 Huntington.
2656 1025 73 35 Let
2765 1020 76 39 this
2870 1025 92 46 part
2991 1019 51 39 of

1722 1087 69 38 the
1807 1082 246 53 evangelical
2073 1082 241 51 occupation
2335 1080 46 38 be
2420 1075 209 40 forthwith
2663 1071 239 43 transferred
2924 1071 110 39 from

1724 1142 118 46 Surry
1865 1136 163 51 Chapel,
2057 1140 41 32 to
2122 1131 242 41 Providence
2389 1128 175 52 Chapel!
2620 1129 131 37 Leave
2767 1130 40 32 to
2828 1124 70 38 the
2917 1123 99 39 illite-

1726 1195 85 33 rate
1830 1189 77 39 and
1930 1186 184 45 illiberal,
2144 1186 70 37 the
2249 1183 269 48 Huntingtons
2552 1193 47 25 or
2634 1178 193 39 Cobbetts
2857 1176 44 39 of
2933 1175 106 39 their

1726 1254 90 38 age,
1845 1241 69 39 the
1943 1238 240 52 disgraceful
2216 1235 89 38 task
2342 1234 47 38 of
2413 1232 168 50 reviling
2610 1230 115 40 those
2747 1227 294 53 qualifications

1726 1293 76 40 and
1821 1293 183 50 dignities
2021 1290 123 39 which
2167 1289 93 50 they
2282 1285 152 52 despair
2454 1286 44 37 of
2518 1284 195 48 attaining
2734 1279 254 39 themselves.

1783 1345 133 51 Vanity
1917 1345 22 51 ;
1975 1346 17 37 1
2011 1343 100 43 fear,
2147 1338 169 53 mingles
2337 1344 66 31 too
2435 1335 120 39 much
2578 1335 91 37 with
2692 1332 69 39 the
2780 1332 84 39 best
2897 1330 48 38 of
2963 1345 78 26 our

1728 1398 223 38 bestuesses.
2011 1394 118 39 What
2164 1391 120 40 other
2319 1389 215 39 sentiment
2568 1387 96 38 than
2700 1384 90 39 that
2820 1384 48 39 of
2901 1384 142 52 vanity

1728 1449 168 40 induced
1931 1449 78 38 Mr.
2030 1444 77 40 Hill
2144 1449 44 33 to
2219 1440 202 56 patronise
2447 1440 130 52 prints
2607 1437 48 38 of
2679 1436 60 39 his
2765 1448 86 26 own
2883 1435 159 46 hcuses,

1729 1502 129 39 where
1878 1501 48 39 he
1957 1501 30 35 is
2023 1495 250 52 represented
2295 1506 41 25 as
2365 1494 38 37 in
2434 1492 72 38 the
2525 1495 63 33 act
2606 1488 50 40 of
2676 1488 146 51 setting
2842 1492 76 34 out
2936 1486 106 43 front

1729 1554 118 39 home
1864 1554 37 37 in
1919 1552 58 38 his
1995 1548 72 40 full
2089 1550 130 41 robes,
2249 1544 116 41 while
2380 1557 22 25 a
2422 1541 215 40 medallion
2659 1540 142 52 profile
2819 1539 48 39 of
2890 1539 85 39 him
3011 1541 32 39 is

1728 1605 214 53 suspended
1963 1602 144 40 amidst
2141 1602 70 37 the
2230 1597 135 40 clouds
2399 1596 161 38 above?
2616 1591 256 52 Evangelical
2903 1591 139 39 minis,

1730 1664 92 39 tors,
1852 1658 30 38 it
1900 1654 142 43 should
2056 1665 120 32 seem,
2206 1664 69 26 arc
2294 1649 229 40 sometimes
2542 1645 135 39 rather
2695 1644 155 51 earthly
2869 1643 174 39 minded.

1781 1728 213 39 December
2010 1726 66 44 31i
2108 1726 113 34 1808.
2753 1716 131 35 OSCS/
2890 1726 99 25 MILS%

1989 1860 405 39 LCLESIASTICkL
2421 1857 372 38 PROMOTIONS.

1780 1937 79 35 The
1878 1938 85 33 Earl
1984 1937 45 34 of
2041 1936 164 35 Cassillis
2224 1935 131 41 having
2380 1932 190 46 presented
2587 1931 64 33 the
2682 1930 90 34 Rev.
2796 1929 96 34 Wm.
2923 1928 130 38 Ferric

1734 1993 39 28 to
1800 1987 59 32 the
1881 1984 267 44 l'i•ofessorship
2161 1983 45 33 of
2212 1982 98 35 Civil
2369 1982 25 32 is
2401 1988 80 35 tory
2502 1980 37 32 in
2551 1978 59 34 the
2624 1977 137 33 Unite-1
2777 1978 151 40 College
2943 1978 43 32 of
2996 1980 56 31 St.

1740 2033 200 40 Andrew's,
1968 2030 45 35 he
2048 2041 70 24 wag
2135 2041 47 22 on
2202 2029 138 44 Friday
2359 2027 180 44 sennight
2559 2023 177 35 admitted
2766 2035 22 21 a
2818 2023 169 34 Member
3013 2021 54 35 or

1737 2082 79 32 that
1838 2080 226 35 University.

1785 2128 79 32 The
1880 2126 163 43 Alarquis
2056 2124 43 34 of
2106 2121 197 46 Titchtield
2321 2122 61 33 has
2399 2122 92 32 been
2507 2118 148 46 pleased
2667 2122 39 28 to
2718 2122 143 38 present
2878 2117 64 33 the
2956 2118 100 33 Revs

1737 2174 126 34 James
1884 2172 214 44 M•Kitilay,
2121 2170 43 34 of
2179 2171 61 33 the
2256 2169 128 34 second
2411 2167 150 43 charge,
2588 2172 38 27 to
2656 2166 45 32 be
2727 2164 170 35 Minister
2926 2164 43 34 of
2992 2164 60 34 the

1739 2222 78 34 first
1832 2219 132 46 charge
1978 2219 47 34 of
2037 2219 59 33 the
2111 2213 208 47 Collegiate
2333 2216 148 35 Church
2499 2212 41 33 of
2557 2211 262 35 Kilniaruock.

2121 2366 144 47 THE
2294 2362 338 48 THEATRE.

1746 2525 87 26 MISS
1853 2513 201 38 NORTON'S
2078 2525 109 26 SANE
2213 2523 149 32 SNORE.
2383 2523 84 25 AND
2491 2519 96 26 MRS.
2608 2506 215 39 BEAUMONT
2823 2506 27 39 '
2850 2506 27 39 S
2904 2519 158 25 ALICTA.

1800 2589 37 35 It
1856 2585 32 38 is
1898 2584 202 53 generally
2117 2583 180 52 thought
2316 2583 86 38 that
2422 2587 45 33 to
2487 2580 130 40 divide
2639 2578 31 40 is
2689 2583 43 34 to
2765 2576 165 41 weaken
2948 2593 11 30 ;
2989 2577 77 38 and

1748 2637 107 39 from
1883 2639 76 38 this
1976 2636 164 52 opinion
2160 2649 25 25 a
2213 2641 156 33 custom
2388 2633 35 39 if
2438 2637 74 33 not
2529 2646 25 26 a
2571 2631 86 40 rule
2676 2630 47 39 of
2735 2630 70 39 the
2831 2630 142 39 drama
3000 2629 71 40 hos

1749 2704 167 40 spruug,
1942 2689 131 39 which
2092 2701 137 27 causes
2246 2688 70 38 the
2333 2685 226 40 exaltation
2577 2683 45 39 of
2650 2695 77 27 one
2745 2681 208 40 favourite
2973 2682 71 39 cha-

1752 2747 145 41 racter,
1918 2741 74 39 and
2014 2741 67 39 the
2098 2739 227 53 depression
2353 2738 50 39 of
2432 2737 151 39 others.
2637 2737 80 38 For
2738 2733 146 40 should
2913 2734 70 38 the
3007 2739 43 34 at-

1750 2794 156 39 tention
1926 2794 48 38 be
1991 2792 215 40 awakened
2226 2792 52 51 by
2296 2796 80 33 two
2394 2791 155 48 objects
2568 2793 40 35 at
2626 2799 116 33 once,
2759 2799 50 25 no
2828 2799 78 25 one
2924 2785 150 39 doubts

1755 2848 73 38 but
1847 2846 32 38 it
1897 2845 132 39 would
2056 2845 51 39 be
2124 2844 73 39 less
2216 2842 237 53 powerfully
2474 2839 124 40 called
2620 2839 85 39 into
2721 2838 150 45 action,
2895 2837 98 38 than
3020 2837 52 51 by

1754 2911 78 26 one
1850 2897 131 40 alone.
2039 2900 79 37 Yet
2137 2896 56 39 let
2213 2909 45 25 us
2275 2908 168 39 suppose
2465 2907 22 24 a
2500 2904 91 26 man
2614 2891 169 52 pursued
2804 2891 48 51 by
2869 2902 25 25 a
2910 2888 100 47 lion,
3028 2901 48 27 or

1756 2965 74 38 any
1843 2952 113 38 other
1975 2949 265 39 carnivorous
2258 2947 159 43 animal,
2440 2948 40 35 in
2498 2959 24 24 a
2541 2946 141 38 desert.
2735 2941 345 53 Whilsttryingte

1756 3017 157 38 escape,
1932 3002 51 38 he
2004 3001 159 39 reaches
2180 3013 25 24 a
2223 3000 208 51 precipice,
2451 2998 69 38 the
2542 2995 138 52 height
2698 2995 51 39 of
2765 2994 129 38 which
2916 3006 34 26 is
2963 2993 115 43 made

1759 3069 111 26 more
1887 3057 253 37 tremendous
2167 3053 52 50 by
2244 3052 66 37 the
2330 3050 115 39 racks
2476 3047 126 39 which
2630 3053 104 33 start
2750 3046 119 39 'from
2891 3046 50 38 its
2961 3046 116 47 sides,

1759 3107 77 39 and
1856 3107 66 39 the
1938 3111 154 34 torrent
2111 3105 90 38 that
2219 3102 202 45 thunders,
2454 3100 65 39 hid
2542 3099 174 39 beneath
2734 3099 51 39 its
2802 3098 129 44 foam,
2952 3104 43 33 at.
3011 3099 71 39 tho

1761 3162 171 37 bottom.
2004 3161 60 37 lie
2101 3157 137 44 bends,
2274 3154 86 40 half
2386 3151 235 53 suspeuded,
2656 3164 99 27 over
2787 3151 67 38 the
2893 3149 189 54 yawning

1760 3206 102 58 gull',

1891 3210 74 40 and
1985 3216 41 32 at
2048 3210 66 38 the
2134 3222 110 25 same
2259 3211 177 34 moment
2457 3208 115 35 hears
2588 3204 70 38 the
2670 3203 256 52 approachire
2927 3203 24 52 -
2973 3215 87 25 roar-

1766 3276 83 38 tags
1867 3263 48 39 of
1930 3263 60 38 his
2009 3261 79 39 foe.
2145 3262 35 37 Is
2197 3263 74 34 not
2283 3259 59 38 his
2361 3256 263 53 imagination
2643 3256 158 52 equally
2824 3268 18 24 a
2854 3256 19 50 t
2872 3256 133 50 ipaited
3031 3256 53 39 by.

1774 3317 100 40 arch
1896 3315 47 39 of
1967 3315 71 39 the
2061 3312 255 51 threatening
2343 3311 170 51 dangers
2544 3315 41 32 to
2617 3307 130 40 which
2767 3307 51 39 he
2837 3308 30 37 is
2884 3308 170 48 exposed
3072 3312 13 31 ?

1769 3373 104 34 Here
1892 3380 61 32 arc
1954 3380 21 32 l
1996 3367 203 40 however,
2219 3370 80 32 two
2319 3364 169 48 objects,
2518 3360 73 39 and
2611 3365 69 47 yet
2706 3360 69 38 the
2806 3364 130 35 terror
2961 3360 122 44 whiell

1769 3422 91 51 they
1880 3420 145 43 excite,
2065 3419 28 35 is
2126 3416 256 52 heightened,
2420 3413 81 39 and
2537 3419 71 33 not
2639 3411 219 40 weakened
2895 3410 53 56 by
2982 3411 105 41 thuir

1768 3474 168 40 number
1955 3471 80 39 and
2054 3470 66 38 the
2135 3467 195 56 equalitiy
2348 3465 47 40 of
2408 3467 105 39 their
2530 3465 246 52 magnitude.

1821 3523 100 41 Such
1941 3536 105 26 were
2063 3522 67 38 the
2157 3521 201 51 thoughts
2382 3517 149 45 which,
2564 3517 183 52 perhaps,
2778 3514 158 48 socked
2962 3515 40 38 in
3020 3513 70 41 Ike

1770 3578 110 39 mind
1898 3575 47 39 of
1970 3579 142 40 Rowe,
2139 3573 135 40 whilst
2291 3572 176 51 forming
2489 3569 69 39 the
2577 3569 87 52 plan
2683 3569 41 50 of
2725 3569 21 50 .
2760 3568 60 38 his
2838 3568 184 52 Tragedy
3044 3566 48 40 of

1769 3633 107 37 Jane
1903 3631 135 37 Shore.
2092 3628 54 37 At
2183 3626 100 38 least
2310 3624 93 39 such
2439 3635 52 26 an
2522 3621 198 39 inference
2750 3632 91 39 may
2878 3620 51 38 be
2956 3620 137 38 drawn

1773 3684 106 39 from
1898 3680 67 40 the
1984 3679 233 51 disposition
2248 3678 48 39 of
2322 3678 58 37 his
2406 3674 228 38 characters
2652 3689 12 30 ;
2693 3678 81 33 two
2806 3671 48 38 of
2883 3672 130 39 which
3038 3672 57 41 14

1775 3736 67 39 has
1860 3733 128 41 raised
2017 3738 41 33 to
2092 3730 139 52 nearly
2251 3730 67 39 the
2346 3738 109 28 same
2474 3726 295 52 pre-eminence
2794 3736 96 26 over
2910 3724 69 38 the
2996 3726 97 43 rest,

1775 3789 90 38 thus
1884 3784 178 52 dividing
2089 3784 69 38 the
2191 3783 162 37 interest
2373 3782 180 35 betweeu
2575 3780 120 38 them.
2752 3777 107 38 Jane
2875 3778 120 35 `?ore
3015 3777 79 39 and

1776 3843 18 38 ;
1794 3843 112 38 Alicia
1926 3852 67 25 are
2016 3840 109 48 park
2151 3835 50 38 of
2226 3833 117 51 equal
2365 3833 261 50 importance,
2647 3828 74 39 and
2743 3827 158 52 equally
2921 3826 174 43 difficult

1776 3899 41 33 to
1839 3892 194 51 perform.
2088 3888 86 39 The
2196 3886 93 40 mild
2307 3888 203 47 repenlant
2532 3881 237 53 resignation
2785 3880 47 37 of
2845 3881 66 37 :he
2929 3879 164 43 former,

1776 3946 76 38 and
1872 3944 64 39 the
1950 3940 161 52 jealous
2134 3938 256 52 impetuosity
2414 3937 48 37 of
2490 3937 66 37 the
2576 3934 131 43 latter,
2728 3931 126 39 whilst
2872 3931 97 54 they
2988 3932 107 38 form

1744 3984 1 65 ,
1776 4012 24 25 a
1817 3996 175 50 striking
2027 3993 76 39 and
2137 3992 64 38 hie
2200 3990 15 44 -
2216 3990 63 44 lily
2317 3987 233 51 interesting
2578 3989 195 41 contrast,
2813 3984 97 38 both
2941 3984 156 51 requir4

2181 4023 22 20 ts
2256 4035 12 7 ..

1744 4035 1 58 r
1778 4051 191 38 first-rate
1991 4045 202 39 abilitities
2213 4044 40 37 in
2271 4041 67 40 the
2359 4039 242 53 performers
2620 4038 89 38 who
2730 4050 69 25 are
2816 4035 93 39 bold
2934 4035 158 52 enough

1749 4088 71 119 ito
1837 4113 155 27 assume
2017 4098 115 38 those
2160 4096 227 39 characters
2402 4110 9 26 ;
2444 4104 47 26 or
2520 4089 73 46 else
2594 4089 19 46 ,
2646 4088 146 40 should
2823 4100 76 40 any
2927 4085 172 40 inferior

1778 4161 144 33 actress
1941 4150 58 40 fill
2030 4162 73 26 one
2122 4147 50 40 of
2199 4147 125 44 them,
2354 4144 67 39 the
2441 4141 184 54 Tragedy
2648 4139 132 40 would
2813 4150 154 40 appear
2989 4146 43 31 to
3057 4147 50 32 a

1785 4206 120 43 teuell
1925 4204 247 51 advantage,-
2189 4212 44 28 as
2252 4212 22 28 a
2294 4195 188 57 portrait,
2504 4207 76 28 uuc
2598 4193 79 41 side
2698 4193 50 40 of
2760 4191 124 45 which
2901 4188 136 50 nou4
3054 4193 54 37 bey
