3307 4406
1039 198 150 61 TOE
1222 201 381 58 NATIONAL
1639 197 385 56 REGISTER.

149 351 63 37 tic
230 350 149 37 o'clock
400 352 33 33 in
452 352 67 35 the
537 351 182 44 morning,
746 361 46 25 or
811 352 28 33 it
855 351 97 37 shall
980 352 46 33 he
1039 347 214 45 destroyed,
1283 346 18 34 I
1324 346 76 34 will
1422 351 80 33 not,

152 410 69 22 tor
237 400 120 44 ought
378 399 74 35 Ito
474 400 197 32 withdraw
693 410 60 34 my
772 404 144 40 troops.
973 398 92 34 Yon
1085 399 93 32 have
1206 393 206 38 ruassacred
1439 393 64 33 tl.e

145 445 249 38 unfortunate
413 448 150 35 French
586 448 184 45 prisoners
800 448 89 33 who
915 446 72 34 had
1017 445 113 34 fallen
1149 445 79 33 into
1248 452 93 35 your
1361 441 115 34 hands
1491 452 11 26 ;

152 496 92 45 only
276 506 26 25 a
337 496 71 33 few
443 495 94 35 days
561 506 86 32 ago,
674 504 72 34 you
778 496 161 35 suffered
974 501 78 27 two
1083 503 150 37 persons
1266 491 35 33 in
1332 491 66 33 the
1429 489 73 35 suit

155 541 46 35 of
226 543 64 34 the
339 542 152 37 Russian
527 542 255 35 Ambassador
813 548 39 30 to
889 544 45 32 he
967 542 163 45 dragged
1157 541 116 41 along
1306 539 70 33 and
1404 548 74 26 mur-

156 589 112 38 dered
317 591 39 35 in
402 592 61 35 the
511 591 131 45 public
679 595 145 35 streets,
869 591 161 35 because
1071 589 85 44 they
1194 595 103 26 were
1339 585 141 35 French-

155 648 84 25 men
287 639 110 34 born.
465 639 84 35 The
595 639 214 45 incapacity
857 639 71 34 and
967 639 167 34 baseness
1180 634 46 33 of
1267 644 27 24 a
1342 633 161 34 General

156 686 74 34 had
268 692 67 40 put
367 687 74 33 into
471 698 102 34 your
589 696 129 35 power
736 692 130 39 troops
896 686 89 34 who
1000 683 241 38 surrendered
1260 693 45 22 on
1324 680 61 35 the
1414 681 90 37 field

156 732 43 35 of
208 736 138 40 battle,
370 736 69 33 and
467 736 65 32 the
552 733 253 45 capitulation
835 735 64 34 has
928 733 91 34 been
1049 731 184 34 violated.
1285 729 107 41 You,
1423 728 74 37 Mr.

158 781 144 43 Morla,
322 783 103 34 what
442 789 77 28 sort
537 783 45 33 of
595 791 46 25 an
657 781 136 45 epistle
810 783 61 34 did
892 791 73 35 you
987 782 109 33 write
1108 788 38 26 to
1163 778 86 34 that
1267 777 157 35 General
1441 778 66 33 ?

157 830 40 34 It
217 830 86 34 well
320 830 149 35 became
488 841 94 35 you,
611 828 73 43 Sir,
699 835 38 28 to
754 829 84 35 talk
855 829 46 34 of
914 829 168 46 pillage;
1107 837 74 33 yon
1195 824 106 41 who,
1319 836 46 25 on
1382 830 100 31 enter-

156 880 63 44 ing
241 878 228 41 Roussillon,
501 878 149 35 carried
663 876 54 35 off
726 879 53 34 all
808 879 63 34 the
891 887 157 32 women,
1071 875 71 34 and
1167 874 224 34 distributed
1406 874 98 34 them

156 935 43 25 as
231 928 117 44 booty
383 938 135 35 among
546 935 96 34 your
665 924 351 38 soldiers!—What
1045 921 103 47 right
1167 921 73 35 had
1264 933 76 33 you
1358 928 38 30 to
1417 921 89 35 hold

157 974 86 33 such
263 974 181 45 language
465 974 207 34 elsewhere
686 972 151 35 ?—The
852 972 252 46 capitulation
1131 970 117 46 ought
1267 976 38 27 to
1328 967 97 39 have
1450 971 37 35 in-

158 1023 116 33 duced
304 1033 72 33 you
394 1031 37 26 to
451 1032 138 34 pursue
606 1032 25 24 a
645 1020 170 35 different
833 1022 74 34 line
928 1020 44 33 of
984 1020 170 34 conduct.
1208 1017 71 35 See
1306 1019 106 34 what
1441 1018 66 35 has

161 1070 91 34 been
268 1070 64 34 the
346 1071 157 33 conduct
523 1071 45 33 of
579 1069 63 34 flue
661 1069 169 44 English,
850 1070 84 33 who
948 1078 65 25 are
1031 1068 59 35 far
1104 1069 97 35 from
1221 1065 157 46 piquing
1390 1068 94 34 them-

154 1117 123 33 ,:elves
295 1128 47 24 on
360 1117 109 43 being
489 1117 97 46 rigid
605 1117 194 33 observers
821 1117 46 33 of
889 1117 64 34 the
983 1117 89 33 Law
1098 1116 45 34 of
1169 1111 176 41 Nations.
1398 1115 106 44 They

155 1166 98 33 have
268 1167 235 43 complained
523 1166 45 33 of
582 1165 63 34 the
661 1165 228 35 Convention
907 1163 44 35 of
974 1163 195 50 Portugal,
1204 1167 69 33 but
1300 1165 92 44 they
1411 1163 97 35 have

155 1213 146 34 tarried
321 1215 27 33 it
367 1215 72 32 into
452 1214 124 33 effect.
628 1213 58 34 To
705 1212 142 35 violate
860 1213 169 45 military
1042 1215 167 39 treaties,
1228 1217 33 33 is
1271 1219 40 30 to
1328 1221 180 27 renounce

156 1261 51 33 all
236 1261 253 38 civilization,
522 1261 27 32 it
572 1261 31 32 is
635 1259 150 47 placing
801 1261 190 34 ourselves
1012 1273 46 26 on
1089 1274 25 24 a
1146 1261 148 47 footing
1317 1259 94 38 with
1443 1261 65 34 the

154 1306 164 38 bAnditti
337 1307 45 34 of
396 1309 59 35 the
475 1309 139 35 desert.

209 1357 102 34 How
330 1356 90 35 dare
442 1367 94 34 you,
563 1355 100 41 then,
689 1365 170 35 presume
882 1361 40 31 to
950 1358 124 37 solicit
1089 1368 22 25 a
1130 1358 377 46 capitulation—you

159 1404 90 33 who
268 1404 165 34 violated
456 1400 81 38 that
556 1402 46 35 of
625 1404 143 45 Baylen
784 1404 14 33 ?
853 1406 69 33 See
941 1404 85 37 how
1042 1406 170 47 injustice
1230 1406 72 37 and
1319 1406 72 34 bad
1410 1404 96 35 faith

150 1454 158 43 'always
330 1453 112 34 recoil
463 1463 102 33 upon
595 1452 64 34 the
676 1452 142 46 guilty,
842 1454 72 33 and
933 1461 157 37 operate
1117 1461 39 28 to
1176 1455 104 34 their
1297 1450 206 48 prejudice.

164 1501 17 33 I
204 1501 70 33 had
292 1511 26 24 a
346 1502 83 32 fleet
456 1505 41 30 at
514 1499 122 37 Cadiz
653 1512 8 21 :
691 1500 28 34 it
751 1511 78 24 was
859 1501 116 33 under
998 1502 63 33 the
1080 1502 211 45 protection
1309 1501 44 33 of
1375 1502 138 46 Spain,*

161 1553 64 40 yet
243 1558 76 35 you
339 1548 162 34 directed
521 1548 146 44 against
692 1547 28 33 it
739 1548 65 33 the
834 1554 157 28 mortars
1010 1550 43 33 of
1074 1550 63 34 the
1155 1557 103 27 town
1280 1550 124 33 where
1430 1561 74 33 you

161 1587 331 43 commanded.-1
517 1594 72 33 had
613 1603 24 25 a
658 1594 162 47 Spanish
846 1605 109 37 army
986 1597 35 34 in
1057 1609 60 34 my
1152 1598 115 34 rankS
1281 1609 12 28 ;
1341 1598 18 33 1
1382 1599 124 33 would

161 1644 129 34 rather
309 1645 94 33 have
422 1642 148 37 viewed
601 1643 97 34 them
712 1644 161 34 embark
893 1655 45 24 on
972 1645 118 33 board
1117 1645 63 33 the
1204 1645 151 44 English
1385 1645 119 46 ships,

158 1693 73 33 and
252 1691 47 33 be
322 1691 149 46 obliged
504 1696 39 31 to
573 1690 229 46 precipitate
831 1691 28 33 it
889 1691 96 33 from
1017 1693 61 34 the
1109 1694 112 33 rocks
1250 1693 45 33 of
1319 1694 187 41 Epinosa,

159 1741 89 33 than
267 1746 40 27 to
337 1740 136 33 disarm
496 1739 53 40 it;
582 1737 15 34 11
635 1737 123 34 would
790 1739 126 34 rather
948 1741 128 44 prefer
1109 1740 139 45 having
1272 1740 98 37 7000
1402 1742 113 37 more'

145 1783 1 50 •
158 1786 159 35 enemies
335 1793 43 28 to
393 1787 111 45 fight,
530 1786 93 37 than
653 1787 45 34 be
713 1786 175 35 deficient
919 1783 34 38 in
989 1788 143 34 honour
1160 1789 72 33 and
1257 1789 97 44 good
1390 1791 112 35 faith.

162 1835 143 34 Return
325 1841 38 27 to
385 1835 223 35 Madrid—l
628 1847 22 33 g
654 1835 58 34 ive
729 1846 76 34 you
820 1837 59 34 till
898 1833 60 38 six
974 1834 146 38 o'clock
1141 1841 227 31 tomorrow
1384 1848 98 26 morn-

157 1884 61 44 ing
221 1890 177 30 --return
428 1890 40 27 at
496 1885 85 33 that
614 1883 216 45 hour—you
850 1884 94 34 have
963 1885 89 44 only
1070 1891 38 28 to
1128 1885 135 34 inform
1284 1896 56 24 me
1368 1887 46 33 of
1440 1887 65 33 the

155 1931 220 37 submission
393 1926 43 39 of
457 1931 65 34 the
542 1931 223 46 poople—if
787 1926 59 52 not
866 1926 20 52 4
906 1926 59 52 you
983 1932 73 34 and
1071 1944 99 34 your
1188 1939 129 39 troops
1332 1933 94 35 shall
1450 1936 52 33 all

152 1980 48 35 be
221 1984 67 41 put
306 1983 40 30 to
361 1980 60 34 the
648 1977 87 35 This
752 1978 136 46 speech
907 1980 45 35 of
967 1978 60 37 the
1052 1981 202 46 Emperor,
1273 1983 175 44 repeated
1468 1984 35 33 in

155 2028 66 34 the
239 2027 110 35 midst
365 2027 44 34 of
428 2026 65 35 the
511 2027 234 44 respectable
765 2028 154 45 people,
944 2037 97 33 gave
1058 2029 64 34 the
1143 2030 188 45 certainty
1357 2030 81 33 that
1460 2030 45 33 he

157 2075 242 35 commanded
422 2075 35 34 in
477 2085 149 35 person.
678 2075 80 34 The
787 2076 111 33 losses
930 2075 189 35 sustained
1144 2076 139 45 during
1311 2078 63 33 the
1404 2078 79 34 fore-

152 2124 112 44 going
283 2124 93 44 day,
406 2121 71 35 had
496 2121 148 37 carried
674 2127 123 30 terror
824 2122 71 35 and
932 2128 224 40 repentance
1187 2124 81 35 into
1294 2125 52 34 all
1368 2126 131 35 minds.

157 2171 148 44 During
321 2172 63 33 the
400 2170 104 45 night
537 2170 65 35 the
621 2174 86 30 most
736 2170 187 35 mutinous
940 2171 198 35 withdrew
1156 2172 221 34 themselves
1407 2172 96 34 from

150 2219 67 44 'he
234 2219 139 43 danger
391 2219 47 44 by
458 2218 126 45 flight,
611 2217 70 35 and
706 2229 25 24 a
759 2224 87 40 part
866 2218 46 34 of
933 2219 65 33 the
1016 2225 129 40 troops
1178 2230 80 24 was
1281 2219 219 37 disbanded.

152 2265 54 37 At
224 2274 58 27 ten
300 2265 165 41 o'clock,
493 2277 50 22 on
580 2265 61 34 the
667 2265 81 40 sth,
778 2265 91 35 Gen.
894 2265 171 37 Belliard
1088 2268 94 34 took
1217 2268 65 35 the
1307 2270 193 33 command

152 2311 47 37 of
222 2313 152 35 Madrid
391 2326 11 26 ;
428 2315 52 32 all
498 2314 65 33 the
575 2320 99 38 posts
693 2324 98 22 were
808 2319 66 41 put
893 2314 77 34 into
989 2315 65 33 the
1071 2314 112 37 hands
1196 2315 46 34 of
1256 2316 64 34 the
1339 2317 163 41 French,

156 2362 74 33 and
260 2372 22 24 a
302 2360 148 46 general
468 2361 150 46 pardon
648 2370 74 25 was
752 2360 252 47 proclaimed.

249 2408 115 34 From
380 2408 71 33 this
464 2413 178 35 moment,
660 2419 96 27 men,
778 2419 157 32 women,
953 2407 74 35 and
1044 2408 183 41 children,
1237 2412 135 44 spread
1384 2411 94 37 them-

150 2457 118 35 selves
283 2456 117 35 about
433 2456 65 34 the
533 2460 131 31 streets
692 2456 34 34 in
752 2456 144 45 perfect
924 2457 178 45 security.
1155 2459 84 32 The
1261 2460 110 44 shops
1404 2470 98 24 were

148 2516 99 33 open
266 2505 61 33 till
346 2504 125 34 eleven
491 2502 286 38 o'clock.—All
806 2504 64 34 the
899 2504 158 35 citizens
1074 2511 53 28 set
1143 2506 219 33 themselves
1380 2513 39 27 to
1436 2509 43 33 de-

146 2558 106 39 stroy
268 2552 66 32 the
346 2551 219 34 barricades
589 2551 71 33 and
678 2561 157 37 re-pave
850 2551 65 34 the
930 2558 144 33 streets,
1100 2554 61 32 the
1179 2555 130 34 monks
1326 2557 175 33 returned

148 2602 83 33 into
246 2601 103 43 their
367 2598 202 39 Convents,
585 2598 70 33 and
681 2598 35 34 in
751 2606 25 28 a
809 2600 71 35 few
902 2598 111 35 hours
1036 2601 146 34 Madrid
1215 2604 193 41 presented
1437 2604 63 33 the

150 2654 97 28 most
262 2647 296 45 extraordinary
588 2653 177 35 contrast,
798 2657 26 24 a
850 2652 163 30 contrast
1046 2648 257 45 inexplicable
1328 2655 38 28 to
1394 2652 107 33 those

148 2695 324 35 unaccumstomed
488 2701 44 27 to
549 2695 67 33 the
633 2705 165 24 manners
828 2695 46 33 of
892 2702 106 37 great
1015 2700 136 30 towns.
1206 2698 48 33 So
1274 2708 105 25 many
1404 2709 94 32 men,

155 2744 86 35 who
257 2748 137 31 cannot
422 2743 156 35 conceal
606 2741 219 37 themselves
856 2743 106 35 what
991 2743 86 45 they
1098 2745 125 34 would
1244 2744 96 37 have
1356 2737 92 45 done
1465 2748 37 33 in

148 2792 149 40 similar
313 2792 301 40 circumstances,
630 2800 155 34 express
802 2790 98 35 their
918 2791 263 35 astonishment
1201 2797 41 30 at
1265 2792 65 34 the
1345 2805 133 32 genero-

150 2839 74 46 sity
244 2838 46 34 of
314 2838 63 34 the
393 2838 163 35 French.
614 2837 104 46 Fifty
742 2838 180 34 thousand
954 2838 104 34 stand
1087 2838 45 34 of
1150 2849 100 24 arms
1284 2841 92 34 have
1410 2843 92 33 been

146 2889 112 44 given
272 2896 70 35 up,
358 2885 70 35 and
450 2885 71 35 100
553 2885 124 46 pieces
709 2884 46 34 of
777 2896 139 24 cannon
934 2896 66 24 are
1018 2885 182 35 collected
1218 2895 41 27 at
1277 2888 60 34 the
1354 2889 149 35 Retiro.

149 2936 83 34 The
249 2934 156 45 anguish
424 2934 38 34 in
478 2933 129 37 which
628 2934 60 33 the
707 2933 227 35 inhabitants
951 2934 46 33 of
1010 2933 72 34 this
1100 2936 190 33 wretched
1309 2937 79 45 city
1408 2939 94 33 ha%o

148 2982 104 37 lived
267 2982 61 34 for
341 2982 104 34 these
458 2981 87 34 four
562 2982 144 33 months
719 2981 137 34 cannot
869 2982 46 33 be
931 2981 207 34 described.
1188 2982 84 33 The
1287 2983 119 34 Junta
1429 2996 73 24 was

150 3032 168 34 without
335 3030 203 39 influence;
567 3030 65 33 the
648 3034 91 28 molt
756 3028 172 45 ignorant
943 3028 71 34 and
1031 3030 164 33 maddest
1213 3030 45 33 of
1267 3041 77 24 men
1359 3032 73 34 had
1448 3034 52 33 all

151 3074 66 40 the
250 3087 138 37 power
419 3077 35 35 in
489 3078 105 34 their
626 3076 125 41 hands,
785 3074 73 35 and
888 3077 65 33 the
987 3078 137 43 people
1149 3081 40 30 at
1221 3089 111 34 every
1368 3080 137 34 instant

151 3126 224 40 massacred,
393 3135 41 24 or
451 3125 217 34 threatened
689 3124 93 35 with
802 3123 61 35 the
878 3124 171 44 gallows,
1069 3125 100 33 their
1183 3125 239 46 Magistrate;
1431 3129 72 34 and

148 3183 12 27 t
217 3175 8 33 i
233 3185 18 21 r
269 3174 193 34 Generals.

200 3217 84 39 The
305 3222 157 34 General
482 3220 46 34 of
543 3219 177 46 Brigade.
750 3220 165 43 MaiGon,
940 3217 69 35 has
1024 3219 90 35 been
1135 3220 191 37 wounded.
1382 3224 97 34 Gene-

155 3272 54 33 ral
237 3269 182 40 Brsvere,
451 3268 87 34 Rho
565 3268 189 34 advanced
775 3267 254 47 imprudently
1045 3266 64 35 the
1127 3273 161 30 moment
1304 3270 63 33 the
1397 3272 110 45 firing

154 3319 146 40 maied,
332 3318 61 32 has
413 3319 58 30 bee
484 3328 19 20 a
524 3317 130 33 killed.
706 3315 158 34 Twelve
881 3314 158 34 soldiers
1057 3315 92 33 have
1168 3315 94 34 been
1281 3317 135 45 killed,
1433 3321 72 33 and

155 3366 85 45 Jiffy
262 3365 195 34 Irounilt-d.
515 3364 84 32 The
626 3365 81 39 loss,
737 3374 41 20 so
813 3361 142 45 trifling
972 3361 60 34 for
1061 3373 47 22 an
1135 3369 111 30 event
1263 3363 44 34 of
1330 3376 41 24 so
1397 3367 107 34 much

172 3420 43 38 os
215 3420 191 38 poriaoce,
435 3413 27 32 i.
550 3412 59 41 ins
631 3418 37 25 to
694 3413 64 31 the
774 3412 188 32 smallness
980 3407 46 34 of
1046 3410 63 32 the
1135 3411 156 34 number
1319 3413 47 32 of
1378 3418 130 41 troops

156 3463 159 33 .01ff..reJ
348 3468 144 37 toenga
493 3468 24 37 ,
516 3468 25 37 e
596 3459 26 32 it
654 3458 26 33 is
707 3468 52 22 v%N
790 3469 18 22 n
876 3458 157 38 besitles,
1068 3469 54 21 we
1150 3465 94 26 most
1278 3470 80 31 ertv,,
1384 3465 40 31 to
1443 3463 65 33 the

156 3516 169 27 oAtretne
345 3509 215 32 cowardice
585 3506 46 35 of
654 3507 51 33 all
733 3507 110 34 those
862 3506 86 33 who
973 3504 72 34 had
1074 3516 96 22 arms
1198 3507 37 32 in
1266 3509 97 33 their
1394 3511 115 33 hands

156 3557 143 44 again:t
321 3566 57 24 us.

263 3613 83 33 The
363 3612 194 38 artillery,
583 3608 200 40 arcording
798 3615 37 27 to
850 3608 45 34 its
915 3609 103 33 usual
1036 3614 156 35 custom,
1214 3608 63 34 has
1292 3611 92 34 done
1402 3620 103 35 `rent

156 3663 175 32 tervices.
386 3659 73 32 Ten
487 3658 182 34 thousand
690 3658 193 43 fugitives,
909 3658 89 32 who
1019 3657 66 33 had
1104 3659 159 41 escaped
1285 3658 93 35 from
1416 3661 74 33 Bur

181 3722 38 20 o%
236 3709 72 33 and
328 3706 20 39 4
348 3706 229 39 :omosierra,
604 3706 71 33 and
706 3706 65 33 the
807 3706 131 33 second
965 3704 161 34 diviiiun
1156 3706 45 31 of
1232 3705 61 34 the
1323 3706 22 33 It
1358 3718 79 27 rms.
1469 3711 45 33 of

159 3755 145 40 aeF.erv:
305 3755 18 40 ,
322 3755 19 40 ,
371 3765 96 22 tvere
484 3765 48 22 on
563 3754 63 34 the
644 3752 44 34 :id
719 3749 132 38 within
873 3752 106 33 three
999 3752 144 41 tearores
1173 3752 50 32 of
1241 3754 170 39 Madrid;
1442 3758 64 33 but

152 3804 115 43 being
282 3803 162 43 charged
465 3804 48 41 by
533 3813 24 24 a
576 3802 150 45 piquet
745 3801 47 33 of
815 3801 198 41 dragoow,
1041 3801 86 43 they
1159 3800 89 44 tied,
1274 3802 234 48 abandoning

152 3854 52 34 40
224 3853 124 44 pieces
366 3850 41 33 of
416 3861 157 28 cannon,
593 3852 69 31 and
677 3849 45 33 tl9
738 3849 176 33 caissons.

261 3900 35 34 A
317 3899 241 33 meritorion:
589 3899 89 31 trait
706 3895 229 35 cited.—An
961 3895 60 32 old
1056 3895 176 37 General,
1258 3896 135 33 retired
1411 3896 96 37 from

152 3950 67 39 the
237 3948 158 39 service,
420 3947 71 32 and
515 3945 93 45 aged
625 3944 132 45 eighty
778 3954 123 30 years,
928 3954 74 21 was
1024 3944 32 32 in
1078 3943 53 33 his
1152 3945 115 32 house
1284 3951 37 26 at
1345 3946 163 43 Madrid,

152 4006 93 26 sear
265 3996 66 35 the
352 4000 107 32 street
478 3993 47 33 of
550 3993 210 34 Alcala—a
783 3991 145 35 French
966 3991 133 33 Otlieer
1126 3992 168 40 entered,
1316 3993 70 33 not:
1416 3997 90 32 took
1521 3991 1 41 I

152 4057 54 33 up
239 4044 57 34 his
326 4048 167 40 quarters
514 4041 123 40 there,
667 4039 87 33 with
797 4039 53 33 his
870 4044 130 39 party.
1056 4039 91 32 This
1178 4039 234 43 respectable
1444 4044 63 33 old

152 4104 86 24 man
263 4090 191 47 appeared
475 4087 133 38 before
640 4088 90 41 him,
759 4088 157 32 holdiaw
941 4097 26 22 a
998 4096 120 34 young
1134 4084 74 44 girl
1240 4085 50 46 by
1317 4089 59 34 the
1398 4089 110 41 hand,

152 4142 73 40 and
243 4140 98 39 said,
557 4148 46 22 an
634 4136 59 33 old
711 4115 215 54 soldier—l
957 4136 112 33 know
1104 4133 65 34 the
1195 4131 118 46 rights
1342 4136 70 33 and
1447 4137 64 32 Ow

151 4189 281 34 /icentionsness
448 4185 46 34 of
504 4182 237 37 war—there
761 4182 30 34 is
811 4193 61 35 my
889 4181 253 44 date:liter-1
1161 4181 87 40 give
1266 4180 65 37 her
1345 4183 167 40 900,000

151 4238 118 37 litres
287 4234 61 35 for
367 4235 63 33 her
461 4232 294 45 portion—save
790 4231 66 33 her
879 4222 159 48 honour,
1063 4228 70 33 and
1152 4228 46 34 be
1219 4228 65 35 her

152 4284 89 45 Ills
256 4293 129 39 young
402 4280 137 39 ()Dicer
553 4287 37 28 to
665 4279 60 46 toy
745 4280 64 35 old
829 4285 64 40 woo
893 4285 21 40 )
914 4285 21 40 /
956 4274 230 50 114.U:oily,
1213 4276 72 38 awl
1305 4277 56 35 his
1378 4280 144 46 hutuer

2654 194 157 52 JAN.
2863 195 46 53 I.

1566 345 116 35 under
1702 343 54 34 his
1774 341 227 47 protection.
2053 340 102 35 low
2183 341 178 44 culpable
2389 350 65 25 are
2479 340 87 43 they
2597 339 85 34 who
2699 348 144 33 expose
2871 348 40 24 so

1567 403 110 33 many
1706 391 172 45 peaceful
1894 391 172 39 citizens,
2091 400 41 22 so
2158 397 107 35 many
2294 387 239 35 unfortunate
2552 386 226 35 inhabitants
2802 386 46 33 of
2871 397 25 22 a

1567 445 104 37 great
1690 439 158 45 capital,
1877 445 37 26 to
1929 448 39 24 so
1984 448 109 33 many
2113 433 234 38 misfortunes
2362 436 7 34 !

1663 488 84 35 The
1767 487 110 35 Duke
1893 481 47 38 of
1956 484 194 37 Dantzick
2169 484 152 34 arrived
2339 488 40 30 at
2396 484 159 44 Segovia
2575 491 45 26 on
2639 481 63 37 the
2717 481 65 37 3d.
2828 480 84 37 The

1571 536 115 34 Duke
1702 534 44 35 of
1762 534 112 39 Istria
1893 534 31 32 is
1939 543 91 33 gone
2050 533 35 35 in
2102 531 143 45 pursuit
2264 531 45 34 of
2330 531 63 34 the
2411 530 161 35 division
2590 530 43 33 of
2650 531 115 38 Pena,
2787 529 130 34 which.

1569 582 137 44 having
1734 581 158 46 escaped
1909 580 97 35 from
2026 581 63 34 the
2108 581 118 33 battle
2250 579 46 37 of
2326 580 161 41 Tudela,
2511 579 94 34 took
2633 579 64 35 the
2721 582 106 30 route
2871 575 44 35 of

1569 631 287 35 Ouadalaxara.
1920 628 161 35 Florida
2126 624 156 45 Manus,
2309 628 72 33 and
2413 628 61 33 the
2506 626 133 41 Junta,
2668 625 66 35 had
2766 624 73 35 fled
2870 628 39 27 to

1570 680 159 33 'l'uledo.
1782 678 110 44 They
1920 676 64 35 did
2000 681 64 31 not
2079 676 110 35 thiuk
2206 676 221 34 themselves
2445 676 35 34 in
2498 670 119 47 safety
2656 674 34 32 In
2709 673 84 33 that
2811 678 103 28 town

1567 726 161 43 neither,
1754 726 67 34 and
1841 726 93 32 have
1952 733 91 33 gone
2056 729 39 30 to
2117 724 90 34 take
2225 722 131 46 refuge
2378 724 90 34 with
2489 723 64 34 the
2575 720 167 44 English.

1615 774 85 38 The
1716 775 156 35 conduct
1884 771 46 35 of
1942 771 63 35 the
2024 771 154 46 English
2199 771 28 34 is
2243 771 198 34 shameful.
2494 771 58 34 On
2565 771 63 32 the
2644 769 86 35 20th
2748 767 137 37 Novem-

1569 823 69 33 ber
1645 822 94 44 they
1756 831 98 25 were
1870 826 40 31 at
1928 819 64 38 the
2008 819 169 38 Escurial
2199 824 39 27 to
2254 819 64 34 the
2335 820 154 34 number
2499 817 44 35 of
2554 815 97 37 6001)
2667 827 93 24 men.
2812 814 109 43 They

1570 869 202 46 pretended
1788 869 89 45 they
1907 869 123 33 would
2048 869 48 32 do
2127 867 152 44 nothing
2308 869 69 32 less
2395 867 87 35 than
2513 876 84 34 pass
2627 865 63 34 the
2718 865 200 44 Pyrenees,

1570 918 69 34 and
1652 928 106 26 come
1778 922 38 31 to
1828 918 63 37 the
1909 917 182 38 Garrnne.
2146 915 117 35 Their
2281 921 129 38 troops
2434 925 65 24 are
2518 925 89 32 very
2627 913 84 40 fine,
2737 912 72 33 and
2830 908 86 34 well

1567 965 239 47 disciplined.
1859 965 83 34 The
1958 964 209 35 confidence
2189 963 90 33 with
2298 964 126 33 which
2459 963 90 44 they
2571 961 70 33 had
2661 959 162 46 inspired
2854 957 64 33 the

1572 1013 202 45 Spaniards
1806 1011 30 34 is
1867 1012 292 34 inconceivable.
2220 1013 109 33 Same
2366 1010 122 46 hoped
2528 1010 84 34 that
2646 1007 72 34 this
2750 1006 165 33 division

1571 1063 126 33 would
1715 1072 48 32 go
1781 1068 37 26 to
1838 1059 254 40 Sonsosierra;
2120 1058 139 40 others,
2287 1058 84 33 that
2405 1059 30 32 it
2453 1058 123 33 would
2595 1067 104 25 come
2728 1061 35 27 to
2783 1052 135 35 defend

1589 1110 44 33 he
1645 1108 143 47 capital
1807 1104 45 37 of
1864 1120 40 24 so
1918 1108 91 35 dear
2017 1119 46 24 an
2081 1107 94 44 ally.
2230 1107 175 44 Scarcely
2421 1116 98 24 were
2537 1106 89 44 they
2643 1103 176 34 informed
2836 1102 84 33 that

1569 1156 65 37 the
1654 1157 188 45 Emperor
1861 1167 77 22 was
1962 1160 41 31 at
2020 1155 247 39 Somosierra,
2296 1155 106 33 when
2421 1154 63 34 the
2510 1153 150 44 English
2682 1159 126 35 troops
2828 1150 89 32 beat

1570 1215 24 24 a
1615 1209 138 30 retreat
1772 1202 124 38 on.the
1918 1202 184 38 Escurial.
2153 1202 113 34 From
2282 1202 146 38 thence,
2446 1200 211 43 combining
2675 1199 96 33 their
2790 1196 126 33 march

1573 1253 92 34 with
1698 1253 63 34 the
1789 1252 163 35 division
1972 1252 123 34 which
2115 1261 73 25 was
2218 1256 41 30 at
2291 1251 234 39 Salamanca,
2552 1248 89 45 they
2674 1248 91 32 have
2799 1246 113 32 taken

1571 1300 100 35 their
1685 1310 129 25 course
1832 1300 167 35 towards
2015 1300 66 32 the
2107 1309 78 24 sea.
2288 1298 124 40 Arms,
2440 1296 171 47 powder,
2637 1299 67 30 and
2724 1293 188 41 clothing,

1569 1348 90 45 they
1678 1348 94 34 have
1789 1350 110 41 given
1918 1352 40 28 to
2100 1346 80 33 said
2211 1357 25 21 a
2263 1345 202 45 Spaniard,
2541 1345 64 33 but
2637 1341 94 37 their
2750 1339 161 35 soldiers

1570 1406 105 25 came
1691 1397 87 44 only
1798 1401 41 30 to
1854 1394 130 37 excite
2001 1404 56 33 us,
2082 1402 41 27 to
2154 1394 83 33 lead
2257 1404 40 24 us
2314 1398 144 39 astray,
2483 1393 129 37 ataFto
2626 1390 168 34 abandon
2819 1398 39 22 us
2877 1388 39 34 in

1572 1443 61 34 the
1650 1443 150 35 critical
2120 1441 72 35 But
2209 1450 67 26 are
2291 1452 72 34 you
2624 1437 189 35 answered
2841 1435 66 34 the

1577 1489 144 38 French
1756 1491 152 40 Officer,
2000 1489 45 34 of
2065 1489 69 34 the
2165 1495 93 28 most
2290 1494 125 28 recent
2441 1488 98 34 facts
2571 1486 44 34 of
2652 1495 69 26 our
2754 1485 158 41 history.

1576 1540 123 34 What.
1724 1539 93 35 have
1850 1539 91 44 they
1975 1538 94 35 done
2098 1537 63 35 for
2184 1537 61 35 the
2281 1535 253 40 Stadtholder,
2561 1534 61 34 for
2641 1533 187 38 Sardinia,
2855 1532 59 32 for

1572 1586 181 37 Austria?
1808 1587 117 33 What
1945 1586 92 33 have
2063 1586 92 45 they
2176 1586 94 33 done
2298 1584 164 46 recently
2494 1584 60 33 for
2584 1583 130 33 Russia
2728 1581 12 32 ?
2799 1578 118 35 What

1571 1633 94 35 have
1684 1636 89 44 they
1789 1635 94 34 done
1900 1635 78 34 still
2006 1645 104 22 more
2131 1633 165 43 recently
2331 1632 61 33 for
2427 1631 180 34 Sweden'
2659 1629 106 43 They
2798 1632 117 38 every

1571 1682 128 34 where
1717 1683 138 34 foment
1871 1691 104 32 war;
2000 1681 93 47 they
2108 1680 202 35 distribute
2331 1689 97 24 arms
2448 1680 79 34 like
2546 1678 130 46 poisou
2691 1678 12 33 ?
2739 1677 65 32 but
2823 1675 91 43 they

1569 1730 87 34 shed
1678 1730 98 34 their
1794 1730 115 33 blood
1936 1730 89 45 only
2055 1728 63 35 for
2144 1729 100 34 their
2265 1728 122 34 direct
2421 1727 67 34 and
2525 1726 168 45 personal
2725 1724 183 32 interests.

1573 1781 151 43 Expect
1756 1779 156 43 nothing
1935 1779 77 33 else
2040 1776 94 34 from
2154 1776 102 34 their
2767 1769 146 46 replied

1570 1827 63 34 the
1664 1826 202 45 Spaniard,
1936 1825 98 34 their
2050 1834 111 25 cause
2193 1834 77 22 was
2294 1833 102 25 ours.
2461 1821 119 46 Forty
2609 1819 177 35 thousand
2819 1819 97 41 Eng•

1570 1874 91 39 lish,
1688 1874 118 34 added
1827 1879 37 27 to
1892 1883 70 24 our
1997 1873 119 33 forces
2148 1877 39 30 at
2205 1871 162 37 Tudela,
2394 1871 70 33 and
2496 1874 40 28 at
2571 1867 196 45 Espinosa,
2794 1865 119 44 might

1569 1923 97 33 have
1684 1920 177 34 balanced
1897 1919 65 35 the
1996 1919 150 37 fortune
2177 1919 44 33 of
2242 1919 63 33 the
2334 1928 94 32 war,
2470 1918 71 33 and
2565 1916 110 34 saved
2713 1913 198 44 Portugal.

1573 1970 70 33 But
1661 1975 40 28 at
1717 1972 158 43 present,
1902 1968 85 35 that
1998 1978 69 22 our
2082 1978 106 33 army
2209 1965 45 34 of
2278 1965 125 35 Blake
2427 1977 45 21 on
2485 1965 63 33 the
2562 1963 69 35 left
2644 1975 12 27 ;
2685 1963 78 33 that
2784 1962 45 33 of
2851 1962 63 34 the

1567 2023 141 33 centre,
1734 2016 71 34 and
1822 2017 81 33 that
1924 2016 46 34 of
1993 2016 175 41 Arragon
2194 2024 46 24 on
2258 2014 66 34 the
2356 2011 115 44 right,
2498 2023 66 22 are
2583 2009 219 39 destroyed;
2831 2009 84 34 that

1569 2066 116 43 Spain
1706 2066 30 31 is
1750 2066 136 32 almost
1906 2063 158 45 entirely
2085 2062 227 45 conquered,
2339 2061 72 34 and
2428 2061 80 34 that
2531 2069 128 25 reason
2685 2059 28 32 is
2738 2059 118 32 about
2872 2063 38 27 to

1567 2113 190 45 complete
1776 2113 44 33 its
1837 2111 233 40 submission,
2102 2109 102 35 what
2228 2111 27 33 is
2272 2115 40 27 to
2333 2111 152 32 become
2498 2108 45 33 of
2569 2107 175 41 Portugal
2760 2106 13 33 ?
2830 2105 37 35 It
2885 2105 30 33 is

1567 2166 65 27 not
1648 2167 43 26 at
1711 2160 132 33 Lisbon
1864 2158 84 35 that
1965 2159 61 33 the
2049 2157 154 45 English
2222 2157 116 46 ought
2355 2161 39 30 to
2407 2156 130 35 defend
2552 2154 215 34 themselves
2780 2166 13 25 ;
2822 2154 93 40 they

1566 2207 118 45 ought
1700 2213 38 26 to
1766 2206 93 34 have
1886 2206 93 35 done
2014 2216 40 24 so
2083 2211 44 28 at
2161 2206 203 45 Espinosa,
2389 2209 40 31 at
2448 2203 162 45 Burgos,
2635 2209 40 28 at
2691 2202 161 41 Tudela,
2876 2206 41 28 at

1567 2256 246 40 Somosierra,
1837 2252 72 37 and
1929 2252 130 35 bdure

1567 2365 77 25 NO.
1665 2361 141 30 1.-TO
1828 2363 91 26 TIEE
1946 2363 314 26 COMMANDANT
2288 2363 59 25 OF
2368 2360 91 28 Tilt
2483 2360 131 28 TOWN
2637 2361 54 25 OF
2720 2357 195 30 MADNIN

2236 2413 144 35 Before
2399 2404 165 51 Madrid,
2583 2413 93 35 Dee.
2693 2415 38 39 3,
2760 2412 106 35 1808.

1610 2464 86 35 The
1711 2464 282 35 circumstances
2011 2463 43 33 of
2073 2461 65 34 the
2165 2472 80 25 war
2278 2461 138 44 having
2440 2461 202 33 conducted
2672 2460 61 32 the
2764 2458 150 35 Fresich

1561 2522 110 35 army
1689 2519 38 26 to
1746 2512 61 33 the
1822 2518 104 39 gates
1945 2511 45 33 of
2004 2510 167 41 Madrid,
2187 2510 71 34 and
2276 2509 54 35 an
2350 2509 61 33 the
2424 2506 242 46 dispositions
2683 2506 110 44 being
2810 2506 107 33 made

1563 2565 39 28 to
1620 2559 92 35 take
1730 2558 207 46 possession
1954 2558 45 33 of
2010 2558 63 33 the
2083 2563 102 28 town
2205 2559 47 43 by
2267 2562 131 34 storm,
2421 2555 19 35 I
2458 2556 85 34 hold
2564 2556 28 33 it
2607 2554 115 45 right,
2738 2555 72 34 and
2830 2564 64 24 con-

1565 2608 183 35 formable
1765 2613 37 28 to
1820 2608 65 32 the
1902 2616 113 34 usage
2030 2606 46 34 of
2089 2606 52 35 all
2161 2606 161 40 nations,
2350 2609 39 28 to
2408 2614 163 24 summon
2598 2614 91 34 you,
2727 2601 190 35 Monsieur

1566 2656 176 40 General,
1768 2659 64 31 not
1850 2659 38 30 to
1902 2663 142 37 expose
2061 2665 26 24 a
2105 2659 102 28 town
2219 2666 39 21 so
2280 2653 207 43 important
2500 2656 38 28 to
2556 2650 51 33 all
2627 2650 63 33 the
2708 2650 150 32 horrors
2876 2649 46 33 of

1561 2714 48 24 an
1622 2702 157 41 assault,
1804 2712 67 24 nor
1889 2707 40 28 to
1948 2702 129 33 render
2095 2712 39 22 so
2154 2711 110 34 many
2283 2698 174 46 peaceful
2474 2696 228 35 inhabitants
2719 2696 148 35 victims
2878 2696 44 34 of

1564 2751 63 34 the
1656 2751 94 34 evils
1779 2748 46 34 of
1850 2759 96 25 war.
2002 2748 172 44 Wishing
2203 2753 39 27 to
2272 2748 94 32 omit
2386 2746 154 44 nothing
2559 2750 39 30 to
2620 2744 130 37 inform
2780 2754 77 34 you
2876 2744 45 37 of

1566 2809 94 33 your
1676 2798 78 34 rent
1773 2796 194 41 situation,
1997 2797 17 32 I
2033 2796 86 33 scud
2147 2806 72 34 you
2251 2794 64 34 the
2335 2800 145 39 present
2498 2803 181 24 summons
2707 2794 47 44 by
2781 2804 71 22 one
2875 2792 45 34 of

1565 2856 96 35 your
1678 2846 154 34 Officers
1852 2845 86 33 who
1954 2845 64 33 has
2036 2845 92 32 been
2156 2842 105 35 made
2291 2843 184 44 prisoner,
2500 2839 73 37 and
2595 2842 83 33 who
2696 2841 64 34 has
2781 2841 71 34 had
2870 2851 50 22 an

1565 2893 248 47 opportunity
1833 2890 44 35 of
1898 2891 125 44 seeing
2037 2891 52 33 all
2112 2890 63 34 the
2193 2900 122 25 means
2342 2890 81 33 that
2443 2888 63 37 the
2522 2896 106 38 army
2644 2891 63 32 has
2725 2895 37 27 to
2780 2889 137 35 reduce

1565 2941 63 37 the
1644 2949 115 27 town.
1776 2933 1 50 -
1815 2937 181 45 Receive,
2010 2937 189 38 Monsieur
2213 2939 180 43 General,
2407 2937 63 34 the
2480 2947 209 25 assurances
2700 2937 41 33 of
2748 2948 64 34 my
2828 2933 90 50 higlif

1566 2987 291 39 consideration.

2204 3034 243 45 Major-Gen.
2469 3033 137 35 ALEX.
2623 3034 246 33 B.ERTHIEB.

2270 3106 227 44 sritwisn.)

1616 3169 50 26 TO
1714 3167 72 27 MIS
1833 3169 112 26 MOST
1985 3169 77 25 SElt
2072 3170 54 25 EN
2138 3169 24 24 E
2206 3167 229 26 RIGIIYEFS
2476 3165 92 26 TUE
2607 3165 52 26 rR
2722 3165 58 26 Ca

2083 3215 320 26 NRUFCHATEL.

1626 3255 40 34 it
1695 3254 28 34 is
1754 3254 279 46 indispensably
2053 3255 211 34 incumbent
2282 3260 100 38 upon
2417 3262 73 30 me,
2513 3256 94 31 most
2640 3255 131 33 Serene
2791 3254 136 35 Senor,

1570 3305 39 32 to
1626 3302 145 34 consult
1789 3302 175 46 previous
1995 3307 37 28 to
2052 3313 63 34 my
2131 3301 129 44 giving
2275 3312 24 22 a
2328 3301 227 41 catagorical
2580 3311 145 24 answer
2752 3308 40 26 to
2820 3309 99 37 your

1572 3350 204 45 Highness,
1802 3350 63 34 the
1878 3350 233 37 Constituted
2127 3348 237 34 Authorities
2379 3348 45 32 of
2438 3359 59 34 my
2518 3348 135 40 Court,
2678 3348 85 41 and,
2797 3358 99 25 more-

1570 3407 107 32 over,
1704 3403 43 28 to
1761 3398 182 34 ascertain
1959 3398 63 34 the
2039 3397 243 46 dispositions
2300 3394 45 35 of
2362 3394 64 35 the
2443 3397 137 43 people
2597 3406 38 24 as
2653 3397 196 43 impressed
2870 3398 50 30 by

1571 3444 63 34 the
1646 3445 282 34 circumstances
1942 3445 45 33 of
1998 3444 61 34 the
2078 3445 91 44 day.
2222 3445 78 33 For
2315 3444 102 34 these
2434 3452 181 35 purposes
2637 3444 14 34 I
2674 3444 130 34 intreat
2826 3454 93 35 your

1577 3491 182 45 (fig-hness
1780 3498 34 30 to
1833 3498 124 35 grant,
1991 3494 57 34 for
2078 3493 76 34 this
2176 3493 92 45 tiny,
2293 3502 24 22 a
2333 3493 213 45 suspension
2563 3491 45 33 of
2619 3501 111 30 arms,
2758 3493 35 32 in
2813 3493 109 33 ►►nier

1572 3543 77 31 that
1681 3542 9 31 I
1715 3553 80 31 may
1812 3543 154 41 e•eitttply
1988 3541 89 33 ►cith
2098 3541 103 33 those
2219 3541 139 35 ditties,
2373 3539 163 44 assuring
2552 3550 89 33 you,
2660 3539 78 33 that
2757 3541 105 41 early
2884 3539 43 34 im

1571 3589 61 32 the
1650 3591 178 41 morning,
1848 3599 43 22 or
1911 3589 57 40 thi
1968 3589 19 40 ,
1987 3589 133 40 ,night,
2146 3589 13 32 I
2184 3599 22 21 w
2220 3589 38 32 ill
2281 3588 83 32 liend
2382 3598 22 22 a
2425 3588 155 33 General
2598 3587 135 34 Officer
2753 3598 26 22 w
2792 3588 52 33 ith
2859 3596 31 22 m

1570 3646 148 22 answer
1735 3643 35 25 to
1794 3650 12 20 s
1817 3647 70 21 our
1905 3635 178 41 flightless
2100 3648 8 26 ;
2134 3638 170 40 assitrin;
2320 3647 15 20 C
2343 3645 64 30 ott,
2428 3634 81 33 that
2533 3635 12 33 I
2567 3634 141 45 profess
2726 3641 35 26 to
2777 3647 76 33 you
2865 3634 20 46 a
2906 3634 19 46 5

1572 3685 60 32 tiLf
1650 3684 276 34 consideration
1945 3684 70 33 due
2031 3691 39 26 to
2089 3693 97 34 your
2206 3684 87 44 high
2311 3683 91 34 rank
2420 3681 73 33 and
2511 3683 124 32 merit.

2435 3731 194 38 .114.1quIs
2652 3731 223 34 C4sTlL.l.4ft

1623 3778 167 40 _Madrid,
1813 3781 84 31 Der.
1917 3780 38 37 3,
1978 3780 20 34 1
1998 3780 85 34 808.

1717 3848 52 26 To
1795 3850 22 22 T
1864 3850 21 24 F.
1916 3848 148 27 cr.xrh
2082 3850 51 24 %T.
2164 3849 89 25 Calf
2258 3847 216 26 srznrwrc
2506 3846 47 26 tT
2584 3847 190 26 M.%DRfT).

1761 3899 178 44 Imperial
1959 3900 118 45 Camp
2099 3900 128 34 before
2249 3900 167 41 Madrid,
2438 3900 91 34 Dec.
2546 3898 38 37 4,
2604 3899 125 32 eleven
2746 3899 47 34 A.
2817 3899 54 33 M.

1778 3954 51 25 Kir
1839 3957 22 24 ft
1898 3948 92 33 Cc.;
2100 3959 19 21 f.
2157 3948 54 34 CA
2225 3959 40 22 ST
2276 3959 20 22 I;
2308 3960 20 20 1.
2337 3958 19 22 A
2369 3959 20 21 A
2402 3948 132 33 11—TO
2558 3945 130 35 (I-fend
2722 3946 17 34 I
2739 3946 132 34 .lladrid
2904 3945 17 38 t.
2929 3945 7 38 7

1571 4000 177 38 contrary
1779 3999 39 27 to
1837 3994 63 32 the
1932 3996 203 44 principles
2153 3997 41 32 of
2210 4006 92 26 war,
2329 3997 71 33 and
2421 3994 172 35 inhuman
2614 3994 161 33 towards
2793 3994 63 32 the
2876 3993 53 33 in.

1573 4043 206 33 habitanft.
1830 4042 34 34 If
1874 4042 30 34 is
1924 4039 161 47 Majesty
2100 4044 208 34 authorizes
2327 4055 57 22 we
2400 4052 37 24 to
2454 4042 85 37 send
2558 4052 74 34 pot
2650 4052 25 25 fl
2689 4043 128 34 ,econd
2831 4051 73 22 sum-

1572 4101 117 22 mons.
1744 4089 178 34 Immcme
1945 4091 180 33 batterie,4
2141 4101 63 24 arc
2223 4091 174 33 mounted
2412 4103 11 27 ;
2452 4091 131 33 miner,
2601 4100 66 24 are
2687 4090 183 45 prepared
2889 4096 38 25 to

1563 4137 110 32 •blow
1691 4147 50 33 ttp
1772 4147 94 34 your
1884 4137 185 47 prisaipal
2089 4137 209 45 buildings;
2327 4140 164 33 columns
2507 4137 45 32 of
2578 4143 128 39 troop,
2722 4148 65 22 are
2804 4143 41 27 at
2864 4136 61 33 the

1571 4191 191 27 entrance;
1781 4182 43 33 of
1834 4183 61 34 the
1917 4189 113 35 town,
2059 4186 45 32 of
2121 4187 119 33 which
2262 4198 99 21 ,ome
2381 4185 214 46 companies
2613 4185 44 35 of
2669 4183 244 46 sharp-shoot-
2914 4183 19 33 ,

1561 4232 1 47 •
1570 4241 61 24 ers
1650 4232 94 33 have
1763 4232 106 32 made
1896 4232 100 33 them
2016 4234 102 31 elves
2150 4240 175 34 tua,ters;
2352 4234 67 34 but
2448 4234 61 33 the
2545 4234 203 45 Emperor,
2779 4232 148 35 alwaNs

1572 4278 234 48 geuerousin
1833 4279 63 35 the
1910 4290 128 27 COUIlle
2069 4280 45 38 of
2134 4280 57 39 Ilia
2211 4281 193 50 victories,
2434 4280 174 48 suspends
2627 4281 63 37 the
2704 4280 136 38 attack
2868 4269 64 47 till

3030 2532 60 15 ~.:..
3118 2543 12 4 ..
3142 2532 4 22 R

3208 157 2 13 I
3210 157 4 13 ,
3214 157 4 13 '
