3307 4406
332 167 156 60 JAN.
535 169 44 48 1.

354 306 25 26 o
397 293 94 52 giyc
509 292 110 39 them
638 291 129 50 credit
796 291 63 46 for
876 289 107 39 their
1003 285 106 56 good
1137 286 241 45 intentions;
1411 280 78 39 and
1507 279 33 39 if
1561 278 94 50 they

337 347 94 65 only
469 353 172 66 perform
641 353 25 66 s
707 351 107 45 what
849 351 93 63 they
978 347 150 50 intend,
1168 359 59 25 we
1261 344 76 39 witl
1374 343 51 39 be
1454 341 69 38 the
1554 341 109 41 most

335 416 141 43 ardent
497 404 19 57 p
536 404 19 57 1
575 404 97 57 their
691 413 223 44 advocates.
972 411 73 38 We
1063 422 66 26 are
1160 419 92 27 now
1281 418 52 26 ou
1352 405 70 37 the
1455 404 113 53 great
1585 412 78 26 eve

339 477 51 53 pf
411 493 77 34 our
523 477 183 53 destinies
723 491 11 31 ;
764 474 78 40 and
870 474 115 46 when
1018 483 58 33 we
1104 469 139 45 retied
1276 467 90 50 that
1401 478 25 25 a
1456 463 71 38 few
1565 461 99 52 days

338 547 96 47 May
456 553 137 47 Frown
618 537 79 41 this
718 536 161 52 Empire
907 533 97 40 with
1041 534 239 51 permanent
1306 527 162 46 honour
1493 522 73 52 and
1605 534 39 25 se-

340 605 151 53 curity,
522 617 46 27 or
600 604 150 53 plunge
787 604 33 38 it
852 601 83 38 into
965 611 53 28 an
1054 598 115 52 abyss
1194 593 48 40 of
1266 587 273 51 irretrievable
1557 585 85 47 cala-

343 670 115 52 mity,
488 670 115 40 there
621 670 30 38 is
672 672 73 34 not
782 679 25 26 a
836 664 141 40 Briton
1006 663 87 39 that
1127 658 81 45 will
1241 663 70 45 not
1344 654 115 40 stake
1495 652 59 39 his
1591 651 72 39 last

345 733 180 54 shilling,
555 748 45 27 or
620 732 117 40 wield
756 744 118 39 every
911 742 87 26 arm
1033 732 43 35 to
1095 726 131 40 insure
1263 736 47 25 an
1337 716 252 48 honourable
1605 730 41 25 re-

1052 770 14 24 ,

346 800 96 46 sult.
502 807 13 33 1
569 797 123 52 slight
724 796 182 56 stimulus
938 794 32 39 is
989 794 90 51 only
1115 801 203 40 necessary
1351 791 45 34 to
1434 784 119 40 make
1585 781 84 40 this

346 868 172 48 country
557 862 180 54 perform
770 859 223 57 prodigies;
1052 856 77 40 and
1174 854 105 44 what
1312 866 76 34 can
1421 852 50 48 he
1502 862 25 35 a
1554 859 115 39 more

347 933 200 54 powerful
592 933 235 47 incitement
861 937 44 33 to
939 930 74 40 the
1049 924 151 53 display
1233 924 47 39 of
1303 921 53 51 all
1393 921 71 45 her
1500 930 169 41 powers,

346 990 99 50 than
465 993 77 45 the
554 998 190 40 situation
775 997 38 45 in
840 994 125 48 winch
989 1004 74 27 our
1082 1003 115 39 army
1231 989 31 38 is
1279 999 89 32 now
1389 978 154 67 placed.
1597 979 73 39 We

348 1065 148 41 should
529 1064 201 43 entertain
763 1077 52 27 no
842 1057 291 57 apprehension
1174 1046 5 67 •
1188 1067 99 27 were
1332 1055 146 43 60,000
1513 1048 48 40 of
1602 1046 71 40 the

350 1146 145 39 enemy
516 1130 177 54 opposed
728 1135 45 34 to
802 1129 124 45 them,
954 1127 77 39 but
1052 1123 111 38 when
1198 1120 92 52 they
1324 1119 105 38 have
1460 1115 31 48 it
1508 1115 38 38 in
1566 1110 107 41 their

351 1212 138 39 power
509 1204 44 40 to
568 1196 149 40 double
736 1187 90 48 tha't
841 1193 187 51 number,
1038 1202 58 26 we
1115 1185 99 41 shall
1230 1186 71 38 not
1318 1185 50 39 be
1396 1181 128 53 ,guilty
1540 1179 48 39 of
1604 1172 71 46 the

352 1264 183 52 madness
555 1277 47 26 or
621 1260 253 56 inhumanity
894 1258 48 39 of
957 1256 159 52 leaving
1135 1253 111 39 them
1267 1256 41 40 to
1330 1245 172 57 contend
1517 1244 159 53 against

354 1329 96 45 such
467 1328 148 52 fearful
639 1328 117 39 odds.
813 1326 73 41 We
905 1326 148 48 expect
1070 1313 120 50 Much
1207 1317 105 40 from
1344 1315 71 48 the
1435 1306 210 57 Spaniards
1663 1323 11 30 ;

353 1396 59 38 ice
444 1408 98 38 repo
547 1408 15 27 s
566 1407 20 26 e
602 1394 69 44 the
687 1396 107 37 most
815 1387 224 41 unlimitted
1065 1382 230 47 confidence
1324 1381 39 40 in
1383 1377 104 46 their
1500 1385 178 39 courage

358 1460 76 45 and
455 1459 156 52 fidelity
630 1474 11 31 ;
672 1459 76 41 but
776 1455 53 39 let
848 1467 45 26 us
909 1466 93 27 now
1030 1456 79 40 act,
1136 1462 45 25 as
1200 1447 35 38 if
1260 1459 74 26 our
1356 1443 112 39 force
1495 1453 78 26 was
1605 1439 72 39 left

358 1524 119 53 solely
501 1530 45 33 to
566 1524 48 39 its
626 1535 85 26 own
726 1519 210 59 exertions.
993 1517 73 38 We
1081 1513 77 40 feel
1178 1513 64 48 the
1241 1513 21 48 .
1263 1513 106 48 rpost
1383 1507 170 57 genuine
1566 1505 113 40 satin-

357 1590 158 44 faction
533 1589 87 39 that
640 1599 77 27 our
736 1584 137 50 wishes
904 1583 106 45 have
1041 1581 100 45 been
1161 1576 243 56 anticipated
1423 1576 51 48 by
1498 1576 156 35 Govern-

359 1661 126 40 ment,
503 1655 79 39 and
598 1654 87 43 that
698 1649 150 41 several
863 1648 216 53 regiments
1095 1646 103 37 have
1211 1639 235 47 embarked,
1461 1638 74 39 and
1545 1636 138 44 ethers

359 1721 105 39 have
487 1707 180 59 received
684 1716 142 40 orders
842 1715 61 38 for
924 1711 305 41 embarkation,
1247 1713 43 33 to
1304 1707 90 51 join
1414 1717 74 25 our
1507 1715 112 39 army
1643 1701 40 38 in

363 1786 137 53 Spain.
556 1787 72 37 We
651 1783 97 38 wish
767 1782 87 40 that
872 1792 120 39 every
1017 1776 213 50 regiment,
1258 1773 66 56 the
1350 1774 181 37 moment
1550 1768 30 39 it
1598 1770 57 35 em-

360 1851 174 47 barked,
562 1848 122 41 sailed
712 1844 272 52 immediately
1016 1841 66 40 for
1113 1840 48 39 its
1194 1834 255 47 destination;
1480 1833 206 40 which,we

364 1926 172 40 suppose
566 1916 43 35 to
635 1911 50 38 be
705 1909 120 52 Vigo,
849 1912 44 34 to
922 1905 122 40 order
1072 1907 43 34 to
1135 1903 170 51 prevent
1339 1910 76 38 any
1455 1906 208 28 unnecessa-

366 1994 45 39 ry

431 1978 135 53 delay.
621 1978 61 37 On
717 1970 162 54 landing
915 1972 94 48 they
1039 1981 74 27 can
1148 1962 272 53 immediately
1454 1959 170 54 proceed
1644 1962 45 34 to

359 2044 91 53 join
487 2041 72 51 the
593 2041 107 40 main
737 2040 106 52 body
875 2037 48 38 of
961 2034 105 40 their
1101 2036 279 51 countrymen,
1409 2040 44 26 as
1483 2039 52 27 no
1561 2024 104 58 impe-

363 2109 162 43 'diment
542 2113 45 33 to
606 2105 118 53 theiri
735 2104 190 53 junction
952 2113 79 28 can
1058 2099 97 40 take
1185 2095 113 51 place
1315 2095 38 38 in
1374 2093 89 38 that
1478 2091 211 40 direction.

366 2173 59 52 By
446 2173 116 44 these
582 2184 137 27 means
736 2167 239 61 complaints
994 2164 48 40 of
1056 2166 168 46 scarcity
1240 2160 47 39 of
1302 2158 222 53 provisions
1545 2154 79 44 will
1644 2154 50 38 be

371 2233 191 53 obviated
579 2254 11 27 ;
609 2237 78 39 and
709 2248 58 26 we
783 2232 97 40 shall
900 2243 72 27 not
987 2222 104 47 have
1106 2229 69 39 the
1189 2225 291 41 mortification
1496 2222 48 38 of
1558 2219 136 48 seeing

372 2302 26 43 a
417 2295 281 47 considerable
717 2306 92 47 part
828 2298 46 38 of
895 2309 78 26 our
992 2302 150 44 troops,
1173 2306 44 25 as
1234 2304 78 25 was
1331 2289 70 38 the
1415 2300 89 33 case
1522 2284 94 39 with
1635 2283 61 39 Sir

370 2363 144 44 DAVID
543 2369 171 40 Batan's
745 2366 129 44 force,
901 2360 175 51 wasting
1096 2356 103 41 their
1230 2355 97 40 time
1357 2359 44 44 at
1431 2352 69 39 the
1519 2349 113 54 place
1652 2346 46 41 of

369 2431 183 54 landing,

424 2516 202 50 However
644 2511 71 50 thp
735 2510 77 39 last
829 2505 224 56 dispatches
1072 2504 104 39 have
1198 2499 163 41 realised
1388 2498 70 39 the
1476 2498 158 39 fondest
1654 2497 47 39 of

374 2594 79 33 our
474 2577 141 40 wishes
631 2593 12 28 ;
672 2575 78 39 and
770 2574 70 40 the
857 2576 170 47 country
1057 2570 31 37 is
1109 2581 91 26 now
1219 2564 138 54 placed
1378 2564 40 38 in
1447 2577 24 25 a
1487 2561 210 46 situation,

373 2646 45 44 in
454 2642 131 41 which
619 2641 34 40 it
692 2640 145 40 should
869 2639 105 38 have
1011 2634 94 51 long
1133 2633 106 38 since
1276 2628 211 53 appeared.
1545 2630 157 35 Nature

374 2701 50 61 Sir
450 2708 215 41 education
704 2711 122 34 never
859 2700 193 65 qualified
1089 2699 69 38 her
1187 2696 247 39 inhabitants
1470 2698 43 34 to
1545 2693 155 38 remain

376 2774 43 54 it}
470 2776 156 53 drowsy
673 2770 209 53 inactivity
933 2764 185 54 confined
1170 2767 45 34 to
1254 2760 104 40 their
1401 2772 90 31 owii
1534 2758 139 38 shores
1690 2774 12 28 ;

548 2851 26 26 a
607 2830 318 61 neighbouring,
959 2832 77 52 and
1072 2843 24 26 a
1126 2825 146 43 hostile
1305 2829 171 47 country
1508 2823 31 40 is
1573 2823 131 51 filling

385 2885 4 7 •
465 2885 4 7 •

374 2907 73 39 the
482 2904 126 41 world
637 2903 98 41 With
769 2903 70 40 the
866 2894 125 46 sound
1031 2897 46 40 of
1100 2896 72 39 her
1199 2893 187 53 exploits.
1440 2893 87 38 The
1553 2889 150 41 British

643 2952 56 26 ,•.;

379 2973 215 39 character
630 2970 30 47 is
706 2966 260 64 particularly
996 2961 157 44 formed
1199 2960 64 39 for
1304 2962 118 48 great
1450 2957 77 38 and
1563 2956 144 50 darinr

378 3037 248 53 enterprise;
656 3033 51 41 an
754 3031 44 41 'it
815 3032 161 51 betrays
997 3017 67 52 the
1083 3031 107 35 must
1212 3024 200 53 revolting
1431 3022 217 53 ignorance
1665 3019 48 39 of

380 3104 47 46 it,
443 3103 80 40 and
553 3116 25 26 a
607 3106 106 38 most
733 3091 324 53 unwarrantable
1074 3092 206 43 diffidence
1298 3092 41 47 in
1358 3090 51 39 its
1429 3099 220 34 resources,
1667 3090 43 33 to

379 3169 165 41 confine
572 3169 31 38 it
634 3174 43 33 to
711 3178 106 41 puny
842 3158 221 46 'exertions,
1120 3161 35 37 It
1176 3157 32 45 is
1226 3155 78 40 this
1317 3154 246 45 conviction,
1579 3150 130 39 which

380 3233 155 46 excites
555 3229 77 40 this
650 3227 250 51 triumphant
914 3213 228 59 extiltation
1161 3231 57 26 on
1233 3230 72 26 our
1326 3220 109 48 part,
1454 3214 90 39 that
1564 3226 59 26 we
1643 3224 69 26 are

1049 3276 21 21 0
1097 3276 5 21 •

381 3311 92 26 now
491 3295 142 54 placed
648 3296 41 40 in
719 3308 26 26 a
763 3291 207 45 situation,
1003 3280 107 57 trom
1137 3282 131 41 which
1287 3282 70 38 the
1385 3280 77 39 low
1487 3279 170 39 dictates
1671 3275 48 40 of

380 3364 103 40 false
500 3363 152 53 policy,
691 3376 48 25 or
776 3359 69 43 the
862 3352 214 47 miserable
1090 3348 315 52 'combinations
1423 3345 51 40 of
1494 3344 221 40 selfishness

383 3431 152 34 cannot
555 3423 152 54 prevail
732 3435 56 27 on
809 3435 43 26 us
878 3425 41 33 to
941 3419 109 38 draw
1070 3409 52 46 ba
1124 3413 20 44 ti
1148 3412 46 39 k.
1247 3411 72 38 We
1337 3422 65 26 see
1422 3420 98 26 once
1539 3419 117 26 more
1676 3405 39 37 in

383 3491 92 39 idea
495 3490 69 40 the
596 3490 99 52 days
725 3488 51 40 of
804 3487 69 40 the
893 3482 242 45 EDWARDS,'
1152 3475 50 44 of
1226 3478 152 43 11.ENRY
1378 3478 22 43 I
1415 3472 78 39 and
1511 3470 48 39 of
1570 3471 118 38 MARL-

443 3557 144 43 ricition
602 3553 191 53 revived;
824 3552 76 41 and
921 3542 207 47 whatever
1147 3542 151 57 pietis,ts
1317 3553 94 40 may
1426 3553 86 39 say,
1530 3537 185 40 warfare.

389 3635 56 44 vn
463 3622 73 39 the
556 3619 219 56 principles,
802 3631 59 27 we
895 3626 118 41 carry
1035 3613 32 39 it
1087 3625 69 32 on,
1176 3605 50 46 so
1240 3608 61 46 far
1318 3606 109 41 from
1443 3605 178 52 injuring
1650 3601 69 40 the

386 3689 136 40 moral
542 3690 210 48 character
787 3685 48 44 of
857 3684 67 40 the
958 3677 268 52 community,
1244 3676 105 50 mast
1364 3672 98 40 tend
1481 3677 43 33 to
1541 3669 112 40 exalt
1672 3669 44 38 it.

385 3752 39 40 It
444 3750 32 40 is
493 3749 94 56 only
615 3761 207 44 necessary
841 3751 41 34 to
901 3755 195 32 converse
1122 3739 98 40 with
1251 3732 69 44 th'C
1337 3733 159 46 soldier,
1527 3730 92 40 who
1650 3730 71 40 has

387 3829 94 35 seen
502 3811 115 59 years
645 3814 50 40 of
718 3804 130 48 active
872 3810 168 48 service,
1056 3814 45 38 to
1119 3807 51 41 he
1188 3800 222 48 convinced
1428 3798 112 52 there
1554 3796 31 41 is
1604 3801 74 34 not
1697 3807 24 26 a

386 3898 120 27 more
524 3882 211 43 estimable
769 3881 226 43 character,
1031 3868 48 50 or
1113 3887 25 26 a
1166 3860 190 64 worthier
1388 3879 110 27 man.
1553 3866 39 38 It
1611 3862 31 39 is

387 3951 172 52 activity
581 3950 117 40 alone
719 3946 131 43 which
869 3948 188 48 corrupts
1071 3944 142 40 States,
1233 3951 46 34 as
1292 3932 90 57 veil
1397 3947 43 28 as
1455 3926 241 51 individuals
1709 3945 12 30 ;

347 3993 5 69 '
390 4018 80 41 and
508 4031 45 31 as
586 4030 99 27 soon
719 4029 44 26 as
803 4016 170 44 100,000
1006 4007 149 43 British
1191 4003 167 58 soldiers
1378 4003 158 48 'appear
1566 4009 56 26 on
1655 3993 69 39 the

392 4070 234 63 t7outinent,
644 4081 240 56 experience
900 4076 81 43 will
1000 4087 139 43 prove,
1159 4068 93 44 that
1265 4068 69 40 the
1351 4063 170 59 imOlitse
1534 4061 123 53 given
1670 4058 52 53 by

490 4142 4 4 •

387 4152 99 45 Such
509 4157 51 34 an
578 4155 120 37 event
717 4154 44 35 to
782 4148 67 40 the
862 4142 176 63 popular
1055 4140 180 52 feelings,
1252 4133 78 43 will
1350 4133 107 47 have
1475 4143 25 35 a
1513 4140 103 45 grea
1617 4133 14 43 t
1649 4122 77 44 and

1372 4179 7 7 •

389 4218 181 56 Salutary
592 4214 197 52 influence
809 4224 50 33 oil
880 4224 76 31 oar
974 4204 184 57 national
1172 4204 223 52 character.
1422 4212 7 8 •

1720 262 1 2 .
1779 262 5 2 .

1775 272 87 44 The
1879 285 138 38 enemy
2042 270 70 38 has
2131 274 41 33 at
2192 268 73 38 last
2293 273 89 33 sent
2401 280 43 28 us
2463 267 113 44 three
2595 262 217 41 additional
2832 263 206 54 Bulletins,

1722 332 66 41 the
1807 333 109 51 14th,
1950 332 105 45 15th,
2086 331 77 39 and
2186 328 105 46 16th,
2348 327 85 39 The
2452 326 86 39 first
2555 324 48 40 of
2626 325 109 39 these
2754 325 31 39 is
2811 324 115 39 dated
2948 326 58 37 Ma-

1723 393 84 45 drid
1821 394 70 38 the
1911 396 67 37 sth
1996 410 12 27 ;
2039 391 78 52 and
2135 391 69 38 the
2223 390 73 39 last
2313 403 54 32 on
2387 390 65 38 the
2469 389 87 46 Bth,
2568 386 103 39 from
2694 386 66 39 the
2780 398 109 26 same
2908 385 125 53 place.

1726 455 109 52 They
1857 454 230 53 principally
2101 452 102 50 refer
2216 457 41 33 to
2276 450 70 51 the
2362 448 236 53 particulars
2615 448 47 39 of
2679 448 67 44 the
2764 445 208 47 surrender
2991 444 51 40 of

1726 514 67 40 the
1807 514 171 53 Capital,
2008 515 78 38 and
2109 520 43 32 to
2184 524 110 27 some
2310 509 174 52 military
2502 507 335 41 demonstrations
2851 507 187 52 previous

1729 581 39 34 to
1787 578 92 38 that
1897 582 132 34 event.
2075 575 89 39 The
2179 578 191 35 accounts
2381 585 58 26 we
2460 570 182 39 received
2655 573 43 34 at
2715 567 182 45 ditierent
2916 567 103 39 inter-

1727 637 99 46 vals,
1843 637 50 40 of
1906 637 67 45 the
1990 635 311 41 determination
2321 633 48 39 of
2394 632 66 40 the
2481 631 244 39 inhabitants
2744 634 44 33 to
2804 627 138 48 defend
2970 628 69 39 the

1727 698 93 51 city,
1852 710 102 28 were
1988 696 197 54 perfectly
2205 702 90 33 true
2311 710 12 31 ;
2354 694 76 44 and
2448 692 35 39 if
2505 692 70 39 the
2595 691 198 51 prudence
2816 690 47 38 of
2876 690 66 39 the
2962 691 52 39 Ge-

1728 757 129 47 nerals
1877 757 76 39 had
1982 763 72 41 not
2086 755 216 50 restrained
2336 754 106 40 their
2463 751 237 45 resolution,
2731 749 92 52 they
2845 750 197 51 appeared

1729 819 247 47 determined
1995 824 44 33 to
2067 831 151 40 oppose
2233 815 239 48 themselves
2491 819 43 33 to
2554 814 69 38 the
2655 811 168 38 horrors
2841 810 48 38 of
2911 822 50 26 an
2982 823 41 25 as-

1729 880 117 48 sault,
1878 880 133 48 rather
2030 879 98 46 than
2148 875 242 52 voluntarily
2414 874 148 45 submit
2583 878 43 34 to
2646 885 48 26 an
2726 885 139 39 enemy
2889 872 90 51 they
2994 883 51 35 so

1729 940 194 53 cordially
1956 940 142 40 abhor.
2167 938 158 46 Madrid
2353 938 28 41 is
2418 951 41 25 as
2493 932 242 63 completely
2758 931 210 41 untenable
3002 944 44 26 as

1733 1003 165 39 London
1918 1019 11 33 ;
1957 1003 77 39 and
2054 1000 105 40 from
2179 1002 87 39 that
2298 999 288 48 circumstance
2607 1009 56 33 we
2681 1007 70 35 are
2772 993 89 39 able
2878 998 43 34 to
2939 992 107 39 fonn

1733 1076 107 27 some
1859 1063 183 57 ettianate
2057 1063 50 38 of
2133 1062 66 39 the
2231 1061 229 43 sentiments
2481 1057 93 46 with
2597 1055 129 50 which
2747 1055 70 38 the
2837 1054 211 52 Spaniards

1734 1139 66 25 are
1820 1123 38 39 in
1881 1124 109 53 pired
2009 1123 157 53 against
2185 1122 69 39 the
2274 1120 194 40 invaders.
2526 1117 122 40 Their
2670 1115 161 47 armies,
2861 1116 38 37 in
2927 1122 119 45 every

1734 1185 193 50 direction
1944 1185 99 39 have
2060 1186 98 47 been
2174 1182 181 52 dgfeAted
2374 1198 11 27 ;
2414 1180 77 38 and
2512 1179 103 39 thPir
2630 1178 142 46 minds,
2802 1191 44 24 so
2863 1175 60 40 far
2943 1176 106 38 from

1735 1246 159 52 sinking
1925 1246 81 37 into
2028 1244 283 53 pusillanimity
2334 1244 73 46 and
2434 1240 293 53 despondency,
2757 1237 149 53 display
2937 1251 115 26 more

1736 1318 148 44 energy
1905 1306 73 39 and
1996 1294 646 60 determination,in'proportion
2659 1313 41 24 as
2720 1297 66 40 the
2806 1311 181 39 progress
3007 1298 52 38 of

1737 1367 66 40 the
1819 1381 139 40 enemy
1980 1368 187 46 becomes
2185 1378 109 35 more
2314 1363 210 51 alarming,
2546 1361 76 46 and
2640 1359 104 40 their
2763 1372 148 25 success
2940 1372 112 26 more

1739 1419 184 58 decisive.
1976 1428 93 46 This
2089 1427 126 53 single
2230 1422 463 58 eirepustanceproves,
2715 1419 157 53 beyond
2895 1426 137 33 contra-

1739 1485 164 52 dictiOn,
1930 1489 106 39 what
2055 1502 59 33 we
2133 1486 224 53 frequently
2379 1479 219 50 advanced,
2628 1483 87 38 that
2737 1480 69 44 the
2826 1485 135 47 tyrant
2979 1494 79 28 can

1742 1551 164 54 preteud
1924 1556 43 34 to
1982 1564 51 33 nq
2046 1554 159 51 greater
2224 1552 89 48 part
2329 1545 46 50 of
2391 1547 89 51 that
2494 1550 185 46 country,
2700 1544 98 47 than
2812 1541 106 50 what
2937 1543 31 37 is
2987 1556 47 25 oc-

1742 1611 142 52 cupied
1899 1611 50 51 by
1970 1610 57 40 his
2044 1610 167 50 soldiery
2271 1609 69 38 the
2369 1606 226 46 remainder
2614 1605 28 47 is
2661 1604 41 38 as
2721 1603 240 52 completely
2983 1616 51 27 un-

1742 1670 193 46 subdued,
1951 1671 73 38 and
2044 1683 43 24 as
2105 1668 157 52 ho4tile,
2281 1681 44 26 as
2342 1668 32 38 it
2393 1680 77 25 was
2486 1667 113 39 three
2621 1664 158 39 months
2797 1677 91 38 ago.
2926 1665 133 48 Every

1747 1731 201 53 impartial
1965 1735 170 37 account
2151 1730 103 38 from
2268 1729 67 39 the
2353 1727 213 45 Peninsula
2582 1727 187 57 continr4
2781 1724 79 39 this
2875 1724 184 51 opinion,

1747 1793 73 38 and
1839 1792 70 39 the
1923 1805 151 26 reverse
2091 1792 48 37 of
2156 1792 30 38 it
2204 1788 221 51 originated
2445 1788 122 52 solely
2588 1789 37 37 in
2641 1787 66 38 the
2727 1785 164 39 affected
2914 1785 149 39 alarms

1748 1853 74 38 and
1843 1853 70 40 the
1942 1851 407 54 misrepresentations
2378 1850 47 46 of
2453 1863 113 31 some
2583 1846 287 54 party-writers
2897 1846 94 39 here
3019 1851 44 34 at

1750 1916 133 38 home.

1801 2002 122 38 From
1944 2001 106 39 these
2081 2000 202 46 Bulletins,
2320 1996 142 54 partial
2492 1996 78 44 and
2590 1994 190 43 distorted
2803 2007 41 26 as
2864 1993 92 52 they
2978 2006 86 34 are,

1754 2063 111 38 there
1884 2065 30 37 is
1931 2062 194 39 sufficient
2146 2067 41 33 to
2206 2061 191 41 convince
2413 2073 59 32 us,
2503 2059 90 39 that
2613 2057 65 38 the
2699 2054 229 53 opposition
2948 2054 119 39 made

1755 2131 41 33 to
1815 2124 70 40 the
1912 2137 137 38 enemy
2072 2135 79 26 was
2183 2121 116 40 much
2329 2126 159 46 greater
2520 2119 100 38 than
2641 2118 92 50 they
2757 2128 69 25 are
2846 2113 148 53 willing
3021 2118 46 35 to

1755 2184 294 51 acknowledge.
2107 2171 94 51 This
2219 2181 180 52 glorious
2418 2181 115 53 spirit
2562 2179 48 38 of
2634 2177 230 45 resistance,
2891 2176 76 39 and
2995 2176 73 39 the

1757 2244 295 59 ungovernable
2081 2244 210 51 animosity
2309 2242 50 45 of
2380 2242 66 39 the
2465 2241 246 39 inhabitants
2739 2237 43 37 of
2811 2236 66 38 the
2903 2235 165 52 capital,

1760 2308 78 43 will
1853 2307 169 52 compell
2050 2307 70 38 the
2138 2307 154 52 Tyrant
2328 2310 41 32 to
2388 2302 159 52 employ
2572 2314 25 25 a
2614 2296 270 50 considerable
2904 2302 91 47 part
3026 2295 52 40 of

1757 2369 57 38 his
1832 2368 111 38 force
1962 2368 35 40 in
2019 2366 174 52 keeping
2228 2366 69 39 the
2334 2363 146 53 capital
2517 2363 39 38 in
2581 2373 96 34 awe,
2737 2361 43 39 In
2813 2370 119 39 every
2955 2359 119 39 other

1755 2434 117 48 great
1903 2433 104 33 town
2033 2427 50 39 he
2112 2428 200 50 occupies,
2342 2425 48 39 he
2411 2424 76 39 will
2507 2424 51 38 be
2581 2419 138 67 placed
2737 2418 123 39 under
2878 2431 25 26 a
2922 2418 152 40 similar

1757 2490 189 52 necessity
1962 2506 12 28 ;
2002 2489 77 39 anti
2094 2489 70 39 the
2179 2489 156 38 farther
2355 2486 48 38 he
2421 2485 213 45 advances,
2663 2480 70 40 the
2752 2492 112 26 more
2883 2478 111 40 cities
3024 2479 52 41 he

1761 2551 112 39 takes
1894 2549 215 54 posSession
2131 2549 60 48 of,
2218 2548 67 39 the
2309 2559 111 27 more
2452 2545 63 39 his
2550 2544 110 39 force
2680 2541 106 39 whill
2818 2541 51 38 be
2898 2539 177 41 divided.

1761 2614 94 39 This
1871 2626 59 26 we
1944 2610 144 51 always
2106 2607 257 54 anticipated,
2385 2607 74 39 and
2479 2601 234 54 considered
2730 2614 43 26 as
2792 2614 48 26 an
2861 2600 219 40 inevitable

1761 2686 269 40 consequence
2050 2673 41 38 of
2126 2672 61 39 his
2205 2672 86 39 first
2310 2682 167 27 success.
2539 2666 129 40 Under
2693 2663 97 41 such
2820 2662 262 47 restrictions,

1765 2738 30 39 it
1813 2738 32 39 is
1863 2734 141 53 totally
2026 2739 73 34 out
2113 2733 50 39 of
2172 2733 59 38 his
2250 2744 133 40 power
2402 2735 43 34 to
2465 2740 200 32 overawe,
2698 2732 44 33 at
2759 2725 70 39 the
2844 2737 104 33 same
2966 2725 116 46 time,

1766 2798 67 39 the
1853 2790 244 46 inhabitants
2117 2794 47 39 of
2185 2793 65 39 the
2270 2796 185 46 country,
2478 2790 92 45 and,
2593 2785 257 54 paradoxical
2870 2798 40 25 as
2929 2786 31 37 it
2988 2799 92 28 may

1767 2855 167 58 appear;
1950 2859 38 37 in
2003 2856 235 54 proportion
2261 2868 41 25 as
2321 2854 50 38 he
2389 2854 32 45 is
2438 2849 229 48 successful,
2700 2848 59 39 his
2778 2861 137 26 means
2934 2846 47 39 of
2993 2848 71 38 sub-

1761 2922 194 52 jugating
1974 2922 67 38 the
2055 2926 169 45 country
2245 2920 168 43 become
2433 2914 161 39 weaker
2614 2907 211 44 adirmore
2843 2909 242 53 precarious.

1754 2969 1 64 '
1770 2987 60 38 He
1847 2985 72 46 has
1955 2983 74 39 had
2060 2993 50 27 an
2139 2979 265 54 opportunity
2427 2976 46 41 of
2497 2973 241 51 convincing
2754 2969 162 40 himself
2940 2969 47 39 of
3011 2969 80 39 this

1770 3045 113 41 truth
1902 3063 12 27 ;
1944 3044 74 39 and
2047 3044 60 38 his
2145 3039 209 41 miserable
2387 3037 215 52 expedient
2633 3033 47 40 of
2711 3032 164 51 sending
2907 3043 97 27 over
3033 3031 59 38 his

1772 3106 191 48 Bolictins
1981 3110 41 34 to
2041 3105 79 38 this
2138 3107 189 45 country,
2347 3099 38 37 in
2400 3097 69 40 the
2487 3094 217 45 intention,
2735 3105 44 26 as
2797 3092 50 39 he
2862 3092 67 39 has
2943 3091 69 39 the
3033 3090 39 38 in-

1772 3170 157 39 solence
1958 3174 44 32 to
2021 3171 161 47 expect,
2211 3163 47 38 of
2285 3157 272 53 intimidating
2596 3169 78 26 our,
2706 3156 281 51 government,
3015 3152 78 38 and

1773 3226 190 54 damping
1975 3227 69 46 the
2061 3222 202 44 exertions
2283 3223 50 40 of
2361 3221 69 41 the
2461 3217 146 41 British
2628 3216 151 54 public,
2810 3216 31 37 is
2858 3227 47 26 an
2928 3216 143 50 unequi-

1774 3286 118 46 vocal
1909 3287 122 56 proof
2042 3287 44 38 of
2104 3286 69 39 the
2192 3289 130 34 terror
2342 3280 48 39 he
2411 3279 221 43 entertains
2649 3279 104 39 from
2776 3289 26 25 a
2818 3275 190 48 vi4-orous
3027 3286 46 27 co-

1775 3351 215 57 operation
2023 3363 53 33 on
2108 3358 77 27 our
2222 3347 106 48 part.
2386 3344 71 46 We
2489 3354 69 27 are
2589 3340 105 38 from
2721 3335 267 52 entertaining
3008 3335 91 39 that

1774 3410 227 58 despicable
2020 3409 167 54 opinion
2200 3405 48 40 of
2263 3405 69 41 the
2349 3402 332 51 understandings
2700 3398 79 40 and
2798 3398 133 38 hearts
2957 3396 48 39 of
3030 3394 70 40 the

1778 3481 159 50 present
1957 3463 203 60 Ministry,
2189 3482 43 26 as
2255 3474 43 33 to
2326 3465 115 39 think
2474 3465 96 51 they
2591 3461 118 40 could
2739 3461 51 40 be
2823 3458 128 53 duped
2981 3458 51 51 by
3054 3469 44 26 so

1780 3550 116 28 mean
1915 3549 48 31 an
1980 3539 170 40 artifice.
2206 3533 37 35 It
2262 3528 38 39 is•
2313 3527 93 51 only
2422 3536 206 39 necessary
2647 3528 45 33 to
2707 3521 117 56 place
2842 3520 136 45 before
2995 3519 107 39 their

1778 3613 92 39 eyes
1885 3598 87 40 that
1990 3593 139 43 artiele
2146 3592 48 39 of
2217 3591 70 39 the
2307 3587 152 40 French
2479 3585 188 45 Bulletin,
2695 3582 129 40 which
2843 3580 128 52 coldly
2992 3592 84 26 men-

1778 3661 107 46 tions
1904 3659 66 40 the
1990 3666 200 35 massacre
2216 3651 47 39 of
2291 3650 152 40 sixteen
2477 3645 221 54 stragglers
2718 3643 215 52 belonging
2960 3645 44 34 to
3033 3639 72 39 the

1779 3722 146 40 British
1948 3723 138 47 Army,
2120 3722 46 39 to
2200 3711 123 41 make
2346 3711 107 38 them
2473 3709 128 52 adopt
2635 3706 70 39 the
2724 3703 148 46 solemn
2902 3700 77 41 and
3007 3699 77 39 irre-

1779 3782 169 43 vocable
1964 3774 312 51 determination
2309 3778 46 34 to
2389 3768 158 54 employ
2567 3781 117 39 every
2708 3777 85 32 nano
2826 3763 73 40 and
2920 3774 184 27 resource

1780 3846 46 39 of
1841 3844 79 40 this
1935 3846 169 46 country
2121 3843 46 34 to
2186 3846 174 39 revenge
2388 3847 45 26 so
2452 3831 193 40 inhuman
2665 3841 51 25 an
2738 3830 183 46 outrage.
2976 3824 84 37 Not
3079 3834 26 25 a

1781 3909 181 37 moment
1991 3899 146 44 should
2169 3900 51 37 be
2244 3886 185 51 'deferred
2459 3892 65 40 for
2545 3892 70 41 the
2630 3887 214 40 execution
2863 3885 47 39 of
2926 3882 78 41 this
3019 3885 86 47 just

1781 3967 247 50 retaliation..
2101 3965 131 48 Every
2268 3957 115 56 thing
2418 3956 132 47 which,
2584 3952 174 44 honour,
2799 3948 90 40 love
2921 3945 47 39 of
2996 3944 112 40 their

1781 4035 174 47 country
2000 4026 78 40 and
2100 4037 50 26 an
2164 4022 256 40 'abhorrence
2439 4017 47 39 of
2499 4016 182 51 injustice
2701 4024 72 26 can
2794 4012 172 48 suggest,
3000 4011 106 35 must

1781 4107 94 27 now
1890 4090 76 43 call
1993 4103 54 28 on
2066 4088 109 39 them
2210 4090 41 33 to
2272 4080 193 50 redouble
2502 4078 107 40 their
2633 4074 217 40 exertions.
2907 4069 86 41 'The
3020 4068 91 39 fate

1782 4155 51 43 of
1861 4156 161 50 Europe
2036 4146 175 59 depends
2230 4157 51 30 on
2313 4144 70 45 the
2402 4154 66 28 use
2499 4140 94 51 they
2615 4135 119 53 malte
2754 4133 48 41 of
2830 4131 66 47 the
2924 4129 185 56 ua4i,y&;al

1199 152 145 52 THE
1378 148 376 56 NATIONAL
1788 142 377 56 REGISTER.
