3307 4406
1016 177 152 52 THE
1201 175 380 57 NATIONAL
1616 177 379 54 REGISTER.

122 142 19 27 1,
198 128 7 12 I

141 177 37 48 2

354 96 17 21 0
371 96 18 21 .
476 92 11 12 s

143 315 293 43 rans-atlautic
471 320 259 53 possessions.
804 321 99 41 This
943 321 208 41 extensive
1187 320 80 41 and
1315 320 146 53 deeply

129 381 217 53 projected
378 379 97 56 plan
513 383 52 40 of
600 384 263 40 commercial
891 384 79 39 and
1006 383 183 54 political
1224 383 259 40 interdiction

131 455 87 27 was
236 443 96 53 only
352 443 72 43 the
443 444 261 43 fore-runner
730 445 48 39 of
793 445 80 41 still
904 459 117 27 more
1039 445 202 53 alarming
1273 456 187 28 menaces
1473 457 12 30 s

132 506 81 40 and
234 506 71 40 the
322 506 253 58 dock-yards
608 507 51 39 of
681 509 163 52 Europe
878 508 77 39 and
992 508 195 40 America
1211 520 110 26 were
1358 510 45 35 to
1439 504 48 39 be

132 566 221 54 employed
370 569 39 40 in
422 569 279 53 constructing
715 569 117 40 fleets
844 574 46 37 to
904 574 208 50 transport
1131 570 196 39 immense
1341 566 146 41 armies

135 630 71 40 for
237 631 69 39 the
326 631 184 40 invasion
530 631 51 41 of
604 645 78 26 our
718 631 159 40 islands.
935 632 100 40 This
1065 644 79 26 was
1181 644 54 26 no
1256 631 78 39 idle
1354 630 133 39 threat

135 692 102 41 used
270 698 44 35 to
350 693 146 54 terrify
531 706 46 26 us
607 694 87 39 into
730 707 25 26 a
778 694 281 40 renunciation
1098 693 51 40 of
1172 706 77 28 our
1285 691 202 40 maritime

138 755 361 53 preponderance;
533 756 31 38 it
583 769 80 26 was
692 755 69 40 the
780 755 181 41 favorite
979 756 80 39 and
1081 754 201 53 maturely
1304 752 181 52 weighed

138 819 139 51 object
312 820 52 39 of
387 831 51 26 an
467 817 241 45 individual,
746 817 137 41 whose
917 829 139 27 means
1085 817 77 39 and
1201 826 286 45 perseverance

141 892 72 26 arc
247 892 44 26 as
308 885 133 48 treat,
472 893 43 26 as
535 879 60 39 his
627 879 203 41 ambition
867 879 32 39 is
930 879 213 39 insatiable
1155 894 12 28 ;
1198 878 79 39 and
1309 875 110 44 who,
1447 875 38 39 in

141 940 183 40 addition
346 946 44 35 to
411 943 71 39 the
506 946 248 35 resentment
787 943 53 38 he
870 943 118 39 bears
1007 954 63 34 us,
1098 939 79 41 had
1196 953 25 26 a
1239 952 89 28 new
1348 938 119 39 incite-

139 1007 116 34 ment
285 1009 46 35 to
348 1017 118 40 carry
503 1003 33 40 it
570 1004 87 39 into
677 1004 237 44 execution,
943 1002 110 41 from
1084 1002 70 40 the
1186 999 233 41 conviction
1437 999 50 40 he

137 1065 92 47 felt,
257 1068 92 39 that
367 1081 44 26 as
431 1065 98 54 long
547 1078 45 28 as
606 1067 80 39 this
712 1072 172 46 country
907 1064 182 43 retained
1106 1063 52 41 its
1176 1062 308 53 independence,

131 1128 72 41 his
224 1134 87 35 vast
333 1133 177 50 projects
527 1129 122 40 could
664 1142 124 28 never
808 1130 53 39 be
879 1127 187 46 realised,
1095 1126 77 41 and
1188 1126 61 40 his
1276 1124 208 53 authority

141 1204 85 27 was
243 1192 249 51 precarious.

193 1258 37 38 A
252 1270 110 32 man,
393 1256 206 40 animated
622 1256 96 40 with
739 1254 98 41 such
860 1254 136 45 views,
1028 1254 78 40 and
1142 1253 137 52 acting
1315 1265 54 26 on
1390 1250 94 43 such

141 1316 235 54 principles,
406 1319 138 38 whose
573 1318 130 40 moral
725 1318 77 39 and
823 1315 182 57 physical
1028 1329 204 28 resources
1252 1329 70 26 are
1354 1329 45 26 so
1416 1328 46 26 ex-

139 1380 172 46 tensive,
343 1380 33 40 is
411 1380 171 53 capable
609 1381 52 39 of
684 1381 256 51 pertimning
972 1378 154 53 things,
1170 1377 131 40 which
1335 1381 47 34 to
1420 1376 67 39 the

138 1441 230 54 generality
385 1440 52 40 of
459 1454 92 27 men
570 1454 155 40 appear
746 1440 235 41 incredible.
1041 1439 202 53 Ordinary
1258 1440 228 45 resistance,

139 1508 46 34 at
224 1502 117 47 least,
389 1501 123 44 could
557 1517 156 40 oppose
761 1517 57 27 no
852 1502 227 41 hindrance
1110 1506 45 34 to
1191 1500 59 39 his
1283 1499 204 54 profound

139 1565 211 44 schemes;
381 1565 175 53 nothing
583 1567 73 39 but
678 1566 66 39 the
777 1570 107 35 most
920 1570 217 34 strenuous
1173 1563 209 39 exertions
1411 1563 76 39 and

145 1626 200 40 watchful
366 1626 219 54 vigilance,
615 1642 52 26 on
686 1629 69 39 the
784 1631 97 50 part
912 1625 50 40 of
983 1625 72 40 the
1082 1625 272 52 community,
1384 1637 105 26 were

141 1688 202 41 sufficient
372 1694 47 35 to
437 1689 196 41 frustrate
652 1690 130 40 them.
837 1691 34 39 A
887 1688 128 54 single
1033 1687 226 52 oversight,
1289 1700 51 26 or
1359 1687 106 39 relax-

141 1752 119 40 ation
285 1765 54 27 on
371 1765 78 27 our
476 1756 109 48 part,
606 1752 133 53 might
756 1753 96 53 give
873 1752 84 40 him
981 1750 267 53 advantages,
1278 1749 133 40 which
1431 1747 54 41 all

139 1813 73 41 the
240 1813 299 41 combinations
567 1814 51 40 of
639 1815 156 54 genius,
824 1815 79 39 and
931 1813 71 41 the
1024 1812 141 43 efforts
1188 1811 50 40 of
1256 1812 233 53 patriotism

141 1876 137 53 might
305 1881 74 33 not
413 1876 144 39 enable
591 1890 47 26 us
671 1883 45 33 to
754 1881 117 35 wrest
907 1876 110 40 from
1052 1876 84 39 him
1154 1890 13 32 ;
1196 1874 79 40 and
1304 1874 187 40 disasters

139 1950 126 28 ensue
282 1936 132 41 which
437 1951 59 26 we
511 1937 79 41 feel
609 1951 26 27 a
646 1938 149 40 horror
814 1943 45 34 to
880 1938 137 40 reflect
1035 1950 70 27 on.

201 2000 104 40 Such
326 2013 81 26 was
420 1998 72 40 the
511 2000 195 40 situation
730 2014 60 26 we
817 2000 118 39 stood
974 2000 40 39 in
1056 2004 43 34 at
1130 1998 71 40 the
1232 2011 229 27 commence-

144 2065 115 37 ment
276 2060 47 41 of
350 2059 78 40 last
446 2074 111 39 year.
617 2062 73 39 We
722 2062 105 39 have
862 2062 120 51 given
1004 2074 24 25 a
1046 2059 168 43 faithful
1243 2060 248 53 description

145 2124 53 38 of
214 2124 69 40 the
300 2124 176 52 dangers
491 2137 59 26 we
569 2137 105 27 were
692 2124 174 52 exposed
889 2128 59 40 to,
978 2124 79 39 and
1091 2124 70 39 the
1178 2121 233 41 difficulties
1431 2137 59 25 we

148 2184 84 41 had
244 2190 45 34 to
304 2190 233 34 surmount.
594 2185 116 40 After
726 2186 152 52 having
906 2185 135 40 stated
1067 2185 115 40 them
1200 2185 206 54 candidly,
1433 2198 58 26 we

247 2259 93 27 now
359 2246 241 53 investigate
620 2246 38 45 if
680 2246 70 40 the
775 2248 315 52 precautionary
1120 2259 207 27 measures
1344 2261 52 25 on
1415 2259 77 26 our

146 2307 85 41 side
252 2321 105 27 were
376 2309 317 52 proportionate
711 2315 43 34 to
772 2309 107 40 their
896 2308 206 53 alarming
1120 2314 154 37 extent.
1330 2311 38 38 It
1388 2308 31 39 is
1439 2308 51 53 by

148 2370 193 53 frequent
360 2372 80 39 and
472 2372 206 52 impartial
711 2372 281 39 examination
1025 2370 53 39 of
1101 2372 70 39 the
1195 2372 187 53 question
1404 2370 86 39 that

145 2445 63 27 we
236 2432 100 41 shall
358 2432 51 40 be
444 2431 94 41 able
570 2438 46 35 to
641 2437 107 35 meet
768 2433 98 40 with
899 2431 200 43 fortitude
1130 2446 78 41 any
1230 2446 262 28 occurrences

146 2496 93 40 that
262 2507 92 40 may
387 2496 125 39 await
541 2509 64 31 us,
635 2496 77 39 and
733 2509 169 39 prepare
938 2494 70 40 the
1041 2509 138 27 means
1209 2496 50 40 of
1281 2496 210 52 rendering

146 2554 117 43 them
278 2555 213 40 harmless.
541 2558 69 39 An
625 2557 169 40 affected
808 2557 180 52 delicacy
1007 2557 78 40 and
1101 2558 237 52 mysterions
1349 2558 144 39 silence

146 2631 59 27 on
217 2617 99 40 such
351 2617 181 47 subjects
559 2616 32 40 is
620 2617 139 53 highly
798 2617 314 54 reprehensible,
1156 2620 77 39 and
1265 2620 227 52 frequently

146 2679 196 40 attended
371 2680 53 52 by
457 2679 72 39 the
559 2685 107 34 most
689 2680 230 51 dangerous
953 2693 291 39 consequences
1259 2699 13 28 ;
1302 2683 67 38 for
1387 2682 109 38 what

149 2741 190 40 interests
369 2739 57 41 all
454 2745 110 34 must
591 2741 51 39 be
673 2741 158 50 subject
866 2747 45 35 to
939 2741 141 54 public
1106 2744 80 39 and
1217 2744 278 40 unrestrained

151 2805 312 54 investigation.

204 2881 90 41 The
313 2878 200 56 principal
531 2881 137 50 object
690 2881 85 38 that
796 2881 198 54 engaged,
1015 2882 79 40 and
1119 2882 131 54 ought
1264 2887 45 37 to
1324 2895 171 41 engage,

150 2944 73 40 the
254 2942 204 41 attention
477 2943 50 40 of
555 2943 281 39 Government
856 2947 44 35 at
924 2944 91 39 that
1046 2944 115 47 time,
1191 2959 78 26 was
1289 2946 71 39 the
1380 2959 94 39 orga-

150 3006 189 40 nization
374 3005 51 40 of
461 3018 51 26 an
549 3005 206 52 adequate
788 3005 180 53 military
1006 3005 125 40 force.
1188 3008 96 38 This
1317 3021 79 25 was
1431 3011 66 38 the

150 3069 163 50 subject
341 3065 52 40 of
420 3065 98 54 long
552 3065 320 53 parliamentary
894 3066 215 40 discussion
1126 3084 11 28 ;
1166 3070 77 39 and
1276 3070 70 39 the
1365 3071 133 52 public

152 3129 213 40 coincided
386 3129 39 39 in
445 3129 69 39 the
541 3129 196 52 necessity
758 3128 52 40 of
833 3128 226 53 increasing
1078 3142 76 26 our
1173 3143 129 40 army,
1333 3145 44 26 so
1397 3146 41 25 as
1456 3139 45 33 to

154 3196 111 37 meet
283 3191 71 39 the
373 3191 193 52 exigency
591 3189 52 43 of
654 3191 72 39 the
743 3195 198 35 moment.
997 3191 219 46 However,
1235 3194 38 39 in
1298 3194 78 39 this
1404 3208 73 38 aug-

154 3255 249 47 mentation,
425 3268 60 26 we
503 3267 106 27 were
628 3268 112 28 more
761 3257 200 39 attentive
978 3260 48 37 to
1044 3256 201 41 defensive
1266 3259 96 39 than
1381 3259 103 41 offen-

156 3318 89 44 sive
263 3318 196 45 warfare;
490 3318 78 39 and
587 3330 109 27 were
715 3322 74 34 not
808 3318 170 40 sensible
1003 3318 51 40 of
1076 3318 70 41 the
1172 3319 268 56 insufficiency
1462 3324 47 38 of

154 3380 102 40 such
274 3394 25 25 a
320 3393 200 33 measure,
540 3379 105 40 until
663 3380 72 39 the
752 3381 255 52 unexpected
1028 3396 261 27 occurrences
1318 3383 40 39 in
1385 3384 120 53 Spain

152 3442 229 43 convinced
403 3456 46 26 us
468 3442 51 40 of
531 3442 69 40 the
620 3456 117 27 error
749 3444 60 38 we
828 3442 79 40 had
928 3442 256 43 committed.

213 3506 46 38 In
278 3503 178 54 politics,
487 3503 176 54 nothing
691 3507 32 37 is
754 3519 117 26 more
894 3506 231 52 dangerous
1152 3507 98 39 than
1281 3506 93 41 half
1398 3520 83 27 mea-

155 3579 116 27 sures
287 3583 12 30 ;
330 3566 94 48 and,
444 3567 113 39 when
580 3580 25 26 a
624 3566 97 54 plan
746 3567 33 41 is
798 3567 194 52 adopted,
1013 3567 33 39 it
1077 3566 142 43 should
1239 3568 51 40 be
1315 3572 194 38 executed

154 3632 52 37 to
231 3628 70 40 the
332 3627 139 43 fullest
501 3633 144 35 extent
665 3628 70 41 the
754 3643 208 28 resources
989 3630 52 40 of
1061 3644 26 26 a
1111 3637 171 48 country
1305 3633 126 40 admit
1450 3633 58 40 of.

155 3693 93 41 The
274 3709 102 39 very
405 3702 187 33 moment
630 3697 270 39 BONAPARTE
935 3696 240 43 denounced
1206 3698 89 38 ruin
1341 3703 47 37 to
1430 3698 79 40 this

152 3761 201 51 country,
389 3757 83 41 had
501 3770 61 27 we
595 3758 276 54 immediately
893 3758 219 41 embraced
1131 3761 67 39 the
1219 3758 222 43 resolution
1469 3762 47 39 of

151 3821 208 52 retorting
379 3833 54 27 on
455 3821 156 40 France
630 3820 72 41 the
720 3833 236 41 vengeance
976 3821 71 40 she
1065 3820 237 41 threatened
1323 3826 44 35 to
1385 3822 126 41 inflict

154 3894 61 28 on
231 3894 64 34 us,
325 3881 156 41 instead
501 3882 51 40 of
570 3895 26 27 a
626 3881 106 41 local
754 3882 164 47 militia,
939 3895 50 26 or
1007 3894 79 28 our
1113 3881 217 41 volunteer
1348 3889 163 46 system,

154 3956 66 28 we
239 3943 138 43 would
399 3944 113 52 have
539 3944 222 41 converted
796 3944 71 41 the
898 3944 131 40 whole
1059 3944 141 40 armed
1228 3944 116 41 force
1372 3945 50 39 of
1444 3947 70 40 the

493 4005 59 41 fe-
700 4004 43 43 le
762 4005 168 56 regular
948 4018 135 41 army,
1097 4004 120 54 ready
1237 4004 69 41 for
1323 4004 193 43 offensive

741 4068 289 53 opportunity,
1046 4065 157 41 similar
1222 4072 44 34 to
1280 4067 93 40 that
1385 4068 128 39 which

761 4129 156 43 offered
948 4128 116 44 itself
1085 4133 46 37 to
1157 4128 155 57 display
1333 4129 72 41 the
1429 4136 87 35 vast

726 4254 177 48 mistake
932 4269 61 33 we
1019 4252 86 48 bad
1131 4253 104 47 been
1251 4253 136 58 guilty
1408 4253 112 45 of.

2627 176 161 53 JAN.
2837 182 44 50 1.

1554 319 195 47 Another,
1769 320 64 40 far
1856 334 116 27 more
1990 319 99 40 fatal
2109 319 39 41 in
2181 319 52 41 its
2259 319 198 53 tendency
2479 320 78 38 and
2585 333 313 40 consequences,

1553 381 156 53 though
1746 383 174 52 rejected
1956 383 41 39 in
2031 383 163 52 theory,
2223 381 80 40 had
2320 381 117 40 .been
2467 380 223 53 invariably
2721 383 181 39 adhered

1554 448 41 34 to
1625 442 40 43 in
1691 444 197 54 practice,
1920 445 107 38 since
2057 443 71 40 the
2160 443 226 53 beginning
2420 442 51 39 of
2493 442 72 39 the
2593 442 311 53 revolutionary

1556 519 94 27 war.
1708 507 98 39 This
1837 507 201 39 cousieed
2070 506 40 39 in
2147 504 73 41 the
2254 503 309 56 pusiilauimous
2581 503 136 54 policy
2752 506 50 39 of
2824 506 61 39 dis-

1551 567 190 56 claiming
1768 568 71 41 the
1858 566 259 56 practability
2148 567 51 41 of
2228 565 242 53 combating
2502 565 71 40 the
2607 579 162 40 enemy,
2803 566 100 40 with

1553 644 74 39 any
1649 635 188 48 prospect
1863 628 52 41 of
1933 643 170 33 success,
2134 643 54 27 on
2218 628 63 41 his
2308 641 91 34 own
2426 626 213 53 territory.
2696 630 90 40 The
2813 641 61 28 mo-

1554 696 110 37 ment
1682 692 79 41 this
1780 690 89 41 idea
1885 691 165 40 became
2070 690 228 54 prevalent,
2367 703 63 27 ras
2448 689 99 53 long
2567 702 44 27 as
2631 689 32 40 it
2680 691 224 41 continued

1554 758 40 35 to
1615 754 182 53 regulate
1817 767 74 27 our
1919 752 191 47 conduct,
2144 764 63 28 we
2233 765 105 41 gave
2369 765 53 39 up
2451 764 123 39 every
2595 752 234 52 pretension
2857 759 47 34 to

1552 816 176 53 equality
1744 833 12 30 ;
1795 815 76 40 and
1902 814 254 54 progressive
2185 813 318 54 improvement,
2536 827 50 26 or
2616 813 181 53 political
2833 826 50 43 ag-

1551 879 318 51 grandizement,
1899 892 80 25 was
1998 875 248 54 voluntarily
2270 876 244 41 renounced.
2574 879 38 38 It
2641 876 30 39 is
2691 889 26 27 a
2741 878 165 47 truism,

1553 940 38 38 in
1624 939 180 53 political
1832 939 168 45 science,
2034 939 92 38 that
2158 938 172 53 nothing
2365 938 33 40 is
2432 937 254 54 stationary;
2719 939 79 40 and
2833 939 73 40 the

1552 1002 252 53 community
1824 1002 129 39 which
1972 1000 203 41 cherishes
2194 1000 78 41 .the
2301 1000 103 46 idea,
2425 1002 93 39 that
2537 1002 31 38 it
2587 1000 71 39 has
2676 1002 163 40 arrived
2859 1007 46 34 at

1552 1063 69 40 the
1641 1064 137 40 zenith
1798 1063 51 39 of
1873 1062 50 40 its
1951 1076 154 40 power,
2138 1062 81 40 and
2238 1062 210 54 displayed
2476 1062 72 41 the
2578 1062 76 41 full
2685 1068 145 37 extent
2858 1061 53 44 of

1552 1129 50 40 its
1629 1142 220 34 resources,
1881 1129 219 53 inevitably
2121 1129 145 53 begins
2293 1134 44 34 to
2354 1129 172 47 decline,
2554 1128 78 41 and
2661 1129 81 41 will
2776 1129 53 40 do
2858 1143 47 26 so

1551 1192 188 54 sensibly,
1770 1192 61 39 till
1852 1192 32 39 it
1902 1192 72 39 has
1991 1192 209 39 discarded
2220 1192 80 39 this
2319 1192 234 54 dangerous
2572 1192 187 52 opinion.
2817 1192 90 40 The

1551 1256 177 52 energies
1759 1253 51 41 of
1839 1266 25 26 a
1891 1257 174 48 country
2096 1253 204 53 possessed
2326 1252 52 41 of
2407 1269 79 25 our
2523 1252 214 53 opulence,
2773 1267 106 40 popu-

1553 1316 143 48 lation,
1726 1316 78 41 and
1835 1316 248 39 institutions
2115 1329 70 27 are
2217 1315 268 43 incalculable
2502 1335 9 26 ;
2546 1316 96 46 and,
2662 1317 70 38 the
2764 1322 125 34 states-

1554 1394 90 26 man
1665 1380 91 40 who
1772 1380 97 40 does
1889 1384 72 34 not
1976 1378 119 41 think
2117 1393 64 33 so,
2202 1378 78 41 and
2298 1380 96 40 does
2413 1384 76 35 not
2509 1384 66 35 act
2595 1380 41 38 in
2656 1376 252 56 conformity

1553 1449 43 34 to
1611 1443 89 40 that
1720 1443 103 43 idea,
1853 1442 32 39 is
1917 1441 196 53 perfectly
2135 1441 276 52 incompetent
2441 1447 45 34 to
2520 1442 67 39 the
2619 1446 293 48 management

1552 1506 50 39 of
1628 1506 48 39 its
1706 1505 148 39 affairs.
1909 1505 124 39 What
2061 1505 73 39 has
2163 1506 104 38 been
2285 1504 196 40 observed
2512 1505 51 40 of
2593 1504 317 53 extraordinary

1554 1581 105 33 men,
1688 1567 31 40 is
1749 1565 194 54 perfectly
1981 1566 230 54 applicable
2242 1571 44 34 to
2323 1579 25 26 a
2382 1571 106 35 state
2520 1565 86 40 like
2643 1578 96 27 ours
2756 1581 11 21 :
2816 1565 94 40 that

1552 1630 170 53 nothing
1743 1630 32 38 is
1794 1629 229 53 impossible
2042 1633 44 34 to
2117 1629 130 46 them,
2280 1643 40 26 as
2350 1643 104 26 soon
2487 1643 44 25 as
2567 1629 97 52 they
2694 1628 109 40 form
2838 1629 71 40 the

1551 1691 315 41 determination
1899 1690 50 40 of
1975 1690 259 54 performing
2269 1691 45 41 it.
2372 1691 74 39 We
2478 1703 72 26 are
2577 1704 43 25 so
2653 1688 257 54 thoroughly

1552 1754 220 40 convinced
1808 1753 48 40 of
1883 1752 71 40 the
1972 1752 115 40 truth
2122 1752 50 41 of
2200 1752 79 40 this
2298 1752 281 45 observation,
2611 1752 92 39 that
2734 1765 60 27 we
2828 1752 83 40 feel

1553 1822 71 34 not
1655 1817 71 40 the
1756 1814 184 53 slightest
1976 1812 231 41 reluctance
2241 1813 44 40 in
2319 1813 204 56 ascribing
2559 1813 69 40 the
2666 1812 246 40 insufficient

1554 1884 86 47 part
1659 1891 59 28 we
1747 1876 133 47 acted,
1907 1874 66 40 for
2006 1876 71 39 the
2106 1874 78 40 last
2215 1874 190 41 fourteen
2435 1889 133 40 years,
2603 1873 124 56 solely
2758 1880 45 34 to
2838 1874 72 39 the

1556 1941 200 40 weakness
1788 1938 48 40 of
1863 1937 71 40 the
1967 1936 156 41 several
2144 1936 360 43 administrations.
2563 1939 74 38 We
2683 1935 105 43 recal
2811 1936 100 40 with

1554 2001 198 56 pleasure,
1783 2000 39 40 in
1843 1998 293 41 confirmation
2165 2000 52 39 of
2242 2000 110 39 what
2379 2013 60 27 we
2469 2000 106 39 have
2609 1998 195 47 asserted,
2841 1998 73 40 the

1553 2063 229 54 expression
1809 2060 51 43 of
1886 2075 25 25 a
1939 2060 351 43 much-lamented
2322 2063 229 38 Statesman
2687 2057 73 43 The
2760 2057 25 43 .
2809 2059 103 41 time

1556 2130 78 40 will
1651 2128 177 56 speedily
1848 2140 133 31 come,
2014 2140 48 26 or
2083 2130 18 37 I
2122 2140 67 26 am
2220 2127 203 40 mistaken
2457 2128 39 39 in
2528 2127 70 39 the
2626 2126 215 41 character
2868 2124 51 40 of

1557 2207 65 40 my
1644 2197 287 46 countrymen,
1954 2189 130 46 when,
2117 2189 155 40 instead
2293 2189 50 40 of
2355 2190 210 52 confining.
2597 2202 77 27 our
2704 2189 213 40 exertions

1557 2262 41 32 to
1616 2255 70 40 the
1706 2255 167 39 defence
1892 2252 48 40 of
1954 2264 78 27 our
2049 2264 92 27 own
2160 2251 154 47 shores,
2331 2265 59 26 we
2414 2251 104 46 shall
2546 2251 99 48 fling
2665 2265 21 25 a
2708 2250 183 40 consider-

1556 2317 90 40 able
1677 2321 92 48 part
1799 2315 50 40 of
1879 2327 77 26 our
1989 2313 246 54 population
2265 2326 53 26 on
2354 2314 71 38 the
2457 2317 183 47 enemy's
2667 2320 130 39 coast,
2835 2313 80 39 and

1556 2380 185 41 retaliate
1761 2393 52 25 on
1843 2378 111 40 them
1983 2389 115 27 some
2130 2378 51 38 of
2207 2376 71 39 the
2298 2376 170 51 injuries
2496 2376 96 52 they
2626 2388 45 27 so
2704 2373 209 56 wantonly

1558 2443 178 40 inflicted
1757 2457 52 25 on
1830 2441 139 39 others

1610 2535 78 38 But
1709 2531 246 53 fortunately
1972 2530 65 39 for
2052 2542 45 27 us
2109 2529 113 48 (and,
2242 2530 167 38 Heaven
2430 2529 159 45 knows,
2611 2529 213 40 FORTUNE
2844 2528 76 40 has

1560 2596 98 39 been
1680 2594 267 53 particularly
1982 2591 231 53 propitious
2243 2595 43 33 to
2320 2590 80 39 this
2428 2594 174 47 country
2617 2594 8 33 !
2660 2589 161 52 though
2857 2600 61 28 we

1557 2660 151 38 cannot
1726 2655 117 40 boast
1861 2654 50 40 of
1933 2654 154 51 having
2108 2652 119 40 made
2248 2652 70 39 the
2336 2652 87 39 best
2444 2663 70 27 use
2529 2652 51 39 of
2606 2649 71 40 her
2708 2649 208 51 favours,)

1558 2722 70 40 the
1664 2734 115 27 error
1811 2721 32 39 is
1877 2726 74 33 not
1985 2718 308 44 irretrievable;
2331 2717 79 39 and
2446 2730 53 25 an
2538 2715 269 53 opportunity
2844 2714 74 41 has

1560 2783 119 54 lately
1714 2783 152 41 offered
1898 2783 124 46 itself,
2052 2779 250 43 favourable
2326 2778 162 53 beyond
2517 2777 71 40 the
2614 2777 141 40 wishes
2773 2777 52 41 of
2846 2777 72 41 the

1561 2851 105 35 most
1685 2846 144 40 ardent
1846 2845 133 41 friend
1993 2850 46 34 to
2069 2843 60 39 his
2145 2849 193 46 country,
2354 2842 50 39 of
2432 2839 246 54 recovering
2708 2841 93 40 that
2825 2855 71 39 pre-

1561 2908 255 53 ponderance
1848 2920 63 27 we
1945 2907 83 39 had
2070 2919 46 27 so
2154 2903 332 53 unwarrantably
2533 2901 201 53 resigned.
2811 2906 38 38 It
2888 2903 31 40 is

1561 2972 256 53 superfluous
1835 2974 45 37 to
1900 2969 184 41 mention
2104 2968 112 39 what
2244 2979 60 27 we
2324 2980 69 25 are
2425 2965 216 52 adverting
2661 2970 44 34 to
2722 2981 13 30 ;
2769 2965 96 46 and,
2889 2965 37 40 if

1564 3034 206 40 Ministers
1788 3046 149 41 possess
1974 3031 98 59 only
2092 3044 25 27 a
2135 3030 170 53 particle
2337 3030 51 38 of
2396 3028 159 53 genius;
2589 3027 96 39 with
2717 3028 203 40 sufficient

1565 3096 240 53 knowledge
1837 3096 51 39 of
1909 3094 71 40 the
2011 3092 150 43 British
2187 3092 229 45 character,
2451 3103 52 26 an
2533 3102 117 40 army
2680 3089 50 40 of
2748 3094 174 40 150,000

1567 3158 261 53 Englishmen
1852 3155 81 41 will
1962 3155 176 46 exhibit,
2170 3155 143 39 before
2340 3155 73 39 the
2443 3154 143 39 month
2606 3151 48 39 of
2669 3152 113 52 April
2804 3157 116 41 next,

1566 3220 106 39 what
1707 3221 129 40 Great
1869 3220 157 39 Britain
2061 3217 33 40 is
2124 3216 172 52 capable
2327 3216 52 39 of
2409 3214 272 53 performing.
2743 3214 178 46 Reader,

1569 3281 138 40 before
1735 3293 84 43 you
1851 3279 154 41 hazard
2037 3292 51 26 an
2121 3279 223 51 objection,
2383 3289 60 27 we
2474 3278 110 38 insist
2613 3289 53 26 on
2698 3288 109 40 your
2823 3289 74 26 con-

1567 3344 189 52 sidering,
1786 3343 103 46 first,
1910 3344 70 39 the
2001 3340 185 56 glorious
2207 3339 124 43 result
2350 3340 50 40 of
2421 3340 100 40 such
2543 3352 51 26 an
2614 3338 280 54 undertaking
2910 3343 9 33 !

1570 3406 106 39 With
1707 3405 148 40 British
1886 3404 185 53 feelings,
2104 3416 109 40 your
2241 3402 117 40 heart
2378 3407 110 34 must
2505 3400 124 40 throb
2649 3400 98 40 with
2766 3402 159 40 extatic

1571 3468 262 52 anticipation
1866 3468 48 39 of
1941 3467 71 39 the
2041 3462 208 43 immortal
2271 3463 161 41 honour
2451 3463 71 41 the
2544 3461 181 57 exploits
2743 3462 52 43 of
2813 3462 112 41 these

1573 3531 139 38 heroes
1731 3528 83 40 will
1833 3527 139 41 confer
1993 3541 54 27 on
2068 3527 80 40 this
2166 3531 191 48 country.

1623 3630 110 40 With
1756 3630 105 40 what
1881 3628 261 41 enthusiastic
2164 3633 169 48 rapture
2367 3626 105 43 shall
2489 3639 61 28 we
2581 3625 209 45 celebrate
2818 3625 109 43 their

1574 3689 209 44 victories!
1822 3691 111 40 With
1981 3690 294 56 inexpressible
2303 3689 190 54 pleasure
2528 3702 61 27 we
2631 3689 83 40 will
2748 3702 154 40 congra-

1576 3752 124 41 tulate
1735 3767 79 27 one
1847 3752 175 41 another
2054 3767 56 27 on
2144 3752 84 41 this
2263 3756 356 38 commencement
2637 3752 47 39 of
2702 3764 25 27 a
2743 3751 187 51 brighter

1574 3817 93 37 era!
1684 3815 136 52 Surely
1841 3828 105 27 none
1967 3813 52 43 of
2031 3829 46 26 us
2098 3815 33 38 is
2148 3827 45 27 so
2215 3813 298 41 faiLt-hearted
2532 3826 44 27 as
2593 3820 46 33 to
2653 3814 162 40 foresee
2828 3813 78 41 dan-

1576 3889 86 39 ger,
1689 3889 50 27 or
1752 3869 254 60 uncertainty
2030 3878 48 39 of
2101 3889 172 34 success,
2303 3891 106 27 were
2427 3878 97 52 they
2546 3882 44 34 at
2621 3876 81 41 this
2739 3879 190 38 moment

1578 3944 43 34 at
1638 3939 67 38 the
1719 3939 91 39 foot
1830 3939 50 40 of
1907 3940 70 39 the
1998 3943 243 50 Pyrcnnees.
2300 3940 123 40 After
2435 3939 158 54 having
2622 3940 97 40 shut
2737 3939 69 39 for
2832 3948 100 30 ever

1579 4000 67 39 the
1664 4015 131 43 asses
1815 4002 48 40 of
1893 4002 113 39 these
2035 3999 253 48 mountains,
2317 4015 51 26 an
2407 4002 249 46 inveterate,
2685 4015 53 27 an
2769 3999 136 40 abomi-

1581 4058 122 43 nable'
1735 4074 141 39 enemy
1898 4061 137 40 would
2067 4062 52 38 be
2156 4061 143 52 placed
2331 4063 40 39 in
2406 4063 73 40 the
2507 4076 117 27 same
2656 4062 201 40 situation
2884 4065 47 35 to

1581 4122 130 41 which
1731 4137 77 27 our
1844 4121 213 43 immortal
2075 4126 308 39 ABERCROMBY
2418 4126 81 39 had
2537 4126 172 40 reduced
2743 4124 115 40 them
2889 4121 43 40 in

1586 4185 132 53 Egypt
1734 4189 11 34 1
1804 4187 38 37 Is
1867 4198 79 40 any
1967 4183 52 40 of
2044 4196 47 27 us
2120 4198 46 26 so
2185 4185 94 46 lust,
2310 4199 44 26 so
2375 4187 174 47 callous,
2580 4201 43 26 as
2641 4193 43 34 to
2706 4187 50 39 be
2777 4182 157 41 indiffe-

1571 4245 1 60 I
1585 4250 90 39 rent
1702 4250 45 40 to
1774 4245 98 44 such
1900 4258 53 31 au
1971 4250 138 39 event.
2166 4245 93 43 Had
2278 4258 59 31 we
2357 4258 54 32 an
2444 4250 182 56 eternity
2644 4248 52 44 of
2725 4247 209 43 existence

152 4010 181 48 country
352 4005 90 41 into
458 4018 25 27 a
493 4004 250 44 formidable

151 4067 260 56 operations,
431 4081 54 41 at
491 4081 102 27 soon
609 4080 43 27 as
671 4080 52 27 an
741 4081 13 26 c

380 4127 189 51 Stielfin
596 4129 137 54 Spain,

489 4186 167 70 .fr,Ooe

171 4214 9 61 ;
206 4235 104 38 ;Am,
658 4192 96 54 ople,

30 4263 83 33 hps.-
423 4256 5 76 ,
472 4274 47 47 17,-
520 4274 12 47 .
552 4256 152 76 Okfluly

30 4383 11 11 .
63 4400 6 6 .

3204 181 9 18 1
3214 181 9 18 ,
