3307 4406
1267 136 141 58 THE
1443 135 366 57 NATIONA4,
1847 126 370 59 REGISTER.

1175 260 31 4 _
1265 260 2 4 .

406 272 79 27 two
498 267 157 43 o'clock.
707 270 77 33 The
796 278 96 26 town
918 272 43 32 of
978 272 141 34 Madrid
1139 270 115 44 ought
1270 276 35 26 to
1320 270 87 32 look
1429 269 56 33 fur
1504 267 202 44 protection

406 313 71 33 and
500 315 156 41 security
676 315 58 33 for
756 318 43 33 its
823 320 197 41 peaceable
1038 319 219 33 inhabitants
1271 330 11 26 ;
1307 317 57 33 fur
1383 317 43 32 its
1447 315 196 38 Ministers,
1670 314 33 32 in

407 361 87 44 line,
513 361 58 33 the
588 363 164 34 oblivion
777 364 40 34 of
827 365 60 33 the
907 371 93 40 past.
1054 366 109 33 Hoist
1189 376 21 22 a
1245 365 109 32 white
1378 361 69 41 flag
1478 361 126 39 before
1633 367 72 25 two

407 406 162 41 o'clock,
592 410 69 33 and
677 411 83 32 send
776 413 289 33 Commissioners
1082 420 35 26 to
1139 418 93 28 treat
1248 411 57 38 fur
1322 410 60 34 ;he
1397 410 184 33 !urrender
1594 407 41 32 of
1650 407 57 32 the

407 457 326 45 town.--Accept,
754 459 180 34 Monsieur
953 459 167 40 General,
1134 459 66 38 &c.

961 506 298 45 Major-General
1272 504 24 38 M
1296 504 24 38 e
1319 504 71 38 t:i
1401 527 8 19 t
1427 504 142 37 1411111
1578 511 11 21 J
1599 511 61 21 En.

413 618 313 46 FIFTEENTH
746 622 262 35 BuLtaym
1041 622 67 35 OF
1135 622 111 35 Tilt:
1271 618 156 37 ARMY
1449 618 67 35 OF
1538 614 169 35 SPAIN.

1341 679 159 35 Madrid,
1521 678 89 32 Dee.
1628 674 35 34 Pt.

461 741 71 38 Ins
552 743 157 47 Majesty
726 745 61 34 has
803 746 124 33 named
944 746 61 34 the
1025 745 151 33 General
1195 744 43 32 of
1265 742 196 35 Artillery,
1487 738 224 33 Sonarmont,
1731 737 20 43 11

418 790 154 35 General
593 793 43 33 of
658 793 181 35 Division.
888 793 80 35 The
987 793 120 45 Major
1134 794 117 39 Legur
1276 785 60 37 leis
1354 789 89 31 been
1460 784 124 33 named
1603 781 111 44 Actin-
1731 789 20 34 I;

410 843 83 30 tant
509 840 269 37 Commandant.
826 841 80 34 The
922 841 66 34 life
1005 842 41 33 of
1064 841 70 34 this
1160 837 129 35 Officer
1315 835 71 34 had
1413 834 86 33 been
1522 830 56 33 de
1579 827 132 45 :paired
1731 823 7 47 1

413 886 56 40 of,
494 886 64 34 but
576 887 40 33 he
637 888 28 33 is
680 898 80 25 now
772 894 61 28 out
850 888 38 34 of
904 888 148 45 danger.
1100 888 79 33 The
1195 886 115 40 Count
1328 878 216 39 Krazinski,
1561 875 149 34 Colonel
1733 870 7 52 1

415 933 46 34 of
472 934 61 33 the
553 934 125 34 Polish
700 935 103 44 Light
821 935 132 45 Horse,
987 935 135 44 thoogli
1157 934 59 38 ill,
1254 931 60 33 has
1346 928 141 39 alwa)s
1515 922 136 34 wished
1677 928 35 26 to
1734 928 6 37 I

415 980 136 44 charge
565 986 39 30 at
619 981 61 35 the
699 981 87 39 head
800 983 43 33 of
854 983 54 41 his
922 993 120 33 eorps.
1091 980 79 34 The
1187 979 118 34 Sieurs
1320 974 164 34 Itabeeki
1499 971 69 33 and
1587 970 35 31 NV
1633 969 33 32 ol
1698 987 13 6 -
1733 965 7 46 1

415 1029 143 44 gurski,
578 1029 339 48 QuartersNlasters,
943 1029 70 34 and
1029 1024 214 41 Sarzevski,
1260 1036 20 22 a
1297 1020 135 35 soldier
1450 1018 41 34 of
1505 1020 61 31 the
1591 1015 120 35 Polish

415 1075 117 45 Light
552 1075 129 43 Horse,
707 1077 81 44 who
808 1080 90 37 have.
918 1076 111 35 taken
1054 1072 189 38 standards
1267 1072 92 32 from
1380 1065 59 35 the
1455 1076 142 25 enemy,
1626 1062 80 33 hat

415 1124 94 34 been
526 1124 123 33 named
669 1124 174 37 Members
860 1124 44 33 of
927 1123 61 34 the
1018 1122 132 44 Legion
1175 1119 43 34 of
1240 1119 164 37 Honour.
1462 1111 64 37 His
1559 1101 77 53 Mej
1636 1101 26 53 e
1662 1101 26 53 M
1688 1101 26 53 f

417 1170 69 34 has
500 1182 182 25 moreover
694 1172 145 44 granted
857 1176 37 37 to
906 1170 61 45 the
990 1169 120 38 Polish
1126 1154 107 57 Light
1252 1165 115 38 Horse
1378 1160 99 43 eight
1491 1161 146 30 dt.•e•erat
1644 1157 71 41 jons

415 1217 64 38 for
496 1218 59 35 the
583 1219 162 46 Officers,
768 1218 64 35 and
850 1228 38 35 4;
913 1228 104 32 untey
1046 1215 57 35 for
1123 1215 70 39 Atte
1217 1212 163 37 soldiers.
1430 1207 78 33 The
1543 1202 117 39 Chief
1681 1202 41 32 of

417 1266 204 45 Squadron,
643 1261 209 50 Lubiensici,
869 1276 106 33 recon
977 1277 19 21 n
1002 1264 113 41 oitred
1133 1273 47 30 ea
1194 1261 60 40 ate,
1269 1254 145 47 second,
1443 1246 60 39 the
1518 1250 152 35 remain,
1680 1250 44 31 of

416 1313 64 43 the
493 1323 99 34 army
609 1313 44 39 of
665 1315 187 43 Castangs,
873 1322 86 33 near
976 1310 278 43 Guailalaxara.
1300 1304 104 41 They
1428 1310 92 34 were
1535 1298 111 34 under
1661 1297 59 34 the

417 1359 187 44 command
621 1359 41 35 of
677 1361 149 44 General
843 1357 115 38 Pena.
1004 1359 180 39 Castanos
1208 1346 80 41 was
1299 1351 77 35 said
1395 1355 38 31 to
1452 1349 90 33 have
1556 1346 90 45 tbeen
1658 1342 40 33 de-

419 1408 116 48 posed
549 1401 47 51 by
615 1408 60 34 the
694 1409 152 41 Geecral
865 1404 128 43 Junta,
1043 1398 81 41 The
1144 1402 109 35 Duke
1269 1398 54 35 of.
1336 1394 196 43 Itifantado
1550 1394 65 33 has
1630 1391 90 32 been

420 1466 70 28 one
506 1455 41 34 of
560 1456 60 40 the
638 1455 180 46 principal
835 1463 119 25 causes
980 1453 44 37 of
1046 1453 60 32 the
1139 1448 229 35 misfortunes
1397 1442 56 33 his
1659 1437 63 33 has

420 1502 150 37 suffered
622 1502 46 34 he
703 1513 72 33 w4s
801 1498 61 39 the
886 1500 182 46 principal
1102 1498 209 34 instrument
1338 1491 38 34 in
1409 1486 180 45 EOgland,
1615 1486 35 31 in
1678 1483 44 32 its

419 1551 223 41 lanieutahle
657 1558 162 39 progress
834 1548 139 45 against
983 1548 138 45 Spain;
1147 1545 31 33 it
1191 1552 74 25 was
1283 1541 44 39 he
1339 1535 84 37 who
1437 1545 74 24 was
1521 1531 201 47 employed

418 1599 51 43 by
490 1597 79 35 that
583 1604 154 39 country
754 1602 37 32 to
816 1606 104 31 cause
934 1594 210 41 dissensions
1163 1592 164 39 hetween
1352 1585 65 41 the
1431 1580 124 35 fattier
1576 1580 69 33 and
1663 1578 63 34 the

416 1654 152 27 son—to
586 1651 174 31 overturq
780 1644 60 35 the
863 1644 126 34 throne
1013 1641 45 35 of
1084 1639 170 39 Charles,
1284 1633 125 37 whose
1431 1628 224 35 attachment
1681 1631 39 28 to

420 1694 143 37 France
580 1703 76 25 was
673 1694 216 38 known-to
905 1691 123 37 excite
1043 1693 167 38 outrages
1235 1681 139 46 against
1389 1677 60 34 the
1465 1676 78 35 first
1560 1674 168 37 Minister

417 1741 50 41 or
480 1742 80 33 that
578 1740 279 44 Sovereign—to
870 1737 141 34 elevate
1026 1740 39 31 to
1080 1731 65 38 the
1169 1723 175 53 Supreme
1363 1719 135 40 Power
1511 1724 79 33 that
1607 1729 119 37 young

422 1789 149 46 Priuce,
595 1789 106 40 who,
728 1788 47 43 by
794 1786 54 38 his
875 1783 181 45 marriage
1084 1781 90 41 with
1204 1789 25 24 a
1260 1776 162 44 Princess
1452 1769 45 40 of
1508 1770 63 33 the
1584 1768 142 44 ancient

422 1838 130 37 Jlouse
568 1835 44 34 of
635 1835 155 45 Naples,
821 1832 69 40 had
906 1832 115 44 drank
1093 1828 80 34 that
1193 1822 125 44 hatred
1339 1819 141 48 against
1493 1817 63 34 the
1570 1808 157 46 French,

420 1886 99 33 from
536 1884 119 40 which
676 1883 78 34 that
765 1879 120 43 Boise
904 1880 69 40 had
986 1887 107 26 never
1106 1871 193 50 departed.
1351 1867 35 33 It
1404 1874 70 25 was
1491 1865 59 39 the
1565 1861 112 37 Duke
1687 1859 46 35 of

423 1931 200 38 Infanta°
643 1930 87 38 who
743 1926 131 47 played
891 1926 63 33 the
977 1923 182 47 principal
1188 1924 85 41 part
1294 1918 38 37 in
1359 1907 64 40 the
1449 1912 215 44 coespiracy
1690 1907 45 34 of

420 1981 66 35 the
504 1978 181 39 Escurial,
696 1977 69 34 and
782 1977 28 32 it
830 1985 73 24 was
919 1978 40 32 to
974 1972 73 34 him
1068 1971 83 35 that
1167 1968 65 35 the
1245 1971 128 40 power
1388 1959 46 39 of
1444 1956 286 38 Generalissimo

423 2028 45 35 of
483 2028 61 35 the
557 2026 144 35 Armies
718 2024 41 33 of
769 2022 112 46 Spain
896 2030 72 27 was
979 2011 211 50 confided:at
1204 2014 79 37 that
1294 2011 103 34 time.
1447 1998 63 41 lie
1526 2014 76 25 was
1617 2003 96 40 after-

422 2075 126 34 wards
560 2083 83 31 been
660 2073 129 43 taking
804 2070 60 32 the
880 2069 87 34 oath
984 2065 254 45 ofallegiauce
1248 2065 40 31 at
1302 2057 175 44 Bayonne
1491 2054 168 45 between
1672 2050 59 33 the

423 2122 118 35 bands
553 2121 44 43 of
617 2121 103 43 King
735 2117 156 45 Joseph,
914 2126 39 25 as
969 2112 150 38 Colonel
1135 2111 44 35 of
1193 2104 63 45 the
1280 2102 157 48 Spanish
1465 2099 159 48 Guards.
1675 2098 58 44 On

423 2171 59 34 his
498 2176 123 34 retorts
638 2174 39 27 to
697 2165 158 44 Madrid,
881 2174 54 24 we
951 2172 74 25 saw
1045 2160 73 34 him
1144 2157 124 40 throw
1296 2152 56 46 qff
1377 2148 64 35 the
1470 2156 165 37 masque,.
1658 2141 69 46 and

419 2218 103 38 chew
542 2213 146 37 himself
700 2213 131 47 °peaky
844 2212 63 43 the
921 2220 79 24 man
1015 2207 45 35 of
1064 2207 61 32 the
1139 2203 164 45 English.
1358 2198 18 35 I
1376 2198 19 35 t
1413 2206 71 24 was
1502 2193 107 47 4)110
1625 2191 111 44 house

422 2265 86 33 that
526 2265 64 35 the
606 2263 185 41 Ministers
804 2259 45 40 of
862 2256 162 46 England
1042 2264 94 25 were
1153 2250 159 45 lodged;
1336 2246 31 43 it
1385 2254 73 24 was
1472 2235 44 41 lift
1524 2235 59 50 his
1596 2239 138 46 society

423 2314 83 37 that
524 2311 59 33 the
601 2315 126 39 agents
741 2304 208 44 accredited
958 2303 70 34 and
1037 2304 112 33 secret
1160 2300 46 33 of
1214 2298 79 33 that
1309 2295 138 35 Poster
1461 2289 113 37 lived.
1628 2282 109 44 After

423 2360 138 45 having
576 2356 183 40 exhorted
777 2356 53 32 his
852 2350 294 38 fellow-citizens
1163 2352 40 32 to
1217 2356 26 24 a
1257 2342 81 34 mad
1367 2339 209 45 resistance,
1600 2335 47 40 he
1662 2343 77 27 was

420 2417 102 30 seen,
537 2406 89 34 with
635 2415 26 24 a
674 2402 206 38 cowardice
896 2399 109 46 equal
1028 2402 38 28 to
1090 2396 54 33 his
1163 2400 157 31 treason,
1344 2387 90 45 kin?
1434 2387 24 45 .
1474 2380 93 38 flan
1586 2381 148 44 Madrid

420 2459 41 32 to
481 2451 283 39 Guadalaxara,
790 2448 112 39 under
926 2446 63 34 the
1015 2444 146 44 pretext
1183 2438 48 35 of
1241 2438 65 44 goi
1306 2438 21 44 n
1328 2438 22 44 g
1367 2441 39 27 to
1422 2434 21 32 b
1447 2441 78 37 ring
1541 2427 176 47 reinforce-

422 2504 131 34 ments,
583 2496 261 43 withdrawing
860 2491 150 38 himself
1023 2493 46 41 by
1097 2489 72 34 this
1183 2487 195 40 stratagem
1395 2480 94 37 from
1505 2477 64 39 the
1585 2477 154 44 dangers

424 2549 76 32 iuto
519 2545 122 40 which
658 2545 45 35 he
720 2542 72 37 had
811 2542 131 34 drawn
970 2539 58 33 his
1052 2532 314 40 fellowscitiaeuss,
1397 2526 69 35 and
1494 2523 165 43 shewiug
1691 2531 45 24 no

426 2594 151 44 anxiety
592 2596 142 40 except
748 2590 58 34 for
819 2588 64 35 the
900 2585 150 45 English
1071 2585 133 41 Agent,
1220 2578 120 35 whom
1358 2576 46 34 be
1416 2571 142 37 carried
1570 2570 57 34 off
1638 2571 34 31 in
1684 2569 56 34 his

428 2652 84 25 own
527 2640 184 44 carriage,
733 2637 69 33 and
826 2635 123 34 whom
979 2634 46 32 he
1052 2629 125 39 served
1211 2627 59 35 for
1285 2636 47 24 an
1343 2626 135 32 escort,
1528 2617 80 46 And
1639 2616 97 34 what

428 2689 84 33 will
528 2688 43 33 he
583 2687 84 44 gain
686 2686 48 43 by
755 2683 70 34 this
833 2680 180 45 conduct?
1041 2679 58 39 Ile
1111 2676 79 34 will
1205 2676 77 33 lose
1297 2673 56 34 his
1364 2670 116 39 titles,
1492 2666 244 47 hisproperty

425 2735 133 35 valued
575 2741 41 27 at
628 2712 157 63 2,000,00
806 2712 19 63 Q
844 2712 39 63 of
894 2728 110 38 livres
1018 2737 22 32 a
1056 2735 104 35 year,
1176 2721 72 35 and
1265 2720 45 34 he
1320 2717 80 37 will
1411 2726 47 34 go
1468 2719 41 30 to
1524 2712 162 39 London,
1698 2715 40 27 to

428 2785 85 35 seek
531 2783 63 33 the
609 2785 201 40 contempt,
833 2777 64 37 the
906 2774 158 45 disdain,
1072 2771 70 38 and
1157 2766 226 47 ingratitude
1398 2761 92 44 with
1506 2758 123 45 which
1651 2758 69 43 Lug-

428 2831 83 37 laud
531 2832 60 32 has
617 2830 143 43 always
776 2823 188 37 rewarded
989 2822 63 37 the
1067 2830 81 27 men
1162 2818 86 32 who
1280 2812 167 37 sacrifice
1475 2807 102 35 their
1599 2805 137 34 humour

428 2878 71 41 and
517 2878 93 34 their
630 2882 154 37 country
802 2880 37 27 to
850 2870 63 35 the
928 2868 167 48 itdustice
1119 2865 43 39 of
1170 2865 66 33 her
1248 2872 123 31 cause.

485 2928 123 41 Every
624 2924 74 44 day
728 2921 217 37 contributes
973 2924 41 27 to
1026 2914 178 44 dissipate
1222 2911 61 40 the
1299 2906 155 38 remains
1478 2901 47 37 of
1535 2901 66 34 the
1613 2903 125 40 stupor

433 2976 80 33 into
535 2972 120 35 which
681 2970 63 33 the
772 2967 219 35 inhabitants
1009 2962 47 34 of
1078 2959 150 38 Madrid
1246 2949 71 47 had
1333 2955 128 34 fhltrn.
1507 2950 32 33 '1
1545 2949 90 33 bust
1656 2946 85 34 who

435 3024 71 34 had
520 3019 195 37 concealed
732 3017 94 34 their
843 3012 208 37 moveables
1067 3008 72 35 and
1156 3005 170 46 precious
1341 2998 141 51 e*cts,
1491 3006 69 35 are
1574 2987 168 53 !triaging

433 3072 99 35 them
552 3067 97 35 back
667 3072 40 28 to
723 3064 93 37 their
833 3061 143 35 houses,
1020 3057 118 35 Their
1153 3054 113 44 shops
1289 3060 66 27 are
1371 3044 184 39 furnished
1570 3052 41 25 as
1632 3041 37 34 in
1682 3046 43 28 or-

432 3120 130 40 dinary
579 3115 118 38 times.
746 3111 77 34 The
839 3107 228 38 barricades,
1080 3103 71 35 and
1165 3100 56 35 all
1233 3100 63 33 the
1311 3096 107 38 other
1431 3090 255 50 preparations
1701 3086 45 34 of

433 3165 165 39 defence,
630 3163 98 37 have
750 3155 255 48 disappeared.
1056 3151 84 37 The
1163 3148 130 46 taking
1307 3142 201 48 possession
1533 3137 47 35 of
1597 3133 148 38 Madrid

435 3215 69 32 has
519 3214 89 32 been
618 3207 180 37 executed
826 3204 158 38 without
1007 3198 183 39 disorder,
1217 3195 69 34 and
1304 3188 236 47 tranquillity
1567 3184 118 44 nips
1706 3182 39 34 in

435 3262 53 38 all
515 3265 98 41 parts
641 3257 45 33 of
707 3255 79 34 that
803 3257 118 33 town.
970 3249 37 39 A
1022 3247 162 41 foileer
1209 3242 46 35 of
1277 3241 65 35 the
1357 3234 125 39 Guard
1506 3231 133 44 having
1654 3230 91 34 been

435 3309 112 34 Cultic'
565 3305 92 34 with
671 3315 24 22 a
711 3302 151 35 number
875 3298 45 37 of
943 3296 161 35 watches
1119 3302 104 34 upon
1238 3291 90 39 hint,
1346 3283 73 40 and
1433 3281 107 45 being
1554 3275 190 39 convicted

435 3358 46 33 or
497 3354 131 44 having
645 3352 120 34 stolen
785 3348 120 43 them,
928 3346 66 34 has
1017 3345 91 33 been
1133 3340 86 34 shot
1237 3338 37 33 in
1289 3335 65 35 the
1368 3328 183 51 principal
1577 3326 109 45 place
1704 3322 45 35 of

435 3402 163 43 Madrid.
648 3399 72 33 We
738 3399 92 33 have
844 3393 111 37 found
976 3393 35 35 in
1028 3391 81 33 that
1126 3389 77 43 city
1218 3381 159 44 200,000
1393 3376 137 50 ponuds
1552 3372 137 46 weight
1704 3370 47 35 of

435 3451 181 48 powder;
648 3445 132 44 10,000
804 3444 96 34 balls
917 3455 12 27 ;
966 3436 203 44 2.000,000
1183 3432 123 46 pouted
1323 3426 135 45 weight
1475 3423 44 37 of
1531 3420 83 35 lead
1630 3433 13 26 ;
1680 3419 46 33 10
1726 3419 24 33 D

435 3501 126 45 pieces
579 3496 44 34 of
647 3495 87 35 field
754 3491 169 44 artillery
937 3502 15 28 ;
976 3476 71 46 c..nd
1072 3481 157 45 MAO
1243 3478 174 38 muskets,
1431 3472 126 40 mostly
1583 3467 162 45 English.

437 3548 84 38 The
535 3543 202 44 disarming,
752 3540 184 37 continues
954 3534 158 35 without
1144 3540 72 35 any
1248 3524 190 43 difficulty,
1455 3520 52 34 all
1522 3519 65 32 the
1603 3513 125 37 inhabi-

439 3601 99 35 tants
552 3592 165 37 enuform
733 3595 40 28 to
796 3585 30 38 it
852 3585 93 37 with
976 3582 65 35 the
1062 3581 161 45 greatest
1248 3573 216 43 willingness
1480 3580 12 28 ;
1517 3563 90 45 they
1624 3566 123 31 return

437 3644 98 37 with
548 3648 191 38 eagerness
751 3635 70 52 and
834 3632 99 48 good
961 3628 98 45 faith
1093 3633 46 30 to
1165 3625 65 34 the
1261 3620 109 48 royal
1403 3613 191 43 authority
1620 3607 125 37 which

439 3700 144 28 rescues
598 3689 102 34 them
715 3686 96 34 from
826 3683 64 34 the
906 3677 243 37 mischievous
1176 3670 178 38 influence
1383 3664 45 34 of
1449 3658 180 47 England,
1651 3654 96 34 from

438 3742 70 34 the
529 3738 168 37 violence
720 3733 46 35 of
791 3730 157 44 factions
948 3730 20 44 *
989 3724 71 35 and
1083 3723 64 37 the
1176 3717 183 38 disorders
1382 3710 46 37 of
1452 3707 161 48 popular
1626 3712 105 25 move

439 3794 132 32 meats.
620 3784 81 34 The
723 3781 98 43 King
835 3777 46 34 of
900 3774 117 47 Spain
1036 3774 66 32 has
1115 3765 148 39 created
1276 3772 25 26 a
1315 3759 171 46 regiment
1506 3752 123 37 which
1643 3752 105 33 hears

441 3839 67 39 the
524 3843 105 28 name
643 3830 45 37 of
700 3830 64 34 the
835 3823 123 47 Royal
1261 3811 78 35 into
1356 3806 124 38 which
1493 3813 65 25 are
1573 3796 176 39 admitted

443 3888 67 34 the
523 3885 178 33 deserters
717 3876 71 37 and
803 3876 63 34 the
883 3873 178 35 Germans
1075 3866 87 34 who
1180 3870 96 26 were
1287 3860 38 32 in
1336 3857 65 33 the
1410 3852 139 38 service
1563 3848 48 35 of
1622 3844 126 52 Spain.

445 3935 63 34 lie
522 3933 63 33 has
596 3930 81 35 also
693 3922 138 39 fanned
847 3933 25 22 a
896 3919 113 35 Swiss
1028 3915 195 45 regiment,
1235 3905 122 39 called
1380 3902 78 35 that
1473 3894 44 40 of
1526 3895 145 43 Reding
1688 3892 64 34 the

442 3983 43 38 T
491 3987 151 35 onager,
656 3976 80 35 that
754 3971 137 38 Officer
899 3967 137 41 haviag
1049 3957 200 43 coadneted
1265 3948 149 40 himself
1426 3950 80 34 like
1518 3956 22 25 a
1554 3944 78 35 real
1644 3940 109 35 Swim

446 4026 167 46 Patriot,
631 4024 76 39 and
735 4023 39 35 ia
797 4031 22 24 a
844 4025 150 27 mapper
1018 4022 86 37 very
1123 4006 169 37 different
1305 4002 97 35 from
1419 3993 155 39 General
1599 3987 152 44 Reding.

445 4078 84 37 The
546 4084 67 26 one
630 4074 66 34 has
711 4065 172 41 deserved
902 4062 86 37 well
1004 4059 94 37 from
1116 4056 57 35 his
1191 4055 254 43 countrymen,
1457 4042 71 37 and
1540 4037 83 38 viill
1643 4043 109 35 every

445 4124 128 38 where
587 4121 132 37 obtain
733 4121 158 33 esteem;
915 4111 66 37 the
1002 4109 124 39 other,
1142 4098 85 52 gene
1227 4098 21 52 r
1248 4098 21 52 a
1270 4098 43 52 ll
1312 4098 21 52 y
1348 4091 184 48 despised,
1557 4085 79 35 will
1654 4094 46 34 go
1714 4087 41 28 to

443 4176 69 39 the
527 4170 145 37 taverns
686 4167 47 35 of
748 4163 149 39 London
911 4165 40 31 to
973 4156 107 47 enjoy
1108 4163 25 26 a
1157 4148 151 48 pension
1333 4143 46 37 of
1395 4150 99 26 some
1517 4131 178 48 hoadreds
1717 4130 40 33 of

444 4221 141 57 run&
600 4231 14 28 S
621 4217 148 45 tetling,
784 4211 112 48 badly
913 4205 156 47 earned,
1080 4200 71 41 and
1167 4196 91 56 plid
1276 4193 91 48 wktb
1385 4187 156 45 digtaiP.
1589 4172 22 47 d
1611 4180 43 37 ie

1894 236 9 2 -
2679 234 7 1 -

1767 262 177 40 emigrate
1972 259 94 33 from
2102 257 60 32 the.
2192 254 206 33 Coutinotit.
2469 250 72 33 Elto
2571 250 189 39 regimmis
2785 240 47 33 of
2856 239 116 43 Royal
3001 235 53 35 Fo-

1769 308 107 43 rciglu
1952 306 66 40 and
2041 302 142 43 Reding
2200 300 59 37 the
2274 299 188 41 Younger,
2479 292 131 41 consist
2626 289 152 43 already
2794 286 44 34 of
2846 295 104 33 mauy
2970 283 87 33 thou-

1768 354 103 41 stoki4
1945 364 89 22 wet,.

1815 400 79 38 The
1918 400 61 33 sth
1997 399 70 33 and
2085 397 61 34 SO
2166 404 106 32 carp'
2290 391 44 33 of
2348 391 59 34 the
2428 390 94 39 Army
2523 390 25 39 .
2561 385 40 37 of
2623 381 129 45 Spain,
2779 378 67 35 and
2864 377 99 34 three
2983 374 79 34 divi-

1768 449 96 32 sion,:
1881 446 44 35 of
1933 446 143 34 eavalrN
2091 469 7 9 .
2111 454 63 22 are
2189 443 61 31 but
2271 438 141 45 pacing
2424 436 61 43 the
2504 432 178 33 Bitidasoa
2696 441 11 26 ;
2735 429 85 43 they
2841 435 61 25 are
2919 429 59 38 yet
2993 431 90 33 very

1772 495 58 33 far
1846 494 92 33 front
1958 494 80 31 boin
2085 494 33 31 in
2137 490 86 35 tine,
2242 487 67 32 and
2329 491 58 37 yet
2404 494 19 22 a
2441 485 102 39 great
2558 489 102 32 litany
2683 475 172 34 vietoriet4
2883 472 93 32 have
2993 469 90 35 been

1770 543 187 39 obtained,
1974 539 69 34 anti
2059 539 60 32 the
2134 537 152 41 greatest
2309 537 81 39 part
2408 529 43 34 of
2465 529 63 32 the
2546 524 157 34 businuss
2722 523 30 32 is
2766 522 106 32 done.

1774 639 235 40 SIN.TI:!.1
2009 639 24 40 •
2033 639 47 40 11
2117 640 63 33 RC.
2193 633 188 38 I.LETIN
2507 628 107 34 TIIF.
2639 626 110 34 ARM
2763 624 31 34 V
2818 622 69 32 01.'
2908 618 177 37 SPAIN.

1824 705 33 32 NI
1869 713 52 24 An
1931 713 40 24 ttt
1981 713 38 26 it,
2050 703 33 32 1)
2094 711 59 24 t:r.
2173 694 165 38 S.—The
2363 692 106 34 Duke
2489 689 44 32 of
2554 685 228 35 Montebello
2809 684 154 30 bestows
2981 680 104 33 much

1775 752 120 41 praise
1913 763 43 21 on
1974 751 61 31 the
2052 749 152 32 conduct
2220 743 46 34 of
2285 743 61 33 the
2366 738 155 33 tieneral
2536 735 41 35 of
2601 732 175 41 Brigade,
2802 730 150 37 Poitzet,
2972 726 34 33 in
3022 726 66 33 the

1778 800 112 31 battle
1905 796 41 34 of
1968 797 164 35 Tuticia;
2159 804 46 21 on
2222 793 83 32 that
2327 788 44 33 of
2392 783 171 35 Cieuerals
2585 778 194 38 Lefebvre,
2796 776 44 34 of
2854 777 56 31 the
2929 775 155 32 limier:ll

1775 846 41 31 of
1834 844 154 41 Brigade
2021 843 44 33 of
2091 841 178 39 Artillery
2291 834 133 37 Couin,
2454 830 70 33 :tad
2543 830 74 32 also
2636 837 45 21 On
2708 824 81 33 that
2807 822 40 33 of
2867 822 52 33 his
2933 820 135 34 Aid-de-

1778 894 131 43 camp,
1936 892 26 35 G
1962 892 78 35 otw
2040 892 105 35 noc,
2180 887 26 35 w
2206 887 53 35 ho
2295 893 74 22 was
2401 876 172 34 ttuundtrcl
2582 901 7 17 ,
2640 873 61 33 Ile
2734 872 124 32 tnaLes
2885 867 207 45 particular

1776 939 157 33 mention
1950 937 41 32 of
2002 937 107 33 three
2135 934 188 41 regiments
2357 928 90 33 from
2466 924 63 34 the
2551 921 154 35 Vistula.
2759 917 152 35 fioneral
2939 914 44 33 of
3007 913 83 34 Ilris

1774 987 94 39 gad.-
1884 987 26 32 A
1918 996 151 31 itgeratt,
2122 980 46 33 ho
2183 977 156 44 chaired
2352 980 38 27 at
2406 974 63 31 the
2480 971 91 32 head
2583 967 41 33 of
2639 967 60 32 the
2713 964 35 33 di
2758 965 50 31 vit?
2815 965 57 30 Mu
2881 961 43 33 of
2934 963 34 32 1i
2978 963 116 35 orbit,

1775 1032 256 41 frtstiognlshed
2054 1028 158 35 himself.
2228 1005 46 53 ''1%1
2274 1005 9 53 .
2283 1005 9 53 :
2428 1019 54 45 iry
2502 1017 67 35 and
2588 1013 233 41 Labetloyerc
2841 1010 86 37 took,
2947 1019 24 22 a
2989 1007 104 45 piece

1776 1078 46 34 of
1830 1081 165 43 artillery
2031 1078 37 32 iti
2101 1076 60 32 the
2179 1072 105 33 midst
2313 1069 45 34 of
2385 1065 60 35 the
2467 1061 158 44 enemy's
2654 1061 89 33 line.
2893 1057 109 34 latter
3021 1065 73 21 wa%

1775 1127 150 44 slightly
1942 1123 174 40 wottotied
2135 1123 35 34 itt
2199 1120 64 34 the
2293 1126 93 25 arm.
2435 1111 73 35 llis
2532 1108 154 43 .Majesty
2709 1107 63 32 teas
2789 1103 202 34 nominated
3009 1101 85 35 Col.

1783 1174 135 44 Pepin,
1931 1172 155 39 General
2096 1170 44 32 of
2156 1165 171 44 Brigade,
2342 1162 69 34 and
2424 1159 63 34 the
2499 1157 129 33 Polish
2646 1153 124 45 Major
2789 1150 90 33 KIM
2888 1150 25 39 i,
2926 1148 167 40 Voiotia.

1779 1222 80 32 The
1881 1219 120 37 Polish
2013 1215 152 37 Colonel
2189 1208 237 40 Kasinottski,
2438 1206 90 35 who
2546 1213 72 24 was
2639 1198 194 38 wounded,
2852 1198 58 31 Ims
2926 1198 31 30 he
3027 1206 45 34 ap-

1782 1267 146 46 pointed
1943 1278 22 22 a
1982 1265 167 33 Member
2181 1260 43 33 of
2250 1258 61 34 the
2331 1254 137 46 Legion
2492 1250 48 38 of
2572 1251 165 41 Illinois.
2792 1244 129 44 Fallio,
2937 1243 117 33 freer
3057 1243 38 32 :1

1779 1315 44 33 of
1834 1315 184 38 Division,
2034 1311 135 40 having
2185 1303 126 51 passed
2329 1303 63 34 the
2407 1302 126 41 Tagus
2546 1303 35 28 at
2614 1296 28 33 A
2652 1293 168 45 raictuew.,
2839 1291 131 54 pushed
2991 1300 48 21 on

3053 1296 38 25 to

1781 1362 142 43 Ocana,
1941 1359 66 43 oad
2026 1362 64 31 cut
2106 1356 53 37 off
2170 1354 64 38 the
2246 1355 133 32 retreat
2393 1348 43 35 of
2441 1346 61 33 the
2522 1350 151 28 remain;
2689 1337 155 47 (achris)
2862 1336 41 33 of
2911 1337 60 32 the
2991 1345 105 34 :witty

1780 1408 44 35 of
1847 1407 216 38 Andalusia,
2081 1403 83 34 who
2181 1409 98 25 were
2293 1397 152 40 retiring
2469 1398 39 28 to
2542 1389 214 38 Andalusia,
2772 1385 69 33 and
2867 1384 98 38 who,
2985 1383 113 43 being

1780 1454 194 35 frustrated
1989 1453 37 33 in
2042 1450 98 34 their
2166 1448 137 43 design,
2321 1443 92 33 have
2427 1441 145 33 thrown
2590 1433 214 40 themselves
2822 1441 94 33 upon
2937 1431 158 32 Cuenca.

1782 1476 2 60 •
1828 1502 81 34 The
1925 1500 175 35 divisions
2117 1496 44 33 of
2170 1495 149 40 cavalry
2349 1489 112 35 under
2478 1485 154 34 General
2659 1481 144 35 Lasalle
2818 1478 67 34 and
2907 1476 193 40 Meihtaud,

1785 1551 93 37 have
1905 1547 163 43 directed
2095 1544 97 34 their
2230 1538 123 40 march
2381 1535 59 34 for
2467 1531 195 43 l'ortugra.
2692 1528 51 43 sty
2777 1527 183 33 Talavera
2992 1524 45 32 de
3064 1522 40 37 la.

1786 1598 135 34 Relna.
1969 1596 83 33 The
2078 1592 113 34 Duke
2207 1587 40 33 of
2272 1584 157 37 Datitzic
2444 1581 146 32 arrivett
2604 1577 72 34 this
2693 1577 72 41 day
2784 1580 38 27 at
2843 1571 143 37 Nlialwiti
3008 1571 90 37 wills

1785 1645 59 33 his
1851 1642 161 35 division
2029 1639 46 34 of
2100 1637 63 34 the
2189 1644 117 33 army.
2362 1628 162 37 .Marshal
2546 1626 94 43 Ney,
2657 1633 27 21 w
2695 1622 54 33 ith
2771 1620 53 39 hi,
2836 1618 172 38 divilzion,

1785 1690 157 34 reached
1958 1687 280 44 floadalaxara,
2254 1680 139 38 routing
2404 1677 92 32 from
2510 1676 207 35 Starago,.a.
2767 1668 81 34 The
2864 1664 63 41 6th
2941 1665 164 33 division

1788 1737 63 35 has
1867 1731 144 40 entered
2022 1733 129 45 Spain.
2202 1727 155 37 Getwral
2378 1720 208 38 Delaborde
2604 1717 27 33 is
2648 1717 115 33 about
2787 1722 39 26 to
2852 1711 171 34 rotiblialt

3046 1711 35 32 hi

1788 1785 276 44 head-quarters
2093 1785 37 28 at
2165 1770 312 50 Yittoria.--The
2528 1765 120 35 Polish
2683 1762 185 37 Uiviiion,
2897 1759 112 38 muter;
3035 1757 66 40 the

1787 1832 110 35 order
1911 1830 44 34 of
1974 1826 158 39 General
2144 1824 181 37 Valtnce,
2335 1815 145 37 arrived
2496 1814 52 33 !hi
2548 1814 18 33 ,
2580 1812 69 40 day
2663 1815 39 27 at
2721 1809 83 33 Buil
2812 1818 97 31 rNo.

1835 1879 84 34 The
1950 1874 148 45 Emlish
2130 1881 65 22 are
2220 1866 196 39 retreating
2445 1874 46 19 on
2517 1861 51 32 all
2614 1858 90 32 ides.
2772 1854 80 33 The
2877 1854 20 30 ti
2904 1854 30 31 iv
2943 1853 93 33 I,ittit
3061 1852 46 34 of

1793 1926 145 34 Lasalle
1964 1924 60 43 bas
2024 1924 21 43 e
2079 1920 185 32 however.
2293 1913 111 39 fallen
2422 1911 35 32 in
2476 1920 27 20 w
2515 1907 54 33 ills
2593 1905 45 38 iS
2653 1913 99 30 men,.
2767 1900 118 33 whom
2903 1900 86 41 they
3009 1900 96 31 have

1792 1978 64 40 put
1874 1978 39 27 to
1930 1972 63 32 the
2006 1964 293 50 swurd.—They
2320 1968 97 25 were
2431 1954 208 45 Atragglets,
2672 1962 45 21 or
2740 1959 80 21 men
2839 1946 79 35 'ho
2944 1945 71 33 had
3033 1946 74 34 lost

1791 2020 100 43 their
1905 2028 99 34 way,
2056 2011 167 37 Marshal
2254 2006 156 37 Nlortier
2435 2003 78 33 will
2542 1998 124 43 arrive
2681 2009 48 21 on
2746 1996 65 32 the
2833 1993 81 33 Itith
2944 1991 38 34 in
2994 1993 96 34 Cant-

1791 2068 117 40 /oaks,
1920 2072 39 28 to
1975 2070 84 27 turn
2072 2062 61 32 the
2146 2055 159 44 enemy's
2321 2062 119 33 army,
2456 2048 71 35 and
2541 2053 39 28 to
2594 2047 96 32 form
2705 2055 22 22 a
2743 2042 171 45 jutiction
2929 2039 96 45 4414
3040 2040 67 32 the

1793 2113 174 37 Generals
1985 2109 184 38 litshesnie
2184 2102 70 35 and
2271 2104 56 32 St,.
2343 2101 86 41 Cyr.

1841 2163 60 32 On
1924 2161 61 44 tke
2002 2157 73 41 0(1
2091 2154 40 34 of
2147 2150 223 38 November,
2394 2145 63 34 the
2479 2140 138 35 breach
2634 2140 37 34 in
2687 2135 63 34 the
2767 2133 124 38 Castle
2902 2132 47 34 of
2961 2132 152 44 Trialty

1794 2209 45 37 of
1847 2199 61 43 ttsC
1920 2207 72 43 city
2011 2205 24 33 o
2035 2205 24 33 f
2083 2202 112 34 Nosas
2215 2207 72 25 was
2308 2193 129 43 found,
2459 2200 48 21 on
2532 2184 260 58 atproachiwg
2810 2181 44 39 it,
2880 2186 37 27 to
2933 2180 50 33 be
3004 2190 117 34 prae•

1793 2255 152 43 tieable.
1997 2252 59 33 On
2080 2250 61 32 the
2156 2255 98 25 same
2268 2244 89 41 day,
2381 2241 63 32 the
2471 2235 154 44 English
2642 2231 133 34 bolded
2800 2229 72 35 40U
2885 2237 79 22 men
2994 2233 40 26 at
3048 2226 69 33 the

1795 2304 79 34 foot
1898 2302 46 34 of
1969 2301 63 32 the.
2062 2296 136 34 Castle.
2250 2293 32 32 A
2311 2287 183 34 battalion
2524 2282 44 34 of
2601 2280 155 34 Italians
2781 2274 171 35 marched
2969 2274 151 44 agaiust.

1796 2352 115 38 them,
1937 2347 50 45 kil
1987 2347 17 45 l
2003 2347 50 45 ltd
2070 2349 59 27 ten
2144 2350 96 33 plea,
2264 2331 175 48 woonded
2466 2330 124 35 :shove
2616 2329 80 40 that
2722 2324 165 44 omober,
2911 2322 71 31 and
3001 2321 120 33 drover

1798 2400 61 32 the
1873 2402 67 27 rest
1962 2396 77 32 into
2056 2391 63 33 the
2133 2398 76 34 sea,
2243 2385 124 34 Aloud
2383 2380 112 41 thirty
2516 2376 130 33 vessels
2662 2382 97 22 were
2770 2369 175 34 observed
2960 2375 39 25 to
3014 2376 110 26 oonte

1795 2450 66 28 ost,
1878 2435 116 40 ofthe
2011 2439 164 35 harboot
2193 2431 47 34 of
2256 2433 128 37 ttosas,
2408 2424 125 37 which
2552 2420 187 41 iidncedtti
2756 2415 119 35 belief
2885 2415 81 33 that
2983 2415 64 32 the
3061 2415 38 32 in-

1799 2491 184 35 habitants
2001 2483 72 39 had
2100 2485 116 44 hrgam
2237 2484 39 27 to
2297 2479 178 32 evacuate
2492 2470 64 33 the
2580 2473 117 27 lowa.
2747 2466 60 41 Ott
2829 2461 70 34 the
2920 2460 107 47 t,9lh,
3056 2460 67 44 tlif

1796 2536 185 37 advanced
1996 2532 118 44 guairel
2127 2528 46 33 of
2185 2526 61 39 Alto
2258 2533 126 33 enesoy
2398 2520 201 41 encamped
2613 2526 51 21 on
2679 2513 64 33 the
2763 2509 151 40 Flutist,
2923 2507 129 40 evosiAt
3060 2507 67 44 ;is

1796 2585 170 33 qltabout
1982 2582 77 39 Ave.
2075 2588 35 28 o*
2131 2576 60 33 six
2219 2569 177 38 thousand
2414 2577 98 27 own,
2536 2558 235 40 commanded
2792 2559 48 40 by
2870 2555 156 34 ti,;mere!
3045 2555 51 32 Al-

1772 2640 9 11 •
1799 2643 40 22 va
1848 2642 79 28 rea,
1951 2637 103 26 came
2078 2626 38 32 its
2128 2621 142 39 sevecal
2283 2619 178 35 cannons,
2486 2617 41 27 to
2543 2610 126 33 attack
2692 2608 61 33 the
2769 2616 27 44 r
2796 2609 74 28 °4s
2885 2602 45 32 of
2954 2602 174 39 Navatta,,

1802 2680 165 37 Aeon*,
1990 2675 31 34 A
2031 2670 158 51 remdas,
2198 2665 72 35 and
2285 2662 190 43 Garrigas,
2498 2656 180 45 occupied
2691 2653 48 44 by
2752 2650 154 34 (-several
2923 2646 201 38 Soubutniu

1796 2726 174 35 division.
2019 2720 84 35 The
2115 2718 51 33 Ist
2179 2713 70 37 mid
2263 2712 66 34 4th
2340 2709 196 44 legiasents
2546 2702 44 39 of
2601 2702 96 43 light
2711 2699 180 43 infantry,
2900 2705 100 24 were
3011 2696 119 32 alone

1798 2769 169 51 opposed
1981 2773 40 28 to
2030 2767 66 33 the
2107 2772 148 34 ~my,
2278 2754 180 39 sustained
2470 2753 66 34 the
2546 2748 129 37 attack
2687 2747 93 33 with
2794 2753 210 27 uneotannott

3017 2743 91 40 titan-

1799 2823 94 38 otis,
1915 2817 70 35 and
2009 2813 126 41 &sally
2156 2815 67 39 put
2251 2806 99 33 them
2376 2809 40 30 to
2430 2800 125 44 ;Sight.
2602 2796 84 34 The
2709 2803 128 31 enemy
2867 2791 66 40 has
2944 2790 96 32 been
3063 2799 44 21 re-

1799 2865 131 47 pulsed
1957 2874 48 25 oo
2019 2862 69 34 the
2104 2858 106 34 other
2228 2852 79 37 side
2321 2851 47 33 of
2378 2844 64 40 the
2461 2846 133 37 Mafia
2610 2855 27 20 vi
2650 2841 53 34 ith
2731 2837 253 35 considerable.
2996 2836 72 32 loss
3087 2835 44 33 its.

1801 2910 197 40 killed:tad
2013 2903 196 39 wouutled,
2258 2898 146 41 Several
2418 2896 185 46 prisoners
2621 2889 96 37 Lave
2733 2887 92 34 been
2842 2884 120 44 nt;tle,
2983 2882 41 38 am
3025 2882 20 38 .
3045 2882 21 38 °
3072 2891 53 33 og

1800 2962 128 34 whoa
1941 2967 66 26 are
2026 2952 154 38 Colonel
2199 2949 51 34 Le
2267 2943 143 47 Bran%
2431 2942 66 34 the
2511 2937 128 38 serood
2652 2936 39 33 in
2707 2931 189 38 command
2915 2929 43 33 of
2976 2929 63 33 the
3053 2940 50 20 ex-

1800 3008 182 46 pedition,
2006 3001 73 37 sod
2109 2999 87 38 Cat
2207 2995 59 33 uel
2293 2993 48 34 of
2365 2991 64 35 the
2451 2989 182 44 regiment
2647 2981 47 37 itf
2717 2982 237 40 Tarragona,.
2970 2975 73 39 Wild
3061 2974 66 35 the

1801 3054 130 47 Major
1943 3050 71 45 aad
2028 3060 26 25 a
2067 3044 164 47 Captain
2243 3040 46 37 of
2295 3040 83 34 that
2391 3037 190 44 regiment.

2009 3165 158 53 41t,C411!
2193 3162 110 41 THE
2336 3149 412 46 GorriNsURGH

2344 3266 73 43 SW
2426 3261 163 46 EDEN.

1805 3367 170 35 IlkgrOleir
1991 3364 118 31 I'aolll
2127 3360 18 30 C
2145 3360 74 30 01.4
2235 3359 45 26 a.
2290 3357 43 26 S.
2359 3351 107 33 a.lipta
2466 3351 15 33 t
2481 3351 46 33 4lt
2531 3348 48 26 SX
2583 3347 77 26 OLD
2665 3344 97 37 pCRI
2770 3343 51 26 EV
2839 3341 50 26 OF
2920 3338 129 26 ERICA
3057 3340 22 21 1)
3087 3339 46 31 F.

2115 3423 143 27 DA7F.D
2283 3416 86 27 Wit
2374 3415 71 32 AT,
2472 3410 100 30 MOT*
2721 3393 94 38 808.

1857 3481 64 41 On
1941 3480 71 50 the
2031 3477 97 40 11th
2147 3474 53 40 of
2206 3468 248 46 November,
2472 3467 44 35 at
2531 3462 48 43 12
2594 3456 162 43 o'clock
2776 3455 40 37 in
2830 3452 72 40 the
2914 3450 217 40 afternoon

1804 3535 72 39 the
1905 3546 119 40 corps
2049 3526 139 58 passed
2217 3537 52 26 ou
2285 3523 73 38 the
2374 3517 120 41 other
2510 3506 83 48 side
2610 3510 51 40 of
2674 3506 180 46 Lsndex,
2880 3504 77 39 and
2978 3516 53 24 ou
3056 3501 69 37 the

1805 3581 104 46 read
1923 3592 46 34 to
1993 3579 222 54 Katajocki
2228 3587 104 28 were
2349 3563 302 48 attacked,and
2661 3557 163 53 though
2877 3561 86 34 sent
2974 3568 25 25 a
3018 3563 87 28 com-

1805 3653 107 39 pany
1946 3635 52 41 of
2023 3635 77 39 the
2115 3631 196 41 remimeut
2343 3624 50 39 of
2406 3614 164 60 Nyland
2589 3622 47 33 to
2654 3613 107 44 thtir
2776 3609 227 41 assistance,
3032 3606 99 40 they

1805 3706 109 26 were
1941 3686 139 44 forced
2096 3691 46 34 to
2159 3685 164 41 retreat,
2350 3674 80 43 and
2456 3671 154 50 having
2642 3665 144 53 pawd
2819 3663 70 39 the
2920 3660 142 47 bridge
3079 3654 51 41 of

1812 3743 200 56 Yppered,
2039 3739 34 39 it
2091 3749 84 27 was
2187 3735 139 44 burnt,
2352 3730 44 40 in
2414 3724 139 43 order.
2554 3726 44 38 to
2624 3713 130 46 cl'teck
2776 3717 70 38 the
2859 3724 159 39 enemy,
3043 3707 94 39 who

1807 3810 107 27 were
1946 3796 39 38 in
2015 3790 164 56 pursuit
2207 3785 51 41 of
2282 3795 81 28 our
2386 3785 158 45 troops.
2611 3768 242 44 Meanwhile
2884 3764 71 40 the
2991 3772 148 30 enemy

1809 3849 168 51 baring,
2001 3843 103 41 with
2119 3855 25 26 a
2161 3837 182 53 superior
2359 3833 130 44 force,
2515 3827 138 41 driven
2667 3822 107 40 back
2791 3820 71 39 the
2885 3819 185 48 outposts
3090 3814 45 37 of

1811 3899 181 44 lioskela
2011 3896 80 41 and
2112 3893 154 46 Pissil4,
2291 3891 18 38 l
2326 3883 170 43 ordered
2513 3882 71 39 the
2601 3888 116 38 army
2745 3879 45 34 to
2809 3873 145 38 retreat
2972 3867 128 38 about
3112 3876 27 26 a

1811 3953 113 47 mile,
1948 3948 209 52 intending
2191 3950 46 33 to
2264 3940 85 40 ball
2379 3944 44 33 at
2454 3934 144 40 What.
2633 3961 6 5 .
2654 3928 92 39 The
2774 3935 137 39 enemy
2931 3917 206 43 advanced

1812 4005 176 44 towards
2006 4017 48 26 us
2070 4002 129 41 about
2211 3993 91 47 half
2313 4007 26 25 a
2355 3990 118 50 mile,:
2491 4000 56 26 on
2574 3996 78 26 our
2667 3976 76 44 arri
2743 3976 19 44 -
2761 3976 57 44 val
2832 3980 43 33 at
2888 3974 146 39 'What,
3065 3983 57 24 we

1815 4050 107 54 vrere
1923 4050 43 54 ,i
1965 4050 43 54 ni
2008 4050 197 54 mediately
2226 4042 191 46 attacked
2433 4043 56 50 by
2512 4052 25 26 a
2555 4049 83 38 new
2657 4033 109 41 force
2766 4033 22 41 ,
2817 4028 87 39 who
2933 4020 157 43 formed
3111 4033 25 24 a

1808 4111 190 52 junctioa
2263 4098 120 40 other
2413 4091 260 43 detachment
2704 4083 48 39 of
2783 4078 165 41 Russian
2985 4082 156 43 troops,

1817 4163 130 47 which
1971 4163 51 51 by
2055 4157 80 50 thit!
2267 4149 304 50 bastcoiae,ap,
2591 4154 7 37 ;
2621 4139 91 41 The
2740 4130 131 48 battle
2881 4124 266 48 cuintnenced

2245 4218 24 18 ft
2437 4209 126 43 igau
3112 4215 12 4 _

419 133 154 57 JAN.
614 136 47 50 I.

48 2610 26 33 ~~

15 2811 4 6 .

164 158 8 12 V

1085 47 79 18 -
