3307 4406
1113 83 151 54 THE
1300 84 383 53 NATIONAL
1719 84 385 53 REGISTER.

207 229 230 35 resources,
469 219 80 39 and
567 224 44 33 to
631 219 110 39 their
761 219 135 37 virtue
917 219 81 38 and
1015 215 145 41 talents
1172 229 63 27 we
1256 223 105 32 must
1390 215 100 41 look
1514 228 57 39 up

196 281 86 58 :for
304 282 69 40 Cle
397 280 282 56 preservation
702 278 52 41 of
761 292 78 27 our
859 291 92 27 own
972 278 144 53 rights,
1144 291 45 26 as
1208 278 90 40 well
1318 291 43 26 as
1388 278 117 41 those
1522 278 51 40 of

209 358 81 27 our
311 344 126 39 allleS.
498 344 31 38 .A
552 345 117 50 great
703 340 302 54 responsibility
1028 341 31 39 is
1090 340 194 41 attached
1316 346 45 34 to
1390 343 113 38 them
1524 343 39 38 in

211 405 85 44 this
317 415 261 45 monaeutous
595 406 112 40 crisis
726 424 11 27 ;
769 406 78 39 and
868 419 61 26 we
944 404 146 56 fondly
1110 405 112 53 hope
1246 406 92 39 that
1358 406 106 40 their
1478 406 89 41 zeal

211 472 83 39 wilt
317 472 50 39 be
384 469 315 54 proportionate
720 472 44 34 to
783 468 66 39 the
869 468 198 53 exigency
1087 468 52 39 of
1148 468 74 39 the
1243 469 132 39 times.

260 580 102 38 LPfe
394 578 76 38 ;34:
497 574 116 52 n;;.;ht
645 587 65 26 we
746 575 181 38 received
959 586 113 27 some
1091 575 163 50 private
1271 573 156 53 ;letters
1454 573 107 41 from

206 641 139 51 fpain,
364 638 132 39 which
519 635 163 40 contain
707 637 72 39 the
804 635 129 39 follow
935 635 26 52 -
961 635 53 52 Mg
1046 634 240 54 interesting
1305 635 253 53 particulars.

206 704 73 37 We
309 702 117 38 think
458 702 69 38 the
557 698 209 53 authority
800 698 33 39 is
863 711 78 26 one
960 710 60 26 we
1041 710 73 26 can
1134 697 86 53 rely
1240 710 54 27 on
1312 694 248 43 :—Marshal

203 771 154 40 Sorur,
378 767 94 38 with
498 771 83 33 two
601 764 213 47 divisions,
831 764 223 53 consisting
1075 763 51 39 of
1137 764 132 39 about
1289 769 148 40 20,000
1452 776 106 34 men,

201 844 84 26 was
305 836 44 33 at
367 827 215 48 Saldanha,
605 829 185 39 bLttween
809 828 111 39 Leon
948 827 79 38 and
1048 828 170 50 Burgos.
1278 828 120 38 From
1419 826 119 48 letter
1538 826 20 48 s

201 896 21 40 l
222 896 110 40 ink,:
351 896 70 40 the
441 895 152 51 c!lug.e
620 893 52 40 of
700 906 79 27 one
808 892 50 40 of
879 895 326 38 BONAPARTES'S
1226 892 330 53 Aids-de-Camp,

201 961 94 40 who
317 960 78 40 hiid
415 960 103 39 Inen
535 958 126 40 killed
679 960 54 52 by
748 958 71 40 the
835 964 207 47 peasants,
1071 959 31 38 it
1121 972 174 39 appears
1313 958 90 39 that
1420 959 136 39 SOULT

200 1039 84 26 was
299 1020 174 43 o:dered
488 1026 44 34 to
550 1020 142 40 attack
706 1018 184 43 Gallicia.
915 1023 38 37 It
973 1019 45 45 is,
1033 1019 227 46 therefore,
1281 1024 73 35 not
1372 1018 180 53 unlikely

200 1087 53 40 he
281 1098 93 40 may
400 1084 73 40 fall
507 1084 40 38 in
580 1084 98 39 with
713 1081 191 41 Generals
944 1084 162 37 MoonE
1136 1082 79 39 and
1248 1083 178 46 ROMANA
1427 1083 31 46 I
1486 1081 69 40 the

198 1149 158 40 former
376 1146 50 40 of
436 1146 131 39 wham
588 1159 83 26 was
691 1144 171 53 shaping
882 1143 60 38 his
961 1156 141 27 course
1122 1148 44 34 to
1187 1142 243 41 Valladolid.

254 1211 135 40 There
415 1208 110 39 have
555 1209 117 40 been,
710 1220 63 26 we
809 1206 111 45 hear,
960 1218 112 27 some
1100 1205 236 40 skirmishes
1370 1205 178 39 between

201 1286 80 27 ottr
307 1269 206 43 advanced
540 1276 109 47 posts
669 1269 78 39 and
780 1280 111 27 some
909 1266 154 54 parties
1095 1267 50 39 of
1170 1267 72 39 the
1265 1267 286 40 French-100

198 1333 207 56 prisoners
420 1345 106 26 were
555 1331 142 45 taken,
723 1330 80 39 and
827 1341 107 28 were
963 1328 198 53 expected
1189 1333 43 34 at
1265 1331 194 37 Corinna
1480 1329 69 39 the

200 1396 80 52 (by
302 1395 105 40 after
420 1394 73 40 the
511 1393 182 41 Swallow
711 1390 141 41 sailed.
896 1391 150 39 Where
1064 1391 113 40 these
1191 1390 235 40 skirmishes
1444 1393 103 39 took

200 1457 136 54 place,
356 1470 58 26 we
432 1457 123 38 know
578 1461 98 40 not;
705 1455 92 43 but,
826 1466 60 26 we
904 1465 190 39 suppose,
1115 1453 184 38 between
1322 1450 223 41 Valladolid

200 1520 83 41 and
317 1518 250 41 Salamanca.
622 1517 90 39 The
732 1514 151 41 French
906 1514 207 40 advanced
1134 1520 44 34 to
1200 1513 243 48 Valladolid,
1475 1515 67 40 bui

200 1587 73 33 not
296 1581 37 39 in
354 1586 116 47 great
489 1580 211 44 numbers;
724 1578 96 52 they
840 1576 221 54 plundered
1084 1576 70 41 the
1174 1578 144 44 Town,
1337 1576 80 40 and
1434 1589 84 30 com-

198 1644 148 41 mitted
367 1643 105 39 their
494 1641 111 43 usual
620 1641 204 39 cruelties.

253 1763 146 53 Frid:ly
420 1763 72 40 the
511 1762 246 40 Undaunted
777 1763 165 52 frigate,
972 1762 172 52 Captain
1168 1762 191 45 MALING,
1382 1761 161 40 arrived

197 1821 44 35 at
263 1817 265 40 Porismouth
549 1817 107 39 from
693 1817 169 45 Lisbon;
886 1817 157 38 several
1062 1817 161 38 officers
1251 1814 52 40 of
1328 1817 71 38 the
1427 1827 113 40 army

196 1881 118 28 came
334 1871 120 37 home
474 1871 50 50 by
547 1870 69 38 her
632 1869 22 47 ;
654 1869 22 47 .
677 1869 70 47 and
768 1869 70 39 the
854 1873 197 34 accounts
1065 1869 131 39 which
1219 1869 97 52 they
1336 1869 119 52 bring
1474 1881 69 26 are

193 1923 74 38 the
294 1930 100 32 mss;
433 1922 274 52 sat,sfartory.
769 1920 161 40 Perfect
960 1920 255 52 tranquility
1245 1920 79 40 and
1355 1920 69 39 the
1456 1920 86 40 best

195 1976 266 50 (10i-shutting
494 1976 97 38 lirve
620 1975 102 38 been
752 1974 182 39 restored
957 1974 40 38 in
1030 1972 217 53 Portugal.
1307 1974 86 39 The
1409 1972 132 40 whole

260 2042 14 26 ,
274 2042 61 26 itir
356 2041 111 32 army
485 2027 70 41 left
575 2028 37 38 in
635 2026 198 52 Portugal
913 2040 110 26 were
1042 2040 51 26 on
1111 2031 66 34 the
1189 2030 141 35 march
1345 2034 40 32 to
1403 2028 135 48 Spain,

175 2086 17 44 ,
191 2086 281 44 irreo,..,;lln;e4
488 2087 47 44 1.3'

548 2085 103 45 ,four
663 2083 93 44 Grid
759 2086 89 33 antes
866 2082 51 48 of
930 2081 248 48 Porlugaese
1196 2087 150 41 troops,
1368 2087 41 32 to
1424 2083 115 35 assist

174 2139 83 35 ,ghe
495 2135 37 47 ,%
531 2135 18 47 .
830 2131 177 43 General
1055 2135 196 37 MOORE'II
1286 2146 115 40 army
1439 2132 97 48 will,

191 2187 28 38 ti
405 2185 4 46 ,
543 2186 138 39 before
700 2186 79 38 this
798 2187 113 44 time,
928 2185 148 39 exceed
1093 2190 149 41 60,000
1257 2198 107 27 men.

356 2255 56 24 ..cs
437 2241 103 38 have
568 2241 98 38 been
698 2239 180 38 received
898 2237 109 40 from
1028 2239 164 44 Lisbon,
1222 2238 120 40 dated
1363 2241 144 39 Decem-

291 2300 6 31 t
394 2295 46 37 -It
462 2306 79 24 vra.;
774 2293 129 44 there,
924 2304 56 26 on
998 2291 110 51 good
1139 2291 229 53 authority,
1396 2293 93 39 that
1509 2306 24 26 a

189 2344 46 53 Jar
235 2344 17 53 .
554 2359 56 24 -.0.
637 2343 78 40 had
735 2343 98 40 been
852 2344 122 51 again
990 2342 183 53 repulsed
1189 2343 38 39 in
1246 2356 48 26 an
1316 2343 142 41 attack
1479 2357 51 26 on

296 2411 126 38 TOSSq.
596 2409 118 39 corps
736 2394 32 41 is
798 2396 198 52 supposed
1016 2401 44 34 to
1080 2396 51 39 be
1150 2396 92 39 that
1274 2395 50 40 of
1349 2396 181 40 Marshal

330 2450 230 39 111(.9.1ti011ed
582 2451 37 38 in
640 2464 24 25 a
689 2461 92 38 very
802 2456 167 46 strange
987 2461 164 27 manner
1170 2450 38 39 in
1230 2448 69 40 the
1320 2451 92 38 16th
1437 2450 92 41 8u1.113

333 2517 48 27 .113
402 2502 161 40 arrived
583 2507 43 33 at
648 2502 306 47 Guatialaxara,
987 2504 163 51 coming
1166 2503 110 39 from
1299 2505 228 51 Saragossa.

189 2559 86 35 Toe
307 2561 191 46 Supreme
531 2558 128 35 Junta
691 2554 85 40 had
814 2555 149 40 retired
1000 2559 45 34 to
1076 2554 159 47 Seville,
1280 2555 129 40 which
1448 2570 81 25 was

185 2610 162 38 colisAe
356 2609 63 38 red
435 2607 107 40 from
557 2608 66 40 the
639 2608 293 54 beginning,by
948 2621 120 38 many
1082 2607 50 39 of
1141 2608 71 39 the
1225 2609 90 38 best
1328 2609 201 40 informed

185 2676 183 40 persons,
389 2660 70 40 the
480 2666 98 33 most
602 2659 165 54 eligible
790 2660 111 53 place
921 2666 46 34 to
989 2659 94 40 hold
1103 2660 48 39 its
1170 2661 175 53 sittings.

240 2715 90 40 The
345 2713 118 40 latest
480 2717 152 38 Letters
648 2715 131 38 direct
798 2713 104 40 from
922 2713 63 40 Sir
997 2717 113 37 JOHN
1143 2715 159 38 MOORE
1320 2728 72 26 are
1403 2714 119 40 dated

184 2767 109 40 from
317 2767 255 47 Salamanca,
601 2780 53 26 on
676 2766 71 40 the
769 2766 90 39 10th
876 2767 47 38 of
956 2767 228 39 December
1196 2783 11 22 :
1241 2767 60 39 Sir
1315 2771 117 37 JOHN
1449 2781 80 26 was

184 2828 41 32 at
239 2822 91 38 that
348 2820 98 39 time
467 2819 201 40 informed
690 2819 51 39 of
764 2819 67 40 the
849 2819 214 40 surrender
1081 2820 48 37 of
1141 2819 161 40 Madrid
1323 2837 11 22 :
1367 2822 77 38 but
1455 2820 46 39 de-

183 2872 213 46 termined,
428 2872 384 53 notwithstanding,
842 2877 41 34 to
893 2872 94 51 join
1003 2874 60 38 Sir
1084 2874 33 37 D
1128 2885 97 26 AVID
1257 2875 156 45 BAIRD,
1443 2875 80 39 Had

182 2933 45 33 to
250 2926 137 40 march
406 2940 111 38 upon
539 2926 243 40 Valladolid.
814 2926 58 39 Sir
892 2928 117 37 Joics
1029 2927 125 38 Moon
1168 2941 21 22 n
1209 2926 81 39 had
1311 2926 79 39 still
1410 2931 113 47 great

182 2981 236 38 confidence
441 2980 38 39 in
500 2980 69 39 the
591 2979 117 53 spirit
728 2978 52 39 of
791 2978 73 39 the
883 2978 168 53 Spanish
1077 2978 162 52 people,
1269 2979 78 39 and
1368 2992 79 27 was
1466 2993 39 27 re-

181 3032 138 40 solved
335 3038 40 32 to
396 3032 97 52 give
507 3045 119 41 every
646 3031 270 54 opportunity
937 3030 81 41 and
1032 3033 217 39 assistance
1271 3037 45 35 to
1341 3032 73 40 the
1437 3046 57 27 ma-

180 3085 239 43 nifestation
439 3085 52 39 of
506 3086 44 39 it.

233 3139 165 53 Spanish
417 3141 154 51 Papers
600 3150 106 28 were
733 3136 183 41 received
951 3150 54 26 on
1023 3137 269 54 Wednesday,
1328 3137 73 40 but
1420 3138 105 40 their

178 3198 188 34 contents
391 3191 86 40 lose
494 3191 51 40 of
565 3191 107 39 their
709 3191 272 53 importance,
1012 3191 40 38 in
1080 3203 275 39 consequence
1375 3190 50 39 of
1455 3193 69 39 the

178 3244 259 53 intelligence
476 3244 185 39 received
689 3243 182 53 through
909 3243 72 40 the
1017 3244 112 39 Paris
1160 3243 208 40 Journals.
1411 3244 111 52 They

178 3300 183 46 contain,
390 3298 207 45 however,
627 3311 25 26 a
671 3301 110 34 most
811 3295 207 40 animated
1039 3296 301 40 Proclamation
1372 3296 50 39 of
1452 3298 71 40 the

149 3348 4 57 .
177 3356 196 50 Supreme
392 3356 146 40 Junta,
574 3350 120 40 dated
732 3352 222 48 Aranjuez,
985 3348 76 40 22d
1083 3350 249 45 November,
1361 3348 66 40 for
1456 3350 69 41 the

175 3417 181 43 purpose
374 3405 51 39 of
456 3405 148 52 raising
624 3402 143 41 bodies
798 3403 48 40 of
870 3402 151 41 Militia
1041 3402 47 40 of
1115 3405 193 43 Honour,
1335 3403 40 39 in
1404 3405 122 39 order

177 3467 26 31 t(
242 3464 159 47 protect
424 3458 71 40 the
511 3457 115 40 cities
645 3458 41 38 in
722 3456 71 40 the
811 3456 171 39 absence
1004 3455 51 40 of
1080 3455 69 40 the
1170 3456 195 53 military,
1393 3462 46 35 to
1457 3470 44 27 ar-

176 3520 79 34 reit,
278 3513 213 45 deserters,
519 3511 77 40 and
617 3516 45 34 to
680 3509 111 40 clear
810 3509 69 39 the
898 3514 174 47 country
1094 3509 51 39 of
1160 3509 184 41 robbers.

228 3566 135 40 There
389 3578 81 26 was
498 3578 26 26 a
554 3569 139 46 report
722 3563 84 40 last
830 3562 137 52 night,
999 3562 91 39 that
1108 3575 63 28 we
1202 3562 80 41 had
1311 3568 70 34 cut
1411 3561 66 43 off
1501 3575 25 26 a

172 3620 155 40 French
350 3618 172 40 division
547 3618 50 38 of
627 3621 146 40 13,000
806 3630 107 32 men,
943 3617 165 52 coming
1140 3615 110 40 from
1284 3614 168 43 Medina
1475 3617 50 39 de

171 3676 81 39 Rio
276 3676 99 37 Seco
392 3689 9 24 :
435 3684 64 27 we
517 3670 93 40 wish
634 3684 60 25 we
713 3669 122 41 could
853 3669 175 39 confirm
1046 3669 45 40 it.

226 3728 93 39 Port
331 3738 151 40 ngnese
503 3728 152 50 Papers
674 3728 45 35 to
738 3723 69 39 the
831 3722 91 40 14th
947 3722 89 39 inst.
1068 3722 105 39 have
1199 3720 162 40 arrived
1384 3739 11 26 ;
1426 3722 97 52 they

169 3781 165 39 contain
356 3794 24 25 a
399 3777 306 41 Proclamation
725 3777 109 39 from
852 3775 167 46 Lisbon,
1033 3774 120 40 dated
1170 3780 44 34 at
1230 3775 70 40 the
1315 3776 148 40 Palace
1481 3775 51 41 of

170 3836 296 43 Governnient,
491 3833 93 38 Dec.
604 3835 40 35 9.
707 3831 35 35 It
759 3828 99 41 calls
886 3842 54 26 on
971 3828 70 40 the
1061 3827 132 40 whole
1212 3829 143 39 nation
1375 3834 46 34 to
1443 3830 76 39 rise

168 3891 38 37 in
228 3901 24 26 a
274 3901 117 31 mass,
417 3892 52 34 to
497 3885 144 40 defend
673 3883 106 39 their
809 3887 196 45 country,
1025 3881 77 40 and
1124 3894 157 41 oppose
1309 3895 52 26 an
1395 3882 107 40 insur-

165 3941 242 40 mountable
425 3939 158 41 harrier
602 3937 164 52 against
784 3935 69 40 the
878 3934 169 41 French.

123 4020 19 8 -
216 3998 89 37 Tilt!
328 3996 146 39 .I.:sbon
495 3994 174 38 Gazette
703 3989 51 41 of
775 3989 70 39 the
878 3989 98 39 I:ith
996 3989 51 39 of
1070 3990 181 38 Deceinb

130 4083 7 5 .
164 4050 106 40 tains
289 4064 22 24 a
340 4051 152 37 i)ecree
530 4044 129 41 issued
694 4044 54 53 by
771 4042 70 40 the
869 4041 174 43 Council
1063 4041 48 39 of
1141 4043 90 37 \Va:

164 4098 228 46 beecinber
415 4100 111 48 116,
560 4097 213 54 requiring
793 4095 71 41 the
883 4093 133 43 whole
1038 4096 263 51 Portuguese,

162 4172 86 26 arm
270 4154 112 43 thems
383 4154 22 43 ,
405 4154 113 43 !lves
539 4153 39 39 in
596 4165 128 39 every
746 4162 170 27 manner
946 4161 40 26 in
1007 4148 109 40 their
1135 4161 143 38 power,

161 4211 117 54 daily
306 4209 92 41 with
420 4208 137 56 pikes,
574 4205 52 43 of
639 4206 63 41 six
719 4217 51 28 or
791 4215 119 28 seven
927 4201 86 43 feet
1032 4215 40 27 in
1093 4201 155 54 length,

1633 216 92 48 tary
1748 215 239 39 Governors
2013 216 52 39 of
2089 216 72 39 the
2194 219 219 38 Provinces
2444 229 71 26 are
2546 219 214 51 requested
2790 222 44 35 to
2859 219 124 39 make

1633 270 90 40 out,
1744 268 77 39 and
1844 268 187 39 transmit
2050 268 84 40 lists
2152 270 51 37 of
2215 268 96 41 such
2331 282 163 38 persons
2513 283 58 32 as,
2593 269 53 52 by
2676 269 106 40 their
2800 270 174 56 activity

1633 320 76 40 and
1729 319 191 48 abilities,
1954 334 72 27 are
2044 334 150 40 proper
2211 327 43 34 to
2277 322 157 39 receive
2456 335 22 25 a
2496 322 234 39 command.
2787 322 97 39 This
2911 335 48 41 ge-

1632 371 107 41 neral
1763 373 161 54 arming
1958 373 30 41 is
2013 379 47 35 to
2089 376 157 40 include
2278 374 53 40 all
2352 389 167 40 persons
2536 376 110 40 from
2669 376 70 40 the
2756 389 78 40 age
2852 376 51 39 of
2915 378 50 39 fif-

1632 429 87 35 teen
1737 430 43 33 to
1794 428 123 52 sixty.

1683 487 85 40 The
1789 488 86 41 first
1894 489 170 40 division
2085 488 53 41 of
2152 490 70 40 the
2250 489 176 56 Brigade
2457 490 50 39 of
2539 491 159 40 Guards
2726 490 111 40 from
2858 490 99 41 Chat-

1630 539 109 47 ham,
1768 542 224 40 embarked
2027 555 52 27 on
2112 543 230 52 Thursday,
2370 543 79 40 and
2480 557 80 25 was
2577 549 46 34 to
2643 544 50 39 be
2712 543 191 40 followed
2923 544 53 53 by

1628 591 70 40 the
1726 596 51 37 2d
1795 596 79 39 and
1894 596 52 39 3d
1980 596 193 39 divisions
2194 596 214 53 Thursday
2439 596 78 40 and
2551 598 165 52 Friday.
2773 596 99 39 This
2890 599 66 39 Bri-

1619 657 60 38 -I.:a
1695 646 35 39 le
1753 651 168 38 consists
1952 648 48 40 of
2011 648 136 53 nearly
2170 654 122 40 2,700
2321 663 109 33 men,
2459 651 76 39 and
2570 650 34 39 is
2623 650 269 40 commanded
2922 652 54 53 by

1628 700 215 52 brigadier
1874 702 172 40 General
2089 702 229 53 Campbell.
2378 703 158 40 Besides
2582 702 116 41 these
2730 709 161 48 troops,
2934 718 41 25 in

1626 752 162 40 Ireland
1807 754 71 40 the
1898 755 87 39 first
2004 754 138 54 Royal
2161 757 219 51 Dragoons
2393 755 79 40 and
2493 756 67 40 the
2576 757 103 40 24th
2699 756 207 40 battalion
2929 758 54 39 of

1624 803 71 41 the
1719 806 78 40 83d
1828 807 198 54 infantry,
2057 822 71 26 are
2148 821 53 27 on
2231 809 107 40 their
2359 809 138 40 march
2518 809 66 40 for
2611 809 109 41 Cork
2741 815 47 34 to
2810 809 51 40 be
2887 822 58 28 em-

1625 857 156 41 barked
1796 860 296 54 immediately.

1676 912 335 52 Every-exertion
2034 915 31 40 is
2088 914 167 53 making
2272 915 41 39 in
2334 914 70 40 the
2419 915 189 39 c;itrerent
2626 915 281 52 departments
2926 921 47 34 to

1620 965 122 51 equip
1760 966 76 39 and
1858 969 97 39 send
1985 967 65 40 off
2075 969 70 39 the
2166 969 87 40 first
2272 973 92 47 part
2383 969 52 39 of
2451 969 69 39 the
2535 981 86 26 new
2654 969 240 52 expedition
2915 974 46 34 to

1620 1017 136 51 Spain.
1815 1020 35 39 It
1871 1020 83 39 will
1972 1020 148 39 consist
2139 1019 51 40 of
2199 1022 139 52 nearly
2359 1025 144 41 11,000
2525 1033 106 26 men.

1672 1070 169 41 Neither
1864 1072 61 40 Sir
1946 1072 150 40 Arthur
2122 1074 229 53 Wellesley,
2381 1085 77 27 nor
2476 1085 78 40 any
2588 1072 51 40 of
2665 1072 70 40 the
2753 1072 119 40 other
2891 1075 57 39 Ge-

1606 1123 123 38 •neral
1750 1126 168 39 Officers
1944 1127 191 40 attached
2156 1131 45 34 to
2220 1128 70 40 the
2322 1126 148 40 British
2491 1140 117 39 army
2629 1127 41 39 in
2691 1129 138 50 Spain,
2846 1126 124 45 have,

1617 1187 61 27 we
1708 1178 261 48 understand,
1998 1186 72 47 yet
2098 1180 182 41 received
2300 1179 143 41 orders
2476 1183 45 35 to
2554 1180 98 39 hold
2672 1179 241 40 themselves
2931 1180 41 39 in

1619 1230 201 40 readiness
1848 1235 45 35 to
1915 1237 139 35 return
2085 1238 46 34 to
2151 1232 70 41 the
2241 1231 234 44 Continent.
2531 1233 87 39 The
2652 1238 154 47 report,
2830 1233 115 40 there-

1619 1279 99 50 fore,
1767 1283 51 40 of
1848 1285 63 40 Sir
1943 1286 188 40 Arthur's
2179 1286 283 54 preparations
2499 1285 66 39 for
2604 1285 236 40 immediate
2876 1298 59 27 em-

1617 1333 216 41 barkation
1865 1342 44 34 at
1929 1338 129 46 Cork,
2069 1352 130 27 seems
2216 1345 45 34 to
2280 1341 109 39 have
2415 1338 99 40 been
2531 1343 248 48 premature.
2803 1338 161 41 Suchan

1613 1394 135 39 event,
1781 1391 157 45 indeed,
1969 1391 131 40 would
2128 1393 230 52 nee.atively
2380 1391 142 40 decide
2546 1393 69 39 the
2633 1391 204 52 question,
2856 1393 90 38 whe

1613 1440 90 39 ther
1735 1456 48 25 or
1812 1450 73 33 not
1920 1457 21 24 a
1974 1449 129 35 Court
2150 1446 139 39 lai-11.111
2324 1444 30 39 is
2385 1450 45 34 to
2448 1444 52 39 be
2537 1443 222 40 instituted.
2818 1446 47 38 In
2887 1444 83 39 this

1613 1504 89 30 case
1721 1495 61 39 his
1796 1509 189 39 presence
2000 1502 118 34 could
2134 1505 67 32 not
2222 1499 51 38 be
2289 1496 211 53 dispensed
2520 1496 115 40 with.

1665 1548 35 37 It
1722 1560 171 40 appears
1912 1551 87 38 that
2026 1550 71 39 the
2128 1550 81 40 late
2241 1551 156 40 French
2426 1548 195 40 Bulletins
2650 1561 106 27 were
2776 1548 187 53 brought

1611 1602 43 37 to
1674 1599 141 41 within
1834 1615 24 26 a
1887 1602 155 41 certain
2060 1602 181 43 distance
2259 1604 52 41 of
2336 1603 72 40 the
2430 1602 161 52 English
2611 1607 130 39 coast,
2777 1602 77 39 and
2891 1607 73 46 put

1613 1651 83 39 into
1715 1667 50 26 an
1913 1655 116 46 boat,
2054 1655 132 41 which
2216 1669 83 28 was
2329 1656 176 40 suffered
2535 1662 45 33 to
2611 1655 103 40 drift
2744 1667 56 26 on
2829 1654 135 40 shore,

1609 1706 39 38 It
1693 1696 260 66 accordingly
1990 1708 172 41 reached
2194 1710 70 40 the
2302 1715 132 41 coast,
2473 1709 184 39 between
2696 1707 265 53 Dyinchurch

1607 1757 78 39 and
1723 1761 157 53 Ilythe,
1926 1761 78 40 and
2042 1776 24 25 a
2111 1775 168 27 canvass
2315 1765 97 51 bag,
2448 1761 41 39 in
2536 1761 130 40 which
2704 1760 71 39 the
2818 1772 149 40 papers

1610 1824 103 27 were
1740 1813 207 48 enclosed,
1978 1828 80 26 was
2092 1815 128 40 taken
2251 1817 109 39 from
2392 1821 31 33 it
2451 1813 79 40 and
2559 1812 210 53 conveyed
2789 1817 45 35 to
2854 1814 81 39 Lon-

1607 1863 242 44 don.—The
1892 1869 241 53 singularity
2178 1869 51 40 of
2256 1869 81 39 this
2372 1869 123 39 mode
2531 1866 50 39 of
2611 1866 350 39 communication

1609 1918 31 37 is
1658 1919 172 53 perhaps
1850 1926 72 33 not
1937 1936 45 24 so
2000 1922 214 51 extraordi
2213 1922 24 51 ,
2237 1922 72 51 nry
2331 1933 44 26 as
2395 1920 31 39 it
2445 1932 172 40 appears
2652 1925 44 33 at
2717 1919 89 39 first
2823 1918 139 59 sight;

1607 1971 74 37 and
1703 1985 22 25 a
1746 1972 295 41 circumstance
2056 1975 131 40 which
2219 1975 72 39 has
2308 1972 125 54 lately
2451 1972 243 53 transpired,
2722 1984 129 27 seems
2870 1970 64 39 suf-

1606 2022 177 57 ficiently
1801 2031 45 34 to
1869 2033 176 35 account
2065 2028 92 53 why
2176 2027 70 40 the
2265 2028 156 41 French
2443 2027 196 38 boatmen
2659 2024 66 40 did
2744 2029 76 34 not
2851 2028 106 35 trust

1603 2075 242 44 themselves
1860 2093 97 27 near
1972 2086 45 35 to
2031 2095 78 26 our
2125 2081 282 40 cruizers.—A
2433 2079 133 40 boat's
2583 2091 107 27 crew
2704 2076 52 40 of
2776 2091 51 25 an
2844 2078 86 51 Eng-

1603 2127 71 41 lish
1691 2163 26 20 g
1721 2145 52 25 un
1778 2153 14 6 -
1796 2133 92 54 brig
1893 2161 11 20 ,
1932 2135 223 50 consisting
2172 2134 48 39 of
2231 2134 193 40 fourteen
2444 2145 110 33 men,
2582 2130 209 52 including
2811 2143 25 26 a
2848 2143 78 26 war-

1603 2184 420 57 rantofficer,lately
2047 2187 142 40 landed
2206 2200 54 27 on
2290 2186 71 40 the
2378 2186 154 39 French
2548 2190 115 34 coast
2679 2183 69 40 for
2767 2184 70 38 the
2856 2194 74 40 pur-

1602 2246 96 39 pose
1716 2237 50 39 of
1787 2239 265 53 distributing
2072 2254 159 39 papers,
2264 2241 76 39 &c.
2370 2238 81 40 and
2489 2238 154 52 having
2672 2236 141 41 drawn
2849 2235 107 39 their

1600 2289 100 40 boat
1721 2304 54 39 up
1795 2306 53 26 on
1870 2293 71 39 the
1964 2293 146 47 beach,
2143 2293 226 52 proceeded
2385 2306 25 26 a
2430 2288 116 43 short
2563 2290 183 40 distance
2765 2289 89 39 into
2880 2287 76 43 the

1597 2347 194 48 country,
1809 2344 136 40 where
1965 2352 41 33 at
2028 2360 24 25 a
2070 2344 142 53 public
2230 2343 129 41 house
2378 2346 98 51 they
2497 2341 275 54 imprudently
2789 2344 78 46 got
2885 2341 41 37 in-

1596 2395 223 40 toxicated.
1877 2400 46 37 In
1943 2398 71 41 the
2033 2398 182 48 interim,
2246 2411 24 26 a
2284 2399 120 51 party
2426 2396 50 39 of
2490 2396 136 46 horse,
2654 2393 227 54 patroling
2881 2393 71 39 the

1596 2453 128 40 coast,
1753 2451 214 51 perceived
1993 2452 72 39 the
2095 2452 119 45 boat,
2243 2451 80 39 and
2354 2448 139 40 traced
2525 2448 70 40 the
2627 2447 148 44 sailors
2804 2452 46 34 to
2883 2445 71 40 the

1597 2500 130 40 above
1744 2502 144 48 house,
1919 2504 135 41 where
2072 2504 97 56 they
2191 2517 107 27 were
2331 2502 53 40 all
2417 2502 146 45 taken,
2593 2499 80 41 and
2704 2500 106 38 have
2839 2499 112 40 since

1594 2554 102 39 been
1714 2556 204 41 executed
1938 2570 43 26 as
2008 2558 119 53 spies,
2158 2556 78 43 and
2271 2556 110 40 their
2407 2554 143 40 bodies
2568 2554 180 52 exposed
2769 2565 54 25 on
2858 2552 67 51 gib-

1597 2606 99 46 bets,
1726 2613 43 34 at
1799 2609 194 41 intervals
2008 2610 52 40 of
2079 2624 25 26 a
2125 2611 96 39 mile
2233 2614 137 50 apart,
2399 2607 124 53 along
2543 2607 73 40 the
2636 2604 157 41 Freneh
2815 2610 133 41 coast,

1593 2657 107 40 from
1723 2663 109 51 Cape
1852 2665 171 39 Grisnez
2041 2668 47 35 to
2104 2663 234 53 Boulogne.

1648 2713 72 40 We
1752 2714 109 40 have
1891 2715 125 54 lately
2053 2730 93 26 seen
2178 2715 156 40 several
2368 2713 138 41 letters
2536 2712 110 41 from
2680 2711 141 53 Spain,
2838 2708 111 41 from

1594 2764 163 43 Officers
1778 2767 99 40 both
1915 2769 39 39 in
1993 2769 60 40 Sir
2091 2769 137 40 David
2245 2767 158 41 Baird's
2421 2767 80 40 and
2535 2766 63 40 Sir
2634 2763 112 41 John
2769 2764 184 39 Moore's

1594 2818 300 56 armies—they
1909 2820 53 41 all
1980 2835 156 27 concur
2161 2819 40 41 in
2220 2822 133 53 praise
2372 2819 51 40 of
2437 2820 110 39 their
2561 2818 170 45 leaders,
2751 2816 174 39 notwith-

1593 2872 190 53 standing
1799 2874 72 40 the
1892 2874 224 53 privations
2131 2874 131 41 which
2288 2874 102 52 they
2405 2872 141 53 oblige
2569 2870 53 40 all
2642 2875 44 35 to
2707 2870 155 39 submit
2881 2872 63 37 to.

1593 2923 130 41 These
1736 2939 70 27 are
1821 2940 99 40 very
1941 2933 133 46 great,
2094 2927 266 53 particularly
2383 2926 38 39 in
2452 2926 61 40 Sir
2544 2927 41 38 J.
2608 2926 183 39 Moore's
2805 2935 135 39 army.

1594 2976 163 41 Officers
1789 2993 119 39 carry
1939 2982 131 39 about
2088 2982 107 39 their
2217 2978 188 56 personal
2435 2979 193 53 baggage
2647 2974 301 43 themselves—

1593 3028 51 39 all
1667 3031 138 52 public
1822 3039 183 34 servants
2026 3034 182 40 whether
2228 3047 44 26 as
2289 3033 203 43 battmen,
2519 3033 198 43 servants,
2737 3030 78 39 &c.
2838 3028 106 40 have

1592 3081 99 40 been
1711 3084 125 43 taken
1860 3099 132 41 away,
2015 3089 104 39 Gen.
2139 3090 146 38 Moore
2304 3085 123 52 being
2446 3081 253 41 determined
2715 3086 45 34 to
2777 3081 107 39 have
2900 3092 45 28 as

1591 3146 123 43 many
1728 3142 174 38 muskets
1916 3154 44 26 as
1968 3143 267 47 possible—at
2246 3138 90 40 first
2347 3138 72 39 the
2431 3135 107 40 Staff
2545 3133 214 54 grumbled
2767 3133 91 46 ,but
2871 3132 58 39 lat-

1589 3188 105 53 terly
1715 3189 53 40 all
1783 3206 86 26 saw
1889 3193 73 40 the
1980 3193 194 52 necessity
2192 3193 48 39 of
2252 3191 71 40 the
2341 3202 210 32 measure;
2581 3185 155 41 instead
2759 3185 50 40 of
2822 3198 125 41 every

1591 3241 170 53 Captain
1782 3244 78 40 and
1880 3257 122 40 every
2019 3252 85 34 two
2125 3244 236 41 Subalterns
2378 3242 152 53 having
2546 3241 103 39 each
2670 3253 21 25 a
2707 3244 104 39 tent,
2826 3252 120 26 seven

1590 3293 165 43 Officers
1773 3296 110 54 sleep
1903 3296 39 41 in
1961 3311 79 27 one
2072 3304 104 41 tent,
2207 3298 78 39 and
2309 3296 112 39 Field
2443 3295 181 46 Officers,
2644 3292 106 40 Staff
2763 3291 183 47 Officers,

1589 3347 80 40 and
1706 3350 154 46 others,
1893 3351 170 40 entitled
2096 3357 46 34 to
2176 3351 106 40 have
2319 3350 156 45 horses,
2506 3360 72 27 are
2614 3345 167 53 obliged
2800 3350 46 34 to
2867 3345 78 40 rub

1589 3402 117 39 down
1726 3403 78 40 and
1825 3403 113 41 clean
1955 3405 112 39 them
2088 3403 257 43 themselves.
2405 3402 87 39 The
2510 3402 116 50 large
2650 3399 106 39 ratio
2773 3398 48 39 of
2835 3404 115 34 meat

1591 3454 70 39 has
1681 3456 100 40 been
1793 3456 240 43 diminished
2048 3459 40 38 in
2109 3457 102 40 both
2229 3456 163 44 armies,
2412 3455 78 39 and
2509 3454 178 39 without
2705 3465 77 39 any
2805 3451 118 40 incon-

1592 3508 189 43 venience
1792 3510 156 53 having
1964 3511 100 40 been
2079 3511 90 40 felt.
2200 3513 133 38 Never
2350 3522 106 26 were
2469 3521 78 27 any
2557 3507 151 40 armies
2722 3507 39 39 in
2776 3510 170 47 greater

1590 3557 155 44 health.
1802 3563 163 40 Several
1982 3578 135 39 corps,
2151 3561 266 56 particularly
2434 3561 71 41 the
2524 3552 96 51 79th
2642 3557 78 40 and
2743 3557 98 47 92d,
2861 3557 83 41 had

1590 3617 73 35 not
1682 3627 24 27 a
1723 3614 89 41 sick
1831 3630 113 35 man,
1964 3617 107 41 after
2087 3617 187 40 marches
2291 3615 51 40 of
2363 3627 112 28 some
2496 3609 185 45 hundred
2704 3607 130 44 miles.

1645 3667 86 40 The
1747 3669 210 51 publisher
1965 3670 50 40 of
2019 3670 72 40 the
2107 3671 244 39 Microcosm
2368 3669 50 39 of
2430 3666 169 41 London
2611 3665 74 41 has
2698 3663 246 43 announced

1590 3730 25 27 a
1633 3731 87 28 new
1742 3720 191 56 Monthly
1957 3725 235 47 Magazine.
2222 3722 132 40 called
2382 3720 92 40 The
2502 3720 247 52 Repository
2769 3718 52 40 of
2828 3720 117 44 Arts,

1589 3772 76 39 &e.
1698 3774 66 40 for
1783 3777 73 40 the
1877 3778 51 39 2d
1948 3777 51 38 of
2013 3780 189 51 January
2222 3782 115 34 next.
2393 3776 76 39 We
2502 3785 70 27 are
2594 3771 96 41 well
2717 3771 167 40 washers
2896 3775 47 34 to

1590 3824 70 40 the
1681 3828 86 43 first
1786 3829 135 48 work,
1951 3831 76 39 and
2049 3843 44 26 as
2111 3831 98 39 such
2233 3827 265 43 recommend
2515 3828 79 41 Mr.
2616 3824 259 40 Ackermann
2898 3829 48 33 to

1592 3891 146 39 pursue
1782 3883 71 39 the
1885 3896 111 26 same
2033 3882 143 41 liberal
2213 3882 182 40 conduct
2432 3882 39 38 in
2513 3878 71 40 the
2611 3882 165 50 present
2812 3875 132 47 work,

1632 3932 90 44 hich
1762 3935 288 48 distinguishes
2078 3935 72 40 the
2183 3935 169 41 former.
2411 3933 44 40 If
2480 3945 61 27 we
2569 3944 106 27 were
2695 3931 249 53 acquainted

1593 3985 94 44 with
1711 3990 69 38 the
1799 3992 44 38 P'
1873 3989 168 52 Trietor
2189 3989 133 53 might
2413 3987 111 53 .baps
2561 3984 270 41 recommend
2858 3983 87 40 him

1188 3990 111 39 inber
1318 3989 84 40 also
1421 4002 98 26 con-
1593 3989 94 40 with
1711 3990 69 38 the
1799 3989 257 52 Proprietor,
2087 4003 64 26 we
2189 3989 133 53 might
2347 3989 177 52 perhaps
2561 3989 270 37 recommend
2858 3989 87 34 him

1195 4054 46 26 iv

1188 4043 67 44 ',
1283 4039 87 41 'and
1406 4041 118 41 dated
1591 4052 43 32 to
1654 4046 174 48 enlarge
1847 4055 113 27 some
1993 4043 51 41 of
2070 4043 72 40 the
2169 4042 176 46 articles,
2375 4041 81 40 and
2489 4051 208 39 compress
2722 4037 155 47 others,
2906 4046 46 28 as

1188 4107 115 40 ;nese.
1318 4095 145 53 people
1482 4100 44 35 to
1590 4102 94 38 they
1708 4109 151 40 appear
1881 4097 39 39 in
1933 4096 72 40 the
2020 4098 257 51 Prospectus.
2335 4095 118 41 After
2477 4093 138 51 seeing
2642 4090 67 39 the
2728 4090 86 41 first
2829 4101 119 30 num-

1188 4161 100 35 iwer,
1306 4148 76 39 and
1413 4162 110 35 espe-
1590 4154 24 39 h
1613 4154 25 39 e
1638 4154 25 39 r
1697 4163 59 25 we
1793 4148 103 41 shall
1918 4150 172 51 perhaps
2118 4163 71 37 say
2226 4147 237 57 something
2499 4143 135 43 either
2668 4143 40 43 in
2730 4142 133 56 praise
2896 4155 51 28 or

1188 4201 65 51 ;th.
1310 4204 87 39 The
1420 4202 105 40 Mili-
1589 4205 191 54 dispraise
1796 4202 48 41 of
1858 4204 50 40 its
1928 4204 239 40 execution.
2258 4201 4 58 •
2359 4230 6 6 .
2417 4232 6 4 .

3204 4235 31 26 :.-,

2209 4257 41 31 .'
2259 4266 9 21 ;
2337 4281 35 9 ...
2391 4274 15 17 .;
2445 4266 35 26 ;i:
2507 4266 30 26 .E.
2551 4267 61 25 a,
2634 4253 21 37 ::
2693 4269 8 25 i
2751 4266 41 30 .%:
2816 4270 12 25 i
2846 4269 26 26 !..
2889 4286 12 8 ..

198 91 87 48 .10

0 1030 155 1387 I

2731 86 161 52 JAN.
2935 93 46 47 1.

3193 1933 54 197 It

3172 2737 18 15 ft
