3307 4406
417 78 418 131 :THE
938 61 876 143 NATIONAL
1918 67 536 109 REGIS

769 240 25 9 ..
801 240 27 7 _.

309 311 87 32 •f.4r)i

476 317 83 32 ,"•)';
559 317 14 32 1

509 354 30 40 ;!'
539 354 9 40 l
548 354 43 40 l2O.
608 354 4 40 •
627 381 7 13 k

472 443 57 11 •..
600 436 2 18 •
637 436 2 18 •

328 454 56 69 1%1
384 454 19 69 .
403 454 38 69 0.
470 463 86 59 53.

1083 445 402 77 SUNDAY,
1531 457 105 56 JA

659 608 6 8 ,
677 606 2 11 •

426 633 71 50 TO
524 622 112 61 QUI,
1192 620 112 53 TIIE
1333 626 203 46 PUBLIC:

548 756 6 7 ,
874 752 2 11 .

370 770 191 39 Flattered
578 772 66 41 by,
658 770 89 40 and,
770 759 40 45 at
828 770 60 32 the
904 769 100 34 same
1031 767 103 39 time,
1159 763 159 46 grateful
1337 764 70 41 for,
1433 764 64 35 the
1513 761 110 38 encou-

326 836 184 38 ragement
529 830 122 34 which
665 830 98 34 TUE
777 829 169 34 NATION
959 834 53 27 At.
1030 826 222 34 REGISTER
1269 815 64 44 fias
1352 824 180 40 received;
1546 824 96 35 since

321 894 48 32 Its
381 892 77 34 first
468 899 320 39 appearance,we
797 889 110 43 seize,
922 885 91 37 with
1028 887 172 40 alacrity,
1213 885 61 33 the
1291 887 164 32 occasion
1467 883 44 37 of
1520 896 22 22 a
1552 885 92 34 New

327 952 110 35 Year
455 956 37 27 to
509 948 151 46 express
676 944 70 39 our
764 948 84 44 high
867 958 97 31 souse
981 945 44 37 of
1041 946 70 32 this
1128 943 187 46 reception
1383 946 65 32 We
1467 940 181 48 proMised

328 1010 123 40 much,
481 1009 102 35 when
600 1019 56 25 we
673 1009 80 33 first
777 1006 208 35 announced
1004 1005 32 33 it
1054 1012 35 25 to
1109 1004 59 33 the
1188 1004 164 40 Public;
1378 1005 69 32 and
1479 1015 46 22 no
1546 1004 100 45 pains

330 1059 96 43 have
443 1070 89 32 been
548 1057 131 54 spared
704 1054 97 48 since
816 1067 83 34 that
927 1058 91 41 time
1045 1070 38 27 to
1101 1063 92 33 fulfil
1213 1057 73 39 this
1312 1054 247 56 eligagettie•t.
1613 1059 35 38 It

332 1129 30 32 is
374 1135 61 27 not
456 1128 57 33 for
531 1140 35 21 us
589 1135 37 26 to
643 1122 200 39 Merinine
862 1115 80 46 how
965 1127 59 33 far
1043 1117 56 40 we
1127 1119 91 39 hive
1239 1117 188 40 answered
1447 1123 61 34 tht
1527 1115 124 53 p'ut;tie

331 1178 269 56 expectation;
632 1185 66 37 Hitt
726 1185 52 37 tht
809 1181 106 50 rapid
933 1186 163 34 increase
1113 1183 44 33 of
1169 1179 46 39 it.;
1237 1167 219 51 circulation
1476 1186 30 32 h
1522 1194 45 24 an
1589 1185 41 33 ho-

331 1246 181 38 nourable
529 1240 270 43 remuneration
817 1246 57 34 for
893 1246 60 33 the
972 1241 189 38 exertions
1179 1254 53 24 we
1252 1245 96 33 have
1370 1243 113 37 Made.
1539 1240 77 38 ror
1630 1254 24 24 a

439 1310 56 33 t).t
506 1318 25 24 r
554 1304 105 38 ICE*
670 1317 71 25 SPA
755 1316 21 25 P
785 1305 51 37 kit
857 1311 39 30 to
911 1303 138 37 remain
1065 1315 89 25 even
1168 1304 219 46 stationary,
1402 1317 30 21 w
1442 1303 65 37 heti
1525 1297 128 41 almost

332 1380 117 34 every
469 1368 105 35 week
593 1371 163 40 presents
771 1377 25 24 a
810 1375 78 26 new
908 1357 242 53 competitor,
1176 1363 43 41 is,
1246 1370 39 30 at
1309 1365 104 40 least,
1442 1376 24 21 a
1487 1365 161 56 negative
1648 1365 21 56 t

331 1426 294 39 commendation
641 1428 44 33 of
707 1428 46 33 its
768 1427 119 34 worth
944 1426 85 35 how
1048 1423 104 35 much
1172 1423 130 45 higher
1317 1428 92 31 must
1427 1428 69 30 our

332 1486 128 37 Cation
476 1488 63 40 be,
562 1493 41 27 at
626 1478 64 43 the
706 1491 47 31 et
762 1474 231 57 fraardtilacy
1007 1473 270 58 auguientittou
1298 1485 31 34 it
1343 1483 187 43 tontinuet
1547 1491 38 28 to
1599 1481 67 37 i.e-'

337 1539 110 45 `ee.ive

309 1604 9 20 z
319 1604 9 20 '
607 1618 19 38 O
631 1611 72 53 gift'
706 1624 39 28 nt
767 1607 104 46 Price
885 1619 45 44 of
946 1606 120 56 taper
1085 1602 35 51 hs
1121 1602 18 51 .
1139 1602 180 51 iiitiuceti
1344 1609 60 43 tie
1427 1603 233 60 f‘rispriciors

1663 1663 4 2 •

335 1682 50 40 of
393 1693 94 22 some
501 1682 103 33 otker
621 1675 145 48 Sunday
787 1680 137 43 Papers
937 1684 37 28 to
987 1677 138 45 appeal
1143 1677 39 35 to
1200 1675 98 38 their
1316 1674 253 45 Subscribers;
1593 1677 74 34 and!

335 1747 41 28 to
394 1739 167 37 consider
591 1739 30 34 It
640 1749 41 25 as
711 1749 22 24 a
757 1736 247 46 justification
1035 1728 58 44 tor
1120 1736 137 45 raising
1284 1733 259 51 considerably
1569 1737 94 33 their

337 1800 202 48 pecuniary
554 1799 124 33 value.
722 1798 79 34 The
822 1787 87 46 Pao
922 1807 96 26 t'Rfl
1119 1807 159 28 sorTH
1290 1807 21 25 R
1331 1788 170 45 NATioN
1585 1787 30 44 it
1625 1806 38 25 11-
1680 1787 4 61 •

344 1871 94 28 GIST
449 1871 54 25 En.
531 1859 93 33 have
640 1852 172 40 likewise
829 1859 90 33 been
1022 1856 19 35 -
1041 1856 79 35 Cted
1142 1861 38 30 to
1195 1846 71 45 this
1279 1853 289 43 inconvenience;
1598 1856 67 34 and

339 1932 93 27 even
450 1918 144 46 greater
606 1916 91 38 than
715 1918 104 33 those
829 1913 122 38 allude
1000 1922 38 30 to
1051 1928 40 22 as
1104 1918 135 41 above,
1256 1912 96 40 frOM
1369 1917 70 33 this
1455 1923 191 38 augineola-

339 1981 98 41 tion,
464 1981 67 34 but
560 1988 61 25 are
651 1971 222 40 determined
894 1977 40 35 to
969 1976 97 47 keep
1095 1975 27 37 it
1154 1983 39 30 at
1226 1978 47 34 its
1305 1977 143 45 present
1481 1972 188 44 standird,

339 2037 100 41 front
463 2053 26 24 a
515 2041 209 33 reluctance
743 2044 38 27 to
797 2030 145 41 deviate
957 2026 96 47 fram
1069 2037 96 35 their
1181 2036 77 37 first
1272 2036 255 45 engagement.
1578 2028 92 44 This

381 2104 40 35 ill
441 2095 180 52 ilioduee,
637 2092 190 47 howbier,
844 2102 45 28 nO
908 2096 211 37 relalxition
1139 2099 35 32 in
1187 2094 100 44 tifeit'
1304 2096 184 34 exertions
1504 2108 11 28 ;
1544 2106 43 24 on
1606 2096 64 34 the

337 2169 194 38 Contrary,
553 2158 92 46 they
665 2159 99 45 hope
781 2157 78 35 that
874 2167 111 34 every
1004 2159 216 44 subsequent
1233 2153 152 38 nuinVer
1404 2157 78 34 will
1505 2152 164 38 Manifest

338 2228 85 33 nevi
443 2217 129 51 proofs
602 2219 43 35 of
667 2219 100 34 their
784 2218 79 34 teu.l
881 2218 70 33 atld
967 2220 262 43 perseverance
1247 2223 40 28 to
1304 2217 130 34 render
1462 2218 31 32 it
1511 2216 47 34 of
1570 2225 100 25 more

334 2282 156 47 earnl
509 2276 144 47 utility.

418 2365 13 27 t
463 2356 44 43 is,
537 2356 178 46 perhaps,
750 2349 241 50 unnecessary
1010 2359 38 28 to
1064 2337 129 51 'advert
1211 2350 38 37 to
1265 2348 51 40 its
1333 2343 171 57 political
1525 2336 119 63 princi-

345 2421 104 46 ples;
476 2420 97 33 their
593 2419 234 33 Subscribers
842 2426 64 22 are
935 2415 89 33 able
1049 2421 37 27 to
1110 2414 220 46 appreciate
1358 2413 98 34 their
1480 2413 188 44 tendency.

295 2472 312 52 .14b0.16intellt0'
620 2478 27 43 it
666 2472 189 47 expresses
875 2474 35 34 in
926 2473 61 34 the
1003 2471 198 38 disclission
1219 2472 43 35 of
1274 2479 112 39 every
1402 2467 163 51 subject;
1591 2471 79 35 that

317 2515 4 63 •
339 2515 76 63 .lia
415 2515 19 63 t
433 2515 249 63 etinAlitetest
698 2535 182 34 reference
907 2541 38 27 to
964 2536 64 32 the
1050 2535 161 33 interests
1227 2535 45 34 of
1293 2519 63 50 the
1372 2532 243 44 corrimunity;
1643 2532 30 33 is

344 2609 51 26 tin
412 2596 242 45 unenuivocal
689 2595 113 45 proof
822 2595 43 33 of
885 2594 97 34 their
1010 2595 172 41 sincerity
1196 2603 11 30 ;
1235 2594 89 41 and;
1355 2594 172 33 however
1559 2593 116 33 liable

346 2668 43 28 to
406 2669 105 25 error
531 2657 87 43 they
646 2666 85 33 may
759 2655 46 34 be
827 2655 34 33 in
886 2665 168 24 Collllllolk
1084 2654 89 33 with
1200 2654 106 34 other
1330 2654 231 44 jouriwilists,
1586 2653 92 44 they.

347 2730 87 30 can,
463 2718 87 34 with
567 2715 98 47 sotie
690 2713 269 35 conseitiosness
972 2713 45 34 of
1043 2713 171 45 integrity
1232 2713 71 33 and
1320 2713 97 33 little
1435 2713 81 33 fear
1533 2711 44 35 of
1589 2707 81 39 coteL

348 2778 219 40 tradietion,
593 2785 109 32 aver,
728 2777 81 33 that
839 2774 85 44 they
954 2772 69 35 are
1039 2772 131 46 guided
1189 2773 34 33 in
1243 2769 100 38 their
1368 2771 243 46 speculations
1624 2771 50 44 by

348 2846 51 30 tin
419 2837 106 40 other
541 2831 142 39 Motive
699 2837 90 33 than
804 2836 80 34 that
913 2835 44 34 of
979 2832 64 37 the
1070 2831 125 46 public
1224 2831 113 45 good.
1387 2831 110 44 They
1513 2830 158 45 strongly

350 2893 169 43 discictiau
541 2895 255 46 party-views
826 2896 70 32 and
920 2891 189 41 interests;
1136 2891 70 34 and
1238 2902 66 24 are
1331 2891 143 44 always
1505 2890 112 45 ready
1637 2896 37 27 to

351 2955 144 39 bestow
513 2967 45 22 on
580 2955 128 45 public
726 2966 77 22 men
822 2955 66 33 and
909 2949 181 38 ineasnres
1115 2963 24 22 a
1153 2952 79 46 just
1265 2952 133 33 tribute
1424 2950 45 34 of
1496 2948 158 37 edninien-

347 3020 146 35 eation,
522 3017 157 33 without
698 3015 77 33 first
790 3014 208 43 consulting
1028 3011 164 34 whether
1208 3009 86 44 they
1313 3011 47 33 sit
1376 3020 59 31 on,
1452 3019 41 25 or
1511 3008 165 35 'enianate

352 3084 112 38 front,
490 3079 61 33 tire
569 3078 219 44 opposition
804 3086 43 24 or
861 3073 220 37 Ministerial
1101 3072 165 33 benches,
1320 3071 43 34 if
1382 3070 85 44 they
1487 3071 59 44 lay
1567 3070 106 34 claim

348 3148 43 28 to
424 3139 60 35 the
509 3137 172 43 suffrages
712 3137 44 32 of
776 3135 61 35 the
862 3137 31 33 P
908 3136 120 39 tiblic,
1067 3132 85 44 they
1180 3136 87 37 rest,
1297 3131 260 45 particularly,
1580 3130 97 33 their

352 3201 111 34 Merit
491 3209 44 22 on
554 3196 98 33 their
676 3191 249 48 impartiality
940 3207 12 27 ;
978 3194 72 34 and
1085 3193 63 34 the
1172 3191 139 34 ardour
1337 3189 43 34 of
1400 3189 98 34 their
1530 3187 79 35 zeal
1643 3189 35 33 in

351 3263 159 43 support
523 3257 45 35 of
587 3268 24 22 a
626 3253 106 47 great
745 3243 69 46 and
830 3255 96 45 good
944 3263 123 31 cause,
1089 3263 38 24 so
1141 3253 137 44 closely
1297 3248 195 39 connected
1511 3248 90 35 with
1617 3249 63 34 the

353 3324 123 34 future
503 3317 198 46 happiiieSx
731 3314 71 35 and
835 3314 161 44 security
1030 3313 44 34 of
1100 3313 73 33 this
1188 3306 159 47 country
1365 3308 109 45 (they
1493 3308 131 34 advert
1643 3314 37 30 to

351 3379 164 39 tkeraus
554 3378 43 33 of
619 3378 63 33 the
698 3374 157 46 Spauish
873 3372 183 44 Patriots)
1083 3370 161 47 requires
1274 3372 142 33 neither
1433 3380 45 24 ex
1487 3364 191 50 plattiiiiite

351 3444 47 33 Vir
411 3445 191 32 comment.
653 3437 109 44 They
780 3437 78 33 will
880 3437 190 43 persevere
1091 3432 273 44 unremittingly
1384 3432 32 33 in
1436 3431 73 33 this
1537 3431 144 50 career,

352 3502 187 35 tontident
555 3498 99 35 their
670 3496 187 39 exertions
874 3495 77 33 *ill
970 3501 99 27 meet
1084 3494 63 34 the
1160 3490 253 47 approbation
1428 3481 44 43 of
1486 3490 60 33 the
1559 3490 124 34 houest

352 3562 77 37 ittdd
446 3554 222 50 intelligent.

407 3620 80 37 The
509 3620 195 34 Strlctsres
723 3615 123 45 signed
907 3615 64 33 0:4
1204 3613 94 33 have
1311 3611 149 35 excited
1476 3609 87 35 such
1579 3609 106 45 gene-
1702 3593 1 67 1

357 3681 59 37 ral
443 3681 164 39 interest,
633 3678 71 34 and
731 3677 149 44 display
895 3676 86 33 such
1003 3680 125 35 strong
1147 3672 125 45 proofs
1290 3671 45 33 of
1355 3671 247 45 impartiality
1617 3667 71 35 and

348 3742 209 47 ,ludgment,
591 3741 83 33 that
703 3738 60 34 the
801 3731 239 50 Proprietors
1071 3733 71 34 feel
1167 3744 24 22 a
1214 3731 249 35 considerable
1498 3731 131 44 degree
1651 3728 44 34 of

359 3803 184 46 pleasure,
561 3809 39 26 as
619 3800 89 35 well
736 3809 40 24 as
806 3797 118 44 pride,
941 3796 50 38 ,in
1017 3795 228 41 announcing
1273 3793 83 33 that
1387 3791 76 41 thiti
1488 3790 202 44 intelligent

359 3862 132 35 writer
508 3861 175 45 prouii•es
700 3867 39 26 to
755 3855 131 35 favour
898 3856 100 37 theta
1011 3854 90 34 with
1114 3866 22 22 a
1153 3854 236 34 continuance
1404 3850 44 35 Of
1460 3850 230 37 1114.11tbnurs.

359 3921 107 44 They
481 3918 187 35 therefore
685 3917 176 35 conclude
883 3915 89 34 with
991 3926 46 22 an
1054 3924 190 24 assurance
1263 3914 81 32 that
1358 3912 61 34 the
1439 3911 124 34 future
1580 3909 85 35 Num-

359 3983 81 35 bers
458 3979 44 34 of
515 3979 96 34 Tun
626 3978 33 34 N
670 3979 133 39 strtok
811 3987 21 24 A
844 3986 21 25 1,
880 3972 294 43 IttGlSTl:it,so
1192 3972 57 34 far
1259 3972 96 34 from
1370 3958 215 77 dergiellog
1603 3969 93 35 from

361 4052 34 25 w
404 4041 65 35 hat
480 4038 87 47 they
589 4039 94 44 have
698 4038 90 34 been
807 4038 18 33 h
834 4037 150 40 ithesto,
1006 4046 30 24 w
1043 4035 40 34 ill
1107 4036 45 33 he
1169 4045 30 24 w
1206 4044 17 24 r
1228 4033 138 37 aims,
1372 4031 53 35 ith
1437 4036 146 43 greater
1597 4038 103 35 care,

365 4101 72 37 and
443 4098 126 46 jester
593 4100 132 44 cluituk
739 4104 39 30 to
794 4098 126 45 public
937 4096 267 47 apptobation.

1205 298 112 50 Our
1337 298 130 56 Ding,
1493 294 330 51 doatitution,
1844 300 87 43 anb
1954 294 168 52 twatO.

1694 451 288 60 iTUARY
2028 439 46 76 1,
2126 442 157 63 1&)9.

2130 685 181 40 ituainxa
2481 696 128 25 -TWO.

1941 617 359 45 POLITICAL'
2314 611 464 54 DISQUISITION.

2676 778 24 31 it
2730 784 47 26 rrt
2800 778 48 32 in
2883 778 9 31 I

2949 664 67 24 gle

1778 829 444 45 RETROSPECTIVE
2257 830 110 43 AND
2385 828 263 46 ,PRESENT
2687 828 169 43 STATE
2891 816 72 52 Olt
2998 844 17 18 s•

2244 891 253 43 POLITICS.

1765 1030 35 37 It
1837 1017 20 64 i
1877 1017 20 64 4
1917 1017 222 64 impossible;
2170 1029 97 37 with
2289 1035 77 44 any
2402 1025 104 39 little
2535 1025 243 40 Seriousness
2794 1024 48 39 or
2863 1017 164 59 tlisphsi!-

1714 1087 99 46 tion,
1844 1095 43 32 to
1904 1096 111 32 enter
2046 1102 52 26 on
2132 1090 69 38 the.
2228 1090 89 37 Sew
2343 1091 22 34 1
2366 1090 19 43 -
2385 1090 79 43 ear,
2494 1085 170 40 without
2694 1087 143 50 taking
2857 1100 22 25 a
2897 1091 112 33 retro-

1714 1149 174 51 spective
1911 1150 93 38 view
2028 1150 46 38 of
2091 1153 65 37 the
2178 1149 85 39 last.
2323 1153 41 34 In
2387 1160 76 27 our
2483 1153 204 46 prospect*
2701 1148 48 38 of
2765 1147 263 39 refOrtnatioh

1714 1208 64 39 for
1795 1211 70 37 the
1883 1209 148 47 futUre;
2061 1225 56 24 we
2137 1215 105 33 Mild
2269 1217 92 32 turn
2387 1208 228 51 frequently
2639 1208 77 38 and
2748 1207 280 53 scrupulously

1716 1270 104 39 back
1840 1277 44 33 to
1904 1272 67 39 the
1991 1278 99 46 past,
2120 1278 41 33 to
2181 1272 165 38 observe
2378 1272 133 37 where
2542 1281 74 26 our
2636 1270 176 38 conduct
2832 1269 69 38 hay
2922 1271 103 38 heed

1714 1331 211 39 doketive.
1943 1337 74 35 Rut
2030 1345 76 26 our
2115 1332 193 38 intention
2322 1341 71 30 can
2411 1331 47 39 be
2473 1330 188 40 attended
2674 1330 91 39 with
2780 1329 168 53 onthing
2960 1331 77 38 but

1716 1393 70 38 the
1801 1395 286 38 mortification
2100 1394 46 38 of
2156 1394 353 51 disappointment,
2524 1390 130 46 unless
2673 1397 58 34 *c
2740 1390 168 40 exclude
2922 1390 111 45 from

1720 1453 78 39 this
1832 1455 273 39 examination
2125 1454 210 39 -whatever
2361 1452 188 39 self-love
2576 1453 34 38 it
2624 1457 44 33 to
2682 1457 163 46 prompt
2871 1456 44 34 to
2946 1457 78 47 plugs-

1748 1521 72 38 est;
1843 1514 37 38 in
1902 1515 115 39 order
2034 1520 40 33 to
2091 1514 163 52 palliate
2272 1526 74 26 our
2365 1513 152 39 former
2533 1520 145 32 emus.
2725 1513 120 39 What
2864 1513 30 38 is
2907 1513 107 51 appli-

1720 1577 176 38 cable-to
1910 1577 152 51 private
2082 1576 83 43 life;
2183 1577 31 37 is
2229 1574 223 52 supremely
2469 1578 92 37 true
2583 1572 37 40 in
2640 1583 119 41 every
2771 1573 136 51 thing
2907 1572 131 41 which

1722 1637 123 39 refers
1857 1643 44 33 to
1918 1638 138 51 public
2075 1646 202 30 toucerns.
2329 1638 106 37 Here
2445 1633 1 56 -
2456 1648 24 26 a
2493 1636 202 38 deviation
2715 1633 204 39 fromihis
2931 1633 87 40 said-

1722 1702 91 47 tary
1832 1698 85 39 ride
1944 1701 30 34 is
1994 1698 235 52 productive
2256 1696 46 39 of
2324 1695 198 40 confusion
2523 1695 22 40 -
2557 1695 76 39 and
2654 1694 246 53 uncertainty
2946 1694 2 57 .
2960 1694 81 41 and

1728 1761 291 37 Governments
2046 1760 146 50 betray:
2205 1757 87 38 that
2320 1755 204 52 alarming,
2543 1752 287 56 inconsistency;
2842 1754 84 40 ,and
2941 1754 84 40 flee-

1704 1821 194 44 quation,
1915 1825 41 34 to
1976 1820 125 38 which
2118 1832 60 26 we
2192 1831 90 41 may
2296 1818 124 51 safely
2430 1814 262 41 attribntellail
2706 1815 67 38 the
2786 1813 259 43 inisfiktuites

1729 1883 76 38 arid
1822 1881 196 51 disgraces
2037 1879 124 39 of.the
2174 1879 76 40 last
2268 1879 136 39 fifteen
2422 1883 131 47 Teari:
2609 1878 64 37 To
2689 1886 142 41 cscapc
2844 1884 32 31 -a
2891 1877 155 39 similes

1710 1937 1 58 •
1729 1943 285 52 imputation,
2014 1939 44 43 tif
2078 1942 138 40 decide
2232 1944 51 37 do
2302 1941 66 39 the
2387 1941 203 52 propriety
2609 1937 53 58 of
2685 1937 357 52 pubtiomeasures

1730 2004 146 51 during
1906 2003 69 39 the
2002 2016 138 27 course
2172 2002 48 39 of
2244 2002 87 38 that
2350 2015 97 38 year
2469 2013 59 26 we
2544 1998 104 39 have
2661 1994 4 61 •
2680 2000 91 44 noir
2798 1994 174 56 quitted,
2982 2001 64 38 •b

1730 2067 185 39 examice
1935 2065 110 41 where
2061 2065 78 39 and
2158 2063 87 39 how
2264 2075 25 25 a
2308 2062 154 51 change
2480 2060 130 53 ought
2631 2066 46 33 to
2709 2060 50 39 be
2791 2059 256 47 introdheedi

1733 2128 32 39 is
1783 2127 69 46 the
1870 2128 154 50 subject
2041 2126 48 39 of
2109 2126 84 39 this
2206 2124 262 53 disquisition.

1786 2187 70 37 We
1872 2187 141 38 do.not
2033 2185 184 40 recollect
2232 2197 38 27 a.
2283 2183 123 54 single
2425 2192 115 44 year;
2568 2180 78 41 and
2676 2172 145 48 Should
2848 2180 132 53 Ive-gib
3007 2180 44 39 !IS

1734 2246 61 40 far
1813 2249 163 39 back.as
2000 2248 66 40 the
2085 2246 216 52 beginning
2315 2244 47 39 of
2385 2244 289 39 tbiesikteenth
2706 2248 183 47 century;
2908 2242 144 40 •which

1730 2309 263 39 commenced
2024 2309 132 39 under-
2181 2315 112 32 more
2327 2303 269 41 unfavorable
2628 2304 185 51 auspices
2845 2303 99 41 than
2980 2303 72 40 the

1731 2368 90 39 last.
1852 2372 131 39 There
2002 2381 78 27 was
2096 2374 73 34 not
2197 2381 25 26 a
2250 2367 124 53 single
2393 2370 112 37 State
2523 2373 52 32 on
2588 2365 73 41 the
2696 2365 229 44 Continent;
2954 2363 99 39 with

1733 2440 78 30 one
1824 2444 48 27 or
1890 2437 80 33 two
1988 2426 311 57 comparatively
2324 2425 169 53 trilling
2493 2425 21 53 ,
2515 2425 234 53 exeeptions;
2774 2425 90 39 that
2893 2425 70 40 did
2980 2427 77 38 not

1735 2491 261 53 voluntarily;
2023 2504 50 26 or
2099 2491 50 51 by
2164 2486 269 53 compulsion;
2459 2485 198 40 associate
2687 2485 100 39 with
2817 2485 178 46 Priam.
3013 2485 44 40 is

1731 2552 120 38 order
1871 2558 44 33 to
1935 2551 115 40 effect
2067 2563 76 26 our
2171 2549 263 41 destruction.
2491 2546 72 39 We
2596 2557 104 30 were
2727 2537 90 52 left;
2845 2544 40 40 in
2914 2550 143 34 contr.

1731 2627 155 39 quence
1905 2614 48 40 of
1976 2613 77 40 this
2074 2609 215 43 unnatural
2309 2609 159 52 league;
2499 2613 43 34 to
2558 2595 175 52 contend
2751 2606 120 40 alone
2894 2606 164 53 againet

1734 2676 67 39 the
1832 2675 137 40 united
1988 2672 136 43 Awls
2144 2674 77 39 and
2248 2682 204 31 resources
2478 2668 51 39 of
2550 2668 91 40 that
2659 2670 157 44 Power,
2843 2666 217 41 combined

1734 2738 94 38 with
1867 2739 215 47 Germany,
2114 2734 119 51 Italy,
2263 2733 137 52 Spain,
2432 2728 189 47 Holland;
2650 2730 163 45 RUSliai
2842 2728 78 39 and
2948 2730 84 39 Den-

1735 2797 133 40 mark.
1925 2799 85 38 Tire
2046 2796 276 40 accumulated
2361 2791 137 41 means
2525 2791 50 40 of
2596 2791 81 40 this
2706 2790 194 53 powerful
2917 2790 118 41 Confe-

1735 2861 145 50 deracy
1903 2859 99 38 were
2022 2857 136 53 placed
2178 2859 44 37 at
2241 2856 66 39 the
2326 2855 217 39 discretion
2563 2850 50 40 of
2635 2864 25 26 a
2689 2863 109 35 man;
2828 2851 135 40 whose
2987 2851 50 41 ab-

1736 2921 196 39 horrence
1951 2920 47 39 of
2021 2928 76 30 our
2114 2919 142 39 nation
2272 2928 80 26 was
2363 2922 43 32 at
2426 2914 223 40 inveterate
2668 2920 44 32 as
2728 2911 64 40 his
2810 2920 154 33 success
2980 2921 84 32 was

1736 2980 180 53 singular
1946 2980 77 40 and
2059 2980 63 39 his
2154 2975 148 43 talents
2333 2974 343 52 comprehensive.
2744 2973 220 40 Whatever
2996 2982 45 32 re-

1740 3041 181 43 luctance
1938 3052 110 26 some
2068 3039 131 52 might
2225 3039 102 39 have
2346 3037 73 40 felt
2434 3043 43 34 to
2492 3039 115 35 enter
2624 3033 89 39 into
2739 3030 78 43 this
2831 3039 234 37 monstrous

1739 3104 252 50 conspiracy;
2008 3100 85 38 fear
2108 3100 61 38 for
2185 3099 102 38 their
2302 3109 92 34 don
2413 3094 448 43 immediateexistante
2871 3093 194 54 deprived

1740 3155 110 50 'them
1871 3163 48 40 of
1939 3163 70 38 the
2044 3161 78 40 *ill
2159 3162 48 38 of
2230 3159 176 52 refusing
2439 3157 106 40 their
2581 3161 143 35 assent.
2781 3156 110 51 They
2929 3156 136 46 knetv,

1742 3227 201 41 however;
1975 3223 87 39 that
2093 3222 40 40 in
2165 3221 182 52 assisting
2385 3227 57 40 to,
2458 3221 120 38 effect
2615 3230 77 27 our
2713 3216 104 45 ruin,
2846 3216 221 53 they,were

1741 3287 159 52 signing
1918 3285 104 40 their
2042 3295 89 27 own
2152 3282 247 46 destruction
2413 3294 13 32 ;
2456 3280 74 40 but
2545 3280 70 38 the
2634 3275 184 43 dreadful
2848 3276 222 41 calamities

1744 3348 86 39 they
1857 3346 76 39 had
1956 3359 22 25 a
1996 3345 100 44 little
2115 3344 142 41 before
2277 3341 216 45 suit:tined;
2524 3339 77 40 and
2617 3340 71 38 the
2706 3338 261 52 fulminating
2985 3338 63 43 inc-

1746 3420 115 28 naces
1880 3406 48 39 of
1952 3406 66 38 the
2046 3418 158 39 enemy,
2232 3404 89 39 who
2353 3402 236 41 threatried
2622 3398 81 41 still
2722 3404 158 47 greater
2894 3398 118 46 evils,
3039 3397 37 40 if

1746 3470 93 52 they
1861 3468 190 40 hesitated
2069 3472 41 32 to
2132 3470 184 48 promote
2334 3465 72 50 the
2424 3463 229 54 veneance
2668 3463 51 39 he
2738 3462 79 39 had
2836 3459 237 50 denounced

1748 3530 156 51 against
1924 3543 58 32 us,
2010 3527 169 41 silenced
2200 3526 104 41 their
2323 3524 107 41 fears
2469 3526 79 39 and
2582 3522 288 53 overpowered
2885 3522 107 47 their
3011 3534 41 38 re-

1748 3604 228 41 pugnance.

1801 3653 90 45 The
1911 3640 261 63 interdictory
2196 3639 157 60 decrees
2374 3647 159 54 against
2552 3659 77 30 our
2648 3651 241 41 commerce,
2908 3644 79 43 and
3006 3644 72 41 the

1753 3715 240 50 subsequent
2011 3710 206 41 exclu4ion
2250 3710 47 39 of
2322 3711 66 38 the
2419 3707 177 56 produce
2623 3707 51 41 of
2698 3720 77 28 our
2806 3699 175 48 colonies
3000 3705 79 41 and

1754 3770 236 57 workshops
2009 3772 104 40 frOin
2131 3774 70 38 the
2218 3772 256 51 Bosphorous
2499 3776 45 35 to
2563 3770 69 41 the
2652 3770 129 45 Neva,
2809 3752 159 57 formed
2981 3756 97 65 ugly

1756 3852 24 25 a
1799 3835 86 43 litik
1906 3835 46 39 of
1976 3835 69 39 the
2074 3827 90 46 vast
2198 3827 116 45 chain
2334 3831 50 39 of
2408 3831 246 46 restrictions
2691 3834 45 37 to
2757 3829 126 40 which
2903 3841 58 27 we
2980 3841 104 27 were

1757 3904 43 40 to
1820 3898 51 39 be
1890 3887 216 60 subjected.
2165 3894 87 41 The
2271 3895 155 51 project
2444 3893 50 39 of
2524 3892 67 39 the
2609 3900 143 44 enemy
2773 3895 105 35 went
2895 3904 43 25 so
2960 3887 64 40 far
3043 3900 44 27 as

1761 3965 41 33 to
1818 3971 162 31 cottne
1997 3960 44 38 its
2055 3954 172 54 literally
2250 3960 44 34 to
2311 3966 76 27 our
2402 3966 91 26 own
2509 3953 150 39 shores.
2717 3953 81 38 For
2816 3952 76 39 this
2909 3961 178 41 purpose
3112 3952 5 57 .

1766 4020 112 39 India
1912 4032 79 26 was
2009 4024 41 33 to
2082 4018 52 39 be
2165 4016 170 40 invaded
2372 4015 78 39 and
2479 4018 94 37 turn
2604 4011 110 44 from
2745 4025 46 26 us
2811 4026 12 31 ;
2852 4011 133 41 whilst
3018 4011 70 39 the

1765 4083 217 41 Asneritau
1998 4076 379 59 atnbarja'sbewed
2412 4076 91 45 that
2523 4089 24 26 a
2563 4071 104 45 WON
2687 4083 79 32 was
2791 4067 131 47 aimed
2939 4076 45 41 4
3011 4083 79 48 fur

2776 900 41 30 of

2999 914 17 14 ~,

2922 76 117 98 iss•

2469 67 214 104 TB
2739 124 34 48 k

2817 135 43 56 .6

2577 188 93 73 6
2687 247 6 6 •

2727 234 70 57 *-;‘
2826 287 9 7 •
2856 261 21 39 '.,
2914 262 34 47 *
2992 305 7 8 .

2756 273 13 39 ,
2769 273 13 39 t
2786 276 44 34 •,...?

2466 364 28 28 16
2551 299 19 96 (

2752 380 191 65 fry',?,•
2961 380 5 65 .
3000 437 6 8 '

2673 347 287 155 ~.....,.son2E
2961 446 65 61 gd.

204 2486 11 12 •

221 2530 8 1 _
288 2530 19 12 ,~

185 128 9 30 .~
