3307 4406
969 106 146 50 THE
1153 105 381 53 NATIONAL
1602 105 381 54 REGISTER.

104 53 8 13 I

90 100 32 46 6

94 241 43 34 at
155 236 83 38 halt
263 244 89 46 past
372 242 94 39 four
485 243 35 38 in
544 244 67 38 the
634 244 234 46 afternoon,
889 244 76 38 and
987 255 79 25 was
1088 241 247 39 maintained
1354 241 91 37 with

94 296 119 46 great.
231 294 209 40 obstinacy
467 296 76 39 and
562 296 171 40 bravery
762 309 50 25 on
834 296 98 39 both
954 296 99 38 sides
1072 293 61 41 till
1156 301 66 32 ten
1244 300 41 33 at
1305 292 142 52 night;

98 343 79 39 and
216 345 158 53 though
413 348 71 38 the
519 350 237 52 conflicting
793 350 148 39 armies
973 361 106 26 were
1122 347 141 39 within
1300 351 143 46 twenty

98 407 123 40 paces
252 399 48 39 of
330 402 99 37 each
469 402 133 44 other,
635 402 70 40 the
741 415 163 39 enemy,
935 404 14 37 I
983 402 180 39 mention
1195 400 93 39 with
1324 398 132 54 pride,

102 462 81 27 was
214 452 198 51 repulsed.
444 455 76 38 and
559 455 163 51 obliged
762 461 43 33 to
846 468 86 38 pass
971 454 69 39 the
1080 454 124 52 .night
1239 465 109 40 upon
1385 451 67 40 the

102 515 128 32 snow,
259 507 177 51 exposed
469 511 44 33 to
547 507 67 39 the
635 508 247 40 inclemency
907 506 48 40 of
969 507 71 39 the
1058 506 191 47 weather,
1281 506 170 39 without

104 555 172 54 making
300 572 24 25 a
335 559 130 52 single
484 559 122 40 etl'ort
617 566 45 34 to
681 562 202 38 extricate
906 559 256 40 themselves.

106 640 203 26 EXTRACT
339 644 115 25 FROM
487 644 54 25 AN
565 644 195 26 OFFICIAL
791 645 170 25 REPORT
992 646 50 25 OF
1070 643 201 26 GENERAL
1300 643 129 25 KLERC-

158 694 106 32 VEER,
311 696 269 27 COMMANDER
611 698 45 24 IN
687 699 120 22 CHIEF
843 699 48 22 OF
922 699 86 24 THE
1049 696 235 27 NORTHERN
1318 694 137 31 ARMY,

162 748 45 25 IN
250 748 198 33 FINLAND,
481 751 142 26 DATED
665 751 381 31 HEAD-QUARTERS,
1077 750 54 25 AT
1178 748 280 32 ULEADORGH,

164 800 98 26 NOV.
285 793 133 34 25:

227 862 176 51 Though
439 866 12 37 I
489 863 104 40 have
612 865 105 39 been
743 863 241 53 compelled,
1015 865 53 43 by
1095 863 71 40 the
1186 867 89 35 vast
1307 861 130 52 superi-

109 917 112 51 ority
261 917 48 38 of
333 922 70 33 the
431 921 178 47 enemy's
644 918 130 38 forces
794 924 45 32 to
872 922 198 34 evacuate
1089 918 70 38 the
1198 917 200 39 Province
1417 914 47 39 of

117 966 250 54 Uleaburgh,
398 970 130 38 which
568 970 311 52 independently
917 970 48 38 a
992 971 79 37 this
1100 969 313 44 consideration,
1444 970 13 37 I

115 1026 110 33 must
248 1023 103 37 !vote
365 1022 107 39 done
501 1023 104 38 from
630 1024 69 38 the
720 1023 103 39 total
843 1029 110 33 want
969 1023 46 37 of
1028 1023 226 51 provisioas
1272 1020 77 39 and
1372 1033 85 39 pro-
1476 1020 1 53 '

115 1074 180 45 vendei-;
325 1080 66 46 yet
407 1078 20 35 *1
446 1075 139 40 derive
611 1089 56 26 no
687 1076 111 39 small
821 1075 254 41 consolation
1098 1076 105 37 from
1224 1076 69 37 the
1328 1072 115 40 reflec-

115 1126 105 45 tion,
252 1127 91 39 that
381 1130 13 34 1
429 1127 106 40 have
570 1123 145 54 pitied
745 1129 112 44 time,
887 1129 174 52 pending
1098 1129 69 38 the
1204 1126 260 47 negociatios

116 1178 69 40 for
214 1192 51 28 au
293 1180 231 46 Armistice,
554 1182 76 38 and
667 1182 239 52 sacceeding
946 1183 37 35 in
1020 1181 215 51 obtaining
1267 1186 69 33 ten
1357 1179 106 39 clear

117 1231 102 51 days
231 1238 44 34 to
293 1238 201 34 evacuate
513 1234 66 38 the
594 1234 149 47 capital
761 1235 47 38 of
823 1235 79 38 this
920 1235 202 51 province.
1181 1235 87 38 The
1290 1231 169 40 interval

120 1287 20 38 I
159 1284 110 41 have
287 1285 217 53 employed
527 1286 38 39 in
583 1286 159 52 cutting
762 1289 76 38 and
868 1286 149 45 sawing
1038 1287 67 39 the
1128 1287 76 44 ice,
1235 1286 76 39 and
1332 1284 132 52 fitting

122 1342 77 35 out
215 1338 116 40 small
351 1339 109 43 craft
476 1339 63 40 for
557 1341 66 39 the
657 1354 262 38 conveyance
938 1339 48 39 of
1000 1346 141 37 stores,
1170 1339 74 40 &c.
1267 1338 79 39 and
1365 1338 102 38 have

122 1402 58 28 no
210 1391 146 45 doubt,
387 1391 110 40 from
528 1393 67 39 the
630 1398 306 41 arrangements
964 1393 89 38 that
1072 1393 105 39 have
1217 1391 100 40 been
1337 1390 130 48 made,

124 1446 78 38 but
221 1444 71 39 the
307 1444 130 39 whole
454 1444 51 39 of
514 1446 66 38 the
593 1444 177 52 artillery
791 1446 77 39 and
889 1444 269 40 ammunition
1175 1444 78 38 will
1265 1446 50 38 he
1333 1443 131 39 saved.

125 1496 91 39 The
252 1496 129 39 check
418 1496 130 39 which
572 1499 72 38 the
680 1500 190 37 Russians
899 1498 263 52 experienced
1196 1504 44 32 at
1259 1499 145 44 Wirat,
1434 1496 31 38 is

126 1548 151 52 wholly
300 1548 270 40 attributable
583 1557 40 33 to
643 1550 69 40 the
724 1550 90 39 skill
830 1552 78 38 and
928 1552 170 51 bravery
1116 1551 48 39 of
1174 1550 85 40 Col.
1279 1553 168 35 Reuters-

128 1602 103 40 kold
248 1603 76 50 and
347 1603 176 39 General
543 1603 285 45 Alderkreutz,
857 1606 71 35 the
948 1604 119 39 latter
1087 1604 51 38 of
1167 1604 137 39 whom
1323 1615 149 35 encou-,

128 1654 126 52 raged
278 1646 58 47 his
356 1659 142 46 troops
511 1657 52 50 by
599 1656 60 39 his
681 1669 185 37 presence
896 1657 77 38 and
1007 1656 189 53 example
1215 1672 12 28 ;
1258 1655 66 39 and
1324 1655 22 39 .
1368 1664 106 43 your

130 1709 176 50 Majesty
343 1707 78 39 will
456 1709 50 38 be
527 1708 156 51 pleased
715 1715 41 32 to
789 1709 117 39 allow
943 1722 63 25 me
1041 1715 44 31 to
1120 1714 115 43 state,
1270 1709 92 39 that
1394 1708 81 39 this

129 1759 206 48 General,.
366 1761 369 52 notwithstanding
785 1763 66 37 the
885 1776 96 38 very
1015 1762 154 39 critical
1214 1761 193 40 situation
1436 1760 38 39 in

128 1812 137 40 which
287 1827 106 38 your
415 1817 207 50 Majesty's
639 1828 113 35 army
774 1828 81 24 was
887 1815 158 52 placed,
1075 1813 207 53 displayed
1302 1813 61 40 his
1380 1827 73 26 con-

129 1871 207 35 summate
360 1866 178 40 abilities
573 1881 41 24 as
632 1881 24 25 a
677 1869 239 50 neg,ociator
935 1869 48 38 of
993 1869 70 39 the
1098 1867 227 46 Armistice,
1356 1867 37 38 in
1416 1880 41 26 re-

123 1920 180 50 jecting,
331 1920 129 39 under
483 1933 120 39 every
640 1920 308 51 disadvantage,
980 1920 66 39 the
1069 1924 137 46 unjust
1235 1920 76 39 and
1342 1919 113 40 disho

129 1971 204 40 nourable
352 1972 254 53 proposition
634 1972 51 38 of
692 1972 69 39 the
774 1985 162 40 enemy,
965 1974 78 39 and
1064 1974 48 52 by
1136 1972 246 53 extricating
1401 1985 77 28 our

130 2030 146 51 troops
291 2026 107 39 from
418 2026 236 52 impending

643 2184 328 41 GIBRALTAR

369 2339 201 27 EXTRACT
594 2341 56 25 Or
678 2341 26 26 A
737 2341 182 33 LETTER,
943 2342 143 26 DATED
1107 2342 99 26 DEC.
1225 2335 38 33 2.

231 2402 170 35 Admiral
420 2405 137 33 Purvis
574 2405 30 33 is
617 2411 41 27 at
681 2411 142 38 present
837 2404 103 38 here,
958 2405 89 33 with
1064 2406 60 32 the
1140 2406 25 32 A
1178 2406 69 32 tlac
1260 2405 70 33 and
1352 2405 96 33 Kent
1465 2417 11 27 ;

133 2451 69 38 but
222 2451 22 34 I
261 2452 133 34 should
413 2461 177 34 suppwe,
624 2452 33 33 if
673 2452 103 34 there
797 2453 27 32 is
850 2454 65 31 the
933 2453 91 33 least
1039 2453 241 43 probability
1300 2453 44 33 of
1357 2464 44 22 an
1423 2458 38 28 at-

133 2500 110 40 tack,
260 2509 70 25 our
348 2502 249 32 Government
620 2499 80 34 will
718 2500 81 33 send
821 2506 61 27 out
904 2500 102 41 large
1022 2502 314 34 reinforcements.
1396 2502 35 33 It
1449 2502 28 32 is

133 2550 40 30 to
193 2548 51 33 be
257 2546 185 43 regretted
471 2548 203 43 something
694 2546 28 33 is
742 2552 57 27 not
820 2548 94 33 done
943 2548 91 32 with
1056 2550 63 31 the
1150 2549 159 44 Spanish
1342 2548 103 34 Lines

133 2595 66 33 the
222 2595 112 37 Forts
350 2597 58 33 St.
437 2596 146 43 Phillip
600 2596 70 33 and
697 2595 56 33 St.
775 2595 170 33 Barbara
969 2596 115 39 might
1114 2597 44 31 he
1178 2606 83 22 now
1280 2597 118 41 easily
1419 2596 41 33 de-

30 2670 13 9 .
133 2646 174 38 stroved,
333 2654 45 24 or
393 2642 175 35 rendered
580 2643 135 33 useless
732 2650 37 26 to
784 2653 45 24 an
842 2653 129 24 enemy
987 2643 89 34 fora
1087 2644 254 33 consilterable
1354 2643 122 44 length

133 2689 46 33 of
200 2691 92 33 time
306 2702 11 24 t
330 2691 163 39 .indeed;
524 2691 28 32 it
578 2691 30 32 is
624 2691 159 37 thought
804 2692 100 39 here,
933 2681 48 51 by
1002 2700 98 25 some
1127 2691 45 32 of
1193 2702 67 20 our
1286 2691 136 45 people
1442 2692 35 34 in

133 2748 152 34 power.
314 2739 80 35 that
420 2738 65 33 the
506 2738 124 34 works
648 2739 116 41 might
785 2739 43 31 be
860 2748 37 22 so
924 2739 144 34 altered
1094 2748 38 24 as
1163 2743 40 28 to
1231 2745 64 28 act
1333 2740 142 41 against

136 2787 119 44 Spain
283 2789 35 34 if
343 2785 213 46 conquered
573 2787 47 43 by
643 2784 161 44 France,
822 2785 71 34 and
912 2787 154 33 become
1081 2797 46 24 an
1146 2787 180 33 outwork
1344 2786 45 34 of
1404 2789 73 33 this

133 2833 171 35 fortress.

181 2894 32 21 44
244 2895 84 37 The
348 2894 172 47 garrison
549 2893 195 35 coatlaues
774 2893 228 45 abundantly
1031 2893 172 46 supplied
1239 2894 90 34 with
1359 2893 117 46 every

256 2944 71 33 this
348 2953 80 31 pLrt
450 2942 40 33 of
500 2942 113 41 S'puin
630 2941 209 45 proditcrs;
854 2941 37 32 in
909 2948 124 28 return
1054 2942 89 43 they
1157 2943 91 32 take
1264 2943 97 34 front
1376 2955 38 22 Its
1424 2943 58 34 till,

136 2993 65 33 the
224 2991 144 34 British
389 2988 275 35 manufarturrs
692 2988 91 46 they
802 2989 169 44 require.
1025 2991 117 39 Sales,
1163 2988 77 35 hots
1253 3001 103 31 ever,
1378 2989 15 37 I
1414 3002 63 24 tins

135 3040 171 32 derstlnd
337 3050 52 22 Ire
420 3048 58 22 nw
559 3035 262 35 considerable
837 3045 40 25 as
900 3030 122 40 would
1043 3035 93 34 have
1150 3030 96 43 been
1266 3043 183 40 expected

136 3089 170 32 conliden
306 3089 21 32 ,
327 3089 21 32 e
370 3086 89 33 will.
503 3086 257 39 government,
798 3094 43 22 or
873 3083 37 35 in
937 3083 64 35 the
1030 3085 172 46 political
1232 3092 94 30 state
1359 3089 44 34 of
1422 3089 60 38 tbt

137 3141 157 39 country
317 3136 30 33 is
364 3135 64 33 the
1037 3177 9 2 _

2604 109 163 52 JAN.
2802 111 64 54 1..

1996 234 374 50 PROVINCIAL.

1564 309 58 38 An
1636 311 259 46 unparalleled
1915 312 162 37 instance
2108 312 45 35 of
2173 313 161 43 cruelty,
2360 312 257 46 superstition,
2648 315 72 33 and
2737 317 118 34 awful

1517 360 204 41 visitation,
1749 360 175 34 occurred
1942 371 22 24 a
1981 361 104 34 short
2101 360 129 46 period
2243 361 98 33 since
2356 361 35 33 in
2408 361 63 33 the
2490 361 176 34 Hundred
2680 363 45 34 of
2743 364 85 35 Hoo
2842 376 12 27 ;

1517 420 19 20 a
1552 407 136 33 farmer
1706 407 46 34 of
1765 407 64 34 the
1847 418 104 22 name
1969 407 44 34 of
2044 407 142 35 Fenner
2212 409 70 33 lost
2314 418 22 24 a
2354 409 257 35 considerable
2624 412 176 44 quantity
2819 411 45 35 of

1519 457 151 43 poultry
1693 456 47 44 by
1753 467 22 24 a
1787 456 204 45 distemper
2007 457 93 33 with
2122 455 122 35 which
2263 455 90 46 they
2382 467 99 24 were
2497 458 151 40 seized;
2675 459 71 33 and
2769 461 86 32 hav-
2896 455 1 46 .

1519 506 76 40 ing,
1622 515 98 22 some
1739 506 91 33 time
1846 506 106 44 prior
1969 511 38 27 to
2026 506 99 33 their
2143 504 209 45 mortality,
2378 506 169 33 received
2558 516 22 22 a
2598 511 150 40 present
2767 507 44 34 of
2831 517 26 25 a

1519 552 97 34 duck
1633 552 94 34 from
1746 562 24 22 a
1788 552 136 41 friend,
1951 553 27 32 it
2011 561 79 26 was
2117 552 202 45 supposed,
2343 552 99 34 from
2473 552 64 33 her
2554 553 132 46 laying
2702 555 135 34 dun-co-

1520 600 129 34 loured
1678 609 98 33 eggs,
1805 599 83 35 that
1903 600 64 33 she
1987 601 69 33 had
2078 601 90 33 been
2187 600 209 35 bewitched
2417 600 50 43 by
2480 609 44 24 an
2542 600 145 46 elderly
2709 612 144 25 woman

1521 648 34 33 in
1576 648 61 33 the
1654 647 320 45 neighbourhood,
2001 648 70 33 and
2091 648 80 33 that
2187 647 85 34 such
2295 658 76 24 was
2389 647 60 33 the
2464 658 106 24 cause
2597 648 46 33 of
2668 648 65 34 the
2752 650 107 37 losses

1520 696 195 34 sustained.
1770 696 44 33 In
1828 696 110 33 order
1954 703 39 26 to
2011 702 155 39 prevent
2183 707 20 21 a
2223 706 217 25 recurrence
2457 694 45 34 of
2512 696 144 34 similar
2673 696 189 43 disasters,

1521 743 69 34 and
1605 754 37 24 to
1659 743 116 34 break
1796 744 65 33 the
1883 743 272 44 enchantment,
2180 744 27 33 it
2239 754 77 25 was
2330 743 244 43 determined,
2604 745 48 40 by
2683 755 47 24 an
2759 744 81 45 igno-

1524 797 80 28 rant
1620 791 70 34 and
1720 793 262 43 superstitious
2000 791 133 34 female
2156 797 159 37 servant,
2343 797 38 28 to
2409 793 92 33 burn
2525 793 61 33 the
2609 791 168 34 ill-fated
2794 793 66 33 but

1526 840 165 33 innocent
1715 840 128 33 victim
1860 839 123 41 alive;
2015 840 120 34 which
2153 839 124 35 horrid
2296 840 204 34 resolution
2515 840 65 33 she
2608 850 70 24 one
2696 840 168 44 morning

1524 887 145 34 carried
1689 887 76 35 into
1785 888 187 44 practice,
1997 889 51 43 by
2078 887 145 46 putting
2256 887 63 34 the
2337 896 96 37 poor
2458 887 139 35 animal
2615 888 37 33 in
2680 899 48 24 an
2754 896 109 33 oven,

1525 935 67 33 and
1613 935 156 44 burning
1781 948 22 21 a
1821 935 129 44 faggot
1969 935 43 33 of
2036 935 107 33 wood
2160 946 89 24 over
2265 935 87 41 her;
2382 935 143 40 which,
2550 935 146 45 though
2713 935 31 33 it
2761 946 76 22 com-

1530 984 138 44 pletely
1687 984 194 33 consumed
1899 985 48 33 alt
1971 983 64 37 her
2062 983 177 40 feathers,
2264 984 63 34 did
2348 989 64 30 not
2435 984 217 44 extinguish
2683 984 63 33 the
2766 984 93 33 vital

1525 1033 113 48 'park
1658 1044 9 22 :
1696 1043 45 22 on
1760 1032 63 33 the
1841 1030 196 47 following
2054 1033 165 44 morning
2235 1032 64 34 she
2316 1032 178 45 repeated
2512 1032 64 33 her
2591 1032 163 43 cruelty,
2780 1037 63 28 not-

1530 1080 262 44 withstanding
1813 1080 123 34 which
1954 1080 59 32 the
2039 1091 94 33 poor
2157 1081 94 34 dusk
2272 1081 76 33 still
2368 1080 165 33 retained
2551 1080 208 33 animation
2779 1089 8 22 :
2815 1089 47 24 on

1530 1127 60 34 the
1610 1128 96 34 third
1719 1128 89 44 day,
1827 1126 109 45 being
1951 1127 223 35 determined
2192 1136 35 26 to
2246 1128 103 35 effect
2372 1129 64 31 her
2447 1127 207 35 barbarous
2669 1126 195 43 intention,

1527 1175 64 34 she
1615 1176 71 33 had
1709 1185 170 26 recourse
1909 1180 38 30 to
1977 1178 61 32 the
2061 1175 198 47 following
2280 1175 184 44 shocking
2481 1174 317 46 expedientshe
2813 1182 54 27 set

1531 1224 64 32 tire
1610 1230 38 27 to
1663 1234 22 22 a
1707 1222 104 43 large
1840 1225 126 44 faggot
1993 1225 32 32 in
2043 1224 64 34 the
2132 1234 109 28 even,
2267 1224 69 34 and
2359 1222 107 33 when
2484 1222 28 33 it
2542 1221 70 34 bad
2630 1222 230 45 completely

1530 1271 132 43 caught
1680 1271 59 33 the
1757 1272 124 43 flame,
1904 1271 64 34 she
1988 1279 65 37 put
2073 1272 60 34 the
2151 1273 152 41 already
2323 1270 165 37 tortured
2511 1271 100 43 body
2631 1269 45 35 of
2689 1270 66 34 the
2773 1280 93 34 poor

1530 1318 96 35 duck
1644 1331 45 22 on
1706 1320 44 39 it,
1775 1320 67 33 and
1864 1320 162 33 confined
2044 1322 28 32 it
2091 1319 133 41 down;
2252 1320 71 33 this
2346 1330 87 22 soon
2453 1318 222 35 terminated
2695 1319 46 33 its
2753 1318 94 33 exist-

1528 1377 102 25 ence.
1684 1367 44 34 In
1753 1378 25 25 a
1800 1369 104 33 short
1935 1368 148 44 period,
2113 1368 92 35 from
2226 1370 65 35 her
2309 1367 174 35 inhuman
2503 1367 171 40 conduct,
2701 1367 76 34 this
2800 1376 43 22 un-

1533 1414 184 37 fortunate
1731 1416 98 46 dupe
1848 1417 43 32 of
1907 1417 241 43 superstition
2176 1419 71 33 and
2280 1417 198 40 ignorance
2515 1426 74 24 was
2614 1414 126 34 seized
2773 1414 92 33 with

1533 1463 80 40 fits;
1645 1465 119 33 which
1779 1474 162 35 appears
1967 1465 80 35 like
2066 1476 44 24 an
2128 1465 116 34 awful
2264 1463 250 45 dispensation
2543 1462 44 34 of
2620 1461 247 41 Providence,

1532 1517 38 27 tit
1591 1513 152 44 deprive
1765 1512 65 34 her
1844 1513 45 34 of
1911 1513 80 34 that
2021 1514 67 33 life
2109 1513 122 34 which
2250 1513 61 34 she
2331 1521 77 24 was
2432 1509 200 46 unworthy
2665 1509 54 40 of,
2744 1520 40 22 as
2802 1509 65 33 she

1535 1560 150 34 urvived
1706 1561 64 33 but
1796 1572 22 22 a
1838 1560 72 34 few
1926 1561 90 44 days
2033 1561 115 40 after,
2171 1561 178 45 expiring
2380 1559 34 33 in
2433 1558 65 35 the
2511 1561 159 41 greatest
2689 1558 158 44 agonies.

1584 1609 144 39 Ilut.t.,
1757 1609 107 35 DEC.
1881 1607 148 38 24.--A
2044 1610 119 44 heavy
2181 1609 65 34 fall
2261 1607 44 35 of
2313 1617 103 24 snow
2432 1606 231 34 comMenced
2676 1616 48 25 on
2745 1607 106 32 Satur-

1535 1655 72 45 day
1628 1656 84 41 last,
1731 1657 69 33 and
1822 1658 66 33 has
1915 1657 211 41 continued,
2144 1656 92 37 with
2252 1657 99 34 little
2369 1654 262 41 intermission,
2659 1657 116 40 every
2792 1663 61 22 suc-

1537 1704 149 45 ceeding
1698 1704 89 44 day,
1801 1706 266 45 accompanied
2086 1706 50 44 by
2154 1715 21 24 a
2198 1710 125 39 strong
2337 1703 85 43 gale
2439 1702 47 34 of
2506 1702 96 33 wind
2620 1711 25 24 a
2660 1707 109 39 great
2789 1706 84 40 part

1538 1752 44 33 of
1602 1752 63 35 the
1698 1752 104 41 time,
1835 1752 93 35 from
1955 1754 63 34 the
2042 1753 107 35 north
2169 1753 71 34 and
2257 1752 233 34 north-west.
2541 1752 80 32 The
2639 1749 175 45 quantity
2828 1747 43 33 of

1535 1809 104 25 snow
1655 1800 80 34 that
1754 1800 63 35 has
1850 1801 115 34 fallen
1997 1800 35 35 in
2057 1801 74 34 this
2163 1798 306 48 neighbourhood
2490 1796 28 33 is
2533 1807 39 24 so
2590 1804 122 39 great,
2737 1796 79 33 that
2835 1795 38 33 in

1539 1858 109 35 many
1664 1848 123 46 places
1805 1848 64 33 the
1887 1848 86 34 road
1993 1848 63 35 has
2067 1848 90 33 been
2176 1847 174 35 rendered
2368 1846 220 45 impassable
2600 1846 58 33 for
2673 1845 198 41 carriages.

1540 1894 80 34 The
1646 1896 104 43 mail,
1765 1896 71 34 and
1856 1897 106 35 other
1977 1897 152 34 coaches
2143 1894 96 35 from
2255 1894 130 40 York,
2413 1894 94 33 have
2537 1899 61 28 not
2611 1892 165 34 reached
2797 1892 71 33 this

1543 1944 106 43 place
1677 1945 98 34 since
1808 1943 184 46 Saturday
2022 1945 86 34 last.
2158 1945 83 34 The
2259 1942 209 37 Doncaster
2494 1942 128 38 coach,
2652 1941 46 43 by
2734 1951 77 31 way
2833 1941 41 31 of

1544 1993 187 43 Howden,
1752 1993 123 33 which
1891 1991 133 35 should
2057 1993 96 35 have
2176 2001 104 26 come
2306 1991 39 33 in
2359 2001 46 24 on
2422 1989 150 45 Sunday
2588 1988 123 45 night,
2724 1987 149 34 arrived

1543 2039 87 34 here
1643 2041 211 43 yesterday.
1907 2041 58 34 On
1985 2040 164 45 Sunday,
2180 2040 69 34 and
2269 2039 63 33 the
2352 2037 198 44 following
2567 2037 106 44 days,
2692 2036 65 33 the
2771 2037 100 40 bags,

1545 2088 89 32 with
1667 2087 63 34 the
1757 2091 105 39 mails
1897 2089 93 33 from
2022 2088 133 44 York,
2186 2096 99 26 were
2310 2086 164 45 brought
2493 2085 34 33 in
2546 2086 167 32 between
2730 2089 59 27 ten
2805 2086 67 31 and

1541 2135 125 33 elevca
1685 2135 148 34 o'clock
1852 2135 102 34 each
1977 2137 90 45 day,
2102 2146 46 24 on
2178 2134 226 41 horseback,
2424 2133 100 35 from
2549 2132 136 41 York,
2702 2132 64 33 the
2785 2131 84 33 mail

1541 2183 115 45 guard
1676 2183 133 38 having
1835 2191 38 26 to
1893 2184 76 34 ride
1994 2184 129 46 eighty
2150 2184 104 34 miles
2282 2181 94 35 each
2392 2181 92 45 day,
2498 2180 159 45 through
2678 2178 65 35 the
2757 2181 117 38 snow,

1543 2231 92 33 with
1656 2231 60 34 the
1736 2232 126 39 mails;
1893 2242 66 24 one
1977 2232 44 34 of
2042 2232 98 34 them
2177 2243 74 24 was
2280 2241 39 24 so
2343 2229 168 44 severely
2541 2228 163 45 fatigued
2724 2228 78 32 that
2833 2228 13 30 h
2846 2228 27 30 ,,

1543 2280 65 33 lies
1628 2285 38 26 at
1687 2280 143 43 Bishop
1856 2280 155 41 Burton,
2039 2291 90 33 very
2147 2278 243 46 dangerously
2409 2277 57 34 ill.
2520 2275 43 35 In
2575 2276 64 34 the
2652 2272 202 45 neighbour-

1543 2327 93 33 hood
1659 2327 41 33 of
1727 2329 151 32 Market
1916 2328 197 43 Weighton
2130 2327 65 34 the
2211 2337 98 25 snow
2344 2333 78 27 was
2439 2324 137 34 drifted
2594 2334 39 24 so
2652 2322 109 35 much
2781 2331 35 24 as
2837 2329 37 24 to

1543 2376 44 32 he
1603 2375 94 34 level
1724 2375 89 34 with
1835 2376 60 32 the
1916 2375 130 44 hedges
2066 2386 44 24 an
2125 2375 94 34 each
2243 2375 93 34 side.

1587 2421 131 35 NEWC
1728 2432 21 24 A
1760 2433 40 24 sr
1809 2432 39 30 E,
1861 2422 107 35 DEC.
1981 2415 112 50 24.0
2117 2415 24 50 n
2164 2415 188 50 Saturday
2366 2419 70 34 and
2456 2415 146 46 Sunday
2613 2417 90 39 last,
2714 2426 21 22 a
2747 2424 124 25 severe

1539 2476 111 28 storm
1671 2469 44 34 of
1736 2481 117 27 snow,
1870 2471 171 34 attended
2061 2472 50 43 by
2140 2481 24 22 a
2197 2470 138 35 violent
2354 2467 84 45 gale
2456 2466 46 34 of
2526 2464 111 40 wind,
2655 2474 104 22 came
2774 2474 44 21 on
2841 2464 33 31 in

1539 2518 74 34 this
1630 2517 321 45 neighbourhoOd.
2006 2518 37 35 It
2063 2517 79 43 has,
2159 2529 56 25 we
2228 2515 231 41 understand,
2477 2515 90 32 been
2581 2522 92 33 very
2687 2511 189 43 generally

1540 2565 67 34 felt
1624 2567 110 44 along
1753 2567 63 33 the
1833 2567 172 34 northern
2033 2567 72 33 and
2135 2572 143 27 eastern
2296 2568 133 31 coasts.
2485 2559 81 34 The
2589 2559 107 33 roads
2717 2558 34 33 in
2770 2569 107 32 many

1540 2614 126 45 places
1681 2624 89 22 near
1780 2613 78 35 this
1874 2619 102 30 town
1997 2624 97 24 were
2120 2611 148 46 obliged
2295 2617 37 27 to
2350 2611 46 33 be
2413 2614 77 35 cut,
2509 2606 249 47 particularly
2772 2606 104 33 tho'e

1543 2661 80 34 that
1641 2670 64 24 ran
1720 2661 34 34 in
1770 2670 47 26 an
1835 2661 161 43 easterly
2014 2661 197 35 direction.
2264 2659 43 34 In
2326 2657 64 34 the
2418 2657 90 33 Last
2529 2655 137 43 Riding
2683 2653 46 34 of
2744 2653 107 34 York-

1540 2709 102 33 shire
1665 2708 60 34 the
1739 2705 67 39 fall
1834 2708 46 34 of
1900 2719 100 26 snow
2021 2709 63 33 has
2102 2709 91 33 been
2210 2717 40 26 so
2278 2707 120 45 heavy
2425 2714 40 24 as
2483 2698 158 50 entirely
2660 2707 38 28 to
2717 2701 155 44 suspend

1541 2757 85 34 land
1654 2757 248 46 conveyance.
1954 2756 80 35 The
2063 2756 210 46 Telegraph
2303 2754 97 34 from
2426 2752 76 35 this
2526 2757 99 28 town
2644 2756 39 27 to
2704 2748 94 34 Hull
2816 2748 66 33 did

1543 2810 63 30 not
1632 2803 59 34 for
1708 2805 141 41 several
1865 2805 92 45 days
1976 2805 109 34 reach
2105 2805 46 33 its
2165 2803 235 35 destination.

1515 2844 1 54 '
1594 2851 228 47 Wednesday
1843 2852 198 46 sennight,
2069 2852 132 45 during
2229 2851 63 33 the
2321 2848 255 47 performance
2594 2845 45 34 of
2660 2845 109 43 High
2792 2844 86 44 Life

1548 2902 119 34 firlaw
1701 2901 137 43 Stairs,
1887 2911 69 24 one
1987 2900 45 34 of
2072 2900 64 34 the
2166 2898 302 44 dressing-rooms
2509 2894 44 35 of
2587 2893 293 35 North-Shields

1544 2944 163 41 Thew,:
1724 2949 91 34 took
1834 2948 81 43 fire,
1933 2947 69 35 and
2019 2948 142 35 several
2178 2948 135 34 dresses
2331 2955 98 24 were
2446 2942 191 35 consumed
2663 2940 132 33 before
2815 2940 59 34 the

1544 2996 128 37 flames
1691 2996 96 34 were
1804 2996 274 45 extinguished.
2130 2995 123 34 There
2267 2994 106 44 being
2386 3002 47 24 an
2443 2991 214 35 abundance
2673 2988 44 34 of
2728 2999 102 24 snow
2844 2988 37 35 in

1546 3044 61 37 the
1617 3050 144 38 streets,
1776 3044 61 35 the
1857 3044 67 35 fire
1944 3056 74 22 was
2035 3054 87 24 soon
2147 3048 65 40 got
2231 3043 110 35 under
2368 3041 51 45 by
2452 3038 172 46 carrying
2639 3035 241 35 buckets-full

1545 3085 78 44 into
1643 3094 61 37 the
1719 3089 180 39 Theatre.

1594 3142 60 35 An
1670 3141 184 46 alarming
1870 3141 67 34 fire
1951 3141 120 35 broke
2096 3143 79 39 out,
2193 3139 115 34 about
2331 3137 59 34 six
2408 3133 149 38 o'clock
2574 3145 45 22 on
2639 3132 235 44 Wednesday

1547 3191 154 44 evening
1727 3188 86 43 last,
1843 3189 37 34 in
1912 3188 61 34 the
2001 3187 311 45 dwelling-house
2330 3185 45 33 of
2396 3185 92 33 Mrs.
2512 3182 139 41 Swale,
2678 3187 146 34 tanner,
2843 3181 43 34 of

1550 3239 182 44 Ipswich,
1763 3235 217 37 occasioned
2022 3236 48 45 by
2104 3235 174 46 culpable
2310 3233 222 35 inattention
2562 3236 38 28 to
2634 3229 65 35 the
2733 3228 150 35 kitchen

1547 3286 188 44 chimney,
1755 3283 124 35 which
1898 3283 72 34 had
1987 3285 92 34 been
2091 3283 176 35 observed
2281 3294 44 22 on
2340 3282 65 33 tire
2419 3280 135 44 during
2564 3279 60 33 the
2636 3282 149 39 greater
2802 3283 84 39 part

1548 3333 44 35 of
1612 3335 61 33 the
1691 3335 91 43 day,
1799 3333 69 34 but
1894 3343 46 24 no
1959 3332 98 46 steps
2088 3341 99 25 were
2205 3332 111 33 taken
2333 3335 228 40 to'suppress
2580 3326 59 34 the
2653 3335 126 30 same;
2805 3326 70 34 and

1550 3383 35 33 in
1602 3391 247 37 consequence
1869 3381 27 33 it
1915 3380 289 34 communicated
2220 3385 40 28 to
2285 3378 63 34 the
2374 3376 100 44 roof,
2504 3376 69 33 and
2593 3373 213 44 ultimately
2820 3373 43 34 de-

1547 3430 149 46 stroyed
1721 3431 61 32 the
1811 3428 123 35 whole
1952 3429 126 41 house,
2096 3426 328 45 notwithstanding
2443 3424 63 35 the
2528 3428 91 30 most
2634 3422 126 34 active
2777 3432 89 22 exer-

1550 3478 97 35 tions
1674 3477 45 34 of
1756 3478 61 33 the
1852 3476 167 45 military
2043 3476 70 35 and
2146 3474 268 46 neighbouring
2446 3470 242 41 inhabitants,
2722 3469 162 45 through

1554 3527 120 35 whose
1704 3536 120 24 means
1873 3524 63 34 the
1980 3524 249 34 bark-houses
2267 3523 71 34 and
2368 3520 172 50 adjacent
2575 3519 185 44 buildings
2790 3527 97 25 were

1552 3575 193 45 preserved
1763 3573 93 34 from
1876 3572 65 35 the
1958 3582 154 35 ravages
2122 3572 46 34 of
2187 3572 63 34 the
2277 3570 139 40 flames,
2437 3567 122 37 which
2577 3565 191 47 appeared
2787 3576 99 24 more

1548 3622 168 35 dreadful
1734 3621 86 35 than
1839 3632 53 24 ans
1892 3632 18 24 -
1931 3620 265 46 conflagration
2220 3630 86 25 ever
2324 3618 200 37 recollec:e
2538 3617 6 30 !
2564 3617 33 31 in
2617 3615 84 33 that
2722 3619 117 28 town.

1598 3671 182 44 Saturday
1801 3671 61 33 the
1890 3660 89 46 lith
2008 3670 67 37 ult.
2109 3680 24 24 a
2148 3673 104 41 great
2275 3678 107 34 many
2401 3669 113 41 sheep
2535 3664 34 33 in
2597 3661 128 46 Burgh
2758 3663 34 32 in
2820 3661 63 34 the

1553 3719 144 41 Marsh,
1724 3711 269 48 Lincolnshire,
2011 3718 70 35 and
2099 3717 109 35 other
2228 3716 139 47 places,
2389 3723 98 27 were
2512 3715 47 43 by
2580 3711 61 33 the
2661 3710 227 45 inclemency

1550 3767 45 34 of
1607 3768 63 35 the
1685 3767 168 39 weather
1869 3765 132 35 driien
2019 3767 78 34 into
2117 3767 124 33 drains
2267 3765 71 33 and
2361 3762 194 37 drowned.
2607 3758 81 34 The
2707 3759 180 45 post-boy

1552 3815 84 35 who
1654 3816 89 33 rode
1760 3815 61 34 the
1840 3813 90 35 mail
1943 3814 96 35 from
2056 3813 305 37 Market-Raisin
2379 3819 40 30 to
2439 3811 154 39 Castor,
2607 3817 76 24 was
2709 3807 64 34 the
2791 3816 99 25 same

1546 3865 77 37 day
1641 3863 146 35 starved
1809 3868 38 28 to
1863 3861 111 35 death
1990 3865 50 34 on
2057 3862 65 35 the
2140 3860 106 38 road.

1597 3904 200 52 Thursday
1812 3909 196 46 se'nnight,
2039 3913 34 32 in
2104 3909 63 35 the
2183 3907 171 48 evening,
2380 3920 41 35 as
2443 3908 74 34 Mr.
2541 3906 43 35 C.
2608 3904 214 45 Chapman,
2848 3902 45 33 of

1552 3957 261 45 Newmarket,
1839 3969 74 24 was
1932 3959 187 46 returning
2147 3959 96 35 frOm
2272 3969 24 24 a
2323 3958 151 35 friend's
2507 3957 128 37 house,
2669 3963 92 26 near
2791 3952 77 43 Dog-

1553 4000 247 47 kennel-lane,
1831 4006 44 34 he
1894 4006 113 35 heard
2036 4018 25 24 a
2089 4007 21 46 c
2111 4007 45 46 6,
2186 4006 48 35 of
2441 4002 229 50 apparently
2700 4000 100 35 from
2828 4002 64 32 the

1553 4057 125 35 Heath
1693 4069 9 24 :
1726 4055 45 34 he
1789 4055 252 45 immediately
2056 4059 99 32 scent
2174 4055 105 37 home
2295 4055 61 38 for
2365 4055 217 38 assistance,
2596 4050 71 35 and
2687 4048 208 48 proceeded

1554 4107 34 33 in
1606 4103 125 37 search
1752 4102 45 35 of
1814 4102 63 37 the
1903 4113 149 37 persons
2069 4102 93 37 from
2185 4104 122 35 whom
2324 4103 65 35 the
2406 4103 125 34 voices
2548 4108 119 32 came,
2692 4098 131 40 when,.
2844 4098 48 43 by

1556 4154 53 40 his
1628 4152 130 51 timely
1776 4150 256 41 interference,
2052 4150 46 35 he
2122 4152 189 46 probably
2330 4152 110 37 saved
2459 4150 64 34 the
2546 4150 92 33 lives
2657 4146 44 35 of
2720 4146 72 35 five
2811 4156 64 34 per-

1551 4209 97 31 sons,
1680 4200 86 35 who
1793 4199 71 37 had
1879 4200 87 34 lost
1990 4199 99 35 their
2122 4204 87 43 Way
2241 4200 37 34 in
2306 4200 112 45 going
2443 4198 104 37 front
2578 4195 268 38 Newmarkett
2859 4200 37 28 to

1554 4252 270 35 Saxon-street.
1879 4248 41 37 It
1943 4244 163 51 appears
2134 4248 90 46 they
2245 4248 71 35 had
2331 4248 93 37 been
2441 4247 152 47 making
2619 4254 126 38 merry
2771 4251 41 28 at
2837 4243 60 41 the

719 3274 189 43 SICILY.

1143 3350 54 26 7rC

135 3423 182 40 Extract
326 3423 83 50 if.
420 3418 145 45 Letter
567 3420 115 53 from
697 3436 24 25 a
744 3423 256 50 Regpectabte
1009 3424 162 50 House,
1170 3430 116 37 dated
1298 3428 189 41 Messina'

332 3485 69 40 3th
419 3485 86 40 Oct.
523 3490 40 34 to
582 3498 22 27 a
622 3485 244 39 Mercantile
885 3475 146 51 HOusi
1043 3489 41 37 in
1111 3491 66 37 the
1196 3490 102 48 City.

244 3560 76 38 We
348 3572 72 27 are
456 3559 102 40 here
589 3559 37 39 in
661 3573 26 24 a
718 3559 211 41 continual
966 3566 104 37 state
1101 3562 51 41 of
1178 3563 128 40 alarm
1335 3565 66 40 for
1419 3565 70 40 the

138 3615 132 51 safety
287 3611 51 40 of
348 3612 78 39 this
446 3612 139 40 island.
644 3613 77 37 We
741 3612 104 41 have
865 3612 131 43 learnt
1015 3617 90 39 that
1117 3617 112 40 there
1248 3630 69 27 are
1332 3619 151 39 several

138 3666 111 52 ships
268 3679 41 26 in
330 3664 181 50 Toulon,
548 3665 76 39 and
645 3667 122 38 other
788 3672 111 46 ports
918 3669 48 39 of
985 3669 162 47 France,
1187 3670 97 40 with
1318 3684 24 25 a
1377 3672 110 53 large

136 3718 180 41 number
330 3718 50 39 of
392 3724 145 47 troops
556 3732 51 26 on
630 3718 144 47 hoard,
790 3719 102 53 only.
907 3720 164 53 waiting
1091 3736 51 26 an
1162 3726 268 52 opportunity
1444 3726 48 40 of

141 3772 164 53 getting
325 3777 89 37 out,
449 3772 180 39 destined
651 3778 44 33 to
716 3772 123 39 make
857 3787 51 28 an
930 3775 138 39 attack
1089 3790 51 25 on
1161 3777 185 40 different
1381 3784 104 47 part,

139 3824 53 40 of
203 3826 79 39 tlik
300 3824 123 40 island
455 3829 44 34 at
513 3826 71 39 the
602 3839 112 26 same
731 3826 115 45 time,
883 3827 39 39 in
958 3828 128 40 which
1107 3830 172 40 General
1298 3834 139 39 Murat
1456 3831 30 40 is

139 3883 47 34 to
206 3883 255 45 co-operate,
491 3878 56 52 by
565 3879 169 53 sending
754 3892 26 27 a
798 3878 111 56 large
926 3881 107 53 body
1055 3882 51 39 of
1119 3887 143 50 troops
1291 3883 109 41 from
1419 3885 69 41 the

141 3931 246 56 Neapolitan
402 3932 211 53 territory.

256 3999 73 39 We
356 4010 76 30 can
464 3998 187 54 perceive
669 4004 122 47 great
806 3999 171 53 activity
998 4013 52 27 on
1069 4002 71 39 the
1160 4003 189 53 opposite
1367 4005 85 41 side
1470 4020 13 30 ;

138 4063 27 27 a
184 4052 172 39 number
374 4050 50 41 of
438 4057 144 48 troops
602 4054 38 39 in
659 4056 191 37 constant
870 4055 156 38 motion
1048 4067 51 26 on
1114 4056 72 39 the
1205 4056 136 48 shore,
1362 4058 85 40 also
1466 4072 24 26 a

141 4110 91 34 vast
261 4106 174 39 number
457 4104 53 41 of
534 4106 143 40 sailors
694 4106 117 54 quite
829 4119 53 27 on
913 4106 70 40 the
1015 4106 104 41 alert
1148 4108 38 39 in
1222 4110 72 39 the
1328 4113 84 41 Bay
1447 4111 48 40 of

293 4187 11 17 ,
335 4159 221 53 preparing.
576 4159 105 40 their
704 4157 144 43 vessels
865 4159 79 40 and
964 4160 119 43 small
1098 4161 124 51 craft,
1240 4176 43 30 as
1300 4165 35 39 if
1343 4165 128 43 destin-

139 4211 52 41 cd
215 4226 63 26 ,or
298 4225 111 30 some
430 4212 236 44 immediate

3129 716 14 34 t

3154 0 9 12 r

3163 64 12 20 N

3152 132 59 73 '1

3196 2015 22 22 II
