3307 4406
424 92 161 51 JAN.
626 92 46 47 1.

415 226 224 45 Greyhound
666 226 70 34 Inn
763 226 145 43 (where
937 226 85 44 they
1043 224 69 33 had
1131 226 94 32 been
1251 230 40 27 to
1317 235 73 33 pay
1422 224 96 33 their
1535 221 117 44 rent),
1676 219 69 35 and

417 273 69 33 but
503 270 59 35 for
587 272 61 34 the
667 273 129 44 timely
819 273 85 44 help
921 270 70 34 and
1011 269 190 46 humanity
1220 270 44 33 of
1279 270 71 34 Mr.
1370 270 210 44 Chapman,
1606 266 142 41 would,

417 320 38 32 in
472 318 318 45 all.prohability,
821 319 94 33 have
933 319 184 44 periibed,
1143 330 41 22 as
1208 318 86 44 they
1320 328 97 24 were
1447 327 44 22 on
1520 315 228 40 horseback,

417 366 72 33 and
511 366 129 33 within
659 365 118 44 thirty
920 365 46 33 of
978 376 22 22 a
1017 376 85 32 very
1122 365 94 44 deep
1237 364 52 44 pit
1302 364 67 35 full
1384 364 45 34 of
1441 374 113 22 snow.

796 366 106 43 yards

471 413 184 33 DARING
686 410 52 37 Ro
738 410 26 37 -
764 410 263 37 aliERY.—On
1051 410 159 45 Monday
1233 410 152 44 evening
1402 412 84 37 last,
1507 412 118 32 about
1643 418 105 25 seven

417 457 167 41 o'clock,
615 471 37 21 as
670 459 102 33 John
794 459 139 41 Liddle,
961 459 137 34 carrier
1116 459 167 33 between
1305 459 96 33 Haw
1409 459 60 33 ick
1485 457 71 35 and
1572 456 176 41 Carlisle,

423 516 77 22 was
516 516 46 24 on
581 506 58 33 the
659 516 83 34 way
756 513 40 26 to
814 508 60 31 the
893 506 133 34 former
1045 507 120 44 place,
1176 516 24 24 a
1217 516 80 24 man
1310 516 100 22 came
1422 516 47 34 up
1483 511 37 27 to
1534 504 77 33 him
1629 513 45 25 on
1685 503 63 33 the

419 553 109 41 road,
559 562 85 24 near
665 553 122 35 Brans
796 554 113 37 holm,
940 554 71 32 and
1028 554 139 37 seizing
1192 553 73 33 him
1281 552 162 45 forcibly
1461 552 47 45 by
1526 552 65 33 the
1605 552 142 39 throat,

419 609 99 33 gave
548 609 22 24 a
600 601 133 41 signal,
764 600 103 33 when
899 609 46 24 an
976 601 227 44 accomplice
1232 600 170 44 instantly
1428 596 209 47 appeared,
1662 596 85 33 who

419 647 194 43 presented
628 658 22 22 a
666 648 111 43 pistol
794 654 39 27 at
848 647 92 34 him.
993 648 124 32 Liddle
1127 647 273 44 endeavouring
1411 653 37 27 to
1468 646 122 34 knock
1611 646 28 32 it
1650 643 97 35 from

418 694 66 33 the
509 693 161 34 villain's
700 694 110 39 hand,
840 693 124 34 struck
981 699 37 28 at
1038 694 43 40 it,
1110 705 102 34 upon
1237 694 118 33 which
1376 694 63 33 the
1456 694 152 32 robbers
1625 691 119 33 threw

420 741 79 33 him
515 741 122 40 down,
647 741 123 34 bound
789 741 89 41 him,
904 741 70 33 and
990 741 171 45 carrying
1176 742 73 33 him
1265 742 72 34 into
1351 751 45 22 an
1410 739 169 45 adjacent
1600 739 124 41 planta-

418 789 97 40 tion,
543 789 73 33 tied
635 789 76 32 him
730 798 48 33 up
796 794 39 28 to
863 798 24 22 a
902 793 90 37 tree,
1020 788 102 34 when
1142 789 87 43 they
1256 788 141 34 robbed
1417 788 72 32 him
1507 785 44 33 of
1565 798 22 20 a
1605 785 141 44 parcel,

419 835 214 44 containing
664 837 115 31 about
809 835 97 35 1001.
926 836 35 32 in
979 834 237 43 bank-notes,
1247 835 70 34 and
1332 835 80 33 also
1430 833 44 34 of
1498 833 69 37 151.
1591 833 56 32 his
1663 842 83 22 own

423 886 200 40 property.
678 883 130 33 Liddle
843 893 74 22 was
950 882 126 40 found,
1107 883 50 41 by
1176 892 98 24 some
1292 883 136 43 people
1453 880 80 33 who
1559 878 113 34 heard
1693 878 54 34 his

419 928 113 40 cries,
548 928 100 44 forty
678 930 154 33 minutes
855 930 98 33 after
978 930 60 32 the
1070 931 181 41 robbery,
1283 930 125 32 nearly
1428 926 203 34 exhausted
1654 926 87 33 with

420 974 87 34 cold
524 976 72 33 and
613 976 104 45 pain,
733 976 63 33 the
814 976 149 34 villains
994 976 71 33 had
1094 976 77 33 tied
1191 976 74 34 him
1283 976 34 34 in
1333 976 89 33 such
1439 986 22 21 a
1475 974 178 44 position,
1665 974 79 32 that

422 1020 91 46 only
534 1022 54 33 his
606 1028 76 28 toes
697 1022 106 34 could
823 1023 109 34 reach
952 1022 63 34 the
1025 1024 152 43 ground.

470 1069 63 34 On
563 1068 227 46 Wednesday
819 1070 168 44 evening,
1012 1080 85 24 near
1130 1078 109 26 seven
1256 1068 161 43 o'clock,
1449 1080 38 22 as
1507 1069 74 32 Mr.
1600 1067 145 34 Robert

424 1115 188 39 Jackson,
638 1117 113 43 pilot,
776 1116 46 34 of
841 1119 65 33 th•
926 1116 85 34 Bull
1033 1117 80 34 Inn.
1142 1117 175 44 Stepney,
1343 1127 74 24 was
1435 1116 185 41 returning
1641 1116 104 32 home

424 1163 100 33 from
542 1163 107 40 Hull,
677 1163 48 33 he
739 1173 76 25 was
834 1162 146 46 joined,
1005 1172 25 25 a
1055 1163 99 33 little
1180 1165 142 43 beyond
1351 1163 255 44 Spring-row,
1648 1165 46 39 by
1722 1172 24 24 a

424 1220 103 28 man,
554 1211 102 40 who,
679 1209 100 34 after
798 1211 165 44 walking
983 1209 89 34 with
1102 1211 76 33 him
1194 1220 26 25 a
1233 1209 99 35 little
1350 1220 99 35 way,
1478 1209 169 33 knocked
1672 1208 73 34 him

423 1256 113 38 down
554 1258 92 35 with
661 1269 26 22 a
704 1257 198 45 bludgeon,
926 1269 40 22 as
985 1257 45 34 he
1043 1258 197 44 supposed.
1291 1258 72 34 Mr.
1377 1257 164 33 Jackson
1565 1256 103 34 cried
1682 1261 65 27 out

450 1302 5 46 4
477 1306 146 33 murder
704 1305 61 34 the
796 1315 83 24 man
911 1305 184 34 retreated
1120 1304 96 34 from
1246 1304 72 34 him
1350 1315 25 22 a
1403 1304 72 33 few
1506 1302 135 46 yards;
1676 1304 70 33 and

420 1361 103 25 some
541 1361 148 35 persons
702 1357 40 28 at
758 1362 45 24 no
816 1355 106 41 great
939 1351 162 34 distance
1113 1351 190 46 repeating
1317 1351 60 33 the
1389 1361 64 34 cry
1463 1351 43 33 of

424 1400 48 33 he
491 1398 136 46 hastily
645 1409 64 25 ran
724 1398 65 43 off,
815 1398 70 33 and
900 1398 122 33 threw
1041 1397 151 34 himself
1212 1398 73 33 into
1304 1398 63 33 the
1393 1398 100 33 ditch
1522 1408 135 34 among
1687 1398 60 33 the

422 1457 119 24 snow.
594 1446 71 35 Mr.
685 1446 165 34 Jackson
861 1452 65 38 got
935 1455 50 35 up
1003 1446 71 35 and
1089 1444 177 35 followed
1283 1444 89 41 him,
1389 1444 70 34 and
1470 1454 47 24 on
1534 1444 57 33 his
1604 1444 144 43 coming

423 1504 53 34 up
496 1499 39 28 to
553 1494 61 34 the
627 1496 102 41 spot,
752 1494 177 41 stopping
943 1504 86 27 near
1048 1494 28 32 it
1090 1502 25 25 a
1131 1492 105 34 short
1265 1493 100 38 time,
1395 1492 60 33 the
1480 1501 83 24 man
1585 1489 159 46 jumped

423 1551 53 34 up
494 1541 72 34 and
580 1541 116 34 asked
711 1550 27 25 w
750 1540 63 34 hat
831 1539 43 33 he
892 1550 72 25 was
974 1540 150 44 making
1136 1548 26 25 a
1174 1539 102 34 noise
1290 1539 118 34 about
1421 1539 13 33 ?
1487 1539 72 33 Mr.
1580 1539 168 35 Jackson

422 1589 83 34 said
524 1589 45 33 he
587 1589 70 33 had
674 1589 94 32 been
787 1587 171 33 knocked
976 1587 124 40 down,
1122 1586 73 34 and
1213 1586 113 35 asked
1343 1586 78 33 him
1436 1592 38 28 to
1482 1586 109 34 assist
1607 1587 37 32 in
1662 1596 64 35 pur-

424 1636 109 43 suing
543 1635 63 34 the
615 1633 188 38 assailant.
855 1633 91 34 This
965 1633 47 34 he
1028 1633 226 45 apparently
1269 1631 191 37 consented
1473 1636 38 31 to
1525 1632 66 40 do,
1615 1633 71 33 and
1703 1643 45 25 on

424 1684 148 43 coming
587 1693 50 34 up
654 1688 39 28 to
712 1691 99 24 some
828 1690 163 35 persons,
1018 1681 86 34 who
1123 1689 97 26 were
1233 1680 125 35 drawn
1377 1684 39 28 to
1435 1680 63 33 the
1513 1685 86 40 spot
1618 1681 52 45 by
1687 1682 61 33 the

420 1730 124 41 noise,
570 1730 72 34 Mr.
659 1729 43 34 J.
715 1728 124 35 seized
859 1728 61 34 the
933 1739 97 31 man,
1056 1728 70 34 and
1142 1727 158 44 charged
1319 1727 76 34 him
1408 1727 93 38 with
1520 1728 64 33 the
1598 1729 150 34 assault.

424 1778 63 34 On
502 1778 111 45 going
630 1781 39 28 to
685 1775 65 34 the
764 1780 86 41 spot
868 1775 128 34 where
1007 1778 61 32 the
1084 1785 85 25 man
1180 1774 72 35 had
1265 1776 90 33 been
1369 1775 177 40 secreted,
1563 1783 26 25 a
1602 1774 148 35 hatchet

424 1835 79 24 was
519 1824 107 34 found
646 1824 38 33 in
702 1822 63 33 the
781 1822 119 41 ditch,
927 1822 93 34 with
1037 1822 122 34 which
1178 1821 31 34 it
1226 1822 30 33 is
1271 1821 189 45 presumed
1475 1820 61 35 the
1553 1821 106 34 blow
1680 1821 69 35 had

424 1873 92 33 been
535 1870 257 47 given.—The
816 1880 84 24 man
917 1880 79 24 was
1011 1869 162 47 brought
1195 1874 41 28 to
1265 1869 224 39 Scolcoates,
1515 1869 72 33 and
1617 1869 131 46 lodged

424 1920 39 33 in
481 1919 65 34 the
562 1920 129 33 House
703 1917 47 35 of
759 1918 214 35 Correction
990 1920 40 32 at
1041 1918 80 34 that
1139 1916 126 46 place.
1312 1915 74 37 His
1401 1925 119 34 name,
1544 1926 61 25 we
1618 1918 111 35 under-

424 1967 124 43 stand,
574 1967 31 34 is
624 1967 156 34 Forbes.

474 2013 250 37 DREADFUL
744 2011 241 35 FIRE.—On
1003 2010 171 46 Tuesday
1187 2010 208 43 afternoon,
1419 2010 169 37 between
1597 2010 71 34 five
1683 2011 69 34 and

419 2063 63 34 six
502 2061 162 43 o'clock,
691 2062 64 32 the
768 2059 182 35 beautiful
963 2060 162 34 mansion
1136 2057 46 35 of
1194 2057 60 34 Sir
1267 2057 105 37 John
1387 2056 237 44 Kennawav,
1643 2059 105 34 Bart.

1584 2105 7 0 -
1612 2105 8 0 -

422 2109 123 35 called
567 2109 257 39 Escot-house,
850 2117 90 26 near
972 2107 165 35 Honiton
1172 2105 197 46 (formerly
1400 2105 65 34 the
1498 2106 188 34 residence
1713 2106 43 34 of

424 2159 64 33 Sir
501 2157 146 44 George
666 2154 172 45 Yonge),
861 2153 139 47 caught
1011 2154 79 41 fire,
1111 2152 77 37 and
1202 2151 194 38 continued
1411 2152 155 45 burning
1580 2152 92 35 until
1693 2158 58 31 ten

426 2204 151 37 o'clock
593 2210 37 27 at
647 2203 122 44 night,
796 2203 50 44 by
861 2202 124 34 which
999 2202 89 34 time
1101 2200 32 34 it
1149 2210 78 25 was
1241 2199 159 45 entirely
1415 2200 209 33 consumed.
1675 2199 79 35 The

425 2251 273 44 conflagration
717 2259 77 25 was
817 2259 43 24 so
873 2248 228 35 tremendous
1122 2248 86 35 that
1231 2246 97 34 little
1344 2246 111 34 could
1474 2246 46 33 be
1534 2246 129 44 saved,
1687 2256 45 26 ex-

422 2306 87 38 cept
524 2308 100 24 some
643 2307 154 35 papers,
822 2297 122 43 plate,
966 2295 71 35 and
1052 2294 151 46 jewels.
1256 2293 80 35 The
1358 2291 172 37 accident
1551 2303 78 27 was
1644 2304 86 25 occa-

425 2344 132 35 sioned
575 2347 48 43 by
639 2355 25 22 a
680 2342 295 46 lighted-candle
992 2342 107 44 being
1120 2341 72 37 left
1207 2342 38 33 in
1259 2350 25 25 a
1299 2340 300 44 dressing-room,
1629 2341 124 37 which

425 2398 57 30 set
501 2393 65 32 fire
582 2396 38 28 to
639 2401 69 22 one
725 2389 45 33 of
790 2391 64 32 the
869 2389 177 40 curtains,
1069 2387 72 35 and
1174 2388 132 46 spread
1336 2396 39 26 so
1409 2387 150 45 rapidly
1572 2396 44 26 as
1633 2393 64 30 not
1715 2392 38 31 to

425 2443 48 32 be
491 2435 274 46 extinguished.
821 2437 111 33 Some
946 2435 144 46 engines
1102 2445 103 26 were
1218 2433 180 46 procured
1413 2443 41 26 as
1474 2443 90 26 soon
1577 2445 40 25 as
1636 2435 98 45 possi-

426 2489 63 32 ble
509 2487 94 33 from
620 2486 152 41 Ottery,
798 2484 69 33 but
893 2493 40 22 so
950 2481 145 46 injured
1111 2484 52 44 by
1194 2481 61 34 the
1273 2483 76 32 late
1376 2480 92 34 frost
1495 2491 41 24 as
1556 2489 39 26 to
1624 2483 126 33 render

425 2535 103 33 them
546 2533 143 34 useless.
743 2531 59 33 Sir
819 2529 118 41 John,
960 2530 71 34 and
1058 2541 25 24 a
1103 2533 115 41 party
1247 2528 44 34 of
1311 2528 138 34 friends
1465 2538 96 24 were
1577 2533 40 30 at
1630 2528 126 37 dinner

429 2582 111 34 when
554 2581 57 33 the
625 2580 77 32 first
715 2578 118 33 alarm
853 2587 74 25 was
943 2577 122 44 given,
1087 2576 73 35 and
1178 2585 61 26 we
1252 2585 64 24 are
1346 2575 131 45 happy
1505 2581 39 30 to
1574 2576 74 34 find
1676 2577 78 34 that

431 2639 47 25 tit)
496 2627 167 46 personal
685 2624 122 46 injury
828 2634 76 24 was
918 2624 248 45 experienced
1185 2626 48 41 by
1252 2633 69 34 any
1339 2622 48 34 of
1415 2623 61 33 the
1504 2622 133 40 family
1652 2636 11 27 ;
1691 2624 64 33 but

431 2687 60 22 we
508 2678 92 32 have
613 2679 37 30 to
676 2673 137 34 lament
828 2672 64 34 the
906 2670 113 37 death
1043 2670 44 35 of
1107 2672 78 33 Mr.
1204 2670 98 41 Pile,
1325 2680 25 24 a
1381 2670 236 44 respectable
1637 2681 118 33 young

435 2722 155 43 farmer,
617 2721 102 40 who,
745 2721 35 34 in
803 2719 182 44 assisting,
1010 2718 61 35 fell
1088 2718 98 35 from
1201 2728 25 22 a
1252 2717 129 37 ladder
1404 2721 138 40 twenty
1569 2717 78 35 feet
1662 2717 92 35 from

429 2771 67 37 the
507 2769 152 46 ground,
684 2767 73 35 and
777 2777 73 25 was
861 2766 119 35 killed
998 2777 45 25 on
1059 2765 63 35 the
1139 2770 100 40 spot.

579 2884 364 52 TUESDAY'S
972 2882 279 47 LONDON
1280 2882 327 46 GAZETTE.

717 3022 416 39 PARTNERSHIPS
1162 3020 319 38 DISSOLVED.

482 3078 137 39 Owen,
651 3073 112 41 Gale,
794 3073 70 34 and
902 3072 174 40 Stewart,
1109 3069 204 38 Bridewell
1348 3069 194 46 Hospital,
1576 3076 177 26 weavers.

436 3123 203 44 Elizabeth
672 3120 151 45 Barney
853 3119 71 34 and
960 3119 104 34 Ellen
1100 3117 164 45 Barney,
1298 3117 350 44 Wolverhampton,
1683 3113 57 34 inn-

435 3175 175 44 keepers.
659 3169 41 35 J.
724 3168 169 41 Barratt,
912 3167 34 34 S.
973 3167 164 41 Barran,
1161 3167 72 33 and
1250 3165 40 33 J.
1311 3165 181 38 Holbert,
1513 3163 246 38 Manchester,

435 3219 273 37 flour-dealers.
763 3216 33 35 I.
817 3215 143 44 Taplen
978 3213 69 34 and
1069 3213 58 35 W.
1147 3213 157 45 Tapleu,
1328 3210 250 39 Portsmouth,
1596 3208 143 37 cabinet-

436 3269 162 34 makers.
653 3265 139 35 Martin
809 3263 71 33 and
900 3261 193 41 Gardiner,
1126 3261 53 33 St.
1200 3259 276 40 John's-street,
1495 3257 262 43 ironmongers.

437 3317 135 33 Austin
587 3314 70 35 and
672 3312 243 44 Saddington,
930 3308 136 34 Tower
1084 3308 142 44 Royal,
1245 3306 301 43 Watling-street,
1565 3302 195 45 druggists.

437 3365 113 34 Allen
582 3361 69 37 and
684 3360 198 39 Andrews,
919 3356 190 44 Bromley,
1148 3354 222 40 Middlesex,
1406 3352 250 46 pipe-borers.
1708 3348 48 34 R.

439 3412 145 38 Welsh,
619 3410 44 33 G.
702 3407 139 40 Welsh,
866 3403 69 38 and
974 3403 43 35 B.
1041 3402 171 45 Rideing,
1247 3402 214 44 Liverpool,
1492 3398 170 34 brokers.
1710 3396 51 37 A.

439 3461 161 40 Clarke,
621 3459 44 32 R.
691 3454 157 43 Clarke,
860 3452 72 34 and
1020 3451 142 38 'Filson,
1183 3450 213 43 Liverpool,
1411 3445 267 35 flour-dealers.

703 3519 428 40 BANKRUPTCIES
1160 3513 373 40 SUPERSEDED.

443 3575 9 35 l
484 3573 149 37 Robert
651 3573 154 43 Morris,
826 3570 165 39 Lincoln,
1011 3566 339 46 money-scrivener.

934 3626 345 39 BANKRUPTS.
1585 3626 5 39 .
1619 3626 5 39 •

490 3681 169 38 William
676 3679 198 41 Edwards,
892 3677 269 40 Broad-street,
1185 3673 152 41 Bristol,
1352 3670 248 41 cordwainer,
1628 3674 39 27 to
1693 3676 74 27 sir.

441 3729 135 38 render
593 3730 85 35 Jan.
698 3728 39 43 3,
757 3728 59 39 16,
846 3726 72 37 and
944 3725 96 34 Fel).
1063 3725 31 41 1,
1113 3728 40 30 at
1170 3728 74 37 ten,
1269 3728 41 27 at
1326 3724 63 31 the
1408 3718 174 37 Rummer
1609 3716 158 41 Tavern,

444 3777 154 35 Bristol.
653 3776 204 43 Attornies,
891 3774 74 35 Mr.
984 3772 142 40 James,
1149 3769 132 45 Gray's
1303 3767 67 37 Inn
1394 3775 155 38 square;
1585 3763 72 35 and
1691 3762 71 35 Mr.

443 3824 94 34 Mell
546 3826 48 41 in,
614 3826 157 34 Bristol.

501 3872 168 35 William
693 3872 231 45 Blackburn,
945 3868 128 40 Leeds,
1096 3865 228 44 Yorkshire,
1344 3861 253 45 woolstapler,
1630 3857 86 37 Jan.
1731 3855 38 44 4,

443 3920 38 40 5,
498 3921 70 33 and
593 3921 86 34 Feb.
698 3921 43 40 7,
756 3926 38 28 at
811 3921 145 38 eleven,
990 3922 39 27 at
1048 3917 58 32 the
1128 3917 84 32 Star
1238 3911 69 37 and
1339 3911 148 39 Garter,
1522 3905 125 38 Leeds.
1700 3906 46 34 At-

441 3969 155 39 tornies,
614 3969 74 34 Mr.
710 3969 170 45 Speigat,
900 3964 137 41 Leeds;
1063 3963 70 34 and
1156 3961 72 34 Mr.
1252 3959 149 44 Battye,
1417 3956 307 43 Chancery-lane.

489 4015 106 35 John
613 4017 117 41 Gash,
752 4013 294 40 Parker's-row,
1069 4009 260 45 Bermondsey,
1346 4005 211 41 victualler,
1576 4002 87 34 Jan.
1678 4003 39 39 7,
1734 4005 38 28 at

442 4072 86 32 one,
552 4064 56 41 17,
638 4070 40 30 at
706 4071 76 33 ten,
800 4063 72 34 and
892 4055 70 51 Feb
961 4055 24 51 ?
1005 4059 39 43 7,
1070 4061 40 33 at
1135 4067 85 32 one,
1247 4061 39 31 at
1313 4051 208 39 Guildhall.
1573 4050 200 44 Attorney,

444 4111 74 39 Mr.
539 4111 132 43 Sgaith,
690 4102 117 45 Great
827 4113 53 32 St.
904 4106 167 39 Helen's.

496 4157 135 38 Barret
661 4159 156 45 Sellars,
849 4157 117 35 Little
993 4153 162 45 Hutton,
1189 4152 215 45 innkeeper,
1431 4147 94 37 Jan.
1550 4144 41 44 4,
1624 4144 61 44 16,
1708 4141 66 40 and

707 4272 14 14 •`.
758 4272 6 15 1

927 4263 118 31 !tiit'fr

1296 86 148 52 THE
1475 83 377 54 NATIONAL
1887 81 377 53 REGISTER.

1812 216 97 35 Feb.
1925 219 39 41 7,
1981 223 41 30 at
2039 224 91 38 two,
2146 227 39 28 at
2202 220 65 35 the
2283 222 135 34 Palace
2434 223 81 39 Inn,
2536 222 241 34 Manchester.
2829 222 203 44 Attornies,

1811 265 125 44 Hurd,
1951 266 156 45 Temple
2122 279 12 28 ;
2159 267 71 34 and
2250 268 73 34 Mr.
2342 268 103 41 Law,
2464 269 242 34 Manchester.

1860 313 168 44 Langdon
2044 313 175 45 Haydon,
2248 315 327 43 Edgeware-road,
2602 318 202 38 merchant,
2822 315 87 34 .Tan.
2922 317 39 40 3,
2980 317 59 40 10,
3054 319 60 35 apt

1812 359 94 35 Feb.
1920 361 40 40 7,
1975 365 40 30 at
2028 361 149 43 twelve,
2193 367 40 27 at
2252 360 204 38 Guildhall.
2507 363 197 45 Attorney,
2725 363 71 34 Mr.
2817 363 100 41 Hall,
2935 363 180 35 Coleman

1807 411 128 30 street.

1856 454 103 33 John
1978 454 102 34 Mills
2098 454 67 34 and
2179 455 144 45 Joseph
2346 454 111 43 Rich,
2476 456 139 40 Lewes,
2631 456 220 41 merchants,
2878 454 89 38 Jan.
2989 457 59 40 17,
3067 456 60 43 18,

1807 500 70 34 and
1898 501 92 37 Feb.
2007 502 38 38 7,
2061 508 39 27 at
2118 503 142 39 eleven,
2278 511 39 25 at
2337 504 59 32 the
2420 504 122 34 White
2570 503 96 35 Hart
2698 503 80 40 Inn,
2809 504 139 34 Lewes.
3000 503 107 35 Attor-

1807 557 87 33 ney,
1913 548 78 33 Mr.
2008 549 170 43 Pember,
2194 549 115 34 Great
2329 552 334 40 Charlotte-street,
2685 552 152 44 Surrey.

2307 617 320 37 DIVIDENDS.

1853 661 90 34 Jan.
1965 663 61 34 21.
2054 661 141 47 Joseph
2217 663 105 45 King
2339 665 67 34 and
2432 666 162 32 William
2615 665 161 35 Edward
2797 665 116 45 King,
2930 664 57 37 St.
3005 663 130 37 Paul's

1807 709 141 34 Covent
1967 711 162 39 Garden,
2146 711 267 43 silk-mercers,
2428 719 37 26 at
2484 713 151 40 twelve,
2660 719 40 27 at
2720 712 204 34 Guildhall.

1857 755 93 37 Feb.
1970 757 37 34 7.
2042 758 111 33 Mark
2185 758 208 43 Cleznence,
2428 759 292 41 Craven-street,
2748 759 148 39 Strand,
2928 758 128 41 tailor,
3089 764 43 30 at

1806 811 85 31 one,
1911 811 39 27 at
1970 803 203 35 Guildhall.

1852 849 89 35 Jan.
1971 852 59 33 `2l.
2069 852 159 33 Thomas
2264 850 167 37 Withers
2469 853 71 34 and
2585 853 128 44 Henry
2757 852 161 35 Browne
2949 852 184 44 Withers,

1808 895 369 43 Greenhill's-Rents,
2191 898 208 37 Smithfield
2421 899 106 44 Bars,
2543 900 234 40 oil-refiners,
2793 906 40 27 at
2851 907 74 35 ten,
2941 904 40 31 at
3000 900 111 34 Guild-

1808 943 89 35 hall.

1856 989 93 35 Feb.
1962 990 37 38 7.
2021 991 143 35 Robert
2178 991 222 46 Farbridge,
2418 992 312 47 Paragon-place,
2744 992 220 44 Kent-road,
2980 993 155 46 Surrey,

1813 1037 347 43 timber-merchant,
2177 1044 39 30 at
2235 1050 83 31 one,
2342 1048 40 27 at
2400 1041 203 33 Guildhall.

1852 1082 90 37 Jan.
1959 1085 61 33 21.
2067 1085 162 34 Edward
2263 1087 170 44 Howell,
2471 1087 214 45 Liverpool,
2709 1091 61 31 cot

1813 1134 66 35 ten,
1896 1139 41 27 at
1957 1131 204 43 Guildhall,
2180 1134 167 34 London.

3046 1093 14 38 'lo
3091 1091 44 32 at

1852 1178 90 33 Jan.
1956 1180 61 34 28.
2039 1179 191 46 Benjamin
2246 1181 132 41 Jones,
2395 1180 377 44 Rotherhithe-wall,
2791 1183 150 41 Surrey,
2956 1181 176 35 tobacco.

1807 1224 86 40 lll6t,
1911 1232 39 27 at
1970 1233 72 34 ten,
2063 1233 39 27 at
2121 1226 208 35 Guildhall.

1852 1270 91 37 Jan.
1961 1273 59 34 24.
2060 1274 159 33 Thomas
2252 1274 135 44 Clark,

1806 1320 73 40 ten,
1906 1324 39 30 at
1965 1320 201 35 Guildhall.

1853 1364 90 35 Jan.
1970 1367 58 34 24.
2067 1368 125 34 James
2236 1367 164 37 Edward

1806 1410 137 43 factor,
1961 1419 40 28 at
2019 1419 72 37 ten,
2112 1421 39 27 at
2167 1414 208 37 Guildhall.

2430 1274 201 44 Chatham,
2661 1274 117 44 Kent,
2813 1276 249 43 corn-dealer,
3091 1279 45 31 at

2445 1368 115 44 Ford,

2602 1368 535 45 Coleman-street-buildings,

1852 1457 91 37 Jan.
1976 1460 54 37 17.
2075 1457 169 39 William
2271 1461 123 43 Allen,
2430 1462 254 45 King's-road,
2720 1461 57 35 St.
2800 1461 210 44 Andrew's,
3037 1462 73 34 Hol-

1806 1505 107 41 born,
1930 1508 261 40 coachmaker,
2203 1517 40 26 at
2262 1515 74 35 ten,
2352 1518 39 25 at
2406 1509 204 34 Guildhall.

1853 1550 90 39 Jan.
1968 1556 57 33 19.
2054 1554 124 34 David
2211 1557 214 45 Thompson
2458 1557 139 45 Myers,
2631 1556 206 41 Stamford,
2862 1554 275 41 Lincolnshire,

1806 1598 154 47 draper,
1989 1607 40 27 at
2041 1602 143 40 eleven,
2209 1607 43 30 at
2281 1604 61 33 the
2372 1603 141 45 George
2533 1603 81 44 Inn,
2642 1605 54 32 St.
2719 1604 190 43 Martin's,
2943 1603 194 37 Stamford

1809 1646 142 34 Baron.

2152 1703 419 44 CERTIFICATES,
2596 1706 106 35 JAN.
2726 1706 57 35 VT.

1858 1750 168 35 William
2044 1752 217 45 Houghton,
2289 1752 215 46 Liverpool,
2530 1753 202 35 merchant.

1854 1799 162 34 Thomas
2029 1798 117 45 Lyon,
2173 1799 220 44 Liverpool,
2414 1801 200 34 merchant.

1852 1845 106 37 John
1974 1846 185 43 Keanien,
2173 1845 86 46 jun.
2289 1845 292 41 Nicholar,lane,
2607 1847 152 34 broker.

1937 1961 407 48 SATURDAY'S
2380 1965 268 44 LONDON
2682 1963 328 47 GAZETTE.

2096 2079 322 38 PARTNERSII
2427 2083 83 33 IPS
2537 2080 319 37 DISSOLVED.

1859 2138 169 39 Wellunt
2042 2141 71 35 and
2130 2143 162 39 Stevens,
2322 2143 374 45 Weighhouse-yard,
2726 2141 164 41 London,
2913 2140 210 46 spirit-mer-

1812 2184 301 40 chants—North
2127 2190 71 34 and
2212 2189 128 40 Frith,
2359 2191 398 39 Gracechurch-street,
2780 2189 361 43 turners—Palmer,

1813 2233 188 45 Thwaits,
2028 2236 71 35 and
2127 2237 133 43 Smith,
2296 2237 159 41 Merton,
2491 2239 150 40 Surrey,
2672 2236 469 44 calico-printers—Row,

1815 2281 155 44 Barras,
1985 2282 69 35 and
2074 2282 156 44 Russell,
2252 2283 203 41 Newburn,
2472 2283 126 35 lessees
2609 2282 45 34 of
2665 2281 158 35 Baker's
2839 2282 98 33 Main
2954 2281 70 34 and
3044 2281 76 45 Sug-

1813 2328 63 46 ley
1893 2328 407 46 Colliery—Anderson
2321 2331 70 33 and
2409 2330 152 40 Drewe,
2591 2329 217 41 merchants,
2843 2328 300 35 London—Stott

1812 2370 220 51 andrlegg,
2066 2376 209 40 Rochdale,
2304 2375 579 45 eabinet-makers—Humphrys
2897 2374 70 35 and
2987 2375 158 40 Perret,

1813 2422 318 43 Abchurch-lane,
2178 2422 332 48 London--Clttley,
2537 2424 71 35 and
2647 2422 118 41 West,
2812 2421 333 44 Burleigh-street,

1814 2469 149 44 Strand,
1995 2470 443 45 wire-workers—Kelly
2452 2469 72 37 and
2550 2470 176 45 Dignum,
2765 2470 102 33 Saint
2896 2467 252 34 Martin's-le-

1815 2516 139 44 Grand,
1965 2517 481 44 cheesemongers—Muller
2460 2519 70 32 and
2550 2517 128 43 Hulle,
2693 2515 426 44 Lawrence-Poulteney-

1813 2564 99 41 lane,
1946 2563 164 39 London.
2143 2564 381 34 merchants—Bound
2541 2565 69 33 and
2628 2562 248 41 Greensmith,
2904 2563 241 44 Ray-street,

1817 2611 54 33 St.
1891 2610 144 43 James,
2052 2616 102 28 stove
2169 2611 378 45 grate-makers—W.
2561 2611 69 33 and
2643 2610 46 34 T.
2712 2610 149 39 Mihell,
2891 2610 252 38 Serle-street,

1818 2657 54 35 St.
1890 2657 165 34 Clement
2078 2659 133 43 Danes,
2230 2659 307 41 tailors—Mann,
2554 2657 181 41 Kimbell,
2750 2657 70 33 and
2835 2656 152 40 Simons,
3019 2654 106 34 Litch-

1815 2704 231 44 field-street,
2081 2704 195 38 Soho—G.
2307 2705 43 37 B.
2375 2706 175 34 Lonsdale
2562 2705 70 35 and
2647 2704 50 35 R.
2743 2702 194 40 Lousdale,
2972 2701 155 34 Birchin-

1815 2754 99 40 lane,
1931 2752 293 35 merchants—J.
2257 2753 125 34 Pistor
2407 2754 70 33 and
2507 2753 57 33 W.
2594 2752 70 34 and
2687 2751 43 38 J.
2761 2750 125 35 Pistor
2915 2748 233 41 Walhrook,

1815 2800 243 33 brokers—S.
2078 2799 70 34 and
2178 2802 47 32 It.
2252 2799 125 41 Blunt,
2413 2799 288 41 Friar's-Place,
2722 2796 137 41 Acton,
2876 2796 274 43 linen-drapers

1814 2846 249 34 —Fairhurst
2079 2846 69 34 and
2167 2845 195 40 Bowman,
2383 2845 397 47 Liverpool—White,
2793 2844 128 39 Jones,
2929 2844 71 33 and
3014 2843 135 39 Mann,

1819 2893 159 45 Aldgate
1998 2893 468 46 High-street—Richards
2484 2895 67 34 and
2576 2893 183 44 Desailly,
2794 2891 98 40 Seal,
2920 2890 115 46 Keitt.,
3064 2898 66 25 sur-

1815 2940 253 46 geans—Nort
2074 2941 19 34 h
2112 2941 69 33 and
2209 2940 226 41 Newhouse,
2461 2941 81 33 Sigel
2551 2942 72 41 ley-
2635 2939 250 39 Woodhouse,
2910 2937 187 46 plumbers
3098 2950 52 11 —

1819 2987 128 37 Horne
1961 2987 72 35 and
2054 2988 176 39 Bernard,
2265 2988 294 40 Market-street,
2596 2991 54 30 St.
2670 2983 338 39 James's-market,
3032 2991 94 26 news-

1818 3034 312 35 men—Harrison
2160 3035 70 33 and
2268 3034 189 41 Cartinan,
2492 3035 139 43 Ripon,
2663 3031 278 35 attornies—A.
2973 3030 71 32 and
3080 3028 64 33 W.

1820 3081 181 39 Murcott,
2034 3081 266 41 Birmingham,
2327 3083 128 32 cheese
2469 3081 70 33 and
2556 3077 501 38 bacon-factors—Clarbour
3072 3074 78 34 and

1822 3129 195 41 Hancock,
2040 3128 183 39 Sheffield,
2242 3128 330 34 cutlers—Bonner
2585 3126 69 35 and
2674 3125 200 40 Goodwin,
2894 3124 254 39 Fleet-street,

1820 3175 390 43 booksellers—Greg,
2229 3177 107 43 Lyle,
2352 3177 70 33 and
2445 3176 142 40 Ewart,
2617 3172 246 40 Manchester,
2880 3169 217 37 merchants.
3099 3183 50 9 —

1824 3226 39 32 Z.
1880 3223 70 34 and
1967 3223 51 34 R.
2040 3222 92 43 Fry,
2150 3224 67 31 and
2238 3224 47 33 T.
2308 3222 183 44 Harding,
2511 3221 156 41 Bristol,
2682 3219 296 37 brush-makers.

2121 3280 377 37 BANKRUPTCY
2528 3278 312 39 ENLARGED.

1869 3341 104 34 John
2004 3340 197 44 Co!grave,
2238 3343 343 38 Red-Lion-street,
2608 3339 188 41 Holborn,
2828 3337 94 37 wine
2924 3337 224 46 -merchant,

1822 3389 94 35 from
1942 3391 92 34 Dec.
2054 3390 57 41 VT,
2132 3394 37 27 to
2191 3389 93 35 Feb.
2302 3391 39 38 4,
2360 3394 40 28 at
2414 3398 74 30 ten,
2506 3394 40 28 at
2564 3386 208 35 Guildhall.

2320 3459 104 34 BAN
2434 3457 109 35 KRU
2557 3456 104 35 PTS.

1873 3519 168 35 Richard
2060 3519 170 46 Harvey,
2263 3519 228 41 Woolwich,
2511 3519 132 39 baker,
2655 3516 51 45 Ito
2721 3514 195 37 surrender
2930 3513 89 39 Jan.
3037 3514 116 44 7,21,

1826 3567 66 34 and
1930 3567 93 35 Feb.
2056 3568 58 40 11,
2144 3575 38 26 at
2217 3574 77 33 ten,
2335 3572 39 28 at
2402 3565 193 37 Guildhall
2681 3565 202 41 Attorney,
2915 3563 76 34 Mr.
3022 3562 132 43 Allan,

1830 3613 383 43 Frederick's-Place,
2231 3614 78 34 Old
2326 3615 146 43 Jewry.

1873 3661 162 34 Thomas
2054 3661 197 40 Marshall,
2280 3661 273 43 Scarborough,
2574 3658 228 40 Yorkshire,
2822 3658 154 39 vintner,
2992 3654 92 44 Jan.
3084 3654 71 44 23,

1826 3710 63 38 24,
1905 3707 71 34 and
2015 3707 91 37 Feb.
2139 3710 56 39 11,
2228 3716 40 27 at
2295 3709 144 40 eleven,
2464 3716 38 25 at
2528 3707 61 33 the
2621 3704 263 37 Blacksmith's
2902 3707 124 37 Arms,
3045 3704 90 32 Scar-

1828 3755 181 45 borough.
2076 3756 204 40 Attornies,
2324 3756 69 37 Mr.
2439 3754 197 40 Boustield,
2672 3754 328 39 Bouverle-street,

3027 3748 111 35 Fleet-

1827 3808 126 37 street,
1975 3802 142 35 London
2132 3815 9 26 ;
2166 3804 71 33 and
2262 3804 72 37 Mr,
2350 3801 187 41 Woodall,
2549 3798 83 46 jtm.
2654 3800 247 38 Scarbrongit.

1880 3849 43 34 W
1930 3849 119 35 illiam
2068 3852 168 39 Heaven,
2252 3848 248 39 Nailsworth,
2529 3846 332 39 Gloucestershire,
2872 3842 174 41 clothier,
3063 3842 93 35 Jots.

1834 3901 57 37 10,
1911 3898 61 38 20,
1989 3898 71 34 and
2079 3898 86 33 Feb.
2186 3898 57 39 11,
2261 3904 40 30 at
2314 3899 139 37 eleven,
2478 3901 37 28 at
2535 3893 209 38 Guildhall,
2766 3893 156 33 London.
2952 3889 204 44 Attorney,

1834 3948 74 34 Mr.
1926 3944 145 43 Pullen,
2096 3945 244 37 Fore-street,
2352 3937 268 53 'Crillplegate,
2641 3943 161 33 London.

1883 3994 113 35 Peter
2028 3993 91 34 Dew
2128 3993 116 40 hurst,
2281 3992 168 38 Weston,
2481 3989 237 41 Lancashire,
2759 3987 113 32 slater
2900 3984 71 35 and
3004 3983 154 45 Bagger.*

1822 4043 100 35 %Tan.
1946 4039 57 43 12,
2016 4045 37 31 al
2067 4041 86 39 Me,
2170 4041 61 39 20,
2249 4037 72 35 and
2341 4038 79 34 Feb
2457 4026 58 53 li,
2526 4041 40 30 at
2581 4037 141 40 eleven,
2740 4031 40 37 at
2799 4033 61 33 the
2881 4029 265 45 King's-Arnie

1839 4091 210 34 Lancaster.
2102 4085 201 41 Attornies,
2335 4085 76 38 Mr.
2444 4084 182 38 Webster,
2662 4082 219 37 Lancaster;
2907 4077 73 34 and
3009 4075 100 37 Mesa

1840 4139 209 41 lileastiale,
2067 4135 71 34 Ale
2143 4133 156 45 nada,
2314 4133 70 35 and
2399 4130 37 40 H
2440 4131 110 43 ohne,
2567 4128 198 43 New-Inn,
2785 4127 161 35 London.

2891 4204 5 5 •

3273 0 32 26 ■

115 83 11 20 1

110 1950 24 44 'A

110 2028 30 30 I*
