3354 4406
1087 79 150 53 THE
1272 79 383 53 NATIONAL
1690 79 384 58 REGISTER?

175 215 182 44 necessity
379 216 40 33 of
449 214 201 54 departing
683 219 38 39 it;
744 215 176 46 disguise.
976 216 58 41 By
1055 216 60 34 the
1133 215 261 50 appointment
1413 211 45 35 of
1479 214 59 33 Sir
1570 211 2 57 •

178 262 45 34 J.
246 263 129 38 Moore
394 270 38 26 to
454 265 54 33 his
527 269 145 43 present
690 265 213 41 command,
922 263 188 35 Ministers
1131 265 94 39 have
1244 261 96 46 fully
1357 262 154 34 acknow-

177 309 135 44 ledged
334 311 220 38 themselves
568 312 63 48 thp
646 314 80 34 sole
755 313 155 35 authors
939 312 44 35 of
1003 313 83 33 that
1104 308 261 48 unparalleled
1382 302 158 52 expedi-
1569 302 2 58 •

181 359 98 41 tiao-
279 359 19 41 7
298 359 40 41 -a
357 360 133 44 laming
508 367 208 37 monument
729 356 46 39 of
789 361 98 33 their
904 360 136 53 virar
1055 351 70 46 and
1146 357 180 45 foresight
1348 359 7 33 !
1413 359 38 33 It
1467 369 45 33 ap-

184 416 131 38 pears,
333 409 79 33 that
430 407 249 39 Government
715 409 74 35 had
823 407 141 43 formed
1030 407 206 57 resolution
1264 406 44 34 of
1330 405 129 44 aiding
1479 402 60 38 the

185 465 112 25 cause
314 455 44 35 of
373 457 63 34 the
468 458 161 45 Snuish
651 457 184 41 Patriot;,
866 458 65 33 but
963 452 35 45 in
1029 456 106 40 what
1157 464 150 34 manner
1325 454 159 35 remains
1501 459 35 28 at

185 510 151 41 present
354 506 201 35 unknown.
611 506 189 35 Ministers
815 515 96 26 seem
938 510 39 28 to
993 506 92 50 have
1107 497 72 41 bad
1195 514 45 24 no
1259 508 148 31 correct
1426 501 94 34 infor-

185 553 146 39 mation
348 563 99 33 upon
461 552 64 46 the
543 554 155 37 internal
717 563 188 27 resources
917 553 44 40 of
970 549 130 54 Spain,
1117 552 70 34 and
1204 550 92 34 have
1309 552 91 32 been
1414 549 124 39 misled

187 600 76 35 and
279 592 230 51 confounCled
520 613 100 32 upon
638 602 152 33 various
803 604 203 40 occasions:
1035 598 118 39 Their
1165 609 182 24 measures
1367 591 171 58 wavered

188 650 204 41 aceording
407 654 38 28 to
458 651 64 38 the
535 660 97 28 news
644 650 41 39 of
696 651 65 32 the
774 647 175 52 moment,
977 648 83 38 The
1070 645 196 48 improper
1277 646 126 45 policy
1419 644 120 35 which

190 697 66 37 led
272 703 39 28 to
332 697 60 35 the
403 698 131 34 attack
555 703 97 44 nrin
677 698 181 43 Portugal
882 694 204 56 instradof
1100 696 131 45 Spain,
1254 694 69 34 and
1339 693 64 50 the
1420 703 104 25 conse-

191 752 115 40 cum
318 746 248 41 Convention,
582 757 66 22 are
665 745 61 34 the
745 743 106 39 chief
865 756 125 33 ceases
1003 743 45 35 of
1058 745 61 33 the
1134 754 129 30 enemy
1283 742 111 43 being
1404 746 44 28 at•
1465 751 60 33 pre-

191 800 81 30 sent
299 793 35 33 in
351 794 204 47 possession
573 795 43 33 of
632 794 167 39 :11adrid,
816 794 70 35 and
906 803 24 24 a
941 796 105 37 great
1062 798 84 40 part
1166 790 41 33 of
1222 790 61 33 the
1303 789 164 35 national
1488 800 35 24 re-

194 843 254 44 aources,.and
468 842 45 33 of
524 853 22 24 a
559 848 103 37 great
676 843 222 52 proportion
917 842 44 33 of
977 843 54 32 his
1046 852 105 33 army
1180 840 35 47 in
1241 839 61 33 the
1323 846 170 35 presence
1507 836 43 34 Of

195 899 99 33 your
313 896 143 37 troops.
514 886 149 38 We';tre
680 891 104 35 now;
806 888 58 39 for
880 891 63 32 the
957 879 78 45 first
1046 889 103 40 time,
1167 886 96 37 told,
1287 886 80 33 that
1387 883 57 45 his
1468 885 52 33 Ma-

187 935 106 46 jesty
317 937 64 37 has
396 938 176 44 formally
592 938 253 44 disapproved
861 935 46 34 of
918 941 99 30 some
1037 934 44 34 of
1097 935 64 33 the
1179 941 110 28 terms
1309 932 41 35 of
1371 933 63 34 the
1453 933 71 34 Con-

196 985 154 34 vention
366 986 202 34 concluded
591 986 37 34 ia
650 985 198 45 Portugal,
867 987 64 31 hut
946 985 113 35 ,what
1087 987 102 40 parts
1217 993 56 24 we
1304 991 65 24 are
1400 990 63 24 not
1495 981 34 33 in-

198 1028 156 48 formed.
400 1035 80 34 The
503 1033 247 34 Commander
769 1035 35 32 in
827 1032 116 37 Chief
954 1033 65 34 has
1030 1030 170 44 assigned
1219 1041 87 32 very
1326 1028 220 45 mysterious

198 1091 150 25 reasons
366 1081 58 34 for
442 1083 170 43 granting
631 1090 109 25 terms
756 1093 40 21 so
814 1074 221 48 favourable
1055 1085 37 26 to
1109 1080 63 37 the
1195 1088 146 33 enemy,
1361 1076 71 35 and
1459 1075 86 45 they

198 1139 86 31 are,
304 1131 60 32 the
379 1130 72 33 bad
469 1129 214 46 equipment
699 1130 45 33 of
764 1129 57 43 his
836 1139 119 32 army,
974 1127 73 37 and
1069 1131 97 28 want
1183 1126 44 39 of
1243 1117 118 52 heavy
1375 1123 170 44 artillery

200 1178 73 34 and
292 1178 169 44 cavalry.
516 1178 81 34 The
613 1178 133 34 second
782 1187 128 37 re4min
940 1178 64 39 the
1036 1175 175 40 depends
1224 1175 120 40 assign
1374 1170 63 43 for
1462 1182 84 30 con-
1578 1191 7 21 4

200 1222 154 46 eluding
370 1226 70 33 and
456 1227 214 48 approving
692 1226 64 33 the
776 1225 249 41 convgntion,
1061 1224 27 34 is
1120 1222 106 39 time,
1256 1227 38 28 to
1320 1220 132 33 enable
1486 1218 61 33 the

206 1272 145 35 British
393 1284 106 33 army
542 1280 38 26 to
605 1272 85 46 join
724 1273 63 33 the
824 1273 214 45 Spaniar4,
1077 1270 69 34 and
1187 1261 133 56 pursue
1356 1269 61 38 the
1452 1269 97 46 main

200 1320 131 44 object
357 1320 45 34 of
429 1323 65 33 the
527 1331 103 30 scar;
670 1328 78 37 yet,
783 1320 64 33 the
876 1319 150 45 English
1058 1324 126 40 troops
1226 1312 97 41 Were
1358 1320 64 40 not
1462 1325 66 21 ena-

202 1368 90 35 bled
334 1372 37 28 to
416 1370 106 35 leave
572 1368 177 44 rorlngal
801 1369 59 33 for
900 1375 78 28 two
1018 1367 142 34 months
1204 1361 112 44 after,
1368 1363 70 35 and
1466 1362 83 33 then

202 1417 97 44 they
351 1426 97 26 were
496 1417 207 43 compelled
745 1422 41 27 to
830 1422 165 30 traverse
1041 1414 64 34 the
1147 1413 125 34 whole
1322 1411 139 45 ground
1505 1420 44 22 on

200 1462 103 44 font,
334 1465 123 33 whilst
487 1465 66 33 the
579 1474 128 34 enemy
739 1465 73 33 had
843 1465 61 33 the
932 1474 64 24 u-e
1031 1463 43 33 of
1089 1473 67 22 our
1175 1466 202 38 transports
1396 1466 39 28 to
1467 1468 63 22 con-

206 1506 73 51 vey
321 1512 98 34 them
452 1519 39 27 to
529 1511 159 43 ,France,
731 1522 31 22 w
774 1513 111 33 hence
911 1512 90 44 they
1044 1520 98 25 were
1174 1508 155 34 enabled
1352 1501 20 41 t
1372 1501 40 41 to
1442 1505 107 35 reach

198 1560 125 48 'Spain
358 1561 34 32 in
429 1561 71 33 less
527 1561 104 35 time,
657 1560 70 35 and
756 1561 71 33 less
859 1558 167 45 fatigued
1068 1558 89 33 than
1189 1567 69 22 our
1290 1567 84 22 own
1408 1561 142 37 troops.

207 1604 47 41 ID
272 1607 63 34 the
352 1607 197 44 beginninz
579 1607 45 33 of
644 1604 94 47 Jitly
767 1607 87 40 last,
881 1607 64 34 the
966 1605 217 40 translation
1214 1605 44 33 of
1283 1615 25 24 a
1336 1615 120 34 paper
1476 1612 74 22 was

203 1655 209 35 circulated
432 1656 164 46 thvough
613 1646 71 47 this
703 1663 175 35 comitry,
906 1655 223 45 purporting
1149 1658 38 28 to
1209 1654 93 41 have
1338 1652 92 35 bien
1460 1651 69 44 pub-

207 1703 124 33 lished
350 1706 45 31 by
418 1703 66 43 the
504 1696 180 54 Supreiir
704 1700 122 45 Junta
842 1703 45 35 of
911 1704 132 43 Spain,
1069 1701 71 35 and
1166 1693 156 59 entitled
1393 1700 136 33 Precau-

390 1752 57 34 Of
455 1747 109 38 'these
579 1750 234 46 prerautiOns
824 1762 67 28 mit*
907 1752 246 33 Government
1166 1759 97 22 Qeem
1277 1743 40 39 in
1333 1748 93 33 have
1446 1746 109 39 taken
1577 1743 4 53 ,

203 1808 53 27 no
274 1798 133 37 notice.
463 1789 44 44 ''
520 1801 149 34 hateVer
686 1801 90 43 plan
807 1799 116 46 §pain
950 1799 137 46 adopts
1120 1796 60 33 for
1211 1796 46 33 it
1285 1807 84 22 own
1388 1794 165 40 deftnce,

204 1843 117 48 ought
339 1852 38 28 to
396 1848 46 31 he
461 1847 219 44 persevered
700 1848 53 39 in,
781 1847 71 34 and
866 1853 58 26 not
945 1844 163 45 changed
1130 1856 98 34 upon
1241 1856 112 33 every
1368 1843 184 35 occasion.

206 1884 86 47 'the
305 1896 157 43 grounds
476 1905 103 35 upon
592 1893 31 51 Sy
631 1894 81 34 hich
730 1896 249 38 Government
1000 1893 142 39 refused
1160 1898 37 28 to
1209 1881 112 46 annul
1343 1891 64 37 the
1420 1891 136 33 Orders

206 1942 40 33 in
259 1936 176 47 Council,
463 1944 37 33 in
519 1943 135 38 favour
664 1944 43 33 of
729 1943 195 40 Atnerica,
948 1952 66 24 are
1029 1941 203 34 somewhat
1252 1937 302 52 exiraprdinary.

209 1989 86 38 The
313 1989 98 37 HOD.
435 1991 213 45 Secretary,
673 1991 37 34 in
729 2002 70 24 one
817 1990 45 34 of
878 1988 53 35 hie
947 1990 146 41 letters,
1117 1998 99 34 says,
1244 1988 80 34 that
1342 1988 59 50 the
1421 1985 136 34 Orders

207 2037 41 34 in
261 2039 157 39 Council
435 2039 79 43 will
533 2039 46 33 be
599 2039 219 46 persevered
834 2039 34 34 in
880 2039 58 33 till
958 2039 52 33 all
1030 2037 145 45 nationS
1187 2036 94 34 shall
1300 2039 44 34 be
1356 2026 200 44 convinced

210 2085 47 35 of
279 2085 51 48 its
344 2085 189 53 inutility,
559 2087 70 34 and
647 2087 81 35 that
748 2087 30 37 it
795 2087 96 33 shall
918 2080 99 38 have
1032 2080 123 46 'falku
1186 2083 77 33 into
1296 2076 176 41 harmless
1487 2083 67 33 and

207 2134 275 43 contemptible
502 2133 214 44 fragments.
772 2134 93 38 This
883 2130 206 41 resolution
1127 2132 14 37 t
1170 2130 106 38 think
1304 2141 90 32 very
1407 2124 128 54 'impro-

211 2190 74 38 per
305 2180 71 52 and
390 2192 260 34 unnecessary,
673 2181 71 37 and
763 2180 85 37 that
875 2190 22 25 a
931 2180 76 34 fair
1031 2176 252 52 opportunity
1313 2180 44 34 of
1381 2174 156 53 leveeing
1537 2174 20 53 .

211 2230 71 38 the
293 2230 154 44 !umber
459 2241 40 24 or
523 2241 71 45 our
612 2231 158 35 enemies
784 2230 113 43 ought
918 2238 113 28 never
1048 2235 38 27 to
1107 2231 43 30 be
1168 2228 155 38 suffered
1343 2233 38 27 to
1409 2235 148 40 escape.

210 2277 209 50 6mi:illy
448 2276 61 35 for
524 2288 24 25 a
573 2288 125 40 reason
716 2280 46 32 of
781 2288 43 25 so
840 2277 102 35 little
963 2275 263 46 consequence.
1283 2275 38 38 It
1343 2276 30 34 is
1402 2280 65 30 not
1498 2285 57 33 my

213 2324 185 51 Inteotinu
415 2330 40 47 Ift
485 2324 109 40 move
618 2336 72 34 any
716 2326 247 38 Amendment
983 2334 102 44 upon
1116 2324 57 33 th..
1214 2327 146 43 present
1381 2321 176 44 Address,

211 2372 73 38 but
298 2373 98 57 Opoo
412 2370 126 41 future
568 2373 185 38 occasions
771 2374 18 41 I
807 2372 97 37 shall
924 2373 92 37 take
1029 2382 47 27 an
1093 2370 246 46 opportunity
1359 2370 46 34 of
1427 2369 131 46 taking

213 2414 70 41 the
301 2430 97 25 sense
416 2421 43 33 of
472 2417 63 38 the
556 2420 237 47 lloisenpon
814 2419 63 35 the
892 2420 249 40 Convention,
1169 2419 63 35 the
1243 2418 129 35 affairs
1387 2417 46 37 of
1442 2417 113 50 Spain

215 2469 77 39 tied
308 2477 69 26 our
392 2469 161 52 relviou
569 2469 91 37 with
674 2470 64 37 the
755 2469 138 39 United
906 2458 122 45 States
1041 2478 40 24 or
1107 2467 194 40 America.

272 2516 97 40 Lord
387 2516 57 38 CA
456 2526 43 31 sT
507 2525 80 27 LEA
598 2524 50 30 EA
835 2515 80 45 The
933 2509 77 46 first
1025 2515 159 35 instance
1194 2515 47 34 of
1258 2519 97 30 want
1370 2515 45 33 of
1428 2513 129 45 vigour

220 2564 175 43 aseribcd
413 2569 40 30 to
474 2564 190 40 'linisters
683 2574 91 32 was,
801 2563 99 39 their
918 2564 150 41 :ending
1082 2574 24 24 a
1137 2563 84 40 fleet
1240 2563 91 34 with
1349 2574 24 22 a
1391 2562 165 44 military

220 2611 106 34 force
344 2611 78 39 Into
439 2611 65 43 the
540 2611 123 40 Baltic
681 2611 37 37 in
748 2613 63 34 the
840 2611 139 46 spring,
1011 2610 124 43 which
1159 2621 76 26 was
1253 2616 65 28 not
1336 2610 122 34 called
1485 2611 76 32 into

217 2650 272 54 employment,
548 2660 47 39 As
613 2659 58 35 far
703 2670 41 25 as
774 2659 191 46 respected
1000 2669 69 25 our
1103 2654 104 50 fleet,
1234 2668 69 28 our
1322 2655 239 37 interference

220 2717 83 35 was
319 2707 215 45 extremely
568 2712 236 43 opportune;
833 2705 59 37 for
924 2706 64 34 the
1010 2702 169 48 Marquis
1195 2704 41 37 ac
1261 2706 185 43 Romana,
1478 2706 83 34 who

223 2765 81 31 was
317 2754 85 40 then
420 2753 128 47 oil'the
566 2756 126 39 shores
709 2756 45 33 of
768 2757 65 34 the
856 2754 136 40 Baltic,
1023 2754 65 34 has
1113 2754 189 39 declared,
1329 2756 80 33 that
1442 2758 40 30 at
1502 2752 60 35 the

222 2812 96 34 very
333 2803 89 41 time
452 2815 70 32 top-
547 2804 86 37 acet
663 2802 211 58 appeared,
899 2803 60 34 the
983 2802 143 35 French
1148 2813 24 20 w
1183 2812 60 26 erc
1270 2802 116 33 about
1420 2807 38 26 to
1478 2802 86 32 take

223 2852 206 44 pdsse,liqn
446 2849 53 37 of
515 2849 180 44 Zealand,
719 2849 73 38 and
813 2851 93 39 frpri
941 2851 131 32 thence
1100 2859 81 33 pa.s
1200 2859 90 22 over
1320 2849 74 33 into
1419 2849 143 32 Scania.

224 2898 67 40 but
311 2898 81 38 that
410 2900 93 44 they
523 2910 97 24 were
637 2898 202 57 prevented
856 2897 94 38 from
983 2898 84 33 thus
1084 2897 194 43 ;tic:eking
1304 2897 63 32 the

227 2948 156 37 tiii•Neden
403 2948 50 43 by
480 2947 64 34 the
572 2948 139 41 arrival
744 2946 46 34 of
819 2956 67 22 our
919 2943 99 45 feet,
1077 2944 107 33 What
1205 2944 64 34 the
1283 2944 283 34 circumstances

266 3005 64 25 ere
348 2994 122 35 which
493 2995 202 46 prevented
722 3005 73 25 our
813 2994 102 34 force
934 2992 98 37 froM
1056 2993 110 39 twin::
1183 2991 120 37 called
1324 2991 78 35 into
1429 2991 139 41 action,

234 3043 184 41 .ainisters
437 3044 126 35 would
585 3043 94 39 have
696 3054 47 34 po
769 3040 203 48 hesitation
992 3047 37 28 to
1056 3040 156 45 explain
1231 3045 40 33 at
1303 3051 24 24 a
1346 3048 143 37 proper
1505 3050 41 33 pe-

227 3091 98 34 r.od.
402 3091 80 41 The
507 3091 113 44 Hight
641 3083 100 52 4iop.
763 3089 112 37 Gent.
892 3089 69 39 had
979 3089 99 39 said,
1103 3089 80 33 that
1204 3087 102 33 there
1335 3099 44 19 iv
1380 3099 27 21 is
1427 3099 22 21 a
1467 3093 103 35 great

279 3138 138 40 crsi4ht
435 3139 34 31 in
490 3146 63 26 nor
566 3137 201 48 providing
778 3138 63 38 the
859 3136 177 48 Portugal
1051 3133 223 46 expedition
1289 3146 27 21 w
1326 3133 25 34 it
1361 3136 19 31 h
1586 3133 1 52 '

226 3185 168 46 cavalry.
448 3187 168 45 Cavalry
631 3185 109 40 could
758 3189 64 39 not
841 3185 45 40 be
896 3185 148 35 carried
1061 3185 113 32 about
1192 3194 25 22 w
1231 3182 52 34 ith
1303 3193 24 22 a
1342 3183 152 43 I!oating
1507 3193 45 22 ex-

228 3234 185 54 pedition,
441 3235 164 34 de,tisicd
635 3240 40 35 to
690 3239 60 31 act
769 3233 198 44 according
990 3239 39 37 to
1051 3231 294 34 dream:lances.
1400 3231 72 33 His
1495 3231 77 33 Nia-

217 3281 138 46 Jesty's
377 3283 156 33 Answer
553 3288 39 27 to
609 3282 60 33 the
698 3281 91 48 City
813 3280 46 37 of
882 3278 146 47 Loodini
1048 3291 46 26 on
1109 3280 61 33 the
1191 3278 132 33 Cintra
1343 3279 229 34 Convention

227 3330 74 46 had
331 3331 78 40 also
429 3332 90 32 !wen
537 3330 116 34 dwelt
677 3340 113 33 upon,
816 3338 41 26 as
889 3326 162 45 farming
1075 3338 24 24 a
1127 3325 41 40 at
1199 3325 71 46 subj
1270 3325 18 46 -
1287 3325 54 46 !ct
1376 3327 44 31 oi
1440 3327 136 34 ehanze

226 3381 145 43 typiost
402 3378 54 43 ills
481 3376 194 58 Ntrijevt7's
703 3376 203 43 Miniptcrs.
960 3376 18 35 I
999 3380 107 41 truss,
1135 3374 191 40 however,
1352 3376 81 32 that
1454 3376 24 31 it
1499 3376 73 32 will

227 3428 48 33 he
296 3428 151 51 qtair,lit
483 3428 63 33 for
563 3428 52 33 att
635 3425 60 34 the
712 3425 130 34 efforts
865 3424 43 33 of
921 3420 216 39 Gentlemen
1155 3432 47 24 on
1231 3422 60 33 the
1311 3428 109 27 ote.r
1437 3422 74 34 side
1538 3429 35 27 to

227 3475 184 45 persuade
436 3464 61 48 the
520 3475 93 41 City
630 3472 45 34 of
698 3470 150 38 London
875 3472 80 35 that
976 3469 247 44 Government
1237 3477 119 28 meant
1374 3481 44 25 or
1436 3470 139 34 wished

227 3528 126 39 to-'ay
374 3520 71 46 any;
464 3520 111 51 thing
594 3511 263 58 disrespectful
892 3526 39 28 to
950 3519 100 35 them
1078 3530 46 27 on
1148 3519 86 35 that
1259 3519 184 34 orcaion.
1499 3519 77 33 Thr

231 3570 92 45 City
340 3570 43 38 of
406 3570 155 52 Londip
581 3569 71 35 had
677 3567 202 47 expressed
900 3570 44 33 its
963 3566 178 48 opinion:
1173 3565 57 47 his
1250 3565 161 52 Majesty
1434 3567 142 45 replied

228 3628 31 24 ss
272 3618 52 43 jth
344 3614 293 50 correspOndiaz
653 3617 200 48 plalnutss,
879 3615 71 34 and
972 3614 18 35 I
1011 3618 91 31 trust
1136 3611 83 38 that
1246 3615 156 44 nothing

227 3667 89 33 that
344 3663 176 45 necaiipti
544 3663 107 39 could
687 3664 83 44 tend
796 3669 40 31 to
854 3663 118 35 shake
1003 3663 65 33 the
1094 3658 148 50 respect
1270 3661 44 33 of
1335 3661 63 34 the
1433 3663 87 45 City
1539 3659 44 38 of

227 3715 234 43 Lando:ll(v
494 3707 235 56 WS:l6.lOly
756 3720 63 27 'Or
848 3712 99 41 their
977 3702 213 45 confidence
1224 3715 39 30 to
1296 3710 54 39 his
1384 3709 195 47 Majesty's

676 3754 21 12 ••
763 3754 4 12 •

229 3762 206 37 Ministers.

285 3811 71 34 gr.
372 3811 195 53 Secretary
587 3810 57 43 CA
654 3808 206 38 NVIVC...'".
860 3808 19 38 4
879 3808 19 38 ,
926 3806 19 37 I
971 3806 98 38 have
1087 3816 45 24 no
1162 3806 201 46 hesitation
1400 3811 39 30 to
1456 3806 115 35 admit

229 3861 79 39 Sir,
340 3859 89 35 with
459 3861 60 32 the
535 3860 33 33 .1:
804 3856 219 41 Gentlemen
1041 3852 197 52 opposite,'
1260 3853 81 37 that
1359 3854 65 35 the
1437 3860 142 39 present

228 3909 31 33 is
274 3904 50 58 IN
345 3909 45 33 hum
399 3907 151 54 phrtont
738 3899 312 50 tacknowledge
1068 3904 93 41 also,
1183 3902 83 40 that
1280 3904 35 33 in
1335 3904 131 33 yahoo
1500 3905 60 32 suh-

217 3956 103 46 jilts
339 3950 143 45 eann:•ct
482 3950 18 45 ,
500 3950 163 45 .:d'iiith
690 3956 58 43 his
777 3950 200 60 Majesty's
990 3948 142 47 Speech
1153 3950 104 41 there
1278 3951 28 33 is
1323 3951 107 37 much
1453 3959 131 26 ma:ter

227 4006 63 35 for
309 4012 142 40 matter
468 4002 288 38 consideration`.
789 3991 83 45 'the
888 4000 61 41 Rt.
970 4000 103 40 lion.
1089 3998 217 35 Gentleman
1324 4007 146 28 accuse:
1489 4010 38 24 us
1545 4000 43 33 of

227 4051 143 58 having
383 4054 107 37 acted
659 4077 12 17 ,
686 4062 41 24 as
748 4051 34 35 if
810 4046 193 46 whatever
1032 4057 74 24 was
1123 4046 94 35 done
1240 4046 136 44 hastily
1395 4058 77 24 was
1492 4049 91 33 done

228 4113 28 30 y
270 4100 103 53 Ong.
393 4103 83 41 The
488 4101 112 43 facts,
614 4101 43 34 he
670 4096 84 40 tells
764 4110 56 32 us,
833 4098 46 46 tie
894 4096 64 35 has
969 4095 155 37 derived
1133 4094 97 35 from
1245 4095 63 34 the
1322 4106 236 34 newspapers
1572 4110 11 25 ;

228 4152 46 37 tie
294 4142 131 54 ought,
446 4144 76 46 Si?s,
544 4155 37 28 to
602 4149 94 34 have
716 4148 77 35 told
822 4152 40 33 Us
892 4143 100 53 more
1013 4156 11 27 ;
1055 4144 45 33 be
1117 4141 117 47 ought
1257 4149 39 27 to
1325 4144 93 32 have
1446 4146 79 33 told
1539 4156 28 21 st
1567 4156 15 21 ,

253 4201 67 54 ;4;11.
341 4199 45 44 he
417 4205 66 50 40
514 4196 58 44 his
587 4202 213 47 Arguments
820 4196 104 44 thefe
951 4181 97 67 41:0,
1101 4191 57 48 (A
1185 4188 152 52 laugh).
1393 4191 105 39 With
1517 4204 70 26 res.

2678 78 161 53 JAN.
2858 80 85 53 92.

1604 221 83 37 pect
1703 221 37 27 to
1772 215 52 33 his
1851 214 115 43 facts,
1993 216 73 41 Sir,
2098 217 15 33 I
2152 214 115 38 know
2295 220 69 30 not

2388 211 135 46 ,where
2556 215 45 31 he
2641 223 81 34 may
2760 210 97 37 have
2885 214 69 41 got

1603 262 99 34 them
1717 274 12 31 ;
1755 265 63 32 but
1847 263 57 34 his
1924 270 226 39 arguments,
2179 265 18 33 I
2229 273 58 31 am
2313 273 85 28 sure
2425 272 65 26 are
2513 261 89 37 such
2627 270 46 26 .as
2706 260 17 37 I
2744 259 97 38 have
2868 269 85 28 seen

1604 301 216 54 repeatedly
1839 312 120 46 lately
1983 313 40 39 in.
2035 314 109 37 those
2176 311 164 43 vehicles
2354 309 44 39 of
2414 309 171 40 infortnnt
2594 309 60 33 inn
2675 308 43 38 he
2734 307 146 39 alludes
2894 313 56 33 to.

1603 358 84 35 The
1707 366 152 28 moment
1896 361 26 33 it
1961 372 73 22 was
2061 361 138 35 known
2236 358 34 34 in
2290 358 73 32 this
2388 363 155 35 country
2574 358 80 33 that
2676 357 60 34 the
2759 356 185 45 Supreme

1605 406 118 37 Junta
1740 417 74 26 was
1831 409 244 43 established,
2101 407 97 43 Gen.
2215 406 151 37 Baird's
2381 417 105 33 array
2509 416 74 25 was
2602 403 156 37 ordered
2776 409 81 32 out,
2876 402 72 46 and

1604 455 237 45 deputations
1869 464 78 31 sent
1975 463 39 32 to
2048 458 65 34 the
2147 459 80 32 new
2265 454 248 41 Government
2531 459 37 28 to
2587 452 111 34 order
2718 461 142 37 proper
2887 459 45 25 ac-

1606 504 289 40 commodation,
1916 504 59 40 for
1990 506 65 33 the
2085 506 195 45 receptiou
2307 502 47 33 of
2383 511 66 25 our
2477 511 107 34 army
2616 507 39 26 at
2674 500 185 35 Corunna.
2913 496 40 35 It

1605 552 149 34 arrived
1772 556 39 31 at
1827 552 176 39 Corunna
2015 553 129 35 before
2170 554 65 32 the
2258 560 193 35 necessary

2464 548 272 46 ,preparations
2766 547 74 34 had
2859 546 58 51 bee
2936 546 19 51 4

1609 598 104 35 made
1739 605 37 30 to
1798 601 150 37 receive
1968 601 112 43 them,
2107 601 71 34 and
2198 600 129 38 before
2344 596 66 34 the
2434 598 126 39 orders
2591 596 63 39 for
2687 595 81 34 that
2790 604 164 35 purpose
2969 595 5 48 .

1609 646 70 35 had
1714 648 89 40 beep
1830 648 170 40 received
2020 648 96 35 from
2135 648 65 34 the
2219 653 178 39 Supreme
2418 645 128 35 Junta.
2577 643 93 40 This
2696 650 177 31 accounts
2893 641 63 33 for

1607 694 64 33 the
1687 694 106 46 delay
1822 694 46 37 of
1896 697 64 33 the
1976 697 270 44 debarkation,
2264 694 44 41 of
2333 693 124 40 which
2490 704 40 22 so
2549 692 105 35 much
2678 691 61 39 has
2767 691 93 34 been
2887 699 45 22 un-

1609 746 219 43 necessarily
1846 744 97 40 said.
2000 744 105 45 With
2134 752 146 39 respect
2298 752 40 26 to
2370 742 61 38 the
2460 741 113 45 delay
2603 739 45 35 of
2678 739 61 34 the
2757 733 137 47 sailing
2913 735 46 34 of

1610 791 71 33 this
1707 798 220 37 armament,
1957 793 54 41 his
2042 793 197 46 Majesty's
2274 790 195 37 Ministers
2502 798 98 24 were
2624 785 152 47 equally

1610 840 81 34 less.
1748 841 122 44 Every
1905 841 194 34 document
2118 852 47 30 on
2183 844 74 33 this
2274 839 144 45 subject
2450 839 78 35 will
2554 839 46 32 be
2627 835 119 44 freely
2777 833 78 37 laid
2889 831 43 33 be-

1609 887 81 37 fore
1707 888 63 34 the
1791 889 143 40 House,
1958 888 71 34 and
2063 891 17 33 I.
2108 896 135 30 cannot
2263 888 86 43 help
2369 886 156 44 looking
2545 882 162 38 forward
2738 882 91 33 with
2848 880 85 46 plea-

1609 946 84 24 sure
1722 944 37 26 to
1779 938 60 37 the
1859 935 149 46 period,
2036 937 106 35 when
2159 939 56 33 his
2235 931 191 50 Majesty's
2441 935 246 31 Government
2705 930 83 34 will
2809 930 94 33 have
2923 928 31 33 it

1611 984 34 33 in
1663 985 44 33 its
1728 996 129 34 parser
1870 984 230 45 completely
2118 991 39 28 to
2170 989 102 32 clear
2287 970 115 50 itself.
2444 981 83 34 The
2542 980 220 33 Gentlemen
2778 976 181 46 opposite

1611 1031 97 35 have
1739 1033 79 38 also
1843 1033 81 33 said
1958 1033 106 34 much
2101 1033 206 46 respecting
2335 1030 66 34 the
2428 1028 197 50 propriety
2654 1026 44 33 of
2711 1025 152 45 sending
2881 1032 70 25 our

1612 1080 74 38 first
1715 1085 204 31 armataent
1948 1087 39 27 to
2007 1082 197 44 Portugal.
2261 1082 113 33 From
2396 1078 51 38 all
2465 1077 60 38 the
2546 1072 347 46 militaryopinions
2910 1069 45 37 of

1610 1140 72 33 any
1695 1139 262 34 consequence,
1975 1128 15 34 I
2002 1141 58 24 um
2073 1130 201 39 convinced
2288 1129 84 35 that
2387 1124 181 44 Horogal
2581 1131 76 35 was
2666 1121 61 37 the
2735 1126 98 33 most
2846 1119 94 46 eligi-

1612 1178 60 32 ble
1687 1179 104 44 point
1804 1183 35 27 to
1857 1188 22 21 tt
1894 1178 86 33 Welt
1994 1178 81 39 that
2085 1176 206 46 armiment
2307 1175 110 41 could
2431 1174 45 33 be
2484 1178 91 27 seat.
2604 1168 247 46 Cqnsidering
2867 1167 71 41 Por
2937 1167 25 41 t

1612 1228 100 40 tugal
1730 1238 39 24 as
1786 1225 162 44 formiog
1968 1231 86 38 part
2066 1225 44 38 of
2119 1226 64 35 the
2196 1237 98 25 same
2307 1221 198 38 Peninsula
2529 1218 91 34 with
2634 1211 152 50 Spaith,-
2786 1211 19 50 7
2805 1211 154 50 thetirsc

1612 1285 187 34 necessary
1818 1280 83 38 step
1922 1283 92 34 was,
2040 1279 39 28 to
2098 1274 107 40 drive
2223 1273 60 34 the
2302 1270 142 39 Freuch
2459 1267 96 35 from
2581 1263 194 46 Portugal,
2790 1261 41 37 in
2849 1261 110 33 order

1613 1329 38 26 to
1674 1333 168 33 preserve
1863 1320 61 37 the
1943 1322 208 37 contineitv
2167 1322 70 34 mid
2255 1326 35 28 to
2306 1320 103 43 keep
2424 1326 50 33 up
2491 1325 24 22 a
2531 1311 219 39 connection
2767 1309 73 44 tied
2858 1319 109 25 cons-.

1615 1371 222 38 munleation
1859 1369 93 37 with
1983 1370 63 37 the
2066 1370 123 35 North
2209 1369 45 34 of
2268 1368 130 45 Spain.
2451 1364 83 34 One
2565 1359 43 40 of
2622 1359 63 33 the
2717 1357 239 46 precautions

1616 1419 124 34 which
1760 1419 60 34 the
1844 1419 118 43 Right
1993 1419 99 38 Hon.
2114 1419 216 44 Gentleman
2347 1424 86 33 says
2452 1421 57 34 we
2528 1408 118 45 ought
2662 1413 39 27 to
2733 1406 96 33 have
2846 1403 116 45 taken

1617 1476 77 27 was
1711 1472 35 35 to
1765 1468 94 33 have
1872 1470 64 38 got
1958 1463 204 46 ppsses;ion
2178 1465 151 38 ofstune
2343 1468 119 32 town,
2486 1459 83 38 that
2587 1454 117 44 might
2715 1453 94 39 have
2828 1452 116 40 served
2943 1452 20 40 .

1613 1525 41 24 as
1668 1525 24 24 a
1707 1515 111 44 depot
1837 1514 72 33 and
1939 1522 24 25 a
1981 1514 162 43 rallying
2172 1513 122 44 point,
2307 1509 37 37 in
2361 1520 83 28 case
2461 1506 44 40 of
2515 1504 196 47 necessity.
2765 1501 137 41 Lisbon
2928 1501 32 34 is

1615 1561 152 44 exactly
1833 1561 112 45 place
1962 1560 45 35 of
2021 1561 71 33 this
2109 1560 252 46 description,
2388 1556 70 37 and
2478 1551 208 44 therefore,
2713 1559 86 31 way,
2813 1558 48 27 au
2889 1548 47 33 ob-

1606 1609 87 45 ject
1710 1609 129 46 highly
1857 1609 196 45 deserving
2070 1607 43 35 of
2134 1607 110 44 being
2272 1605 167 40 secured,
2465 1602 70 39 and
2558 1600 118 53 where
2676 1600 24 53 ;
2719 1600 44 33 at
2789 1594 77 40 this
2882 1606 60 34 tno
2942 1606 21 34 3

1618 1664 94 34 meat
1731 1668 66 31 our
1817 1662 130 39 troops
1967 1657 74 34 live
2059 1668 46 25 on
2120 1655 63 35 the
2200 1659 94 30 must
2310 1651 187 37 amicable
2518 1656 109 30 terms
2655 1645 94 43 with
2769 1644 63 41 the
2850 1644 110 35 inhas

1617 1707 150 38 hitants.
1822 1706 73 35 But
1915 1706 63 37 the
2013 1704 118 44 Bight
2156 1703 104 35 lion.
2291 1702 216 37 Gentleman
2528 1698 28 33 is
2585 1696 81 40 alsq
2685 1693 280 48 ogeected•that

1620 1755 53 32 his
1717 1753 195 46 Majesty's
1961 1754 254 35 Government
2257 1750 133 35 should
2432 1752 105 30 enter
2585 1744 80 43 into
2706 1752 74 32 any
2824 1739 138 40 formal

1617 1807 123 39 treaty
1773 1801 90 37 with
1899 1801 64 38 the
2013 1800 250 39 Government
2302 1798 46 33 of
2386 1795 130 46 Spairi.
2590 1791 38 40 It
2661 1800 76 25 was
2766 1788 198 45 generally

1620 1850 220 39 understood
1870 1848 131 38 before
2027 1848 65 33 the
2109 1848 99 40 close
2238 1846 45 37 of
2307 1846 65 34 the
2400 1845 67 37 last
2489 1840 144 41 session
2661 1837 44 45 of
2730 1837 231 52 Parliament

1620 1899 83 33 that
1733 1898 56 38 his
1808 1896 163 46 Majesty
1990 1894 70 35 had
2078 1894 168 45 engaged
2261 1899 39 31 to
2315 1893 66 39 aid
2408 1890 72 39 and
2504 1891 162 43 support
2693 1885 66 43 the
2779 1884 185 50 Paiciots:

1626 1945 89 37 Will
1733 1945 27 34 it
1789 1946 44 33 he
1850 1946 43 33 of
1917 1956 45 22 no
1993 1954 249 33 consequence
2269 1946 40 33 to
2341 1939 41 45 Jo
2382 1939 21 45 ,
2404 1939 85 45 epli
2526 1937 234 43 ilonaparte,
2789 1925 89 46 'that
2904 1941 64 26 we*

1618 1994 131 39 should
1766 1993 169 46 publicly
1969 1993 197 43 recogni*e
2198 1993 63 32 the
2287 1988 163 47 Spanish
2478 1985 267 38 Government,
2767 1980 72 40 and
2868 1982 98 37 treat

1622 2041 91 34 with
1734 2041 28 34 it
1779 2041 240 43 accordingly
2034 2040 12 33 t
2076 2040 81 44 The
2179 2039 115 45 Right
2313 2039 104 34 lion.
2437 2035 196 40 secretary
2657 2031 86 38 then
2771 2028 196 43 adverted;

1623 2091 91 32 with
1737 2091 54 32 his
1808 2088 274 43 usual'ability,
2105 2093 39 34 to
2172 2086 63 38 the
2255 2083 168 38 remarks
2457 2083 84 37 that
2568 2078 72 39 had
2653 2078 116 41 fallen
2786 2075 99 38 from
2903 2075 40 52 the
2943 2075 28 52 ..

1619 2137 111 35 other
1757 2137 112 39 side
1870 2135 46 34 of
1949 2135 64 34 the
2043 2125 137 46 House
2210 2128 210 53 respecting
2447 2128 193 41 America.
2712 2125 83 39 The
2816 2122 152 46 dispute

1622 2196 91 31 was,
1757 2185 169 38 whether
1945 2172 2 54 -
1965 2184 63 37 the
2068 2181 162 43 French,
2272 2181 35 38 in
2341 2179 110 40 .their
2496 2176 129 35 Berlin
2666 2172 163 47 Decree,
2871 2181 98 25 were

1622 2233 63 33 the
1702 2243 222 33 aggressors,
1944 2241 44 28 or
2021 2231 77 37 this
2122 2233 159 41 country
2294 2231 43 34 in
2355 2228 102 39 their
2478 2222 188 41 blockade
2681 2220 45 39 of
2750 2220 60 37 the
2841 2217 130 37 Conti.

1619 2285 100 37 tient,
1741 2280 92 38 from
1852 2281 63 35 the
1933 2280 97 33 Elbe
2049 2285 38 32 so
2108 2280 61 35 the
2189 2278 144 40 Weser,
2346 2288 25 25 a
2387 2270 187 39 blockade
2595 2268 123 48 which
2739 2267 64 37 the

1619 2339 69 33 say
1708 2339 76 31 was
1794 2329 144 41 against
1949 2327 64 34 the
2026 2336 170 25 common
2211 2335 128 34 usages
2354 2323 46 34 of
2413 2331 94 30 war,
2516 2329 41 28 as
2571 2319 30 33 it
2616 2326 76 27 was
2705 2320 65 33 not
2783 2311 188 51 sustained

1622 2375 51 45 by
1703 2386 26 26 a
1762 2375 209 45 legitimate
2003 2373 119 44 force,
2156 2373 73 38 and
2261 2370 196 39 therefore,
2480 2363 216 53 warranted
2720 2362 102 44 their
2842 2360 130 38 Berlin

1625 2422 142 40 Decree
1785 2432 39 26 as
1839 2434 24 22 a
1883 2432 167 33 measure
2066 2421 43 34 of
2124 2420 215 40 retaliation
2353 2422 17 37 st
2391 2417 167 43 wbereaS
2574 2422 59 33 we
2648 2411 79 38 said
2747 2411 30 38 it
2806 2418 74 35 wee

1622 2471 126 40 tamed
1756 2471 48 45 by
1818 2481 24 24 a
1850 2470 209 45 legitimate
2073 2469 104 40 Nrce
2190 2469 110 45 equal
2311 2476 38 28 to
2362 2466 61 35 the
2433 2456 396 46 extentofblockade.
2858 2456 116 46 Awe%

1623 2520 80 33 rica
1722 2519 70 38 had
1805 2516 227 52 Maintained
2059 2517 78 37 that
2152 2516 64 35 she
2230 2516 70 37 had
2314 2520 65 31 not
2394 2513 72 35 had
2490 2510 87 40 time
2590 2515 40 31 to
2640 2507 120 46 apply
2770 2512 45 31 to
2828 2505 146 37 France

1623 2568 59 32 for
1700 2567 151 37 redress.
1909 2567 69 33 We
1994 2576 94 35 gave
2105 2565 124 34 notice
2248 2569 38 30 to
2304 2563 67 35 her
2387 2557 253 40 Ambassador
2656 2556 37 35 in
2711 2554 170 40 London,
2898 2551 73 38 and

1625 2615 33 32 in
1674 2626 24 22 a
1720 2615 100 34 week
1831 2613 119 45 after,
1980 2614 34 40 in
2033 2613 64 34 the
2124 2611 197 44 beginning
2347 2610 46 37 of
2413 2610 190 41 January,
2622 2603 117 43 4410
2756 2602 61 41 toe
2836 2598 138 38 Orders

1624 2662 44 34 of
1700 2663 168 35 Council.
1938 2662 35 35 It
2006 2667 73 30 was
2105 2666 138 30 matter
2274 2657 44 33 of
2348 2657 196 38 notorious
2568 2652 98 47 fort,
2704 2650 195 39 however,
2927 2648 47 35 he

1626 2709 237 41 maintained,
1881 2709 83 33 that
1977 2709 65 33 the
2059 2707 202 35 American
2278 2706 188 43 Embargo
2483 2709 77 33 was
2575 2706 65 33 not
2653 2698 63 50 the
2727 2706 252 37 consequence

1626 2758 45 33 of
1693 2757 63 39 the
1773 2757 138 34 Orders
1945 2756 47 35 of
2020 2756 172 39 Council,
2212 2754 126 40 which
2366 2761 104 28 were
2496 2756 65 31 not
2577 2748 142 46 loown
2737 2746 35 35 in
2792 2744 181 38 America

1630 2805 107 40 when
1755 2806 63 35 the
1835 2806 180 40 embargo
2048 2815 76 22 was
2157 2802 78 38 laid
2261 2812 59 25 on.
2375 2802 61 43 HA
2454 2796 178 41 observed
2657 2793 165 45 farther,
2839 2793 80 35 that
2935 2797 44 32 at

1630 2854 63 32 the
1720 2859 156 27 moment
1913 2852 178 33 America
2119 2859 78 26 was
2229 2849 151 44 making
2398 2848 65 35 the
2496 2844 252 47 propositioss
2765 2841 151 43 alluded
2937 2846 43 30 to

1630 2901 76 35 this
1733 2911 170 33 country,
1923 2900 66 35 she
2015 2897 181 37 admitted
2217 2898 141 37 French
2368 2896 107 43 ships
2499 2891 46 37 of
2552 2901 79 25 war
2646 2891 77 39 into
2734 2890 67 33 her
2819 2894 120 40 ports,
2953 2898 26 27 a

1632 2940 180 53 privilege
1830 2949 64 34 she
1913 2948 180 44 persistNl
2113 2947 34 34 in
2174 2944 162 46 denying
2355 2952 38 26 to
2524 2940 91 34 Had
2633 2939 73 34 this
2732 2939 252 38 Government

1630 2996 158 33 acceded
1802 3001 38 28 to
1863 2998 64 32 her
1946 2994 269 47 propositiowz,
2235 2993 204 37 therefore,
2467 2999 67 31 our
2561 2985 274 38 merchantmen
2854 2983 125 39 would

1635 3044 96 33 have
1756 3045 87 32 heeu
1861 3044 152 44 obliged
2033 3054 38 22 to
2087 3043 105 33 trade
2224 3040 122 38 in.her
2366 3045 106 41 ports
2496 3037 165 35 without
2686 3034 64 41 the
2770 3032 215 50 protection

1635 3091 44 33 of
1700 3091 136 37 British
1850 3102 183 31 convos,
2062 3091 70 35 and
2152 3089 168 44 exposed
2340 3094 39 27 to
2400 3089 45 33 be
2464 3084 182 45 captured
2674 3081 50 43 by
2748 3081 69 39 the.
2830 3080 149 37 French

1635 3138 104 46 ships
1755 3141 43 32 of
1818 3149 91 31 war,
1935 3128 4 57 •
1965 3139 80 33 The
2072 3136 207 38 American
2308 3142 105 35 coast
2450 3132 123 40 would
2606 3133 35 39 in
2669 3129 73 41 this
2758 3137 102 30 .Case
2888 3128 96 34 have

1637 3189 150 32 become
1811 3189 22 32 rt
1859 3194 79 27 vest
1955 3188 45 32 of
2011 3188 220 44 privateers,
2257 3184 70 37 and
2363 3184 94 35 have
2480 3180 198 47 prevented
2695 3188 72 33 any
2787 3176 197 39 beneficial

1637 3236 130 32 ee(mlts
1786 3241 37 27 to
1840 3235 70 34 this
1931 3241 156 38 country
2102 3235 94 33 from
2216 3231 45 34 its
2277 3231 261 39 concessions..
2569 3227 84 41 The
2667 3223 143 39 French
2835 3224 72 39 and
2927 3234 59 31 wA

1641 3292 99 25 were
1753 3289 61 40 nnt
1831 3293 45 24 on
1893 3294 47 25 an
1958 3283 107 44 equal
2080 3281 146 44 footing
2241 3281 91 35 with
2350 3279 204 38 America,.
2587 3278 66 35 Let
2672 3274 65 35 her
2746 3270 162 44 exclude
2920 3272 64 35 the

1638 3330 104 46 ships
1754 3330 45 34 of
1811 3343 78 26 war
1903 3332 45 32 of
1963 3331 89 34 both
2074 3332 155 37 itowert
2241 3330 155 45 equally
2412 3327 94 34 from
2523 3327 64 32 her
2600 3320 196 48 ports,and
2813 3321 87 33 then
2911 3321 73 34 this

1641 3385 154 37 country
1814 3379 118 44 might
1952 3384 97 30 treat
2069 3379 92 34 with
2184 3376 67 39 her
2275 3389 45 22 on
2340 3374 231 41 honourable
2600 3379 137 33 terms;
2764 3370 83 38 but,
2869 3369 33 34 in
2922 3369 63 35 the

1642 3433 143 37 present
1802 3423 295 43 circumstances,
2133 3428 46 32 he
2205 3424 111 38 could
2343 3430 73 31 not.
2437 3422 169 44 consider
2621 3420 66 34 her
2714 3429 39 25 as
2781 3428 24 24 a
2822 3416 77 37 fair
2915 3418 83 35 and•

1642 3474 190 45 impartial
1856 3475 161 35 Neutral
2050 3475 146 35 Power.
2256 3467 104 45 With
2381 3475 142 43 respect
2551 3475 41 30 to
2615 3467 63 39 the
2696 3468 137 38 silence
2864 3467 44 34 of
2933 3468 57 38 his

1645 3522 190 46 Majesty's
1854 3522 143 45 Speech
2020 3523 210 44 respecting
2259 3531 67 25 our
2346 3519 178 39 relations
2537 3517 96 35 with
2648 3516 175 43 Turkey,
2850 3517 47 34 he
2915 3517 73 38 had
3032 3516 2 52 •

1642 3578 39 26 to
1696 3570 172 46 acquaint
1890 3572 63 33 the
1977 3570 9 33 I
2017 3581 87 25 ouse
2121 3570 84 35 that
2224 3570 249 34 Government
2491 3566 70 34 had
2574 3570 63 28 not
2655 3565 112 35 beard
2786 3565 97 37 from
2909 3559 78 45 Mr.

1648 3617 132 45 Adair,
1796 3630 66 22 our
1877 3620 78 35 late
1974 3620 35 32 M
2020 3618 128 35 inister
2176 3620 38 33 in
2235 3619 79 35 that
2333 3624 172 38 quarter,
2520 3615 99 34 since
2633 3613 46 34 he
2698 3612 70 37 left
2785 3614 124 35 Malta
2926 3614 65 39 the

1645 3665 255 46 beginning_of
1923 3667 89 41 44-!l
2011 3667 18 41 ,
2029 3667 107 41 tember
2150 3667 85 35 last.
2287 3664 106 38 With
2415 3667 142 43 respect
2587 3669 39 27 to
2659 3661 181 40 Sweden;
2865 3661 27 33 it
2915 3672 73 27 was

1646 3716 86 33 tveil
1753 3715 220 37 understood
2007 3716 46 43 by
2091 3715 81 35 that
2209 3716 267 38 Government,
2512 3707 61 40 hat
2597 3709 194 37 whatever
2815 3719 155 38 arrange-

1646 3769 113 30 meuts
1779 3764 28 34 it
1819 3764 109 41 could
1945 3763 110 33 make
2074 3763 278 44 advantageous
2363 3767 38 30 to
2421 3759 104 34 itself
2549 3754 92 44 with
2657 3759 46 37 its
2722 3765 63 28 too
2803 3757 189 47 powerful

1644 3811 237 44 neighbour6,
1903 3811 189 39 woull.be
2111 3811 242 41 satisfactory
2374 3814 41 28 to
2447 3808 78 37 this,
2537 3814 175 40 country,
2730 3808 71 34 and
2818 3806 174 44 delicacy

1644 3860 112 34 alone
1769 3860 130 41 during
1918 3859 64 34 the
1994 3860 71 34 last
2083 3860 145 35 Session
2243 3859 44 34 of
2306 3856 444 44 Parliamentprevented
2770 3855 73 35 this
2864 3855 129 43 public

1645 3909 164 33 avowal.
1844 3909 38 30 W
1892 3908 56 33 ith
1969 3915 141 37 respect
2131 3915 39 27 to
2189 3909 63 32 the
2268 3905 229 43 Potieetition
2510 3906 44 33 of
2571 3905 149 40 Ciutra,
2737 3904 45 34 lie
2796 3901 200 45 *observed.,

1648 3956 83 35 that
1747 3954 60 34 the
1828 3956 221 35 Gentlemen
2067 3956 181 47 opposite
2276 3952 194 39 addressed
2497 3953 103 35 those
2628 3963 48 25 on
2701 3951 59 38 his
2777 3952 78 34 side
2872 3952 44 33 of
2930 3951 67 40 the

1649 4000 128 38 House
1794 4013 38 22 as
1852 4013 146 33 persons
2017 4003 120 35 bound
2169 4010 40 27 to
2228 4002 141 47 justify
2389 4002 81 33 that
2490 4002 243 37 transaction.
2759 3999 110 41 This,
2890 4000 104 35 how,
3040 3999 4 50 •

1644 4049 105 44 ever,
1766 4062 78 24 was
1857 4057 65 28 not
1942 4051 63 40 the
2020 4057 99 34 case,
2137 4052 72 35 told
2228 4051 61 34 .he
2314 4050 215 35 considered
2556 4048 155 37 himself
2731 4054 39 30 at
2789 4048 141 45 liberty
2952 4054 41 31 to

1645 4098 182 35 entertain
1845 4098 63 35 the
1924 4110 100 24 same
2044 4100 178 45 opinions
2249 4110 48 24 on
2321 4098 86 37 that
2427 4097 143 45 subject
2587 4108 43 24 us
2657 4097 64 39 the
2750 4095 118 47 Right
2887 4095 105 40 Hon.
3037 4095 5 50 •

1648 4147 229 37 Gentleman.
1930 4148 267 43 Government,
2217 4149 31 34 it
2268 4154 189 33 wasaraz,
2473 4144 70 38 had
2563 4144 71 35 had
2650 4144 70 34 the
2733 4144 158 38 difficult
2909 4142 92 51 pick

1648 4201 39 45 co
1703 4205 80 38 act,
1798 4195 46 40 ot
1863 4196 174 46 shading
2066 4196 170 43 between
2264 4196 74 39 the.
2360 4196 221 37 resentment
2606 4193 51 39 of
2674 4192 64 38 the
2766 4193 131 58 vublic
2924 4193 73 43 aall
3043 4192 1 59 •

2550 4273 6 6 •
2624 4269 7 11 ,
2670 4269 2 11 .

2394 4270 9 12 •

168 76 72 52 54

3244 1344 4 4 •
