3354 4406
1052 81 151 53 THE
1240 76 386 64 NATIONAI,4
1663 76 384 53 REGISTER.

174 200 61 40 its
252 200 200 54 'minion
467 200 211 39 resources
694 200 70 39 are
778 200 240 39 abandoned
1038 201 46 35 to
1102 200 63 37 his
1183 200 216 37 discretion
1414 210 12 28 ;
1442 200 93 34 'and

174 260 76 44 the
266 261 78 40 few
364 266 128 35 states
522 260 132 41 which
687 272 92 28 now
800 259 201 41 maintain
1022 270 22 26 a
1063 257 165 40 shadow
1248 255 48 41 of
1319 255 196 53 independ-

175 341 119 34 ence,
324 328 80 40 will
438 330 51 39 be
509 343 43 26 as
578 328 165 51 Subject
769 332 45 37 to
843 326 65 43 his
932 324 209 46 controul,
1176 337 43 27 as
1250 321 178 43 Holland
1459 320 78 40 and

180 391 109 56 Italy
308 404 73 28 are
409 392 41 40 in
480 390 79 41 this
578 394 202 37 moment.
834 389 111 45 Who
979 387 33 40 is
1043 387 118 41 there
1191 397 151 44 among
1371 396 50 30 us
1447 383 92 40 that

178 467 80 31 csu
279 456 143 40 relied
452 467 57 28 on
546 454 69 40 the
652 448 226 59 possibility
913 449 51 43 of
994 450 98 43 such
1127 462 52 28 an
1209 454 120 37 event
1362 445 177 40 without

181 522 170 50 moiety
370 522 15 33 ?
433 519 222 51 Sgvereign
678 520 149 38 master
843 511 51 45 of
925 513 72 44 the
1028 526 211 30 resources
1257 511 79 41 and
1367 508 146 57 popula-

183 579 92 43 tion
293 580 52 40 of
369 578 139 56 Spain,
529 576 219 54 Partugal,
774 576 229 53 Germany,
1026 574 124 54 Italy,
1170 566 71 51 the
1260 572 175 44 Russian
1461 570 78 40 and

187 643 194 41 Austrian
415 643 193 54 empires,
637 643 53 39 he
723 638 133 44 would
893 643 63 37 set
989 637 56 43 all
1078 635 73 45 the
1180 634 252 56 dock-yards
1463 632 77 43 and

187 704 196 47 arsenals,
402 704 109 41 from
530 705 159 41 Trieste
710 707 46 35 to
775 700 292 57 Petersburgh,
1095 705 45 35 at
1162 698 131 48 work,
1322 704 45 35 to
1387 694 154 56 gratify

188 765 66 44 his
274 780 237 43 vengeance
530 767 163 54 against
711 765 81 41 this
808 769 196 50 country,
1022 763 78 43 and
1119 768 46 34 to
1186 762 159 53 destroy
1367 759 71 40 the
1466 758 78 41 last

189 835 220 58 sanctuary
443 829 52 41 of
530 828 184 43 freedom
746 828 77 40 and
854 827 313 53 independence.
1227 826 77 44 For
1335 822 84 40 this
1448 834 76 41 put.
1524 834 19 41 ,

189 901 115 47 pose,
330 892 74 39 the
422 891 190 57 shipping
646 891 85 40 and
762 891 194 40 mariners
976 886 48 43 of
1050 889 165 51 Europe
1234 883 135 44 woutd
1391 883 51 40 be
1460 882 83 40 cols

191 956 131 40 lected
356 956 40 39 in
430 954 83 40 five
530 967 47 27 or
596 954 63 40 six
681 952 247 40 convenient
960 956 130 48 ports,
1117 946 111 43 from
1247 947 69 41 the
1335 945 146 41 mouth
1501 943 48 43 of

190 1018 74 40 the
282 1016 102 43 Elbe.
403 1020 45 38 to
468 1017 92 39 that
575 1012 50 43 of
647 1015 76 41 the
751 1018 152 50 Tagus,
938 1015 80 39 and
1048 1015 165 51 Europe
1243 1007 228 57 compelled
1501 1012 44 37 to

190 1080 158 41 furbish
366 1090 148 41 money
534 1076 77 43 and
625 1076 171 43 soldiers
809 1076 180 40 towards
1003 1074 70 44 the
1088 1072 219 43 execution
1320 1070 50 41 of
1378 1071 86 39 this
1485 1069 40 43 fa-

191 1142 136 41 vorite
343 1140 235 56 enterprise.
611 1141 139 50 Every
767 1139 298 44 Government,
1081 1135 106 43 sunk
1206 1136 40 39 in
1261 1135 67 40 the
1344 1139 111 35 most
1473 1133 47 40 ab-

185 1207 92 51 ject
294 1202 300 46 debasement,
594 1206 46 35 to
660 1200 124 43 avoid
806 1200 209 52 incurring
1036 1198 60 40 his
1114 1196 274 54 indignation,
1411 1194 131 40 would

191 1265 70 40 'vie
280 1264 98 41 with
398 1256 102 48 each
520 1263 119 41 other
657 1261 149 43 in4eal
826 1261 77 40 and
924 1261 202 41 readiness
1146 1266 44 35 to
1208 1264 171 37 execute
1400 1258 64 39 his
1482 1271 43 27 or-

193 1329 119 45 ders;
346 1328 86 40 and
448 1326 109 40 their
572 1324 154 43 armies
751 1325 78 43 and
861 1330 206 35 treasures
1084 1323 50 40 be
1152 1320 215 54 employed
1387 1319 67 40 for
1472 1333 77 26 our

191 1391 273 40 destruction.
523 1388 85 39 The
630 1388 196 40 immense
841 1387 115 40 force
978 1385 130 40 which
1131 1384 164 41 Austria
1315 1384 74 39 has
1410 1383 38 38 in
1470 1380 79 43 this

193 1455 190 40 moment
415 1456 48 34 to
496 1455 172 48 support
716 1448 74 43 her
826 1461 90 27 own
954 1447 315 53 independence,
1313 1444 137 40 would
1498 1444 51 40 be

193 1513 196 50 marched
418 1513 109 40 from
548 1513 69 40 the
637 1511 178 43 Danube
843 1517 44 35 to
922 1511 72 40 the
1025 1515 133 37 coasts
1185 1509 47 43 of
1260 1507 174 41 Holland
1472 1509 74 39 and

190 1572 185 44 Brabant
391 1591 13 30 ;
435 1576 79 39 and
536 1576 92 39 thus
648 1587 26 26 a
693 1572 248 43 formidable
963 1585 132 39 army,
1126 1570 131 41 which
1289 1570 132 51 might
1452 1579 71 28 con-

190 1639 158 40 tribute
369 1645 43 33 to
432 1641 71 40 the
529 1637 220 43 liberation
774 1636 50 41 of
844 1636 70 40 the
937 1633 235 46 Continent,
1191 1633 54 39 be
1266 1631 219 53 employed
1505 1636 43 34 to

191 1702 106 40 rivet
318 1702 51 39 its
387 1701 143 40 chains
548 1702 66 39 for
630 1711 116 28 ever.
806 1700 96 39 Five
917 1696 183 41 hundred
1117 1694 203 41 thousand
1336 1693 210 46 Russians,

193 1765 136 46 roles,
372 1765 213 45 Germans,
624 1762 187 47 Italians,
843 1761 79 39 and
961 1757 228 53 Spaniards,
1230 1756 229 40 conducted
1495 1756 48 51 by

193 1826 156 44 French
370 1825 183 47 Officers,
581 1824 81 41 and
690 1822 260 53 encouraged
983 1822 51 52 by
1055 1821 71 40 the
1154 1818 200 56 promised
1380 1817 169 53 plunder

191 1889 53 41 of
266 1902 77 26 our
376 1881 146 52 islind,
554 1886 123 41 could
713 1886 53 40 be
798 1885 98 53 kept
927 1886 39 37 in
998 1887 187 37 constant
1206 1881 200 39 readiness
1424 1885 46 35 to
1491 1880 38 38 in-

189 1957 109 35 vade
317 1965 79 27 our
415 1951 141 41 shores
572 1967 12 28 ;
612 1948 84 41 and
717 1946 71 40 the
808 1945 255 41 remorseless
1083 1949 154 50 tyrant,
1258 1942 227 43 indifferent
1505 1946 45 34 to

190 2014 97 43 how
308 2028 120 38 many
454 2013 48 40 of
517 2013 113 40 those
652 2010 196 41 wretches
867 2009 136 51 might
1022 2007 135 54 perish
1192 2007 41 40 in
1263 2006 66 40 the
1355 2009 193 48 attempt,

193 2076 139 40 would
347 2078 152 39 shasten
522 2081 43 33 to
583 2070 249 54 accomplish
856 2070 50 39 its
926 2069 235 40 execution.

246 2139 107 40 Who
369 2150 80 28 can
470 2135 118 40 think
611 2134 98 41 with
729 2134 222 41 steadiness
969 2146 54 26 on
1044 2132 71 41 the
1134 2128 227 56 possibility
1383 2128 51 40 of
1449 2130 96 39 such

187 2213 57 27 an
263 2205 120 35 event
397 2203 11 34 !
433 2199 216 38 Whatever
669 2194 239 41 confidence
928 2207 60 26 we
1005 2207 92 38 may
1114 2192 119 54 place
1254 2192 38 38 in
1311 2192 70 39 the
1400 2190 128 40 en:lin-

184 2263 141 41 siastic
345 2274 184 40 courage
549 2259 48 39 of
611 2272 78 26 our
709 2256 135 41 fellow
862 2258 191 41 citizens;
1084 2256 78 37 and
1185 2255 190 38 however
1393 2254 155 39 certain

187 2339 66 26 we
273 2336 91 41 may
389 2324 51 39 be
458 2322 51 40 of
539 2322 67 40 the
632 2319 194 43 ultimate
842 2319 322 40 extermination
1186 2315 51 40 of
1260 2315 67 39 the
1346 2314 200 48 invaders,

187 2399 66 28 we
282 2386 79 39 still
391 2385 145 40 Inflect
565 2382 94 59 wits
683 2382 149 47 horror
859 2393 56 26 on
935 2379 72 40 the
1028 2380 165 50 misery,
1222 2376 229 59 desolsption
1470 2379 76 38 and

187 2444 217 51 disorder,
431 2445 93 43 that
559 2445 107 39 mutt
700 2454 256 40 accompany
998 2440 109 40 their
1143 2440 216 51 footsteps,
1416 2438 104 41 Then
1520 2438 26 41 ,

184 2511 184 43 banditti
385 2507 135 41 would
539 2506 71 40 fall
630 2505 164 41 victims
808 2507 44 35 to
868 2502 150 41 British
1035 2502 256 54 patriotism;
1312 2502 73 39 but
1404 2502 143 39 betom

187 2576 100 51 they
308 2571 89 43 fall.
426 2571 118 39 there
563 2569 31 38 is
612 2571 76 34 not
717 2580 26 26 a
761 2564 141 54 family
932 2565 39 38 in
996 2559 184 57 England
1200 2563 94 39 that
1322 2563 132 39 would
1478 2568 70 35 not

188 2630 113 40 have
319 2641 122 28 cause
462 2634 44 34 to
528 2641 148 30 mourn
699 2628 74 40 the
790 2627 119 40 death
935 2626 52 40 of
1010 2639 25 26 a
1054 2636 91 34 son,
1174 2639 50 26 or
1243 2624 201 46 husband,
1473 2630 76 33 and

187 2692 78 44 the
285 2691 202 54 outraged
510 2691 132 40 virtue
661 2688 54 41 of
737 2701 28 27 a
793 2688 216 53 daughter.
1067 2687 139 38 There
1237 2686 32 39 is
1294 2686 131 52 surely
1447 2699 104 27 none

185 2766 157 40 among
363 2767 63 33 us,
457 2754 190 38 however
664 2750 184 41 desirous
867 2750 51 39 he
950 2761 94 39 may
1067 2748 52 39 be
1148 2753 46 34 to
1230 2747 196 53 signalize
1447 2747 78 40 him-

189 2816 85 41 self
288 2818 38 39 iu
343 2817 71 40 the
432 2816 156 39 service
608 2816 47 38 of
673 2815 63 39 his
756 2817 189 47 country,
967 2811 93 40 that
1080 2810 100 40 does
1200 2815 76 35 not
1294 2809 170 54 heartily
1482 2809 46 40 de-

189 2885 167 48 precate
377 2880 71 39 the
463 2877 227 54 possibility
715 2875 52 40 of
775 2888 25 28 a
817 2872 155 43 similar
994 2872 227 40 visitation.

248 2943 97 40 This
364 2942 247 39 calamitous
643 2950 249 28 occurrence
922 2936 48 47 is,
1002 2949 44 26 as
1077 2950 61 25 we
1165 2935 106 39 have
1296 2933 165 53 already
1480 2934 50 39 ob-

189 3005 164 46 served,
374 3018 148 26 sooner
541 3019 47 24 or
607 3001 106 41 later
733 2999 294 46 unavoidable,
1062 2996 149 43 should
1232 2996 70 40 the
1319 3009 145 40 enemy
1486 2996 45 40 be-

191 3081 123 28 come
333 3065 317 44 uncontroulled
683 3069 154 37 master
855 3064 52 38 of
932 3063 71 39 the
1030 3061 234 45 Continent,
1296 3060 52 52 by
1367 3058 72 41 the
1459 3072 73 27 con-

190 3136 123 48 quest
330 3129 53 41 of
409 3130 138 53 Spain.
604 3129 61 38 On
696 3128 76 39 the
800 3137 267 30 occurrences
1098 3123 40 39 in
1172 3122 93 45 that
1294 3126 171 47 country
1496 3133 60 26 we

193 3198 115 33 must
325 3191 231 53 invariably
579 3190 57 40 fix
656 3204 84 25 our
759 3188 203 43 attention
980 3204 13 27 ;
1024 3185 94 48 and,
1146 3185 190 40 however
1354 3182 204 56 alarming

193 3270 53 28 or
266 3256 282 53 unpromising
585 3254 67 40 the
684 3257 165 50 present
881 3255 145 48 aspect
1061 3250 48 39 of
1133 3249 52 38 its
1211 3246 135 40 affairs
1374 3260 94 39 may
1491 3248 65 43 be,

193 3320 77 41 the
289 3332 115 26 more
437 3315 198 56 powerful
674 3317 260 38 inducement
965 3324 61 27 we
1055 3312 104 39 have
1193 3315 47 33 to
1274 3308 185 54 multiply
1483 3322 74 26 our

193 3381 145 40 efforts
369 3381 40 39 in
429 3383 172 50 support
622 3377 51 40 of
700 3378 53 38 its
781 3376 311 52 independence.
1154 3371 172 53 Nobody
1346 3370 83 40 will
1453 3371 103 52 deny

193 3444 77 40 the
287 3444 231 51 advantage
540 3441 50 39 of
612 3439 183 54 fighting
829 3438 66 40 the
925 3449 148 39 enemy
1093 3448 53 27 on
1182 3432 168 53 Spanish
1380 3433 178 52 ground,

196 3507 143 40 rather
360 3506 102 40 than
485 3516 52 26 on
559 3516 74 28 our
652 3515 117 32 own,
791 3513 44 27 or
865 3500 37 39 in
934 3498 175 40 Ireland.
1172 3497 41 39 If
1227 3497 175 44 honour,
1423 3496 112 39 there-

195 3570 109 46 fore,
340 3567 80 40 and
455 3566 71 40 the
555 3565 188 53 pleasuac
777 3562 48 41 of
857 3561 187 52 rescuing
1065 3560 223 39 innocence
1306 3557 74 39 and
1409 3556 152 53 justice

195 3631 118 40 faom
332 3630 71 39 the
422 3630 120 52 gripe
572 3627 47 41 of
641 3626 242 54 oppression
904 3624 83 39 and
1011 3622 185 52 villainy,
1234 3621 102 38 have
1355 3634 54 25 no
1440 3619 100 40 influ-

196 3707 106 27 ence
320 3706 53 26 on
396 3705 80 26 our
497 3689 337 45 determination,
856 3686 53 41 let
922 3686 73 40 the
1012 3690 105 34 most
1139 3684 220 52 imperious
1377 3683 182 48 interest,

195 3756 87 40 and
302 3756 70 39 the
392 3758 142 47 strong
553 3765 69 40 cry
643 3751 51 39 of
718 3748 391 54 self-preservation,
1130 3746 107 52 keep
1259 3759 44 26 us
1319 3744 170 41 faithful
1517 3751 45 34 to

198 3833 81 26 our
298 3820 313 52 engagements.
667 3817 90 35 GM'
780 3811 81 40 :AC
881 3811 30 40 is
932 3807 266 54 indissolubly
1218 3806 221 41 connected
1465 3808 96 39 with

198 3880 155 45 theirs;
385 3879 78 40 and
500 3891 78 27 our
611 3878 210 38 rxertions
850 3888 48 26 m.
922 3878 33 34 st
986 3870 249 53 correspond
1253 3870 93 39 with
1367 3870 81 40 this
1467 3883 91 27 con-

405 3944 150 46 Money
569 3933 5 57 ,
608 3952 125 32 arms,
757 3938 76 39 and
854 3935 174 46 clothes,
1046 3939 105 35 must
1169 3934 51 39 be
1246 3933 118 53 given
1383 3933 115 40 them
1522 3933 35 39 in

189 4006 216 57 pro:usiou
419 4022 11 27 ;
443 4004 77 40 and
534 4015 120 43 every
670 4002 123 52 thin;
802 3998 167 45 offered,
983 3996 129 39 which
1128 4007 76 27 can
1212 4007 231 41 encourage
1459 3994 104 39 their

196 4071 145 51 hopes,
363 4083 47 26 or
430 4067 137 41 excite
587 4065 107 40 their
715 4072 296 45 perseverance
1032 4058 128 41 under
1182 4058 71 50 the
1269 4058 177 40 arduous
1459 4058 86 40 diffi-

191 4131 149 41 culties
358 4130 51 40 of
436 4130 109 40 their
563 4127 222 41 situation.
841 4122 126 43 Their
997 4135 122 27 cause
1140 4121 32 40 is
1194 4120 233 45 invincible,
1459 4120 104 39 their

193 4208 214 28 resources
436 4189 321 46 inexhaustible.
816 4188 74 41 We
924 4185 110 45 need
1067 4183 97 56 only
1201 4189 46 37 to
1286 4183 163 56 impress
1486 4183 78 43 this

2669 77 165 54 JAN.
2868 78 91 56 W.

1600 200 236 40 conviction
1857 214 56 27 on
1933 202 105 40 their
2060 203 148 46 minds,
2248 204 52 53 by
2323 216 78 28 our
2421 214 294 43 perseverance
2734 206 43 37 in
2798 204 51 38 its
2868 217 73 40 sup-

1604 267 109 45 port,
1742 263 81 40 and
1843 265 98 52 they
1963 262 79 41 will
2062 265 84 40 still
2169 267 183 51 perform
2372 266 109 40 what
2500 265 110 41 their
2629 263 90 41 first
2737 265 143 41 efforts
2901 265 72 44 le&

1603 337 46 26 us
1670 330 43 34 to
1730 330 164 48 expect.
1941 327 130 60 Every
2093 326 96 56 day,
2210 340 125 41 every
2359 326 128 47 week,
2507 327 33 39 is
2561 338 25 28 a
2604 339 89 28 new
2715 324 184 45 addition
2920 318 58 51 of

1598 386 188 54 'strength
1807 392 45 34 to
1874 389 138 46 them,.
2035 389 81 39 and
2138 402 25 26 a
2180 389 250 41 diminution
2450 389 52 41 of
2526 389 92 40 that
2636 389 50 39 of
2709 390 73 39 the
2799 402 164 44 enemy.

1603 446 116 57 They
1747 462 72 28 are
1847 450 145 41 hurled
2021 451 92 40 into
2143 451 92 40 that
2261 454 324 52 extraordinary
2615 452 130 46 crisis,
2780 450 130 41 which
2933 451 43 40 it

1602 526 93 27 sure
1723 511 52 41 of
1802 514 244 53 generating
2079 521 123 47 great
2235 515 150 40 talents
2418 514 81 40 and
2532 516 170 39 virtues.
2763 513 206 56 Through

1605 573 276 44 unavoidable
1929 575 333 48 circumstances,
2310 578 73 39 the
2428 581 294 48 management
2767 575 50 41 of
2856 576 111 40 their

1606 635 132 41 affairs
1766 637 87 47 fell,
1885 638 39 40 in
1954 640 70 39 tho
2053 641 241 53 beginning,
2323 641 87 39 into
2437 640 70 40 the
2535 639 129 41 hands
2691 639 52 40 of
2769 638 197 54 ordinart

1609 707 352 33 lueucreattlre4
1980 702 54 39 Of
2052 703 181 53 intrigue
2251 703 80 38 and
2354 702 149 40 favour
2520 718 12 30 ;
2565 703 76 39 but
2668 702 72 40 the
2773 700 117 40 whirl
2919 702 53 45 of

1606 767 139 38 events
1782 763 81 43 will
1902 765 109 39 draw
2048 778 117 27 inure
2202 771 239 47 competent
2476 777 169 41 persons
2679 764 91 40 into
2807 762 156 43 action.

1610 826 41 40 If
1674 837 26 27 a
1731 826 190 46 CURSTA,
1954 840 24 26 a
2002 829 239 47 CASTAXOS,
2270 829 78 38 and
2378 842 24 25 a
2431 829 177 45 AlnitlA,
2640 826 226 56 prevented
2893 826 74 40 the

1609 888 76 40 full
1713 887 124 43 efict
1877 889 51 40 of
1954 891 104 39 their
2104 889 112 53 earls
2274 891 274 45 enthusiasm,
2587 891 72 39 the
2698 894 163 48 present
2895 902 72 27 oc

1609 961 229 35 currenees,
1869 961 46 30 so
1948 950 244 43 favourable
2212 958 44 34 to
2276 953 72 39 the
2368 950 94 43 bold
2485 952 80 39 Ind
2587 952 70 39 the
2673 948 292 56 entetptising,

1609 1025 70 28 are
1707 1012 174 53 capable
1907 1013 51 40 of
1976 1017 188 48 creating
2192 1028 26 26 a
2244 1019 206 37 PALIFOIC,
2470 1015 39 39 in
2529 1028 128 40 every
2679 1015 216 53 province,
2924 1016 46 38 in

1606 1085 124 43 every
1753 1080 128 35 town.
1941 1075 85 41 The
2050 1090 144 40 young
2226 1078 79 38 and
2323 1077 69 39 the
2422 1077 283 46 enthusiastic,
2739 1077 40 39 in
2796 1077 73 38 the
2895 1071 50 45 ab-

1609 1152 117 27 sence
1763 1153 51 26 or
1844 1137 230 41 relaxation
2108 1139 48 40 of
2181 1140 164 52 regular
2379 1140 231 51 authority,
2646 1139 80 40 will
2763 1139 107 39 seize
2897 1139 71 39 the

1610 1202 195 40 situation
1826 1207 110 35 most
1961 1201 286 41 conformable
2274 1207 45 35 to
2349 1201 105 40 their
2484 1204 152 39 talents
2665 1200 78 41 and
2769 1213 196 43 courage.

1613 1267 152 39 Nature
1786 1266 73 39 has
1880 1266 100 40 been
2000 1265 170 53 profuse
2189 1265 52 39 of
2254 1265 72 38 her
2346 1264 180 40 choicest
2546 1264 99 51 gifts
2666 1270 45 33 to
2730 1261 72 41 the
2822 1261 145 54 people

1611 1328 52 39 of
1685 1328 66 40 the
1785 1328 234 47 Peninsula,
2052 1328 80 39 and
2163 1328 72 39 the
2262 1332 164 47 present
2457 1325 299 41 fermentation
2789 1324 51 40 of
2862 1325 107 40 their

1612 1390 128 39 minds
1759 1390 83 39 will
1861 1391 133 39 excite
2028 1403 26 26 a
2087 1388 233 43 hardihood
2341 1387 52 41 of
2415 1388 195 53 thSnking
2643 1387 78 40 and
2748 1398 33 30 a,
2792 1387 115 41 force
2926 1387 52 40 of

1598 1448 1 51 '
1610 1452 220 40 sentiment
1860 1452 131 40 which
2024 1452 83 40 will
2143 1452 145 41 enable
2321 1452 113 39 them
2466 1456 47 34 to
2546 1452 152 47 devise,
2730 1462 44 30 as
2802 1448 92 43 well
2926 1462 47 28 as

1611 1520 187 41 execute,
1837 1514 71 40 the
1932 1514 156 40 boldest
2119 1517 194 51 projects.

1667 1578 115 40 After
1815 1578 80 39 this
1928 1578 104 39 view
2063 1577 53 39 of
2143 1577 106 40 their
2284 1577 214 39 character
2531 1576 80 40 and
2643 1576 215 46 situation,
2891 1579 78 37 too

1613 1641 175 39 obvious
1809 1646 45 34 to
1876 1641 52 38 be
1950 1641 219 46 mistaken,
2191 1654 59 26 we
2269 1644 152 35 cannot
2440 1639 194 40 conceive
2653 1639 73 39 the
2745 1637 226 53 instability

1612 1703 50 38 of
1680 1704 67 38 the
1772 1702 143 54 public
1930 1703 168 52 opinion
2111 1715 52 25 on
2176 1702 104 39 their
2296 1715 207 27 concerns.
2564 1701 170 39 Neither
2753 1713 79 27 our
2843 1698 125 54 judge

1615 1770 128 34 ments
1760 1779 77 27 nor
1856 1778 79 26 our
1954 1765 124 52 hopes
2098 1778 106 26 were
2223 1765 69 39 the
2313 1765 125 39 result
2457 1762 52 41 of
2523 1763 234 46 reflection,
2790 1762 83 40 aud
2903 1773 64 28 we

1612 1826 291 53 consequently
1926 1827 152 47 varied,
2109 1839 122 38 every
2263 1825 135 45 week,
2430 1825 107 39 from
2558 1825 253 39 enthusiasm
2835 1831 43 32 to
2896 1822 48 41 de-

1612 1889 197 53 pression,
1827 1889 111 39 from
1959 1893 306 47 extravagance
2287 1892 44 35 to
2352 1886 299 54 despondency.
2688 1885 254 54 Unacquaint-

1611 1952 51 39 ed
1693 1951 96 40 with
1820 1952 73 39 the
1922 1957 194 45 country,
2150 1954 50 35 its
2232 1963 208 27 resources
2471 1950 79 39 and
2581 1949 295 54 peculiarities,
2908 1961 63 30 we

1611 2014 159 39 created
1792 2027 25 25 a
1834 2013 234 41 chimerical
2091 2011 385 53 peoplechildren
2496 2011 57 40 of
2578 2026 80 26 our
2678 2011 270 53 imagination
2948 2011 25 53 *

1612 2076 78 39 aud
1710 2075 213 40 fashioned
1946 2075 51 56 by
2016 2088 81 26 our
2118 2076 155 39 wishes.
2334 2078 131 50 Every
2492 2074 235 53 propitious
2752 2073 105 54 fairy
2887 2083 85 30 was

1612 2137 151 40 invited
1794 2143 45 33 to
1873 2138 152 39 bestow
2054 2148 116 27 some
2202 2134 183 54 peculiar
2413 2135 122 39 mark
2567 2134 51 40 of
2639 2135 73 40 her
2737 2134 150 41 favour
2915 2146 57 30 on

1613 2202 67 41 the
1698 2202 188 53 fondling
1904 2219 13 28 ;
1949 2203 93 47 and,
2074 2202 43 39 in
2137 2200 69 40 the
2225 2202 185 40 wildness
2425 2202 51 39 of
2489 2213 79 28 our
2587 2199 291 54 predilection,
2910 2213 63 28 we

1615 2263 131 43 would
1778 2264 196 41 conceive
2006 2276 53 27 no
2081 2263 174 40 modern
2275 2263 200 54 Spaniard
2499 2263 74 40 but
2594 2263 40 38 iu
2653 2261 72 41 the
2753 2262 111 40 dress
2891 2262 81 41 and

1610 2327 214 67 qaracter
1841 2326 54 40 of
1922 2329 57 37 La
1998 2326 215 40 Mancha's
2232 2326 115 40 hero.
2395 2324 100 40 This
2512 2329 311 48 extravagance
2844 2324 31 40 is
2896 2339 78 27 un.

1613 2389 152 51 wprthy
1787 2387 53 40 of
1854 2386 191 52 thinking
2067 2400 120 32 mien;
2215 2389 77 37 and
2314 2388 37 38 if
2365 2399 60 26 we
2443 2386 116 40 learn
2578 2392 45 33 to
2642 2387 239 51 appreciate
2900 2383 81 41 the.

1613 2451 215 52 Spaniards
1860 2461 47 27 as
1935 2448 91 52 they
2070 2448 129 53 really
2236 2446 304 43 arcfaithful
2572 2452 45 34 to
2649 2447 109 39 their
2791 2458 183 41 engage.

1612 2519 144 41 ments,
1788 2515 191 39 constant
2010 2511 39 39 in
2089 2509 109 41 their
2230 2511 196 52 pursuits,
2463 2509 79 40 and
2580 2507 102 40 with
2713 2520 26 26 a
2772 2519 113 28 sense
2927 2506 53 43 of

1613 2575 159 40 honour
1804 2574 241 52 bordering,
2072 2585 56 27 on
2145 2572 71 39 the
2243 2570 223 47 romantic,
2500 2583 61 27 we
2593 2569 84 40 will
2702 2582 119 28 cease
2848 2574 47 38 to
2923 2570 56 41 be

1613 2637 182 51 agitated
1824 2637 56 52 by
1907 2639 97 38 such
2026 2635 149 52 aguish
2197 2635 171 53 feelings
2388 2636 40 38 in
2446 2633 111 40 their
2587 2631 157 50 behalf,
2778 2633 79 45 and
2893 2643 80 32 our

1611 2705 151 34 esteem
1782 2700 80 38 and
1883 2704 172 47 support
2081 2696 84 40 will
2186 2696 48 39 be
2256 2709 118 27 more
2398 2696 175 39 rational
2593 2696 81 39 and
2694 2700 210 37 constant.

1863 2835 326 47 FOREIGN'
2202 2837 61 43 IN
2274 2832 454 48 TELLIGENCE.

1852 2970 167 43 FROM
2043 2970 120 40 THE
2191 2969 239 41 FRENCH
2470 2965 241 45 pdpves.

1837 3092 118 35 THE
1978 3090 433 38 TWENTY-FIRST
2434 3089 280 38 BULLETIN

1618 3142 128 46 begins
1761 3142 93 35 with
1876 3152 47 22 an
1935 3146 156 27 account
2104 3139 46 33 of
2159 3141 63 33 the
2241 3145 175 27 entrance
2432 3139 44 33 of
2489 3139 65 33 the'
2570 3139 154 44 Englisl
2743 3138 79 43 into
2838 3137 135 47 Spain,

1617 3200 50 24 on
1685 3190 59 33 the
1760 3189 90 37 29th
1874 3190 181 39 October,
2079 3188 73 33 and
2169 3187 103 45 gives
2289 3198 24 21 a
2326 3185 117 34 detail
2460 3187 45 34 of
2528 3197 71 24 our
2615 3187 220 45 operations
2854 3193 39 31 to
2913 3188 64 34 the

1620 3235 132 47 taking
1770 3237 44 33 of
1838 3237 162 33 General
2020 3236 196 39 Lefebvre,
2235 3246 45 22 on
2300 3235 65 33 the
2378 3234 90 37 29th
2490 3235 227 35 December.

1671 3285 58 35 On
1748 3285 60 34 the
1824 3283 93 37 28th
1936 3283 222 40 December,
2189 3282 272 45 Buonaparte's
2487 3282 288 46 head-quarters
2813 3293 100 26 were
2937 3287 40 32 at

1626 3334 197 39 Valdera3,
1843 3333 65 33 the
1924 3331 167 37 Marshal
2111 3332 107 33 soult
2236 3338 40 27 at
2296 3331 198 43 Maticilla,
2519 3330 73 34 and
2613 3330 65 35 the
2698 3330 170 37 Marshal
2888 3331 89 46 Ney

1620 3389 40 26 at
1688 3381 171 33 Viliafer.

1670 3430 81 35 The
1772 3428 169 35 weather
1961 3428 28 33 is
2004 3437 89 34 very
2111 3425 77 37 bad
2209 3439 9 28 ;
2249 3436 57 25 we
2335 3428 124 44 suffer,
2485 3428 67 35 but
2580 3425 65 35 the
2682 3428 155 46 English
2869 3428 109 37 suffer

1626 3488 116 25 more.

1905 3519 488 40 TWENTY-SECOND
2424 3522 293 37 BULLETIN.

1674 3587 266 41 BENEVENTE
1939 3587 30 41 )
1988 3585 106 37 JAN.
2111 3583 196 38 21.The
2333 3583 286 47 head-quarters
2649 3585 46 34 of
2727 3583 63 35 the
2826 3585 146 35 French

1624 3646 91 26 wen
1744 3635 85 34 here
1847 3634 216 47 yesterday.
2117 3633 83 34 The
2233 3634 169 34 Marshal
2434 3633 187 35 Bessieres
2652 3634 131 44 passed
2812 3634 164 41 through

1628 3686 215 34 Benevente
1856 3691 50 28 un
1924 3683 59 33 the
1993 3681 90 37 30th
2101 3687 41 28 at
2156 3680 119 46 night,
2308 3683 72 33 and
2402 3681 157 46 pursued
2578 3681 63 34 the
2672 3691 132 37 enemy
2835 3687 41 27 to
2906 3681 64 35 Pio-

1622 3741 102 27 ente.
1773 3732 83 34 The
1883 3729 109 46 flight
2006 3729 43 34 of
2073 3729 64 34 the
2159 3728 155 45 English
2347 3731 31 33 is
2404 3741 39 24 so
2473 3730 136 46 quick,
2637 3729 81 37 that
2731 3730 109 45 _they
2875 3725 107 46 leap;

1624 3781 102 35 their
1742 3780 77 34 sick
1841 3778 73 34 and
1937 3777 177 34 wounded
2131 3778 35 32 in
2179 3777 65 33 the
2263 3776 200 48 hospitals,
2479 3780 72 32 and
2582 3778 112 33 shoot
2720 3777 102 34 their
2856 3777 128 35 hones

1626 3831 84 33 that
1729 3839 97 24 were
1846 3826 167 44 fatigued
2028 3837 43 22 or
2091 3826 326 45 woundedthey
2435 3826 190 35 haven's
2652 3827 92 33 been
2763 3826 156 45 obligert
2939 3831 44 28 tar

1626 3879 92 33 barn
1731 3889 24 21 a
1772 3876 141 46 superb
1930 3878 196 41 inagazine
2145 3873 266 45 of.cleathing,
2428 3874 71 35 &c.
2552 3874 66 35 All
2639 3876 65 33 the
2734 3874 180 35 Germans
2942 3874 39 35 in

1625 3927 64 33 the
1702 3924 141 37 bervice
1860 3924 45 32 csf
1919 3922 60 34 the
2167 3921 132 34 desert.
2354 3922 84 34 The
2456 3922 144 35 French
2619 3934 107 34 army
2744 3922 80 35 will
2842 3924 46 34 be
2906 3922 73 34 this

1625 3973 157 45 evening
1798 3979 40 28 at
1857 3971 181 44 Astorga,
2053 3971 74 33 and
2146 3980 89 24 near
2251 3970 66 33 the
2329 3971 161 35 confines
2503 3971 45 38 of
2556 3971 171 35 Galicia.

1916 4033 80 35 TW
2011 4031 353 38 I:NTY-THIR.D
2394 4032 296 37 BULLETIN.

1680 4097 293 40 lir,lntnNTE,
1993 4096 105 35 JAN.
2118 4097 87 33 1.---
2217 4095 73 37 The
2310 4095 168 35 Marshal
2500 4095 109 35 Soult
2633 4094 150 35 arrived
2802 4101 43 28 at
2875 4094 89 37 Mao-
2963 4094 22 37 ,

1628 4147 91 34 cilia
1733 4156 45 25 on
1791 4146 64 34 the
1867 4144 110 44 *Mt,
1997 4144 123 37 which
2143 4155 78 26 Was
2237 4144 183 47 occupied
2437 4144 47 45 by
2505 4144 61 35 the
2583 4143 167 48 enemy's
2780 4143 70 34 left
2887 4143 100 45 mius

1629 4194 115 37 wider
1759 4196 187 37 Flu:liana,

3252 3529 14 15 .%

3248 3769 1 1 '

3260 3797 13 1 -

3253 4017 15 12 J

3239 4156 59 38 .Ah

3244 1537 13 15 ~

3219 1585 40 162 ~,.

3213 1903 58 146 4

3213 2215 60 79 .1,

3213 2301 72 113 (,:t

3286 2974 8 19 t

3247 3800 28 39 1
3296 3800 8 26 :.;
