3354 4406
1245 83 814 84 NATl4Th4AtitEGi§ite

168 243 141 47 intend
334 246 171 53 making
527 257 79 41 any
626 244 142 41 efforts
797 252 47 32 to
872 244 146 40 defend
1038 246 72 39 the
1123 249 174 48 country
1316 259 9 25 :
1358 244 74 39 hut
1447 242 4 57 •
1461 242 70 41 the

172 306 230 52 vigourous
424 308 285 53 preparations
728 306 129 44 made
874 307 50 52 by
948 307 69 40 the
1036 308 214 52 Regency,
1277 320 107 27 seem
1407 311 44 34 to
1472 306 39 38 in-

170 369 136 47 dicate
326 384 25 25 a
371 370 191 45 laudable
581 369 320 43 determination
921 376 44 33 to
983 369 228 43 undertake
1228 369 236 52 something
1485 371 46 35 to

172 431 93 41 that
300 433 137 39 effect.
496 433 73 39 We
601 431 252 54 confidently
885 436 103 38 trust
1018 432 92 43 that
1140 431 70 41 the
1230 429 102 44 forts
1364 444 51 26 on
1453 429 71 46 the

175 495 155 52 Tagus,
358 509 44 27 so
428 495 116 44 often
560 494 162 45 alluded
741 500 47 41 to
820 494 39 45 iu
876 494 67 41 the
961 493 241 43 discussions
1226 506 52 27 on
1302 493 70 41 the
1391 493 139 43 merits

175 569 52 43 of
240 570 70 39 the
340 572 142 40 Cintra
502 570 214 40 Armistice
736 569 80 40 and
839 570 269 44 Convention,
1139 567 81 47 will
1245 568 51 40 be
1326 566 128 41 found
1488 579 44 26 as

175 637 143 50 strong
337 645 44 28 as
402 633 92 54 they
523 645 107 27 were
650 638 41 34 at
710 631 94 43 that
826 633 98 38 time
952 631 259 54 represented
1243 631 48 51 by
1315 643 77 27 our
1408 641 85 26 com-

178 694 214 47 manders;
422 694 78 46 and
533 694 35 40 if'
582 697 144 38 JIJNOT
744 693 84 40 had
843 694 33 39 it
895 694 37 39 in
954 694 61 40 his
1036 706 137 40 power
1189 700 43 33 to
1251 692 145 40 defend
1415 691 112 41 them

178 756 67 43 for
266 763 65 33 ten
356 757 145 43 weeks,
522 771 48 26 or
591 758 113 39 three
722 756 182 50 mouths,
924 757 91 39 that
1035 769 76 26 our
1123 768 118 39 army
1264 754 80 40 will
1365 755 48 38 be
1434 754 90 39 able

180 824 47 43 to
257 819 197 46 maintain
487 819 131 46 them,
650 826 41 33 at
720 819 102 47 least
855 831 43 31 as
927 819 115 56 long.
1098 820 74 41 We
1202 819 54 39 do
1285 823 74 34 not
1394 817 133 43 think,

178 880 123 44 when
320 893 60 28 we
403 894 103 34 were
524 881 234 54 expressing
780 894 79 30 our
892 879 254 45 abhorrence
1179 880 50 38 of
1257 881 69 37 the
1345 881 156 38 Conven-

181 943 104 48 tion,
315 943 92 47 that.
428 944 67 46 the
514 945 100 45 time
634 956 79 31 was
731 956 45 27 so
797 956 99 26 near
915 947 41 34 at
977 941 125 47 hand,
1134 941 115 39 when
1270 941 70 39 the
1361 941 165 53 validity

180 1003 51 46 of
242 1004 80 44 this
352 1003 90 56 plea
461 1004 50 40 of
526 1005 60 43 Sir
604 1006 100 45 Ifew
736 1006 272 46 DALRYMPLL
1029 1003 145 44 Slotlld
1195 1004 51 40 be
1263 1003 104 40 tried
1387 1004 48 51 by
1460 1005 69 37 the

181 1071 78 44 test
279 1065 50 40 of
341 1067 257 52 experience.
659 1067 70 45 We
768 1067 176 51 rejected
983 1067 31 38 it
1035 1071 44 34 at
1098 1067 91 38 that
1211 1065 116 46 time,
1355 1067 77 39 and
1452 1064 76 40 feel

181 1121 104 57 little
298 1127 240 43 inclination
562 1133 43 34 to
620 1127 291 51 acknowledge
932 1127 31 39 it
980 1133 43 37 at
1037 1131 175 48 present.
1244 1130 72 38 We
1335 1127 191 54 sincerely

182 1191 97 45 wish
300 1201 60 34 we
386 1191 131 57 might
539 1191 48 38 be
609 1189 219 43 mistaken,
857 1189 78 38 and
956 1189 138 39 would
1115 1188 190 56 willingly
1329 1189 112 48 nicer
1460 1192 70 39 the

181 1252 294 46 Mortification
494 1250 51 40 of
559 1250 150 56 having
726 1251 236 40 cousidered
986 1252 70 39 the
1077 1250 119 47 affair
1218 1251 133 53 rashly
1372 1253 76 40 and
1472 1254 38 38 in-

181 1312 260 54 aldequately,
481 1313 34 39 if
542 1313 32 38 it
607 1325 76 27 can
709 1313 50 40 be
777 1313 94 52 only
906 1312 159 54 proved
1087 1318 41 35 to
1152 1326 77 27 our
1250 1312 268 48 satisfaction,

181 1374 91 43 that
291 1371 116 44 these
422 1375 107 40 forts
550 1387 69 27 are
638 1388 43 26 as
700 1374 181 47 tenable,
909 1388 40 26 as
971 1387 58 26 we
1050 1388 105 26 were
1176 1380 41 34 at
1241 1376 89 40 that
1351 1376 98 41 time
1470 1376 40 40 in-

180 1436 177 46 formed.
407 1439 99 39 How
528 1436 175 54 painful,
723 1437 93 39 how
839 1436 239 54 mortifying
1100 1437 32 38 is
1146 1450 124 38 every
1292 1452 239 26 recurrence

177 1504 48 39 to
256 1504 91 41 that
377 1498 279 58 ignominious
676 1499 250 40 transaction
947 1504 8 32 !
990 1498 145 41 Whilst
1155 1513 60 25 we
1247 1499 113 44 blush
1384 1506 43 43 at
1460 1500 71 41 the

181 1559 99 56 folly
309 1561 78 40 and
410 1561 207 40 weakness
652 1561 130 40 which
807 1574 81 26 was
918 1561 169 52 capable
1107 1561 50 39 of
1187 1561 184 53 devising
1389 1561 97 40 such
1507 1576 24 26 a

180 1633 202 39 measure,
412 1635 57 27 we
490 1620 78 43 feet
598 1635 52 26 an
671 1622 214 54 indignant
900 1623 194 40 affliction
1115 1630 43 33 at
1174 1625 69 39 the
1261 1624 223 47 calamities
1501 1626 28 38 it

177 1683 76 44 has
286 1685 164 52 already
483 1683 256 48 occasioued.
801 1687 72 39 Fie
909 1698 51 27 on
990 1685 71 40 the
1094 1698 109 33 men,
1231 1687 91 40 who
1357 1687 102 40 have
1486 1701 45 27 so

180 1744 206 54 wantonly
403 1746 78 40 and
502 1744 200 54 wickedly
717 1747 286 53 disappointed
1022 1748 71 39 the
1107 1750 282 50 expectations
1404 1749 48 38 of
1463 1750 67 39 the

180 1814 190 47 country,
402 1809 74 39 and
508 1806 144 43 sullied
684 1809 77 39 its
761 1809 83 39 fair
883 1809 230 52 reputation
1130 1815 9 33 !
1173 1811 123 39 What
1315 1811 99 41 shall
1434 1811 96 54 they

178 1881 91 33 now
286 1883 90 39 say,
406 1871 112 39 when
540 1870 98 54 they
659 1871 98 40 hear
777 1870 51 40 of
842 1885 25 25 a
887 1872 151 40 French
1062 1872 112 39 force
1195 1872 159 56 lording
1378 1874 30 39 it
1427 1886 105 28 once

180 1945 118 28 more
333 1945 100 27 over
461 1933 93 39 that
592 1932 267 41 unfortunate
892 1939 172 47 country
1081 1951 12 28 ;
1129 1935 72 39 the
1239 1935 214 44 liberation
1491 1938 48 38 of

180 1994 131 40 which
330 1994 94 54 they
448 1996 79 39 had
546 2010 46 25 so
620 1995 248 54 pompously
888 1997 193 39 vaunted.
1142 1997 89 40 The
1253 1997 129 41 battle
1401 1998 48 39 of

1466 1998 45 39 Vi-

180 2057 144 44 sclera,
353 2056 183 53 glorious
567 2057 80 39 and
666 2057 174 40 decisive
860 2070 45 26 as
937 2057 30 39 it
987 2070 94 34 was,
1113 2059 206 52 produced
1339 2073 52 26 no
1413 2061 119 43 other

180 2117 136 47 effect,
346 2118 180 54 through
540 2119 73 39 the
631 2119 364 53 mismanagement
1010 2121 139 40 shewn
1166 2121 107 40 after
1292 2121 47 47 it,
1371 2122 94 39 than
1491 2130 43 33 to

181 2179 180 48 irritate,
390 2193 59 27 we
468 2193 72 27 are
572 2180 148 50 afraid,
749 2180 71 40 the
842 2183 254 51 Portuguese
1133 2181 146 61 people
1299 2183 158 53 against
1473 2198 59 34 us,

181 2242 79 43 and
279 2248 45 33 to
352 2241 138 43 excite
507 2242 44 43 in
572 2242 107 43 their
710 2244 156 39 breasts
883 2251 27 32 a
937 2243 99 50 kind
1065 2243 51 39 of
1146 2244 152 54 apathy
1316 2245 129 40 about
1463 2241 70 45 the

182 2316 194 33 concerns
394 2303 48 39 of
457 2303 109 41 their
585 2309 188 48 country,

235 2368 96 37 hew
352 2370 197 35 accounts
566 2366 104 40 have
690 2366 102 41 been
807 2367 189 41 received
1010 2367 214 56 yesterday
1240 2367 107 40 from
1371 2369 161 44 Lisbon,

184 2427 250 54 confirming
471 2428 71 40 the
579 2427 260 54 intelligence
872 2428 52 41 of
954 2424 67 46 the
1055 2430 141 39 march
1232 2430 51 39 of
1315 2443 25 26 a
1377 2431 154 40 French

187 2502 123 40 corps
327 2490 89 40 into
435 2489 215 53 Portugal,
687 2490 125 40 under
837 2491 73 39 the
934 2492 219 40 command
1172 2491 51 44 of
1247 2491 71 41 the
1342 2492 118 48 Duke
1491 2494 47 38 of

187 2554 214 41 DANTZIC.
458 2554 37 38 It
510 2552 183 45 consists,
711 2552 32 38 it
763 2554 30 39 is
808 2552 103 46 said,
931 2554 48 39 of
1006 2558 144 40 14,000
1169 2567 107 32 men.
1333 2555 74 38 We
1427 2554 106 53 hope

187 2611 132 47 there,
354 2611 164 40 assisted
553 2613 52 52 by
644 2613 69 40 the
744 2614 270 53 Portuguese,
1037 2614 83 40 will
1153 2616 48 39 be
1222 2614 91 41 able
1332 2620 45 34 to
1396 2616 93 52 give
1511 2630 22 27 a

184 2675 111 56 good
318 2680 175 34 account
521 2674 51 40 of
593 2674 126 41 them.
776 2676 91 40 The
892 2679 252 52 expedition,
1169 2678 132 39 which
1332 2679 120 39 sailed
1480 2693 52 27 on

187 2738 196 51 Saturday
419 2737 79 40 and
546 2735 162 53 Sunday
739 2735 93 47 last,
878 2752 60 26 we
970 2752 69 26 are
1071 2738 89 40 told
1199 2739 32 40 is
1263 2740 171 40 distilled
1470 2741 66 40 for

187 2799 165 50 Zisbon.
412 2797 43 43 If
468 2798 91 40 that
589 2799 52 39 be
660 2799 69 39 the
748 2812 92 27 case
860 2813 61 26 we
950 2802 104 39 have
1068 2800 163 53 already
1251 2815 25 26 a
1293 2802 111 40 force
1426 2803 111 40 there

182 2859 120 58 equal
322 2865 46 34 to
387 2859 112 54 repel
520 2872 81 41 any
620 2859 139 40 attack
782 2874 54 26 on
859 2862 70 39 the
950 2869 87 46 part
1057 2862 50 41 of
1122 2867 219 37 LEFEHKE.

239 3004 110 40 Both
383 3005 159 41 Houses
579 3004 52 40 of
647 3004 272 46 Parliament,
948 3004 128 41 which
1120 3011 81 34 met
1237 3019 53 26 on
1323 3007 213 54 Thursday

183 3064 94 48 Last,
307 3066 109 40 have
448 3069 262 38 commenced
745 3067 110 40 their
888 3066 224 53 legislative
1152 3069 221 46 functions,
1411 3071 126 39 under

181 3129 313 45 eireuinstances
513 3128 167 53 awfully
700 3129 252 53 impressive.
1010 3130 136 39 There
1159 3126 133 43 'never
1312 3144 81 27 was
1413 3146 24 25 a
1455 3133 60 39 sin-

183 3187 74 58 gls:.
285 3191 141 52 period
449 3190 39 39 in
513 3203 79 27 our
631 3191 176 52 history,
839 3191 135 39 which
1006 3190 152 41 offered
1183 3197 148 34 matter
1350 3193 50 39 of
1423 3207 113 27 more

181 3252 248 53 imperative
459 3257 149 34 nature
647 3253 66 39 for
749 3253 237 40 discussion.
1030 3256 87 35 The
1140 3255 137 38 atlairs
1296 3255 51 37 al!'
1383 3257 157 52 Europe

188 3330 71 26 are
289 3315 285 53 approaching
589 3328 143 27 nearer
758 3317 79 43 and
859 3330 145 27 nearer
1025 3322 43 33 to
1090 3330 22 26 a
1135 3318 126 43 crisis,
1281 3319 131 38 with
1433 3325 85 33 esta-

181 3378 152 43 blishes
356 3379 67 37 the
441 3377 301 54 independence
761 3393 47 25 or
827 3379 176 39 absolut,
1035 3379 157 53 slavery
1213 3379 51 38 of
1279 3381 50 38 its
1348 3381 193 39 immense

183 3441 261 58 population.
503 3441 126 40 Their
665 3441 246 40 resolutions
950 3442 233 38 contflliqc
1220 3442 242 54 powerfully
1495 3449 45 37 to

182 3504 132 39 either
373 3502 78 39 and
470 3502 72 39 the
561 3502 163 40 nations
742 3503 51 38 of
809 3504 70 38 the
913 3503 112 38 earth
1063 3504 146 37 attend.
1243 3504 98 40 with
1372 3506 165 53 anxiety

181 3570 50 35 to
249 3565 70 40 the
339 3563 128 40 result
485 3563 50 40 of
549 3565 107 40 their
685 3565 262 39 deliberatim•
947 3565 22 39 .
970 3565 22 39 .
1051 3566 99 38 This
1170 3565 224 53 imperious

418 3626 78 40 and
519 3626 69 40 the
622 3626 177 41 arduous
820 3627 136 41 dillies
983 3627 99 51 .ftey
1122 3627 105 39 have
1263 3633 41 34 to
1339 3628 202 53 perform,

183 3689 102 47 will,
305 3703 59 27 vc
383 3689 185 52 ardently
592 3689 124 52 hope,
729 3689 156 52 prevail
899 3703 51 25 on
971 3690 110 38 them
1162 3689 141 40 'owlish
1318 3690 223 41 selfishness

184 3752 81 41 and
301 3752 213 53 acrimony
549 3751 109 39 from
694 3751 105 40 their
833 3750 201 53 assembly
1049 3768 12 26 ;
1110 3752 81 39 anal
1226 3752 73 39 the
1328 3754 214 40 collective

184 3815 170 41 wisdom
389 3815 78 40 and
487 3813 244 56 experience
751 3813 48 40 of
815 3815 71 38 the
908 3820 135 32 senate
1076 3811 97 53 rally
1199 3814 130 40 round
1349 3815 70 41 the
1436 3820 78 38 Eye-

183 3880 155 45 cutive,
371 3878 41 40 in
451 3878 120 39 order
594 3882 45 34 to
659 3891 94 26 save
774 3878 169 52 Europe
972 3878 76 39 and
1087 3876 67 39 the
1174 3883 176 48 country
1383 3879 39 39 is
1459 3879 81 40 this

180 3946 243 52 portentous
435 3943 118 50 junct
578 3952 89 35 tire,

240 4004 86 41 The
345 4004 146 52 speech
513 4002 50 40 of
596 4004 60 38 his
692 4005 220 43 MAJESTT,
937 4002 104 41 after
1061 4002 221 53 adverting
1302 4007 44 37 to
1381 4005 70 39 the
1472 4018 45 27 en-

189 4067 164 39 creased
377 4067 230 52 prosperity
631 4065 50 40 of
692 4067 66 39 the
780 4071 197 47 country,
1007 4067 81 39 and
1108 4064 183 54 chewing
1319 4067 70 39 the
1413 4067 100 41 Meth-

187 4140 98 40 carry
320 4129 48 37 of
381 4129 69 39 the
476 4131 183 48 enemy's
693 4129 130 39 edicts
842 4134 50 33 to
926 4133 174 50 prevent
1122 4127 70 39 the
1224 4127 237 43 circulation
1496 4131 48 39 of

187 4199 19 37 4
206 4199 19 37 .
224 4199 40 37 Ut
302 4192 201 54 industry,
535 4191 76 41 and
637 4196 44 37 to
711 4191 93 44 shut
824 4196 93 47 out,
945 4189 110 46 from
1088 4191 72 45 the
1191 4191 183 45 markets
1409 4192 50 45 of
1472 4195 69 40 the

2647 106 162 53 SAN':

1596 244 240 46 Continent,.
1851 244 71 39 the
1938 239 184 59 prodhce
2138 242 52 40 of
2204 254 78 27 our
2313 240 197 48 colonies,
2529 244 155 38 tenews
2698 240 71 40 the
2787 239 158 40 solemn

1592 312 274 48 engagement
1897 320 81 28 our
1994 309 287 41 Government
2317 304 80 43 had
2428 302 239 59 previously
2702 299 244 48 contracted

1594 370 96 38 with
1710 369 69 40 the
1795 364 394 69 Spanish.natlion.-:-
2190 364 21 69 6
2211 364 21 69 1
2262 366 73 41 His
2357 367 204 41 MAJESTY
2594 365 73 43 has
2695 353 185 51 renewed
2900 366 46 35 to

1654 431 70 40 the
1741 433 163 52 Spanish
1925 432 159 46 nation,
2114 430 43 41 in
2177 430 71 44 the
2280 433 188 40 moment
2481 428 50 45 of
2543 429 54 41 its
2615 425 231 46 difficulties
2867 424 81 43 and

1596 498 28 20 66
1656 507 190 37 reverses,
1881 495 71 40 the
1988 498 294 50 engagements
2310 491 133 47 which
2484 493 52 46 be
2574 487 248 54 voluntarily
2845 498 73 28 cou-

1594 561 27 19 -6'
1651 557 156 46 traded
1824 565 41 32 at
1883 557 72 45 the
1972 562 136 38 outset
2126 555 54 41 of
2194 557 51 38 its
2275 553 188 57 struggle
2496 553 163 57 against
2673 553 73 45 the
2777 562 149 41 usurpa-

1594 622 27 26 q
1652 619 91 45 tion
1761 619 77 46 and
1867 624 177 48 tyranny
2060 618 51 45 of
2126 620 156 39 France
2300 634 13 31 ;
2342 617 80 41 and
2441 630 61 27 we
2523 628 71 27 are
2610 613 269 43 commanded
2900 615 47 35 to

1593 691 9 13 •
1650 679 194 63 acquaint
1873 694 100 40 you,
2007 681 91 44 that
2135 679 112 41 these
2281 681 293 57 engagements
2610 676 107 47 have
2750 676 105 39 been
2885 685 61 28 re.

1651 743 131 41 duced
1818 742 86 41 into
1935 744 71 40 the
2041 741 97 43 form
2138 741 25 43 -
2183 741 52 44 of
2261 755 25 26 a
2321 746 135 50 treaty

2479 741 20 52 .
2499 741 41 52 of
2562 738 177 47 alliance
2754 754 13 30 ;
2812 733 135 43 which

1593 813 27 19 66
1651 811 150 48 treaty,
1828 821 44 31 so
1891 819 103 34 soon
2015 817 44 35 a,
2087 806 70 41 the
2177 804 273 47 ratifications
2480 802 105 50 shall
2614 802 107 46 have
2751 800 106 40 been
2872 810 51 26 ex-

1649 869 201 51 changed,
1896 868 61 40 his
1996 870 204 44 IVl,sissrir
2235 865 80 51 will
2359 878 123 30 cause
2518 870 46 35 to
2601 865 52 43 be
2687 861 81 43 laid
2805 859 142 41 before

1593 938 9 17 6
1609 937 12 19 6

1645 994 74 38 We
1733 1006 105 34 were
1861 1002 73 35 not
1954 992 18 50 a
1971 992 19 50 .
1990 992 113 50 little
2124 990 231 47 astonished
2378 994 43 39 at
2437 989 255 57 perceiving,
2720 987 40 40 in
2779 985 72 44 the
2867 984 80 40 dis•

1591 1054 156 44 cussion
1769 1055 126 43 which
1916 1056 152 40 ensued
2100 1067 54 28 on
2174 1054 170 52 moving
2363 1052 73 40 the
2465 1052 181 44 address,
2673 1061 113 30 some
2807 1046 118 54 objec-

1592 1120 107 37 tions
1722 1117 116 41 made
1859 1122 44 35 to
1916 1117 71 40 the
2007 1119 210 59 propriety►
2236 1115 48 40 of
2295 1115 81 41 this
2392 1119 131 48 treaty
2544 1109 247 60 dalliance,
2829 1107 120 43 After

1593 1178 69 39 the
1683 1183 105 35 most
1806 1179 202 41 attentive
2027 1178 78 47 and
2125 1176 211 64 impartial
2356 1175 282 47 examination
2654 1186 63 34 we
2732 1170 125 43 could
2872 1175 78 34 not

1591 1239 184 43 discover
1791 1241 70 40 the
1890 1243 268 60 impropriety
2180 1239 161 41 alluded
2363 1245 70 44 to;
2463 1250 56 33 on
2555 1238 71 40 the
2644 1241 213 46 contrary,
2888 1245 63 26 we

1591 1303 184 47 consider
1806 1304 70 48 the
1907 1298 216 57 solemnity
2158 1302 53 47 of
2238 1302 70 47 the
2340 1307 85 41 act,
2505 1302 41 39 in
2574 1299 72 41 the
2685 1299 189 39 moment
2904 1293 50 44 of

1594 1365 164 51 Spanish
1775 1364 230 47 difficulties
2021 1365 80 41 and
2379 1377 43 26 as
2435 1361 163 57 equally
2616 1355 334 50 commendable,

1593 1439 51 26 on
1667 1427 69 39 the
1753 1440 113 31 score
1884 1426 51 41 of
1951 1427 154 54 policy,
2135 1440 44 27 as
2198 1426 90 40 well
2306 1439 46 26 as
2370 1424 317 53 magnanimity.
2744 1423 89 40 The
2849 1415 100 56 high

1593 1491 165 52 opinion
1780 1491 31 39 it
1840 1496 106 34 must
1957 1491 96 53 give
2078 1491 70 39 the
2160 1489 168 53 Spanish
2353 1487 149 56 people
2515 1487 79 40 and
2621 1495 273 46 government
2904 1491 53 40 of

1596 1552 144 48 British
1779 1551 155 56 loyalty
1964 1553 81 40 and
2078 1553 178 46 honour,
2284 1550 84 41 will
2407 1550 105 41 have
2543 1563 25 28 a
2598 1554 120 50 great
2746 1551 206 57 tendency

1594 1619 41 34 to
1663 1617 104 41 raise
1792 1616 70 39 the
1890 1616 240 44 confidence
2147 1615 80 41 and
2246 1615 117 53 spirit
2381 1611 52 44 of
2447 1613 73 40 the
2550 1613 174 48 natives,
2778 1615 78 45 We
2876 1611 73 45 are

1596 1676 133 54 happy
1750 1682 45 35 to
1813 1677 103 44 have
1933 1677 234 46 remarked,
2196 1676 92 40 that
2306 1675 72 41 the
2398 1674 209 54 greatest
2607 1672 229 57 nnanimity

1594 1737 100 47 vails
1714 1750 43 30 as
1775 1743 44 34 to
1839 1739 67 48 the
1926 1737 171 46 wisdom
2118 1737 50 41 of
2193 1737 292 54 co-operating
2517 1734 237 64 yigorously►
2777 1736 39 40 in
2848 1750 99 41 sup.

1596 1806 92 47 port
1709 1800 50 40 of
1789 1800 69 41 the
1892 1801 219 52 Spaniards
2127 1817 12 30 ;
2171 1800 81 41 and
2285 1800 96 48 with
2402 1800 72 39 the
2503 1799 220 53 exception
2753 1799 51 40 of
2835 1800 113 41 Lord

1596 1864 242 44 GRUNittLI.E
1838 1864 22 44 I
1897 1861 80 40 and
2008 1867 84 34 two
2127 1874 50 28 or
2211 1861 117 51 three
2366 1861 208 40 Members
2604 1873 116 27 more
2756 1860 39 40 in
2842 1861 104 41 both

1599 1925 170 46 floases,
1787 1923 107 41 from
1910 1924 138 50 whom
2066 1938 59 33 we
2146 1923 137 50 would
2301 1924 106 48 have
2428 1923 100 54 least
2542 1923 202 53 expected
2764 1923 48 47 it,
2832 1925 118 41 there

1594 1985 125 40 exists
1737 1985 93 53 only
1852 1994 79 32 one
1950 1985 171 53 opinion
2141 1998 54 27 on
2216 1985 71 41 the
2315 1987 211 53 propriety
2548 1985 52 40 of
2623 1985 171 54 making
2822 1995 128 46 every

1596 2049 187 41 exertion
1805 2054 41 35 to
1865 2048 116 41 assist
1998 2048 72 41 the
2088 2048 219 54 Spaniards
2327 2049 39 39 in
2386 2047 71 41 the
2472 2048 285 40 maintenance
2776 2048 53 43 of
2839 2049 111 41 their

1598 2111 132 53 rights
1747 2111 77 40 and
1843 2111 278 53 sovereignty.
2148 2111 2 53 •

1616 2215 89 39 Slit
1727 2215 53 38 H.
1804 2211 777 41 DALRYMPLE.—CONVENTION
2620 2211 67 38 OF
2726 2210 230 46 CINTRA.

1899 2277 67 27 HIS
1995 2267 228 38 MAJESTY'S
2254 2276 396 30 DISAPPROBATION.

1650 2317 90 41 The
1773 2316 150 41 formal
1939 2316 252 43 declaration
2229 2317 50 40 of
2293 2316 60 40 his
2375 2319 211 51 Majesty's
2614 2315 339 54 disapprobation

1597 2370 47 39 of
1652 2370 71 40 the
1743 2370 215 40 Armistice
1978 2369 79 41 and
2088 2369 255 40 Convention
2359 2368 41 40 in
2418 2368 217 54 Portugal,
2663 2368 73 41 has
2754 2369 100 40 been
2876 2380 79 37 nu.

1596 2422 112 41 tified
1743 2430 44 34 to
1822 2422 60 43 Sir
1903 2422 103 40 Hew
2044 2420 239 58 Dalrymple
2316 2421 81 41 and
2426 2422 70 39 the
2525 2421 122 41 other
2668 2420 210 48 Generals,
2908 2435 46 30 as

1596 2476 235 45 follows;

1649 2536 15 20 6
1664 2536 15 20 4
1709 2531 87 38 The
1814 2530 109 58 King
1941 2526 74 46 has
2031 2528 125 41 taken
2177 2528 89 43 into
2291 2528 61 39 his
2380 2528 301 52 consideration
2700 2528 71 39 the
2790 2529 165 52 Report

1596 2582 51 40 of
1658 2583 71 40 the
1746 2583 131 40 Board
1896 2581 48 43 of
1970 2583 182 53 Inquiry,
2180 2582 194 54 together
2394 2581 99 40 with
2526 2580 71 43 the
2611 2580 242 41 documents
2872 2581 84 41 aud

1599 2636 188 53 opinions
1802 2636 217 39 thereunto
2040 2635 201 41 annexed.

1710 2688 133 40 While
1869 2688 72 40 •his
1974 2689 175 52 Majesty
2179 2688 149 51 adopts
2359 2687 72 40 the
2452 2685 246 41 unanimous
2718 2685 169 54 opinion
2908 2683 53 43 of

1600 2741 67 40 the
1687 2743 150 45 Board,
1857 2740 91 39 that
1963 2753 57 26 no
2040 2740 155 41 farther
2211 2741 182 52 Military
2411 2739 265 52 proceedings
2689 2739 32 38 is
2738 2752 215 39 necessary

1599 2799 43 34 to
1680 2794 51 39 be
1763 2794 77 39 had
1860 2806 112 40 upoir
1988 2793 72 40 the
2079 2793 272 40 transactions
2369 2791 175 41 referred
2580 2797 46 35 to
2646 2791 107 40 their
2786 2792 149 40 investi-

1597 2849 162 52 gation,
1789 2846 59 39 his
1869 2848 174 51 Majesty
2063 2846 98 39 does
2183 2850 76 35 not
2280 2845 133 40 intend
2434 2845 169 52 thereby
2626 2849 46 34 to
2692 2858 157 40 convey
2870 2858 83 40 any

1602 2901 230 52 expression
1863 2898 48 40 of
1937 2898 61 39 his
2031 2900 210 52 Majesty's
2272 2898 249 40 satisfaction
2559 2903 44 35 at
2634 2898 71 40 the
2726 2903 125 35 terms
2876 2898 83 51 aud

1602 2954 226 40 conditions
1844 2952 48 40 of
1903 2950 70 40 the
1990 2952 215 40 Armistice
2219 2953 79 41 and
2320 2950 269 41 Convention.

1715 3007 130 38 When
1860 3004 118 40 those
1998 3004 262 40 instruments
2288 3017 106 27 were
2413 3004 87 40 first
2522 3004 80 40 laid
2621 3004 145 40 before
2779 3004 63 41 his
2862 3005 61 39 Ma-

1603 3061 118 50 jesty,
1752 3059 69 40 the
1850 3058 112 51 king
1996 3057 207 54 reserving
2241 3057 69 40 for
2327 3057 287 52 investigation
2635 3057 117 40 those
2783 3063 113 48 parts
2911 3058 50 41 of

1603 3113 69 39 the
1693 3115 61 37 De
1759 3112 26 39 fi
1789 3111 124 40 nitive
1933 3111 257 40 Convention
2212 3111 41 39 in
2267 3110 131 39 which
2414 3109 63 40 his
2489 3112 209 57 Majesty's
2718 3111 239 41 immediate

1606 3167 185 38 interests
1827 3176 102 37 were
1964 3164 242 45 concerned,
2238 3162 146 41 cattsed
2419 3163 31 39 it
2487 3168 44 35 to
2554 3163 48 39 be
2620 3163 188 52 signified
2829 3168 43 37 to
2894 3165 63 40 Sir

1607 3220 94 38 Hew
1727 3215 250 56 Dalrymple,
1994 3214 63 53 .by
2079 3216 60 39 his
2169 3219 209 50 Majesty's
2398 3217 209 52 Secretary
2628 3217 50 38 of
2705 3219 126 45 State,
2862 3217 94 41 that

1604 3270 58 39 his
1688 3272 189 51 Majesty,
1904 3269 289 47 nevertheless,
2212 3268 76 41 felt
2300 3268 170 41 himself
2477 3268 228 54 compelled
2725 3274 41 43 at
2784 3283 104 26 once
2908 3275 46 34 to

1603 3335 164 40 expron
1786 3324 58 38 his
1858 3322 337 52 disapprobation
2216 3322 51 39 of
2281 3322 117 39 those
2412 3322 177 46 articles,
2622 3322 39 39 in
2676 3322 130 40 which
2824 3322 111 53 stipu-

1592 3376 1 54 ,
1605 3376 148 40 lattous
1772 3389 104 26 were
1894 3377 117 38 matte
2029 3376 168 52 directly
2218 3376 194 52 affecting
2432 3376 70 39 the
2522 3376 185 47 interests
2724 3389 48 32 or
2785 3376 175 54 feelings

1606 3430 48 40 of
1669 3432 71 37 the
1757 3429 164 52 Spanish
1942 3428 80 40 and
2046 3430 154 50 Portug
2204 3443 94 26 uese
2317 3431 172 43 nations,

1663 3490 28 19 gg
1724 3485 54 37 At
1811 3482 69 40 the
1916 3480 111 46 close
2056 3481 51 41 of
2133 3482 44 39 th
2178 3495 24 28 e
2239 3482 183 53 Inquiry,
2453 3483 70 46 the
2561 3483 128 56 King,
2718 3482 237 57 abstaining

1605 3535 106 44 from
1730 3547 79 41 any
1826 3534 285 41 observations
2131 3547 112 41 upon
2261 3534 122 43 other
2399 3531 113 58 parts
2529 3535 52 41 of
2595 3537 70 40 the
2681 3535 278 48 Convention,

1607 3593 159 50 repeats
1799 3588 61 39 his
1877 3586 339 56 disapprobation
2245 3587 53 43 of
2320 3587 117 41 those
2470 3586 185 51 articles;
2687 3589 72 40 His
2778 3591 181 52 Majesty

1605 3643 188 52 deeming
1824 3643 31 38 it
1883 3650 209 45 necessary
2112 3641 90 40 that
2222 3641 64 40 his
2302 3638 236 46 sentiments
2556 3641 148 41 should
2724 3643 51 39 be
2799 3641 152 53 clearly

1606 3694 260 46 understood,
1896 3707 43 26 as
1954 3700 44 33 to
2016 3694 70 40 the
2106 3694 263 53 impropriety
2392 3694 80 41 and
2492 3694 158 54 danger
2672 3694 48 40 of
2731 3694 73 40 the
2822 3709 106 27 unau-

1604 3748 178 40 thorsed
1798 3748 215 50 admission
2034 3745 86 44 into
2140 3748 178 52 Military
2340 3748 291 50 Conventions,
2661 3748 50 41 of
2727 3748 163 43 articles
2910 3746 53 44 of

1603 3800 97 43 such
1739 3815 21 25 a
1798 3800 259 56 description,
2105 3798 149 51 which,
2281 3800 215 56 especially
2523 3801 123 41 when
2685 3801 274 57 ineautiously

1604 3855 267 54 framedmay
1896 3854 89 43 lead
1998 3860 51 37 to
2070 3854 73 43 the.
2159 3859 107 38 most
2287 3855 202 50 injurious
2500 3867 315 43 consequences.

1656 3913 30 20 64
1720 3909 72 39 His
1822 3909 174 52 Majesty
2030 3913 152 37 cannot
2217 3908 169 40 forbear
2418 3907 159 43 farther
2597 3915 45 33 to
2670 3909 172 41 observe
2859 3909 96 40 that

1607 3961 431 40 Lieutenant-General
2059 3961 60 40 Sir
2141 3964 77 39 Hew
2218 3964 26 39 .
2264 3961 272 54 Dalrymple's
2548 3961 193 54 delaying
2758 3969 45 33 to
2824 3967 112 35 trans-

1607 4015 72 40 mit
1700 4015 66 39 for
1785 4015 61 41 his
1864 4015 265 41 information
2148 4015 70 40 the
2235 4015 215 43 Atinistice
2469 4016 224 41 conelnded
2714 4028 56 28 on
2789 4013 72 52 the
2874 4017 87 43 22d

1604 4070 177 50 August,
1811 4069 100 39 until
1931 4067 71 41 the
2035 4069 72 43 4th
2138 4069 254 54 September,
2430 4068 115 41 when
2583 4071 67 46 he,
2680 4075 44 37 at
2758 4069 72 41 the
2842 4081 120 31 same

1604 4122 115 45 time,
1736 4122 255 40 transmitted
2013 4122 70 50 the
2105 4122 161 43 ratified
2300 4123 279 51 Convention,
2613 4137 89 28 waa
2731 4122 234 44 calculated

1606 4180 44 33 to
1684 4175 178 52 produce
1883 4181 117 46 great
2020 4175 137 54 public
2183 4175 338 47 inconvenience,
2541 4178 90 46 and'
2659 4178 97 52 that
2783 4176 103 48 inch
2921 4178 45 48 ia

1612 4240 270 33 couveuicuct:
1916 4228 70 46 did
2003 4230 43 44 in
2063 4228 86 46 fact
2164 4228 129 47 result

3194 155 6 64 I
3227 133 15 167 :
3242 133 2 167 ,

3209 1264 79 568 ;•

3217 1904 61 193 1

3270 2323 21 41 J.

3257 2747 27 48 ~.i
3285 2747 9 48 t

3272 2799 12 39 ':.

3305 3596 14 31 ~,

3266 3983 14 93 1

3262 4142 40 31 ii.

3321 4257 14 52 i
