3354 4406
335 125 163 54 SAN.
537 128 85 51 22.

52 2171 4 15 '
69 2172 7 7 •
94 2171 7 15 v

91 2197 19 265 1

92 3387 15 13 ~

1202 136 144 57 TILE
1382 144 369 57 NATIONAL
1783 151 366 54 REGISTER.

332 262 236 35 meritorious
600 265 167 40 Officers,
800 268 123 34 whose
952 269 143 37 honour
1121 274 69 34 and
1221 276 80 32 zeal
1320 276 58 33 for
1396 278 52 34 his
1463 280 132 45 Muje&t

331 309 144 37 service
494 321 99 26 were
607 313 230 47 undisputed.
883 317 78 34 The
976 318 117 45 Right
1111 318 98 38 Hon.
1225 322 214 38 Gentleman
1454 327 193 34 concludt•it

330 357 54 44 by
400 360 296 46 congratulating
715 363 63 34 the
794 361 128 38 Rouse
935 376 47 25 on
1016 369 64 33 the
1096 369 119 45 newly
1234 372 172 43 acquired
1426 376 209 33 ninderatio.

331 405 48 35 of
393 406 60 34 the
471 407 215 35 Gentlemen
702 411 193 48 opposite,
909 413 69 33 and
997 415 122 45 hoped
1147 416 83 44 they
1264 419 122 33 would
1403 431 191 34 persevere
1616 424 30 32 i:•

331 462 45 26 so
404 454 174 37 laudable
604 467 26 25 a
658 463 150 38 system,
831 469 44 26 so
900 461 167 35 different
1097 462 94 37 from
1222 465 70 33 last
1307 467 157 41 Ses,inn,
1500 471 69 32 and
1606 481 35 22 so

330 503 198 41 agreeable
542 508 38 30 to
596 513 110 37 every
728 506 226 43 honourable
981 509 152 45 feeling,
1154 507 102 40 when
1286 511 27 33 it
1337 524 71 21 was
1434 516 208 35 discovered

333 548 86 40 that
435 550 185 35 Ministers
647 554 106 34 made
778 565 112 37 every
913 557 170 34 exertion
1102 559 35 33 in
1157 557 96 35 their
1281 570 130 34 power
1428 561 60 35 for
1505 565 60 33 the
1583 565 43 34 ad-

334 602 156 40 vantage
506 598 45 34 of
562 599 61 35 the
639 607 170 39 country.

383 643 109 39 After
507 656 100 26 some
622 650 133 40 general
756 650 20 40 .
785 651 252 39 observations
1048 652 70 35 and
1134 654 254 44 explanations
1407 657 59 34 the
1483 659 92 44 Spen
1584 660 63 34 ker

332 698 71 43 put
420 692 59 37 the
493 694 169 46 question
674 707 46 25 on
738 696 63 40 the
821 698 168 44 Address,
1007 700 122 34 which
1148 712 72 25 was
1235 704 143 33 carried
1396 704 34 35 in
1444 706 59 34 the
1517 706 131 34 affiro,-

332 741 104 40 ;give
456 742 158 37 without
630 752 25 25 a
669 743 176 37 division.

381 788 79 44 Pie
478 789 126 43 'louse
617 789 202 50 adjourned
831 798 41 34 at
891 793 79 37 half
992 801 81 40 past
1085 797 125 34 eleven
1224 796 162 38 o'clock,

731 913 191 33 FRIDAY,
947 915 215 27 JANUARY
1188 908 58 34 20.

381 956 76 41 Mr,
474 957 172 47 GRANT,
671 959 94 35 from
784 961 63 33 the
868 961 216 38 Committee
1100 964 45 33 of
1170 963 168 45 Military
1362 964 180 45 Enquiry,
1567 976 60 35 pre-

332 1005 124 35 sented
475 1006 63 33 the
552 1006 65 39 7th
632 1009 70 33 and
728 1009 65 35 Bth
823 1009 157 47 Reports
996 1011 45 34 of
1062 1010 63 34 the
1152 1011 230 43 Committee,
1411 1013 119 33 which
1548 1024 94 24 were

335 1054 157 35 ordered
511 1061 38 30 to
567 1057 44 33 be
630 1056 159 46 printed.

815 1114 197 26 PRIVATE
1038 1116 40 25 131
1090 1115 87 25 LLS.

383 1147 83 37 The
483 1147 301 40 CHANCELLOR
806 1153 44 33 of
863 1152 59 35 the
943 1154 59 34 Ex
1011 1165 53 24 ell
1075 1163 81 31 EQU
1167 1163 50 26 ER
1235 1154 181 45 proposed
1430 1165 39 25 as
1483 1156 163 44 standing

333 1195 126 35 orders
472 1195 44 35 of
542 1196 60 35 the
617 1198 143 45 House,
785 1200 100 34 That
899 1211 44 25 no
966 1202 177 33 Petitions
1160 1201 54 34 for
1235 1204 151 32 Private
1411 1204 91 32 Bills
1520 1204 44 32 he
1594 1214 35 21 re-

333 1244 126 35 ceived
471 1244 102 37 after
592 1247 59 34 the
667 1248 86 33 24th
772 1247 44 33 of
841 1247 190 45 February
1046 1261 12 27 ;
1085 1248 79 34 that
1181 1259 43 22 no
1243 1248 150 35 Private
1417 1248 70 34 Bill
1522 1251 46 32 he
1594 1261 35 22 re-

333 1292 129 35 ceived
477 1292 100 35 after
596 1294 61 33 the
676 1294 90 35 27th
777 1294 46 33 of
846 1294 126 35 March
989 1307 13 30 ;
1039 1297 71 33 and
1148 1307 43 22 no
1217 1302 128 40 report
1365 1296 41 35 of
1439 1307 24 25 a
1495 1296 150 35 Private

335 1338 80 38 Bill
431 1337 98 38 after
541 1341 63 34 the
622 1341 67 37 Bth
705 1342 45 34 of
772 1342 105 44 May.

817 1398 118 27 DUKE
961 1400 57 26 OF
1048 1398 139 27 YORK.

383 1434 74 37 Mr.
487 1436 233 37 WAttorta.
735 1448 93 33 gave
848 1437 118 34 notice
981 1439 45 32 of
1045 1449 24 24 a
1095 1439 135 33 motion
1257 1449 46 22 on
1337 1439 63 34 the
1427 1439 155 35 conduct
1609 1440 45 33 of

334 1482 60 35 his
420 1483 123 44 Royal
572 1483 183 46 Highness
788 1486 61 32 the
872 1485 105 34 Duke
1004 1485 43 34 of
1074 1485 123 43 York,
1226 1486 34 34 in
1289 1487 163 43 granting
1469 1487 152 34 Commis-

333 1531 110 39 sions,
468 1530 71 37 and
557 1532 34 34 in
609 1543 24 24 a
653 1533 141 43 variety
813 1532 46 33 of
880 1533 105 33 other
1010 1533 168 45 military
1195 1533 131 35 detail*
1343 1535 194 38 conuected
1558 1534 87 39 with

335 1577 66 37 the
420 1579 157 40 basiaess
593 1579 45 37 of
658 1579 58 35 his
735 1579 397 46 oflice.—Adjourned.

736 1698 210 45 STATE
990 1696 267 53 PAPERS.

904 1786 194 26 —yaw—

743 1835 107 40 con
904 1837 157 39 ESPON
1072 1835 102 40 DEx
1181 1835 63 47 cg

878 1913 113 30 WITH
1022 1915 87 30 THE

333 1976 184 28 RUSSIAN
548 1978 90 26 AND
666 1975 183 30 TRENCH
878 1972 330 33 GOVERNMENTS
1230 1978 224 27 RELATIVE
1481 1978 53 28 TO
1561 1977 87 27 VALE

535 2034 263 27 OVERTURES
826 2031 226 33 RECEIVED
1080 2034 119 30 FROM
1228 2035 223 27 ERFURTII.

383 2128 123 38 Count
522 2127 154 35 Nicolas
709 2128 45 35 de
781 2128 224 37 Romanzoff
1032 2134 40 32 to
1109 2130 72 34 Mr.
1201 2130 197 45 Secretary
1427 2128 176 45 Canning,

386 2176 2 45 •
459 2176 111 35 dated
593 2176 169 45 Erfurtb,
782 2178 89 35 Oct.
891 2178 56 43 12,
970 2177 102 35 IRK
1127 2177 181 35 Received
1328 2178 84 34 Oct.
1430 2178 93 34 21st.

860 2236 288 47 (Translation.)
1169 2233 4 50 *
1578 2233 4 50 •

350 2291 5 48 •
565 2293 84 35 send
669 2296 39 31 to
724 2304 96 34 your
840 2294 222 44 Ekcellency
1083 2303 24 24 a
1119 2293 110 35 letter
1246 2293 122 35 which
1380 2293 61 35 the
1456 2293 195 47 Emperors

325 2340 58 40 'ef
400 2339 131 37 Russia
548 2340 67 34 and
633 2340 141 35 France
794 2344 110 37 write
922 2347 35 28 to
973 2341 56 33 his
1039 2339 158 46 Majesty
1212 2341 63 34 the
1300 2341 99 44 King
1410 2341 41 34 of
1473 2340 175 44 e,ngland.

335 2387 81 35 The
437 2388 184 45 Emperor
634 2387 184 43 offßussia
828 2389 138 34 flatters
981 2388 150 34 himself
1140 2388 77 34 that
1235 2389 143 43 Englan
1378 2389 20 33 d
1421 2389 76 33 will
1509 2388 71 34 feel
1591 2386 59 35 the

334 2432 180 47 grandeur
526 2435 71 33 and
613 2435 176 45 sincerity
803 2435 46 34 of
861 2435 71 34 this
948 2439 97 41 step.
1098 2435 71 33 She
1188 2435 73 33 will
1283 2437 103 32 there
1398 2435 70 34 find
1483 2435 64 33 the
1559 2441 91 27 most

335 2481 144 37 natural
497 2485 69 32 and
592 2483 64 34 the
672 2489 92 28 most
774 2483 135 45 simple
921 2492 145 25 answer
1080 2487 38 30 to
1148 2483 59 37 the
1234 2489 172 27 overture
1434 2493 31 24 w
1475 2481 84 34 hich
1589 2481 63 33 has

330 2530 98 35 been
442 2530 107 35 made
563 2530 47 46 by
632 2529 169 37 Admiral
834 2530 214 37 Saumarez:
1096 2529 80 35 The
1200 2531 110 34 union
1328 2529 45 34 of
1390 2529 61 34 the
1470 2533 78 31 two
1569 2529 57 34 Em-

334 2580 103 43 pires
454 2578 30 33 is
501 2577 145 46 beyond
669 2570 65 43 the
749 2578 113 34 reach
880 2577 44 34 of
934 2577 51 34 all
1003 2578 154 40 change,
1185 2576 67 35 and
1272 2577 63 34 the
1354 2585 73 26 two
1453 2577 197 44 Emperors

338 2626 96 34 have
449 2624 141 35 formed
606 2626 30 33 it
652 2624 60 35 for
729 2634 116 37 peace
869 2635 38 25 as
925 2624 84 33 well
1026 2635 39 25 as
1083 2603 57 56 for
1159 2635 90 24 war.
1303 2624 72 34 His
1401 2623 158 46 Majesty
1591 2623 61 34 has

335 2672 235 37 Comnianded
602 2665 65 43 me
677 2678 38 28 to
731 2673 113 35 make
860 2672 137 35 known
1015 2678 38 30 to
1080 2683 92 33 your
1187 2670 223 44 Excellency
1429 2672 80 34 that
1527 2669 45 34 he
1590 2670 63 33 has

337 2720 210 37 nominated
566 2719 353 46 Plenipotentiaries
941 2719 86 37 who
1063 2718 76 35 will
1170 2719 124 45 repair
1322 2726 38 26 to
1395 2719 119 41 Paris,
1534 2720 119 32 where

338 2769 90 45 they
464 2767 80 43 will
572 2769 91 40 Wait
697 2769 60 34 the
789 2777 143 27 answer
965 2767 122 34 which
1121 2777 91 34 your
1239 2767 221 44 Excellency
1498 2776 80 33 may
1611 2765 41 33 he

337 2817 149 45 pleased
504 2820 40 30 to
560 2816 111 43 make
689 2822 37 31 to
743 2826 71 24 me.
872 2816 19 34 I
909 2820 143 39 request
1069 2825 19 32 .
1088 2825 57 32 you
1163 2820 34 27 to
1215 2813 103 35 addre
1318 2813 21 35 ,
1339 2813 21 35 s
1382 2815 28 33 it
1427 2819 38 28 to
1483 2812 63 35 the
1566 2812 67 34 Rus-

337 2869 81 30 sian
436 2862 247 44 Ambassador
697 2869 38 28 at
755 2863 123 35 Paris.
925 2864 83 34 The
1026 2861 346 45 Plenipotentiaries
1385 2861 126 34 named
1530 2861 41 44 h.%
1594 2859 59 33 the

339 2911 191 45 Empernr
544 2910 45 41 of
604 2911 132 37 Russia
756 2911 79 33 will
856 2910 124 44 repair
997 2916 39 28 to
1054 2911 78 33 that
1156 2909 79 45 City
1257 2921 11 20 (
1269 2920 24 32 f
1294 2920 9 26 t
1322 2909 63 40 the
1402 2908 193 34 Continent
1619 2913 34 26 to

338 2959 129 37 whielt
485 2960 61 32 the
569 2957 347 50 Plenipotentiaries
945 2957 50 34 of
1020 2957 53 33 his
1110 2957 183 33 Britannic
1324 2952 155 48 Majesty
1507 2952 69 38 and
1603 2953 53 34 his

340 3007 122 35 Allies
480 3006 92 35 shall
593 3006 96 34 hayb
707 3007 89 34 been
814 3013 90 28 sent,
956 3005 44 35 In
1019 3009 141 40 respect
1178 3009 34 27 to
1230 3004 63 32 the
1311 3005 94 32 basis
1421 3002 43 33 of
1475 3002 60 33 the
1552 3012 85 31 ',ego-

338 3056 157 39 elation,
510 3054 85 34 their
595 3054 18 34 .
627 3051 387 48 Imperial:Majesties
1036 3057 60 30 see
1111 3063 46 26 no
1172 3050 175 35 difficulty
1368 3051 32 32 in
1417 3048 175 45 adopting
1606 3047 50 34 all

341 3102 105 35 those
465 3102 172 44 formerly
661 3102 183 44 proposed
860 3103 44 31 by
926 3099 181 45 l'ngland,
1126 3099 151 40 namely,
1278 3089 76 51 ,tlie
1371 3097 63 34 (Ili
1449 3096 207 38 Possidetis,

340 3149 72 37 and
430 3159 112 34 eiery
560 3148 109 37 other
687 3149 94 35 basis
800 3148 156 35 founded
974 3158 98 34 upon
1088 3146 60 33 the
1165 3136 227 53 reciprocity
1407 3144 70 35 and
1493 3143 162 45 equality

343 3197 124 34 whieu
483 3196 113 46 ought
615 3201 39 31 to
689 3197 143 45 prevail
865 3198 163 33 between
1043 3194 52 35 rili
1113 3198 99 40 great
1231 3193 170 34 Nations.
1456 3191 14 33 I
1494 3193 91 31 have
1598 3190 61 32 the

341 3244 143 35 honour
502 3250 39 30 to
561 3247 59 39 be,
639 3244 89 33 with
741 3239 209 39 seattmeuis
966 3243 44 34 of
1033 3242 60 34 the
1113 3239 437 47 bighest•consideration,
1570 3234 66 37 &c.

583 3292 174 45 (Signed)
898 3291 117 38 Count
1036 3289 165 35 NICOLA
1212 3296 17 26 S
1246 3296 56 26 DE
1325 3287 123 34 ROMA
1460 3293 155 27 NZOFF.

343 3340 128 35 Letter
485 3338 97 35 from
618 3341 54 33 his
694 3338 163 51 Mkjesty
878 3340 58 34 the
965 3339 183 45 Emperor
1165 3335 43 33 of
1228 3335 52 33 all
1315 3334 63 34 the
1402 3332 162 39 RUS)iAS,
1593 3330 67 34 and

391 3389 228 43 Bonaparte,
651 3393 39 27 to
720 3389 53 33 his
796 3385 176 48 Majesty,
990 3385 109 35 dated
1131 3381 170 44 Erfurth,
1320 3383 90 34 Oct.
1430 3384 59 40 12,
1508 3379 105 35 1808.
1617 3394 45 9 —

389 3433 191 39 Received
601 3436 86 35 Oct.
706 3435 60 37 21.

865 3494 293 51 (Translation.)

392 3559 165 43 SIRE,--
565 3557 80 37 The
659 3561 149 45 present
822 3556 276 37 circumstances
1115 3554 43 33 of
1169 3554 151 44 Europe
1333 3552 92 33 have
1440 3546 159 46 hronett
1625 3556 47 25 us•

340 3608 171 44 together
539 3612 40 30 at
609 3606 168 38 Erfurth.
829 3605 80 35 Our
926 3604 77 34 first
1020 3602 156 44 thought
1204 3602 28 32 is
1256 3606 39 28 to
1313 3598 99 46 yield
1431 3605 37 26 to
1485 3596 64 33 the
1576 3594 89 34 wish

340 3656 74 37 and
433 3656 61 38 the
516 3660 113 31 wants
645 3653 46 35 of
702 3663 113 33 every
837 3652 148 45 people,
1007 3651 72 34 and
1098 3658 40 24 to
1153 3647 100 38 seek,
1281 3647 38 34 in
1335 3657 25 24 a
1384 3643 132 47 speedy
1539 3641 109 47 pacifi-

340 3704 126 35 cutiou
485 3702 92 37 with
598 3710 97 37 your
723 3700 178 46 Majesty,
928 3699 64 34 the
1009 3704 91 28 most
1119 3694 202 37 efficacious
1349 3692 142 45 remedy
1522 3689 59 37 for
1607 3689 59 34 the

341 3751 164 35 miseries
537 3749 120 37 which
683 3759 156 37 oppress
869 3748 50 35 all
945 3743 157 39 nations.
1155 3743 66 34 We
1240 3748 111 28 make
1370 3741 132 35 known
1520 3742 38 30 to
1577 3746 91 34 your

343 3798 164 46 Majesty
524 3808 71 27 our
618 3798 139 33 sincere
772 3796 122 35 desire
922 3794 35 37 itt
987 3793 69 37 this
1075 3793 142 46 respect
1237 3791 48 44 by
1305 3790 63 33 the
1387 3791 138 41 present
1545 3785 119 33 letter.

343 3844 85 39 The
443 3844 87 46 long
556 3846 70 34 and
646 3844 138 45 bloody
806 3853 78 25 war
904 3839 126 39 which
1050 3840 66 37 has
1126 3844 80 27 toru
1220 3839 61 32 the
1297 3837 197 34 Continent
1511 3833 32 33 is
1565 3836 37 28 at
1620 3839 45 26 an

343 3893 85 41 end,
457 3893 158 35 without
643 3893 64 34 the
733 3891 213 47 possibility
964 3887 47 37 of
1024 3888 109 44 being
1150 3885 180 35 renewed.
1384 3882 110 44 Many
1514 3880 155 43 changes

345 3940 96 39 have
454 3943 111 33 taken
585 3941 109 46 place
704 3940 35 34 in
755 3939 175 44 Europe;
956 3945 107 34 many
1080 3939 111 30 states
1201 3933 92 34 have
1310 3932 90 33 heeu
1417 3927 249 34 overthrown.

345 3986 81 39 The
442 3997 110 26 cause
567 3990 28 34 is
614 3994 39 28 to
673 3989 46 34 be
736 3986 111 35 found
869 3986 33 33 in
920 3985 61 35 the
1011 3987 94 33 state
1135 3979 44 38 of
1191 3979 182 44 agitation
1397 3976 67 34 and
1483 3977 131 40 misery
1633 3972 33 34 in

343 4036 129 43 which
487 4038 61 32 the
565 4036 208 44 stagnation
785 4033 45 35 of
839 4033 183 43 maritime
1033 4037 202 30 commerce
1252 4028 65 32 has
1333 4023 128 48 placed
1478 4022 61 34 the
1550 4025 98 39 great-

341 4089 65 31 est.
415 4085 151 45 nations.
566 4085 19 45 ;
619 4083 91 41 Still
722 4085 144 41 greater
881 4081 154 43 changes
1046 4087 81 34 may
1147 4080 63 43 yet
1225 4075 90 34 take
1333 4074 118 45 place,
1478 4069 69 35 and
1560 4068 50 33 all
1629 4065 44 34 of

343 4130 104 34 them
462 4139 174 38 contrary
654 4139 39 26 to
710 4131 64 33 the
788 4129 129 46 policy
932 4126 44 39 of
984 4127 63 35 the
1062 4123 152 46 English
1227 4122 139 34 nation.
1419 4119 137 39 Peace,
1569 4115 99 38 then,

344 4178 85 45 Isis(
441 4189 93 27 once
547 4181 65 35 the
630 4179 150 38 interest
797 4176 46 34 of
857 4178 59 33 the
940 4174 137 46 people
1093 4172 44 33 of
1149 4172 60 34 the
1224 4169 208 38 Continent,
1457 4175 40 25 as
1515 4165 30 32 it
1563 4165 27 32 is
1607 4168 27 28 ti
1648 4170 22 25 e

343 4225 154 44 istereit
511 4226 46 43 of
568 4227 61 41 the
643 4222 141 56 people
806 4222 46 41 of
870 4226 116 39 Ureat
999 4219 163 44 Britain.
1213 4214 71 46 We
1302 4217 98 41 unite
1417 4215 37 40 ip
1466 4209 204 48 counting

2949 159 66 47 55

1711 293 93 31 your
1824 286 156 46 Aldiesty
2001 293 38 30 to
2050 289 102 33 listeu
2169 295 39 27 to
2228 291 59 32 the
2302 293 100 31 voice
2413 291 43 33 of
2470 291 206 41 humanity,
2689 288 176 41 silencing
2881 286 77 37 shot
2978 283 45 38 Of

1731 333 39 28 he
1789 334 180 40 passions;
1998 340 35 27 to
2048 337 98 40 seek,
2176 337 89 33 with
2285 338 58 32 the
2362 335 176 34 intention
2556 337 43 32 of
2610 335 163 43 arriving
2794 340 38 28 at
2855 335 77 30 that
2950 333 44 32 ob-

1704 374 92 46 ,i..ct,
1822 386 39 26 to
1885 383 191 32 conciliate
2104 381 50 34 all
2181 383 177 40 interests,
2383 385 70 32 and
2485 385 46 43 by
2554 384 79 33 that
2652 391 119 24 means
2789 387 38 26 to
2846 389 170 35 preserve

1721 424 40 33 al
1794 428 61 32 the
1884 438 142 34 powers
2060 430 116 33 which
2206 431 110 40 exist,
2352 431 71 32 and
2448 436 39 27 to
2518 431 116 33 insure
2659 429 64 33 the
2751 429 195 43 happiness
2978 420 45 38 of

1747 481 116 35 urope
1881 475 71 34 and
1969 475 44 34 of
2026 475 70 37 this
2105 477 226 45 generation,
2347 483 41 28 at
2401 476 61 35 the
2481 477 93 34 bead
2590 476 46 35 of
2649 476 122 34 which
2789 472 227 37 Providence

1715 517 58 34 uas
1793 520 130 44 placed
1941 531 53 26 us.

2057 570 174 45 (Signed)
2370 570 148 34 ALEXA
2530 566 235 39 NDER—NA
2777 575 142 27 POLEO
2929 575 20 24 PI
2960 588 11 12 .

1713 635 123 38 Letter
1853 638 93 37 from
1976 640 72 35 Mr.
2065 643 189 44 Secretary
2274 641 162 43 Canning
2452 646 37 28 to
2502 641 63 33 the
2584 639 154 35 Russian
2756 635 262 41 Autbassador,

1822 693 41 28 at
1881 687 122 40 Paris,
2027 689 106 34 dated
2157 689 158 44 Foreign
2333 689 131 40 Office,
2481 689 87 34 28th
2588 689 181 39 October,
2794 686 104 34 ISOS.

2218 756 285 45 (Translation.)

1757 811 287 44 SlR,—lfaving
2057 813 72 34 laid
2148 813 126 34 before
2294 815 59 33 the
2373 814 99 43 Kin;
2489 824 57 33 my
2574 811 138 34 Master
2730 811 61 33 the
2804 815 77 30 two
2894 810 126 32 letters

1715 859 117 35 which
1867 862 52 31 his
1948 862 219 44 Excellency
2198 860 61 34 the
2289 861 118 34 Count
2437 860 177 35 Nicholas
2639 859 45 33 de
2715 857 217 34 Rionanzotf
2957 856 64 31 has

1711 907 20 35 ,
1731 907 202 35 ransmitted
1952 913 37 28 to
2017 918 53 24 me
2098 905 97 38 from
2218 907 165 41 Erfurth,
2417 906 14 35 l
2461 909 91 32 have
2571 906 164 33 received
2757 906 53 32 his
2831 902 191 45 Majests's

1709 956 202 32 emninands
1928 963 35 24 in
1982 956 102 44 reply
2100 961 38 27 to
2156 954 80 34 that
2256 956 117 33 which
2394 956 27 32 is
2437 953 189 34 addressed
2644 958 38 27 to
2702 951 89 41 him,
2817 951 50 44 by
2887 950 60 33 the
2961 948 38 32 of-

1711 1002 92 37 ficial
1825 1002 96 33 Note
1943 1002 122 34 which
2091 1003 17 33 I
2139 1002 94 34 have
2251 1002 59 33 the
2336 1002 141 33 honour
2490 1007 40 27 to
2554 1000 144 33 enclose
2717 1004 38 28 to
2773 1007 93 34 your
2887 994 112 37 Excel-

1709 1048 117 44 lency.
1858 1049 182 33 Howeser
2055 1048 162 37 desirous
2236 1049 52 33 his
2306 1046 155 46 Majesty
2481 1044 116 46 might
2617 1046 45 33 be
2678 1051 41 28 to
2735 1045 105 45 reply
2861 1043 159 43 directly

1710 1102 37 25 to
1767 1095 51 32 his
1841 1095 157 45 Majesty
2017 1096 59 32 the
2091 1097 180 43 Emperor
2283 1096 41 33 of
2341 1096 145 38 Russia,
2512 1106 72 33 you
2603 1098 131 30 cannot
2751 1093 64 33 but
2836 1089 90 41 feel,
2944 1089 72 38 Sir,

1711 1142 76 34 that
1804 1142 90 34 from
1910 1143 60 32 the
1994 1144 142 32 unusual
2169 1152 144 26 manner
2330 1143 34 32 in
2382 1142 119 34 which
2522 1141 60 33 the
2607 1140 128 32 letters
2754 1137 123 43 signed
2895 1137 50 41 by
2965 1135 54 33 his

1715 1189 172 45 Imperial
1913 1189 164 45 .3.laje•ty
2109 1199 96 24 were
2229 1191 125 33 drawn
2380 1201 65 32 up,
2470 1188 71 34 and
2562 1185 122 37 which
2705 1185 64 33 has
2784 1182 156 44 entirely
2959 1181 43 34 de-

1711 1237 125 43 prived
1852 1239 93 31 them
1965 1237 41 32 of
2019 1237 58 32 the
2093 1235 191 34 character
2298 1235 44 34 of
2352 1247 26 22 a
2389 1235 148 46 private
2549 1233 70 35 and
2639 1232 165 44 personal
2823 1228 198 37 communis

1711 1284 133 40 cation,
1873 1283 54 34 his
1946 1283 155 45 Majesty
2122 1285 61 32 has
2202 1283 106 34 found
2327 1286 25 31 it
2373 1281 210 46 impo-sible
2606 1286 39 26 to
2670 1278 117 44 adopt
2805 1277 79 34 that
2914 1274 107 35 mark

1711 1329 40 34 of
1763 1337 138 38 respect
1923 1332 155 32 towards
2095 1330 60 34 the
2179 1330 177 44 Emperor
2370 1330 41 32 of
2430 1328 143 39 Itu-sia,
2602 1326 158 34 without
2776 1330 39 30 at
2833 1325 61 31 the
2923 1332 97 24 same

1711 1378 84 33 time
1812 1378 299 44 acknowledging
2127 1378 100 33 titles
2254 1377 116 34 which
2385 1376 56 33 his
2461 1374 156 47 Majesty
2639 1382 110 25 never
2767 1372 64 33 bus
2846 1370 151 35 acknow-

1710 1426 141 40 ledged.

1759 1470 18 35 I
1794 1482 59 22 am
1872 1470 229 35 commanded
2130 1476 39 28 to
2184 1467 71 38 ad
2284 1476 37 30 to
2350 1470 64 33 the
2435 1472 161 37 conteats
2620 1465 45 37 of
2678 1465 61 37 the
2756 1462 130 35 official
2907 1462 116 43 Note,

1710 1519 80 34 that
1808 1519 53 34 his
1883 1518 155 46 Majesty
2057 1518 73 34 will
2161 1517 124 35 hasten
2311 1524 37 27 to
2366 1517 263 40 commpoicate
2647 1522 37 25 to
2711 1511 58 35 his
2787 1509 156 46 Majesty
2959 1509 64 34 the

1708 1566 20 43 -
1728 1566 83 43 King
1828 1565 45 35 of
1883 1566 164 40 Sweden,
2070 1565 69 34 and
2160 1571 37 28 to
2216 1566 61 32 the
2293 1564 162 44 existing
2483 1564 241 33 Government
2740 1557 45 35 of
2804 1556 132 48 Spain,
2960 1556 66 34 the

1713 1613 191 45 proposals
1924 1612 119 34 which
2069 1613 92 33 have
2194 1612 90 33 been
2308 1611 105 34 made
2440 1618 40 25 to
2515 1607 89 38 him.
2659 1607 110 35 Your
2794 1602 228 45 f,,xcillency

1714 1659 76 34 will
1822 1661 169 44 perceive
2007 1661 79 32 that
2119 1659 27 33 it
2166 1659 30 33 is
2223 1659 207 40 absolutely
2461 1665 188 33 necessary
2670 1654 81 35 that
2784 1651 57 34 his
2858 1648 163 51 Majesty

1710 1707 126 35 should
1852 1708 142 33 receive
2009 1717 44 22 an
2072 1707 206 33 immediate
2291 1713 189 26 assurance
2499 1703 80 40 that
2595 1702 139 34 France
2743 1695 282 47 acknowledges

1711 1755 60 31 the
1798 1754 241 35 Government
2070 1753 45 34 of
2140 1753 115 44 Spain
2275 1763 38 22 as
2333 1757 110 39 party
2473 1756 37 28 to
2536 1760 69 33 any
2630 1739 242 53 negociation.
2922 1744 102 34 That

1711 1796 85 39 such
1809 1801 28 33 is
1856 1802 61 33 the
1933 1801 172 34 intention
2135 1800 45 34 of
2194 1801 59 32 the
2275 1799 181 44 Emperor
2471 1796 44 34 of
2541 1796 129 34 Russia
2691 1795 54 32 his
2763 1791 156 50 Majesty
2937 1800 64 30 can-

1714 1856 57 26 not
1788 1848 131 33 doubt.
1972 1848 71 33 His
2075 1846 152 46 Majesty
2248 1847 189 34 recollects
2472 1844 87 34 with
2583 1839 228 38 satisfaction
2829 1839 61 37 the
2906 1837 118 45 lively

1715 1896 145 34 interest
1881 1906 24 21 o
1917 1894 83 33 hich
2030 1894 54 33 his
2106 1894 175 45 Imperial
2302 1891 163 48 111;kjesty
2484 1891 65 40 has
2580 1891 144 43 always
2739 1883 208 39 manifestad
2966 1883 60 38 for

1711 1944 59 32 the
1788 1941 151 35 welfare
1954 1942 69 33 and
2040 1942 136 43 dignity
2197 1939 46 33 of
2263 1941 60 32 the
2341 1938 158 46 Spanish
2517 1935 221 45 snoluirchy,
2756 1933 69 34 and
2844 1933 44 33 be
2906 1938 117 32 wants

1711 2001 45 32 no
1775 1990 107 33 other
1894 1998 189 25 assurance
2101 1988 80 35 that
2210 1987 54 33 his
2281 1985 180 46 IMperial
2493 1984 159 45 Majesty
2670 1984 132 32 cannot
2819 1980 96 35 have
2934 1978 92 34 been
3039 1978 4 54 •

1714 2037 150 33 induced
1878 2042 39 28 to
1944 2035 161 35 sanction
2122 2035 47 44 by
2191 2034 56 34 his
2263 2040 257 34 concurrence,
2544 2041 43 27 or
2613 2031 48 43 by
2683 2027 56 37 his
2754 2024 269 47 approbation,

1714 2085 242 44 usurpations,
1982 2083 61 33 the
2057 2081 184 45 principle
2267 2080 45 34 of
2333 2079 122 34 which
2476 2079 27 34 is
2517 2083 63 28 not
2597 2078 67 34 less
2688 2072 119 51 unjust
2823 2074 89 35 than
2927 2070 97 35 their

1711 2132 172 44 example
1902 2131 30 33 is
1946 2131 197 43 dangerous
2163 2135 39 26 to
2218 2128 48 33 all
2285 2128 204 41 legitimate
2505 2122 228 45 Sovereigns.

1759 2178 53 37 As
1822 2189 87 25 soon
1918 2187 14 25 -
1932 2187 30 25 as
1976 2177 60 33 the
2052 2185 158 27 answers
2223 2185 44 24 on
2287 2177 70 31 this
2374 2174 103 45 point
2496 2170 221 51 shallAsve
2734 2170 89 43 OP
2835 2161 188 44 received,

1713 2220 67 39 and
1791 2236 40 24 as
1846 2233 87 26 soon
1949 2232 40 26 as
2009 2223 52 33 his
2083 2222 156 45 Majesty
2258 2219 93 34 shall
2366 2219 94 34 have
2478 2218 115 37 learnt
2610 2212 65 39 *the
2688 2215 204 35 sentiments
2906 2206 119 40 orthe

1717 2272 98 41 King
1830 2272 46 33 of
1889 2271 165 37 Sweden,
2078 2270 71 34 and
2165 2268 103 33 those
2285 2267 41 35 of
2340 2267 64 33 the
2420 2267 243 34 Governraent
2680 2262 44 37 of
2737 2261 126 45 Spain,
2890 2259 19 34 I
2927 2257 97 35 shall

1711 2326 63 27 not
1788 2319 71 43 fail
1878 2326 37 26 to
1943 2319 141 33 receive
2102 2316 59 33 the
2176 2314 207 35 'commands
2413 2311 44 37 of
2477 2311 57 34 his
2552 2310 157 46 Majesty
2740 2307 59 37 for
2823 2307 84 34 such
2926 2313 79 26 cons-

1713 2366 237 37 oiunications
1964 2373 41 25 as
2031 2365 32 33 it
2086 2370 81 33 may
2189 2363 46 33 be
2261 2370 188 33 necessary
2480 2365 38 35 to
2544 2359 107 34 make
2676 2365 98 37 upon
2791 2354 63 35 the
2870 2350 155 38 ulterior

1713 2412 139 46 objects
1869 2412 45 34 of
1939 2411 60 37 the
2016 2411 106 34 letter
2137 2408 47 35 of
2206 2409 118 35 Count
2356 2404 304 39 Romanzoff.—l
2691 2404 94 33 have
2802 2401 64 41 the
2887 2399 142 37 honour

1713 2466 39 28 to
1768 2461 60 40 be,
1852 2459 71 35 di:c.
2721 2448 8 7 •
2778 2448 2 53 .

2036 2502 176 48 (Signed)
2544 2496 200 44 _GEORGE
2772 2496 227 35 CANNING.

2148 2581 261 38 OFFICIAL
2437 2578 161 38 NOTE.

1752 2646 90 37 .The
1861 2644 100 46 King
1983 2644 65 35 has
2069 2644 196 40 uniformly
2280 2641 169 37 declared
2485 2639 56 34 his
2558 2639 180 35 readiness
2763 2634 71 37 and
2851 2633 118 35 desire
2986 2634 38 32 to

1714 2702 100 27 enter
1831 2695 77 33 into
1925 2692 243 45 negotiations
2189 2691 69 38 for•
2269 2699 24 24 a
2319 2688 146 44 general
2492 2696 111 34 peace
2637 2696 46 24 on
2709 2693 106 25 terms
2836 2681 194 35 consistent

1722 2743 83 33 with
1824 2743 65 33 the
1913 2741 138 33 honour
2067 2739 43 33 of
2124 2739 54 32 hi-
2196 2734 188 46 Majesty's
2399 2745 142 30 crown,
2568 2731 91 37 with
2678 2731 139 44 fidelity
2836 2733 39 30 to
2890 2727 59 34 his
2963 2735 43 24 en-

1713 2796 220 38 gagmen's,
1955 2786 69 34 and
2044 2786 89 34 with
2153 2787 60 37 the
2242 2789 207 39 permanent
2467 2790 131 35 repose
2623 2780 71 33 and
2709 2777 157 44 security
2885 2773 45 34 of
2955 2773 50 34 Eu-

1719 2846 102 33 rope.
1874 2833 69 35 His
1964 2832 155 47 Majesty
2135 2833 148 44 repeats
2307 2830 79 33 that
2413 2822 337 40 declaration.—lf
2761 2824 61 34 the
2841 2820 189 37 condition

1719 2884 40 33 of
1770 2884 63 33 the
1853 2882 191 37 Continent
2074 2881 44 33 be
2143 2888 70 24 one
2236 2877 44 34 of
2302 2872 184 48 agitatiOn
2518 2874 67 34 and
2619 2872 43 34 of
2688 2869 282 39 wretchedness;
3000 2867 33 33 it

1721 2941 100 24 ,nano
1840 2936 112 27 states
1969 2929 89 33 have
2088 2927 89 33 been
2204 2921 254 46 overihrown;
2481 2923 69 34 and
2575 2914 102 43 more
2688 2928 63 26 are
2766 2913 76 43 sill)
2861 2913 170 38 menaced

1721 2968 89 44 with
1827 2975 226 39 subversion,
2080 2975 25 32 it
2125 2973 28 33 is
2172 2983 24 24 a
2215 2969 223 35 consolation
2456 2976 39 27 to
2522 2969 61 34 the
2611 2965 100 44 King
2728 2970 37 31 to
2784 2962 141 41 reflect,
2948 2963 83 33 that

1720 3037 45 24 no
1783 3031 85 39 part
1879 3022 44 34 of
1933 3022 67 33 the
2013 3021 227 34 convulsions
2255 3030 26 21 w
2291 3018 81 34 Inch
2387 3018 94 33 have
2493 3015 151 43 already
2663 3014 89 34 been
2770 3007 262 51 experienced,

1721 3083 44 22 or
1780 3071 43 34 of
1834 3073 104 31 those
1965 3069 122 34 which
2102 3077 66 25 are
2194 3065 209 37 threatened
2431 3063 58 34 for
2515 3063 61 33 the
2593 3061 138 39 future,
2756 3057 65 35 can
2839 3053 43 39 be
2908 3059 33 32 in
2957 3066 74 33 any

1733 3120 119 40 legree
1869 3116 204 44 imputable
2091 3123 37 27 to
2146 3113 54 33 his
2220 3111 172 46 Majesty.
2445 3105 81 41 The
2544 3107 106 46 King,
2665 3109 32 33 is
2720 3112 90 34 most
2832 3103 143 46 willing
2994 3109 38 28 to

1721 3164 265 40 acknowledge
2009 3163 79 33 that
2104 3162 50 34 all
2172 3158 86 35 such
2278 3158 167 34 dreadful
2466 3159 155 41 ciainges
2637 3167 65 22 are
2718 3152 126 34 indeed
2859 3157 174 37 contrary

1724 3220 35 25 to
1778 3214 63 31 the
1860 3211 125 46 policy
2004 3208 46 34 of
2061 3210 115 33 Great
2200 3207 155 41 Brit;:ia.
2411 3204 40 34 If
2469 3206 63 33 the
2548 3201 215 44 caire,ofsu
2780 3198 102 35 much
2900 3198 135 44 misery

1724 3261 30 34 is
1768 3268 37 25 to
1822 3260 46 34 be
1886 3257 107 33 fining!
2013 3257 33 32 in
2065 3256 59 33 the
2133 3253 204 44 stagnation
2363 3252 45 45 of
2432 3250 237 35 commercial
2691 3244 324 39 intercourse,—al-

1723 3308 138 38 tsaufz,h
1890 3305 54 35 his
1964 3304 34 34 M
2016 3301 100 48 jesty
2135 3308 131 27 cannot
2283 3301 43 32 be
2336 3291 21 54 -
2357 3291 170 54 expected
2556 3304 38 30 to
2624 3299 104 37 hear,
2756 3294 91 34 with
2869 3291 149 47 unquali-

1716 3356 83 41 :fied,
1814 3359 135 39 regret,
1972 3357 79 28 t3.4t
2083 3353 57 30 the
2157 3354 133 27 s.-lens
2306 3347 146 33 devised
2486 3345 61 35 for
2578 3345 60 34 the
2667 3340 223 39 destruction
2907 3340 44 35 of
2976 3338 63 35 the

1719 3413 85 22 :com
1845 3411 81 22 erre
1946 3398 44 35 of
2002 3394 244 48 .his.subjeets
2268 3394 63 39 has
2356 3394 165 39 recoiled
2551 3402 98 37 upon
2680 3387 44 38 its
2741 3389 165 41 authors,
2931 3396 44 25 or
2994 3386 46 34 its

1727 3449 115 35 ins.ru
1858 3449 223 41 dentsy—yet
2099 3446 26 39 it
2144 3446 30 31 it
2192 3444 141 32 neither
2347 3442 40 33 in
2404 3442 59 33 the
2481 3438 220 47 disposition
2719 3437 43 33 of
2785 3435 57 34 his
2865 3433 176 46 Majesty,

1719 3491 33 45 'a,
1765 3494 156 35 •v.iathe
1946 3495 189 34 character
2152 3491 43 38 of
2217 3491 60 32 the
2302 3490 135 44 people
2456 3498 89 27 over
2565 3485 132 35 whom
2698 3484 52 34 'he
2769 3483 132 43 reigns,
2920 3490 38 25 to
2982 3480 40 38 re-

1744 3553 79 24 ,),e
1850 3543 35 33 in
1918 3540 63 35 the
2011 3539 202 45 privations
2241 3536 69 38 and
2341 3536 249 45 unhappiness
2609 3542 92 26 even
2739 3530 44 34 of
2804 3531 63 32 the
2898 3529 144 34 nations

1730 3589 120 35 which
1869 3598 63 25 are
1948 3585 187 38 combined
2166 3586 139 33 ;pinist
2339 3583 89 33 him.
2481 3582 69 34 His
2580 3581 158 46 Majesty
2766 3578 195 45 anxiously
2979 3574 44 43 de-

1727 3643 58 32 sir
1802 3651 12 21 s
1828 3635 59 37 the
1905 3633 233 35 termination
2153 3643 22 25 o
2181 3632 40 34 f
2222 3631 60 35 the
2297 3630 189 45 sufferings
2504 3630 43 32 of
2559 3630 63 35 the
2642 3627 211 34 Continent.

1778 3685 80 35 Tne.
1874 3692 79 26 war
1972 3681 35 34 in
2026 3679 118 35 which
2166 3679 57 33 his
2255 3677 158 46 Majesty
2450 3679 28 33 is
2504 3676 178 45 engaged,
2709 3683 76 25 was
2800 3671 148 37 etrtered
2966 3672 78 34 itite

1730 3733 47 44 by
1799 3732 57 34 his
1874 3728 156 51 Majesty
2048 3728 57 34 for
2122 3728 65 32 the
2213 3725 208 37 immediate
2435 3723 126 46 object
2583 3723 43 34 of
2639 3720 163 38 national
2817 3719 136 44 safety.
3002 3718 43 37 it

1731 3782 60 32 has
1819 3781 93 32 been
1944 3772 195 51 prolonged
2176 3775 85 41 only
2295 3775 154 32 because
2474 3777 57 28 *no
2555 3780 128 25 secure
2718 3769 69 32 and
2820 3767 226 34 honourable

1730 3837 119 25 laeans
1861 3823 45 35 of
1918 3822 231 43 terminating
2169 3820 27 33 it
2216 3820 91 33 have
2329 3821 90 33 been
2435 3819 163 34 afforded
2614 3819 50 43 by
2683 3816 52 35 his
2747 3815 170 35 enemies.
2970 3813 74 34 But

1730 3875 34 34 in
1791 3872 64 35 the
1872 3880 167 37 progress
2054 3868 43 34 of
2120 3878 25 25 a
2171 3878 92 31 war,
2290 3868 115 43 begun
2432 3866 60 34 for
2519 3863 252 40 self-defence,
2796 3870 77 26 new
2900 3861 128 43 obliga-

1730 3924 92 32 tions
1841 3920 92 34 have
1954 3918 87 34 been
2063 3917 279 44 imposed.upon
2360 3914 57 34 his
2441 3913 182 45 Majesty,
2649 3912 37 33 in
2702 3909 128 34 behalf
2843 3908 44 34 of
2902 3917 146 37 powers

1733 3967 119 37 whom
1870 3967 61 34 the
1948 3964 223 45 aggressions
2204 3960 45 34 of
2268 3972 24 22 a
2315 3970 168 27 common
2497 3969 130 34 enemy
2659 3957 92 38 have
2781 3956 206 46 compeliel
3006 3960 41 28 to

1728 4015 110 38 make
1856 4020 167 28 common
2039 4020 106 26 cause
2170 4002 93 48 witfi
2294 4007 54 35 his
2370 4007 185 46 Majesty;
2580 4017 46 24 or
2644 4005 85 35 who
2759 4004 93 37 haw*
2878 4002 171 35 solicited

1731 4064 53 32 his
1817 4059 189 46 Majesty's
2019 4058 195 34 assistance
2235 4056 70 35 and
2331 4063 157 38 support
2515 4058 37 32 in
2569 4054 63 38 the
2646 4052 227 39 vindication
2895 4051 45 34 of
2954 4051 96 34 tocir

1730 4106 162 40 national
1913 4106 265 46 independence
2228 4103 81 35 The
2327 4106 168 33 interests
2507 4102 46 35 of
2563 4103 61 33 the
2640 4101 139 37 Crowe
2794 4098 45 33 of
2858 4096 191 45 Portu„ol,

1729 4157 67 34 and
1817 4155 45 34 of
1873 4155 56 35 his
1945 4154 152 34 Sicilian
2117 4149 162 48 Majesty
2301 4160 67 25 are
2382 4150 167 34 confided
2568 4157 38 25 to
2623 4149 57 33 his
2696 4144 190 48 Majesty's

1729 4205 85 48 ship
1832 4204 73 39 and
1923 4200 221 51 protection.
2199 4196 103 41 With
2322 4199 63 38 the
2409 4198 103 47 King
2528 4196 44 39 of
2593 4195 156 38 Sweden
2769 4195 57 37 his
2842 4193 162 50 Majesty
3022 4189 15 35 i

3298 3985 56 92 I
