3354 4406
259 99 167 56 JAN.
463 99 91 56 22.

1131 106 159 54 THE.
1315 110 376 56 NATIONAL
1719 116 383 64 REGISTER,

746 248 193 27 PRINCEKS
958 249 174 30 AMELIA.

319 285 38 38 A
374 285 116 38 black
508 287 128 37 velvet
652 291 200 45 petticoat,
867 292 90 35 with
972 305 25 21 a
1015 292 155 48 drapery
1182 306 123 26 across
1322 298 43 34 of
1372 298 86 46 gold
1475 299 120 38 tissue.

267 337 239 33 ornamented
528 335 92 34 with
641 338 163 34 wreaths
820 339 44 33 of
872 339 85 44 gold
974 350 145 26 currant
1137 344 124 35 leaves
1279 345 35 33 in
1335 346 135 45 stripe.
1518 347 79 34 The

267 383 169 45 drapery
455 385 207 44 supported
689 386 50 43 by
756 386 87 43 gold
859 387 87 34 cord
964 389 71 33 and
1054 391 118 40 tassel;
1189 393 269 43 ground-work
1483 394 113 45 sprigs

269 430 47 37 of
328 433 148 33 currant
494 432 124 34 leaves
635 433 35 34 in
689 435 137 33 matted
844 435 100 46 gold,
970 436 71 34 and
1059 436 165 38 brilliant
1241 441 85 44 gold
1344 441 122 46 fringe
1480 446 38 30 at
1537 442 59 33 the

268 478 161 34 bottom.
484 481 117 33 Train
627 481 46 34 of
692 482 115 35 black
833 483 70 34 and
930 484 89 44 gold
1033 483 135 46 tissue;
1205 487 213 39 bead-dress
1447 487 44 38 of
1519 488 59 37 dia-

268 526 130 38 monds
413 527 73 35 acid
504 526 178 39 feathers.

671 602 86 26 Tnit
785 604 178 27 WYCHE%
992 604 53 27 OF
1070 606 132 34 YORK,

272 640 96 35 with
396 637 65 40 her
477 643 107 34 usual
605 647 90 31 taste
712 644 71 34 and
801 645 185 44 elegance,
1003 643 191 48 displayed
1221 657 26 26 a
1274 650 189 34 mazarine
1479 650 118 34 velvet

267 689 117 43 dress,
402 690 63 35 the
483 692 184 44 petticoat
683 691 45 35 of
743 692 123 37 which
885 702 72 25 was
973 696 152 32 covered
1147 696 91 33 with
1261 706 25 24 a
1304 703 90 28 most
1413 697 182 38 beautiful

268 739 81 33 real
367 737 83 44 gold
471 745 81 35 net,
579 741 119 45 richly
712 741 175 46 spangled
905 741 51 33 all
976 751 105 31 over,
1096 742 69 35 ald
1183 744 169 34 trimmed
1374 743 91 37 with
1481 745 86 34 costl
1576 758 13 22 y

269 785 161 35 Maltese
458 784 125 48 fringe
599 800 12 30 ;
635 787 85 46 gold
739 787 100 35 corel
865 788 70 34 and
963 790 105 33 tassel
1094 794 34 30 to
1146 791 237 46 correspond:
1435 793 33 33 A
1491 793 85 34 head-

272 831 102 37 dress
400 833 45 35 of
468 835 143 35 ostrich
627 835 178 43 feathers,
834 836 90 34 with
943 846 25 25 a
981 837 191 34 collection
1200 837 45 34 of
1270 840 167 44 precious
1454 846 115 28 stones
1583 853 11 25 ;

270 880 66 35 the
353 880 91 38 neck
461 883 170 34 adorned
647 885 52 43 by
724 893 25 25 a
774 883 198 34 collection
999 883 45 34 of
1074 885 58 34 the
1160 891 94 30 most
1281 888 168 43 precious
1481 893 115 30 stones

267 939 96 25 fever
387 938 83 26 seen
497 930 39 34 in
566 931 76 34 this
667 934 177 41 country,
868 931 69 34 and
953 935 56 30 set
1028 931 35 34 in
1094 943 24 24 a
1139 940 93 27 most
1263 934 145 35 curious
1434 945 159 31 manner,

272 976 126 37 which
415 977 33 34 is
462 979 176 45 peculiar
652 983 40 32 to
707 978 66 37 the
785 983 104 41 great
906 984 96 31 taste
1016 979 71 35 and
1101 979 170 47 elegance
1287 981 41 34 of
1351 983 72 33 this
1437 983 159 34 amiable

275 1024 187 38 Princess.

555 1085 202 28 PRINCESS
784 1085 146 28 SOPHIA
963 1087 52 26 OF
1041 1085 278 27 GLOUCESTER.

326 1126 96 37 Blue
435 1126 98 38 satin
552 1128 200 45 petticoat,
778 1128 176 44 superbly
971 1127 253 35 embroidered
1246 1128 89 35 with
1350 1129 141 43 silver;
1514 1130 80 35 bine

267 1175 76 35 and
359 1175 115 35 silver
489 1175 116 41 train,
622 1176 188 45 elegantly
826 1174 237 37 ornamented
1094 1175 91 35 with
1212 1176 136 41 silver;
1385 1178 209 34 head-dress

268 1222 193 35 diamonds
477 1224 74 34 and
569 1224 176 35 feathers,

321 1270 171 37 Princeis
510 1272 274 35 CASTELCICA
794 1270 143 35 LA.—A
961 1270 99 35 dress
1087 1270 44 35 of
1147 1270 118 37 white
1292 1271 107 44 satin,
1428 1272 165 37 trimmed

270 1317 97 37 With
385 1319 137 43 beads;
549 1317 69 38 full
637 1319 132 34 turban
787 1318 191 46 draperies
996 1317 45 35 of
1051 1319 90 34 satin
1159 1318 70 34 and
1246 1328 111 38 crape
1374 1320 33 34 in
1424 1320 169 40 festoons,

272 1365 96 35 with
381 1377 110 35 ropes
507 1367 47 34 of
566 1367 126 43 beads,
704 1367 73 33 and
794 1368 77 32 tied
894 1367 171 45 together
1091 1368 34 32 in
1154 1367 156 33 bunches
1338 1368 43 34 of
1407 1368 65 34 the
1486 1380 107 31 same,

269 1413 198 38 handsome
483 1414 100 35 bead
611 1414 141 43 tassels,
775 1413 70 38 &c.
896 1413 125 45 Robe,
1036 1423 105 35 green
1159 1415 137 43 velvet,
1313 1414 169 35 trimmed
1508 1416 84 34 with

269 1463 110 45 point
393 1462 96 35 lace.
1144 1460 2 48 •

318 1511 83 35 The
429 1508 233 38 Duchess-of
684 1507 527 38 NORTIIOHBERLAND—A
1228 1509 113 34 white
1357 1508 94 35 satin
1478 1509 98 35 Petti-

266 1561 91 31 tont
373 1557 93 37 with
482 1558 196 45 draperies
696 1557 45 34 of
761 1558 138 45 purple
925 1557 292 47 Anglo-Marino
1245 1557 116 44 cloth,
1387 1557 122 45 richly
1524 1569 48 24 em-

266 1604 200 38 broidered
495 1606 96 34 with
619 1604 97 37 lame
741 1604 72 35 and
829 1604 157 37 Chinese
1002 1605 149 39 tassels;
1193 1604 155 46 Spanish
1368 1605 109 35 Robe
1491 1616 85 25 °rim-

267 1654 99 40 with
381 1655 117 44 gold;
527 1655 136 33 bonnet
679 1663 25 24 a
722 1651 257 46 l'Espagnole,
998 1652 93 35 with
1109 1651 201 35 diamonds.

318 1700 81 35 The
425 1701 129 37 L.toir
572 1700 417 37 MAYORESii—Dress
1016 1700 45 34 of
1087 1700 111 33 white
1221 1708 126 38 crape,
1367 1700 93 35 with
1478 1710 24 22 a
1518 1700 76 34 rich

266 1748 73 37 and
356 1749 146 44 elegant
514 1749 117 33 silver
644 1748 78 37 oak
735 1748 73 34 and
826 1748 64 43 ivy
907 1747 157 43 border;
1090 1759 22 22 a
1126 1747 168 35 brilliant
1305 1747 170 35 diamond
1488 1747 86 35 neck-

265 1798 110 39 lace,;
400 1796 163 34 Maltese
593 1796 126 39 Cross,
743 1795 180 45 ear-rings
951 1795 73 35 and
1043 1796 190 33 bracelets.
1285 1795 79 34 Her
1391 1794 203 46 Ladyships

268 1844 96 34 head
393 1844 103 34 dress
526 1844 183 35 consisted
737 1843 45 34 of
802 1853 31 28 a.
855 1844 137 44 superb
1025 1843 168 33 diamond
1224 1848 102 28 terra
1346 1844 143 32 feather
1520 1853 57 24 sur-

267 1891 172 35 mounted
468 1892 51 44 by
552 1902 26 24 a
605 1890 184 37 beautiful
820 1891 120 44 plume
958 1890 45 34 of
1016 1890 96 45 lofty
1131 1889 113 34 white
1261 1890 136 35 ostrich
1423 1889 170 38 feathers.

265 1939 96 33 This
389 1949 78 25 was
493 1938 213 45 altogether
722 1948 71 25 one
810 1939 44 32 of
878 1938 63 33 the
957 1943 96 30 most
1068 1937 168 45 splendid
1252 1937 133 35 dresses
1401 1937 193 35 exhibited

265 1990 44 30 at
324 1987 132 39 Court,
469 1987 190 45 elegantly
676 1993 103 37 neat,
794 1985 72 34 and
878 1987 224 45 excellently
1119 1991 53 28 set
1194 1985 51 34 oil
1267 1987 47 45 by
1339 1985 64 35 the
1426 1985 168 46 youthful

265 2034 176 45 elegance
456 2033 46 37 of
510 2033 65 37 the
591 2029 158 40 wearer.

520 2150 337 52 POPULAR
902 2147 435 54 PREACHERS.

804 2231 80 39 No.
914 2231 156 38 XXIV.

357 2359 85 51 Thy
454 2363 150 35 actions
620 2367 38 32 to
674 2362 69 47 tby
758 2363 123 35 words
898 2363 135 35 accord
1048 2375 12 30 ;
1085 2362 70 47 thy
1175 2363 120 35 words

358 2424 57 34 To
429 2424 67 44 thy
515 2424 107 44 large
640 2424 107 35 heart
762 2424 87 46 give
866 2428 204 37 utterance,
1085 2424 89 39 duet
1202 2424 65 46 thy
1289 2422 104 35 heart

358 2483 180 37 Contains
553 2483 47 35 of
611 2483 112 47 good,
741 2483 109 44 wise,
857 2481 94 46 just,
966 2483 66 37 the
1048 2483 144 46 perfect
1206 2484 360 45 shape.--MIL2ON.

487 2613 131 41 RSV.
646 2611 214 41 SAMUEL
887 2610 331 47 CROWTHER,
1252 2611 112 39 M.A.

902 2691 51 26 OF

507 2735 6 8 ;
552 2735 7 1 -

496 2745 197 39 onuses
720 2754 188 37 cmoacm,
937 2738 285 45 NEWGJTE-ST
1222 2756 135 27 RBET.

314 2824 256 43 ADVERSE
596 2836 43 28 as
656 2835 112 28 some
787 2822 247 54 respectable
1051 2822 239 40 individuals
1309 2830 150 45 appear
1478 2828 44 34 to
1541 2823 47 38 be

265 2885 46 34 to
330 2878 109 40 what
469 2877 34 40 is
533 2890 91 26 now
641 2876 129 43 called
791 2875 178 54 Popular
989 2875 257 53 Preaehing,,
1257 2888 65 41 my
1343 2875 246 45 sentiments,

259 2930 200 54 forinerly
489 2930 244 41 favourable
764 2934 46 35 to
822 2928 46 47 it,
902 2929 171 41 become
1101 2928 105 52 daily
1230 2941 111 27 more
1374 2929 213 39 confismed

259 2999 46 26 as
324 2991 44 33 to
389 2985 48 39 its
468 2982 217 54 eli%ibility
715 2981 80 43 and
833 2981 261 54 importance.
1149 2979 149 41 Charm
1332 2981 52 39 he
1417 2994 98 26 ever
1545 2995 41 24 so

256 3037 155 54 wisely,
430 3037 112 39 since
561 3035 151 40 human
741 3039 149 37 nature
905 3033 81 43 still
1015 3038 111 37 turns
1154 3032 76 41 her
1246 3032 194 40 deafened
1460 3047 69 26 car
1545 3038 44 34 to

255 3091 73 41 the
348 3091 112 41 voice
478 3089 53 43 of
544 3089 71 39 the
630 3086 185 54 spiritual
837 3089 185 39 charmer
1039 3102 12 31 ;
1081 3087 118 46 since,
1220 3085 158 53 though
1395 3085 52 40 he
1466 3085 120 53 speak

255 3155 47 30 as
319 3144 32 41 it
370 3155 106 31 were
494 3141 98 43 with
613 3141 69 40 the
700 3146 156 47 tongue
873 3139 50 41 of
944 3152 51 26 an
1016 3139 129 53 angel,
1165 3139 72 40 the
1251 3138 195 53 preacher
1465 3139 27 38 is
1512 3141 56 37 fre-

252 3195 170 57 quently
443 3194 318 47 unhteded,—is
794 3194 31 39 it
850 3193 170 40 difficult
1039 3196 43 37 to
1100 3195 234 48 conjecture
1351 3193 70 39 the
1456 3191 129 51 injury

254 3250 198 52 resulting
485 3253 47 35 to
561 3260 77 28 our
657 3246 169 53 religion
847 3246 106 40 from
979 3244 72 40 the
1082 3244 299 53 incompetency
1403 3243 52 39 of
1478 3246 111 39 those

256 3304 97 40 who
372 3299 233 46 undertake
621 3306 44 34 to
683 3298 163 58 explain
862 3299 77 39 and
967 3298 164 40 enforce
1162 3298 50 39 its
1245 3302 104 34 most
1380 3295 96 53 holy
1495 3296 69 40 doc-

252 3357 129 39 trines
411 3354 80 41 and
531 3358 180 48 precepts
725 3357 13 34 ?
797 3350 324 52 Unfortunately,
1156 3350 158 46 indeed,
1345 3348 70 40 the
1452 3361 112 26 conse-

252 3422 176 39 quences
448 3407 204 53 produced
674 3407 52 52 by
742 3404 72 41 the
841 3404 185 53 inability
1043 3404 46 39 of
1111 3415 112 28 some
1243 3402 157 43 clerical
1421 3402 144 39 instruc-

253 3467 103 44 tors,
376 3463 77 38 and
480 3458 352 52 the,indifference
848 3455 50 45 of
919 3457 155 45 others,
1101 3468 67 27 are
1198 3468 56 27 no
1280 3455 139 52 longer
1439 3454 123 40 chime-

252 3514 116 41 rical.
424 3513 156 41 Schism
615 3513 70 39 has
716 3524 123 40 every
861 3510 132 40 where
1015 3508 154 52 erected
1204 3508 72 40 her
1292 3507 198 53 decoying
1511 3507 73 39 and

252 3565 249 45 destructive
520 3565 204 41 standard.
783 3566 89 39 The
888 3563 151 41 brazen
1068 3565 162 50 serpent
1257 3561 30 39 is
1320 3560 120 52 again
1475 3559 109 40 lifted

252 3618 73 54 up,
346 3612 187 50 without'
543 3620 72 51 the
631 3631 119 40 camp
768 3635 27 30 ;.
811 3622 71 35 not
911 3621 46 35 to
983 3614 109 46 heal,
1109 3614 73 43 but
1198 3619 48 35 to
1263 3611 122 44 afflict
1404 3612 71 40 the
1495 3625 67 39 peo-

252 3673 66 54 ple
391 3676 18 38 I
428 3671 157 44 behold
601 3672 92 43 with
716 3673 110 50 pain,
860 3669 230 46 therefore;
1113 3680 22 27 a
1153 3666 237 54 disposition
1410 3671 46 34 to
1479 3670 106 35 resist

252 3726 72 41 the
341 3726 94 54 only
458 3738 207 30 measures
684 3723 126 54 likely
830 3728 48 35 to
892 3725 235 38 counteract
1153 3720 71 40 the
1254 3718 250 54 progressive
1530 3719 38 38 in-

249 3778 159 41 fluence
426 3781 52 39 of
500 3780 104 40 such
630 3777 240 41 calamities.
924 3778 168 38 Samson
1126 3774 72 39 has
1232 3771 194 41 disclosed
1465 3777 43 32 to
1543 3784 43 26 us

247 3831 73 40 the
337 3839 129 34 secret
487 3833 52 41 of
553 3831 63 40 his
631 3829 183 52 strength
830 3846 12 31 ;
872 3829 81 40 and
983 3827 56 40 let
1071 3827 30 39 it
1130 3831 73 33 not
1231 3826 51 39 be
1309 3823 154 54 proved
1482 3823 100 46 that,

248 3885 110 41 from
377 3895 77 45 any
474 3885 156 54 feeling
647 3885 50 39 of
717 3883 102 40 false
837 3882 171 56 dignity,
1029 3893 74 41 any
1120 3878 223 41 infatuated
1362 3876 163 41 notions
1543 3873 50 45 of

247 3940 265 54 superiority,
534 3952 63 26 we
615 3937 154 41 disdain
791 3943 43 33 to
852 3934 128 54 profit
997 3947 99 28 even
1122 3931 51 53 by
1194 3945 80 27 our
1293 3931 189 40 enemies.

630 3990 77 43 and
724 3989 159 44 outlive
1038 3985 167 43 exclaim

247 4046 256 52 antagonists
521 4045 53 41 of
600 4045 69 40 the
687 4042 182 43 national
889 4041 152 41 church
1062 4038 312 46 t—Churchinen
1374 4038 27 46 t
1430 4036 37 39 if
1492 4035 90 61 they

247 4098 195 40 conceive
469 4098 155 53 rightly
644 4096 51 43 of
716 4097 48 46 it,
797 4095 77 41 will
906 4093 105 53 fully
1031 4093 102 43 avail
1165 4089 241 44 themselves
1433 4088 51 41 of
1509 4088 76 38 this

246 4141 262 65 admonitory
533 4156 132 35 motto
680 4166 12 30 g
722 4148 150 46 which,
904 4148 52 51 by
985 4146 71 40 the
1083 4157 83 27 way
1172 4173 13 18 ,
1218 4156 167 28 savours
1404 4155 43 27 as
1467 4143 115 37 much

247 4202 70 41 a-
325 4205 71 41 the
412 4205 189 56 pharisee
620 4217 41 30 as
681 4204 48 46 of
756 4202 85 43 the.
852 4198 235 57 evangelist.
1140 4188 144 61 Many,
1306 4208 94 39 very
1424 4205 116 44 many
1557 4196 25 37 .1

2884 116 7 32 :
2904 117 73 54 ti

1663 243 167 45 belitste,
2335 249 241 56 clergy:nem
2600 250 183 52 --alrtiady
2820 248 172 51 gamut

1923 313 110 28 some
2060 304 51 38 of
2139 304 107 39 their
2281 300 302 56 self-riOtteous
2606 306 266 57 'Opponents;
2891 298 2 65 -
2915 300 80 50 kind

1663 346 136 56 many,
1824 363 96 41 very
1941 363 152 45 many,-
2457 357 111 39 them
2588 356 190 40 likessites
2888 358 19 15 .•
2959 346 1 63 -

1714 403 38 38 It
1781 403 30 38 is
1838 409 45 33 to
1903 405 71 39 the
1990 407 182 39 essential
2207 409 171 39 biisir:_.ss
2399 407 51 40 Of
2476 402 514 59 out-prephinteilmea

1662 450 90 43 lical
1772 456 226 51 preachers,
2021 459 201 45 however,
2255 462 85 38 that
2363 464 18 35 I
2401 459 376 54 wish'partiendirly
2799 464 45 33 to
2864 459 129 38 direct

1661 504 71 40 the
1749 509 201 39 exertions
1968 511 50 39 of
2041 511 70 40 the
2131 513 195 40 milif:w..rs
2346 514 48 38 of
2422 514 402 44 theestablidinient.
2881 507 116 53 *els

1661 559 30 35 it
1713 559 31 38 is
1761 559 128 43 where
1907 562 94 52 they
2022 575 22 28 a
2044 575 47 28 re
2111 565 15 39 s
2126 565 64 39 till
2212 572 78 33 mos
2290 572 26 33 t
2337 568 190 50 wanting.
2578 568 73 37 Lvt
2665 556 77 61 then
2760 556 20 61 4
2799 556 39 61 ea
2937 556 19 61 t
2975 556 19 61 4

1661 611 227 41 endeavour
1906 620 45 33 to
1972 618 142 48 preach
2152 618 115 39 back•
2294 619 83 38 hito
2596 614 396 48 rrreasiir-iikhor*

1662 663 480 52 impracticable--those
2141 663 24 52 -
2165 663 73 52 who
2249 663 1 61 •
2268 670 102 39 have
2408 672 98 37 been
2543 670 198 54 preached
2770 667 220 41 friten-Ikt

1661 715 139 40 bosom
1841 718 48 39 of
1931 723 76 35 our
2037 722 327 39 mother-church
2385 728 8 34 !
2452 723 89 39 The
2572 722 236 52 disposition
2841 717 150 43 tif:the

1661 768 154 52 people'
1832 770 32 38 is
1893 774 164 52 turning
2098 775 183 51 strongly
2320 776 37 38 in
2394 776 149 39 favour
2581 775 50 39 of
2663 775 77 38 this
2783 771 208 56 ii•opo*AL,

1661 821 76 38 and
1785 821 64 41 the
1891 824 309 40 circumstances
2230 827 50 38 of
2320 828 66 38 the
2424 828 117 38 times
2584 834 71 32 are
2700 823 161 56 equally
2900 828 67 37 aus-

1661 873 165 51 picious.
1883 878 255 51 Evangelical
2159 879 158 39 hearers
2335 879 119 53 begin
2487 878 204 53 decidedly
2715 885 41 33 to
2777 876 136 54 prefer
2923 878 66 39 far

1661 924 104 40 their
1791 930 224 50 preachers,
2044 931 35 39 if
2092 924 5 59 •
2108 932 198 51 possessed
2343 933 48 37 of
2418 931 159 45 talents,
2609 932 113 39 those
2757 931 92 39 who
2887 930 104 38 have

1661 977 98 40 been
1792 981 156 40 trained
1983 981 38 40 in
2054 983 70 39 the
2144 984 249 39 universities
2430 984 48 38 of
2502 984 110 38 their
2627 989 169 46 country
2812 998 13 28 ;
2856 980 135 54 partly

1658 1032 214 50 supposing
1887 1035 112 39 them
2020 1039 112 34 more
2157 1036 244 52 respectable
2431 1037 231 38 characters
2682 1046 40 27 as
2741 1035 247 52 gentlemen,

1659 1082 77 40 and
1772 1084 129 54 partly
1941 1087 165 40 because
2138 1088 71 39 the
2239 1088 165 40 diffused
2419 1082 2 59 -
2438 1084 257 57 intelligence
2725 1087 46 39 of
2803 1087 72 39 the
2895 1098 90 40 age,

1659 1135 132 53 owing
1811 1143 40 33 to
1870 1139 73 40 the
1980 1139 224 41 liberalised
2238 1146 144 47 system
2418 1141 50 39 of
2480 1141 219 39 education
2718 1150 71 28 now
2789 1150 24 28 .
2833 1139 132 56 •predo-

1661 1187 167 48 minant,
1856 1191 164 53 inspires
2039 1192 98 39 the
2137 1193 122 53 rising
2278 1193 236 53 generation
2536 1193 94 38 with
2661 1192 151 53 disgust
2832 1189 67 41 for
2920 1191 70 40 tha

1661 1239 214 51 ignorance
1906 1244 79 39 and
2014 1244 217 52 elfrordery
2264 1247 50 37 of
2326 1244 243 54 self-taught
2604 1244 189 53 religious
2815 1247 171 48 pastors.

1663 1294 138 40 Aware
1818 1296 47 39 of
1874 1296 80 39 this
1972 1298 279 52 commencing
2274 1298 228 39 revolution
2531 1297 38 38 in
2587 1297 70 38 the
2674 1297 125 39 minds
2819 1296 52 39 of
2882 1296 107 39 their

1658 1348 325 52 congregations,
2019 1349 69 39 the
2125 1350 247 51 evangelical
2409 1349 214 52 preachers
2659 1356 67 31 are
2757 1348 230 53 sedulonsly

1658 1397 189 54 adapting
1865 1400 237 41 themselves
2119 1407 45 34 to
2185 1402 70 39 the
2272 1404 84 37 new
2375 1403 194 38 situation
2593 1402 39 37 in
2652 1400 128 40 which
2802 1401 97 52 they
2920 1411 67 27 are

1657 1452 247 39 constrained
1923 1457 44 34 to
1985 1466 164 39 appear,
2187 1454 73 39 and
2277 1454 194 52 studying
2489 1454 67 38 the
2574 1455 210 39 character
2797 1454 33 37 it
2850 1452 78 39 will
2939 1453 50 38 be

1658 1515 202 41 necessary
1885 1505 81 39 for-
1983 1505 111 40 them
2132 1511 46 34 to
2197 1519 168 27 assume.
2424 1506 41 38 If
2496 1506 94 52 they
2613 1519 71 27 are
2702 1505 180 53 supinely
2901 1502 64 41 suf-

1657 1553 110 43 fered
1786 1561 41 34 to
1853 1557 185 39 establish
2055 1558 239 40 themselves
2314 1559 38 38 in
2382 1557 276 54 intelligence,.
2682 1559 73 38 and
2772 1557 216 40 conciliate

1657 1606 69 40 the
1740 1609 233 40 confidence
2001 1609 45 40 of
2065 1611 105 40 their
2189 1624 85 26 new
2291 1611 119 40 order
2425 1610 51 40 of
2489 1610 174 46 hearers,
2691 1611 69 39 the
2776 1613 161 37 vratest
2953 1609 32 39 is

2622 1649 57 32 •,-'.

1657 1659 174 41 decided.

1710 1728 115 40 Some
1854 1734 217 43 sentences,
2121 1727 130 41 which
2281 1727 65 41 fell
2383 1728 106 40 from
2526 1728 72 41 the
2633 1730 104 39 Rev.
2771 1726 214 43 SAMUEL

1658 1778 327 50 CROWTHER,
2014 1782 76 39 last
2108 1783 157 50 Sunday
2287 1783 203 51 morning,
2519 1782 214 53 suggested
2752 1776 44 45 to
2818 1794 65 31 IPC
2915 1780 70 39 the

1657 1833 221 52 propriety,
1924 1834 43 48 if,
1990 1838 71 35 not
2095 1834 208 51 necessity,
2350 1834 48 39 of
2431 1834 119 47 again
2587 1834 209 52 adverting
2832 1828 67 48 to
2915 1832 70 40 the

1655 1885 181 51 question
1872 1885 51 40 of
1961 1886 172 52 popular
2170 1887 235 51 preaching,
2447 1900 43 25 as
2528 1887 28 39 it
2594 1886 257 52 respectively
2872 1898 90 25 -con-

1655 1937 148 40 cerned
1820 1938 65 39 the
1905 1938 339 53 evangelicalians
2262 1939 76 39 and
2376 1941 67 38 the
2478 1938 317 40 establishment.
2855 1941 17 37 I
2889 1949 71 28 can-

1657 1995 71 32 not
1765 2003 117 39 agree
1920 1991 40 38 in
2010 1990 214 53 thinking,
2282 1993 92 38 with
2432 1993 70 38 the
2565 1996 158 47 present
2783 1989 202 44 excellent

1658 2043 221 45 Preacher,.
1898 2043 92 39 that
2024 2043 69 39 the
2125 2044 175 39 thinness
2319 2044 46 39 of
2379 2043 71 40 the
2461 2044 330 51 congregations,
2818 2042 143 41 .attend-

1657 2094 67 52 ing
1766 2109 72 24 our
1871 2094 181 40 national
2079 2094 195 43 churches
2310 2096 76 39 and
2406 2095 163 52 chapels
2583 2096 30 37 is
2633 2100 44 33 to
2696 2095 48 40 be
2760 2093 221 41 attributed

1657 2151 41 33 to
1720 2147 67 38 the
1808 2147 252 39 iedifference
2092 2148 51 38 of
2172 2150 70 39 the
2274 2147 144 53 people
2450 2147 176 40 towards
2644 2147 129 40 divine
2790 2146 188 51 worship,

1661 2202 174 51 Hoilesty
1857 2202 185 38 becomes
2065 2200 67 39 the
2161 2199 131 53 pulpit
2313 2215 52 25 on
2395 2199 58 40 all
2474 2199 223 43 occasions.
2753 2202 74 45 Let
2848 2213 46 24 us
2913 2199 45 38 ba-

1657 2250 112 41 lance
1788 2254 64 38 the
1873 2258 150 34 ma!ter
2039 2252 183 43 candidly
2238 2268 11 28 ;
2281 2254 91 41 and,
2395 2254 106 38 since
2522 2265 59 26 we
2601 2258 104 32 must
2726 2257 57 46 try
2809 2252 30 38 it
2856 2252 38 37 in
2914 2251 67 39 the

1657 2304 163 39 balance
1850 2304 50 40 of
1928 2307 67 35 the
2026 2309 231 47 sanctuary,
2294 2303 116 41 while
2428 2317 60 25 we
2509 2316 69 27 are
2598 2303 159 50 loading
2778 2317 79 24 cue
2877 2304 100 37 ,cale

1657 2356 92 38 with
1772 2357 65 38 t!;e
1869 2359 254 47 inthlierence
2151 2359 51 48 of
2225 2360 177 40 hearers,
2435 2355 54 39 let
2510 2369 45 26 us
2572 2360 77 38 nut
2666 2359 97 34 omit
2784 2362 43 31 to
2848 2356 130 35 th,'ew

1656 2407 69 41 the
1746 2413 174 44 idahPilN
1997 2413 214 44 preaehers
2231 2411 83 37 into
2336 2411 48 37 its
2404 2407 201 52 opposite.
2646 2409 76 37 Mr.
2740 2411 107 35 Crow
2861 2407 120 38 thug's

1655 2463 231 50 experievec
1907 2461 246 40 contradicts
2173 2459 59 39 his
2250 2474 89 25 own
2359 2458 247 43 conclusion.
2665 2461 74 41 Re,
2769 2476 27 20 ‘t
2807 2472 53 26 no
2881 2461 30 35 is
2930 2470 48 28 aft

1655 2512 91 39 able
1767 2513 207 52 prea.7her,
2004 2512 146 52 always
2170 2513 189 58 preaches
2380 2518 43 33 to
2443 2511 211 46 attentive,
2675 2513 73 37 and
2773 2511 113 38 often
2909 2524 47 25 nu-

1656 2577 175 31 merens,
1865 2567 175 40 hearers.
2098 2568 35 35 It
2170 2578 31 25 is
2228 2569 70 37 not
2319 2565 61 39 for
2400 2565 83 38 him
2503 2569 45 40 to
2567 2562 202 54 complain
2789 2563 131 40 either
2937 2561 47 43 of

1658 2619 163 39 vacated
1841 2631 106 40 pews
1968 2633 46 24 or
2034 2619 254 39 unattentive
2307 2617 175 40 hearers.

1709 2685 77 37 Mr.
1808 2682 216 40 Crowther.
2049 2681 296 53 accomplished
2378 2682 61 39 his
2470 2687 267 48 preparatory
2767 2681 151 39 studies
2939 2685 41 34 at

1655 2735 262 46 Winchester,
1951 2737 159 39 whence
2133 2737 50 37 he
2203 2750 78 25 was
2300 2739 99 44 sent,
2430 2748 53 24 on
2510 2738 71 35 the
2609 2734 253 40 Foundation
2893 2737 65 37 Pre-

1654 2787 196 40 sentation
1883 2787 53 39 of
1958 2789 87 38 that
2079 2787 227 39 celebrated
2342 2787 215 51 seminary,
2590 2792 46 34 to
2667 2791 92 37 New
2797 2784 180 54 College,

1655 2841 165 39 Oxford.
1877 2841 120 39 After
2028 2841 119 46 being
2186 2854 107 27 tome
2333 2850 113 43 years
2477 2841 151 39 Curate
2660 2841 48 37 of
2732 2839 180 51 Barking
2939 2839 39 38 in

1657 2896 132 43 Essex,
1808 2895 46 37 he
1874 2907 80 25 was
1975 2893 164 40 induced
2173 2897 43 33 to
2244 2893 112 53 place
2388 2891 164 39 himself
2576 2893 38 37 in
2646 2893 249 37 nomination
2915 2890 64 40 for

1655 2946 69 39 the
1755 2944 149 40 church
1951 2946 38 38 in
2017 2946 126 38 which
2167 2946 51 38 he
2248 2959 90 26 now
2369 2944 229 53 principally
2646 2946 206 37 officiates.
2917 2946 60 35 Ho

1652 2998 142 46 found,
1815 2998 203 44 however,
2039 3011 22 25 a
2076 2998 244 52 competitor
2339 2996 65 40 for
2420 2998 67 38 the
2504 3000 143 35 vacant
2669 2996 244 51 pastorship,
2935 2996 39 38 iu

1654 3064 52 25 no
1720 3050 73 40 less
1807 3050 239 39 formidable
2065 3063 52 26 an
2146 3056 222 45 opponent,
2404 3047 178 41 whether
2619 3048 231 40 cwsideri.al
2874 3060 44 27 as
2935 3053 43 34 to

1652 3103 243 52 pretensions
1917 3116 45 24 Or
1982 3102 180 45 interest,
2197 3102 92 39 than
2310 3100 69 39 the
2399 3100 250 53 respectable
2672 3103 148 38 Mager
2839 3099 51 39 of
2911 3099 70 40 the

1655 3155 391 40 Eltie-coat-Sehool.
2120 3156 51 38 So
2206 3152 211 53 powerful,
2457 3152 286 47 nevertheless,
2776 3165 106 26 were
2913 3151 69 41 the

1654 3213 267 46 spontaneous
1941 3204 263 41 testimonials
2230 3206 66 51 pres
2296 3206 17 51 ,
2313 3206 118 51 :!:ited
2452 3206 107 39 from
2582 3207 70 39 the
2673 3204 142 53 people
2831 3216 154 40 among

1652 3260 130 39 whom
1805 3261 45 37 be
1867 3259 78 39 had
1980 3259 58 39 till
2072 3259 94 38 then
2196 3259 219 44 ininistred,
2447 3259 77 52 and
2556 3272 45 26 so
2630 3259 170 39 decisive
2817 3269 80 27 was
2914 3259 70 39 the

1650 3314 188 38 evidence
1874 3312 50 38 of
1948 3311 60 39 his
2027 3309 136 53 public
2184 3311 156 51 ability,
2361 3309 90 45 that
2474 3311 78 39 Mr.
2577 3311 209 39 Crowther
2805 3322 84 26 was
2909 3311 51 38 im-

1652 3364 208 51 mediately
1892 3363 145 39 chosen
2059 3370 40 32 to
2134 3363 51 39 be
2206 3364 65 38 the
2291 3377 84 25 new
2400 3363 119 39 Vicar
2551 3361 50 40 of
2626 3363 163 39 Christ's
2806 3363 175 39 Church.

1654 3419 59 38 He
1752 3418 28 38 is

1805 3416 17 52 .
1821 3416 70 52 also
1931 3417 207 44 ,Aitmtate
2160 3413 441 41 Afternoo:Aecturer
2629 3415 48 40 of
2705 3415 275 53 Bishopsgate.

1654 3470 59 40 He
1733 3470 85 46 has,
1847 3471 14 35 I
1894 3468 133 46 think,
2050 3468 158 52 printed
2228 3481 77 26 one
2328 3481 47 26 or
2394 3463 81 43 tw=o
2494 3468 128 48 single
2646 3469 183 38 Sermons
2848 3482 13 31 ;
2894 3468 87 45 hut,

1649 3535 43 27 as
1722 3526 15 37 I
1772 3534 117 28 never
1922 3526 80 34 met
2033 3521 94 38 with
2167 3521 123 43 them,
2324 3520 31 39 it
2385 3519 133 41 would
2546 3526 73 34 not
2655 3520 167 40 become
2857 3533 64 26 me
2941 3524 44 35 to

1648 3574 165 54 pretend
1827 3579 43 34 to
1892 3573 270 45 characterise
2181 3572 126 39 theni.
2522 3572 2 57 •

1701 3639 117 38 Some
1837 3637 195 39 admirers
2060 3635 51 39 of
2132 3640 287 46 extemporary
2441 3633 223 54 preaching
2681 3631 133 43 would
2835 3633 53 40 be
2906 3632 58 43 dis-

1648 3689 122 52 posed
1792 3696 40 33 to
1851 3687 248 43 undervalue
2119 3689 70 38 the
2207 3687 203 39 exertions
2440 3687 50 39 of
2520 3689 76 39 Mr.
2626 3686 227 41 Crowther.
2911 3687 73 40 His

1646 3755 181 33 sermons
1857 3754 71 27 are
1956 3741 148 51 always
2132 3741 286 51 recomposed
2437 3755 11 26 ;
2479 3742 81 39 and,
2580 3741 48 38 he
2646 3738 111 43 reads
2784 3754 46 33 so
2852 3742 110 38 atten-

1648 3794 141 53 tively,
1801 3807 39 26 as
1858 3798 76 34 not
1951 3793 237 52 sufficiently
2209 3798 39 33 to
2267 3793 97 39 look
2385 3798 44 33 at
2450 3793 60 38 his
2528 3791 196 41 auditors.
2776 3793 73 40 His
2871 3791 115 41 voice

1648 3854 126 33 wants
1813 3847 154 51 variety
1984 3861 9 30 ;
2026 3859 73 26 nor
2131 3859 74 26 car
2239 3844 47 39 he
2321 3846 50 38 be
2400 3846 131 52 jeAly
2555 3835 270 59 .represented
2846 3857 44 26 as
2908 3844 59 39 dis-

1649 3900 162 52 playing
1844 3900 71 38 the
1954 3899 246 52 advantages
2230 3898 50 39 of
2303 3898 333 39 unembarrassed
2670 3898 135 39 action
2841 3898 40 39 in
2911 3898 69 47 tiie

1648 3952 145 54 pulpit.

1700 4024 142 46 While,
1863 4023 204 45 however,
2094 4020 97 40 such
2222 4033 67 27 are
2317 4020 67 40 the
2413 4022 254 39 deficiencies
2685 4019 241 41 observable
2946 4022 39 39 in

1646 4078 79 40 this
1744 4077 210 45 Preacher,
1977 4076 87 50 they
2091 4089 67 26 are
2181 4080 99 35 most
2300 4075 132 51 amply
2451 4074 369 39 counterbalanced
2841 4074 52 52 by
2917 4074 69 40 the

1646 4131 69 39 the
1752 4129 80 40 real
1866 4129 80 41 and
1981 4141 221 30 numerotm
2232 4126 261 40 excellencies
2513 4141 25 25 NI
2550 4127 93 40 hick
2676 4128 47 38 he
2757 4126 224 54 noirertnPy

1761 4198 7 7 •

1645 4195 185 41 uispys.
1896 4212 6 8 .

3270 133 5 26 ,1'

3274 3798 78 203 I

3260 4098 57 137 1

3306 2619 47 129 I
