3354 4406
908 128 875 130 NATIONAL

1461 46 4 4 .

2009 115 811 164 ,kGISTER.

1174 364 113 57 Our
1306 367 131 60 long,
1459 373 252 54 Conititutf
1714 386 74 41 on,
1795 366 105 63 ant
1915 378 175 63 Lal4.

2259 422 48 22 I.

2940 420 61 24 lot

2506 484 2 34 •
2520 484 20 34 ,1

2961 481 4 12 .
2983 481 8 6 •

2679 544 189 63 PRICE
2891 544 93 64 Etd:

2988 598 8 13 •

530 83 4 6 •

291 515 110 59 No.
430 517 87 58 56.
566 515 5 60 •

295 635 125 22 arimen.

309 672 4 48 •
337 672 4 48 '
446 672 5 48 •
520 672 59 48 Pi

304 855 5 7 .
361 857 7 5 .

280 922 48 41 IS
356 922 223 46 FURTIIE

333 1119 136 45 There
494 1134 70 31 are

275 1181 120 53 there
411 1185 128 44 exists
565 1199 14 28 a

273 1243 228 56 desperate.
548 1247 31 41 It

278 1307 124 40 much
419 1309 159 43 coward

272 1369 201 54 despond,
501 1384 50 27 or
567 1385 12 26 r

274 1433 151 53 appeal
457 1439 44 34 to
528 1446 51 43 an;

274 1496 102 40 than
394 1498 118 41 those
529 1499 50 41 of

273 1554 144 54 would_
431 1572 148 43 prevent

272 1620 201 43 sacrifices
491 1622 40 40 in
549 1636 30 30 sc

274 1685 172 52 tageons
463 1698 54 27 on
536 1685 43 40 th

272 1742 167 45 heusive
456 1747 106 46 scale

270 1806 45 43 in
335 1807 69 41 the
422 1811 157 51 negativ

324 1869 131 46 There
474 1871 33 44 is
522 1871 57 41 on!

266 1929 131 54 eying,
411 1932 120 52 Spain
552 1932 27 45 4

266 1995 54 47 of
334 1996 70 41 the
422 2010 157 30 measure

267 2057 197 50 Interest,
485 2059 93 44 holm

268 2118 91 53 ings
386 2109 50 54 Pe
458 2120 90 41 that

266 2193 158 39 gorous
441 2180 138 43 efforts

263 2243 197 51 passion,
489 2248 90 47 loge

266 2304 215 53 annoying
506 2319 63 34 us,

291 2381 53 28 est
344 2381 18 28 ,
379 2370 200 46 4f4ucces4

263 2441 47 26 as
330 2428 96 53 long
443 2441 45 28 as
506 2443 61 27 we

266 2494 47 34 to
333 2503 213 40 persevere
570 2493 8 38 i

267 2557 45 35 to
343 2556 236 39 recommeni

265 2624 125 43 every
415 2622 85 39 one
528 2615 51 44 wb

267 2680 122 43 rant;
433 2678 96 47 and,
563 2689 15 27 /I

266 2735 109 40 have
393 2739 185 40 sustained

267 2806 228 41 monstrate
511 2802 67 41 tha

265 2863 195 56 properly
478 2863 100 56 empl

322 2926 87 39 The
428 2926 151 40 situatic

267 2983 118 41 three
412 2992 126 48 years'
556 2981 22 46 O

266 3060 119 28 more
403 3050 99 39 than
521 3048 58 41 hal

267 3111 120 51 thing
405 3111 77 43 but
498 3110 72 44 the

265 3174 170 52 cording
454 3178 45 34 to
517 3172 61 40 vul

81 3214 7 41 !

267 3234 250 43 retrievable
535 3235 44 40 wi

255 3296 250 56 .terprising,
522 3296 57 41 into

265 3361 246 40 unanimous
527 3365 52 35 tes

266 3422 172 45 mbdern
455 3422 124 41 annah

1025 526 396 71 SUNDAY,
1465 533 109 56 JA
1585 533 328 61 WARY
1951 541 94 64 22,

520 672 354 50 POLITICAL
899 660 468 72 DisecurioN.

703 816 184 28 NUMBER
915 819 299 33 FIFTY-FOUR.

548 926 77 43 ER
650 930 405 45 CO-OPERATION
1085 932 54 41 IN
1168 932 217 45 FAVOUR
1403 938 67 41 OF
1491 913 111 65 THE

594 1005 301 41 SPANIARDS
924 1007 334 45 UNAVAILING
1274 1016 14 34 ?

591 1123 125 56 hopes
746 1127 128 43 which
906 1130 132 53 ought
1069 1143 123 28 never
1208 1137 45 37 to
1271 1133 50 41 be
1337 1133 257 45 abandoned:

565 1199 26 28 a
621 1199 119 31 cause
759 1189 128 40 which
907 1191 142 40 should
1069 1205 122 27 never
1218 1192 51 41 be
1296 1196 230 45 considered
1557 1211 43 30 as

604 1247 33 45 is
656 1248 91 40 that
764 1248 51 41 of
819 1252 150 50 justice
986 1252 77 40 and
1081 1252 196 44 freedom.
1324 1258 35 38 It
1380 1258 158 56 betrays
1558 1276 41 26 as

465 1309 22 43 ,
488 1309 157 43 wardice
661 1324 46 28 as
725 1312 34 41 it
776 1313 94 40 dots
889 1315 222 52 perversity
1131 1315 51 40 of
1192 1315 115 44 heart
1324 1319 74 40 and
1419 1320 117 46 head,
1553 1328 43 35 to

567 1372 132 41 refuse
716 1378 47 37 to
782 1381 235 48 eo-operate
1033 1375 40 41 in
1093 1377 96 41 such
1218 1393 25 26 a
1271 1393 132 30 cause.
1457 1385 76 39 Let
1552 1397 46 28 us

527 1446 83 44 any
643 1436 222 41 individual
896 1439 93 39 who
1023 1444 85 35 acts
1136 1441 106 41 from
1277 1443 118 40 other
1426 1447 171 40 motives

529 1499 52 41 of
593 1500 148 54 vulgar
758 1501 235 50 selfishness,
1024 1505 38 40 if
1085 1504 71 43 the
1183 1512 167 37 chances
1376 1509 51 41 of
1452 1512 144 43 failure

431 1566 170 48 prevent
630 1561 85 44 him
741 1564 110 41 from
879 1566 168 54 making
1068 1573 119 47 great
1211 1569 138 44 efforts
1372 1573 78 41 and
1479 1580 117 47 great

549 1629 172 51 support
750 1624 51 41 of
823 1626 107 40 what
956 1628 52 39 he
1033 1629 196 41 considers
1256 1632 161 52 equally
1443 1635 126 39 advan-

536 1685 73 41 the
626 1698 112 30 score
758 1688 51 39 of
822 1688 183 53 personal
1025 1690 149 54 utility,
1194 1706 43 26 as
1256 1707 52 26 on
1326 1695 67 39 the
1411 1691 157 57 cOmpre-

555 1747 77 40 'of
645 1749 165 51 justice.
865 1752 65 39 lie
947 1763 184 35 answers,
1160 1754 169 41 without
1358 1757 236 46 hesitation,

422 1814 204 48 negative.

569 1871 47 53 .ly
635 1884 83 28 one
748 1872 167 53 opinion
940 1887 44 27 as
1011 1879 43 35 to
1081 1874 71 40 the
1178 1876 229 57 advantage
1433 1877 52 40 of
1517 1890 77 27 res.

552 1932 109 45 from
680 1933 70 39 the
768 1946 119 40 grasp
906 1935 50 40 of
969 1936 69 40 the
1054 1949 144 41 enemy
1215 1954 12 30 ;
1261 1938 77 40 and
1358 1939 67 39 the
1446 1941 150 51 justice

422 2010 185 28 measure
624 2011 96 33 was,
748 2013 60 26 we
828 2000 167 47 believe,
1022 2013 122 28 never
1169 2001 126 43 called
1324 2003 39 39 in
1393 2006 200 51 question.

485 2059 181 47 honour,
692 2061 80 41 and
798 2062 233 53 sympathy,
1059 2062 39 40 in
1119 2062 72 41 the
1206 2065 223 40 unmerited
1456 2066 119 41 suffer-

576 2122 159 52 people,
764 2135 230 40 encourage
1017 2137 51 30 .us
1095 2130 45 34 to
1167 2125 124 40 make
1317 2125 69 43 the
1413 2132 107 35 most

1537 2128 39 40 vi-

441 2180 139 43 efforts
600 2189 44 33 to
663 2183 91 40 that
772 2183 117 41 effect
905 2202 13 28 ;
951 2185 79 39 and
1057 2185 71 40 the
1152 2187 174 52 atrocity
1354 2186 52 41 of
1426 2186 74 41 the
1525 2200 70 41 ag.

489 2243 191 52 together
704 2244 98 40 with
822 2245 70 40 the
909 2251 89 34 vast
1016 2246 299 40 accumulation
1335 2248 51 39 of
1398 2261 137 30 means
1551 2250 51 40 of

598 2306 33 40 it
658 2306 137 52 places
827 2311 43 35 at
900 2306 69 43 the
998 2307 172 53 disposal
1196 2308 53 43 of
1273 2309 69 41 the
1367 2323 163 41 enemy,
1556 2311 39 63 ie

379 2370 234 47 oisnecesa,
631 2383 70 27 are
707 2370 184 40 :motives
908 2370 202 56 powerful
1124 2370 163 53 enough
1311 2378 45 37 to
1375 2375 144 41 induce
1533 2378 61 51 nes

586 2431 105 41 have
707 2444 54 30 an
776 2444 91 28 arm
886 2438 47 37 to
950 2435 117 44 raise,
1095 2447 50 27 or
1169 2446 26 27 a
1218 2433 161 56 shilling
1397 2441 41 34 to
1456 2435 138 53 spend,

570 2493 39 40 in
639 2506 80 27 our
749 2494 220 40 exertimis.

1024 2498 38 37 It
1081 2494 32 41 is
1128 2494 157 52 painful
1304 2502 45 35 to
1367 2498 47 39 be

343 2554 257 41 recommend
632 2567 102 30 over
765 2555 79 41 and
873 2569 103 27 over
1002 2557 120 53 again
1153 2557 110 40 what
1289 2558 32 40 is
1346 2559 188 39 obvious
1534 2551 60 50 'to

528 2615 92 44 who
648 2616 32 40 is
707 2622 77 35 not
809 2616 169 54 wilfully
1007 2619 124 47 blind,
1159 2631 51 27 or
1235 2619 222 56 perversely
1479 2621 116 52 igno.

563 2678 365 54 notwithstanding
963 2680 71 41 the
1067 2692 177 28 reverses
1279 2681 70 43 the
1382 2683 213 52 Spaniards

497 2739 99 40 ,fined
625 2739 51 41 of
698 2740 99 47 late,
824 2740 183 54 a.single
1028 2743 189 53 example
1243 2743 79 40 will
1350 2743 146 54 clearly
1526 2745 81 39 de-•

511 2802 92 41 that
632 2816 58 26 we
718 2803 105 52 have
849 2803 80 41 still
958 2804 70 45 the
1056 2817 135 39 uscaps
1219 2804 40 40 in
1286 2818 76 30 our

1375 2819 164 40 .power,
1564 2807 37 39 if

536 2863 176 56 iployed,
732 2863 51 41 of
795 2864 312 61 effectinLtheir
1124 2865 262 48 deliverance,

464 2926 161 41 tuation
645 2926 51 39 of
720 2928 133 39 Rome
872 2911 109 56 lifter
996 2909 69 58 the
1082 2927 128 41 battle
1235 2928 51 39 of
1309 2930 170 45 Cannae,
1517 2929 76 41 and

556 2981 52 46 Of
631 2987 308 54 uninterrupted
966 2987 201 47 disasters,
1199 2989 41 40 in
1266 2988 126 41 which
1422 2989 69 40 she
1518 2991 77 39 lost

543 3048 70 40 ialf
627 3048 72 40 her
717 3048 131 40 active
857 3048 267 54 population,
1154 3050 94 48 aud,
1284 3050 38 41 in
1341 3051 98 47 fact,
1470 3064 120 41 every

588 3122 180 41 courage
785 3110 78 41 and
882 3111 154 40 virtues
1052 3110 50 40 of
1115 3110 73 41 her
1204 3111 180 46 citizens,
1413 3124 96 35 was,
1528 3124 46 28 ac

537 3172 125 56 lilgar
681 3172 248 46 estimation,
957 3172 70 39 the
1056 3178 104 33 most
1191 3172 210 54 desperate
1426 3172 78 41 and
1540 3185 35 27 it

535 3235 143 40 within
697 3233 71 41 the
787 3247 124 43 range
931 3234 50 40 of
1002 3233 240 57 possibility.
1297 3234 86 41 The
1402 3240 107 38 most
1524 3248 45 26 en-

255 3296 249 56 .t&priOng,
522 3296 246 54 intelligent,
787 3296 78 40 and
883 3309 109 39 wary
1012 3295 187 46 General,
1226 3296 219 52 according
1460 3301 45 35 to
1522 3296 71 40 the

265 3361 246 40 unanimous
527 3360 220 53 testimony
769 3359 50 40 of
830 3359 229 47 historians,
1080 3359 189 40 recorded
1284 3359 39 40 in
1341 3360 157 40 ancient
1515 3356 83 52 an‘

266 3422 172 46 mbdern
455 3422 156 47 annals,
647 3422 79 43 had
746 3420 219 53 encamped
985 3420 124 40 under
1127 3419 73 41 her
1218 3419 124 47 walls,
1359 3420 97 40 with
1474 3432 26 28 a
1518 3433 67 34 nu.
1585 3433 22 34 :

263 3496 170 30 merous
459 3484 79 41 and
568 3482 397 56 highly-disciplined
993 3494 130 41 army,
1152 3480 105 44 elate
1285 3481 97 45 with
1409 3485 185 38 constant

263 3559 172 39 success,
465 3547 79 43 and
574 3546 71 41 the
676 3552 109 37 most
810 3544 209 40 unlimited
1046 3544 231 43 confidence
1303 3543 41 41 in
1368 3543 106 41 their
1502 3553 90 31 own

262 3621 180 40 prowess
459 3608 80 41 and
557 3609 76 39 the
650 3607 97 41 skill
767 3606 50 43 of
829 3607 105 40 their
952 3606 273 40 oommaader.
1266 3605 77 41 She
1359 3605 79 41 had
1457 3605 97 48 1011,
1569 3594 39 66 al

260 3671 83 41 few
360 3671 100 57 days
477 3671 193 52 previous
689 3676 45 35 to
752 3670 79 41 this
850 3672 135 44 event,
1015 3670 148 45 70;000
1179 3664 53 43 of
1241 3663 72 41 her
1328 3661 165 43 citizens
1511 3661 40 40 in
1569 3666 26 35 a
1606 3660 1 67 I

262 3733 168 53 pitched
459 3733 144 47 battle,
633 3733 96 48 and,
758 3733 40 39 in
816 3729 70 64 the
904 3743 143 30 course
1071 3728 51 41 of
1142 3728 70 40 the
1240 3726 113 40 three
1378 3723 215 57 preceding

261 3797 257 54 campaigns,
546 3795 54 43 all
630 3795 72 41 the
728 3794 262 54 acquisitions
1013 3793 71 39 she
1111 3790 79 40 had
1219 3787 117 53 matte
1351 3785 149 54 during
1517 3787 78 40 five

262 3859 204 40 centuries
480 3857 47 41 of
539 3870 157 30 success
711 3857 81 40 and
811 3857 67 39 the
895 3859 107 38 most
1023 3853 137 41 heroic
1178 3849 217 41 exertions.
1450 3852 46 41 In
1517 3847 78 43 this

262 3920 191 41 dreadful
468 3925 196 50 juncture
681 3920 52 41 of
756 3920 74 40 her
847 3918 148 44 affairs,
1026 3930 44 27 so
1102 3914 63 40 far
1191 3913 109 40 from
1326 3912 219 52 proposing
1571 3921 26 28 a

260 3985 279 58 compromise
556 3977 102 46 with
678 3981 71 41 the
767 3994 135 40 enemy
901 3994 27 40 !
960 3980 69 39 the
1059 3989 94 40 very
1185 3972 91 43 field
1302 3985 54 30 on
1384 3971 130 41 which
1546 3970 51 40 he

263 4056 84 30 was
367 4044 223 56 encamped
611 4058 81 27 was
711 4044 158 52 bought
888 4044 35 37 in
946 4054 25 26 a
989 4038 137 56 public
1140 4036 184 47 auction,
1343 4038 43 37 at
1402 4033 70 40 the
1491 4033 84 40 ordi-

261 4119 110 43 nary
392 4108 112 53 price
527 4110 31 38 it
580 4107 135 43 would
733 4107 106 41 have
857 4103 85 41 sold
971 4103 65 43 for
1067 4101 38 44 in
1131 4098 117 40 times
1264 4098 51 39 of
1338 4095 70 43 the
1423 4100 174 50 greatest

255 4180 28 40 p
295 4170 20 54 -
315 4170 185 54 osperity.
533 4162 99 47 This
652 4165 278 59 magnanimity
930 4165 26 59 .
967 4163 77 40 had
1061 4162 50 41 its
1126 4160 129 40 effect.
1294 4160 126 52 Every
1440 4157 100 40 class
1579 4154 26 43 f

254 4235 187 45 citizens,
459 4233 71 39 the
546 4237 83 35 two
643 4245 130 32 sexes,
784 4230 67 41 the
865 4239 139 46 youug
1019 4225 76 41 and
1111 4224 67 39 the
1193 4220 84 48 old,
1290 4219 90 43 vied
1391 4220 93 41 with
1498 4219 99 43 each

313 4302 93 41 rel.

1650 685 133 41 Lother
1800 687 41 40 in
1859 689 86 39 zeal
1964 702 43 27 as
2026 690 90 53 well
2131 703 41 27 as
2189 692 374 51 disiuterestedness,
2585 694 91 52 .0.041
2695 696 40 50 in
2752 697 66 43 the
2835 698 113 51 deter-

1976 739 6 5 •
2104 739 4 12 •
2206 743 6 6 •
2309 739 5 12 •

1667 744 193 46 ciination
1883 752 45 35 to
1952 748 102 54 bury
2083 751 235 45 themselves
2335 767 22 34 ,i
2373 754 208 59 uclq,t4e.
2594 756 176 56 burning
2796 758 113 40 ruins
2933 759 54 46 of

1661 804 105 52 their
1781 806 142 44 houses
1937 810 79 52 and
2037 811 181 53 temples,
2233 817 142 53 so.oner
2375 817 20 53 :
2395 817 103 53 th*lN
2510 819 175 46 concede
2700 831 30 43 a
2745 820 168 51 particle
2931 821 52 44 of

1663 866 105 54 their
1785 868 150 51 former
1954 860 143 63 rights,
2113 886 48 30 or
2179 874 198 56 cowntt9
2378 874 28 56 ;
2406 874 86 56 the
2748 878 53 41 of
2813 892 24 26 a
2852 879 132 57 single

1661 938 92 32 acre
1770 927 50 43 of
1833 928 105 45 their
1955 922 155 51 former
2126 934 287 53 acquisitions..
2457 926 112 67 Ther
2569 926 27 67 .
2596 926 113 67 drOc
2709 926 28 67 a
2738 926 28 67 ,
2777 951 44 33 as
2851 943 136 51 might

1662 986 50 41 be
1726 991 211 53 expected,
1965 993 79 40 this
2068 983 182 69 dreadful
2277 1007 145 43 enemy
2448 997 107 52 from
2582 998 115 52 theic
2719 998 162 50 shores;
2919 1005 46 37 re-

1659 1052 196 56 covered,.
1877 1054 53 52 by
1950 1067 122 28 never
2088 1043 247 69 riesponaing
2356 1059 40 38 in

2415 1049 78 63 ,the
2519 1064 124 46 worst
2668 1059 107 52 crisis
2802 1059 52 52 9f
2875 1062 122 52 their,

1651 1096 158 63 ialfairi,
1837 1111 65 46 all.
1910 1114 102 58 they.
2026 1115 77 40 had
2121 1115 94 48 lost,
2251 1117 85 43 aud.
2548 1119 131 57 'puler
2694 1119 70 40 the
2776 1121 221 52 guidance.

1659 1157 52 52 Of
1735 1183 26 27 a
1788 1172 97 41 hero
1919 1175 132 41 whom
2079 1188 252 44 occurrent:es
2330 1188 21 44 ;
2368 1178 203 58 ,stiA.As,
2759 1180 234 56 inevitably:

1659 1238 150 44 create,
1828 1246 25 28 a
1870 1235 156 54 mighty
2046 1239 266 59 army,ontlie
2328 1250 97 44 very
2444 1239 38 58 te
2481 1239 19 58 s
2500 1239 137 58 riltury
2656 1239 53 50 of
2719 1239 105 43 their
2837 1238 150 53 zivals,

1659 1293 170 53 reduced
1847 1296 128 47 them,
2002 1297 64 58 (or
2082 1299 270 59 ever,4.9the
2370 1298 474 63 ipauleolcupcnvisjpg
2864 1302 117 44 them.

1651 1354 137 51 alarm
1814 1369 48 27 or
1864 1354 2 64 ,
1881 1356 203 56 jealousy.
2264 1354 2 64 •
2288 1354 5 64 •
2359 1389 6 25 •
2409 1391 27 26 A,
2457 1391 45 25 -f:
2528 1381 45 35 Jo;

2829 1389 21 21 '•
2870 1389 4 25 .

1709 1434 86 43 Our
1808 1435 210 47 situation,
2037 1435 177 56 through
2235 1435 71 48 the
2330 1437 358 53 interposition-of
2712 1440 285 50 Providence;.

1639 1495 50 56 lls
1723 1496 158 40 neither
1911 1509 47 27 so
1976 1502 63 47 try
2046 1496 84 53 iagi
2161 1509 81 28 nor
2255 1507 47 31 so
2319 1498 222 53 despiessite:
2593 1499 124 43 Local
2733 1500 263 56 advastageiti

1656 1556 79 41 and
1755 1557 220 41 incidental
1982 1559 311 44 circuinstanees
2300 1559 104 40 have
2412 1560 214 53 preserved
2639 1574 78 27 our
2731 1561 266 43 habitation.'

1656 1617 109 43 from
1796 1619 69 41 the
1899 1620 206 40 visitation
2133 1620 58 39 of
2203 1633 87 26 war
2302 1617 4 52 •
2320 1620 83 39 and
2433 1620 50 40 its
2516 1620 247 48 calamities;
2792 1624 79 39 and
2896 1626 87 39 oUr
2996 1617 5 52 •

1656 1693 180 43 courage
1860 1682 79 39 and
1967 1682 228 51 patriotism
2215 1682 103 38 have
2344 1688 78 47 not
2444 1684 97 38 been
2564 1697 54 25 .as
2641 1688 70 48 yet
2738 1690 81 46 put
2829 1690 48 35 to
2906 1685 91 41 the.

1655 1752 139 32 severe
1814 1742 93 40 trial
1943 1744 50 39 of
2019 1744 183 52 barring,
2232 1743 94 40 with
2348 1757 99 26 your,
2460 1744 211 44 ',ululated
2694 1756 195 38 carcases,
2915 1747 81 41 thes

1655 1809 190 35 entrance
1864 1805 85 40 into
1968 1818 79 27 our
2059 1805 169 52 vapital.
2283 1805 151 40 Should
2451 1807 69 39 the
2541 1807 241 40 vicissitudes
2799 1811 39 45 ot
2838 1811 20 45 .
2858 1811 120 45 ..war,

1656 1864 204 47 however,
1886 1878 150 41 expose
2053 1879 83 26 our
2148 1866 170 40 beloved
2335 1869 188 52 country,
2551 1880 79 28 our
2643 1871 141 44 .wives,
2804 1880 50 27 an
2903 1881 80 28 our
2995 1864 4 57 •

1654 1924 220 54 daughters
1899 1932 44 34 to
1971 1928 70 39 the
2067 1926 209 50 licentious
2298 1926 211 53 brutality,
2544 1928 87 40 the;
2647 1928 208 41 insatiable
2882 1942 99 30 very.

1654 1998 151 40 geauce
1821 1988 81 39 and
1917 1988 154 53 avidity
2092 1987 51 41 of
2153 1993 174 44 200,000
2344 1989 261 45 Frenchmen,
2626 1991 272 47 accustomed,
2916 1989 86 43 fort

1654 2047 187 53 eighteen
1858 2062 130 40 years,
2021 2055 48 34 to
2082 2061 124 41 every
2224 2049 150 53 species
2398 2049 51 41 of
2470 2049 124 39 crime
2611 2049 77 39 and
2708 2061 149 38 excess,
2885 2063 98 27 em:.

1654 2107 152 43 ducted
1832 2109 53 52 by
1905 2109 67 39 the
1993 2109 162 46 ruffian,
2181 2109 91 39 who
2296 2109 74 39 has
2391 2122 45 26 so
2454 2108 138 53 fatally
2613 2109 217 39 succeeded
2852 2111 45 40 in
2920 2122 43 28 re-

1654 2169 149 53 ducing
1821 2170 71 40 the
1907 2177 167 45 greater
2089 2176 93 48 part
2207 2170 51 39 of
2284 2170 296 40 tho.continent
2609 2176 44 34 to
2680 2183 79 27 one
2778 2171 183 53 iaexpres-

1654 2230 100 40 sible
1772 2244 115 27 scene
1905 2231 50 38 of
1976 2237 198 47 poverty,:
2197 2230 223 40 desolation
2440 2231 76 39 and
2533 2242 194 41 carnage,
2756 2232 111 39 there
2893 2244 91 35 are,

1656 2303 59 28 we
1735 2291 170 47 believe,
1922 2291 266 53 confideatly,
2202 2290 73 45 few
2295 2304 152 40 among
2466 2304 61 35 us,
2538 2291 93 40 who
2646 2290 135 43 would
2797 2293 118 39 think
2937 2293 44 40 of
2981 2293 22 40 ,

1929 2352 215 47 inditillb/inl
2144 2352 18 47 -
2170 2352 141 53 -safety
2339 2355 40 51 at
2379 2355 20 51 -
2399 2355 288 51 ,tho:e.iteisur
2708 2352 51 41 or
2871 2370 8 20 I
2894 2366 90 28 OM.

2769 2413 2 43 •
2857 2413 150 43 avoid',

1639 2471 196 58 i'personal
1869 2474 326 40 inconvestiesice.
2252 2473 220 54 [tramples
2498 2473 46 41 of
2576 2472 164 43 Roinan
2769 2486 210 41 maguaii.-
2999 2478 11 37 I

1654 2535 100 53 tuity
1791 2536 130 40 would
1959 2539 74 35 not
2070 2535 51 40 be
2156 2535 198 52 wanting:
2406 2537 130 51 Jittery
2569 2539 115 34 town
2719 2536 76 39 and
2832 2535 149 52 village

1655 2596 133 41 would
1806 2609 89 27 arm
1915 2597 51 37 its
1983 2595 254 54 population,
2263 2597 78 38 and
2360 2595 109 41 fohn
2484 2596 52 41 of
2549 2595 111 41 them
2679 2609 25 26 a
2724 2597 135 39 sacred
2880 2598 100 52 pha-
3002 2621 7 7 •

1642 2656 106 41 thina
1766 2657 52 41 of
1822 2657 209 53 desperate
2048 2657 187 52 patriots,
2254 2656 244 41 determined
2515 2656 227 47 *to-defend,
2760 2657 93 40 with
2875 2659 106 40 their
2999 2665 11 22 I

1642 2718 128 51 Ayes,
1785 2732 123 40 every
1928 2719 117 40 fence
2059 2719 77 41 and
2152 2730 168 32 avenue,
2339 2724 123 35 street
2476 2718 76 40 and
2569 2717 146 48 house,
2732 2719 159 51 against
2909 2721 71 38 the

1652 2780 203 43 ferocious
1869 2780 195 40 invaders.
2119 2781 89 39 Our
2225 2779 111 41 fields
2357 2791 93 40 may
2477 2779 50 39 be
2544 2778 191 52 ravaged,
2769 2792 77 27 our
2863 2781 117 39 cities

1644 2838 176 70 ;levelled
1840 2841 94 40 with
1957 2842 70 38 the
2044 2839 172 53 ground,
2233 2839 229 40 •our.naval
2486 2838 174 41 arsenals
2678 2839 220 40 consumed
2916 2841 54 52 by

1641 2903 103 103 Cre,
1756 2902 69 41 the
1840 2902 321 41 monunientsof
2174 2915 76 26 our
2270 2898 180 43 national
2470 2906 201 47 greatness
2683 2900 78 40 and
2777 2900 200 53 opulence

1677 2965 143 46 !Wed,
1838 2978 77 27 our
1931 2962 239 41 defenceless
2190 2968 162 48 parents
2369 2963 78 38 and
2471 2960 163 43 females
2662 2963 217 53 outraged,
2897 2963 80 40 and

1650 3037 282 41 everyexcess,
1949 3024 130 40 which
2100 3024 239 52 implacable
2359 3022 158 46 hatred,
2541 3020 97 48 bast,
2655 3022 80 39 sad
2753 3022 139 50 rapine
2908 3035 77 28 are

1650 3085 168 56 capable
1835 3087 48 39 of
1894 3085 259 52 itommitting
2171 3098 50 27 or
2241 3084 207 52 inspiring,
2474 3083 51 41 be
2543 3081 135 53 wildly
2695 3081 190 53 indulged
2908 3085 37 38 in
2959 3102 17 28 ;

1654 3148 72 40 but
1754 3148 71 41 the
1854 3146 78 40 last
1964 3145 256 53 Englishman
2239 3158 59 27 we
2326 3149 106 37 trust
2448 3143 133 41 would
2614 3144 70 41 die
2712 3143 83 43 free
2812 3143 79 41 and
2920 3145 40 39 in-

1652 3208 155 53 voking
1826 3208 60 39 his
1900 3211 190 48 country,
2109 3206 137 41 rather
2261 3206 97 39 than
2379 3206 167 41 become
2559 3203 69 41 the
2650 3204 135 53 abject
2803 3206 112 40 slave
2931 3206 52 41 of

1652 3283 52 26 an
1726 3270 169 40 insolent
1915 3266 275 57 unprincipled
2209 3272 152 50 tyrant.

1782 3352 99 56 'truly
1903 3367 43 27 as
1955 3365 61 27 we
2031 3348 213 58 deprecate
2262 3350 70 40 the
2352 3345 221 58 possibility
2594 3348 51 40 of
2656 3348 96 41 such
2769 3361 51 28 an
2835 3364 119 28 occur-

1652 3430 135 34 rence,
1814 3416 81 40 this
1920 3415 180 40 arduous
2118 3412 92 40 trial
2239 3412 46 40 of
2311 3425 78 28 our
2408 3411 197 41 fortitude
2639 3413 78 37 and
2748 3415 229 51 patriotism

1651 3476 269 57 unavoidably
1933 3475 137 41 awaiti
2085 3483 58 35 us,
2157 3471 142 45 should
2313 3472 69 41 the
2389 3482 144 44 enemy
2546 3472 142 40 obtain
2705 3472 214 54 voluntary
2931 3487 47 27 or

1646 3535 142 56 forced
1805 3535 219 57 possession
2036 3536 48 41 of
2098 3535 120 54 Spain
2231 3535 74 39 and
2326 3535 209 52 Portugal.
2571 3535 76 39 Let
2665 3547 45 26 us
2730 3540 70 34 not
2815 3535 165 43 deceive

1654 3604 222 46 ourselves,
1876 3604 71 39 the
1956 3601 180 41 invasion
2150 3600 50 43 of
2205 3612 74 28 our
2289 3599 138 40 shores
2440 3599 32 39 is
2483 3604 71 35 not
2565 3612 45 28 so
2626 3599 301 52 impracticable
2936 3613 45 28 as

1652 3673 60 35 we
1726 3665 133 54 fondly
1876 3665 189 52 imagine.
2104 3658 112 50 Men,
2224 3661 89 39 who
2327 3665 78 35 are
2413 3672 90 28 now
2515 3672 139 28 averse
2666 3665 45 35 to
2725 3673 73 28 our
2810 3661 169 53 sending

1652 3729 228 43 efficacious
1897 3724 210 43 assistance
2125 3728 45 37 to
2190 3722 67 41 the
2276 3720 226 54 Spaniards,
2520 3720 78 41 and
2630 3720 132 41 whose
2781 3720 200 54 irregular

1654 3790 200 41 ambition
1874 3800 90 40 may
1984 3798 65 27 see
2065 3797 26 27 a
2117 3782 187 56 prospect
2336 3781 54 44 of
2418 3781 279 56 gratification
2733 3782 38 41 in
2802 3783 70 41 the
2903 3784 59 40 dis-

1651 3857 126 37 asters
1796 3848 50 43 of
1858 3848 106 41 their
1981 3852 193 47 country,
2206 3844 67 40 tell
2307 3855 46 30 us
2383 3843 91 41 that
2502 3841 69 43 the
2596 3856 145 40 enemy
2759 3854 74 30 can
2854 3857 124 28 never

1652 3927 142 40 escape
1808 3913 70 39 the
1896 3907 200 57 vigilance
2107 3908 50 40 of
2171 3917 76 30 our
2263 3919 123 40 navy.
2443 3905 131 41 Those
2593 3917 93 30 men
2705 3905 155 54 impose
2870 3919 113 43 upon

1654 3976 72 43 the
1741 3974 151 54 public,
1910 3973 78 40 and
2009 3985 59 26 we
2087 3984 69 26 arc
2176 3969 125 40 afraid
2322 3966 294 54 intentionally.
2673 3969 80 39 For
2772 3969 94 52 they
2888 3981 72 27 can-

1637 4033 91 46 :not
1748 4038 71 38 but
1837 4035 138 44 know,
2004 4032 87 41 that
2112 4030 37 41 if
2170 4032 265 39 BOVAPARTE
2460 4028 180 41 succeed.
2655 4029 38 40 in
2718 4028 267 56 subjugating

1654 4110 81 30 our
1762 4096 126 48 allies,
1917 4093 92 44 that
2039 4106 118 40 every
2181 4093 104 52 hope
2317 4089 51 43 of
2391 4089 211 43 successful
2631 4091 211 44 resistance
2861 4094 45 38 to
2926 4091 63 40 his

1657 4170 135 44 power
1811 4157 31 40 is
1858 4154 283 57 extinguished
2169 4153 66 39 for
2262 4152 70 40 the
2356 4152 152 41 future.
2567 4152 57 52 By
2646 4152 89 40 thnt
2752 4165 77 27 one
2846 4157 70 37 act
2934 4152 54 41 he

1659 4225 183 38 becomes
1861 4219 184 41 absolute
2065 4212 155 44 arbiter'
2233 4214 46 41 of
2303 4213 70 43 the
2399 4213 184 44 destinies
2601 4213 47 40 of
2665 4213 67 43 the
2754 4211 230 47 Continent.

0 4131 13 14 '1

0 4162 53 22 oar

3281 2609 72 152 I
