3354 4406
1083 100 155 65 THE
1272 98 384 69 NATONAL

230 256 94 45 It'd,.
346 257 83 41 11._
450 257 48 34 G.
520 256 50 43 .4.
587 255 133 46 Child,
754 255 165 53 P0'591%
935 256 185 48 scriypqtr
1121 256 41 48 a.
1162 256 41 48 at

1218 248 21 61 .
1239 248 65 61 .el
1304 248 21 61 p
1325 248 44 61 vq
1369 248 21 61 a
1390 248 66 61 .at
1485 257 66 35 the

193 305 106 47 Bosh
314 307 168 40 Tavern,
498 296 158 44 Bristol.

244 356 135 34 March
404 354 57 38 1.4.
496 353 43 35 J.
562 354 51 34 O.
639 356 111 40 Parr,
767 353 72 35 and
854 353 50 35 T.
989 352 150 47 Patritk
1139 352 21 47 l
1160 352 279 47 •Suilblk-lane
1457 377 12 18 ,
1489 351 41 38 in-

195 411 156 34 surnme
370 402 175 41 brokers,
569 407 48 28 at'
627 402 144 43 eleven,
788 406 40 30 at
842 394 211 43 Guildhall.

207 451 137 39 .:Feb.
369 451 59 34 15.
472 451 59 34 W.
552 450 152 43 Hilton,
718 451 70 34 and
802 450 47 35 J.
869 450 187 43 Jacltson,
1075 449 288 44 OXfordAroad,
1396 451 43 34 at
1473 454 77 39 ten,

167 495 19 44 -
185 495 19 44 -
204 495 40 44 et
263 498 208 37 Guildhall.
606 495 4 44 •
798 522 6 5 •
943 495 5 44 •

229 539 5 53 •
481 548 98 34 Wm.
600 546 159 45 Ogilvy,
769 546 84 46 jun.
873 546 50 44 G,
943 547 143 45 Mylne,
1104 546 74 37 and
1196 546 105 37 John
1335 544 215 45 Chalmers,

259 595 347 46 Jeffrey's-square,
621 606 99 33 Inp•c
728 596 115 43 limits,
854 600 41 31 at
915 601 73 35 ten,
1002 601 41 28 at
1048 595 20 38 -
1068 595 207 38 Guildhall.

510 691 9 9 .
553 645 567 54 b2II.TIFICArES--:FED.
1141 660 60 37 11.

236 722 169 45 .atnnel
424 720 188 43 Statham,
643 720 144 44 &Ivan
808 717 187 47 Statham,
1019 718 74 35 and
1124 717 130 46 Henry
1270 717 157 43 Garton,
1454 716 113 50 Not-.

207 757 573 59 i‘tiiltam,..hotiers—Thomac
1031 767 253 45 Teddington,
1326 765 223 40 Middlesex,

203 816 472 48 Isigtster—Christopher
694 815 167 43 Parnall,
874 816 54 35 St.
950 814 377 44 Austell,Corasvall,
1344 814 204 38 merchant.

2921 86 6 7 .
2962 78 11 11 •

2679 110 162 56 JAN.
2914 112 54 58 Q.

1611 257 83 52 the,
1694 257 20 52 ;
1714 257 124 52 ressfl
1838 257 41 52 t.
1879 257 146 52 elimbed
2141 268 111 41 awa.
2281 257 129 40 laijied
2617 259 250 44 lantistratiel
2893 257 77 44 and

1611 299 89 54 Ota
1714 302 175 43 reiurned
1903 302 41 43 10
1944 302 20 43 -
1964 302 63 43 tbe
2176 302 40 40 to
2248 304 91 39 waft
2365 308 64 34 the
2428 305 19 39 -
2447 305 38 39 di
2486 305 27 50 -
2513 305 136 50 4441d
2675 304 100 39 iiiid
2776 304 20 39 —
2796 304 181 39 MYStfirdr

1613 356 60 35 the
1707 356 93 37 tide.
1857 354 74 37 But
1942 356 96 37 such
2059 365 74 26 was
2151 356 64 34 the
2232 356 106 35 force
2353 356 45 34 of
2420 356 61 34 the
2499 354 168 47 existing
2683 364 165 31 current,
2881 356 103 34 that:

1612 399 176 50 npwiirds
1814 402 46 38 of
1881 402 124 38 fifteen
2031 404 111 46 yards
2166 402 47 37 of
2235 403 65 35 the
2323 402 233 44 ballustrade
2582 413 102 26 were
2709 404 151 35 throWri
2887 403 86 45 into

1612 454 63 33 the
1693 454 118 41 river,
1840 452 74 37 and
1930 451 89 38 four
2034 462 81 26 men
2135 461 99 27 were
2261 449 122 41 killed
2407 448 48 44 oa
2480 450 120 39 board
2619 450 65 37 the
2700 451 115 47 barge
2831 450 51 47 by
2903 452 56 33 the
2959 452 19 33 ,

1612 508 130 30 stones.
1890 513 6 7 •

2541 534 6 6 •
2588 534 5 15 .
2820 534 4 15 .

1659 562 59 35 On
1748 563 198 46 Thursday
1980 563 157 45 evening
2151 573 24 24 a
2189 554 209 54 gentleman
2417 557 89 40 who
2522 556 141 43 resides
2678 567 40 30 at
2732 559 235 44 Walwortb,

1615 621 74 25 was
1716 612 175 35 accosted
1915 609 117 38 under
2043 609 65 35 the
2133 601 158 53 Asylum
2311 609 89 35 wall
2417 611 51 34 by
2481 619 130 26 ainnti
2629 611 87 34 who
2734 609 170 46 inquired
2923 608 47 34 of

1616 659 74 38 him
1707 658 64 37 the
1796 659 91 35 time
1905 660 45 34 of
1961 659 107 46 night
2079 671 18 30 ;•
2115 660 112 43 being
2246 658 80 39 told
2344 659 46 35 he
2400 659 76 34 had
2493 670 47 25 no
2564 658 139 41 watch,
2722 657 224 35 gnotherTel-

1615 707 71 34 low
1704 716 109 25 came
1834 718 48 35 up
1915 707 92 34 with
2028 718 25 24 a
2083 706 154 47 hanger,
2263 710 64 33 cut
2342 707 63 34 the
2422 707 210 46 gentleman
2665 716 94 25 over
2785 706 63 34 the
2868 705 97 34 head

1613 754 69 34 and
1698 756 145 37 robbed
1861 755 72 34 him
1946 754 129 37 of6ol.
2096 756 34 33 in
2150 750 112 41 Bank
2281 759 116 37 notes.
2424 755 84 37 The
2529 755 149 33 villains
2693 754 154 34 effected
2864 754 100 33 their

1612 813 145 35 escape.
1811 803 84 35 The
1913 803 209 46 gentleman
2151 813 81 26 was
2259 804 117 34 taken
2394 803 107 35 home
2533 803 38 35 in
2595 811 24 27 a
2639 813 92 34 very
2756 802 209 45 dangerous

1613 856 106 30 state.

1663 899 30 34 A
1714 899 74 35 few
1808 899 93 45 days
1915 899 103 37 sinee
2031 909 43 26 as
2098 899 94 35 Mrs.
2215 898 163 46 DubHy,
2404 898 45 37 of
2471 896 318 43 Prince's-street,
2818 896 122 37 Black-

1615 947 254 43 friar's-road,
1884 957 73 26 was
1972 947 129 45 sitting
2119 948 47 45 by
2187 947 64 34 the
2261 947 182 43 fire-side,
2469 946 67 35 she
2558 957 72 25 was
2662 947 125 34 seized
2820 945 93 35 with
2940 956 31 24 a

1613 994 54 44 fit,
1682 996 69 33 and
1770 994 65 34 fell
1856 996 74 34 into
1950 994 63 35 the
2028 996 80 44 fire,
2134 994 48 44 by
2205 994 126 38 which
2349 997 63 33 her
2424 1006 115 31 arms,
2557 993 81 35 face
2648 994 72 34 and
2738 994 111 34 hands
2865 1003 102 25 were

1613 1052 39 24 so
1670 1043 226 47 shockingly
1916 1045 128 45 burnt,
2070 1045 78 34 that
2164 1044 66 34 she
2241 1043 87 37 died
2348 1044 61 34 the
2426 1048 94 32 next
2543 1041 74 47 day
2639 1043 35 34 in
2712 1043 65 34 the
2804 1044 165 44 greatest

1612 1098 137 37 agony:

1661 1139 34 35 A
1713 1140 213 45 gentleman
1944 1139 74 38 bad
2035 1139 59 37 his
2108 1140 58 44 leg
2189 1139 124 35 broke
2339 1139 216 45 yesterday,
2574 1139 220 37 occasioned
2824 1139 48 45 by
2906 1136 59 34 his

1615 1187 106 34 h9rse
1735 1186 138 46 falling
1892 1187 91 35 with
2004 1187 77 35 him
2096 1187 128 39 whilst
2241 1186 115 46 going
2370 1187 112 45 along
2507 1182 346 48 'Compton-street.
2881 1185 85 35 The

1615 1235 104 34 horse
1736 1235 142 34 started
1894 1239 41 31 at
1951 1244 106 27 some
2085 1235 248 37 mischievous
2352 1237 105 43 boys,
2483 1235 74 34 and
2582 1233 67 37 fell
2676 1235 94 34 with
2794 1234 171 38 violence

1612 1294 47 24 on
1677 1283 56 37 his
1750 1281 72 38 left
1838 1283 96 38 side.

2156 1374 217 41 BIRTHS.

2067 1367 6 0 -

1659 1435 51 37 At
1731 1436 119 46 Bath,
1981 1435 123 45 Ashe,
2138 1439 92 34 wife
2255 1436 47 37 of
2323 1439 78 35 Mr.
2424 1437 123 45 Ashe,
2568 1436 201 47 Principal
2790 1439 113 38 Flat*
2920 1441 45 34 at

1612 1482 61 38 the
1693 1483 150 50 Opera.
1857 1485 46 38 of
1922 1496 26 27 a
1963 1496 84 32 son,
2073 1496 48 26 on
2143 1485 233 45 Wednesday
2396 1487 86 35 last.

1659 1533 79 35 The
1760 1533 89 38 wife
1866 1531 46 38 of
1920 1545 28 24 a
1962 1544 103 37 poor
2091 1544 98 28 man.
2222 1533 132 38 named
2378 1534 94 35 Win.
2489 1533 164 43 Turner,
2670 1534 46 34 of
2730 1535 235 45 Tong-lane,

1612 1591 86 25 near
1719 1581 228 41 Middleton,
1967 1593 78 28 was
2065 1581 118 45 safely
2207 1581 195 37 delive►ed
2417 1581 46 34 of
2477 1583 102 35 three
2602 1585 116 43 girls,
2737 1594 47 24 on
2802 1584 65 35 the
2883 1583 84 38 firSt

1610 1629 76 44 day
1703 1628 44 37 of
1760 1629 76 35 this
1848 1630 144 43 month,
2029 1630 103 43 who,
2154 1628 93 38 with
2285 1629 66 35 the
2378 1630 167 41 *other,
2556 1641 67 26 are
2639 1631 52 34 all
2709 1631 124 45 likely
2854 1638 39 28 to
2910 1633 57 35 de

1613 1672 118 39 well.'
1763 1671 112 52 They
1897 1687 98 26 were
2011 1677 172 46 baptised
2200 1687 50 26 on
2283 1677 65 34 the
2374 1688 100 34 same
2504 1678 77 44 day
2613 1680 51 44 by
2683 1680 65 32 the
2770 1680 92 34 Rev.
2884 1681 79 35 Mr.

1617 1723 133 45 Lister,
1760 1731 132 31 curate
1916 1726 46 41 of
1990 1726 224 39 Middleton,
2232 1726 52 44 by
2298 1724 65 37 the
2376 1735 123 26 names
2515 1726 45 35 of
2585 1726 131 41 Faith,
2735 1726 131 45 Hope,
2891 1729 74 34 and

1616 1772 159 46 Charity
1791 1786 13 28 ;
1830 1773 74 37 and
1925 1767 31 52 dp
1956 1767 15 52 i
1971 1767 17 52 e
2021 1773 76 37 last
2119 1783 107 26 name
2254 1783 78 26 was
2354 1775 110 43 given
2481 1778 40 32 tos
2541 1773 64 37 the
2622 1775 139 46 largest
2777 1775 46 34 of
2845 1778 118 45 them,

1835 1817 249 65 tpeviptitest
2104 1821 51 46 of
2163 1824 98 33 these
2280 1822 32 32 is

2197 1881 159 39 DIED.

1662 1931 161 47 Welt,.
1844 1931 201 46 aged-101,
2072 1929 163 41 Thrums
2255 1932 110 38 Cleo.
2415 1931 64 37 He
2512 1931 73 35 had
2613 1937 116 41 repent
2760 1933 64 34 the
2857 1935 110 47 early

1667 1985 33 26 -v.
1715 1980 45 35 of
1774 1980 59 34 his
1850 1980 70 37 life
1935 1991 12 2 -

539 921 250 41 CLERKEN
797 921 156 40 WELL
981 918 252 41 SESSIONS.

257 983 504 48 SWlNDLltit4.—Monday
810 984 158 37 Patrick
1006 984 155 40 Mahon,
1189 981 43 35 of
1256 981 129 35 whose
1414 981 136 35 twin&

204 1032 81 47 ling
302 1036 145 34 actiens
464 1029 61 40 the
543 1035 132 45 public
693 1033 61 34 has
772 1033 92 34 been
880 1031 197 41 informed,
1095 1041 77 25 was
1189 1031 93 34 tried
1302 1030 60 34 for
1372 1030 154 37 defraud-

207 1082 66 44 ing
291 1076 162 41 Colntiel
452 1076 20 41 -
472 1076 163 41 Greville
656 1082 44 33 of
710 1093 24 24 a
746 1082 142 40 chaise,
901 1081 47 44 by
961 1080 195 44 tendering
1172 1077 59 34 for
1248 1080 61 33 the
1328 1072 80 41 said
1427 1078 126 34 chaite

203 1139 27 27 a
246 1129 183 37 fictitious
442 1131 85 41 bill,
543 1130 224 46 purporting
784 1134 38 30 to
835 1130 48 33 be
904 1128 163 46 payable
1077 1131 40 31 at
1134 1139 25 22 a
1176 1128 100 33 sham
1290 1126 83 35 firm
1385 1126 46 34 of
1441 1126 109 45 Ryan

201 1176 77 37 and
298 1179 71 34 Co.
387 1179 327 34 Sherborne-lane.
764 1175 83 35 The
862 1175 94 37 facts
972 1175 195 44 attending
1176 1174 77 35 this
1267 1183 83 26 case
1372 1183 98 25 were
1487 1174 43 35 de-

203 1226 118 40 tailed
334 1226 40 34 :it
394 1227 63 34 the
477 1226 87 34 time
580 1226 46 35 of
640 1226 66 34 the
720 1224 273 35 examinations
1011 1222 45 34 of
1068 1224 67 33 the
1153 1221 168 46 prisoner
1336 1228 39 27 at
1393 1222 61 33 the
1476 1222 56 34 Po

202 1272 79 35 lice
293 1274 131 33 Office:
475 1274 156 33 Colonel
664 1274 164 33 Greville
844 1284 22 33 p
878 1285 6 18 a
895 1271 107 41 oved,
1020 1270 83 35 that
1129 1271 65 33 the
1211 1270 183 45 impostor
1420 1279 107 35 repre-

200 1322 128 34 sented
347 1320 155 35 himself
514 1329 38 27 to
570 1323 76 32 him
663 1326 103 31 as.ttn
782 1319 102 35 Irish
899 1320 327 38 linen-merchant,
1240 1319 83 33 who
1341 1328 73 25 was
1431 1319 117 33 about

200 1372 44 32 to
269 1380 47 33 go
345 1374 41 31 to
419 1369 168 43 Ireland,
604 1370 74 34 and
694 1367 18 46 a
729 1367 18 46 3
763 1367 34 46 he
815 1367 74 35 had
917 1378 26 22 a
969 1372 120 39 strorg
1121 1367 124 40 horse,
1278 1367 48 34 he
1359 1367 143 34 wanted
1526 1376 24 22 a

200 1409 149 50 chaise,
363 1426 43 26 as
423 1419 46 33 he
485 1423 123 28 iaeant
625 1422 40 30 to
683 1417 90 34 take
798 1426 25 24 a
852 1420 84 31 turn
964 1414 163 45 through
1152 1413 142 43 Wales,
1312 1414 113 45 beiug
1441 1411 106 37 much

198 1465 190 35 attracted
406 1465 48 45 by
477 1465 63 35 the
557 1465 183 35 romantic
768 1465 117 33 views
917 1462 45 37 of
986 1463 81 33 that
1085 1465 172 41 country.
1311 1461 35 35 It
1368 1470 78 28 was
1462 1460 80 37 also

200 1513 148 44 proved
367 1512 84 35 that
467 1511 39 37 tb
544 1511 174 47 prisoner
736 1521 74 26 was
826 1509 132 35 one*
971 1511 64 35 the
1050 1509 85 35 said
1157 1508 83 34 firm
1259 1509 35 33 in
1316 1508 202 37 Sherborne-

200 1561 105 40 lane,
322 1561 72 33 and
411 1561 81 38 that
511 1560 44 34 he
572 1572 25 25 a
609 1561 124 44 guilty
746 1557 221 47 knowledge
981 1558 44 34 of
1030 1558 66 35 the
1111 1557 177 35 fictitious
1307 1557 104 41 bills,
1426 1556 123 38 which

269 1607 138 46 falsely
424 1609 203 45 pretended
644 1616 103 27 were
762 1600 113 53 good:
931 1607 107 33 Some
1071 1602 208 50 objections
1310 1615 40 26 as
1381 1611 38 27 to
1453 1604 98 35 form

198 1664 105 26 were
319 1656 118 35 taken
454 1657 52 44 by
526 1654 72 38 Mr.
617 1655 135 45 Alley,
762 1656 64 34 the
846 1652 201 48 prisoner's
1056 1654 152 35 counsel
1224 1665 13 28 ;
1261 1654 66 32 but
1346 1654 91 45 they
1453 1662 98 25 were

198 1703 248 44 over-ruled,,
459 1704 71 34 and
548 1704 64 34 the
630 1703 181 46 prisoner.
821 1711 78 27 was
912 1700 112 38 found
1044 1701 146 45 Guilty,
1214 1695 72 44 and
1300 1700 193 38 sentenced
1511 1704 40 33 to

200 1748 111 39 seven
330 1762 111 34 years
456 1750 315 46 transporthtion.

249 1799 222 35 Alexander
490 1798 167 40 Burclan,
686 1795 87 50 Esq.
796 1796 195 39 convicted
1009 1796 46 34 of
1078 1792 155 51 perjury
1254 1806 50 26 on
1328 1795 66 37 the
1419 1795 132 35 second

197 1847 79 45 day
292 1846 44 35 of
348 1848 65 34 the
432 1847 174 41 Sessions,
628 1857 79 25 was
724 1846 159 45 brought
902 1848 66 43 bp;
992 1846 73 34 and
1083 1844 171 37 received
1272 1844 64 35 the
1354 1844 197 44 following

196 1894 302 37 *entence:—To
519 1894 46 37 he
578 1894 224 46 imprisoned
819 1894 59 39 six
896 1894 144 34 months
1062 1894 34 33 in
1114 1892 66 35 the
1195 1891 125 38 House
1333 1892 45 35 of
1394 1890 137 38 Correc-

198 1944 97 43 tion,
319 1944 76 35 and
412 1949 39 31 to
471 1954 66 37 pay
692 1941 46 43 of
746 1935 99 45 SOL
867 1946 41 32 to
921 1941 61 41 the
1007 1941 100 45 King

652 1987 402 39 asimalalioasausailausi

389 2181 27 26 A
426 2181 21 26 L
455 2181 25 27 A
485 2181 26 26 It

250 2230 52 37 At
325 2231 123 35 about
480 2237 13 30 t

198 2290 80 26 Iva•
306 2280 148 46 passing
467 2280 24 33 b

196 2329 47 33 au
263 2328 152 34 unusual

197 2376 65 33 the
289 2376 227 46 occupation

196 2431 161 30 when.
415 2422 44 35 In
474 2431 26 27 a

195 2470 105 44 dow,
322 2470 74 35 and
415 2481 45 24 an
469 2467 120 38 ahem

194 2519 107 34 assist
369 2528 19 25 in
389 2518 18 34 in
419 2518 91 45 getti

194 2565 174 46 speedily
385 2565 115 37 arriv,

193 2615 84 37 lace
295 2624 45 25 on
356 2613 85 41 fire,
469 2623 31 24 w

87 9 9 25 -
97 9 11 25 -
107 9 11 25 U
118 9 11 25 -

1650 2738 118 44 ritil)
1778 2751 53 38 AV
1831 2751 27 38 I
1883 2743 109 39 JA?i.
2006 2735 202 46 20.---:The
2226 2748 149 40 present
2389 2745 128 34 severe
2546 2743 169 39 weather
2734 2745 138 48 having
2889 2752 74 43 pat

1598 2802 25 25 a
1642 2796 85 43 stop
1750 2797 40 31 to
1809 2793 64 34 tke
1894 2792 174 45 working
2086 2790 46 38 of
2146 2790 61 38 the
2228 2791 104 37 Corn
2352 2792 107 44 hoys,
2476 2802 47 26 an
2541 2791 136 38 almost
2695 2796 156 41 geucral
2864 2802 81 40 stag-

1600 2841 125 34 nation
1743 2839 66 35 has
1827 2841 113 35 taken
1959 2839 111 46 place
2087 2839 37 35 in
2141 2839 66 34 the
2230 2832 172 52 Mealing
2417 2838 124 37 Traile
2600 2851 56 24 we
2673 2851 70 26 can
2769 2842 200 38 therefore
2988 2872 7 7 ,

1599 2888 86 44 only
1702 2888 159 35 obserie
1893 2885 81 38 that
1988 2887 105 46 grey
2109 2887 96 37 Peas
2218 2885 74 37 and
2309 2885 99 38 Tick
2430 2887 124 37 Beans
2571 2898 70 39 are
2665 2890 80 34 still
2776 2890 190 48 declining

1599 2933 30 38 in
1629 2933 15 38 .
1654 2935 123 46 value,
1795 2934 81 39 and
1886 2935 84 37 that
1987 2935 115 37 other
2108 2933 156 40 articles
2282 2935 141 38 remalu
2439 2937 136 44 nearly
2593 2946 43 25 as
2652 2947 47 27 on
2715 2937 181 50 Monday.

193 2662 76 34 and
279 2657 67 39 the
360 2657 227 46 court-yard.

188 2719 110 26 some
315 2709 91 33 time
425 2709 128 33 before
981 2706 56 37 fitk
1181 2704 113 34 roved
1326 2731 18 6 _

191 2757 86 37 The
294 2757 131 35 flames
441 2756 110 44 raged
570 2756 93 33 with
679 2753 87 46 fury
783 2754 90 35 until
895 2754 58 33 six
971 2748 168 45 o'clock,
1157 2761 37 24 in
1221 2748 60 37 the
1307 2756 231 39 apartments

190 2806 48 33 of
259 2805 57 35 his
328 2804 129 45 Royal
478 2803 185 44 Highness
678 2803 61 33 the
761 2800 54 37 Osi
826 2803 46 32 ke
883 2800 47 34 of
953 2799 241 46 Cambridge,
1222 2798 106 35 when
1359 2797 66 35 the
1453 2796 91 37 roof

187 2854 71 37 fell
278 2843 5 52 .
295 2854 52 41 in,
376 2852 73 34 and
481 2851 128 34 buried
637 2852 69 35 the
728 2849 263 45 coutlagratimi
1029 2846 135 39 within
1192 2846 63 34 the
1281 2843 123 37 walls.
1454 2844 84 37 The

188 2908 188 39 property
394 2898 194 35 consumed
609 2898 181 44 belonged
816 2904 39 27 to
876 2896 61 35 the
961 2897 126 40 Duke,
1106 2894 73 38 and
1198 2893 181 37 consisted
1397 2890 138 48 chiefly

189 2949 45 35 of
250 2949 148 34 curious
415 2956 167 33 armour,
614 2946 175 35 valuable
806 2944 150 37 cabinet
986 2944 180 45 pictures,
1202 2941 162 41 rarities,
1390 2939 72 39 &c.
1496 2939 50 38 of

188 2996 130 34 which
338 2995 135 45 hardly
493 2994 201 46 anything
711 2994 61 37 has
789 2994 92 33 heed
905 2992 129 37 saved.
1050 2985 4 56 •
1083 2989 86 35 The
1183 2989 156 45 damage
1359 2987 97 37 done
1482 2985 43 51 by
1525 2985 21 51 .

188 3045 69 37 the
274 3043 66 35 fire
358 3044 67 34 has
441 3047 65 30 not
522 3041 198 37 consumed
743 3053 24 22 a
782 3040 126 37 fourth
927 3045 87 43 part
1031 3038 44 37 of
1095 3038 66 39 the
1180 3038 148 45 palace,
1352 3035 72 35 and
1442 3046 94 26 none

188 3091 48 37 of
250 3093 63 34 the
328 3097 109 41 great
459 3094 96 31 state
570 3093 246 44 apartments,
831 3089 228 39 stair-cases,
1071 3094 46 26 or
1129 3093 175 34 avenues,
1319 3094 67 26 are
1404 3083 110 38 toadi-

185 3141 61 34 ed.
306 3139 44 34 In
367 3139 66 33 the
448 3142 106 43 great
578 3137 240 46 court-yard,
846 3136 65 35 the
933 3135 158 45 damage
1107 3133 47 34 of
1167 3132 63 34 the
1248 3132 66 35 fire
1333 3133 30 33 is
1380 3132 86 46 only
1480 3132 38 34 vi-

183 3188 100 35 sible
314 3188 34 34 in
383 3195 81 30 two
494 3185 182 35 windows
705 3185 35 37 in
768 3184 61 34 the
856 3183 209 38 south-east
1080 3190 149 28 corner.
1281 3180 44 35 In
1342 3180 119 46 fi.ont,
1478 3183 39 32 to-

185 3234 130 41 wards
334 3233 223 43 Pall-Malt,
587 3233 156 45 nothing
757 3231 44 38 of
824 3231 65 35 the
914 3230 70 35 fire
1004 3241 70 25 eau
1100 3229 51 35 be
1176 3239 99 33 seen,
1299 3231 144 43 except
1470 3227 65 37 the

187 3283 132 46 smoke
331 3287 41 30 at
389 3293 26 24 a
423 3281 168 35 distance
607 3281 172 38 over-the
795 3286 86 40 tops
896 3278 46 38 of
954 3279 65 35 the
1044 3273 203 48 buildings.
1296 3274 85 46 The

184 3334 159 41 damage
369 3330 32 35 is
418 3340 48 24 on
485 3324 61 41 the
566 3334 92 28 west
673 3327 47 38 of
732 3326 269 45 Marlborough
1020 3325 145 37 House.
1206 3325 40 35 It
1263 3333 76 27 was
1357 3324 178 45 reported

184 3380 86 34 that
288 3387 70 26 one
373 3376 50 37 of
443 3376 96 37 Mrs.
560 3376 126 37 Rice's
710 3376 282 37 maid-servants
1015 3384 76 26 was
1106 3374 77 34 lost
1198 3372 38 34 in
1251 3371 65 38 the
1326 3371 189 44 conflagra-

185 3428 83 35 tien
304 3428 69 34 but
385 3425 93 35 such
495 3424 131 37 turned
652 3429 69 31 out
744 3429 37 31 to
806 3425 47 34 be
876 3431 215 27 erroueous.
1144 3420 85 35 The
1244 3417 133 38 flames
1388 3418 65 35 did
1470 3423 65 31 not

183 3474 118 38 reach
320 3474 63 35 the
412 3471 158 43 Queen's
596 3471 313 45 drawing-room,
941 3470 66 35 but
1032 3469 98 37 from
1160 3467 65 37 the
1252 3467 222 45 court-yard
1494 3472 40 30 to

183 3526 67 34 the
269 3520 93 38 dank
385 3531 172 37 passage,
580 3520 66 38 the
661 3516 169 54 standing
844 3517 111 37 walls
970 3519 111 38 alone
1096 3527 69 25 are
1183 3515 148 38 visible.

237 3587 406 38 LONDON-BRIDGE.
656 3604 50 11 --
715 3585 151 37 Several
1064 3583 126 35 below
1227 3580 132 47 bridge
1398 3579 138 47 having

183 3638 106 35 their
306 3637 126 37 cables
449 3641 63 31 cut
517 3633 20 48 -
537 3633 41 48 by
596 3635 67 35 the
679 3634 157 45 fleeting
861 3631 58 38 ice
943 3641 47 27 on
1013 3631 182 46 Tuesday
1208 3630 125 47 night,
1367 3638 102 27 were
1495 3628 46 34 of
1546 3628 1 53 '

184 3694 133 30 course
330 3684 122 37 adrift
467 3683 72 37 and
556 3684 37 35 in
605 3683 115 37 mach
736 3680 209 37 contusion.
994 3679 111 46 They
1131 3687 104 30 were
1258 3676 149 39 carried
1439 3676 97 39 with

183 3735 69 35 the
278 3731 247 47 inxpetuo,ity
548 3732 46 34 of
611 3732 67 34 the
704 3730 167 44 morning
901 3728 96 44 tide,
1029 3726 217 47 yesterday,
1277 3724 167 38 towards
1472 3725 66 37 the

183 3781 158 45 bridge;
366 3780 74 38 and
465 3790 24 25 a
513 3780 105 46 large
646 3777 106 38 West
754 3796 14 8 -
769 3781 157 40 country
961 3752 116 69 liarge
1106 3784 69 26 ran
1206 3772 93 39 with
1331 3772 70 39 her
1431 3772 107 39 bows

184 3830 119 35 under
321 3829 63 34 the
399 3834 126 30 centre
539 3827 110 43 arch,
674 3826 74 37 and
767 3826 65 37 her
849 3828 97 34 mast
969 3824 91 34 beat
1085 3821 63 39 for
1166 3831 30 27 a
1215 3821 87 50 long
1320 3821 99 37 time
1444 3820 92 38 with

184 3878 91 37 such
302 3878 170 34 violence
500 3876 146 45 against
663 3875 67 34 the
743 3873 255 43 battlements,
1020 3879 41 28 as
1077 3875 43 33 to
1135 3870 129 37 loosen
1279 3870 67 37 the
1362 3879 175 35 masonry
1546 3870 1 56 j

182 3926 64 35 fur
269 3935 26 26 a
326 3924 261 38 considerable
609 3922 184 37 distance.
844 3921 99 38 This
971 3930 78 27 was
1069 3919 122 38 about
1213 3917 85 39 roar
1320 3915 154 40 o'clock
1502 3917 38 39 ill

184 3976 64 34 the
270 3973 201 45 'morning;
495 3970 70 38 sod
591 3970 65 39 the
683 3972 213 44 bargemen,
920 3967 63 41 for
1004 3966 58 39 the
1062 3966 20 39 .
1094 3966 190 46 latagioed
1307 3966 164 47 secerity
1496 3963 47 39 of

2078 3009 32 27 s.
2212 3011 34 25 a.

1603 3048 137 40 Wheat

1600 3097 97 37 Fine
1716 3097 100 37 ditto
1867 3115 19 9 -
1995 3116 18 12 -
2062 3096 48 39 94
2134 3107 25 27 a
2204 3098 47 35 91

1602 3146 80 46 nye
1698 3145 144 47 (New)
1869 3164 19 9 -
1915 3161 17 12 -
1995 3164 18 9 -
2062 3145 51 35 58
2135 3156 24 25 a
2207 3146 50 34 63

1600 3193 138 48 Barley

1599 3242 96 37 Malt
1710 3241 142 48 (New)
1910 3259 61 15 --
1994 3260 19 11 -
2062 3243 50 34 '72
2134 3253 25 25 a
2205 3242 48 37 84

1602 3291 124 37 White
1744 3292 110 38 Peas,
1866 3292 141 34 boilers
2040 3291 70 38 143
2133 3301 25 24 a
2186 3291 69 35 155

2978 2388 9 14 &

2983 2486 7 9 a

2793 3015 31 25 s.
2931 3017 34 25 s.

2313 3048 104 48 Grey
2433 3048 100 38 Peas
2621 3069 61 11 --
2708 3069 18 26 7
2774 3053 52 40 50
2846 3064 25 26 a
2919 3056 52 35 56

2314 3096 119 39 Beans
2448 3097 122 47 (Old)
2620 3118 19 9 -
2706 3116 18 11 -
2773 3103 50 35 dti
2845 3113 27 27 a
2919 3103 52 38 76

2310 3145 97 37 Tick
2424 3146 102 35 ditto
2539 3146 139 46 (New)
2706 3168 17 9 -
2774 3150 50 34 50
2846 3161 26 26 1
2917 3145 18 47 b
2953 3145 18 47 6

2308 3191 96 39 Oats

2313 3241 143 37 Poland
2471 3244 102 34 ditto
2622 3259 19 12 -
2707 3263 18 9 -
2774 3246 48 35 43
2846 3259 24 25 a
2917 3249 56 38 4•

2313 3291 109 45 Rape
2440 3292 94 37 Seed
2559 3292 89 37 £4B
2663 3304 25 26 a
2706 3293 89 38 £53

2030 3361 171 39 PRICE
2231 3361 74 37 OF
2336 3363 185 35 COALS.

1646 3412 202 41 FRIDAY,
1866 3411 110 35 JAN.
1993 3410 235 37 20.—Rell's
2251 3410 133 37 Wall's
2406 3412 79 41 End
2485 3412 107 41 118;
2622 3415 185 46 Townley
2823 3415 139 38 635.--.

1598 3461 22 35 5
1636 3461 103 45 ships
1754 3467 40 28 at
1814 3459 250 44 market—l*
2087 3459 81 34 sold
2170 3459 70 35 —7
2262 3459 217 34 tailed-92
2497 3459 155 37 loaded.

1835 3542 168 41 PRICE
2033 3542 71 40 OF
2131 3541 201 43 STOCKS
2362 3541 356 44 YESTERDAY.

1598 3609 22 39 3
1641 3618 65 38 per
1726 3607 107 38 Cent.
1847 3608 107 38 Cons.
1974 3606 24 35 6
2052 3605 72 38 —5
2141 3617 65 38 per
2220 3606 111 37 Cent.
2348 3608 111 44 Navy
2477 3606 241 50 IN—lndia
2735 3609 118 35 Stock
2872 3609 92 48 1811

1644 3657 26 38 4
1704 3666 66 37 per
1807 3656 111 38 Cent.
1952 3653 115 37 Cons.
2083 3653 73 48 Slf
2181 3653 98 48 4-3
2311 3666 70 34 per
2407 3656 107 37 Cent.
2543 3656 178 37 (Lanced
2741 3657 229 50 Of—Long

1648 3704 200 40 Annuities
1867 3703 44 39 18
1926 3700 339 54 1-Ift—Orunium
2285 3704 47 44 1*
2348 3704 120 46 skis.—
2483 3703 129 38 Exch.
2628 3704 102 37 Bills
2752 3707 115 40 10,11
2883 3718 85 35 pas.

1604 3819 86 39 •„•
1716 3814 80 38 ma
1822 3823 90 34 very
1933 3815 112 44 great
2080 3814 231 44 importance
2329 3813 48 45 of
2387 3815 58 33 the
2465 3814 244 45 Intelligence
2727 3816 84 34 that
2828 3819 76 32 will
2920 3819 44 33 be

1638 3865 122 51 foam,
1774 3865 43 34 ill
1834 3861 103 37 THE
1959 3860 246 38 NATIOTIEL
2237 3860 228 44 REGISTER
2493 3862 50 46 of
2555 3863 76 33 this
2652 3863 103 45 Day,
2771 3866 33 31 it
2830 3866 31 33 is
2876 3878 67 33 pre-

1645 3912 125 38 sumed
1781 3912 78 34 will
1877 3909 44 35 be
1935 3919 24 25 a
1974 3909 183 46 sufficient
2174 3909 181 46 4pology
2365 3909 71 46 for
2452 3912 61 33 the
2530 3911 176 34 omission
2722 3912 50 46 of
2784 3914 60 32 the
2859 3914 110 34 usual

1646 3960 202 35 Statement
1867 3956 48 48 of
1931 3957 187 44 Markets,
2133 3953 69 48 10.

2497 4010 14 8 s
2523 4003 9 15 I

188 4083 161 43 'fiend
361 4084 77 38 and
459 4081 214 40 Publeast
684 4080 60 40 bit
758 4080 71 38 and
847 4077 65 39 for
925 4078 44 39 I:
990 4078 47 37 B.
1061 4074 143 39 BELL
1217 4077 73 35 and
1306 4078 47 35 J.
1376 4076 76 40 DE
1472 4076 170 44 CAMP,
1668 4078 122 33 at.the
1807 4076 123 39 Office
1944 4076 46 46 of
2011 4078 54 34 Le
2087 4078 103 33 Beau
2207 4078 168 40 Monde;
2401 4089 57 30 or,
2490 4080 175 45 Literary
2683 4081 76 34 and
2789 4082 161 38 Favltion-

398 4134 84 37 asl4
500 4133 178 41 111241114
678 4133 40 41 f.
736 4131 60 39 Na
833 4130 64 41 U.
915 4127 354 43 Gatiscrigreskreet,
1284 4126 165 45 Strand:
1472 4127 76 44 sad
1561 4135 87 40 otoz
1667 4126 50 39 he
1731 4126 73 40 bad
1821 4124 50 40 of
1883 4126 54 39 all
1954 4115 65 48 die
2039 4126 197 41 Newsmen
2254 4128 39 34 is
2314 4127 64 38 'be
2398 4127 137 39 United
2561 4128 208 48 Kingdom.

493 1946 92 43 mya
602 1943 73 34 fine
692 1942 46 41 of
746 1942 99 38 5001.
867 1946 41 32 to
921 1942 61 40 the
1007 1942 116 44 King.

652 1987 402 39 ausallosanseass
1113 1990 7 7 •
1318 1985 7 7 '
1613 1985 86 40 part
1715 1980 45 34 of
1774 1980 59 34 his
1850 1980 70 37 life
1932 1991 39 24 as
1989 1991 27 24 a
2030 1980 194 46 gardener.
2277 1980 94 35 Tbis
2388 1987 86 30 man
2490 1990 79 25 was
2585 1991 24 25 a
2626 1981 128 35 native
2772 1982 43 34 of
2836 1983 129 39 liere-

565 2041 5 4 -

493 2054 301 43 ACCIDENTS
820 2052 433 45 AND7OFFENCES.
1612 2028 198 43 fordshire,
1833 2029 73 33 but
1915 2029 45 34 of
1971 2029 79 35 late
2067 2039 106 34 years
2190 2026 150 38 resided
2354 2033 40 31 at
2413 2027 180 43 Mitehatu
2593 2027 24 43 4
2635 2028 37 35 in
2683 2029 163 45 Surrey.
2900 2031 66 34 He

1610 2078 168 33 retained
1799 2078 57 33 his
1872 2075 172 35 faculties
2060 2081 41 30 to
2119 2078 61 33 the
2197 2078 89 39 last,
2311 2078 72 32 and
2400 2076 102 35 lived
2520 2076 137 45 during
2666 2076 97 35 four
2778 2078 135 45 reigns.

794 2120 187 25 .....youpolftwe
994 2120 5 25 '

1534 2124 6 8 •
1661 2124 145 45 li'viday
1837 2124 202 45 se'unight,
2070 2131 40 31 at
2137 2120 279 48 aeighington,
2458 2122 46 38 111
2504 2122 31 38 r.
2567 2122 167 37 Thomas
2769 2125 196 46 Hodgson,

493 2181 146 26 RMING
667 2180 112 27 FIRE
804 2181 53 27 AT
887 2181 59 26 ST.
961 2169 196 44 JAMES'S'
1175 2176 190 31 PALACE.
1607 2176 93 43 osged
1719 2174 72 35 16;
1813 2171 265 51 wlso,.thetugh
2096 2173 85 47 only
2200 2181 26 26 a
2243 2173 148 41 cobler,
2407 2171 87 38 died
2513 2173 190 47 possessed
2722 2172 44 35 of
2779 2181 188 39 property

493 2237 65 30 two
582 2229 152 38 o'clock
767 2228 72 37 this
867 2225 182 47 morning,
1064 2239 50 34 ,as
1143 2237 26 25 a
1200 2226 175 44 'Working
1402 2235 144 26 woman
1610 2220 120 34 worth
1747 2218 102 39 1001.
1884 2215 231 50 peiannuin.

493 2290 24 33 ly
531 2277 64 35 the
613 2278 128 45 Royal
761 2277 141 35 Palace
914 2282 41 30 at
973 2276 54 35 St.
1054 2272 177 41 James's.
1247 2274 66 35 she
1328 2272 216 47 discovered
1658 2269 150 44 Lately,
1817 2272 41 32 at
1874 2268 152 50 Tinsley
2044 2269 89 37 Toll
2152 2267 97 46 Bac,
2265 2277 91 30 near
2370 2267 250 44 Rotherham,
2637 2272 40 30 at
2695 2268 66 37 the
2772 2269 195 38 advanced

493 2327 54 45 ;ht
563 2327 35 34 in
617 2336 72 25 one
707 2326 44 34 of
772 2327 61 33 the
852 2334 122 40 rooms
1016 2323 124 37 Which
1157 2322 129 37 turned
1303 2328 67 30 out
1388 2327 39 30 to
1444 2322 46 37 be
1507 2321 38 37 in
1592 2314 4 60 •
1605 2319 69 46 age
1690 2316 46 37 of
1749 2317 60 41 MI
1827 2326 126 37 yews,
1974 2315 86 53 Atm
2075 2314 129 50 Addy.
2261 2315 77 38 She
2362 2317 169 47 retained
2550 2317 65 34 her
2629 2319 139 33 mental
2789 2317 180 39 faculties

493 2385 24 25 In
544 2372 46 38 of
617 2374 94 37 Mrs.
746 2372 110 45 Rice,
881 2382 71 28 one
852 2320 137 54 rooms,
1016 2323 124 37 Which

1144 2369 213 45 rriacesses
1381 2365 162 58 droll%
1605 2369 40 34 14)
1663 2363 64 43 thg
1741 2365 38 38 la
1780 2363 38 40 st
1819 2388 17 20 ,
1843 2363 76 44 tsed
1937 2357 180 45 amiable
2130 2370 41 31 to
2183 2363 94 38 read
2290 2363 37 35 itt
2346 2362 70 37 her
2432 2365 122 39 Dithia
2564 2365 115 41 (naafi
2691 2376 86 33 Km
2790 2365 38 39 t)
2844 2365 99 37 wills

493 2432 7 25 s
516 2422 70 34 lets
617 2398 196 64 aloineou'a
813 2398 19 64 l
831 2398 100 64 iter,
946 2419 133 40 'llatites
1094 2417 124 45 isocued
1235 2417 98 40 from
1341 2414 142 44 ..tbe_sy
1487 2426 56 28 us*
1591 2412 78 47 ,Met
1680 2407 85 50 gleei
1765 2407 17 50 ,
1781 2407 69 50 e4..
1886 2409 51 52 Tf
1938 2420 31 39 se
1976 2412 176 50 -4400er-
2161 2409 47 52 0!
2229 2409 66 44 40
2309 2406 361 50 41•<*wkilliemPte
2681 2412 74 39 Or
2769 2411 198 40 advaattd

493 2467 97 38 &inn
608 2479 79 25 was
702 2469 120 46 gives.
875 2466 83 37 The
973 2467 174 35 sentinels
1162 2465 71 41 mad
1244 2463 129 39 Wien
1384 2461 50 39 oa
1447 2463 96 50 duty
1593 2457 5 58 ;
1688 2460 47 34 of
1754 2457 73 39 16Q
1841 2457 131 46 'yeah:

493 2518 198 45 tiogaway
706 2520 86 43 part
811 2515 46 37 of
870 2515 65 37 the
967 2515 198 41 (mimes,
1199 2510 71 40 and
1293 2511 67 40 Ow
1391 2511 151 48 eagiaes

494 2565 45 34 ed
557 2577 11 28 ;
594 2567 65 32 hut
676 2564 94 34 from
791 2564 64 34 the
867 2564 177 35 situation
1063 2561 45 35 of
1123 2561 80 35 that
1215 2564 86 44 part
1316 2558 47 37 of
1381 2558 65 35 the
1473 2569 71 37 pa-
2163 2549 59 63 N

1913 2546 361 65 ONDO
2275 2543 423 70 MAILX.ETS.
2867 2543 4 70 •
2921 2549 31 9 ..

493 2611 97 35 vhich
609 2622 79 26 was
707 2611 34 33 in
754 2611 60 34 the
831 2617 143 39 centre,
991 2610 169 34 betwixt
1176 2608 60 37 the
1252 2606 102 39 dark
1384 2617 157 37 passage

493 2657 104 46 yard,
621 2669 47 25 on
683 2660 65 34 the
762 2663 144 31 eastern
932 2657 77 34 side
1025 2657 46 34 of
1091 2657 65 34 the
1186 2655 187 46 building,
1402 2652 30 39 ii
1463 2666 76 27 was
2181 2634 206 37 M:=ll=
2595 2642 6 7 •
2617 2637 9 8 .

493 2709 60 33 ore
570 2708 64 34 the
647 2705 185 38 exertious
844 2706 47 35 of
904 2706 65 35 the
981 2706 39 37 fit
1030 2715 104 25 emen
1154 2704 141 43 proved
1324 2701 213 37 beneficial.
2023 2685 152 39 CORN
2205 2685 332 39 EXCHANGE.

1650 2738 35 8 ...
2635 2743 22 4 ..
2734 2745 8 1 .
2811 2745 9 1 .

3209 193 2 14 t

3237 454 7 13 ,

3213 844 24 189 It
3236 844 12 189 ,

3219 1100 7 17 ,

3090 4346 263 59 mom
