3354 4406
1087 97 152 57 THE
1272 93 385 59 NATIONAL
1693 90 387 59 REGISTER.

176 94 4 53 •
187 94 70 53 62

464 241 340 50 IMPERIAL
834 242 451 50 PARLIAMENT
1305 274 18 15 .

626 358 180 44 HOUSE
840 359 72 40 OF
941 357 198 46 LORDS.

806 433 161 14 immopmenwp

587 472 209 33 TIVZSDA
808 476 47 35 Y,
869 476 109 30 JAW.
997 467 64 44 ID,
1076 467 104 44 MOS.

250 511 96 46 This
359 511 74 39 dav
451 511 66 39 the
539 513 130 39 Rouse
691 513 48 37 of
767 515 119 37 Lords
909 522 78 31 met
1016 521 178 41 pursuant
1221 520 43 32 to
1296 511 266 53 prorogation.

203 560 113 37 when
334 560 61 37 the
410 550 99 46 Lord
519 561 241 44 Chancellor,
787 563 67 35 the
870 560 247 53 Archbishop
1129 565 43 35 of
1183 563 260 45 Canterbury,
1463 557 100 40 Lord

183 608 201 44 'Camden,
392 609 71 37 and
481 609 60 34 the
561 609 111 38 Duke
684 609 46 37 of
736 611 197 38 Moistrose
948 613 96 35 took
1061 612 99 37 their
1174 617 99 31 seats
1286 611 38 38 its
1341 609 102 37 their
1454 609 111 35 robes

204 666 105 37 upon
338 658 60 37 the
436 658 209 38 Woolsack
671 666 43 30 as
737 657 60 39 his
824 654 198 53 Majesty's
1044 659 327 41 Commissioners;
1396 650 74 44 and
1500 656 65 35 the

207 702 176 50 Speaker
398 705 70 35 and
484 705 69 37 the
572 707 187 34 Members
775 706 47 35 of
835 707 61 35 the
914 707 133 37 Mouse
1063 707 46 37 of
1117 709 197 40 COMMODS
1328 706 112 45 being
1453 704 38 37 in
1506 711 59 30 af.-

206 752 196 45 tendauce,
425 754 65 35 the
517 754 228 39 Chancellor
769 755 193 39 delivered
986 757 66 35 the
1076 755 197 47 followiug
1298 754 143 48 Speech
1465 751 98 39 from

209 800 59 39 his
287 800 164 50 Majesty
463 815 65 24 ;

307 857 40 37 IVI
358 867 27 26 v
409 857 150 39 LIMOS
576 859 96 38 AID
690 857 301 46 GENTLEKEW,

196 904 2 52 •
259 904 74 38 We
351 906 92 37 have
457 906 31 37 it
503 909 40 34 in
561 909 190 35 command
764 907 100 38 from
880 908 54 35 his
952 907 187 48 Majesty,
1153 912 40 33 to
1205 912 98 34 state
1319 912 38 32 to
1371 917 92 38 you,
1480 904 83 38 that

209 953 63 35 bis
288 954 162 47 Majesty
469 952 69 39 ha's
555 956 122 38 called
694 957 78 57 riu
798 957 187 47 together,
1011 958 39 35 in
1069 957 157 45 .perfect
1253 956 210 37 confidence
1480 954 83 37 that

209 1013 78 34 you
312 1013 66 25 are
397 1005 190 45 prepared
606 1004 189 47 cordially
810 1010 44 31 to
880 1011 161 41 support
1061 1004 58 37 his
1131 1004 163 50 Majesty
1310 1004 35 39 in
1362 998 64 39 the
1439 1011 126 38 proses

191 1048 5 51 •
209 1051 139 35 cation'
359 1050 79 35 ars
451 1062 103 33 war,
580 1051 125 39 which
728 1052 110 37 there
861 1054 39 35 is
919 1062 50 28 no
977 1052 24 46 -
1000 1052 94 46 hope
1123 1052 44 35 of
1185 1050 241 45 terminating
1440 1048 122 47 safely

208 1098 74 37 sad
300 1098 253 48 honourably,
579 1106 141 43 except
743 1100 162 48 through
928 1101 178 48 vigorous
1134 1101 72 38 and
1235 1098 237 50 persevering
1496 1108 46 26 ex-

210 1146 142 38 ertiou.

262 1195 71 35 We
350 1205 66 25 are
431 1200 40 31 to
488 1196 178 47 acquaint
683 1207 93 35 you,
802 1196 84 37 that
902 1196 58 38 his
985 1196 169 46 Majesty
1179 1196 69 37 has
1264 1189 164 43 directed
1454 1198 39 32 to
1518 1193 47 35 be

193 1241 98 47 „laid
308 1241 128 40 before
451 1256 97 39 You,
570 1244 204 46 Copies.of
785 1245 66 37 the
865 1245 208 44 Proposals
1085 1246 61 34 for
1161 1244 165 48 opening
1337 1253 26 25 a
1380 1243 164 45 Negocia-

209 1291 98 43 tion,
326 1291 137 38 .which
481 1302 102 26 were
604 1292 236 35 transmitted
857 1299 38 31 to
913 1294 58 34 his
986 1292 164 53 Majesty
1168 1292 99 35 from
1289 1290 178 43 Erfurth;
1493 1289 71 35 and

210 1336 119 38 alba
346 1337 327 48 Correspondence
686 1341 129 35 which
829 1341 211 48 thereupon
1058 1342 92 35 took
1166 1341 112 46 place
1294 1339 93 35 with
1404 1338 66 34 the
1489 1339 51 33 Go-

209 1393 208 31 vernments
431 1387 48 37 of
494 1388 139 38 Russia
650 1388 74 38 and
738 1388 48 35 of
809 1389 165 41 France;
1003 1389 175 46 together
1194 1387 94 37 with
1304 1385 60 37 the
1381 1385 163 38 Declara-

207 1433 83 35 tion
307 1430 117 40 issued
443 1436 52 44 by
509 1435 59 38 his
586 1434 198 50 Majesty's
808 1437 191 37 command
1013 1449 50 22 nn
1076 1439 65 33 the
1156 1434 240 38 termination
1414 1428 46 43 of
1480 1433 81 35 that

211 1481 344 47 Correspondence.

259 1528 74 35 His
352 1530 163 47 Majesty
535 1531 30 35 is
592 1532 223 44 persuaded,
842 1532 81 38 that
954 1544 79 37 you
1065 1532 80 35 will
1172 1531 230 48 participate
1431 1528 39 35 is
1500 1527 64 35 the

207 1576 157 46 feelings
380 1579 122 35 %staid*
519 1576 4 51 .
533 1589 104 26 were
652 1580 206 41 expressed
882 1581 51 44 by
953 1580 59 35 his
1030 1579 195 47 Majesty,.
1239 1579 105 35 when
1363 1578 28 34 it
1409 1589 79 25 was
1506 1587 38 22 re-

206 1625 137 45 quired
359 1626 80 34 that
457 1628 61 33 his
528 1628 163 46 Majesty
704 1628 138 35 should
860 1635 148 28 consent
1020 1635 43 28 to
1076 1637 209 25 commence
1299 1626 64 34 the
1374 1624 189 46 Negocia-

204 1672 98 40 tion,
317 1674 47 45 by
378 1672 239 46 abandoning
633 1676 64 34 the
712 1685 113 26 cause
841 1675 46 37 of
900 1677 133 45 Spain,
1055 1675 123 37 which
1194 1676 45 34 he
1253 1674 73 35 had
1343 1685 39 24 so
1394 1674 165 45 recently

206 1721 73 34 and
298 1722 181 45 solemnly
496 1722 196 46 espoused.

256 1768 72 34 We
343 1779 65 25 are
423 1769 223 35 commanded
646 1769 25 35 ,
679 1778 38 26 to
737 1770 139 35 inform
893 1779 91 38 yois,
1011 1770 85 37 that
1114 1770 54 35 his
1188 1767 165 50 Majesty
1368 1769 191 35 continues

207 1820 39 28 to
261 1817 144 35 receive
419 1817 97 35 from
529 1818 66 35 the
614 1818 161 46 Spanish
796 1821 250 34 Government
1063 1819 64 37 the
1149 1824 185 39 strongest
1348 1827 213 26 assurances

203 1864 47 32 of
263 1863 102 37 their
379 1865 233 37 determined
632 1877 265 34 perseverance
922 1869 35 34 in
989 1869 65 33 the
1078 1876 111 27 cause
1204 1867 45 34 of
1261 1866 63 35 the
1354 1866 211 46 legitimate

206 1910 228 48 Monarchy,
459 1915 74 33 and
549 1913 46 34 of
608 1915 64 34 the
690 1915 185 37 National
894 1915 279 47 Independence
1189 1915 45 35 of
1260 1915 139 45 Spain;
1426 1915 72 33 and
1526 1918 37 28 to

202 1968 130 35 assure
344 1972 92 33 you,
463 1961 83 35 that
562 1972 43 24 so
622 1963 86 44 long
722 1974 41 25 as
780 1967 64 33 the
863 1965 135 45 people
1015 1963 46 35 of
1074 1964 115 45 Spain
1204 1963 99 35 shall
1323 1961 141 38 remain
1480 1967 85 28 true

203 2011 40 30 to
257 2007 234 45 themselves,
521 2010 58 33 his
598 2010 164 47 Majesty
778 2011 83 34 will
880 2011 174 37 continue
1072 2019 39 31 to
1129 2013 102 34 them
1248 2011 58 34 his
1318 2017 91 27 most
1422 2014 122 31 strenu-

206 2065 67 26 ous
283 2057 200 34 assistance
497 2057 76 34 and
591 2065 174 40 support.

254 2104 76 34 His
348 2104 162 47 Majesty
530 2107 67 33 has
613 2106 175 37 renewed
806 2112 39 30 to
861 2107 63 35 the
950 2107 163 46 Spanish
1144 2106 159 41 Nation,
1330 2106 35 34 in
1394 2105 66 40 the
1487 2114 78 25 mos

204 2156 100 33 orient
333 2152 46 34 of
398 2154 45 34 its
463 2151 213 45 dilicultie,s
689 2154 72 34 and
782 2164 177 30 reverses.
985 2156 66 33 the
1078 2159 253 41 engagements
1361 2153 126 35 which
1520 2153 43 33 he

206 2199 235 47 voluntarily
454 2202 222 45 epotraeted
689 2207 41 31 at
745 2203 66 34 the
842 2207 120 31 outset
990 2202 50 37 of
1068 2203 47 34 its
1141 2203 161 44 struggle
1326 2202 146 45 against
1501 2202 63 34 the

204 2249 222 44 usurpation
456 2250 73 34 and
541 2244 125 50 .tyraurt
666 2244 17 50 .
685 2262 22 34 y
728 2250 45 35 of
789 2250 169 43 France;
985 2250 74 38 and
1087 2262 57 24 we
1166 2261 69 25 arc
1259 2248 240 38 commanded
1526 2254 38 30 to

204 2296 181 44 acquaint
398 2307 89 33 you,
506 2297 85 34 that
608 2296 102 37 these
730 2306 261 39 engagements
1007 2298 97 35 have
1120 2300 92 34 been
1230 2297 158 35 reduced
1404 2297 83 34 into
1501 2295 61 35 the

204 2343 97 34 form
319 2343 46 34 of
376 2356 25 22 a
417 2346 144 45 Treaty
579 2342 233 41 orAllience
826 2359 12 28 ;
867 2347 124 35 which
1011 2346 159 46 Treaty,
1194 2357 45 24 so
1257 2356 86 24 soon
1362 2357 40 21 as
1419 2344 65 34 the
1502 2354 39 27 ra-

204 2391 204 35 tifications
425 2393 96 34 shall
543 2394 96 35 have
652 2395 104 35 .been
769 2393 239 50 exchanged,
1037 2394 58 35 his
1113 2393 167 48 Majesty
1299 2394 79 37 will
1390 2404 116 25 cause
1520 2398 40 28 to

208 2438 45 35 be
269 2439 81 34 laid
366 2440 129 35 before
515 2452 117 34 you..

256 2487 73 33 His
351 2487 161 46 Majesty.
522 2490 214 35 commands
763 2502 43 24 us
823 2492 40 39 tp
875 2494 93 31 state
983 2494 41 32 to
1042 2502 92 34 you.
1159 2489 84 38 that
1260 2489 116 38 while
1402 2489 59 37 his
1476 2489 57 34 Ma-

204 2532 99 47 jesty
322 2537 278 44 contemplated
622 2539 91 34 with
743 2539 70 40 the_
839 2539 162 39 liveliest
1017 2539 235 34 satisfaction
1278 2538 65 35 the
1369 2538 193 34 atchieve-
1572 2532 1 48 I

204 2588 117 30 meets
350 2582 44 35 of
418 2584 54 34 his
498 2580 124 40 forces
652 2585 34 35 in
711 2587 66 33 the
808 2593 308 31 commencement
1143 2585 44 34 of
1208 2587 64 34 the
1303 2585 197 45 campaign
1526 2584 37 34 in

209 2631 201 45 Portugal,
433 2631 70 35 and
528 2626 63 43 the
607 2633 237 41 deliverance
862 2631 334 47 otthe‘Kingdom
1219 2634 45 34 of
1278 2634 54 34 his
1350 2633 93 45 Ally
1466 2633 94 33 from

207 2679 63 33 the
291 2691 171 32 presence
478 2680 73 34 and
568 2682 239 45 oppressions
835 2682 46 34 of
906 2683 61 33 the
997 2682 144 37 French
1169 2692 124 34 army,
1323 2682 54 34 his
1396 2680 165 47 Majesty

206 2735 94 26 most
319 2727 135 46 deeply
476 2730 185 46 regeetted
680 2722 63 41 the
762 2725 233 41 citriiiinalion
994 2725 18 41 .
1030 2730 46 35 of
1102 2732 80 33 that
1211 2730 198 45 campaign
1440 2730 52 44 by
1517 2738 46 25 an

196 2776 217 34 'Armistice
428 2776 70 33 awl
522 2774 250 46 Colivention,
800 2776 48 37 of
859 2787 96 25 some
972 2779 46 33 of
1036 2778 65 35 the
1121 2777 163 37 Articles
1300 2777 43 35 of
1358 2776 124 35 which
1507 2776 58 33 his

195 2820 39 48 --
234 2820 139 48 Majesty
396 2825 61 33 has
469 2824 70 35 felt
550 2825 152 37 himself
711 2825 156 46 obliged
883 2825 176 47 formally
1076 2832 38 28 to
1131 2825 150 35 declare
1296 2825 54 34 his
1363 2825 180 45 disappro-

206 2871 145 34 bation.

206 2919 4 52 •
259 2919 70 34 We
345 2930 64 26 are
428 2924 39 31 to
483 2929 161 39 express
659 2926 39 31 to
711 2931 78 35 you
801 2920 59 40 hil
878 2920 198 51 Majesty's
1089 2921 163 37 reliance
1261 2931 46 24 on
1326 2931 96 34 your
1434 2920 110 46 dispo-

204 2968 113 33 si.ion
344 2973 41 30 to
403 2968 132 35 enable
554 2968 57 35 his
632 2969 162 47 Majesty
811 2973 41 31 to
881 2970 175 35 continue
1088 2970 60 34 the
1163 2969 67 34 aid
1256 2968 154 48 afforded
1409 2968 20 48 .
1441 2970 51 43 by
1507 2967 58 34 his

203 3014 21 47 -
224 3014 150 47 Majesty
394 3020 38 28 to
452 3017 63 34 the
536 3017 104 45 King
658 3018 43 33 of
711 3017 174 43 Swedes.
934 3013 103 40 That
1070 3018 180 34 Monarch
1276 3017 145 41 derives
1448 3026 26 25 a
1496 3026 43 35 pe-

202 3064 128 33 culiar
348 3064 110 33 claim
477 3072 40 26 to
539 3065 58 33 his
615 3064 195 47 Majesty's
828 3073 158 40 support
1002 3069 38 33 in
1063 3071 64 31 the
1156 3069 150 41 present
1319 3064 183 46 exigency
1525 3061 45 35 of

208 3112 58 34 his
282 3112 143 41 affairs,
454 3109 94 38 from
569 3107 137 51 having
720 3115 208 34 concurred
943 3113 96 34 with
1068 3113 59 34 his
1153 3111 165 48 Majesty
1338 3112 37 34 in
1393 3112 63 34 the
1474 3120 66 37 pro-

196 3162 141 44 priety
357 3159 41 33 of
420 3159 182 46 rejecting
612 3169 20 35 -
632 3169 64 35 any
724 3163 180 44 proptisal
924 3161 60 37 for
1000 3159 254 47 Negotiation
1279 3165 39 31 to
1343 3159 124 35 which
1496 3158 64 34 the

201 3208 256 37 .Govzrninent
478 3207 176 45 of-Spain
674 3220 74 24 was
764 3214 65 30 not
847 3214 39 31 to
905 3210 46 34 be
965 3209 184 35 admitted
1165 3220 41 25 as
1219 3219 25 25 a
1261 3214 125 40 party.

1547 3256 5 41 •
306 3256 281 37 GY.NTIfEMEN
612 3265 56 26 OF
685 3267 87 26 THE
796 3257 150 35 HOUSE
964 3267 54 26 OF
1041 3257 237 40 COMMONS,
1572 3256 1 41 •

255 3304 74 34 'We
346 3313 65 22 are
429 3304 239 39 commuuded
685 3305 48 44 by
756 3305 57 34 his
835 3304 159 47 Majesty
1011 3311 39 30 to
1063 3304 249 47 inform'you,
1336 3304 81 35 that
1435 3304 46 34 he
1499 3302 66 37 has

203 3339 139 57 .11-e,cte
343 3339 15 57 ,
358 3339 17 57 l
394 3353 60 32 :he
477 3353 193 32 esti:mites
694 3353 44 32 of
751 3352 64 37 the
841 3359 145 30 current
1000 3361 94 38 year
1114 3359 37 28 to
1169 3354 47 33 be
1233 3353 78 33 laid
1330 3350 128 38 before
1470 3361 92 37 you.

364 3394 99 51 jesty
483 3400 112 33 relies
620 3411 98 33 upon
746 3411 100 33 your
873 3403 85 38 zeal
980 3404 74 32 and
1072 3402 176 34 affection
1279 3409 38 27 to
1346 3400 109 35 make
1473 3402 89 33 such

202 3446 151 43 fustier
374 3446 193 46 provision
587 3448 52 34 .of
651 3450 139 44 supply
808 3459 41 24 as
867 3449 63 34 the
957 3449 181 45 vigorous
1165 3449 236 46 prosecution
1430 3449 47 34 of
1500 3450 65 35 the

206 3506 83 27 war
444 3496 131 34 reader
604 3506 219 34 necessary;
859 3497 69 38 and
959 3498 45 33 he
1026 3503 115 28 trusts
1175 3496 83 35 that
1285 3507 76 35 you
1396 3508 87 33 may
1515 3498 48 34 be

201 3534 163 61 carded
385 3549 44 37 to,
449 3544 72 33 ILA
535 3543 67 34 the
621 3554 122 25 means
761 3544 45 33 of
817 3544 200 46 providing
1031 3544 93 35 such
1143 3544 148 46 Supply
1311 3544 162 35 without
1486 3555 86 35 any.

201 3596 118 44 great.
335 3602 46 22 O•i*
411 3591 215 38 ialdiedillte
657 3592 165 35 increase
840 3592 44 34 of
895 3594 61 34 the
971 3594 171 45 existing
1169 3593 175 37 burthens
1374 3604 100 35 upon
1502 3593 57 35 bis

202 3647 72 39 pop
280 3650 22 33 p

249 3683 43 40 If
298 3690 28 31 is
344 3685 156 47 majest.y
521 3686 92 40 feels
630 3689 148 33 assured
798 3689 85 33 that
900 3689 30 33 it
944 3689 83 35 will
1044 3689 48 35 be
1111 3687 131 46 highly
1258 3689 247 46 satisfactory
1524 3694 38 30 to

201 3735 46 47 yo
269 3735 24 47 4
315 3735 204 47 irvessist
520 3735 22 47 s
542 3735 410 47 -iiptuititstanding
971 3737 64 34 the
1055 3748 184 25 measures
1251 3737 162 34 resorted
1443 3742 43 31 to
1508 3738 51 44 by

198 3784 66 34 the
278 3794 64 25 cm-
348 3795 64 34 tay.
423 3783 58 43 f*A
494 3782 13 54 t
507 3782 26 54 r,
541 3795 20 22 e
569 3794 53 35 pu
630 3795 14 22 r
651 3795 86 32 pose
750 3785 43 33 of
802 3785 215 45 d.siroying
1032 3785 64 33 the
1109 3793 206 26 commerce
1326 3785 70 33 and
1414 3793 148 27 resour.

276 3831 115 33 oc.hts
411 3831 72 46 Kipg
483 3831 18 46 ,
501 3831 72 46 loin
573 3831 18 46 g
591 3831 109 46 --44te
718 3833 132 44 public
869 3842 155 25 revenue
1041 3833 66 34 bas
1123 3831 197 37 continued
1337 3831 35 37 in
1387 3843 24 24 a
1428 3843 132 25 course

196 3886 38 31 at
249 3881 188 46 progrei4
521 3891 30 24 at
561 3891 67 34 go
638 3887 154 28 vement.

836 3947 139 32 EstEm,

854 3996 74 35 you
948 3989 85 33 that
1063 3985 64 35 the
1144 3994 165 26 measure
1325 3985 163 46 adopted
1507 3986 51 46 by

867 4031 61 40 for
952 4032 249 44 establishing
1219 4045 27 24 a
1265 4035 111 40 Local
1396 4032 163 46 Militia,

836 4087 25 31 It
867 4082 21 34 h
917 4082 61 35 the
1004 4083 176 45 happiest
1200 4093 156 32 success,
1380 4083 70 34 and
1469 4093 66 35 pro-

830 4131 196 45 manently
1043 4131 196 34 befieficial
1257 4139 38 26 io
1311 4131 61 34 the
1383 4141 171 35 country.

835 4175 81 48 AO
933 4179 214 35 commands
1173 4183 97 30 most
1291 4179 207 46 especially
1518 4185 39 30 to

826 4238 22 35 y
878 4227 190 47 weighing
1097 4226 63 38 the
1186 4228 175 34 immense
1383 4227 172 35 Interests

2676 85 172 54 tAN:
2876 85 92 59 gee

1625 224 129 40 which
1768 233 65 31 are
1847 231 47 32 at
1905 226 110 44 stake
2028 226 39 37 in
2083 223 69 38 the
2170 231 80 28 war
2261 229 90 30 now
2367 219 182 46 carrying
2559 230 65 31 on,
2650 226 74 38 yogi
2743 216 133 41 should
2893 227 89 37 pros

1612 274 102 38 'teed
1731 273 94 38 with
1835 282 48 28 es
1899 273 104 41 little
2015 272 118 48 delay
2148 281 43 26 as
2211 269 162 48 possible
2387 272 43 32 to
2444 267 170 37 consider
2630 265 44 37 of
2683 265 63 35 the
2764 265 201 37 usibst-effet-

1624 322 81 37 tual
1720 332 184 30 measures
1922 322 61 35 for
1995 320 64 37 the
2073 317 281 51 augmentation
2368 315 45 37 of
2422 317 63 34 the
2503 315 150 46 regular
2661 321 125 39 army;
2812 313 39 37 in
2869 311 112 41 wee

1624 369 84 39 that
1726 370 58 38 his
1806 369 167 48 Miijesty
1997 379 86 37 may
2106 369 53 35 be
2172 369 67 33 the
2256 367 124 39 better
2392 364 172 45 enabled,
2591 363 165 35 without
2773 361 208 46 impairing

1622 419 67 38 the
1706 429 124 27 means
1844 416 47 39 of
1902 417 154 38 defence
2069 420 44 33 at
2131 415 126 45 home,
2284 419 38 28 to
2354 411 105 38 avail
2486 409 152 38 himself
2657 409 45 35 of
2724 407 65 37 the
2806 407 174 47 military

1623 476 137 39 power
1774 467 45 39 of
1826 467 60 38 his
1902 465 209 38 dominions
2128 464 39 34 in
2179 463 65 35 the
2259 467 106 40 great
2393 464 143 35 contest
2559 459 39 34 in
2628 457 125 37 which
2786 457 46 35 he
2864 457 32 34 is
2917 467 64 25 en•

1620 516 145 47 gaged;
1789 515 72 37 and
1877 519 43 34 to
1941 513 158 40 conduct
2119 510 85 39 that
2219 511 157 40 contest,
2395 506 116 38 under
2520 506 70 37 the
2603 506 159 46 blessing
2780 504 46 35 of
2842 504 142 37 Divine

1624 563 254 41 Providence,
1902 569 41 30 to
1976 572 24 27 a
2023 560 215 38 conclusion
2265 556 273 46 cempatitable
2568 554 94 37 with
2689 544 64 45 the
2778 547 206 51 honour:of

1624 612 60 40 his.
1704 609 197 52 Majesty's
1928 609 155 41 Crown,
2104 608 76 35 and
2212 605 93 38 with
2335 602 65 38 the
2425 604 171 35 interests
2621 602 46 35 of
2689 602 57 35 his
2774 601 138 44 Allies,
2939 596 48 39 of

1624 661 175 46 Europe,
1819 659 76 39 and
1910 658 47 37 of
1969 657 65 39 the
2050 656 137 38 world.

1670 716 87 38 The
1774 716 130 38 House
1918 713 208 51 adjourned
2156 712 60 35 till
2245 710 73 37 five
2335 707 167 45 o'clock,
2533 707 113 35 when
2663 705 64 37 the
2746 703 229 40 Chancellor

1624 767 165 35 resumed
1807 767 65 34 the
1892 763 207 41 woolsack,
2114 762 74 34 and
2209 759 57 35 his
2283 756 197 48 Majesty's
2502 756 135 47 speech
2654 764 74 26 was
2744 754 112 45 again
2876 754 100 33 read.

1671 814 86 37 The
1778 814 89 37 Earl
1885 811 48 38 of
1950 811 346 38 BRIDGEWATER
2326 816 81 26 rose
2438 810 39 30 to
2504 811 110 27 move
2633 803 61 35 the
2713 802 177 40 Address,
2909 802 67 33 but

1623 862 125 45 spoke
1765 873 38 24 so
1819 860 196 45 inaudibly
2034 856 267 44 that.scarcely
2311 865 24 25 a
2352 860 169 30 sentence
2537 853 111 35 could
2668 853 44 33 be
2731 849 128 34 beard.
2904 849 71 34 His

1625 909 187 46 Lordship
1827 908 204 35 concluded
2049 908 51 43 by
2118 904 152 46 moving
2287 901 64 35 the
2374 901 180 43 Address;
2572 900 125 35 which
2717 909 41 25 as
2776 896 107 38 usual
2906 906 72 26 was

1623 969 51 25 an
1685 956 97 39 echo
1800 957 44 35 of
1853 956 69 37 the
1937 954 150 47 speech.

1674 1003 102 38 Lord
1789 1006 263 34 SBLFFIELD
2068 1000 185 38 seconded
2269 997 66 37 the
2353 996 176 37 Address.

1676 1054 91 35 Earl
1787 1054 63 35 Sr.
1871 1054 209 34 VINcENT
2096 1048 100 45 said,
2216 1046 83 37 that
2314 1045 66 34 the
2399 1044 161 35 Address
2568 1042 85 48 just
2667 1043 90 37 read
2778 1054 77 26 was
2874 1041 104 45 such,

1624 1101 83 35 that
1727 1111 46 25 no
1791 1111 80 25 man
1894 1100 87 35 who
2000 1098 71 37 bad
2087 1108 25 25 a
2130 1096 216 37 veneration
2366 1093 60 34 for
2446 1093 53 33 his
2517 1093 219 45 Sovereign,
2765 1102 45 24 or
2839 1101 24 24 a
2890 1089 87 37 love

1624 1149 61 34 for
1702 1148 57 35 his
1774 1153 175 44 country,
1983 1144 110 39 could
2126 1153 92 27 ever
2244 1146 119 32 assent
2381 1146 54 30 to.
2493 1140 181 34 Whether
2700 1140 46 33 he
2771 1139 94 35 took
2898 1141 79 34 into

1622 1196 276 37 consideration
1932 1196 65 34 the
2024 1204 154 26 manner
2204 1192 35 34 in
2256 1186 5 47 ,
2271 1188 122 37 which
2431 1186 63 37 the
2522 1196 80 25 war
2628 1198 78 24 was
2739 1187 148 35 carried
2931 1200 48 24 on

1625 1246 35 33 in
1677 1245 201 46 Portugal,
1898 1254 45 24 or
1954 1243 66 35 the
2040 1252 83 33 way
2143 1241 37 34 in
2200 1238 122 37 which
2341 1246 70 25 our
2426 1241 128 40 troops
2570 1231 72 38 had
2661 1232 89 37 been
2763 1240 79 28 sent
2859 1235 120 37 there.

1624 1293 227 46 Transports
1870 1302 103 26 were
1998 1290 119 40 hired,
2138 1287 72 35 and
2226 1291 106 40 great
2350 1284 110 34 merit
2478 1293 72 24 was
2571 1290 38 27 to
2634 1284 47 32 be
2702 1281 208 35 attributed
2936 1289 41 30 to

1624 1341 65 34 the
1722 1341 193 45 ingenuity
1931 1341 47 33 of
2019 1337 191 35 Ministers
2229 1336 34 32 in
2291 1332 200 47 providing
2510 1331 104 34 these
2641 1336 221 37 transports.
2916 1330 61 35 lie

1625 1387 144 38 wished
1787 1393 39 30 to
1853 1387 130 39 notice
2000 1385 97 35 their
2114 1385 208 44 important
2349 1380 177 39 services,
2562 1381 27 18 46
2609 1377 103 43 why,
2739 1378 118 44 truly,
2888 1377 92 47 they

1625 1444 102 27 were
1754 1440 39 31 at
1821 1437 77 33 last
1923 1433 201 46 employed
2156 1436 43 28 to
2224 1439 139 32 convey
2394 1427 64 33 the
2489 1426 162 45 rascally
2670 1426 142 33 ruffians
2844 1426 126 35 whom

1623 1485 123 34 Junot
1773 1483 242 35 commanded
2034 1489 37 27 to
2087 1480 85 35 that
2191 1483 86 40 part
2293 1475 44 37 of
2352 1476 146 33 France
2513 1474 128 35 which
2661 1482 73 25 was
2752 1478 148 32 nearest
2915 1474 65 34 the

1624 1532 220 35 boundaries
1864 1531 47 35 of
1936 1531 131 46 Spain.
2120 1530 51 33 So
2190 1528 85 34 that
2288 1525 103 34 these
2408 1522 118 34 devils
2541 1532 69 24 are
2640 1527 40 28 at
2712 1521 73 34 this
2817 1528 163 28 moment

1624 1580 191 45 harassing
1826 1579 65 35 the
1909 1589 87 26 rear
2009 1577 45 37 of
2067 1587 69 24 our
2154 1574 202 41 retreating
2367 1580 124 34 army.
2517 1569 83 35 The
2620 1570 180 45 impolicy
2819 1569 44 34 of
2878 1571 84 33 send-

1625 1628 61 45 ing
1710 1628 139 35 British
1867 1633 136 39 troops
2024 1631 38 28 to
2083 1623 183 47 Portugal
2298 1620 45 34 he
2360 1620 149 43 always
2524 1617 279 46 disapproved;
2831 1618 69 34 but
2916 1619 64 34 the

1624 1677 115 34 result
1755 1675 44 37 of
1811 1676 63 35 the
1892 1682 81 30 star
1993 1674 100 35 there
2108 1672 46 33 he
2178 1681 72 25 was
2268 1664 187 50 disgusted
2472 1667 106 33 with.
2609 1667 45 33 In
2672 1664 90 41 fact,
2780 1665 198 37 continued

1625 1724 56 33 his
1701 1724 200 46 Lordship,
1933 1724 31 33 it
1983 1721 123 37 would
2124 1730 100 25 seem
2239 1730 40 22 as
2300 1717 32 34 if
2362 1714 190 35 Ministers
2571 1714 71 33 had
2662 1720 60 27 uot
2739 1722 96 25 even
2850 1723 25 24 a
2889 1723 67 34 geo-

1622 1773 163 44 graphic
1804 1772 223 45 knowledge
2046 1769 44 35 of
2111 1769 69 34 the
2193 1770 156 39 country
2368 1762 158 43 through
2549 1760 125 35 which
2693 1761 90 44 they
2804 1770 103 25 were
2935 1765 39 31 to

1624 1831 102 35 pass,
1780 1820 72 35 But
1878 1820 103 35 their
2015 1820 198 45 ignorance
2230 1815 46 33 of
2296 1813 84 34 that
2394 1811 143 45 species
2556 1809 44 33 of
2628 1809 241 45 knowledge,
2907 1819 70 24 one

1625 1869 128 35 would
1785 1878 165 37 suppose
1985 1876 77 26 was
2109 1863 165 41 official;
2315 1861 60 33 for
2407 1870 26 24 a
2536 1857 272 35 Heaven-horn
2844 1856 111 35 Minis-

1756 1915 83 46 just
1873 1916 106 35 after
2013 1915 44 37 he
2093 1915 79 33 first
2204 1920 105 25 came
2340 1909 81 34 into
2463 1915 146 38 power,
2650 1905 115 34 asked
2810 1900 170 39 whether

1626 1964 94 37 Port
1757 1967 141 32 Mahon
1942 1974 77 27 was
2059 1963 37 34 in
2128 1961 155 45 Europe
2328 1968 37 25 Of
2413 1961 89 33 not;
2550 1954 83 47 [we
2655 1962 67 25 can
2752 1954 65 33 but
2846 1954 133 44 barely

1620 2024 165 34 suppose
1819 2013 84 35 that
1948 2013 57 32 his
2036 2008 188 45 Lordship
2268 2009 122 31 meant
2419 2002 66 35 the
2511 2003 78 34 late
2622 2001 76 37 Mr:
2737 1998 123 46 Pitt],
2908 2001 69 33 and

1624 2061 65 34 the
1724 2072 148 35 persons
1905 2066 45 31 at
1985 2062 148 43 present
2170 2056 40 34 in
2250 2061 133 43 power
2426 2050 219 35 manifested
2670 2048 81 45 just
2784 2048 66 35 the
2880 2059 98 24 same

1624 2109 99 34 local
1759 2109 215 44 ignorance,
2011 2106 105 35 whets
2144 2104 90 47 they
2250 2108 78 28 sent
2367 2109 47 26 an
2439 2109 107 33 army
2568 2104 39 28 to
2637 2101 163 30 traverse
2831 2107 25 22 a
2890 2096 89 33 wild

1623 2159 71 33 and
1728 2158 257 44 inhospitable
2014 2159 175 41 country,
2217 2156 41 31 at
2289 2150 63 35 the
2383 2153 92 39 very
2505 2150 311 32 commencement
2843 2145 46 34 of
2917 2145 64 33 the

1624 2206 110 44 rainy
1748 2215 143 31 season,
1911 2212 39 27 to
1972 2203 112 35 drink
2102 2207 84 28 new
2207 2198 129 39 wines,
2354 2197 72 34 and
2451 2203 40 27 to
2518 2194 45 33 he
2581 2193 280 34 overwhelmed
2882 2193 98 33 with

1623 2254 144 34 disease
1782 2263 40 25 as
1840 2254 87 34 well
1946 2263 41 22 as
2006 2248 156 47 fatigue.
2217 2246 50 34 So
2283 2245 103 34 little
2401 2242 210 37 confidence
2641 2241 63 34 did
2732 2241 46 33 he
2806 2239 111 48 place
2943 2241 37 32 in

1624 2301 104 35 these
1757 2311 94 33 men,
1872 2301 83 34 that
1975 2300 47 34 he
2041 2309 73 22 was
2131 2293 50 39 of
2192 2295 64 35 the
2271 2291 155 37 decided
2446 2290 174 46 opinion,
2644 2288 79 34 that
2748 2288 120 34 unless
2887 2285 90 46 they

1625 2359 100 25 were
1742 2349 189 40 removed,
1950 2348 64 34 the
2029 2350 158 38 country
2206 2334 109 56 41,031
2333 2334 19 56 d
2369 2334 37 56 be
2433 2339 84 34 lost.
2569 2337 85 35 The
2681 2336 234 35 Convention
2940 2334 45 38 of

1625 2396 135 40 eintra
1774 2396 111 35 could
1904 2402 64 31 not
1987 2396 48 34 be
2066 2391 230 44 considered,
2328 2386 165 39 without
2524 2385 139 44 feeling
2692 2383 217 35 sentiments
2935 2378 46 39 of

1619 2445 141 41 alarm,
1789 2456 41 26 as
1850 2444 89 35 well
1956 2456 40 22 as
2024 2439 250 48 indignation.
2324 2435 128 37 There
2480 2444 79 25 was
2585 2444 26 25 a
2641 2431 91 38 time
2764 2430 111 38 when
2891 2432 89 34 such

1619 2492 281 46 old-fashioned
1920 2491 126 35 words
2060 2499 43 26 as
2126 2490 31 18 ••
2178 2486 111 41 Sink,
2304 2486 110 41 burn,
2426 2483 72 34 and
2732 2489 102 26 were
2850 2480 110 33 under-

1622 2541 106 35 stood
1746 2541 72 35 and
1834 2539 220 40 exercised;
2075 2533 72 39 but
2167 2545 86 25 now
2274 2544 58 25 we
2348 2543 67 25 are
2433 2537 40 28 to
2504 2529 196 45 negociate
2726 2532 40 30 to
2797 2528 47 34 be
2872 2528 106 44 ships

1624 2588 196 46 husbands,
1839 2588 72 40 and
1933 2597 56 28 we
2008 2585 90 35 take
2117 2582 207 50 possession
2341 2581 50 45 by
2412 2580 159 44 bargain
2589 2576 74 35 and
2681 2576 143 43 barter,
2838 2575 142 34 instead

1623 2636 44 34 of
1678 2637 52 45 by
1752 2637 150 43 insoles,
1920 2636 47 45 by
1985 2634 178 44 bravery,
2180 2631 72 34 and
2271 2631 50 44 by
2341 2628 123 38 balls;
2494 2636 57 24 we
2564 2634 69 25 are
2655 2630 38 35 to
2712 2623 87 35 hold
2822 2624 38 32 in
2876 2623 104 43 ships

1624 2691 97 28 trust
1739 2685 50 45 by
1802 2689 185 34 contract,
2000 2681 71 35 and
2087 2685 65 31 not
2172 2679 38 34 in
2224 2678 98 45 right
2336 2678 53 41 by
2408 2668 209 51 conqoest-
2617 2668 24 51 -
2642 2672 11 43 (
2661 2665 90 43 Hear
2751 2665 22 43 s
2773 2665 22 43 !
2815 2670 107 34 Hear
2936 2670 44 43 1)

1629 2731 210 37 Whenever
1871 2731 47 35 he
1950 2730 113 35 heard
2094 2727 50 34 of
2171 2724 180 38 Councils
2379 2722 46 34 of
2446 2721 93 35 War
2564 2721 115 44 being
2694 2717 137 44 celled,
2859 2717 46 35 he
2923 2717 39 34 al-

1626 2790 106 37 ways
1748 2779 217 35 considered
1991 2777 97 34 them
2106 2786 43 22 as
2165 2773 133 35 cloaks
2314 2771 61 37 for
2391 2767 228 38 cowardice.
2672 2769 50 33 At
2734 2765 175 37 Vimiera
2923 2773 57 26 we

1623 2828 136 45 gained
1776 2838 24 24 a
1817 2828 167 45 victory,
1998 2823 71 37 and
2088 2823 37 35 in
2152 2822 66 34 the
2235 2825 158 30 moment
2409 2816 86 38 that
2510 2826 69 26 our
2590 2815 157 35 soldiers
2759 2824 66 24 are
2838 2813 143 34 flushed

1629 2876 92 35 with
1740 2878 195 44 conquest,
1963 2878 170 30 recourse
2163 2869 33 37 is
2225 2868 71 37 had
2315 2875 39 27 to
2369 2878 25 25 a
2409 2863 155 40 Council
2582 2856 58 47 of.
2652 2862 119 40 War;
2799 2861 98 44 that,
2934 2861 46 34 be

1626 2923 209 46 presumed,
1853 2911 113 46 could
1985 2920 85 45 only
2092 2919 99 34 have
2205 2916 96 38 beery
2314 2922 214 35 necessary,
2543 2921 45 30 or
2602 2907 130 38 indeed
2748 2910 230 47 apologised

1624 2970 74 46 for,
1715 2972 38 34 in
1767 2970 64 35 the
1840 2974 165 31 moment
2022 2968 45 34 of
2072 2966 142 37 defeat.
2241 2963 83 35 The
2337 2973 102 25 same
2456 2960 155 46 opinion
2628 2950 46 43 he
2691 2957 231 34 entertained
2941 2956 45 34 of

1625 3022 64 34 the
1709 3017 274 50 Enquiry,—it
2000 3025 76 26 was
2087 3025 25 25 a
2124 3012 126 40 shield
2263 3018 41 28 to
2322 3011 104 35 ward
2439 3008 56 34 off
2506 3005 262 47 investigation
2784 3001 99 38 from
2903 3006 53 33 Mi-

1624 3070 135 35 nisters
1773 3066 244 40 themselves;
2034 3065 67 35 but
2115 3061 46 37 he
2178 3059 139 37 trusted
2330 3058 84 37 that
2430 3056 98 38 their
2545 3053 207 46 Lordships
2772 3052 125 37 would
2916 3057 65 31 not

1625 3118 45 35 be
1690 3115 203 48 prevented
1905 3113 99 35 from
2016 3110 152 46 making
2183 3118 26 25 a
2220 3107 224 45 sertipuleas
2456 3102 263 46 investigation
2730 3100 45 35 of
2784 3099 28 35 it
2831 3100 35 33 in
2883 3099 99 38 their

1624 3172 89 33 own
1730 3167 102 44 way.
1885 3162 65 35 He
1969 3161 106 35 knew
2093 3159 66 33 the
2184 3156 200 37 character
2407 3152 51 35 of
2478 3151 61 34 the
2569 3150 229 43 Portuguese
2815 3146 165 35 exceed.

1625 3213 104 46 ingly
1747 3211 111 41 well;
1884 3210 110 45 they,
2017 3206 207 46 excepting
2249 3206 65 33 the
2336 3198 143 50 city.of
2503 3198 152 40 Lisbon,
2675 3206 99 27 were
2789 3206 41 26 as
2856 3196 120 34 brava

1625 3261 142 47 people
1796 3269 43 37 as
1863 3269 78 34 any
1969 3265 103 39 upon
2087 3256 65 34 the
2165 3252 216 43 Continent,
2394 3249 91 41 and,
2505 3244 175 39 officered
2700 3244 92 37 with
2825 3243 146 40 British

1624 3308 176 41 soldiers,
1825 3304 131 39 would
1977 3304 96 37 have
2100 3299 196 51 presented
2327 3309 48 26 an
2401 3294 209 41 undaunted
2639 3283 100 46 front
2756 3296 40 33 to
2817 3291 142 37 French
2959 3291 24 37 .

1624 3369 98 26 men.
1799 3356 79 46 Vhy
1899 3364 79 26 was
2008 3350 65 38 not
2099 3351 85 35 that
2199 3347 207 47 expedient
2440 3344 110 37 made
2574 3351 66 26 use
2673 3339 67 37 of?
2791 3340 191 35 Ministers

1624 3405 118 46 ought
1767 3409 39 31 to
1825 3404 94 34 have
1941 3403 137 34 known
2095 3399 105 34 their
2218 3396 125 38 value,
2367 3394 72 44 and
2458 3392 38 35 if
2507 3392 87 46 they
2617 3385 66 40 did
2699 3393 79 35 not,
2794 3387 104 35 their
2924 3387 38 45 ig-

1625 3463 164 26 norance
1819 3461 77 25 was
1931 3446 259 39 inexcusable.
2243 3444 45 35 If
2314 3443 83 35 that
2421 3442 129 35 House
2577 3429 66 45 did
2679 3437 47 34 its
2750 3437 113 45 duty,
2889 3433 92 47 they

1625 3501 128 37 would
1773 3497 257 47 immediately
2050 3493 162 50 proceed
2230 3498 40 30 to
2300 3493 66 33 the
2380 3490 85 35 foot
2483 3488 44 35 of
2538 3487 66 35 the
2621 3484 145 43 throat,
2781 3484 72 34 and
2874 3483 109 35 there

1624 3550 65 34 tell
1709 3550 67 33 the
1794 3542 207 50 Sovereign
2034 3539 61 40 the
2127 3541 91 37 hold
2250 3540 118 43 truth,
2389 3539 85 37 that
2494 3536 34 34 if
2550 3536 47 34 he
2611 3534 91 35 does
2728 3539 66 30 not
2824 3541 156 26 remove

1624 3598 103 34 them
1748 3596 52 35 he
1828 3595 80 37 will
1941 3595 79 34 lose
2053 3592 61 35 the
2131 3594 176 41 country.
2357 3587 126 35 These
2500 3594 100 28 were
2619 3582 64 34 the
2700 3581 211 35 sentiments
2940 3578 46 38 of

1624 3645 58 37 his
1713 3645 133 41 heart;
1885 3644 48 35 he
1963 3641 120 47 spoke
2109 3639 104 37 them
2239 3647 43 25 as
2300 3647 24 24 a
2337 3635 145 35 solemn
2498 3633 109 44 duty,
2637 3630 124 37 which
2793 3630 48 33 he
2867 3627 116 35 found

1624 3692 154 37 himself
1805 3690 124 39 bound
1957 3696 41 31 to
2031 3697 169 37 express.
2256 3685 38 35 It
2322 3693 79 25 wits
2431 3679 191 50 probably
2641 3678 65 35 the
2734 3677 71 35 last
2824 3676 94 35 time
2935 3674 48 37 be

1626 3741 132 37 would
1773 3741 148 34 trouble
1933 3738 102 34 their
2050 3736 208 46 Lordships
2274 3742 47 27 on
2334 3732 64 34 the
2413 3729 161 48 suttject,
2583 3728 73 37 and
2675 3724 96 37 with
2789 3724 100 41 that,
2900 3724 83 35 said

1623 3791 63 33 the
1717 3789 125 35 Noble
1870 3785 191 43 Admiral,
2093 3783 20 35 I
2146 3784 97 34 wish
2258 3789 97 40 your
2374 3775 206 47 Lordships
2604 3774 99 50 good
2730 3771 256 47 night.—(At

1623 3837 103 34 these
1755 3837 71 33 last
1846 3836 124 34 words
1998 3835 63 34 the
2087 3831 130 38 Noble
2249 3829 92 37 Earl
2372 3826 178 46 instantly
2577 3822 152 41 walked
2759 3826 66 32 out
2850 3820 46 37 of
2916 3820 66 35 the

1625 3883 162 46 House).

1670 3934 102 37 Lord
1791 3933 237 35 SIDMOUTM
2061 3927 182 37 adverted
2274 3931 41 31 to
2341 3924 67 37 the
2437 3922 141 38 silence
2608 3917 128 39 which
2752 3917 65 38 the
2831 3914 149 47 Speech

1619 3981 182 38 observed
1822 3980 91 35 with
1930 3973 162 51 'respect
2118 3983 41 31 to
2185 3976 191 35 America.
2427 3971 123 37 Their
2564 3967 208 46 Lordships
2791 3976 100 26 were
2904 3963 79 37 calA

1620 4030 57 39 led
1697 4041 107 34 upon
1819 4035 35 28 to
1872 4037 117 35 agree
2006 4033 38 28 to
2061 4036 46 25 an
2126 4024 178 40 Address,
2329 4020 219 47 approving
2569 4018 45 35 of
2626 4028 25 24 a
2669 4022 122 38 treaty
2811 4028 8 20 :
2848 4015 72 34 but
2937 4012 45 34 be

1617 4077 129 47 hoped
1767 4077 80 38 that
1877 4074 157 45 nothing
2048 4085 41 25 so
2117 4072 240 37 inconsistent
2393 4069 124 34 would
2550 4068 45 33 be
2615 4064 169 45 imposed
2802 4072 103 35 upon
2914 4061 69 34 the

1622 4126 146 41 House,
1804 4126 105 34 there
1946 4133 78 25 was
2054 4130 46 27 no
2133 4126 128 40 treaty
2294 4119 93 35 with
2417 4116 118 47 Spain
2567 4113 133 37 before
2726 4111 115 37 them.
2900 4109 87 35 The

1618 4181 84 28 turn
1735 4173 124 37 which
1885 4172 66 37 the
1974 4180 79 25 war
2081 4169 96 37 took
2205 4169 38 34 in
2276 4166 178 45 Portugal
2490 4161 193 50 produced
2694 4159 152 47 general
2865 4157 98 35 dissa-

1619 4222 210 45 tisfaction,
1853 4219 72 39 and
1943 4218 150 38 ahcwed
2112 4218 86 37 that
2216 4215 66 38 the
2297 4214 142 48 people
2454 4220 115 28 nem
2596 4209 126 38 would
2739 4209 110 46 place
2869 4205 117 38 coati.

346 3946 26 26 y
677 3938 167 37 43ENTLI

652 3984 183 58 o‘infrin

549 4032 33 30 r,
762 4035 7 7 ••
831 4032 5 30 •

728 4045 113 28 tSIOII,

439 4072 17 63 ,
456 4072 18 63 4
474 4072 18 63 1
622 4087 93 32 07-4,
750 4085 6 18 I
781 4072 2 63 s

789 4085 52 32 ici

433 4175 76 32 'erw'e
509 4175 13 32 s
522 4175 13 32 .
559 4187 12 12 .•
709 4163 12 20 \

522 4207 8 38 11
530 4207 5 48 1
535 4207 5 48 1
540 4207 5 48 .
725 4207 25 48 '41
750 4207 8 48 .
758 4207 8 48 7

222 4261 6 7 ,
260 4239 5 33 •
324 4246 35 20 •s,
599 4252 6 14 -
605 4252 7 14 7
612 4252 7 14 .
638 4246 8 13 •
665 4244 14 27 2
828 4239 15 33 y

201 4261 37 39 v•-•
265 4261 81 48 :.,./to
399 4261 5 53 •
450 4269 6 12 '
604 4287 11 7 -
631 4272 27 43 ‘..
729 4274 27 30 &

241 4315 7 19 ;

622 4331 40 27 •1110

3235 2550 5 37 I

3234 2715 57 31 !+d

3247 3217 7 19 0
