3354 4406
1208 93 143 60 THE
1384 97 367 59 NATIONAt
1786 97 372 64 titnisTETl;

319 90 181 58 .:TAN;

376 224 161 37 Geaeial
561 226 220 38 Franceschi
808 234 206 34 overthrew
1038 235 97 34 them
1157 235 91 35 Witt
1280 246 24 25 a
1328 239 107 41 single
1465 241 181 43 charge—

327 270 122 38 killed
477 283 110 37 many
602 286 11 28 ;
641 276 85 45 they
754 278 70 34 lost
839 289 69 25 one
926 281 168 44 Coloneli
1117 283 22 34 Y
1165 283 411 46 Lieatenatit.Colonels,
1599 283 47 38 50

307 332 6 5 •
328 321 155 34 Officers
495 322 71 33 and
587 322 92 35 1500
691 331 94 30 men.

377 381 59 35 On
455 381 63 35 the
527 385 97 43 31st,
641 381 164 39 Marshal
821 381 99 40 Soull
939 376 146 48 bntereA
1106 389 110 38 Leon;

381 443 168 39 Marshal
572 442 198 45 Bessieres,
802 449 89 35 with
904 450 72 35 900
990 446 168 52 cavalry,
1183 452 30 34 is
1233 454 170 45 parsuing
1414 448 64 43 the
1496 450 146 48 English

465 485 97 41 hive
588 494 112 37 taken
717 497 73 34 200
808 506 165 37 waggons
998 498 43 34 of
1067 498 158 51 baggage
1256 498 66 37 left
1349 511 44 24 on
1419 503 65 34 the
1501 503 87 34 road
1606 502 38 35 td

333 535 413 52 Astorga--:-Itoinana's
775 547 154 33 remains
958 547 94 34 have
1072 549 144 34 thrown
1243 543 209 40 tlieinbelves
1483 552 74 32 into
1577 552 45 33 As-

331 592 123 41 torga.

380 648 158 37 General
557 652 52 35 St.
633 651 80 44 Cyr
735 648 65 39 has
819 635 129 64 joined
967 654 152 35 General
1135 654 182 40 .Dtihesm.
1364 656 97 38 That
1479 656 167 46 junction

331 694 66 38 has
413 698 118 35 raised
549 700 57 33 his
622 710 105 37 army
750 707 39 28 to
813 702 146 41 40,000.
1012 705 80 32 The
1113 703 97 45 King
1226 706 44 32 of
1285 707 20 32 S
1414 707 8 25 I
1311 715 83 34 pa.ii
1414 707 64 32 bas
1496 715 89 34 gone
1607 715 35 25 to

332 732 207 65 Aranjuez,
565 748 37 37 in
630 749 107 33 order
755 744 40 39 to
814 750 133 35 retie*
969 750 61 35 the
1049 752 210 45 tirstcorpsi
1276 754 231 34 commanded
1524 755 45 44 by
1589 755 58 32 the

335 793 112 35 Duke
464 794 46 35 of
526 795 174 37 Belluno.

2944 85 60 70 gt

1707 249 86 24 must
1806 252 163 32 exercise
1991 253 43 26 uo
2049 244 180 43 temporal
2245 252 40 26 or
2301 235 422 52 corpor,iljurisdictiuti
2740 248 87 22 uver
2845 247 60 24 cue
2922 239 84 33 cal-

1707 298 97 24 MTS.

1807 360 15 34 I
1845 361 89 33 hare
1946 356 270 53 accontpli§heil
2229 363 94 34 what
2341 361 20 37 I
2381 361 105 34 owed
2502 367 34 27 to
2554 359 137 45 Myself
2701 358 67 34 and
2787 363 59 39 ray
2863 358 144 34 nation.

1708 406 208 45 Vengilince
1933 410 61 33 has
2013 412 65 32 but
2096 415 46 30 its
2157 411 109 33 due.-
2295 411 31 33 It
2343 412 65 31 has
2424 410 107 32 fittleo
2546 419 97 31 upon
2663 415 54 26 t;11
2739 406 40 32 of
2789 403 64 35 the
2872 417 35 30 pi
2920 407 67 32 awl-

1706 455 59 44 pal
1783 456 151 44 culprits
1952 469 12 28 ;
2046 459 58 33 the
2119 459 70 33 rest
2207 458 89 34 have
2311 459 117 32 entire
2444 458 67 32 and
2529 454 168 34 absolute
2712 450 240 61 corglziwitttl.

1809 526 14 37 I
1859 528 93 35 have
1975 514 188 51 abolished
2191 524 98 40 thUse
2329 528 214 50 ptivilegeS.
2568 522 126 40 which
2730 522 57 39 toe
2823 526 189 39 gr.tildoes

1706 570 152 50 usurped
1876 573 129 48 during
2021 578 99 34 tithei
2132 576 45 37 of
2186 573 86 39 civil
2293 583 91 34 war,
2411 578 103 33 when
2667 565 64 44 but
2747 583 60 35 tau
2825 570 190 46 frequente

1707 621 32 34 I.
1762 634 60 21 are
1838 625 226 33 neee,,sitated
2081 633 38 25 to
2135 620 182 40 surrender
2331 624 96 33 their
2439 624 128 44 rigiits,
2580 631 224 38 tu,p4twuttse
2836 630 43 33 Oc•
2885 631 93 24 tru%

1710 671 243 45 tranquillity,
1980 670 65 35 and
2074 674 79 32 that
2180 664 18 52 o
2217 664 18 52 1
2254 664 91 52 their
2365 671 145 44 people.
2730 669 195 34 aboltsite4
2952 667 63 32 the

1711 715 117 37 fetidal
1848 719 129 40 rig-tt.-,
2000 719 65 33 and
2085 711 208 43 hetteettirili
2310 715 107 45 every
2435 728 66 24 one
2523 718 115 45 tnai,s
2640 724 45 40 et,
2704 725 47 34 up
2769 717 92 41 jugs*
2885 722 126 31 oven.,

1843 767 146 43 cinploy
2022 764 145 35 himself
2194 765 32 33 in
2252 759 124 47 ftshibg
2393 762 70 37 *arid
2490 759 118 39 ittlibit
2828 762 71 41 and
2930 761 85 41 give

1710 811 71 32 flee
1794 824 106 32 ,cope
1919 821 34 24 to
1976 813 50 32 his.
2046 814 176 43 industry,
2249 813 174 45 provided
2444 813 44 32 he
2504 821 24 24 f.
2542 816 120 73 spdlretv
2689 811 59 33 the
2763 809 136 44 lava.
2919 808 20 31 d
2961 817 37 21 re-

1731 859 155 33 til..ttion.;
1905 860 41 32 of
1961 860 59 33 the
2039 861 132 43 police.
2222 853 300 45 Theselffihnesii
2546 846 224 59 tketli,4tid
2771 846 20 59 .
2791 846 226 59 pitiioerity

1710 905 41 33 of
1766 919 21 20 a
1800 905 100 34 sntall
1920 904 145 37 ttitittlfei
2098 906 43 33 of
2165 906 229 41 indivithinl4,
2422 909 96 28 Were
2539 902 112 34 'snore
2670 896 176 52 injurious
2865 909 40 26 to
2926 909 93 35 )use

1710 953 217 43 :Igrietilture
1941 953 85 34 th,in
2039 954 58 33 the
2117 954 85 34 /teat
2219 953 40 34 of
2272 954 59 32 the
2347 952 198 45 dog-da3s..

1817 1024 46 33 As
1879 1015 102 43 tht4e
1995 1024 27 33 is
2037 1023 64 35 but
2126 1033 69 25 one
2211 1023 94 40 (kid,
2328 1030 41 25 so
2399 1020 129 34 should
2546 1015 103 39 tliere
2666 1018 45 35 be
2730 1018 33 33 ih
2778 1020 12 32 -
2790 1020 25 32 it
2841 1020 100 31 state
2954 999 66 52 but

1711 1081 66 24 one
1789 1068 157 48 judicial
1959 1081 136 34 power.
2139 1071 63 34 All
2218 1070 163 45 peculiar
2385 1068 255 45 jurlsdietiotts
2662 1067 340 44 uekrestssurpationi
3002 1067 20 44 ,

1711 1119 69 33 and
1795 1126 40 26 at
1852 1115 168 37 variance
2040 1128 26 24 w
2078 1119 52 33 ith
2148 1119 61 33 the
2228 1117 111 44 rights
2359 1116 45 34 of
2417 1119 60 30 the
2502 1111 191 37 uation—l
2718 1114 91 31 have
2824 1111 197 35 itch/Wilted

1715 1167 109 32 them.
2320 1170 6 4 .

2472 1178 4 28 •
2639 1178 22 28 I.
2661 1178 12 28 i

1817 1228 13 31 I
1850 1226 94 33 have
1957 1225 76 34 Mao
2048 1225 102 34 made
2169 1224 130 34 known
2319 1221 41 34 tti
2373 1231 111 33 every
2500 1221 66 34 title
2587 1207 111 46 *line
2708 1219 45 33 he
2771 1217 84 44 rimy
2878 1218 92 32 have
2983 1221 20 30 t
3004 1221 20 30 o

1716 1271 92 44 fear,
1833 1274 67 32 aud
1922 1284 25 22 w
1961 1273 60 32 hat
2052 1272 40 33 tie
2111 1277 79 32 may
2215 1273 85 31 haste
2320 1269 38 34 tii
2378 1269 110 44 hope.
2546 1269 11 33 I
2580 1266 97 43 stlall
2696 1266 111 41 evpel
2831 1267 63 31 tae
2929 1264 58 39 En
2988 1266 34 43 4-

1714 1320 70 33 fish
1813 1324 103 39 army
1946 1320 92 33 frinn
2067 1320 60 33 the
2157 1316 203 38 Peninsula.
2415 1317 150 41 Sartigos
2565 1317 19 41 ,
2584 1317 38 41 n,
2635 1309 4 54 •
2650 1311 194 35 Valencia,
2874 1309 154 41 Sevill?6,

1734 1367 70 33 hall
1831 1368 45 32 be
1906 1368 148 33 redtleed
2085 1372 38 27 to
2156 1365 222 40 stitebisqon,
2414 1363 117 32 either
2563 1362 48 44 by
2641 1359 226 46 pertuasiori
2893 1368 46 25 or
2968 1351 61 41 Vie

1719 1417 126 41 power
1861 1414 44 33 of
1918 1420 57 32 My
1993 1423 104 24 arms.
2134 1403 1 56 •
2151 1413 122 33 There
2300 1413 27 31 Is
2343 1420 45 22 no
2406 1410 161 33 obstacle
2593 1407 123 35 Willett
2730 1415 66 25 can
2820 1406 89 46 lung
2926 1403 106 38 resist

1719 1462 59 33 the
1795 1461 191 35 execution
2003 1460 41 35 at'
2057 1470 54 32 my
2134 1459 227 35 resolutions.

2536 1500 28 22 :_
2564 1500 14 22 ,
2578 1500 14 22 T
2593 1500 14 22 •
2607 1500 28 22 AI
2717 1496 9 24 -
2726 1496 20 24 1?
2836 1496 5 26 •

1824 1528 70 43 BLit
1915 1530 96 38 What
2042 1525 201 43 tran:xends
2267 1543 54 32 my
2347 1540 122 35 powci
2492 1530 26 32 is
2535 1525 417 37 thit—to..consolidnte
2968 1525 61 35 the

1723 1570 195 58 Spaiiiartif.z
1939 1592 39 22 as
2006 1591 65 24 one
2087 1580 141 39 nation,
2255 1580 110 32 und,l-
2399 1579 59 31 the
2480 1583 97 37 sway
2606 1574 44 34 df
2675 1570 50 38 the
2725 1570 18 38 .
2760 1574 115 40 King,
2900 1572 133 35 should

1724 1631 81 41 they
1827 1624 165 38 cuntintie
2011 1633 35 28 to
2081 1628 41 33 be
2144 1626 154 33 infected
2331 1625 91 33 with
2454 1624 94 32 these
2581 1623 197 43 principles
2796 1620 44 33 of
2862 1616 171 38 aversion

1721 1676 67 35 and
1807 1676 126 33 hatred
1954 1682 37 26 to
2013 1676 151 38 Franco.-,
2196 1672 115 33 which
2348 1664 60 41 the
2437 1671 178 41 partisans
2640 1668 44 33 of
2712 1670 58 31 the
2790 1667 154 45 English
2960 1667 74 33 nod

1726 1726 58 32 the
1804 1723 156 33 eneiniei
1987 1722 43 34 of
2049 1721 61 33 the
2128 1721 191 33 Contiuent
2352 1719 92 33 have
2472 1717 137 35 ieused
2644 1716 76 33 into
2751 1716 60 35 the
2836 1717 129 30 huatint
2993 1719 38 28 of

1726 1770 123 45 Spain.
1904 1770 15 32 I
1938 1780 64 24 can
2019 1765 174 38 establiili
2207 1778 43 22 no
2269 1765 141 39 patio°,
2435 1776 45 21 iio
2502 1763 112 41 King,
2639 1772 46 24 no
2700 1761 270 45 independence
2995 1760 45 33 of

1726 1818 60 33 the
1805 1817 210 44 Spaniards,
2042 1815 32 33 if
2096 1811 61 38 the
2180 1805 96 53 king
2304 1814 44 33 be
2365 1820 65 28 not
2454 1809 143 34 assured
2626 1808 43 34 of
2695 1809 91 33 their
2805 1807 230 35 attachMent

1726 1865 67 37 and
1811 1865 161 43 fidelity.
2593 1865 5 43 .

1828 1933 79 33 The
1924 1933 185 33 Bourbons
2127 1930 67 34 can
2220 1941 44 22 no
2280 1930 126 40 longer
2435 1926 98 40 reign
2551 1928 34 32 in
2611 1924 162 45 Etirope:
2822 1919 86 40 THe
2939 1922 99 41 410-

1716 1983 104 33 .sions
1846 1981 34 33 in
1899 1981 60 32 the
1982 1980 115 44 [Loyal
2122 1977 144 43 Family
2285 1984 92 24 were
2398 1974 188 34 contrived
2619 1974 46 32 by
2700 1974 59 31 the
2780 1965 189 48 English...
3001 1969 40 37 It

1731 2040 72 25 was
1819 2035 59 26 not
1898 2030 61 30 the
1976 2027 273 33 dethronement
2278 2023 41 33 of
2347 2022 102 44 King
2469 2021 169 40 Charles;
2652 2019 69 34 and
2759 2019 59 33 the
2849 2011 190 41 favourite

1730 2078 85 40 (the
1835 2075 129 35 Priem
1981 2073 40 33 of
2035 2072 151 40 Vence),
2204 2072 76 32 that
2298 2070 60 32 the
2379 2069 112 34 Duke
2507 2068 40 33 df
2798 2065 84 47 that
2897 2065 80 39 tool
2996 2065 50 44 4if

1737 2122 172 45 England,
1928 2132 39 22 as
1983 2121 28 32 is
2030 2119 135 44 proved
2185 2120 45 41 by
2249 2118 59 32 the
2328 2121 136 38 papers
2481 2102 246 46 fottnd.iiilits
2727 2102 18 46 .
2764 2108 126 41 Wise,
2911 2109 66 34 hid
2998 2102 34 41 tit-

1734 2171 107 33 view.
1892 2169 80 33 The
1991 2166 171 34 intention
2183 2170 74 28 was
2272 2170 37 27 to
2326 2163 176 32 establish
2515 2157 332 46 the'predotfitnant
2863 2154 176 38 intluenee

1731 2217 44 34 of
1801 2215 158 45 England
1990 2215 35 34 iu
2053 2213 142 44 Spain;
2233 2222 22 22 a
2280 2211 168 32 senseless
2465 2205 158 47 pfojeit,
2640 2207 64 32 the
2719 2204 110 34 'Wink
2859 2204 44 33 of
2920 2198 122 41 which

1737 2263 118 35 would
1878 2262 91 34 have
1985 2262 85 32 peen
2088 2270 22 22 a
2131 2259 185 44 perpetual
2339 2254 233 37 Continental
2593 2246 91 46 Sate,
2711 2251 78 34 thist
2810 2263 24 22 w
2846 2250 86 34 titatl
2950 2254 93 35 hasp

1734 2310 129 35 caused
1883 2309 59 33 the
1958 2308 170 41 shedding
2145 2306 44 33 of
2203 2304 149 34 torrknts
2370 2301 46 35 of
2438 2301 122 34 Mood:
2616 2301 59 33 No
2702 2298 76 46 Ow
2787 2309 40 22 er
2843 2293 113 39 ti•eler
2982 2297 60 34 the

1737 2348 172 44 iniitittre
1928 2354 43 35 of
1997 2353 159 44 England
2174 2363 65 22 can
2263 2352 97 33 exist
2387 2360 45 24 on
2461 2349 58 32 the
2545 2342 210 41 6nitinent.
2862 2342 104 37 there
2994 2344 47 34 he

1736 2417 69 32 any
1825 2404 78 33 that
1920 2396 176 39 entertain
2122 2400 87 34 such
2228 2408 21 24 a
2277 2399 104 38 wish,
2417 2395 96 34 their
2538 2396 90 32 wish
2646 2396 32 33 is
2695 2394 145 40 absurd,
2872 2389 72 37 and
2965 2391 78 35 *ill

1737 2448 128 38 sootier
1881 2457 41 27 or
1936 2448 93 33 later
2044 2448 165 33 Occasion
2229 2445 96 33 their
2337 2443 83 34 fall.
2720 2443 2 54 .
2784 2443 2 54 .

1841 2511 38 35 It
1897 2509 118 35 would
2031 2509 45 33 he
2093 2502 85 39 easy
2199 2504 57 37 for
2281 2515 71 31 me,
2379 2503 129 34 shthild
2537 2498 17 39 I
2584 2503 46 33 he
2648 2498 204 48 compelled
2872 2498 40 35 to
2929 2498 117 43 adept

1740 2562 80 33 that
1835 2567 177 28 measure,
2036 2563 34 25 to
2096 2563 136 35 govern
2259 2552 135 44 .Spain,
2426 2554 47 41 by
2502 2549 236 41 establishing
2753 2558 39 21 as
2811 2557 106 34 runny
2940 2542 87 40 Vice-

1743 2619 83 33 roys
1856 2608 33 32 in
1925 2606 30 33 it
1993 2613 38 24 115
2065 2603 103 35 there
2196 2608 61 25 are
2281 2593 208 51 proellices.
2538 2596 28 35 N
2577 2597 234 38 evertneless,
2854 2593 15 35 I
2903 2593 48 33 do
2983 2597 64 28 not

1742 2662 37 27 to
1795 2654 171 34 abdicate
1985 2660 56 34 my
2059 2648 113 48 rights
2192 2647 34 33 in
2254 2644 131 35 favour
2413 2639 44 41 of
2481 2650 170 38 conquest
2687 2644 33 31 in
2752 2641 132 33 favour
2913 2639 45 35 of
2986 2639 63 33 the

1747 2704 112 43 King,
1872 2700 70 33 and
1959 2704 37 27 to
2011 2695 172 34 establish
2206 2694 70 33 hiin
2293 2693 33 33 in
2348 2692 159 40 Madrid,
2523 2702 40 22 as
2575 2701 89 22 soon
2680 2698 39 25 as
2735 2691 59 32 the
2807 2680 221 43 so,dociciti-

1744 2760 81 24 zens
1845 2744 120 38 Which
1991 2744 67 35 this
2089 2741 139 47 tapital
2256 2740 178 38 contains,
2465 2740 59 32 the
2554 2738 155 43 Clergy,
2740 2735 191 44 Nobility,
2952 2733 100 34 Mer.;.

1744 2798 137 37 chants,
1909 2794 69 33 and
2010 2789 184 46 I.Ttwjter.,
2215 2783 89 39 shall
2324 2787 93 33 have
2446 2784 165 35 declared
2631 2783 97 34 their
2745 2781 211 34 teatintents
2978 2781 72 45 null

1744 2845 98 33 their
1859 2841 155 44 fidelity,
2031 2843 50 28 set
2109 2846 46 25 an
2173 2835 171 45 example
2357 2839 39 27 to
2424 2833 60 33 the
2502 2832 203 45 provinces,
2733 2828 228 44 enlightened
2978 2829 65 31 the

1748 2891 146 44 people,
1911 2888 67 33 and
1996 2880 100 40 'nude
2115 2885 61 33 the
2202 2882 122 34 nation
2343 2881 155 34 sensible
2528 2880 81 33 that
2643 2878 96 33 their
2769 2877 189 33 existence
2980 2872 72 34 and

1747 2937 209 46 prosperity
1994 2929 208 46 essentially
2242 2929 138 44 depend
2413 2936 94 34 upon
2533 2939 22 21 a
2585 2924 98 48 King
2704 2923 69 34 and
2804 2931 25 25 a
2855 2920 80 35 free
2954 2923 99 32 Cow'.

1743 2985 181 38 stitutidn,
1955 2978 214 38 favintrable
2202 2982 35 27 to
2265 2978 61 32 the
2363 2974 148 45 people,
2544 2969 70 37 ana
2647 2970 131 33 hotitile
2806 2970 87 44 ultly
2923 2966 39 37 to
2989 2968 64 33 the

1746 3033 152 45 egotisrh
1916 3026 70 37 and
2003 3026 59 34 the
2081 3024 161 45 haughty
2261 3022 162 46 passions
2439 3018 41 38 of
2493 3021 60 34 the
2570 3019 196 34 Grandees.

1794 3105 27 19 64
1850 3103 43 37 If
1907 3103 85 34 such
2014 3102 45 33 be
2082 3099 61 34 the
2161 3097 203 34 sentiments
2383 3092 46 35 of
2451 3093 60 34 the
2530 3092 226 35 inhabitants
2772 3090 44 33 of
2832 3089 65 34 the
2913 3086 77 46 city
3014 3086 46 35 of

1752 3154 164 38 Madrid,
1943 3151 50 32 let
2023 3150 58 31 the
2114 3144 136 41 30,000
2276 3143 155 35 citizens
2447 3142 175 33 assienitole
2640 3141 37 32 in
2695 3141 57 31 the
2769 3137 180 34 churches
2966 3148 13 28 ;
3004 3136 54 35 let

1750 3201 110 39 them,
1879 3200 34 32 in
1932 3198 59 32 the
2010 3202 165 37 presence
2205 3193 41 33 of
2270 3191 59 33 the
2352 3190 89 43 holy
2461 3190 224 35 Sacrament,
2706 3187 86 32 take
2807 3195 46 24 an
2871 3184 105 37 oath,
2994 3190 64 27 not

1749 3247 81 46 only
1851 3246 90 34 -With
1961 3244 96 33 their
2070 3240 157 39 mouths,
2245 3239 60 32 but
2323 3236 80 34 also
2422 3236 90 33 with
2530 3236 99 32 their
2647 3237 135 33 hearts,
2806 3233 67 32 anti
2898 3231 159 35 without

1747 3306 70 27 any
1828 3292 187 47 jesuitical
2031 3288 272 45 equivocation;
2319 3283 84 34 that
2422 3283 84 43 they
2528 3282 162 44 promise
2715 3274 169 48 support,
2914 3278 144 33 attach;

1750 3348 106 34 went,
1874 3338 69 37 and
1961 3338 135 41 fidelity
2122 3341 37 27 to
2179 3334 93 34 their
2293 3330 123 44 King;
2443 3331 47 32 let
2509 3335 60 26 the
2596 3330 129 43 priests
2744 3326 35 33 lu
2798 3326 96 33 their
2917 3322 143 37 confess

1747 3390 115 37 sional
1880 3389 67 32 and
1967 3387 60 31 the
2055 3381 138 46 pulpit,
2222 3381 58 31 the
2306 3377 210 37 mercantile
2545 3379 96 31 class
2668 3376 33 32 in
2720 3376 94 31 thvir
2841 3372 44 44 cm
2884 3372 21 44 -
2906 3372 154 44 Le:Ton:

1749 3442 123 35 deuce,
1891 3436 61 33 the
1969 3439 76 27 men
2063 3431 39 33 of
2119 3430 60 32 the
2197 3428 70 33 law
2285 3428 34 32 in
2340 3429 99 31 their
2456 3425 163 41 writiegs
2642 3420 70 35 and
2730 3420 189 45 speeches,
2946 3416 116 38 ;iifeec

1750 3488 98 32 these
1870 3483 201 33 sentiments
2101 3478 78 35 into
2207 3475 59 32 the
2293 3474 137 44 people
2445 3472 142 32 :---.then
2604 3469 96 34 shall
2732 3467 14 35 I
2777 3467 193 33 surrender
3000 3474 61 37 my

1752 3531 96 46 right
1865 3529 41 34 of
1920 3531 182 39 conquest,
2122 3524 105 40 place
2241 3521 59 33 the
2322 3520 31 34 K
2365 3523 58 39 tug
2440 3529 93 33 upon
2554 3517 65 34 the
2636 3519 144 33 throne,
2806 3513 71 33 and
2897 3508 106 39 make
3033 3514 30 33 it

1752 3591 57 32 my
1837 3576 162 46 pleasing
2017 3574 79 31 task
2115 3578 39 26 to
2169 3569 146 33 conduct
2335 3567 133 43 myself
2484 3578 37 21 as
2538 3575 22 22 a
2588 3573 80 26 true
2694 3561 116 35 friend
2829 3562 45 32 of
2887 3562 63 32 the
2968 3555 73 48 Spa-

1749 3627 132 33 niards.
1930 3622 80 34 The
2039 3621 144 43 present
2207 3615 209 45 generation
2448 3622 79 33 may
2559 3611 111 33 differ
2689 3609 34 33 In
2743 3607 96 34 their
2857 3604 172 47 opinions
3045 3621 11 25 ;

1752 3676 59 32 the
1830 3670 161 47 pa.itions
2006 3661 90 39 have
2114 3666 91 32 been
2223 3669 59 27 too
2301 3663 106 32 much
2430 3658 156 45 brought
2619 3658 76 33 into
2708 3656 145 37 action';
2888 3658 64 31 but
2970 3661 94 37 your

1750 3716 291 50 grand-children
2075 3713 76 33 will
2181 3711 90 32 bless
2304 3717 54 26 me
2388 3717 41 24 as
2461 3715 92 35 your
2581 3710 224 31 renovator;
2849 3702 89 43 they
2982 3702 83 33 will

1753 3769 130 33 reckon
1903 3765 61 33 the
1980 3763 70 43 day
2070 3759 106 34 when
2204 3757 13 34 t
2236 3754 185 47 appeared
2435 3763 128 30 hoping
2582 3758 74 27 lion
2670 3761 96 31 anionp
2766 3761 15 31 -
2781 3761 17 31 ,
2813 3754 98 27 their
2930 3758 115 24 tnerno

1753 3814 100 34 rattle
1872 3811 158 34 festivals
2050 3819 9 28 ;
2081 3808 67 32 mid
2171 3806 92 33 from
2280 3806 83 32 that
2380 3803 77 34 will
2483 3803 58 31 tire
2565 3798 197 45 happiness
2779 3796 44 33 of
2838 3796 119 43 Spain
2978 3794 90 37 date

1754 3870 43 26 its

1853 3925 90 39 Yon
1975 3935 61 24 are
2067 3924 98 38 thus,
2196 3918 187 39 Monsieur
2409 3919 35 34 le
2757 3909 119 38 adfird
2897 3909 63 37 the
2980 3911 90 35 Doi

1754 3987 123 37 peror,
1949 3972 171 35 Informed
2140 3967 46 37 of
2206 3972 59 31 the
2284 3967 122 34 whole
2425 3966 43 34 of
2489 3974 56 33 my
2563 3964 295 34 determination.
2915 3960 154 34 Consult

1756 4025 86 34 with
1861 4031 94 35 your
1988 4018 309 35 felloweeitizens,
2328 4015 70 33 and
2435 4012 164 34 consider
2631 4020 27 22 sit
2672 4011 63 32 hat
2754 4009 99 45 'patt
2878 4016 74 34 you
2985 4006 84 34 will

1752 4076 21 31 c
1773 4076 132 31 hoose;
1933 4070 59 32 bat
2015 4069 187 31 whatever
2220 4064 27 33 it
2264 4064 57 38 be,
2354 4059 110 34 make
2491 4067 93 39 your
2609 4057 133 41 choice
2761 4054 91 53 *.fah
2868 4054 195 46 sincerity;

1752 4119 69 37 and
1837 4117 67 35 tell
1920 4126 57 26 itic
1993 4114 85 45 only
2095 4119 96 40 your

593 870 487 52 twEicry-Fouttiqr
1110 873 280 51 nvuutiN.

387 956 222 46 ASTORGA,
627 961 104 34 JAN.
763 961 167 35 e.—The
950 964 180 45 Emperor
1152 964 145 34 arrived
1318 963 81 35 here
1422 976 46 22 on
1493 961 60 37 the
1583 959 63 39 tit.

334 1007 80 34 The
429 1009 89 34 road
535 1009 94 34 from
648 1009 202 43 Benevente
863 1016 37 28 to
914 1011 157 45 Astorga
1085 1011 26 34 is
1126 1012 154 34 covered
1294 1012 87 34 with
1396 1013 92 33 dedd
1504 1013 143 43 English

335 1056 141 43 horses,
495 1067 187 34 waggons;
698 1058 70 33 and
781 1058 167 35 caissons.
1004 1064 8 8 '

384 1111 58 40 On
459 1116 63 35 the
539 1119 91 33 road
645 1117 93 34 froni
762 1117 154 46 Astorga
935 1116 40 38 td
994 1116 104 38 Villa
1119 1119 156 43 Franca,
1307 1111 154 43 General
1485 1120 162 40 Colbert,

331 1160 255 51 tetninandillt
601 1166 60 34 the
678 1160 183 41 advanced
879 1165 131 45 guard,
1026 1165 99 35 made
1139 1166 94 38 2000
1247 1169 190 43 prisoners.

385 1222 80 35 The
497 1222 182 46 Einlieror
709 1222 64 35 has
796 1218 154 51 chat•ged
969 1225 61 33 the
1052 1211 107 48 Duke
1189 1225 43 34 of
1258 1225 190 34 Dalmatia
1476 1224 87 34 with
1591 1224 59 33 the

334 1270 164 45 glorious
529 1271 144 34 mission
689 1272 54 34 .of
772 1272 169 44 pursuing
963 1271 63 34 the
1058 1272 145 44 English
1226 1279 37 27 to
1281 1272 93 33 their
1404 1274 105 41 point
1530 1272 41 33 of
1589 1272 41 33 de

338 1319 214 41 barkation,
570 1319 67 33 and
657 1319 41 33 of
711 1316 187 47 throwing
913 1320 98 33 them
1028 1320 78 33 into
1123 1320 61 33 the
1201 1328 74 26 sea.

387 1380 157 34 General
566 1380 51 32 St.
630 1380 74 44 Cyr
722 1380 64 32 has
798 1380 143 33 entered
966 1380 226 39 Barcelona;
1219 1380 63 33 the
1302 1380 123 35 Dtikes
1442 1380 44 32 of
1495 1378 136 44 Corneg-

340 1426 100 35 liano
458 1429 70 31 and
547 1428 155 32 Treviso
731 1427 90 33 have
839 1428 157 32 invested
1018 1430 208 40 Saragossa,
1243 1427 69 33 and
1329 1428 106 33 taken
1455 1427 198 45 pOssession

340 1475 45 33 of
399 1476 123 33 Monte
541 1472 156 38 Teo:ero
716 1475 90 33 with
820 1474 97 34 little
933 1473 84 35 loss.

390 1535 159 33 General
572 1533 207 35 SCbastiani
815 1534 131 43 having
972 1535 126 44 passed
1116 1535 59 33 the
1193 1535 120 43 Tagus
1337 1544 44 24 on
1409 1534 64 34 the
1489 1530 102 46 34th;
1616 1527 38 40 at

344 1583 234 44 Arzobispo,
592 1581 64 33 liar
671 1581 175 34 attacked
865 1583 67 32 and
952 1583 128 34 routed
1095 1583 59 33 the
1175 1581 152 34 remains
1339 1581 41 33 Of
1393 1584 61 31 the
1476 1578 178 37 EStrama'

346 1632 117 33 duran
481 1641 120 32 army.
656 1630 155 34 General
837 1630 159 35 Valence
1028 1629 61 34 has
1116 1630 126 45 passed
1272 1629 61 34 the
1351 1630 119 43 Thgus
1494 1639 87 22 over
1597 1628 59 33 the

344 1678 124 46 bridge
484 1678 44 33 of
544 1678 189 33 Almaraz:

392 1828 56 39 PA
457 1843 77 31 MS,
557 1830 103 38 DEC.
680 1822 204 45 36.--:The
906 1827 206 50 fillowing
1128 1827 30 39 is
1174 1840 24 26 a
1213 1831 102 48 cOpy
1341 1826 47 40 Of
1402 1826 70 40 the
1493 1825 139 40 addres
1646 1838 15 24 s

341 1880 207 53 presented
572 1886 43 33 to
633 1881 58 38 his
707 1881 170 51 Majesty
901 1880 66 39 the
989 1881 195 50 Emperor
1199 1881 50 39 by
1269 1881 69 38 the
1354 1878 242 52 Corregidor
1616 1877 46 40 of

343 1933 171 45 Madrid,
546 1930 38 41 iri
604 1933 69 39 the
704 1936 120 37 name
859 1933 47 38 of
939 1933 71 38 the
1049 1933 243 52 Magistracy
1320 1932 72 39 and
1416 1933 175 38 Citizens
1620 1929 47 39 of

341 1987 91 39 that
455 1984 161 54 Capital

446 2054 97 37 Sire,
561 2054 17 32 -
578 2054 52 32 the
656 2052 77 45 city
752 2052 41 33 of
824 2040 164 52 Mttdrld;
1016 2052 230 43 represented
1265 2052 50 41 by
1337 2052 44 32 it!
1414 2049 250 43 Magistrates,

337 2100 146 35 iteculai•
496 2100 69 34 and
586 2102 148 41 regular
751 2100 149 43 Clergy,
914 2098 193 45 Nobility;
1119 2098 66 33 and
1204 2099 180 44 Deputies
1401 2099 39 31 of
1460 2096 63 33 the
1537 2095 128 40 wards,

345 2154 159 38 presents
517 2148 102 33 itA-If
634 2156 40 26 at
691 2146 64 34 the
768 2148 72 32 feet
857 2146 44 32 of
911 2156 93 25 your
1026 2140 175 48 Itnper4il
1230 2144 176 45 Itlajesty,
1433 2152 39 24 to
1491 2143 90 34 °MT
1599 2153 67 33 you

343 2194 48 35 Its
407 2202 91 26 most
519 2192 196 48 tvipeetfill
735 2193 131 34 thanks
895 2193 57 32 for
969 2193 64 32 the
1054 2193 167 41 gracious
1238 2191 181 56 clenitalgley
1437 2189 89 34 with
1550 2190 117 32 %Welt

343 2252 98 37 your
472 2241 178 45 maltfty;
676 2241 38 34 in
744 2241 63 33 the
839 2248 172 37 conquest
1036 2241 118 32 which
1193 2249 94 33 your
1315 2232 201 39 victor!dits
1548 2241 122 39 treirps

345 2289 96 34 have
457 2290 106 33 made
581 2289 44 33 of
648 2287 72 35 this
738 2290 93 40 city,
859 2287 64 33 has
952 2288 89 31 been
1061 2287 144 44 pleased
1232 2291 37 27 to
1286 2285 100 33 think
1407 2284 44 33 of
1478 2284 63 33 the
1556 2283 112 44 safety

344 2337 71 33 and
436 2326 156 45 vieintre
609 2336 43 34 of
672 2335 43 34 its
749 2335 237 39 inhabitants,
1005 2334 67 33 AO
1094 2333 59 33 the
1170 2331 287 46 praise-worthy
1480 2330 69 34 and
1567 2331 99 33 bent,-

337 2378 4 47 .
363 2392 89 27 scent
470 2388 194 30 treatment
683 2382 123 34 which
826 2387 92 38 yoor
952 2379 156 46 Majesty
1143 2380 63 34 has
1225 2382 90 31 been
1344 2378 145 45 pleased
1508 2383 37 26 to
1570 2378 98 33 shew

343 2432 163 34 towards
520 2431 115 40 them;
645 2431 69 34 and
729 2439 31 25 w
770 2428 80 34 hith
862 2430 63 32 the
943 2430 77 47 city
1041 2428 45 33 of
1102 2427 143 34 Madrid
1263 2426 178 35 tonsiderS
1457 2430 39 28 at
1509 2435 22 21 a
1550 2425 125 44 pledge

345 2479 45 34 of
404 2479 222 45 forgiveness
640 2478 58 33 for
715 2478 52 33 all
788 2476 78 33 that
882 2476 61 33 has
960 2464 172 46 occurred
1150 2476 34 34 iu
1200 2476 63 32 the
1277 2476 151 32 absence
1443 2473 43 32 of
1496 2479 66 25 our
1581 2471 94 44 King

348 2528 158 44 Joseph,
539 2533 92 37 your
648 2522 195 47 Majesty's
862 2523 168 41 brother.

1108 2570 2 9 .
1168 2570 4 9 ,

452 2582 79 39 The
546 2585 142 34 several
704 2580 183 47 Colleges,
913 2581 237 45 constituting
1168 2581 72 34 this
1254 2580 208 45 Assembly,
1476 2574 86 50 diily
1589 2577 73 34 deli-

350 2634 170 44 berating
539 2644 45 22 on
595 2633 64 33 the
676 2630 141 47 subject
830 2627 43 37 of
902 2630 99 34 their
1015 2623 172 50 meeting;
1217 2629 91 33 have
1322 2627 197 35 concluded
1535 2627 67 33 and
1624 2636 35 22 re-

353 2683 125 33 itolved
495 2689 37 26 to
552 2685 143 30 entreat
726 2687 93 35 your
852 2676 181 46 Imperial
1051 2678 67 32 and
1137 2676 119 43 itOyal
1279 2674 156 46 Majesty
1453 2673 81 34 that
1554 2673 27 33 it
1600 2683 74 33 may

354 2732 125 51 pleac
498 2737 73 37 you
591 2733 39 28 to
656 2726 110 46 guint
791 2726 96 33 them
908 2726 61 33 the
989 2722 133 35 favour
1152 2722 45 35 of
1222 2722 122 41 seeing
1372 2721 99 43 King
1489 2721 138 44 Joseph
1648 2720 33 33 in

356 2777 165 40 Madrid,
548 2777 37 33 in
615 2776 106 33 order
741 2773 97 39 that,
865 2772 111 33 under
1007 2771 56 33 his
1097 2771 105 43 laws,
1230 2769 163 41 Madrid,
1421 2769 92 35 with
1541 2766 50 39 all
1622 2767 60 34 the

356 2826 123 51 places
498 2824 112 34 under
630 2824 41 33 its
692 2820 214 35 imrandiate
913 2818 252 45 jurisdiction,
1193 2818 70 38 and
1283 2818 59 32 the
1362 2815 182 43 whole.of
1556 2812 126 47 Spain,

356 2883 84 35 may
454 2877 39 28 at
522 2870 124 44 length
665 2868 113 46 enjoy
800 2869 79 32 that
896 2861 236 51 tranquillity
1152 2865 69 33 and
1241 2865 194 44 happiness
1454 2859 123 38 which
1597 2862 83 44 they

356 2926 138 39 expect
513 2919 98 34 from
628 2919 58 33 the
707 2916 242 35 bentvolente
969 2914 45 33 of
1028 2914 54 32 his
1098 2911 190 45 litisty's
1306 2908 203 38 character.

459 2975 170 47 Finally,
656 2967 146 48 Madrid
828 2975 138 34 flatters
986 2973 138 35 herself
1137 2974 79 33 that
1247 2973 63 33 she
1332 2961 91 43 shall
1441 2968 73 35 tind
1540 2974 141 40 protect

353 3031 79 33 tion
449 3030 35 32 in
504 3027 60 34 the
591 3033 130 38 power
737 3024 43 33 of
806 3033 92 33 your
917 3022 182 45 Imperial
1116 3021 67 33 and
1215 3020 119 44 ttoy-al
1365 3017 178 47 Majesty,
1567 3022 39 27 at
1624 3017 58 33 the

354 3074 99 39 same
470 3076 90 34 time
579 3074 80 33 that
671 3081 96 35 your
778 3070 185 45 clemency
981 3076 217 39 guarantees
1220 3069 64 39 her
1305 3066 211 44 happiness.

450 3137 79 34 Sire
544 3135 111 33 !—At
676 3133 61 33 the
754 3130 74 37 feet
847 3129 45 37 of
902 3141 94 34 your
1017 3128 177 46 Imperial
1212 3128 73 33 and
1303 3126 122 44 Royal

454 3182 164 41 Madrid,
643 3182 91 34 Dec.
752 3180 39 43 9,
811 3176 104 39 1803.

398 3244 57 35 To
469 3244 74 33 this
566 3241 154 37 Address
737 3241 57 34 hi:4
814 3239 162 47 Majesty
994 3234 167 39 returned
1180 3235 60 35 the
1260 3233 191 45 following
1463 3229 151 38 Answer
1628 3229 58 35 i---

467 3307 94 35 lam
587 3304 145 45 pleased
755 3291 90 47 with
865 3304 63 32 the
940 3301 204 34 sentiments
1163 3296 44 35 of
1220 3296 63 33 the
1300 3295 76 44 city
1393 3291 45 33 of
1452 3279 158 48 Nladrid.
1665 3292 18 34 I

361 3354 120 45 tegr,A
501 3354 64 33 the
596 3350 150 46 injurits
772 3347 60 37 she
859 3348 65 34 has
941 3346 168 40 suffered,
1134 3345 67 34 and
1219 3354 59 22 am
1299 3343 240 46 particularly
1561 3343 119 41 happy

361 3399 98 46 that,
481 3400 116 34 under
613 3399 159 44 existing
791 3394 293 39 circumstances,
1101 3393 13 34 I
1139 3391 91 35 have
1250 3392 87 34 been
1354 3391 81 33 able
1452 3394 39 27 to
1504 3385 100 37 effect
1622 3389 64 32 tier

361 3445 254 45 deliverance,
637 3446 71 33 and
730 3454 37 26 to
788 3450 143 40 protect
951 3444 66 33 her
1035 3441 94 34 from
1146 3445 106 39 great
1264 3439 216 34 calamities.

467 3510 14 35 1
502 3509 94 34 have
615 3506 171 38 hastened
803 3511 35 27 to
854 3504 116 44 adopt
986 3504 177 32 measure§
1178 3494 203 41 calculated
1397 3502 39 30 to
1450 3493 235 47 tranquillize

360 3559 51 38 till
438 3547 111 48 rabks
566 3555 45 35 of
626 3556 58 35 the
702 3555 170 39 citizens,
900 3550 181 44 knowing
1098 3549 80 32 how
1202 3544 139 47 painful
1359 3556 22 22 a
1396 3552 96 27 state
1509 3544 40 33 of
1561 3552 109 26 uncer

361 3607 123 45 tainty
504 3606 30 34 is
549 3609 40 30 to
607 3604 51 33 all
677 3611 80 35 men
775 3598 237 45 coltectively
1031 3596 71 34 anti
1121 3594 256 41 individually.

462 3666 18 35 I
509 3666 98 34 have
626 3661 198 48 preserved
842 3660 61 33 the
930 3652 182 51 Spiritual
1141 3654 152 40 Orders,
1319 3654 64 33 but
1401 3651 93 35 with
1513 3660 22 22 a
1552 3648 117 34 limita-

361 3715 83 37 fine
463 3713 45 34 of
521 3713 65 33 the
600 3713 157 33 number
772 3706 46 38 of
840 3707 149 34 Monks.
1041 3703 122 37 There
1181 3703 28 34 is
1226 3707 63 30 not
1306 3710 22 24 a
1345 3698 113 45 single
1486 3697 200 44 intelligent

361 3770 136 41 person
514 3761 86 34 who
615 3759 28 34 is
657 3765 63 27 not
733 3755 46 37 of
785 3755 151 46 opinion
951 3755 83 32 that
1046 3751 89 44 they
1150 3757 98 27 were
1261 3754 61 28 too
1337 3755 203 26 numerous.
1567 3742 118 38 Those

364 3810 45 34 of
420 3811 98 33 them
539 3809 90 34 who
654 3814 64 28 are
746 3801 202 38 Influenced
967 3802 50 43 by
1043 3808 24 25 a
1098 3798 138 34 Divine
1261 3795 87 40 call,
1372 3794 93 34 shall
1499 3793 135 33 remain
1654 3793 32 32 in

360 3859 102 34 their
480 3857 183 34 cloister:.
694 3852 104 34 With
819 3849 128 44 regard
977 3854 39 27 to
1032 3847 105 33 those
1154 3846 126 32 whose
1309 3842 69 35 call
1410 3852 74 22 was
1501 3837 184 39 doubtful,

364 3917 44 25 or
425 3904 202 37 influenced
645 3904 47 32 by
710 3898 180 44 temporal
909 3893 302 38 consideration',
1235 3889 17 35 I
1273 3891 93 33 have
1380 3888 98 37 fixed
1493 3889 97 31 Veir
1604 3896 61 22 con-

363 3954 120 34 dition
506 3956 33 31 in
557 3952 64 33 the
638 3948 111 35 order
767 3946 45 34 of
822 3945 142 34 secular
979 3943 141 38 priests.
1170 3940 76 34 Out
1263 3937 44 35 of
1322 3937 58 34 the
1400 3935 149 45 surplus
1566 3930 43 37 of
1628 3934 60 31 the

365 4002 180 32 monastic
565 4002 196 43 property,
794 3993 18 34 I
831 3993 93 34 have
944 3987 178 47 provided
1141 3986 58 35 for
1217 3987 63 32 the
1298 3986 244 32 maintenance
1561 3978 43 35 of
1628 3980 59 31 the

365 4056 162 39 pastors,
555 4048 80 32 that
657 4046 201 41 important
878 4041 67 33 and
965 4036 117 37 useful
1101 4037 90 32 class
1217 4033 44 34 of
1287 4033 60 32 the
1367 4031 138 41 clergy.
1561 4026 14 34 l
1598 4026 91 33 have

363 4094 198 37 abolished
572 4098 83 30 that
670 4095 106 31 court
790 4088 119 37 which
927 4095 74 25 was
1012 4098 21 20 a
1051 4081 138 48 subject
1209 4080 45 34 of
1267 4078 200 45 complaint
1486 4083 40 26 to
1545 4075 141 43 Ettropc

364 4143 72 40 NO
459 4143 63 34 the
539 4146 149 45 itreseat
702 4148 84 35 age.
839 4134 141 38 Priests
996 4143 85 34 may
1098 4128 110 48 guide
1232 4127 64 37 the
1315 4126 107 38 intudi
1443 4123 46 37 of
1505 4131 96 40 men,
1626 4121 64 34 but

94 2770 4 5 •
