<?xml version="1.0" encoding="UTF-8"?>
<alto xmlns:xsi="http://www.w3.org/2001/XMLSchema-instance" xsi:noNamespaceSchemaLocation="http://schema.ccs-gmbh.com/docworks/alto-1-4.xsd" xmlns:xlink="http://www.w3.org/1999/xlink">
	<Description>
		<MeasurementUnit>pixel</MeasurementUnit>
		<sourceImageInformation>
			<fileName>//NP1-STOR2/data01/blend6/2019-08-02_09_02/2019-08-02_09_02_00953.tif</fileName>
		</sourceImageInformation>
		<OCRProcessing ID="OCRPROCESSING_1">
			<preProcessingStep>
				<processingSoftware>
					<softwareCreator>CCS Content Conversion Specialists GmbH, Hamburg, Germany</softwareCreator>
					<softwareName>CCS docWorks</softwareName>
					<softwareVersion>7.0-1.47</softwareVersion>
				</processingSoftware>
			</preProcessingStep>
			<ocrProcessingStep>
				<processingStepSettings>Character Count: 7812 
Predicted Word Accuracy: 82.9% 
Suspicious Character Count: 275 
Word Count: 1103 
Suspicious Word Count: 303 
width: 3354 
height: 4406 
xdpi: 300 
ydpi: 300 
source-image: //NP1-STOR2/data01/blend6/2019-08-02_09_02/2019-08-02_09_02_00953.tif</processingStepSettings>
				<processingSoftware>
					<softwareCreator>Nuance Communications, Inc.</softwareCreator>
					<softwareName>OmniPage</softwareName>
					<softwareVersion>20</softwareVersion>
				</processingSoftware>
			</ocrProcessingStep>
		</OCRProcessing>
	</Description>
	<Styles>
		<TextStyle ID="TXT_0" FONTSIZE="0" FONTFAMILY="" FONTSTYLE="bold"/>
		<TextStyle ID="TXT_1" FONTSIZE="0" FONTFAMILY="" FONTSTYLE="bold italics"/>
		<TextStyle ID="TXT_2" FONTSIZE="0" FONTFAMILY="" FONTSTYLE="bold"/>
		<TextStyle ID="TXT_3" FONTSIZE="0" FONTFAMILY="" FONTSTYLE="bold italics"/>
		<TextStyle ID="TXT_4" FONTSIZE="0" FONTFAMILY=""/>
		<TextStyle ID="TXT_5" FONTSIZE="0" FONTFAMILY=""/>
		<ParagraphStyle ID="PAR_LEFT" ALIGN="Left"/>
		<ParagraphStyle ID="PAR_BLOCK" ALIGN="Block"/>
		<ParagraphStyle ID="PAR_RIGHT" ALIGN="Right"/>
	</Styles>
	<Layout>
		<Page ID="P15" PHYSICAL_IMG_NR="15" HEIGHT="4406" WIDTH="3354" PC="0.829">
			<TopMargin ID="P15_TM00001" HPOS="0" VPOS="0" WIDTH="3354" HEIGHT="86"/>
			<LeftMargin ID="P15_LM00001" HPOS="0" VPOS="86" WIDTH="200" HEIGHT="4200"/>
			<RightMargin ID="P15_RM00001" HPOS="3353" VPOS="86" WIDTH="1" HEIGHT="4200"/>
			<BottomMargin ID="P15_BM00001" HPOS="0" VPOS="4286" WIDTH="3354" HEIGHT="119"/>
			<PrintSpace ID="P15_PS00001" HPOS="200" VPOS="86" WIDTH="3154" HEIGHT="4200">
				<TextBlock ID="pa0015001" HPOS="1088" VPOS="89" WIDTH="971" HEIGHT="83" STYLEREFS="TXT_0 PAR_LEFT">
					<TextLine ID="P15_TL00001" HPOS="1089" VPOS="90" WIDTH="969" HEIGHT="67">
						<String ID="word000001" HPOS="1089" VPOS="90" WIDTH="144" HEIGHT="61" CONTENT="THE" WC="0.63" CC="460"/>
						<SP ID="P15_SP00001" HPOS="1233" VPOS="151" WIDTH="37"/>
						<String ID="word000002" HPOS="1270" VPOS="90" WIDTH="373" HEIGHT="65" CONTENT="NATIONAL" WC="0.93" CC="10020200"/>
						<SP ID="P15_SP00002" HPOS="1643" VPOS="155" WIDTH="35"/>
						<String ID="word000003" HPOS="1678" VPOS="100" WIDTH="379" HEIGHT="57" CONTENT="REGISTER:" WC="0.91" CC="000110005"/>
						<SP ID="P15_SP00003" HPOS="2057" VPOS="157" WIDTH="0"/>
					</TextLine>
				</TextBlock>
				<TextBlock ID="pa0015002" HPOS="206" VPOS="222" WIDTH="1348" HEIGHT="533" STYLEREFS="TXT_0 PAR_BLOCK">
					<TextLine ID="P15_TL00002" HPOS="208" VPOS="224" WIDTH="1344" HEIGHT="51">
						<String ID="word000004" HPOS="208" VPOS="227" WIDTH="255" HEIGHT="47" CONTENT="proprietors." WC="0.85" CC="105011114011"/>
						<SP ID="P15_SP00004" HPOS="463" VPOS="274" WIDTH="53"/>
						<String ID="word000005" HPOS="516" VPOS="224" WIDTH="152" HEIGHT="45" CONTENT="Wright" WC="0.94" CC="100200"/>
						<SP ID="P15_SP00005" HPOS="669" VPOS="274" WIDTH="32"/>
						<String ID="word000006" HPOS="700" VPOS="230" WIDTH="69" HEIGHT="33" CONTENT="and" WC="1.00" CC="000"/>
						<SP ID="P15_SP00006" HPOS="769" VPOS="274" WIDTH="25"/>
						<String ID="word000007" HPOS="794" VPOS="230" WIDTH="224" HEIGHT="45" CONTENT="Goldsmith," WC="0.93" CC="0130100100"/>
						<SP ID="P15_SP00007" HPOS="1018" VPOS="275" WIDTH="33"/>
						<String ID="word000008" HPOS="1051" VPOS="233" WIDTH="117" HEIGHT="39" CONTENT="Great" WC="0.80" CC="03105"/>
						<SP ID="P15_SP00008" HPOS="1168" VPOS="275" WIDTH="31"/>
						<String ID="word000009" HPOS="1199" VPOS="234" WIDTH="178" HEIGHT="35" CONTENT="Marlow." WC="0.94" CC="1101010"/>
						<SP ID="P15_SP00009" HPOS="1377" VPOS="275" WIDTH="50"/>
						<String ID="word000010" HPOS="1427" VPOS="236" WIDTH="100" HEIGHT="35" CONTENT="John" SUBS_TYPE="HypPart1" SUBS_CONTENT="Johnston" WC="0.84" CC="0102"/>
						<HYP HPOS="1527" VPOS="236" WIDTH="25" CONTENT="-"/>
					</TextLine>
					<TextLine ID="P15_TL00003" HPOS="209" VPOS="274" WIDTH="1339" HEIGHT="54">
						<String ID="word000011" HPOS="209" VPOS="276" WIDTH="84" HEIGHT="33" CONTENT="ston" SUBS_TYPE="HypPart2" SUBS_CONTENT="Johnston" WC="0.78" CC="4400"/>
						<SP ID="P15_SP00010" HPOS="293" VPOS="309" WIDTH="26"/>
						<String ID="word000012" HPOS="319" VPOS="275" WIDTH="73" HEIGHT="37" CONTENT="and" WC="0.93" CC="011"/>
						<SP ID="P15_SP00011" HPOS="392" VPOS="312" WIDTH="37"/>
						<String ID="word000013" HPOS="429" VPOS="274" WIDTH="132" HEIGHT="41" CONTENT="Lamb," WC="1.00" CC="00000"/>
						<SP ID="P15_SP00012" HPOS="561" VPOS="315" WIDTH="35"/>
						<String ID="word000014" HPOS="596" VPOS="274" WIDTH="224" HEIGHT="46" CONTENT="Wbreester," WC="0.95" CC="0001011001"/>
						<SP ID="P15_SP00013" HPOS="821" VPOS="320" WIDTH="26"/>
						<String ID="word000015" HPOS="847" VPOS="276" WIDTH="424" HEIGHT="46" CONTENT="glove-manufacturers." WC="0.90" CC="01012421000011400010"/>
						<SP ID="P15_SP00014" HPOS="1271" VPOS="322" WIDTH="56"/>
						<String ID="word000016" HPOS="1326" VPOS="283" WIDTH="126" HEIGHT="45" CONTENT="Dyson" WC="0.69" CC="22523"/>
						<SP ID="P15_SP00015" HPOS="1453" VPOS="328" WIDTH="25"/>
						<String ID="word000017" HPOS="1478" VPOS="285" WIDTH="70" HEIGHT="34" CONTENT="and" WC="0.93" CC="200"/>
						<SP ID="P15_SP00016" HPOS="1547" VPOS="328" WIDTH="0"/>
					</TextLine>
					<TextLine ID="P15_TL00004" HPOS="214" VPOS="321" WIDTH="1336" HEIGHT="51">
						<String ID="word000018" HPOS="214" VPOS="322" WIDTH="52" HEIGHT="37" CONTENT="F.." WC="0.59" CC="560"/>
						<SP ID="P15_SP00017" HPOS="266" VPOS="359" WIDTH="20"/>
						<String ID="word000019" HPOS="286" VPOS="321" WIDTH="116" HEIGHT="41" CONTENT="Dale," WC="1.00" CC="00000"/>
						<SP ID="P15_SP00018" HPOS="402" VPOS="363" WIDTH="19"/>
						<String ID="word000020" HPOS="420" VPOS="322" WIDTH="200" HEIGHT="45" CONTENT="Barnsley," WC="0.83" CC="130134101"/>
						<SP ID="P15_SP00019" HPOS="620" VPOS="367" WIDTH="18"/>
						<String ID="word000021" HPOS="638" VPOS="322" WIDTH="234" HEIGHT="46" CONTENT="Yorkshire," WC="0.95" CC="0100200001"/>
						<SP ID="P15_SP00020" HPOS="872" VPOS="369" WIDTH="15"/>
						<String ID="word000022" HPOS="887" VPOS="327" WIDTH="413" HEIGHT="39" CONTENT="linen-manufacturers." WC="0.94" CC="00102220000112000000"/>
						<SP ID="P15_SP00021" HPOS="1300" VPOS="369" WIDTH="53"/>
						<String ID="word000023" HPOS="1354" VPOS="331" WIDTH="22" HEIGHT="34" CONTENT="J" WC="0.67" CC="3"/>
						<SP ID="P15_SP00022" HPOS="1376" VPOS="369" WIDTH="13"/>
						<String ID="word000024" HPOS="1389" VPOS="356" WIDTH="7" HEIGHT="8" CONTENT="." WC="0.78" CC="2"/>
						<SP ID="P15_SP00023" HPOS="1396" VPOS="369" WIDTH="18"/>
						<String ID="word000025" HPOS="1414" VPOS="331" WIDTH="136" HEIGHT="41" CONTENT="Ilinde," WC="0.63" CC="5333333"/>
						<SP ID="P15_SP00024" HPOS="1550" VPOS="372" WIDTH="0"/>
					</TextLine>
					<TextLine ID="P15_TL00005" HPOS="214" VPOS="371" WIDTH="1335" HEIGHT="48">
						<String ID="word000026" HPOS="214" VPOS="371" WIDTH="53" HEIGHT="35" CONTENT="A." WC="1.00" CC="00"/>
						<SP ID="P15_SP00025" HPOS="267" VPOS="406" WIDTH="25"/>
						<String ID="word000027" HPOS="292" VPOS="371" WIDTH="125" HEIGHT="34" CONTENT="Wade" WC="0.64" CC="5710"/>
						<SP ID="P15_SP00026" HPOS="417" VPOS="406" WIDTH="18"/>
						<String ID="word000028" HPOS="435" VPOS="371" WIDTH="72" HEIGHT="34" CONTENT="and" WC="0.96" CC="100"/>
						<SP ID="P15_SP00027" HPOS="507" VPOS="406" WIDTH="15"/>
						<String ID="word000029" HPOS="522" VPOS="372" WIDTH="165" HEIGHT="43" CONTENT="Taylor," WC="0.84" CC="0001027"/>
						<SP ID="P15_SP00028" HPOS="687" VPOS="415" WIDTH="37"/>
						<String ID="word000030" HPOS="724" VPOS="372" WIDTH="260" HEIGHT="43" CONTENT="Wood-street," WC="0.92" CC="201222000000"/>
						<SP ID="P15_SP00029" HPOS="984" VPOS="415" WIDTH="31"/>
						<String ID="word000031" HPOS="1015" VPOS="374" WIDTH="227" HEIGHT="45" CONTENT="Cheapside," WC="0.95" CC="0010010011"/>
						<SP ID="P15_SP00030" HPOS="1241" VPOS="419" WIDTH="34"/>
						<String ID="word000032" HPOS="1276" VPOS="378" WIDTH="144" HEIGHT="35" CONTENT="silk-we" WC="0.91" CC="0012320"/>
						<String ID="word000033" HPOS="1420" VPOS="387" WIDTH="21" HEIGHT="26" CONTENT="a" STYLE="subscript" WC="0.91" CC="1"/>
						<String ID="word000034" HPOS="1441" VPOS="387" WIDTH="21" HEIGHT="26" CONTENT="v" WC="0.91" CC="0"/>
						<String ID="word000035" HPOS="1462" VPOS="387" WIDTH="21" HEIGHT="26" CONTENT="e" STYLE="subscript" WC="0.91" CC="1"/>
						<String ID="word000036" HPOS="1483" VPOS="387" WIDTH="65" HEIGHT="26" CONTENT="rs." WC="0.91" CC="000"/>
						<SP ID="P15_SP00031" HPOS="1548" VPOS="419" WIDTH="0"/>
					</TextLine>
					<TextLine ID="P15_TL00006" HPOS="215" VPOS="417" WIDTH="854" HEIGHT="48">
						<String ID="word000037" HPOS="215" VPOS="417" WIDTH="180" HEIGHT="48" CONTENT="Bridges," WC="0.89" CC="31101011"/>
						<SP ID="P15_SP00032" HPOS="394" VPOS="465" WIDTH="22"/>
						<String ID="word000038" HPOS="417" VPOS="417" WIDTH="105" HEIGHT="46" CONTENT="Reay" WC="0.47" CC="5653"/>
						<SP ID="P15_SP00033" HPOS="522" VPOS="465" WIDTH="15"/>
						<String ID="word000039" HPOS="537" VPOS="419" WIDTH="72" HEIGHT="33" CONTENT="and" WC="1.00" CC="000"/>
						<SP ID="P15_SP00034" HPOS="609" VPOS="465" WIDTH="17"/>
						<String ID="word000040" HPOS="626" VPOS="419" WIDTH="262" HEIGHT="46" CONTENT="Christopher," WC="0.68" CC="373233322232"/>
						<SP ID="P15_SP00035" HPOS="888" VPOS="465" WIDTH="22"/>
						<String ID="word000041" HPOS="911" VPOS="420" WIDTH="158" HEIGHT="39" CONTENT="London." WC="1.00" CC="0000000"/>
						<SP ID="P15_SP00036" HPOS="1069" VPOS="465" WIDTH="0"/>
					</TextLine>
					<TextLine ID="P15_TL00007" HPOS="500" VPOS="478" WIDTH="791" HEIGHT="51">
						<String ID="word000042" HPOS="500" VPOS="478" WIDTH="390" HEIGHT="46" CONTENT="LiANKRtrPTCY" WC="0.42" CC="863533658366"/>
						<SP ID="P15_SP00037" HPOS="889" VPOS="524" WIDTH="30"/>
						<String ID="word000043" HPOS="919" VPOS="484" WIDTH="372" HEIGHT="45" CONTENT="SUPERSEDED." WC="0.81" CC="04630031110"/>
						<SP ID="P15_SP00038" HPOS="1291" VPOS="529" WIDTH="0"/>
					</TextLine>
					<TextLine ID="P15_TL00008" HPOS="265" VPOS="541" WIDTH="986" HEIGHT="50">
						<String ID="word000044" HPOS="265" VPOS="541" WIDTH="152" HEIGHT="40" CONTENT="Ruben" WC="0.62" CC="56006"/>
						<SP ID="P15_SP00039" HPOS="417" VPOS="581" WIDTH="18"/>
						<String ID="word000045" HPOS="435" VPOS="544" WIDTH="175" HEIGHT="44" CONTENT="Sinclair," WC="0.86" CC="001431110"/>
						<SP ID="P15_SP00040" HPOS="609" VPOS="588" WIDTH="19"/>
						<String ID="word000046" HPOS="628" VPOS="546" WIDTH="287" HEIGHT="45" CONTENT="Mincing-lane," WC="0.88" CC="1240102210010"/>
						<SP ID="P15_SP00041" HPOS="915" VPOS="591" WIDTH="18"/>
						<String ID="word000047" HPOS="933" VPOS="549" WIDTH="318" HEIGHT="38" CONTENT="wine-merchant." WC="0.79" CC="23223330103310"/>
						<SP ID="P15_SP00042" HPOS="1251" VPOS="591" WIDTH="0"/>
					</TextLine>
					<TextLine ID="P15_TL00009" HPOS="534" VPOS="592" WIDTH="732" HEIGHT="56">
						<String ID="word000048" HPOS="534" VPOS="592" WIDTH="392" HEIGHT="54" CONTENT="lIANR.RUPTCY" WC="0.39" CC="883385583735"/>
						<SP ID="P15_SP00043" HPOS="926" VPOS="646" WIDTH="32"/>
						<String ID="word000049" HPOS="958" VPOS="609" WIDTH="308" HEIGHT="38" CONTENT="ENLARGED." WC="0.97" CC="000011000"/>
						<SP ID="P15_SP00044" HPOS="1266" VPOS="647" WIDTH="0"/>
					</TextLine>
					<TextLine ID="P15_TL00010" HPOS="265" VPOS="654" WIDTH="1289" HEIGHT="59">
						<String ID="word000050" HPOS="265" VPOS="664" WIDTH="106" HEIGHT="37" CONTENT="Jahn" WC="0.72" CC="0703"/>
						<SP ID="P15_SP00045" HPOS="371" VPOS="700" WIDTH="18"/>
						<String ID="word000051" HPOS="389" VPOS="661" WIDTH="138" HEIGHT="43" CONTENT="Bruce," WC="0.76" CC="007114"/>
						<SP ID="P15_SP00046" HPOS="527" VPOS="704" WIDTH="19"/>
						<String ID="word000052" HPOS="546" VPOS="654" WIDTH="107" HEIGHT="50" CONTENT="1101," WC="0.42" CC="57743"/>
						<SP ID="P15_SP00047" HPOS="653" VPOS="704" WIDTH="18"/>
						<String ID="word000053" HPOS="671" VPOS="666" WIDTH="326" HEIGHT="40" CONTENT="master-mariner," WC="0.89" CC="301102320010002"/>
						<SP ID="P15_SP00048" HPOS="997" VPOS="706" WIDTH="18"/>
						<String ID="word000054" HPOS="1015" VPOS="665" WIDTH="99" HEIGHT="35" CONTENT="from" WC="0.97" CC="0001"/>
						<SP ID="P15_SP00049" HPOS="1114" VPOS="706" WIDTH="11"/>
						<String ID="word000055" HPOS="1124" VPOS="667" WIDTH="87" HEIGHT="34" CONTENT="Jan." WC="0.97" CC="0100"/>
						<SP ID="P15_SP00050" HPOS="1212" VPOS="706" WIDTH="22"/>
						<String ID="word000056" HPOS="1234" VPOS="667" WIDTH="57" HEIGHT="46" CONTENT="17," WC="0.78" CC="051"/>
						<SP ID="P15_SP00051" HPOS="1291" VPOS="713" WIDTH="20"/>
						<String ID="word000057" HPOS="1311" VPOS="672" WIDTH="39" HEIGHT="30" CONTENT="to" WC="1.00" CC="00"/>
						<SP ID="P15_SP00052" HPOS="1350" VPOS="713" WIDTH="19"/>
						<String ID="word000058" HPOS="1369" VPOS="667" WIDTH="131" HEIGHT="35" CONTENT="March" WC="0.95" CC="00002"/>
						<SP ID="P15_SP00053" HPOS="1500" VPOS="713" WIDTH="15"/>
						<String ID="word000059" HPOS="1515" VPOS="670" WIDTH="38" HEIGHT="38" CONTENT="7," WC="0.78" CC="40"/>
						<SP ID="P15_SP00054" HPOS="1553" VPOS="713" WIDTH="0"/>
					</TextLine>
					<TextLine ID="P15_TL00011" HPOS="215" VPOS="711" WIDTH="488" HEIGHT="44">
						<String ID="word000060" HPOS="215" VPOS="719" WIDTH="44" HEIGHT="30" CONTENT="at" WC="1.00" CC="00"/>
						<SP ID="P15_SP00055" HPOS="259" VPOS="749" WIDTH="15"/>
						<String ID="word000061" HPOS="274" VPOS="713" WIDTH="146" HEIGHT="41" CONTENT="eleven," WC="0.71" CC="2322252"/>
						<SP ID="P15_SP00056" HPOS="420" VPOS="755" WIDTH="14"/>
						<String ID="word000062" HPOS="435" VPOS="717" WIDTH="40" HEIGHT="30" CONTENT="at" WC="0.94" CC="10"/>
						<SP ID="P15_SP00057" HPOS="475" VPOS="755" WIDTH="14"/>
						<String ID="word000063" HPOS="489" VPOS="711" WIDTH="214" HEIGHT="35" CONTENT="Guildhall." WC="0.84" CC="0103003331"/>
						<SP ID="P15_SP00058" HPOS="703" VPOS="755" WIDTH="0"/>
					</TextLine>
				</TextBlock>
				<TextBlock ID="pa0015003" HPOS="222" VPOS="769" WIDTH="1347" HEIGHT="1352" STYLEREFS="TXT_0 PAR_BLOCK">
					<Shape>
						<Polygon POINTS="222,769 1569,769 1569,2056 1569,2057 1566,2059 410,2109 338,2121 222,2121"/>
					</Shape>
					<TextLine ID="P15_TL00012" HPOS="469" VPOS="771" WIDTH="596" HEIGHT="38">
						<String ID="word000064" HPOS="469" VPOS="771" WIDTH="4" HEIGHT="38" CONTENT="•" WC="0.11" CC="8"/>
						<SP ID="P15_SP00059" HPOS="472" VPOS="809" WIDTH="249"/>
						<String ID="word000065" HPOS="722" VPOS="771" WIDTH="343" HEIGHT="38" CONTENT="BANKRUPTS." WC="0.88" CC="0413001011"/>
						<SP ID="P15_SP00060" HPOS="1064" VPOS="809" WIDTH="0"/>
					</TextLine>
					<TextLine ID="P15_TL00013" HPOS="267" VPOS="829" WIDTH="1297" HEIGHT="47">
						<String ID="word000066" HPOS="267" VPOS="829" WIDTH="222" HEIGHT="46" CONTENT="Thompson" WC="0.96" CC="00000003"/>
						<SP ID="P15_SP00061" HPOS="489" VPOS="875" WIDTH="20"/>
						<String ID="word000067" HPOS="509" VPOS="829" WIDTH="185" HEIGHT="44" CONTENT="Pearson," WC="0.93" CC="02002001"/>
						<SP ID="P15_SP00062" HPOS="694" VPOS="875" WIDTH="18"/>
						<String ID="word000068" HPOS="712" VPOS="829" WIDTH="116" HEIGHT="34" CONTENT="South" WC="1.00" CC="00000"/>
						<SP ID="P15_SP00063" HPOS="828" VPOS="875" WIDTH="21"/>
						<String ID="word000069" HPOS="849" VPOS="829" WIDTH="163" HEIGHT="40" CONTENT="Shields," WC="1.00" CC="00000000"/>
						<SP ID="P15_SP00064" HPOS="1012" VPOS="875" WIDTH="25"/>
						<String ID="word000070" HPOS="1037" VPOS="829" WIDTH="242" HEIGHT="46" CONTENT="shipwright," WC="0.87" CC="31111132000"/>
						<SP ID="P15_SP00065" HPOS="1279" VPOS="875" WIDTH="32"/>
						<String ID="word000071" HPOS="1311" VPOS="835" WIDTH="39" HEIGHT="30" CONTENT="to" WC="1.00" CC="00"/>
						<SP ID="P15_SP00066" HPOS="1350" VPOS="875" WIDTH="18"/>
						<String ID="word000072" HPOS="1368" VPOS="831" WIDTH="196" HEIGHT="45" CONTENT="suerender," WC="0.77" CC="0171100137"/>
						<SP ID="P15_SP00067" HPOS="1564" VPOS="876" WIDTH="0"/>
					</TextLine>
					<TextLine ID="P15_TL00014" HPOS="227" VPOS="876" WIDTH="1339" HEIGHT="46">
						<String ID="word000073" HPOS="227" VPOS="878" WIDTH="96" HEIGHT="38" CONTENT="Feb." WC="1.00" CC="0000"/>
						<SP ID="P15_SP00068" HPOS="322" VPOS="915" WIDTH="19"/>
						<String ID="word000074" HPOS="341" VPOS="878" WIDTH="94" HEIGHT="44" CONTENT="8,9," WC="0.97" CC="1000"/>
						<SP ID="P15_SP00069" HPOS="436" VPOS="921" WIDTH="17"/>
						<String ID="word000075" HPOS="452" VPOS="878" WIDTH="71" HEIGHT="33" CONTENT="and" WC="0.96" CC="010"/>
						<SP ID="P15_SP00070" HPOS="523" VPOS="921" WIDTH="18"/>
						<String ID="word000076" HPOS="541" VPOS="879" WIDTH="64" HEIGHT="40" CONTENT="28," WC="0.85" CC="400"/>
						<SP ID="P15_SP00071" HPOS="605" VPOS="921" WIDTH="30"/>
						<String ID="word000077" HPOS="634" VPOS="882" WIDTH="41" HEIGHT="28" CONTENT="at" WC="0.94" CC="10"/>
						<SP ID="P15_SP00072" HPOS="676" VPOS="921" WIDTH="28"/>
						<String ID="word000078" HPOS="704" VPOS="876" WIDTH="143" HEIGHT="43" CONTENT="eleven," WC="0.82" CC="0305120"/>
						<SP ID="P15_SP00073" HPOS="847" VPOS="921" WIDTH="27"/>
						<String ID="word000079" HPOS="874" VPOS="885" WIDTH="41" HEIGHT="27" CONTENT="at" WC="0.94" CC="10"/>
						<SP ID="P15_SP00074" HPOS="915" VPOS="921" WIDTH="27"/>
						<String ID="word000080" HPOS="943" VPOS="878" WIDTH="60" HEIGHT="33" CONTENT="the" WC="0.96" CC="001"/>
						<SP ID="P15_SP00075" HPOS="1003" VPOS="921" WIDTH="27"/>
						<String ID="word000081" HPOS="1030" VPOS="878" WIDTH="141" HEIGHT="34" CONTENT="Golden" WC="0.96" CC="110000"/>
						<SP ID="P15_SP00076" HPOS="1170" VPOS="921" WIDTH="34"/>
						<String ID="word000082" HPOS="1205" VPOS="880" WIDTH="87" HEIGHT="32" CONTENT="Lion" WC="0.94" CC="1010"/>
						<SP ID="P15_SP00077" HPOS="1292" VPOS="921" WIDTH="38"/>
						<String ID="word000083" HPOS="1330" VPOS="880" WIDTH="78" HEIGHT="40" CONTENT="Inn," WC="0.50" CC="6471"/>
						<SP ID="P15_SP00078" HPOS="1408" VPOS="921" WIDTH="34"/>
						<String ID="word000084" HPOS="1442" VPOS="879" WIDTH="103" HEIGHT="35" CONTENT="South" WC="0.76" CC="30002"/>
						<String ID="word000085" HPOS="1545" VPOS="879" WIDTH="21" HEIGHT="35" CONTENT="." STYLE="superscript" WC="0.76" CC="8"/>
						<SP ID="P15_SP00079" HPOS="1566" VPOS="921" WIDTH="0"/>
					</TextLine>
					<TextLine ID="P15_TL00015" HPOS="223" VPOS="922" WIDTH="1334" HEIGHT="50">
						<String ID="word000086" HPOS="223" VPOS="926" WIDTH="162" HEIGHT="35" CONTENT="Shields." WC="0.78" CC="71043010"/>
						<SP ID="P15_SP00080" HPOS="385" VPOS="961" WIDTH="57"/>
						<String ID="word000087" HPOS="442" VPOS="926" WIDTH="207" HEIGHT="40" CONTENT="Attornies," WC="0.97" CC="0001110000"/>
						<SP ID="P15_SP00081" HPOS="648" VPOS="966" WIDTH="18"/>
						<String ID="word000088" HPOS="666" VPOS="925" WIDTH="74" HEIGHT="34" CONTENT="Mr." WC="0.96" CC="100"/>
						<SP ID="P15_SP00082" HPOS="741" VPOS="966" WIDTH="14"/>
						<String ID="word000089" HPOS="755" VPOS="922" WIDTH="233" HEIGHT="47" CONTENT="Christopher" WC="0.81" CC="00113110132"/>
						<String ID="word000090" HPOS="987" VPOS="922" WIDTH="21" HEIGHT="47" CONTENT="." STYLE="superscript" WC="0.81" CC="7"/>
						<SP ID="P15_SP00083" HPOS="1009" VPOS="970" WIDTH="15"/>
						<String ID="word000091" HPOS="1024" VPOS="925" WIDTH="236" HEIGHT="47" CONTENT="Bainbridge," WC="0.90" CC="00114011011"/>
						<SP ID="P15_SP00084" HPOS="1260" VPOS="972" WIDTH="18"/>
						<String ID="word000092" HPOS="1278" VPOS="924" WIDTH="279" HEIGHT="48" CONTENT="Chapter-row," WC="0.68" CC="106731332423"/>
						<SP ID="P15_SP00085" HPOS="1557" VPOS="972" WIDTH="0"/>
					</TextLine>
					<TextLine ID="P15_TL00016" HPOS="222" VPOS="972" WIDTH="1229" HEIGHT="43">
						<String ID="word000093" HPOS="222" VPOS="974" WIDTH="120" HEIGHT="37" CONTENT="South" WC="0.73" CC="33141"/>
						<SP ID="P15_SP00086" HPOS="343" VPOS="1011" WIDTH="22"/>
						<String ID="word000094" HPOS="365" VPOS="973" WIDTH="174" HEIGHT="41" CONTENT="Shields;" WC="0.78" CC="11214025"/>
						<SP ID="P15_SP00087" HPOS="539" VPOS="1015" WIDTH="28"/>
						<String ID="word000095" HPOS="567" VPOS="974" WIDTH="72" HEIGHT="32" CONTENT="and" WC="1.00" CC="000"/>
						<SP ID="P15_SP00088" HPOS="639" VPOS="1015" WIDTH="21"/>
						<String ID="word000096" HPOS="660" VPOS="974" WIDTH="143" HEIGHT="32" CONTENT="Messrs." WC="0.78" CC="1303151"/>
						<SP ID="P15_SP00089" HPOS="803" VPOS="1015" WIDTH="28"/>
						<String ID="word000097" HPOS="831" VPOS="972" WIDTH="81" HEIGHT="35" CONTENT="Bell" WC="1.00" CC="0000"/>
						<SP ID="P15_SP00090" HPOS="913" VPOS="1015" WIDTH="19"/>
						<String ID="word000098" HPOS="932" VPOS="973" WIDTH="67" HEIGHT="33" CONTENT="and" WC="0.93" CC="020"/>
						<SP ID="P15_SP00091" HPOS="999" VPOS="1015" WIDTH="22"/>
						<String ID="word000099" HPOS="1022" VPOS="972" WIDTH="200" HEIGHT="41" CONTENT="Brodrick," WC="0.88" CC="101034001"/>
						<SP ID="P15_SP00092" HPOS="1221" VPOS="1015" WIDTH="21"/>
						<String ID="word000100" HPOS="1243" VPOS="973" WIDTH="208" HEIGHT="35" CONTENT="Bovir-lane." WC="0.51" CC="35787533422"/>
						<SP ID="P15_SP00093" HPOS="1450" VPOS="1015" WIDTH="0"/>
					</TextLine>
					<TextLine ID="P15_TL00017" HPOS="273" VPOS="1020" WIDTH="1284" HEIGHT="48">
						<String ID="word000101" HPOS="273" VPOS="1022" WIDTH="150" HEIGHT="46" CONTENT="Geotgt" WC="0.42" CC="533848"/>
						<SP ID="P15_SP00094" HPOS="423" VPOS="1068" WIDTH="21"/>
						<String ID="word000102" HPOS="444" VPOS="1020" WIDTH="229" HEIGHT="43" CONTENT="Piekwodd," WC="0.49" CC="337337834"/>
						<SP ID="P15_SP00095" HPOS="673" VPOS="1068" WIDTH="15"/>
						<String ID="word000103" HPOS="689" VPOS="1020" WIDTH="240" HEIGHT="40" CONTENT="Clozikalarie," WC="0.45" CC="3548778537601"/>
						<SP ID="P15_SP00096" HPOS="928" VPOS="1068" WIDTH="21"/>
						<String ID="word000104" HPOS="950" VPOS="1020" WIDTH="311" HEIGHT="43" CONTENT="winernerchatit," WC="0.66" CC="116476101107614"/>
						<SP ID="P15_SP00097" HPOS="1260" VPOS="1068" WIDTH="18"/>
						<String ID="word000105" HPOS="1278" VPOS="1020" WIDTH="87" HEIGHT="34" CONTENT="Jan." WC="0.94" CC="0110"/>
						<SP ID="P15_SP00098" HPOS="1365" VPOS="1068" WIDTH="18"/>
						<String ID="word000106" HPOS="1383" VPOS="1023" WIDTH="59" HEIGHT="39" CONTENT="21," WC="0.78" CC="132"/>
						<SP ID="P15_SP00099" HPOS="1442" VPOS="1068" WIDTH="25"/>
						<String ID="word000107" HPOS="1467" VPOS="1022" WIDTH="90" HEIGHT="33" CONTENT="Feb." WC="0.92" CC="3000"/>
						<SP ID="P15_SP00100" HPOS="1557" VPOS="1068" WIDTH="0"/>
					</TextLine>
					<TextLine ID="P15_TL00018" HPOS="223" VPOS="1065" WIDTH="1329" HEIGHT="48">
						<String ID="word000108" HPOS="223" VPOS="1070" WIDTH="25" HEIGHT="35" CONTENT="4" WC="1.00" CC="0" STYLEREFS="TXT_1"/>
						<SP ID="P15_SP00101" HPOS="248" VPOS="1106" WIDTH="19"/>
						<String ID="word000109" HPOS="267" VPOS="1069" WIDTH="70" HEIGHT="35" CONTENT="and" WC="0.67" CC="333" STYLEREFS="TXT_1"/>
						<SP ID="P15_SP00102" HPOS="337" VPOS="1106" WIDTH="15"/>
						<String ID="word000110" HPOS="352" VPOS="1070" WIDTH="65" HEIGHT="41" CONTENT="28," WC="0.59" CC="371"/>
						<SP ID="P15_SP00103" HPOS="417" VPOS="1111" WIDTH="19"/>
						<String ID="word000111" HPOS="436" VPOS="1075" WIDTH="40" HEIGHT="28" CONTENT="at" WC="0.94" CC="10"/>
						<SP ID="P15_SP00104" HPOS="476" VPOS="1111" WIDTH="17"/>
						<String ID="word000112" HPOS="493" VPOS="1071" WIDTH="74" HEIGHT="40" CONTENT="tell," WC="0.64" CC="10771"/>
						<SP ID="P15_SP00105" HPOS="567" VPOS="1111" WIDTH="17"/>
						<String ID="word000113" HPOS="583" VPOS="1074" WIDTH="43" HEIGHT="30" CONTENT="at" WC="1.00" CC="00"/>
						<SP ID="P15_SP00106" HPOS="626" VPOS="1111" WIDTH="26"/>
						<String ID="word000114" HPOS="652" VPOS="1065" WIDTH="213" HEIGHT="39" CONTENT="Guildhall." WC="0.78" CC="0134023430"/>
						<SP ID="P15_SP00107" HPOS="865" VPOS="1111" WIDTH="54"/>
						<String ID="word000115" HPOS="919" VPOS="1068" WIDTH="201" HEIGHT="45" CONTENT="Attorney," WC="0.97" CC="000100001"/>
						<SP ID="P15_SP00108" HPOS="1120" VPOS="1113" WIDTH="30"/>
						<String ID="word000116" HPOS="1149" VPOS="1069" WIDTH="71" HEIGHT="35" CONTENT="Mr." WC="0.96" CC="100"/>
						<SP ID="P15_SP00109" HPOS="1220" VPOS="1113" WIDTH="21"/>
						<String ID="word000117" HPOS="1241" VPOS="1070" WIDTH="203" HEIGHT="41" CONTENT="Godinorid," WC="0.38" CC="8338748753"/>
						<SP ID="P15_SP00110" HPOS="1444" VPOS="1113" WIDTH="19"/>
						<String ID="word000118" HPOS="1463" VPOS="1070" WIDTH="89" HEIGHT="34" CONTENT="Nen" WC="0.63" CC="136"/>
						<SP ID="P15_SP00111" HPOS="1552" VPOS="1113" WIDTH="0"/>
					</TextLine>
					<TextLine ID="P15_TL00019" HPOS="228" VPOS="1119" WIDTH="293" HEIGHT="44">
						<String ID="word000119" HPOS="228" VPOS="1119" WIDTH="293" HEIGHT="44" CONTENT="Bridge-street." WC="0.88" CC="11202222111000"/>
						<SP ID="P15_SP00112" HPOS="521" VPOS="1162" WIDTH="0"/>
					</TextLine>
					<TextLine ID="P15_TL00020" HPOS="279" VPOS="1154" WIDTH="1281" HEIGHT="56">
						<String ID="word000120" HPOS="279" VPOS="1165" WIDTH="171" HEIGHT="37" CONTENT="William" WC="0.87" CC="1101302"/>
						<SP ID="P15_SP00113" HPOS="450" VPOS="1201" WIDTH="19"/>
						<String ID="word000121" HPOS="469" VPOS="1163" WIDTH="234" HEIGHT="41" CONTENT="Tortrlinsun," WC="0.44" CC="348885333843"/>
						<SP ID="P15_SP00114" HPOS="703" VPOS="1205" WIDTH="40"/>
						<String ID="word000122" HPOS="743" VPOS="1163" WIDTH="169" HEIGHT="35" CONTENT="TOtteth" WC="0.56" CC="3833533"/>
						<SP ID="P15_SP00115" HPOS="912" VPOS="1205" WIDTH="35"/>
						<String ID="word000123" HPOS="947" VPOS="1154" WIDTH="122" HEIGHT="51" CONTENT="Park," WC="0.76" CC="55001"/>
						<SP ID="P15_SP00116" HPOS="1069" VPOS="1205" WIDTH="34"/>
						<String ID="word000124" HPOS="1103" VPOS="1159" WIDTH="220" HEIGHT="51" CONTENT="Liverpool," WC="0.88" CC="3101400110"/>
						<SP ID="P15_SP00117" HPOS="1323" VPOS="1209" WIDTH="37"/>
						<String ID="word000125" HPOS="1359" VPOS="1163" WIDTH="201" HEIGHT="41" CONTENT="merchant," WC="0.99" CC="010000000"/>
						<SP ID="P15_SP00118" HPOS="1560" VPOS="1209" WIDTH="0"/>
					</TextLine>
					<TextLine ID="P15_TL00021" HPOS="227" VPOS="1209" WIDTH="1331" HEIGHT="47">
						<String ID="word000126" HPOS="227" VPOS="1212" WIDTH="98" HEIGHT="37" CONTENT="Feb:" WC="0.69" CC="1127"/>
						<SP ID="P15_SP00119" HPOS="325" VPOS="1248" WIDTH="22"/>
						<String ID="word000127" HPOS="347" VPOS="1215" WIDTH="59" HEIGHT="39" CONTENT="13," WC="0.70" CC="530"/>
						<SP ID="P15_SP00120" HPOS="406" VPOS="1254" WIDTH="32"/>
						<String ID="word000128" HPOS="438" VPOS="1213" WIDTH="45" HEIGHT="35" CONTENT="14" WC="0.89" CC="02"/>
						<SP ID="P15_SP00121" HPOS="483" VPOS="1254" WIDTH="32"/>
						<String ID="word000129" HPOS="515" VPOS="1212" WIDTH="72" HEIGHT="35" CONTENT="and" WC="0.93" CC="011"/>
						<SP ID="P15_SP00122" HPOS="587" VPOS="1254" WIDTH="15"/>
						<String ID="word000130" HPOS="602" VPOS="1214" WIDTH="64" HEIGHT="40" CONTENT="23," WC="0.93" CC="200"/>
						<SP ID="P15_SP00123" HPOS="666" VPOS="1254" WIDTH="27"/>
						<String ID="word000131" HPOS="693" VPOS="1218" WIDTH="39" HEIGHT="28" CONTENT="at" WC="0.94" CC="10"/>
						<SP ID="P15_SP00124" HPOS="732" VPOS="1254" WIDTH="17"/>
						<String ID="word000132" HPOS="749" VPOS="1217" WIDTH="84" HEIGHT="38" CONTENT="dne;" WC="0.64" CC="5125"/>
						<SP ID="P15_SP00125" HPOS="833" VPOS="1254" WIDTH="27"/>
						<String ID="word000133" HPOS="860" VPOS="1218" WIDTH="40" HEIGHT="28" CONTENT="at" WC="0.94" CC="10"/>
						<SP ID="P15_SP00126" HPOS="900" VPOS="1254" WIDTH="31"/>
						<String ID="word000134" HPOS="931" VPOS="1213" WIDTH="60" HEIGHT="32" CONTENT="the" WC="1.00" CC="000"/>
						<SP ID="P15_SP00127" HPOS="991" VPOS="1254" WIDTH="34"/>
						<String ID="word000135" HPOS="1025" VPOS="1213" WIDTH="143" HEIGHT="43" CONTENT="George" WC="0.89" CC="311010"/>
						<SP ID="P15_SP00128" HPOS="1168" VPOS="1256" WIDTH="33"/>
						<String ID="word000136" HPOS="1201" VPOS="1212" WIDTH="80" HEIGHT="41" CONTENT="lun," WC="0.47" CC="6553"/>
						<SP ID="P15_SP00129" HPOS="1281" VPOS="1256" WIDTH="40"/>
						<String ID="word000137" HPOS="1322" VPOS="1209" WIDTH="94" HEIGHT="37" CONTENT="Dale" WC="0.72" CC="4204"/>
						<String ID="word000138" HPOS="1420" VPOS="1219" WIDTH="138" HEIGHT="34" CONTENT="-street," WC="0.93" CC="22100000"/>
						<SP ID="P15_SP00130" HPOS="1558" VPOS="1256" WIDTH="0"/>
					</TextLine>
					<TextLine ID="P15_TL00022" HPOS="230" VPOS="1258" WIDTH="1329" HEIGHT="50">
						<String ID="word000139" HPOS="230" VPOS="1261" WIDTH="222" HEIGHT="46" CONTENT="Liverpool." WC="0.87" CC="3301011030"/>
						<SP ID="P15_SP00131" HPOS="452" VPOS="1307" WIDTH="54"/>
						<String ID="word000140" HPOS="507" VPOS="1258" WIDTH="210" HEIGHT="43" CONTENT="Atttihries," WC="0.45" CC="33544883673"/>
						<SP ID="P15_SP00132" HPOS="717" VPOS="1307" WIDTH="34"/>
						<String ID="word000141" HPOS="751" VPOS="1261" WIDTH="73" HEIGHT="32" CONTENT="Mr." WC="1.00" CC="000"/>
						<SP ID="P15_SP00133" HPOS="824" VPOS="1307" WIDTH="30"/>
						<String ID="word000142" HPOS="854" VPOS="1258" WIDTH="164" HEIGHT="41" CONTENT="Forrest," WC="0.86" CC="43100101"/>
						<SP ID="P15_SP00134" HPOS="1018" VPOS="1307" WIDTH="38"/>
						<String ID="word000143" HPOS="1056" VPOS="1259" WIDTH="197" HEIGHT="46" CONTENT="Liverpool" WC="0.73" CC="011265313"/>
						<SP ID="P15_SP00135" HPOS="1253" VPOS="1307" WIDTH="19"/>
						<String ID="word000144" HPOS="1272" VPOS="1272" WIDTH="12" HEIGHT="28" CONTENT=";" WC="1.00" CC="0"/>
						<SP ID="P15_SP00136" HPOS="1284" VPOS="1307" WIDTH="40"/>
						<String ID="word000145" HPOS="1324" VPOS="1259" WIDTH="71" HEIGHT="34" CONTENT="and" WC="0.93" CC="101"/>
						<SP ID="P15_SP00137" HPOS="1395" VPOS="1307" WIDTH="21"/>
						<String ID="word000146" HPOS="1416" VPOS="1260" WIDTH="143" HEIGHT="33" CONTENT="Messrs." WC="0.87" CC="1011131"/>
						<SP ID="P15_SP00138" HPOS="1559" VPOS="1307" WIDTH="0"/>
					</TextLine>
					<TextLine ID="P15_TL00023" HPOS="228" VPOS="1306" WIDTH="821" HEIGHT="49">
						<String ID="word000147" HPOS="228" VPOS="1310" WIDTH="202" HEIGHT="45" CONTENT="Shephard" WC="0.94" CC="11010001"/>
						<SP ID="P15_SP00139" HPOS="430" VPOS="1355" WIDTH="19"/>
						<String ID="word000148" HPOS="449" VPOS="1307" WIDTH="70" HEIGHT="35" CONTENT="and" WC="1.00" CC="000"/>
						<SP ID="P15_SP00140" HPOS="519" VPOS="1355" WIDTH="17"/>
						<String ID="word000149" HPOS="535" VPOS="1309" WIDTH="221" HEIGHT="44" CONTENT="Adlington," WC="0.87" CC="0011101035"/>
						<SP ID="P15_SP00141" HPOS="756" VPOS="1355" WIDTH="17"/>
						<String ID="word000150" HPOS="772" VPOS="1306" WIDTH="276" HEIGHT="35" CONTENT="Bedford-row." WC="0.90" CC="100010232110"/>
						<SP ID="P15_SP00142" HPOS="1049" VPOS="1355" WIDTH="0"/>
					</TextLine>
					<TextLine ID="P15_TL00024" HPOS="276" VPOS="1348" WIDTH="1285" HEIGHT="52">
						<String ID="word000151" HPOS="276" VPOS="1359" WIDTH="130" HEIGHT="32" CONTENT="James" WC="0.93" CC="00120"/>
						<SP ID="P15_SP00143" HPOS="406" VPOS="1391" WIDTH="19"/>
						<String ID="word000152" HPOS="425" VPOS="1354" WIDTH="276" HEIGHT="38" CONTENT="Shuttlewortli" WC="0.62" CC="3533333333354"/>
						<SP ID="P15_SP00144" HPOS="702" VPOS="1391" WIDTH="28"/>
						<String ID="word000153" HPOS="730" VPOS="1356" WIDTH="157" HEIGHT="41" CONTENT="Barton," WC="0.98" CC="0100000"/>
						<SP ID="P15_SP00145" HPOS="887" VPOS="1397" WIDTH="38"/>
						<String ID="word000154" HPOS="925" VPOS="1348" WIDTH="215" HEIGHT="52" CONTENT="Liverpool;" WC="0.99" CC="0000000010"/>
						<SP ID="P15_SP00146" HPOS="1140" VPOS="1400" WIDTH="32"/>
						<String ID="word000155" HPOS="1172" VPOS="1354" WIDTH="202" HEIGHT="41" CONTENT="merchant," WC="0.96" CC="000003000"/>
						<SP ID="P15_SP00147" HPOS="1374" VPOS="1400" WIDTH="31"/>
						<String ID="word000156" HPOS="1404" VPOS="1355" WIDTH="92" HEIGHT="35" CONTENT="Feb." WC="0.92" CC="3000"/>
						<SP ID="P15_SP00148" HPOS="1496" VPOS="1400" WIDTH="30"/>
						<String ID="word000157" HPOS="1526" VPOS="1356" WIDTH="35" HEIGHT="40" CONTENT="8," WC="1.00" CC="00"/>
						<SP ID="P15_SP00149" HPOS="1561" VPOS="1400" WIDTH="0"/>
					</TextLine>
					<TextLine ID="P15_TL00025" HPOS="226" VPOS="1401" WIDTH="1339" HEIGHT="47">
						<String ID="word000158" HPOS="226" VPOS="1404" WIDTH="25" HEIGHT="37" CONTENT="9" WC="0.44" CC="5"/>
						<SP ID="P15_SP00150" HPOS="250" VPOS="1441" WIDTH="18"/>
						<String ID="word000159" HPOS="268" VPOS="1407" WIDTH="70" HEIGHT="34" CONTENT="and" WC="1.00" CC="000"/>
						<SP ID="P15_SP00151" HPOS="338" VPOS="1441" WIDTH="28"/>
						<String ID="word000160" HPOS="366" VPOS="1406" WIDTH="66" HEIGHT="40" CONTENT="28," WC="0.89" CC="300"/>
						<SP ID="P15_SP00152" HPOS="432" VPOS="1446" WIDTH="30"/>
						<String ID="word000161" HPOS="462" VPOS="1410" WIDTH="40" HEIGHT="28" CONTENT="at" WC="0.94" CC="10"/>
						<SP ID="P15_SP00153" HPOS="502" VPOS="1446" WIDTH="17"/>
						<String ID="word000162" HPOS="519" VPOS="1404" WIDTH="154" HEIGHT="39" CONTENT="twelve," WC="0.97" CC="0001010"/>
						<SP ID="P15_SP00154" HPOS="672" VPOS="1446" WIDTH="31"/>
						<String ID="word000163" HPOS="703" VPOS="1408" WIDTH="40" HEIGHT="30" CONTENT="at" WC="1.00" CC="00"/>
						<SP ID="P15_SP00155" HPOS="743" VPOS="1446" WIDTH="17"/>
						<String ID="word000164" HPOS="759" VPOS="1404" WIDTH="61" HEIGHT="33" CONTENT="the" WC="1.00" CC="000"/>
						<SP ID="P15_SP00156" HPOS="821" VPOS="1446" WIDTH="15"/>
						<String ID="word000165" HPOS="836" VPOS="1404" WIDTH="128" HEIGHT="33" CONTENT="tilobe" WC="0.52" CC="863333"/>
						<SP ID="P15_SP00157" HPOS="964" VPOS="1446" WIDTH="21"/>
						<String ID="word000166" HPOS="985" VPOS="1401" WIDTH="163" HEIGHT="43" CONTENT="Tavern," WC="0.94" CC="1120000"/>
						<SP ID="P15_SP00158" HPOS="1148" VPOS="1446" WIDTH="22"/>
						<String ID="word000167" HPOS="1170" VPOS="1402" WIDTH="214" HEIGHT="46" CONTENT="Liverpool." WC="0.90" CC="0302020020"/>
						<SP ID="P15_SP00159" HPOS="1384" VPOS="1448" WIDTH="51"/>
						<String ID="word000168" HPOS="1435" VPOS="1403" WIDTH="109" HEIGHT="39" CONTENT="Attor" SUBS_TYPE="HypPart1" SUBS_CONTENT="Attorrites," WC="0.57" CC="33463"/>
						<HYP HPOS="1544" VPOS="1403" WIDTH="21" CONTENT="-"/>
					</TextLine>
					<TextLine ID="P15_TL00026" HPOS="228" VPOS="1448" WIDTH="1336" HEIGHT="50">
						<String ID="word000169" HPOS="228" VPOS="1455" WIDTH="94" HEIGHT="41" CONTENT="rites," SUBS_TYPE="HypPart2" SUBS_CONTENT="Attorrites," WC="0.67" CC="663111" STYLEREFS="TXT_1"/>
						<SP ID="P15_SP00160" HPOS="322" VPOS="1496" WIDTH="21"/>
						<String ID="word000170" HPOS="344" VPOS="1454" WIDTH="74" HEIGHT="34" CONTENT="Mr." WC="1.00" CC="000"/>
						<SP ID="P15_SP00161" HPOS="418" VPOS="1496" WIDTH="21"/>
						<String ID="word000171" HPOS="439" VPOS="1454" WIDTH="145" HEIGHT="44" CONTENT="George" WC="0.98" CC="001000"/>
						<SP ID="P15_SP00162" HPOS="585" VPOS="1498" WIDTH="20"/>
						<String ID="word000172" HPOS="605" VPOS="1448" WIDTH="116" HEIGHT="45" CONTENT="Row," WC="0.89" CC="1030"/>
						<SP ID="P15_SP00163" HPOS="720" VPOS="1498" WIDTH="32"/>
						<String ID="word000173" HPOS="752" VPOS="1450" WIDTH="266" HEIGHT="40" CONTENT="Wood-street," WC="0.93" CC="010322000000"/>
						<SP ID="P15_SP00164" HPOS="1018" VPOS="1498" WIDTH="34"/>
						<String ID="word000174" HPOS="1052" VPOS="1450" WIDTH="222" HEIGHT="44" CONTENT="Liverpool;" WC="0.88" CC="1011110150"/>
						<SP ID="P15_SP00165" HPOS="1274" VPOS="1498" WIDTH="41"/>
						<String ID="word000175" HPOS="1316" VPOS="1449" WIDTH="70" HEIGHT="33" CONTENT="and" WC="0.96" CC="100"/>
						<SP ID="P15_SP00166" HPOS="1385" VPOS="1498" WIDTH="31"/>
						<String ID="word000176" HPOS="1416" VPOS="1450" WIDTH="148" HEIGHT="33" CONTENT="Messrs." WC="0.89" CC="4011010"/>
						<SP ID="P15_SP00167" HPOS="1564" VPOS="1498" WIDTH="0"/>
					</TextLine>
					<TextLine ID="P15_TL00027" HPOS="233" VPOS="1496" WIDTH="1234" HEIGHT="51">
						<String ID="word000177" HPOS="233" VPOS="1502" WIDTH="155" HEIGHT="45" CONTENT="Cooper" WC="0.91" CC="002300"/>
						<SP ID="P15_SP00168" HPOS="387" VPOS="1547" WIDTH="17"/>
						<String ID="word000178" HPOS="404" VPOS="1501" WIDTH="72" HEIGHT="34" CONTENT="and" WC="0.96" CC="010"/>
						<SP ID="P15_SP00169" HPOS="476" VPOS="1547" WIDTH="20"/>
						<String ID="word000179" HPOS="496" VPOS="1501" WIDTH="130" HEIGHT="41" CONTENT="Lowe," WC="0.95" CC="00110"/>
						<SP ID="P15_SP00170" HPOS="626" VPOS="1547" WIDTH="19"/>
						<String ID="word000180" HPOS="645" VPOS="1496" WIDTH="489" HEIGHT="46" CONTENT="SouthaMpton-buildings," WC="0.71" CC="2222227224333323223222"/>
						<SP ID="P15_SP00171" HPOS="1134" VPOS="1547" WIDTH="27"/>
						<String ID="word000181" HPOS="1161" VPOS="1496" WIDTH="306" HEIGHT="45" CONTENT="Chancery-lane." WC="0.94" CC="00100002220010"/>
						<SP ID="P15_SP00172" HPOS="1467" VPOS="1547" WIDTH="0"/>
					</TextLine>
					<TextLine ID="P15_TL00028" HPOS="279" VPOS="1544" WIDTH="1286" HEIGHT="45">
						<String ID="word000182" HPOS="279" VPOS="1548" WIDTH="188" HEIGHT="37" CONTENT="Justinias" WC="0.64" CC="443333333"/>
						<SP ID="P15_SP00173" HPOS="467" VPOS="1585" WIDTH="38"/>
						<String ID="word000183" HPOS="504" VPOS="1548" WIDTH="72" HEIGHT="33" CONTENT="and" WC="1.00" CC="000"/>
						<SP ID="P15_SP00174" HPOS="576" VPOS="1585" WIDTH="39"/>
						<String ID="word000184" HPOS="615" VPOS="1548" WIDTH="159" HEIGHT="33" CONTENT="Charles" WC="0.94" CC="0100120"/>
						<SP ID="P15_SP00175" HPOS="775" VPOS="1585" WIDTH="33"/>
						<String ID="word000185" HPOS="808" VPOS="1547" WIDTH="141" HEIGHT="40" CONTENT="Smith;" WC="0.80" CC="042221"/>
						<SP ID="P15_SP00176" HPOS="948" VPOS="1587" WIDTH="33"/>
						<String ID="word000186" HPOS="981" VPOS="1545" WIDTH="113" HEIGHT="41" CONTENT="Bath," WC="0.87" CC="11220"/>
						<SP ID="P15_SP00177" HPOS="1095" VPOS="1587" WIDTH="41"/>
						<String ID="word000187" HPOS="1136" VPOS="1544" WIDTH="429" HEIGHT="45" CONTENT="plant-manufacturers," WC="0.85" CC="12026221010221100111"/>
						<SP ID="P15_SP00178" HPOS="1565" VPOS="1589" WIDTH="0"/>
					</TextLine>
					<TextLine ID="P15_TL00029" HPOS="228" VPOS="1591" WIDTH="1337" HEIGHT="49">
						<String ID="word000188" HPOS="228" VPOS="1598" WIDTH="93" HEIGHT="34" CONTENT="Jan." WC="0.83" CC="3030"/>
						<SP ID="P15_SP00179" HPOS="321" VPOS="1632" WIDTH="14"/>
						<String ID="word000189" HPOS="335" VPOS="1599" WIDTH="63" HEIGHT="40" CONTENT="23," WC="0.67" CC="351"/>
						<SP ID="P15_SP00180" HPOS="398" VPOS="1639" WIDTH="18"/>
						<String ID="word000190" HPOS="416" VPOS="1596" WIDTH="93" HEIGHT="35" CONTENT="Feb." WC="0.92" CC="3000"/>
						<SP ID="P15_SP00181" HPOS="509" VPOS="1639" WIDTH="22"/>
						<String ID="word000191" HPOS="531" VPOS="1597" WIDTH="40" HEIGHT="43" CONTENT="8," WC="1.00" CC="00"/>
						<SP ID="P15_SP00182" HPOS="572" VPOS="1639" WIDTH="13"/>
						<String ID="word000192" HPOS="585" VPOS="1596" WIDTH="73" HEIGHT="34" CONTENT="and" WC="1.00" CC="000"/>
						<SP ID="P15_SP00183" HPOS="658" VPOS="1639" WIDTH="18"/>
						<String ID="word000193" HPOS="676" VPOS="1597" WIDTH="63" HEIGHT="38" CONTENT="28," WC="0.96" CC="010"/>
						<SP ID="P15_SP00184" HPOS="738" VPOS="1639" WIDTH="17"/>
						<String ID="word000194" HPOS="755" VPOS="1599" WIDTH="39" HEIGHT="30" CONTENT="at" WC="1.00" CC="00"/>
						<SP ID="P15_SP00185" HPOS="794" VPOS="1639" WIDTH="14"/>
						<String ID="word000195" HPOS="808" VPOS="1593" WIDTH="145" HEIGHT="41" CONTENT="eleven," WC="0.92" CC="0100130"/>
						<SP ID="P15_SP00186" HPOS="953" VPOS="1639" WIDTH="12"/>
						<String ID="word000196" HPOS="965" VPOS="1598" WIDTH="39" HEIGHT="28" CONTENT="at" WC="0.94" CC="10"/>
						<SP ID="P15_SP00187" HPOS="1004" VPOS="1639" WIDTH="20"/>
						<String ID="word000197" HPOS="1024" VPOS="1593" WIDTH="63" HEIGHT="33" CONTENT="the" WC="1.00" CC="000"/>
						<SP ID="P15_SP00188" HPOS="1087" VPOS="1639" WIDTH="15"/>
						<String ID="word000198" HPOS="1102" VPOS="1592" WIDTH="243" HEIGHT="44" CONTENT="Christopher" WC="0.98" CC="00002000000"/>
						<SP ID="P15_SP00189" HPOS="1345" VPOS="1639" WIDTH="13"/>
						<String ID="word000199" HPOS="1358" VPOS="1591" WIDTH="81" HEIGHT="41" CONTENT="Inn," WC="0.86" CC="5000"/>
						<SP ID="P15_SP00190" HPOS="1440" VPOS="1639" WIDTH="14"/>
						<String ID="word000200" HPOS="1454" VPOS="1592" WIDTH="111" HEIGHT="33" CONTENT="Bath." WC="0.98" CC="10000"/>
						<SP ID="P15_SP00191" HPOS="1565" VPOS="1639" WIDTH="0"/>
					</TextLine>
					<TextLine ID="P15_TL00030" HPOS="230" VPOS="1636" WIDTH="1335" HEIGHT="53">
						<String ID="word000201" HPOS="230" VPOS="1645" WIDTH="213" HEIGHT="41" CONTENT="Attornies," WC="0.99" CC="0000100000"/>
						<SP ID="P15_SP00192" HPOS="443" VPOS="1687" WIDTH="20"/>
						<String ID="word000202" HPOS="463" VPOS="1645" WIDTH="146" HEIGHT="34" CONTENT="Messrs." WC="0.95" CC="1000020"/>
						<SP ID="P15_SP00193" HPOS="609" VPOS="1687" WIDTH="21"/>
						<String ID="word000203" HPOS="631" VPOS="1643" WIDTH="197" HEIGHT="46" CONTENT="Shephard" WC="0.94" CC="31000000"/>
						<SP ID="P15_SP00194" HPOS="828" VPOS="1689" WIDTH="18"/>
						<String ID="word000204" HPOS="846" VPOS="1641" WIDTH="72" HEIGHT="35" CONTENT="and" WC="0.96" CC="010"/>
						<SP ID="P15_SP00195" HPOS="918" VPOS="1689" WIDTH="20"/>
						<String ID="word000205" HPOS="938" VPOS="1641" WIDTH="217" HEIGHT="45" CONTENT="Adlington," WC="0.94" CC="0040000100"/>
						<SP ID="P15_SP00196" HPOS="1155" VPOS="1689" WIDTH="32"/>
						<String ID="word000206" HPOS="1187" VPOS="1636" WIDTH="253" HEIGHT="38" CONTENT="Bedford-row" WC="0.94" CC="00001022001"/>
						<SP ID="P15_SP00197" HPOS="1440" VPOS="1689" WIDTH="20"/>
						<String ID="word000207" HPOS="1460" VPOS="1651" WIDTH="11" HEIGHT="28" CONTENT=";" WC="1.00" CC="0"/>
						<SP ID="P15_SP00198" HPOS="1470" VPOS="1689" WIDTH="26"/>
						<String ID="word000208" HPOS="1496" VPOS="1639" WIDTH="69" HEIGHT="33" CONTENT="and" WC="1.00" CC="000"/>
						<SP ID="P15_SP00199" HPOS="1565" VPOS="1689" WIDTH="0"/>
					</TextLine>
					<TextLine ID="P15_TL00031" HPOS="234" VPOS="1690" WIDTH="494" HEIGHT="47">
						<String ID="word000209" HPOS="234" VPOS="1694" WIDTH="52" HEIGHT="37" CONTENT="R." WC="0.78" CC="13"/>
						<SP ID="P15_SP00200" HPOS="286" VPOS="1730" WIDTH="21"/>
						<String ID="word000210" HPOS="307" VPOS="1694" WIDTH="51" HEIGHT="35" CONTENT="A." WC="1.00" CC="00"/>
						<SP ID="P15_SP00201" HPOS="358" VPOS="1730" WIDTH="19"/>
						<String ID="word000211" HPOS="377" VPOS="1691" WIDTH="214" HEIGHT="46" CONTENT="Shephard," WC="0.94" CC="100310000"/>
						<SP ID="P15_SP00202" HPOS="591" VPOS="1737" WIDTH="24"/>
						<String ID="word000212" HPOS="614" VPOS="1690" WIDTH="113" HEIGHT="35" CONTENT="Bath." WC="1.00" CC="00000"/>
						<SP ID="P15_SP00203" HPOS="728" VPOS="1737" WIDTH="0"/>
					</TextLine>
					<TextLine ID="P15_TL00032" HPOS="280" VPOS="1735" WIDTH="1286" HEIGHT="48">
						<String ID="word000213" HPOS="280" VPOS="1742" WIDTH="131" HEIGHT="34" CONTENT="James" WC="1.00" CC="00000"/>
						<SP ID="P15_SP00204" HPOS="411" VPOS="1776" WIDTH="21"/>
						<String ID="word000214" HPOS="432" VPOS="1739" WIDTH="194" HEIGHT="43" CONTENT="Marriott," WC="0.99" CC="010000000"/>
						<SP ID="P15_SP00205" HPOS="626" VPOS="1781" WIDTH="22"/>
						<String ID="word000215" HPOS="648" VPOS="1739" WIDTH="184" HEIGHT="44" CONTENT="Burnley," WC="0.93" CC="01012001"/>
						<SP ID="P15_SP00206" HPOS="833" VPOS="1782" WIDTH="31"/>
						<String ID="word000216" HPOS="863" VPOS="1737" WIDTH="213" HEIGHT="39" CONTENT="Lancaster;" WC="0.94" CC="1000000004"/>
						<SP ID="P15_SP00207" HPOS="1076" VPOS="1782" WIDTH="18"/>
						<String ID="word000217" HPOS="1094" VPOS="1735" WIDTH="306" HEIGHT="46" CONTENT="cotton-spinner," WC="0.95" CC="100002220000000"/>
						<SP ID="P15_SP00208" HPOS="1400" VPOS="1782" WIDTH="19"/>
						<String ID="word000218" HPOS="1419" VPOS="1735" WIDTH="92" HEIGHT="34" CONTENT="Feb." WC="1.00" CC="0000"/>
						<SP ID="P15_SP00209" HPOS="1511" VPOS="1782" WIDTH="22"/>
						<String ID="word000219" HPOS="1533" VPOS="1735" WIDTH="33" HEIGHT="37" CONTENT="1," WC="0.89" CC="11"/>
						<SP ID="P15_SP00210" HPOS="1566" VPOS="1782" WIDTH="0"/>
					</TextLine>
					<TextLine ID="P15_TL00033" HPOS="230" VPOS="1782" WIDTH="1338" HEIGHT="49">
						<String ID="word000220" HPOS="230" VPOS="1794" WIDTH="44" HEIGHT="31" CONTENT="at" WC="1.00" CC="00"/>
						<SP ID="P15_SP00211" HPOS="274" VPOS="1825" WIDTH="17"/>
						<String ID="word000221" HPOS="291" VPOS="1789" WIDTH="87" HEIGHT="41" CONTENT="five," WC="0.98" CC="00001"/>
						<SP ID="P15_SP00212" HPOS="378" VPOS="1831" WIDTH="15"/>
						<String ID="word000222" HPOS="393" VPOS="1789" WIDTH="41" HEIGHT="39" CONTENT="2," WC="1.00" CC="00"/>
						<SP ID="P15_SP00213" HPOS="435" VPOS="1831" WIDTH="15"/>
						<String ID="word000223" HPOS="450" VPOS="1794" WIDTH="39" HEIGHT="28" CONTENT="at" WC="1.00" CC="00"/>
						<SP ID="P15_SP00214" HPOS="489" VPOS="1831" WIDTH="18"/>
						<String ID="word000224" HPOS="507" VPOS="1789" WIDTH="145" HEIGHT="39" CONTENT="eleven," WC="0.95" CC="1200000"/>
						<SP ID="P15_SP00215" HPOS="652" VPOS="1831" WIDTH="13"/>
						<String ID="word000225" HPOS="665" VPOS="1787" WIDTH="73" HEIGHT="33" CONTENT="and" WC="1.00" CC="000"/>
						<SP ID="P15_SP00216" HPOS="738" VPOS="1831" WIDTH="17"/>
						<String ID="word000226" HPOS="755" VPOS="1788" WIDTH="63" HEIGHT="40" CONTENT="28," WC="0.93" CC="200"/>
						<SP ID="P15_SP00217" HPOS="817" VPOS="1831" WIDTH="17"/>
						<String ID="word000227" HPOS="834" VPOS="1791" WIDTH="40" HEIGHT="30" CONTENT="at" WC="1.00" CC="00"/>
						<SP ID="P15_SP00218" HPOS="874" VPOS="1831" WIDTH="14"/>
						<String ID="word000228" HPOS="888" VPOS="1785" WIDTH="89" HEIGHT="41" CONTENT="five," WC="0.91" CC="00400"/>
						<SP ID="P15_SP00219" HPOS="977" VPOS="1831" WIDTH="15"/>
						<String ID="word000229" HPOS="992" VPOS="1789" WIDTH="39" HEIGHT="28" CONTENT="at" WC="0.83" CC="30"/>
						<SP ID="P15_SP00220" HPOS="1031" VPOS="1831" WIDTH="19"/>
						<String ID="word000230" HPOS="1050" VPOS="1783" WIDTH="64" HEIGHT="34" CONTENT="the" WC="0.81" CC="113"/>
						<SP ID="P15_SP00221" HPOS="1114" VPOS="1831" WIDTH="17"/>
						<String ID="word000231" HPOS="1130" VPOS="1783" WIDTH="139" HEIGHT="40" CONTENT="Thorn," WC="0.83" CC="411111"/>
						<SP ID="P15_SP00222" HPOS="1270" VPOS="1831" WIDTH="19"/>
						<String ID="word000232" HPOS="1289" VPOS="1782" WIDTH="172" HEIGHT="43" CONTENT="Burnley." WC="0.82" CC="01133041"/>
						<SP ID="P15_SP00223" HPOS="1461" VPOS="1831" WIDTH="43"/>
						<String ID="word000233" HPOS="1504" VPOS="1782" WIDTH="44" HEIGHT="33" CONTENT="Ai" SUBS_TYPE="HypPart1" SUBS_CONTENT="Aitornies," WC="0.48" CC="37"/>
						<HYP HPOS="1547" VPOS="1782" WIDTH="21" CONTENT="-"/>
					</TextLine>
					<TextLine ID="P15_TL00034" HPOS="230" VPOS="1830" WIDTH="1335" HEIGHT="50">
						<String ID="word000234" HPOS="230" VPOS="1838" WIDTH="158" HEIGHT="40" CONTENT="tornies," SUBS_TYPE="HypPart2" SUBS_CONTENT="Aitornies," WC="0.90" CC="10001140"/>
						<SP ID="P15_SP00224" HPOS="389" VPOS="1878" WIDTH="35"/>
						<String ID="word000235" HPOS="424" VPOS="1837" WIDTH="74" HEIGHT="33" CONTENT="Mr." WC="0.89" CC="210"/>
						<SP ID="P15_SP00225" HPOS="498" VPOS="1878" WIDTH="22"/>
						<String ID="word000236" HPOS="521" VPOS="1835" WIDTH="124" HEIGHT="44" CONTENT="Hurd," WC="1.00" CC="00000"/>
						<SP ID="P15_SP00226" HPOS="645" VPOS="1879" WIDTH="32"/>
						<String ID="word000237" HPOS="677" VPOS="1833" WIDTH="135" HEIGHT="46" CONTENT="King's" WC="0.98" CC="001000"/>
						<SP ID="P15_SP00227" HPOS="811" VPOS="1879" WIDTH="35"/>
						<String ID="word000238" HPOS="847" VPOS="1833" WIDTH="128" HEIGHT="34" CONTENT="Bench" WC="1.00" CC="00000"/>
						<SP ID="P15_SP00228" HPOS="974" VPOS="1879" WIDTH="32"/>
						<String ID="word000239" HPOS="1006" VPOS="1831" WIDTH="131" HEIGHT="43" CONTENT="Walk," WC="0.98" CC="01000"/>
						<SP ID="P15_SP00229" HPOS="1137" VPOS="1879" WIDTH="33"/>
						<String ID="word000240" HPOS="1170" VPOS="1831" WIDTH="180" HEIGHT="45" CONTENT="Temple;" WC="0.87" CC="0000125"/>
						<SP ID="P15_SP00230" HPOS="1350" VPOS="1879" WIDTH="43"/>
						<String ID="word000241" HPOS="1393" VPOS="1830" WIDTH="67" HEIGHT="34" CONTENT="and" WC="0.96" CC="010"/>
						<SP ID="P15_SP00231" HPOS="1460" VPOS="1879" WIDTH="34"/>
						<String ID="word000242" HPOS="1494" VPOS="1830" WIDTH="71" HEIGHT="33" CONTENT="Mr." WC="0.96" CC="100"/>
						<SP ID="P15_SP00232" HPOS="1565" VPOS="1879" WIDTH="0"/>
					</TextLine>
					<TextLine ID="P15_TL00035" HPOS="234" VPOS="1883" WIDTH="335" HEIGHT="46">
						<String ID="word000243" HPOS="234" VPOS="1885" WIDTH="135" HEIGHT="40" CONTENT="Shaw," WC="0.87" CC="03111"/>
						<SP ID="P15_SP00233" HPOS="369" VPOS="1925" WIDTH="24"/>
						<String ID="word000244" HPOS="392" VPOS="1883" WIDTH="177" HEIGHT="46" CONTENT="Burnley." WC="0.83" CC="40401210"/>
						<SP ID="P15_SP00234" HPOS="569" VPOS="1929" WIDTH="0"/>
					</TextLine>
					<TextLine ID="P15_TL00036" HPOS="282" VPOS="1924" WIDTH="1284" HEIGHT="51">
						<String ID="word000245" HPOS="282" VPOS="1931" WIDTH="165" HEIGHT="34" CONTENT="Thomas" WC="0.81" CC="051310"/>
						<SP ID="P15_SP00235" HPOS="448" VPOS="1965" WIDTH="17"/>
						<String ID="word000246" HPOS="464" VPOS="1932" WIDTH="163" HEIGHT="40" CONTENT="Tanner," WC="0.98" CC="0010000"/>
						<SP ID="P15_SP00236" HPOS="627" VPOS="1972" WIDTH="12"/>
						<String ID="word000247" HPOS="639" VPOS="1929" WIDTH="252" HEIGHT="46" CONTENT="•Barnstaple," WC="0.83" CC="601050011310"/>
						<SP ID="P15_SP00237" HPOS="891" VPOS="1975" WIDTH="28"/>
						<String ID="word000248" HPOS="919" VPOS="1926" WIDTH="346" HEIGHT="46" CONTENT="money-scrivener," WC="0.86" CC="0011223010013141"/>
						<SP ID="P15_SP00238" HPOS="1265" VPOS="1975" WIDTH="34"/>
						<String ID="word000249" HPOS="1299" VPOS="1925" WIDTH="92" HEIGHT="34" CONTENT="Feb," WC="0.72" CC="1027"/>
						<SP ID="P15_SP00239" HPOS="1391" VPOS="1975" WIDTH="20"/>
						<String ID="word000250" HPOS="1411" VPOS="1924" WIDTH="33" HEIGHT="41" CONTENT="1," WC="0.83" CC="21"/>
						<SP ID="P15_SP00240" HPOS="1444" VPOS="1975" WIDTH="17"/>
						<String ID="word000251" HPOS="1461" VPOS="1926" WIDTH="22" HEIGHT="33" CONTENT="2" WC="1.00" CC="0"/>
						<SP ID="P15_SP00241" HPOS="1483" VPOS="1975" WIDTH="15"/>
						<String ID="word000252" HPOS="1499" VPOS="1925" WIDTH="67" HEIGHT="33" CONTENT="alai" WC="0.61" CC="1355"/>
						<SP ID="P15_SP00242" HPOS="1566" VPOS="1975" WIDTH="0"/>
					</TextLine>
					<TextLine ID="P15_TL00037" HPOS="231" VPOS="1972" WIDTH="1317" HEIGHT="49">
						<String ID="word000253" HPOS="231" VPOS="1977" WIDTH="65" HEIGHT="44" CONTENT="29," WC="0.89" CC="111"/>
						<SP ID="P15_SP00243" HPOS="296" VPOS="2021" WIDTH="28"/>
						<String ID="word000254" HPOS="325" VPOS="1984" WIDTH="43" HEIGHT="30" CONTENT="at" WC="1.00" CC="00"/>
						<SP ID="P15_SP00244" HPOS="367" VPOS="2021" WIDTH="33"/>
						<String ID="word000255" HPOS="400" VPOS="1980" WIDTH="146" HEIGHT="40" CONTENT="eleven," WC="0.98" CC="0010000"/>
						<SP ID="P15_SP00245" HPOS="547" VPOS="2021" WIDTH="27"/>
						<String ID="word000256" HPOS="574" VPOS="1985" WIDTH="43" HEIGHT="27" CONTENT="at" WC="1.00" CC="00"/>
						<SP ID="P15_SP00246" HPOS="617" VPOS="2021" WIDTH="27"/>
						<String ID="word000257" HPOS="644" VPOS="1978" WIDTH="63" HEIGHT="33" CONTENT="the" WC="1.00" CC="000"/>
						<SP ID="P15_SP00247" HPOS="706" VPOS="2021" WIDTH="31"/>
						<String ID="word000258" HPOS="737" VPOS="1978" WIDTH="118" HEIGHT="33" CONTENT="Globe" WC="0.87" CC="11310"/>
						<SP ID="P15_SP00248" HPOS="855" VPOS="2021" WIDTH="19"/>
						<String ID="word000259" HPOS="874" VPOS="1977" WIDTH="137" HEIGHT="40" CONTENT="Tavern" WC="0.90" CC="000000"/>
						<String ID="word000260" HPOS="1011" VPOS="1977" WIDTH="24" HEIGHT="40" CONTENT=";" STYLE="subscript" WC="0.90" CC="6"/>
						<SP ID="P15_SP00249" HPOS="1035" VPOS="2021" WIDTH="33"/>
						<String ID="word000261" HPOS="1068" VPOS="1976" WIDTH="152" HEIGHT="33" CONTENT="Exeter." WC="0.95" CC="1100001"/>
						<SP ID="P15_SP00250" HPOS="1220" VPOS="2021" WIDTH="53"/>
						<String ID="word000262" HPOS="1273" VPOS="1974" WIDTH="204" HEIGHT="39" CONTENT="Attornies." WC="0.59" CC="3333333358"/>
						<SP ID="P15_SP00251" HPOS="1478" VPOS="2021" WIDTH="19"/>
						<String ID="word000263" HPOS="1496" VPOS="1972" WIDTH="52" HEIGHT="32" CONTENT="Mr" WC="0.61" CC="16"/>
						<SP ID="P15_SP00252" HPOS="1548" VPOS="2021" WIDTH="0"/>
					</TextLine>
					<TextLine ID="P15_TL00038" HPOS="239" VPOS="2020" WIDTH="1330" HEIGHT="52">
						<String ID="word000264" HPOS="239" VPOS="2028" WIDTH="106" HEIGHT="39" CONTENT="Law," WC="0.97" CC="0100"/>
						<SP ID="P15_SP00253" HPOS="345" VPOS="2067" WIDTH="22"/>
						<String ID="word000265" HPOS="367" VPOS="2026" WIDTH="250" HEIGHT="46" CONTENT="Barustaple;" WC="0.94" CC="10101101100"/>
						<SP ID="P15_SP00254" HPOS="618" VPOS="2072" WIDTH="25"/>
						<String ID="word000266" HPOS="643" VPOS="2026" WIDTH="73" HEIGHT="34" CONTENT="and" WC="0.96" CC="010"/>
						<SP ID="P15_SP00255" HPOS="716" VPOS="2072" WIDTH="19"/>
						<String ID="word000267" HPOS="735" VPOS="2026" WIDTH="73" HEIGHT="35" CONTENT="Mr:" WC="0.63" CC="145"/>
						<SP ID="P15_SP00256" HPOS="808" VPOS="2072" WIDTH="20"/>
						<String ID="word000268" HPOS="828" VPOS="2024" WIDTH="211" HEIGHT="44" CONTENT="Brearridge" WC="0.43" CC="8537834334"/>
						<String ID="word000269" HPOS="1039" VPOS="2024" WIDTH="21" HEIGHT="44" CONTENT="l" STYLE="subscript" WC="0.43" CC="8"/>
						<SP ID="P15_SP00257" HPOS="1061" VPOS="2072" WIDTH="32"/>
						<String ID="word000270" HPOS="1093" VPOS="2022" WIDTH="176" HEIGHT="34" CONTENT="Common" WC="0.76" CC="013333"/>
						<SP ID="P15_SP00258" HPOS="1269" VPOS="2072" WIDTH="31"/>
						<String ID="word000271" HPOS="1299" VPOS="2021" WIDTH="112" HEIGHT="35" CONTENT="Pleas" WC="0.98" CC="10000"/>
						<SP ID="P15_SP00259" HPOS="1411" VPOS="2072" WIDTH="30"/>
						<String ID="word000272" HPOS="1441" VPOS="2020" WIDTH="128" HEIGHT="39" CONTENT="Oilier," WC="0.63" CC="1551551"/>
						<SP ID="P15_SP00260" HPOS="1569" VPOS="2072" WIDTH="0"/>
					</TextLine>
					<TextLine ID="P15_TL00039" HPOS="236" VPOS="2068" WIDTH="177" HEIGHT="52">
						<String ID="word000273" HPOS="236" VPOS="2068" WIDTH="177" HEIGHT="52" CONTENT="Temple," WC="0.76" CC="4100316"/>
						<SP ID="P15_SP00261" HPOS="413" VPOS="2120" WIDTH="0"/>
					</TextLine>
				</TextBlock>
				<TextBlock ID="pa0015004" HPOS="1610" VPOS="228" WIDTH="1342" HEIGHT="1061" STYLEREFS="TXT_0 PAR_BLOCK">
					<TextLine ID="P15_TL00040" HPOS="1890" VPOS="230" WIDTH="764" HEIGHT="47">
						<String ID="word000274" HPOS="1890" VPOS="230" WIDTH="176" HEIGHT="45" CONTENT="PAITN" WC="0.31" CC="55858"/>
						<SP ID="P15_SP00262" HPOS="2066" VPOS="275" WIDTH="14"/>
						<String ID="word000275" HPOS="2080" VPOS="240" WIDTH="131" HEIGHT="37" CONTENT="ERSII" WC="0.33" CC="83478"/>
						<SP ID="P15_SP00263" HPOS="2211" VPOS="276" WIDTH="13"/>
						<String ID="word000276" HPOS="2224" VPOS="240" WIDTH="79" HEIGHT="37" CONTENT="IPS" WC="0.89" CC="111"/>
						<SP ID="P15_SP00264" HPOS="2303" VPOS="276" WIDTH="30"/>
						<String ID="word000277" HPOS="2333" VPOS="240" WIDTH="321" HEIGHT="37" CONTENT="DISSOLVED." WC="0.69" CC="2233333333"/>
						<SP ID="P15_SP00265" HPOS="2654" VPOS="276" WIDTH="0"/>
					</TextLine>
					<TextLine ID="P15_TL00041" HPOS="1657" VPOS="296" WIDTH="1284" HEIGHT="51">
						<String ID="word000278" HPOS="1657" VPOS="296" WIDTH="145" HEIGHT="45" CONTENT="Horsey" WC="0.83" CC="200331"/>
						<SP ID="P15_SP00266" HPOS="1802" VPOS="341" WIDTH="17"/>
						<String ID="word000279" HPOS="1819" VPOS="296" WIDTH="70" HEIGHT="37" CONTENT="and" WC="0.96" CC="100"/>
						<SP ID="P15_SP00267" HPOS="1889" VPOS="341" WIDTH="20"/>
						<String ID="word000280" HPOS="1909" VPOS="298" WIDTH="180" HEIGHT="44" CONTENT="Gardner," WC="0.92" CC="21111000"/>
						<SP ID="P15_SP00268" HPOS="2088" VPOS="341" WIDTH="25"/>
						<String ID="word000281" HPOS="2113" VPOS="299" WIDTH="167" HEIGHT="41" CONTENT="Portsea," WC="0.58" CC="33345354"/>
						<SP ID="P15_SP00269" HPOS="2280" VPOS="341" WIDTH="20"/>
						<String ID="word000282" HPOS="2300" VPOS="302" WIDTH="171" HEIGHT="45" CONTENT="printers." WC="0.94" CC="201010100"/>
						<SP ID="P15_SP00270" HPOS="2471" VPOS="347" WIDTH="54"/>
						<String ID="word000283" HPOS="2525" VPOS="301" WIDTH="150" HEIGHT="34" CONTENT="Stevens" WC="0.95" CC="1000101"/>
						<SP ID="P15_SP00271" HPOS="2675" VPOS="347" WIDTH="12"/>
						<String ID="word000284" HPOS="2687" VPOS="300" WIDTH="73" HEIGHT="35" CONTENT="and" WC="0.96" CC="100"/>
						<SP ID="P15_SP00272" HPOS="2760" VPOS="347" WIDTH="31"/>
						<String ID="word000285" HPOS="2791" VPOS="296" WIDTH="150" HEIGHT="47" CONTENT="Shears," WC="0.84" CC="0013141"/>
						<SP ID="P15_SP00273" HPOS="2941" VPOS="347" WIDTH="0"/>
					</TextLine>
					<TextLine ID="P15_TL00042" HPOS="1612" VPOS="343" WIDTH="1326" HEIGHT="50">
						<String ID="word000286" HPOS="1612" VPOS="343" WIDTH="488" HEIGHT="48" CONTENT="Kingston-upon-Thames," WC="0.66" CC="433343335304553610061"/>
						<SP ID="P15_SP00274" HPOS="2100" VPOS="391" WIDTH="30"/>
						<String ID="word000287" HPOS="2130" VPOS="348" WIDTH="152" HEIGHT="33" CONTENT="millers." WC="0.97" CC="00000020"/>
						<SP ID="P15_SP00275" HPOS="2282" VPOS="391" WIDTH="52"/>
						<String ID="word000288" HPOS="2334" VPOS="348" WIDTH="157" HEIGHT="43" CONTENT="Ashton," WC="0.95" CC="0110100"/>
						<SP ID="P15_SP00276" HPOS="2491" VPOS="391" WIDTH="31"/>
						<String ID="word000289" HPOS="2522" VPOS="347" WIDTH="148" HEIGHT="45" CONTENT="Wright" WC="0.94" CC="100200"/>
						<SP ID="P15_SP00277" HPOS="2669" VPOS="392" WIDTH="43"/>
						<String ID="word000290" HPOS="2712" VPOS="347" WIDTH="71" HEIGHT="34" CONTENT="and" WC="0.89" CC="201"/>
						<SP ID="P15_SP00278" HPOS="2783" VPOS="392" WIDTH="35"/>
						<String ID="word000291" HPOS="2818" VPOS="348" WIDTH="96" HEIGHT="44" CONTENT="Chip" SUBS_TYPE="HypPart1" SUBS_CONTENT="Chippingdale," WC="0.89" CC="0002"/>
						<HYP HPOS="2914" VPOS="348" WIDTH="24" CONTENT="-"/>
					</TextLine>
					<TextLine ID="P15_TL00043" HPOS="1613" VPOS="391" WIDTH="1328" HEIGHT="45">
						<String ID="word000292" HPOS="1613" VPOS="391" WIDTH="185" HEIGHT="44" CONTENT="pingdale," SUBS_TYPE="HypPart2" SUBS_CONTENT="Chippingdale," WC="0.59" CC="533334453"/>
						<SP ID="P15_SP00279" HPOS="1799" VPOS="435" WIDTH="46"/>
						<String ID="word000293" HPOS="1845" VPOS="393" WIDTH="228" HEIGHT="39" CONTENT="Blackwall," WC="0.57" CC="3434333457"/>
						<SP ID="P15_SP00280" HPOS="2073" VPOS="435" WIDTH="39"/>
						<String ID="word000294" HPOS="2112" VPOS="394" WIDTH="315" HEIGHT="37" CONTENT="coal-merchants." WC="0.86" CC="320322033000000"/>
						<SP ID="P15_SP00281" HPOS="2427" VPOS="435" WIDTH="72"/>
						<String ID="word000295" HPOS="2499" VPOS="393" WIDTH="148" HEIGHT="43" CONTENT="Drake," WC="1.00" CC="000000"/>
						<SP ID="P15_SP00282" HPOS="2647" VPOS="436" WIDTH="35"/>
						<String ID="word000296" HPOS="2682" VPOS="393" WIDTH="162" HEIGHT="35" CONTENT="Roomer" WC="0.98" CC="100000"/>
						<SP ID="P15_SP00283" HPOS="2844" VPOS="436" WIDTH="24"/>
						<String ID="word000297" HPOS="2868" VPOS="393" WIDTH="73" HEIGHT="38" CONTENT="and" WC="0.63" CC="334"/>
						<SP ID="P15_SP00284" HPOS="2941" VPOS="436" WIDTH="0"/>
					</TextLine>
					<TextLine ID="P15_TL00044" HPOS="1612" VPOS="437" WIDTH="1328" HEIGHT="47">
						<String ID="word000298" HPOS="1612" VPOS="439" WIDTH="139" HEIGHT="43" CONTENT="Oxley," WC="0.61" CC="115536"/>
						<SP ID="P15_SP00285" HPOS="1752" VPOS="482" WIDTH="19"/>
						<String ID="word000299" HPOS="1770" VPOS="437" WIDTH="239" HEIGHT="41" CONTENT="Rotherham," WC="0.61" CC="0610445474"/>
						<SP ID="P15_SP00286" HPOS="2009" VPOS="482" WIDTH="27"/>
						<String ID="word000300" HPOS="2036" VPOS="442" WIDTH="31" HEIGHT="35" CONTENT="Y" WC="0.78" CC="2"/>
						<SP ID="P15_SP00287" HPOS="2067" VPOS="482" WIDTH="13"/>
						<String ID="word000301" HPOS="2080" VPOS="445" WIDTH="85" HEIGHT="39" CONTENT="ork," WC="0.83" CC="5001"/>
						<SP ID="P15_SP00288" HPOS="2165" VPOS="484" WIDTH="19"/>
						<String ID="word000302" HPOS="2184" VPOS="444" WIDTH="333" HEIGHT="34" CONTENT="wine-merchants." WC="0.71" CC="447035313310041"/>
						<SP ID="P15_SP00289" HPOS="2517" VPOS="484" WIDTH="58"/>
						<String ID="word000303" HPOS="2575" VPOS="439" WIDTH="70" HEIGHT="37" CONTENT="W;t" WC="0.48" CC="455"/>
						<SP ID="P15_SP00290" HPOS="2644" VPOS="484" WIDTH="106"/>
						<String ID="word000304" HPOS="2751" VPOS="442" WIDTH="70" HEIGHT="33" CONTENT="and" WC="1.00" CC="000"/>
						<SP ID="P15_SP00291" HPOS="2820" VPOS="484" WIDTH="18"/>
						<String ID="word000305" HPOS="2838" VPOS="441" WIDTH="77" HEIGHT="37" CONTENT="Reb" SUBS_TYPE="HypPart1" SUBS_CONTENT="Rebheck," WC="0.67" CC="143"/>
						<HYP HPOS="2915" VPOS="441" WIDTH="25" CONTENT="-"/>
					</TextLine>
					<TextLine ID="P15_TL00045" HPOS="1613" VPOS="476" WIDTH="1329" HEIGHT="56">
						<String ID="word000306" HPOS="1613" VPOS="476" WIDTH="107" HEIGHT="52" CONTENT="heck," SUBS_TYPE="HypPart2" SUBS_CONTENT="Rebheck," WC="0.91" CC="31000"/>
						<SP ID="P15_SP00292" HPOS="1721" VPOS="528" WIDTH="21"/>
						<String ID="word000307" HPOS="1742" VPOS="478" WIDTH="175" HEIGHT="50" CONTENT="DAizes," WC="0.67" CC="1611435"/>
						<SP ID="P15_SP00293" HPOS="1917" VPOS="528" WIDTH="25"/>
						<String ID="word000308" HPOS="1942" VPOS="488" WIDTH="204" HEIGHT="43" CONTENT="Wiltshire," WC="0.92" CC="2011110001"/>
						<SP ID="P15_SP00294" HPOS="2146" VPOS="530" WIDTH="19"/>
						<String ID="word000309" HPOS="2165" VPOS="490" WIDTH="188" HEIGHT="34" CONTENT="clothiers." WC="0.98" CC="0100001000"/>
						<SP ID="P15_SP00295" HPOS="2353" VPOS="530" WIDTH="52"/>
						<String ID="word000310" HPOS="2405" VPOS="490" WIDTH="104" HEIGHT="35" CONTENT="John" WC="0.86" CC="2300"/>
						<SP ID="P15_SP00296" HPOS="2509" VPOS="530" WIDTH="21"/>
						<String ID="word000311" HPOS="2530" VPOS="489" WIDTH="169" HEIGHT="43" CONTENT="Harding" WC="0.90" CC="3000012"/>
						<SP ID="P15_SP00297" HPOS="2699" VPOS="531" WIDTH="19"/>
						<String ID="word000312" HPOS="2718" VPOS="488" WIDTH="70" HEIGHT="34" CONTENT="and" WC="0.93" CC="110"/>
						<SP ID="P15_SP00298" HPOS="2787" VPOS="531" WIDTH="24"/>
						<String ID="word000313" HPOS="2811" VPOS="489" WIDTH="131" HEIGHT="35" CONTENT="Jame*" WC="0.76" CC="03116"/>
						<SP ID="P15_SP00299" HPOS="2942" VPOS="531" WIDTH="0"/>
					</TextLine>
					<TextLine ID="P15_TL00046" HPOS="1620" VPOS="531" WIDTH="1323" HEIGHT="50">
						<String ID="word000314" HPOS="1620" VPOS="531" WIDTH="174" HEIGHT="46" CONTENT="Harding;" WC="0.79" CC="32011134"/>
						<SP ID="P15_SP00300" HPOS="1794" VPOS="578" WIDTH="31"/>
						<String ID="word000315" HPOS="1825" VPOS="535" WIDTH="169" HEIGHT="40" CONTENT="Ludlow," WC="0.78" CC="7100051"/>
						<SP ID="P15_SP00301" HPOS="1994" VPOS="578" WIDTH="15"/>
						<String ID="word000316" HPOS="2009" VPOS="537" WIDTH="334" HEIGHT="40" CONTENT="glovers—Ashton" WC="0.75" CC="34110034363121"/>
						<SP ID="P15_SP00302" HPOS="2343" VPOS="578" WIDTH="9"/>
						<String ID="word000317" HPOS="2353" VPOS="539" WIDTH="67" HEIGHT="33" CONTENT="and" WC="0.96" CC="100"/>
						<SP ID="P15_SP00303" HPOS="2420" VPOS="578" WIDTH="25"/>
						<String ID="word000318" HPOS="2445" VPOS="536" WIDTH="187" HEIGHT="43" CONTENT="Fielding," WC="0.94" CC="100300010"/>
						<SP ID="P15_SP00304" HPOS="2631" VPOS="579" WIDTH="20"/>
						<String ID="word000319" HPOS="2652" VPOS="535" WIDTH="165" HEIGHT="39" CONTENT="Salford," WC="0.82" CC="11313112"/>
						<SP ID="P15_SP00305" HPOS="2817" VPOS="579" WIDTH="14"/>
						<String ID="word000320" HPOS="2831" VPOS="537" WIDTH="112" HEIGHT="44" CONTENT="dyers" WC="0.58" CC="36307"/>
						<SP ID="P15_SP00306" HPOS="2943" VPOS="581" WIDTH="0"/>
					</TextLine>
					<TextLine ID="P15_TL00047" HPOS="1612" VPOS="574" WIDTH="1333" HEIGHT="48">
						<String ID="word000321" HPOS="1612" VPOS="580" WIDTH="167" HEIGHT="35" CONTENT="—Skeen" WC="0.78" CC="011316"/>
						<SP ID="P15_SP00307" HPOS="1779" VPOS="615" WIDTH="22"/>
						<String ID="word000322" HPOS="1801" VPOS="574" WIDTH="70" HEIGHT="41" CONTENT="and" WC="1.00" CC="000"/>
						<SP ID="P15_SP00308" HPOS="1871" VPOS="615" WIDTH="24"/>
						<String ID="word000323" HPOS="1894" VPOS="581" WIDTH="234" HEIGHT="41" CONTENT="Whitehead," WC="0.91" CC="0011103200"/>
						<SP ID="P15_SP00309" HPOS="2128" VPOS="622" WIDTH="20"/>
						<String ID="word000324" HPOS="2148" VPOS="583" WIDTH="231" HEIGHT="39" CONTENT="Greenwich," WC="0.80" CC="3304400013"/>
						<SP ID="P15_SP00310" HPOS="2380" VPOS="622" WIDTH="17"/>
						<String ID="word000325" HPOS="2396" VPOS="582" WIDTH="457" HEIGHT="37" CONTENT="coal-merchants--Daft" WC="0.69" CC="06455301016006433333"/>
						<SP ID="P15_SP00311" HPOS="2854" VPOS="622" WIDTH="15"/>
						<String ID="word000326" HPOS="2869" VPOS="581" WIDTH="76" HEIGHT="35" CONTENT="and" WC="0.93" CC="011"/>
						<SP ID="P15_SP00312" HPOS="2944" VPOS="622" WIDTH="0"/>
					</TextLine>
					<TextLine ID="P15_TL00048" HPOS="1617" VPOS="628" WIDTH="1327" HEIGHT="47">
						<String ID="word000327" HPOS="1617" VPOS="628" WIDTH="123" HEIGHT="41" CONTENT="Shaw," WC="0.87" CC="11220"/>
						<SP ID="P15_SP00313" HPOS="1740" VPOS="670" WIDTH="34"/>
						<String ID="word000328" HPOS="1774" VPOS="628" WIDTH="254" HEIGHT="45" CONTENT="Nottingham," WC="0.96" CC="20000010100"/>
						<SP ID="P15_SP00314" HPOS="2028" VPOS="673" WIDTH="25"/>
						<String ID="word000329" HPOS="2053" VPOS="632" WIDTH="448" HEIGHT="43" CONTENT="stone-masons—Taylor" WC="0.71" CC="1151166101063308510"/>
						<SP ID="P15_SP00315" HPOS="2500" VPOS="674" WIDTH="24"/>
						<String ID="word000330" HPOS="2524" VPOS="630" WIDTH="71" HEIGHT="37" CONTENT="and" WC="1.00" CC="000"/>
						<SP ID="P15_SP00316" HPOS="2595" VPOS="674" WIDTH="28"/>
						<String ID="word000331" HPOS="2623" VPOS="630" WIDTH="183" HEIGHT="43" CONTENT="Johnson," WC="0.88" CC="03030300"/>
						<SP ID="P15_SP00317" HPOS="2806" VPOS="674" WIDTH="39"/>
						<String ID="word000332" HPOS="2845" VPOS="630" WIDTH="74" HEIGHT="37" CONTENT="Red" SUBS_TYPE="HypPart1" SUBS_CONTENT="Redcross-street," WC="0.63" CC="406"/>
						<HYP HPOS="2920" VPOS="630" WIDTH="24" CONTENT="-"/>
					</TextLine>
					<TextLine ID="P15_TL00049" HPOS="1616" VPOS="667" WIDTH="1329" HEIGHT="66">
						<String ID="word000333" HPOS="1616" VPOS="680" WIDTH="241" HEIGHT="35" CONTENT="cross-street," SUBS_TYPE="HypPart2" SUBS_CONTENT="Redcross-street," WC="0.67" CC="6013533101020"/>
						<SP ID="P15_SP00318" HPOS="1857" VPOS="716" WIDTH="33"/>
						<String ID="word000334" HPOS="1890" VPOS="673" WIDTH="389" HEIGHT="46" CONTENT="Southwark—Leigh" WC="0.86" CC="241101112221100"/>
						<SP ID="P15_SP00319" HPOS="2278" VPOS="719" WIDTH="31"/>
						<String ID="word000335" HPOS="2309" VPOS="679" WIDTH="69" HEIGHT="33" CONTENT="and" WC="0.96" CC="100"/>
						<SP ID="P15_SP00320" HPOS="2378" VPOS="719" WIDTH="37"/>
						<String ID="word000336" HPOS="2414" VPOS="667" WIDTH="161" HEIGHT="52" CONTENT="Walter," WC="0.73" CC="4146110"/>
						<SP ID="P15_SP00321" HPOS="2575" VPOS="719" WIDTH="40"/>
						<String ID="word000337" HPOS="2615" VPOS="679" WIDTH="203" HEIGHT="54" CONTENT="Coventry," WC="0.78" CC="020420172"/>
						<SP ID="P15_SP00322" HPOS="2818" VPOS="733" WIDTH="30"/>
						<String ID="word000338" HPOS="2848" VPOS="677" WIDTH="97" HEIGHT="35" CONTENT="silk-" WC="0.71" CC="11533"/>
					</TextLine>
					<TextLine ID="P15_TL00050" HPOS="1617" VPOS="715" WIDTH="1326" HEIGHT="56">
						<String ID="word000339" HPOS="1617" VPOS="717" WIDTH="462" HEIGHT="43" CONTENT="Inantifatturers—Colvin" WC="0.58" CC="8433583353333353333234"/>
						<SP ID="P15_SP00323" HPOS="2079" VPOS="759" WIDTH="31"/>
						<String ID="word000340" HPOS="2109" VPOS="726" WIDTH="69" HEIGHT="33" CONTENT="and" WC="0.96" CC="100"/>
						<SP ID="P15_SP00324" HPOS="2178" VPOS="759" WIDTH="35"/>
						<String ID="word000341" HPOS="2213" VPOS="725" WIDTH="176" HEIGHT="40" CONTENT="Graham," WC="0.90" CC="3010020"/>
						<SP ID="P15_SP00325" HPOS="2389" VPOS="765" WIDTH="37"/>
						<String ID="word000342" HPOS="2426" VPOS="715" WIDTH="410" HEIGHT="56" CONTENT="Liverpool—Dobr-e" WC="0.56" CC="4111171654578462"/>
						<SP ID="P15_SP00326" HPOS="2836" VPOS="770" WIDTH="34"/>
						<String ID="word000343" HPOS="2870" VPOS="722" WIDTH="73" HEIGHT="38" CONTENT="and" WC="0.85" CC="031"/>
						<SP ID="P15_SP00327" HPOS="2943" VPOS="770" WIDTH="0"/>
					</TextLine>
					<TextLine ID="P15_TL00051" HPOS="1622" VPOS="768" WIDTH="1323" HEIGHT="46">
						<String ID="word000344" HPOS="1622" VPOS="770" WIDTH="106" HEIGHT="41" CONTENT="Lisle," WC="0.89" CC="021210"/>
						<SP ID="P15_SP00328" HPOS="1728" VPOS="811" WIDTH="26"/>
						<String ID="word000345" HPOS="1754" VPOS="768" WIDTH="399" HEIGHT="45" CONTENT="Graeechttrch-street," WC="0.59" CC="53583338733363501050"/>
						<SP ID="P15_SP00329" HPOS="2153" VPOS="813" WIDTH="30"/>
						<String ID="word000346" HPOS="2183" VPOS="771" WIDTH="360" HEIGHT="35" CONTENT="haberdashers—G." WC="0.82" CC="010113110524230"/>
						<SP ID="P15_SP00330" HPOS="2543" VPOS="813" WIDTH="28"/>
						<String ID="word000347" HPOS="2571" VPOS="772" WIDTH="70" HEIGHT="33" CONTENT="and" WC="0.93" CC="110"/>
						<SP ID="P15_SP00331" HPOS="2641" VPOS="813" WIDTH="25"/>
						<String ID="word000348" HPOS="2666" VPOS="772" WIDTH="43" HEIGHT="33" CONTENT="F." WC="0.94" CC="10"/>
						<SP ID="P15_SP00332" HPOS="2708" VPOS="813" WIDTH="35"/>
						<String ID="word000349" HPOS="2744" VPOS="771" WIDTH="201" HEIGHT="43" CONTENT="NVilliaiins„" WC="0.42" CC="833333678847"/>
						<SP ID="P15_SP00333" HPOS="2944" VPOS="814" WIDTH="0"/>
					</TextLine>
					<TextLine ID="P15_TL00052" HPOS="1624" VPOS="817" WIDTH="1321" HEIGHT="46">
						<String ID="word000350" HPOS="1624" VPOS="817" WIDTH="255" HEIGHT="44" CONTENT="Bermondsey," WC="0.81" CC="42001113124"/>
						<SP ID="P15_SP00334" HPOS="1879" VPOS="861" WIDTH="18"/>
						<String ID="word000351" HPOS="1897" VPOS="817" WIDTH="477" HEIGHT="37" CONTENT="lamh-skin-dressers—i-M." WC="0.62" CC="31144424453323323547533"/>
						<SP ID="P15_SP00335" HPOS="2374" VPOS="861" WIDTH="20"/>
						<String ID="word000352" HPOS="2394" VPOS="819" WIDTH="69" HEIGHT="34" CONTENT="and" WC="0.96" CC="100"/>
						<SP ID="P15_SP00336" HPOS="2463" VPOS="861" WIDTH="25"/>
						<String ID="word000353" HPOS="2487" VPOS="819" WIDTH="56" HEIGHT="35" CONTENT="W." WC="0.61" CC="43"/>
						<SP ID="P15_SP00337" HPOS="2543" VPOS="861" WIDTH="27"/>
						<String ID="word000354" HPOS="2570" VPOS="819" WIDTH="91" HEIGHT="41" CONTENT="Roe," WC="1.00" CC="0000" STYLEREFS="TXT_1"/>
						<SP ID="P15_SP00338" HPOS="2661" VPOS="861" WIDTH="19"/>
						<String ID="word000355" HPOS="2680" VPOS="817" WIDTH="265" HEIGHT="46" CONTENT="Nottingham," WC="0.78" CC="11003171062"/>
						<SP ID="P15_SP00339" HPOS="2944" VPOS="863" WIDTH="0"/>
					</TextLine>
					<TextLine ID="P15_TL00053" HPOS="1618" VPOS="863" WIDTH="1329" HEIGHT="47">
						<String ID="word000356" HPOS="1618" VPOS="863" WIDTH="136" HEIGHT="35" CONTENT="hosiers" WC="0.79" CC="1111045"/>
						<SP ID="P15_SP00340" HPOS="1754" VPOS="899" WIDTH="9"/>
						<String ID="word000357" HPOS="1763" VPOS="865" WIDTH="196" HEIGHT="40" CONTENT="—Thoma," WC="0.82" CC="5301101"/>
						<SP ID="P15_SP00341" HPOS="1959" VPOS="905" WIDTH="22"/>
						<String ID="word000358" HPOS="1982" VPOS="865" WIDTH="157" HEIGHT="40" CONTENT="Fallew," WC="0.68" CC="1144343"/>
						<SP ID="P15_SP00342" HPOS="2139" VPOS="905" WIDTH="20"/>
						<String ID="word000359" HPOS="2159" VPOS="866" WIDTH="182" HEIGHT="44" CONTENT="Schlegel," WC="0.83" CC="110311322"/>
						<SP ID="P15_SP00343" HPOS="2341" VPOS="909" WIDTH="19"/>
						<String ID="word000360" HPOS="2360" VPOS="867" WIDTH="155" HEIGHT="35" CONTENT="Lacher," WC="0.86" CC="0211014"/>
						<SP ID="P15_SP00344" HPOS="2515" VPOS="909" WIDTH="27"/>
						<String ID="word000361" HPOS="2542" VPOS="867" WIDTH="142" HEIGHT="40" CONTENT="Huber," WC="0.78" CC="331302"/>
						<SP ID="P15_SP00345" HPOS="2683" VPOS="909" WIDTH="32"/>
						<String ID="word000362" HPOS="2715" VPOS="867" WIDTH="70" HEIGHT="33" CONTENT="and" WC="0.89" CC="300"/>
						<SP ID="P15_SP00346" HPOS="2785" VPOS="909" WIDTH="25"/>
						<String ID="word000363" HPOS="2810" VPOS="863" WIDTH="115" HEIGHT="46" CONTENT="Freug" SUBS_TYPE="HypPart1" SUBS_CONTENT="Freugley," WC="0.54" CC="33544"/>
						<HYP HPOS="2924" VPOS="863" WIDTH="22" CONTENT="-"/>
					</TextLine>
					<TextLine ID="P15_TL00054" HPOS="1618" VPOS="909" WIDTH="1327" HEIGHT="48">
						<String ID="word000364" HPOS="1618" VPOS="909" WIDTH="76" HEIGHT="45" CONTENT="ley," SUBS_TYPE="HypPart2" SUBS_CONTENT="Freugley," WC="0.69" CC="6500"/>
						<SP ID="P15_SP00347" HPOS="1694" VPOS="954" WIDTH="35"/>
						<String ID="word000365" HPOS="1729" VPOS="912" WIDTH="244" HEIGHT="43" CONTENT="Manchester;" WC="0.96" CC="00000000004"/>
						<SP ID="P15_SP00348" HPOS="1974" VPOS="954" WIDTH="34"/>
						<String ID="word000366" HPOS="2008" VPOS="914" WIDTH="483" HEIGHT="40" CONTENT="clock-makers--Mawet;" WC="0.70" CC="14160631010114543336"/>
						<SP ID="P15_SP00349" HPOS="2491" VPOS="954" WIDTH="34"/>
						<String ID="word000367" HPOS="2525" VPOS="914" WIDTH="162" HEIGHT="43" CONTENT="Rainey," WC="0.79" CC="1133041"/>
						<SP ID="P15_SP00350" HPOS="2687" VPOS="957" WIDTH="30"/>
						<String ID="word000368" HPOS="2717" VPOS="913" WIDTH="70" HEIGHT="33" CONTENT="and" WC="0.93" CC="110"/>
						<SP ID="P15_SP00351" HPOS="2786" VPOS="957" WIDTH="31"/>
						<String ID="word000369" HPOS="2817" VPOS="912" WIDTH="103" HEIGHT="44" CONTENT="Harp" SUBS_TYPE="HypPart1" SUBS_CONTENT="Harpham," WC="0.58" CC="6045"/>
						<HYP HPOS="2920" VPOS="912" WIDTH="25" CONTENT="-"/>
					</TextLine>
					<TextLine ID="P15_TL00055" HPOS="1622" VPOS="958" WIDTH="1325" HEIGHT="43">
						<String ID="word000370" HPOS="1622" VPOS="959" WIDTH="96" HEIGHT="39" CONTENT="ham," SUBS_TYPE="HypPart2" SUBS_CONTENT="Harpham," WC="0.89" CC="4000"/>
						<SP ID="P15_SP00352" HPOS="1717" VPOS="998" WIDTH="20"/>
						<String ID="word000371" HPOS="1737" VPOS="958" WIDTH="193" HEIGHT="41" CONTENT="Waintleet" WC="0.84" CC="331311010"/>
						<SP ID="P15_SP00353" HPOS="1930" VPOS="999" WIDTH="24"/>
						<String ID="word000372" HPOS="1954" VPOS="960" WIDTH="216" HEIGHT="40" CONTENT="All-Saints," WC="0.88" CC="03223001010"/>
						<SP ID="P15_SP00354" HPOS="2170" VPOS="1000" WIDTH="21"/>
						<String ID="word000373" HPOS="2191" VPOS="961" WIDTH="262" HEIGHT="39" CONTENT="Lincolnshire," WC="0.87" CC="1111113122001"/>
						<SP ID="P15_SP00355" HPOS="2453" VPOS="1000" WIDTH="27"/>
						<String ID="word000374" HPOS="2480" VPOS="960" WIDTH="376" HEIGHT="34" CONTENT="tanners--Clarkson" WC="0.64" CC="34005051354333538"/>
						<SP ID="P15_SP00356" HPOS="2856" VPOS="1000" WIDTH="20"/>
						<String ID="word000375" HPOS="2876" VPOS="959" WIDTH="71" HEIGHT="34" CONTENT="and" WC="0.81" CC="500"/>
						<SP ID="P15_SP00357" HPOS="2947" VPOS="1000" WIDTH="0"/>
					</TextLine>
					<TextLine ID="P15_TL00056" HPOS="1623" VPOS="998" WIDTH="1325" HEIGHT="54">
						<String ID="word000376" HPOS="1623" VPOS="1006" WIDTH="131" HEIGHT="40" CONTENT="Smith," WC="0.69" CC="443150"/>
						<SP ID="P15_SP00358" HPOS="1754" VPOS="1046" WIDTH="33"/>
						<String ID="word000377" HPOS="1787" VPOS="998" WIDTH="215" HEIGHT="53" CONTENT="Liverpool," WC="0.93" CC="1001001111"/>
						<SP ID="P15_SP00359" HPOS="2002" VPOS="1051" WIDTH="38"/>
						<String ID="word000378" HPOS="2040" VPOS="1009" WIDTH="464" HEIGHT="43" CONTENT="porter-dealers—Dixon" WC="0.89" CC="00000232001002441000"/>
						<SP ID="P15_SP00360" HPOS="2504" VPOS="1051" WIDTH="20"/>
						<String ID="word000379" HPOS="2524" VPOS="1007" WIDTH="73" HEIGHT="34" CONTENT="and" WC="0.96" CC="010"/>
						<SP ID="P15_SP00361" HPOS="2597" VPOS="1051" WIDTH="31"/>
						<String ID="word000380" HPOS="2628" VPOS="1006" WIDTH="142" HEIGHT="40" CONTENT="Bacon," WC="1.00" CC="000000"/>
						<SP ID="P15_SP00362" HPOS="2770" VPOS="1051" WIDTH="33"/>
						<String ID="word000381" HPOS="2803" VPOS="1006" WIDTH="122" HEIGHT="34" CONTENT="White" SUBS_TYPE="HypPart1" SUBS_CONTENT="Whitehaven," WC="0.87" CC="21012"/>
						<HYP HPOS="2924" VPOS="1006" WIDTH="24" CONTENT="-"/>
					</TextLine>
					<TextLine ID="P15_TL00057" HPOS="1623" VPOS="1048" WIDTH="1320" HEIGHT="46">
						<String ID="word000382" HPOS="1623" VPOS="1052" WIDTH="125" HEIGHT="38" CONTENT="haven," SUBS_TYPE="HypPart2" SUBS_CONTENT="Whitehaven," WC="0.85" CC="200123"/>
						<SP ID="P15_SP00363" HPOS="1748" VPOS="1090" WIDTH="20"/>
						<String ID="word000383" HPOS="1768" VPOS="1054" WIDTH="257" HEIGHT="40" CONTENT="Cumberland," WC="0.82" CC="03351011301"/>
						<SP ID="P15_SP00364" HPOS="2026" VPOS="1094" WIDTH="28"/>
						<String ID="word000384" HPOS="2054" VPOS="1056" WIDTH="246" HEIGHT="33" CONTENT="mercers—L." WC="0.85" CC="1105003210"/>
						<SP ID="P15_SP00365" HPOS="2300" VPOS="1094" WIDTH="19"/>
						<String ID="word000385" HPOS="2319" VPOS="1055" WIDTH="40" HEIGHT="35" CONTENT="J." WC="1.00" CC="00"/>
						<SP ID="P15_SP00366" HPOS="2359" VPOS="1094" WIDTH="15"/>
						<String ID="word000386" HPOS="2374" VPOS="1056" WIDTH="52" HEIGHT="33" CONTENT="M." WC="0.94" CC="10"/>
						<SP ID="P15_SP00367" HPOS="2426" VPOS="1094" WIDTH="22"/>
						<String ID="word000387" HPOS="2448" VPOS="1054" WIDTH="71" HEIGHT="34" CONTENT="and" WC="0.96" CC="100"/>
						<SP ID="P15_SP00368" HPOS="2519" VPOS="1094" WIDTH="21"/>
						<String ID="word000388" HPOS="2541" VPOS="1054" WIDTH="44" HEIGHT="33" CONTENT="F." WC="0.78" CC="40"/>
						<SP ID="P15_SP00369" HPOS="2584" VPOS="1094" WIDTH="19"/>
						<String ID="word000389" HPOS="2603" VPOS="1052" WIDTH="182" HEIGHT="39" CONTENT="Michael," WC="0.58" CC="35601834"/>
						<SP ID="P15_SP00370" HPOS="2785" VPOS="1094" WIDTH="26"/>
						<String ID="word000390" HPOS="2811" VPOS="1048" WIDTH="106" HEIGHT="39" CONTENT="Swan" SUBS_TYPE="HypPart1" SUBS_CONTENT="Swansea," WC="0.69" CC="7112"/>
						<HYP HPOS="2917" VPOS="1048" WIDTH="26" CONTENT="-"/>
					</TextLine>
					<TextLine ID="P15_TL00058" HPOS="1622" VPOS="1100" WIDTH="1328" HEIGHT="45">
						<String ID="word000391" HPOS="1622" VPOS="1111" WIDTH="74" HEIGHT="30" CONTENT="sea," SUBS_TYPE="HypPart2" SUBS_CONTENT="Swansea," WC="0.56" CC="7441"/>
						<SP ID="P15_SP00371" HPOS="1696" VPOS="1141" WIDTH="31"/>
						<String ID="word000392" HPOS="1727" VPOS="1100" WIDTH="420" HEIGHT="35" CONTENT="silversmiths—Littler" WC="0.89" CC="00020000000223234100"/>
						<SP ID="P15_SP00372" HPOS="2147" VPOS="1141" WIDTH="15"/>
						<String ID="word000393" HPOS="2163" VPOS="1103" WIDTH="67" HEIGHT="33" CONTENT="and" WC="0.96" CC="001"/>
						<SP ID="P15_SP00373" HPOS="2230" VPOS="1141" WIDTH="22"/>
						<String ID="word000394" HPOS="2252" VPOS="1100" WIDTH="143" HEIGHT="40" CONTENT="Heard," WC="0.89" CC="400011"/>
						<SP ID="P15_SP00374" HPOS="2395" VPOS="1141" WIDTH="28"/>
						<String ID="word000395" HPOS="2424" VPOS="1102" WIDTH="300" HEIGHT="43" CONTENT="Temple-Mills," WC="0.88" CC="0010342200110"/>
						<SP ID="P15_SP00375" HPOS="2724" VPOS="1144" WIDTH="21"/>
						<String ID="word000396" HPOS="2745" VPOS="1100" WIDTH="204" HEIGHT="44" CONTENT="Stratford," WC="0.95" CC="0003001000"/>
						<SP ID="P15_SP00376" HPOS="2949" VPOS="1144" WIDTH="0"/>
					</TextLine>
					<TextLine ID="P15_TL00059" HPOS="1620" VPOS="1147" WIDTH="1329" HEIGHT="46">
						<String ID="word000397" HPOS="1620" VPOS="1147" WIDTH="385" HEIGHT="46" CONTENT="calico-printers—J." WC="0.82" CC="123113420021103410"/>
						<SP ID="P15_SP00377" HPOS="2006" VPOS="1193" WIDTH="14"/>
						<String ID="word000398" HPOS="2020" VPOS="1148" WIDTH="67" HEIGHT="34" CONTENT="and" WC="0.96" CC="010"/>
						<SP ID="P15_SP00378" HPOS="2087" VPOS="1193" WIDTH="15"/>
						<String ID="word000399" HPOS="2102" VPOS="1149" WIDTH="235" HEIGHT="44" CONTENT="C.Langdon," WC="0.92" CC="0110110111"/>
						<SP ID="P15_SP00379" HPOS="2337" VPOS="1193" WIDTH="14"/>
						<String ID="word000400" HPOS="2352" VPOS="1149" WIDTH="197" HEIGHT="40" CONTENT="Leicester," WC="0.92" CC="0113020000"/>
						<SP ID="P15_SP00380" HPOS="2549" VPOS="1193" WIDTH="14"/>
						<String ID="word000401" HPOS="2563" VPOS="1148" WIDTH="235" HEIGHT="34" CONTENT="hosiers—F." WC="0.63" CC="4533434223"/>
						<SP ID="P15_SP00381" HPOS="2798" VPOS="1193" WIDTH="14"/>
						<String ID="word000402" HPOS="2812" VPOS="1149" WIDTH="69" HEIGHT="33" CONTENT="and" WC="1.00" CC="000"/>
						<SP ID="P15_SP00382" HPOS="2881" VPOS="1193" WIDTH="17"/>
						<String ID="word000403" HPOS="2897" VPOS="1147" WIDTH="52" HEIGHT="35" CONTENT="D." WC="0.72" CC="41"/>
						<SP ID="P15_SP00383" HPOS="2949" VPOS="1193" WIDTH="0"/>
					</TextLine>
					<TextLine ID="P15_TL00060" HPOS="1630" VPOS="1194" WIDTH="1322" HEIGHT="47">
						<String ID="word000404" HPOS="1630" VPOS="1194" WIDTH="157" HEIGHT="43" CONTENT="Wilcke," WC="0.56" CC="5833333"/>
						<SP ID="P15_SP00384" HPOS="1787" VPOS="1237" WIDTH="22"/>
						<String ID="word000405" HPOS="1809" VPOS="1196" WIDTH="269" HEIGHT="43" CONTENT="Russel-street," WC="0.82" CC="11311233421001"/>
						<SP ID="P15_SP00385" HPOS="2079" VPOS="1239" WIDTH="27"/>
						<String ID="word000406" HPOS="2106" VPOS="1196" WIDTH="240" HEIGHT="45" CONTENT="Drury-lane," WC="0.93" CC="01002310000"/>
						<SP ID="P15_SP00386" HPOS="2346" VPOS="1241" WIDTH="25"/>
						<String ID="word000407" HPOS="2370" VPOS="1196" WIDTH="318" HEIGHT="34" CONTENT="bakers—Foster" WC="0.87" CC="0110023601010"/>
						<SP ID="P15_SP00387" HPOS="2688" VPOS="1241" WIDTH="17"/>
						<String ID="word000408" HPOS="2705" VPOS="1196" WIDTH="73" HEIGHT="32" CONTENT="and" WC="1.00" CC="000"/>
						<SP ID="P15_SP00388" HPOS="2778" VPOS="1241" WIDTH="18"/>
						<String ID="word000409" HPOS="2796" VPOS="1194" WIDTH="156" HEIGHT="46" CONTENT="Tayler," WC="0.78" CC="1103441"/>
						<SP ID="P15_SP00389" HPOS="2952" VPOS="1241" WIDTH="0"/>
					</TextLine>
					<TextLine ID="P15_TL00061" HPOS="1625" VPOS="1241" WIDTH="415" HEIGHT="47">
						<String ID="word000410" HPOS="1625" VPOS="1243" WIDTH="197" HEIGHT="45" CONTENT="Newport," WC="0.79" CC="64400001"/>
						<SP ID="P15_SP00390" HPOS="1822" VPOS="1287" WIDTH="19"/>
						<String ID="word000411" HPOS="1841" VPOS="1241" WIDTH="198" HEIGHT="46" CONTENT="plumbers." WC="0.95" CC="103000000"/>
						<SP ID="P15_SP00391" HPOS="2040" VPOS="1287" WIDTH="0"/>
					</TextLine>
				</TextBlock>
				<TextBlock ID="pa0015005" HPOS="692" VPOS="2104" WIDTH="391" HEIGHT="59" STYLEREFS="TXT_0 PAR_LEFT">
					<TextLine ID="P15_TL00062" HPOS="750" VPOS="2111" WIDTH="332" HEIGHT="46">
						<String ID="word000412" HPOS="750" VPOS="2111" WIDTH="332" HEIGHT="46" CONTENT="DIVIDENDS." WC="0.72" CC="5463011041"/>
						<SP ID="P15_SP00392" HPOS="1082" VPOS="2157" WIDTH="0"/>
					</TextLine>
				</TextBlock>
				<TextBlock ID="pa0015006" HPOS="231" VPOS="2181" WIDTH="1352" HEIGHT="828" STYLEREFS="TXT_2 PAR_LEFT">
					<TextLine ID="P15_TL00063" HPOS="285" VPOS="2184" WIDTH="1286" HEIGHT="51">
						<String ID="word000413" HPOS="285" VPOS="2191" WIDTH="135" HEIGHT="35" CONTENT="March" WC="0.93" CC="00003"/>
						<SP ID="P15_SP00393" HPOS="419" VPOS="2226" WIDTH="19"/>
						<String ID="word000414" HPOS="438" VPOS="2191" WIDTH="59" HEIGHT="35" CONTENT="17." WC="0.89" CC="210"/>
						<SP ID="P15_SP00394" HPOS="497" VPOS="2226" WIDTH="31"/>
						<String ID="word000415" HPOS="528" VPOS="2191" WIDTH="61" HEIGHT="35" CONTENT="W." WC="1.00" CC="00"/>
						<SP ID="P15_SP00395" HPOS="589" VPOS="2226" WIDTH="28"/>
						<String ID="word000416" HPOS="618" VPOS="2189" WIDTH="154" HEIGHT="46" CONTENT="Bo?gin," WC="0.54" CC="0573653"/>
						<SP ID="P15_SP00396" HPOS="771" VPOS="2235" WIDTH="34"/>
						<String ID="word000417" HPOS="806" VPOS="2189" WIDTH="159" HEIGHT="44" CONTENT="Bristol," WC="0.83" CC="53020110"/>
						<SP ID="P15_SP00397" HPOS="965" VPOS="2235" WIDTH="30"/>
						<String ID="word000418" HPOS="994" VPOS="2189" WIDTH="159" HEIGHT="46" CONTENT="printer," WC="0.96" CC="00300000"/>
						<SP ID="P15_SP00398" HPOS="1154" VPOS="2235" WIDTH="31"/>
						<String ID="word000419" HPOS="1185" VPOS="2191" WIDTH="41" HEIGHT="31" CONTENT="at" WC="1.00" CC="00"/>
						<SP ID="P15_SP00399" HPOS="1226" VPOS="2235" WIDTH="27"/>
						<String ID="word000420" HPOS="1253" VPOS="2185" WIDTH="155" HEIGHT="43" CONTENT="twelve," WC="0.98" CC="0100000"/>
						<SP ID="P15_SP00400" HPOS="1408" VPOS="2235" WIDTH="31"/>
						<String ID="word000421" HPOS="1439" VPOS="2189" WIDTH="39" HEIGHT="31" CONTENT="at" WC="1.00" CC="00"/>
						<SP ID="P15_SP00401" HPOS="1478" VPOS="2235" WIDTH="33"/>
						<String ID="word000422" HPOS="1511" VPOS="2184" WIDTH="60" HEIGHT="34" CONTENT="the" WC="1.00" CC="000"/>
						<SP ID="P15_SP00402" HPOS="1571" VPOS="2235" WIDTH="0"/>
					</TextLine>
					<TextLine ID="P15_TL00064" HPOS="237" VPOS="2236" WIDTH="526" HEIGHT="45">
						<String ID="word000423" HPOS="237" VPOS="2236" WIDTH="133" HEIGHT="38" CONTENT="White" WC="0.95" CC="10100"/>
						<SP ID="P15_SP00403" HPOS="371" VPOS="2274" WIDTH="22"/>
						<String ID="word000424" HPOS="393" VPOS="2239" WIDTH="93" HEIGHT="34" CONTENT="Lion" WC="0.94" CC="0101"/>
						<SP ID="P15_SP00404" HPOS="487" VPOS="2274" WIDTH="19"/>
						<String ID="word000425" HPOS="506" VPOS="2239" WIDTH="81" HEIGHT="41" CONTENT="Inn," WC="0.97" CC="1000"/>
						<SP ID="P15_SP00405" HPOS="587" VPOS="2281" WIDTH="19"/>
						<String ID="word000426" HPOS="606" VPOS="2238" WIDTH="157" HEIGHT="34" CONTENT="Bristol." WC="0.85" CC="00111044"/>
						<SP ID="P15_SP00406" HPOS="763" VPOS="2281" WIDTH="0"/>
					</TextLine>
					<TextLine ID="P15_TL00065" HPOS="287" VPOS="2278" WIDTH="1284" HEIGHT="52">
						<String ID="word000427" HPOS="287" VPOS="2287" WIDTH="94" HEIGHT="35" CONTENT="Feb." WC="0.92" CC="3000"/>
						<SP ID="P15_SP00407" HPOS="381" VPOS="2322" WIDTH="37"/>
						<String ID="word000428" HPOS="418" VPOS="2287" WIDTH="38" HEIGHT="37" CONTENT="84" WC="0.28" CC="67"/>
						<SP ID="P15_SP00408" HPOS="456" VPOS="2323" WIDTH="39"/>
						<String ID="word000429" HPOS="495" VPOS="2287" WIDTH="45" HEIGHT="37" CONTENT="J." WC="1.00" CC="00"/>
						<SP ID="P15_SP00409" HPOS="540" VPOS="2323" WIDTH="38"/>
						<String ID="word000430" HPOS="578" VPOS="2285" WIDTH="174" HEIGHT="41" CONTENT="Preston," WC="1.00" CC="00000000"/>
						<SP ID="P15_SP00410" HPOS="751" VPOS="2327" WIDTH="43"/>
						<String ID="word000431" HPOS="794" VPOS="2283" WIDTH="467" HEIGHT="47" CONTENT="Burton-upon-Humber," WC="0.83" CC="5100324211242100000"/>
						<SP ID="P15_SP00411" HPOS="1260" VPOS="2330" WIDTH="44"/>
						<String ID="word000432" HPOS="1304" VPOS="2278" WIDTH="267" HEIGHT="38" CONTENT="Lincolnshire," WC="0.78" CC="0343330400024"/>
						<SP ID="P15_SP00412" HPOS="1571" VPOS="2330" WIDTH="0"/>
					</TextLine>
					<TextLine ID="P15_TL00066" HPOS="234" VPOS="2328" WIDTH="1342" HEIGHT="48">
						<String ID="word000433" HPOS="234" VPOS="2337" WIDTH="150" HEIGHT="39" CONTENT="tanner," WC="0.97" CC="0000020"/>
						<SP ID="P15_SP00413" HPOS="384" VPOS="2376" WIDTH="41"/>
						<String ID="word000434" HPOS="425" VPOS="2341" WIDTH="44" HEIGHT="28" CONTENT="at" WC="1.00" CC="00"/>
						<SP ID="P15_SP00414" HPOS="469" VPOS="2376" WIDTH="33"/>
						<String ID="word000435" HPOS="502" VPOS="2336" WIDTH="145" HEIGHT="40" CONTENT="eleven," WC="0.94" CC="0211000"/>
						<SP ID="P15_SP00415" HPOS="647" VPOS="2376" WIDTH="39"/>
						<String ID="word000436" HPOS="686" VPOS="2340" WIDTH="44" HEIGHT="28" CONTENT="at" WC="1.00" CC="00"/>
						<SP ID="P15_SP00416" HPOS="730" VPOS="2376" WIDTH="37"/>
						<String ID="word000437" HPOS="767" VPOS="2335" WIDTH="61" HEIGHT="34" CONTENT="the" WC="0.85" CC="112"/>
						<SP ID="P15_SP00417" HPOS="828" VPOS="2376" WIDTH="41"/>
						<String ID="word000438" HPOS="869" VPOS="2331" WIDTH="126" HEIGHT="35" CONTENT="White" WC="0.69" CC="22523"/>
						<SP ID="P15_SP00418" HPOS="996" VPOS="2376" WIDTH="40"/>
						<String ID="word000439" HPOS="1036" VPOS="2334" WIDTH="111" HEIGHT="33" CONTENT="Swan" WC="0.97" CC="0001"/>
						<SP ID="P15_SP00419" HPOS="1147" VPOS="2376" WIDTH="43"/>
						<String ID="word000440" HPOS="1189" VPOS="2330" WIDTH="81" HEIGHT="43" CONTENT="Inn," WC="0.42" CC="3783"/>
						<SP ID="P15_SP00420" HPOS="1271" VPOS="2376" WIDTH="28"/>
						<String ID="word000441" HPOS="1299" VPOS="2328" WIDTH="276" HEIGHT="46" CONTENT="Burton-upon-" WC="0.83" CC="010032401322"/>
					</TextLine>
					<TextLine ID="P15_TL00067" HPOS="235" VPOS="2382" WIDTH="195" HEIGHT="37">
						<String ID="word000442" HPOS="235" VPOS="2382" WIDTH="40" HEIGHT="37" CONTENT="H" WC="0.44" CC="5" STYLEREFS="TXT_3"/>
						<SP ID="P15_SP00421" HPOS="275" VPOS="2419" WIDTH="7"/>
						<String ID="word000443" HPOS="282" VPOS="2383" WIDTH="148" HEIGHT="33" CONTENT="untber." WC="0.62" CC="3573330"/>
						<SP ID="P15_SP00422" HPOS="430" VPOS="2419" WIDTH="0"/>
					</TextLine>
					<TextLine ID="P15_TL00068" HPOS="288" VPOS="2422" WIDTH="1286" HEIGHT="47">
						<String ID="word000444" HPOS="288" VPOS="2428" WIDTH="94" HEIGHT="38" CONTENT="Feb." WC="1.00" CC="0000"/>
						<SP ID="P15_SP00423" HPOS="383" VPOS="2466" WIDTH="24"/>
						<String ID="word000445" HPOS="406" VPOS="2428" WIDTH="59" HEIGHT="35" CONTENT="10." WC="0.70" CC="341"/>
						<SP ID="P15_SP00424" HPOS="465" VPOS="2466" WIDTH="25"/>
						<String ID="word000446" HPOS="490" VPOS="2428" WIDTH="51" HEIGHT="35" CONTENT="T." WC="1.00" CC="00"/>
						<SP ID="P15_SP00425" HPOS="541" VPOS="2466" WIDTH="20"/>
						<String ID="word000447" HPOS="561" VPOS="2427" WIDTH="181" HEIGHT="41" CONTENT="Filcock," WC="0.57" CC="33653533"/>
						<SP ID="P15_SP00426" HPOS="742" VPOS="2469" WIDTH="18"/>
						<String ID="word000448" HPOS="759" VPOS="2426" WIDTH="269" HEIGHT="41" CONTENT="Macclesfield," WC="0.85" CC="0110301550002"/>
						<SP ID="P15_SP00427" HPOS="1029" VPOS="2469" WIDTH="30"/>
						<String ID="word000449" HPOS="1058" VPOS="2422" WIDTH="194" HEIGHT="44" CONTENT="Cheshire," WC="0.99" CC="000001000"/>
						<SP ID="P15_SP00428" HPOS="1252" VPOS="2469" WIDTH="26"/>
						<String ID="word000450" HPOS="1278" VPOS="2431" WIDTH="148" HEIGHT="37" CONTENT="grocer," WC="1.00" CC="0000000"/>
						<SP ID="P15_SP00429" HPOS="1426" VPOS="2469" WIDTH="15"/>
						<String ID="word000451" HPOS="1441" VPOS="2425" WIDTH="39" HEIGHT="31" CONTENT="at" WC="1.00" CC="00"/>
						<SP ID="P15_SP00430" HPOS="1480" VPOS="2469" WIDTH="18"/>
						<String ID="word000452" HPOS="1498" VPOS="2425" WIDTH="76" HEIGHT="37" CONTENT="ten," WC="0.97" CC="0010"/>
						<SP ID="P15_SP00431" HPOS="1573" VPOS="2469" WIDTH="0"/>
					</TextLine>
					<TextLine ID="P15_TL00069" HPOS="236" VPOS="2473" WIDTH="904" HEIGHT="49">
						<String ID="word000453" HPOS="236" VPOS="2480" WIDTH="44" HEIGHT="32" CONTENT="at" WC="1.00" CC="00"/>
						<SP ID="P15_SP00432" HPOS="280" VPOS="2512" WIDTH="17"/>
						<String ID="word000454" HPOS="296" VPOS="2476" WIDTH="64" HEIGHT="37" CONTENT="the" WC="1.00" CC="000"/>
						<SP ID="P15_SP00433" HPOS="360" VPOS="2512" WIDTH="14"/>
						<String ID="word000455" HPOS="374" VPOS="2476" WIDTH="267" HEIGHT="46" CONTENT="Bridgewater" WC="0.93" CC="01301002000"/>
						<SP ID="P15_SP00434" HPOS="641" VPOS="2522" WIDTH="17"/>
						<String ID="word000456" HPOS="658" VPOS="2476" WIDTH="112" HEIGHT="34" CONTENT="Arms" WC="1.00" CC="0000"/>
						<SP ID="P15_SP00435" HPOS="770" VPOS="2522" WIDTH="19"/>
						<String ID="word000457" HPOS="789" VPOS="2474" WIDTH="84" HEIGHT="40" CONTENT="lon," WC="0.92" CC="1110"/>
						<SP ID="P15_SP00436" HPOS="873" VPOS="2522" WIDTH="20"/>
						<String ID="word000458" HPOS="893" VPOS="2473" WIDTH="247" HEIGHT="34" CONTENT="Manchester." WC="0.91" CC="20300021100"/>
						<SP ID="P15_SP00437" HPOS="1140" VPOS="2522" WIDTH="0"/>
					</TextLine>
					<TextLine ID="P15_TL00070" HPOS="287" VPOS="2513" WIDTH="1291" HEIGHT="51">
						<String ID="word000459" HPOS="287" VPOS="2524" WIDTH="131" HEIGHT="35" CONTENT="March" WC="0.95" CC="01010"/>
						<SP ID="P15_SP00438" HPOS="418" VPOS="2559" WIDTH="20"/>
						<String ID="word000460" HPOS="438" VPOS="2523" WIDTH="60" HEIGHT="37" CONTENT="O." WC="0.50" CC="81"/>
						<SP ID="P15_SP00439" HPOS="498" VPOS="2559" WIDTH="103"/>
						<String ID="word000461" HPOS="601" VPOS="2523" WIDTH="130" HEIGHT="41" CONTENT="Mure," WC="0.91" CC="30100"/>
						<SP ID="P15_SP00440" HPOS="731" VPOS="2564" WIDTH="32"/>
						<String ID="word000462" HPOS="763" VPOS="2520" WIDTH="46" HEIGHT="35" CONTENT="It." WC="0.81" CC="320" STYLEREFS="TXT_3"/>
						<SP ID="P15_SP00441" HPOS="809" VPOS="2564" WIDTH="20"/>
						<String ID="word000463" HPOS="829" VPOS="2522" WIDTH="112" HEIGHT="33" CONTENT="Mure" WC="0.61" CC="3353"/>
						<SP ID="P15_SP00442" HPOS="941" VPOS="2564" WIDTH="28"/>
						<String ID="word000464" HPOS="970" VPOS="2520" WIDTH="70" HEIGHT="34" CONTENT="and" WC="0.96" CC="100"/>
						<SP ID="P15_SP00443" HPOS="1039" VPOS="2564" WIDTH="44"/>
						<String ID="word000465" HPOS="1083" VPOS="2519" WIDTH="63" HEIGHT="34" CONTENT="W." WC="0.94" CC="10"/>
						<SP ID="P15_SP00444" HPOS="1146" VPOS="2564" WIDTH="30"/>
						<String ID="word000466" HPOS="1175" VPOS="2518" WIDTH="122" HEIGHT="41" CONTENT="Mure," WC="0.98" CC="10000"/>
						<SP ID="P15_SP00445" HPOS="1297" VPOS="2564" WIDTH="40"/>
						<String ID="word000467" HPOS="1337" VPOS="2513" WIDTH="241" HEIGHT="38" CONTENT="Fenchurch." WC="0.58" CC="3333353555"/>
						<SP ID="P15_SP00446" HPOS="1578" VPOS="2564" WIDTH="0"/>
					</TextLine>
					<TextLine ID="P15_TL00071" HPOS="237" VPOS="2568" WIDTH="808" HEIGHT="46">
						<String ID="word000468" HPOS="237" VPOS="2578" WIDTH="129" HEIGHT="35" CONTENT="street," WC="0.92" CC="4000001"/>
						<SP ID="P15_SP00447" HPOS="366" VPOS="2614" WIDTH="24"/>
						<String ID="word000469" HPOS="390" VPOS="2572" WIDTH="224" HEIGHT="41" CONTENT="merchants," WC="0.99" CC="0000010000"/>
						<SP ID="P15_SP00448" HPOS="614" VPOS="2614" WIDTH="18"/>
						<String ID="word000470" HPOS="632" VPOS="2577" WIDTH="46" HEIGHT="32" CONTENT="at„" WC="0.59" CC="227"/>
						<SP ID="P15_SP00449" HPOS="678" VPOS="2614" WIDTH="12"/>
						<String ID="word000471" HPOS="690" VPOS="2577" WIDTH="76" HEIGHT="34" CONTENT="ten," WC="1.00" CC="0000"/>
						<SP ID="P15_SP00450" HPOS="765" VPOS="2614" WIDTH="17"/>
						<String ID="word000472" HPOS="782" VPOS="2575" WIDTH="39" HEIGHT="28" CONTENT="at" WC="1.00" CC="00"/>
						<SP ID="P15_SP00451" HPOS="821" VPOS="2614" WIDTH="14"/>
						<String ID="word000473" HPOS="835" VPOS="2568" WIDTH="210" HEIGHT="34" CONTENT="Guildhall." WC="0.76" CC="5303221510"/>
						<SP ID="P15_SP00452" HPOS="1045" VPOS="2614" WIDTH="0"/>
					</TextLine>
					<TextLine ID="P15_TL00072" HPOS="294" VPOS="2609" WIDTH="1283" HEIGHT="55">
						<String ID="word000474" HPOS="294" VPOS="2619" WIDTH="92" HEIGHT="38" CONTENT="Feb." WC="1.00" CC="0000"/>
						<SP ID="P15_SP00453" HPOS="386" VPOS="2656" WIDTH="31"/>
						<String ID="word000475" HPOS="417" VPOS="2619" WIDTH="56" HEIGHT="35" CONTENT="13." WC="0.70" CC="350"/>
						<SP ID="P15_SP00454" HPOS="472" VPOS="2656" WIDTH="28"/>
						<String ID="word000476" HPOS="501" VPOS="2621" WIDTH="38" HEIGHT="33" CONTENT="J." WC="1.00" CC="00"/>
						<SP ID="P15_SP00455" HPOS="539" VPOS="2656" WIDTH="24"/>
						<String ID="word000477" HPOS="562" VPOS="2619" WIDTH="144" HEIGHT="45" CONTENT="Percy," WC="1.00" CC="000000"/>
						<SP ID="P15_SP00456" HPOS="706" VPOS="2663" WIDTH="38"/>
						<String ID="word000478" HPOS="744" VPOS="2617" WIDTH="220" HEIGHT="46" CONTENT="Liverpool," WC="0.92" CC="3111010000"/>
						<SP ID="P15_SP00457" HPOS="964" VPOS="2663" WIDTH="33"/>
						<String ID="word000479" HPOS="997" VPOS="2613" WIDTH="276" HEIGHT="44" CONTENT="block-maker," WC="0.91" CC="000022321000"/>
						<SP ID="P15_SP00458" HPOS="1273" VPOS="2663" WIDTH="21"/>
						<String ID="word000480" HPOS="1294" VPOS="2617" WIDTH="43" HEIGHT="30" CONTENT="at" WC="1.00" CC="00"/>
						<SP ID="P15_SP00459" HPOS="1337" VPOS="2663" WIDTH="18"/>
						<String ID="word000481" HPOS="1355" VPOS="2620" WIDTH="85" HEIGHT="33" CONTENT="one," WC="1.00" CC="0000"/>
						<SP ID="P15_SP00460" HPOS="1440" VPOS="2663" WIDTH="18"/>
						<String ID="word000482" HPOS="1457" VPOS="2615" WIDTH="38" HEIGHT="34" CONTENT="at" WC="0.94" CC="10"/>
						<SP ID="P15_SP00461" HPOS="1495" VPOS="2663" WIDTH="18"/>
						<String ID="word000483" HPOS="1513" VPOS="2609" WIDTH="64" HEIGHT="34" CONTENT="the" WC="1.00" CC="000"/>
						<SP ID="P15_SP00462" HPOS="1577" VPOS="2663" WIDTH="0"/>
					</TextLine>
					<TextLine ID="P15_TL00073" HPOS="242" VPOS="2665" WIDTH="547" HEIGHT="45">
						<String ID="word000484" HPOS="242" VPOS="2668" WIDTH="124" HEIGHT="35" CONTENT="Globe" WC="0.98" CC="00100"/>
						<SP ID="P15_SP00463" HPOS="366" VPOS="2704" WIDTH="18"/>
						<String ID="word000485" HPOS="384" VPOS="2668" WIDTH="165" HEIGHT="41" CONTENT="Tavern," WC="0.98" CC="0000010"/>
						<SP ID="P15_SP00464" HPOS="549" VPOS="2709" WIDTH="18"/>
						<String ID="word000486" HPOS="567" VPOS="2665" WIDTH="222" HEIGHT="45" CONTENT="Liverpool." WC="0.97" CC="0300000000"/>
						<SP ID="P15_SP00465" HPOS="789" VPOS="2709" WIDTH="0"/>
					</TextLine>
					<TextLine ID="P15_TL00074" HPOS="295" VPOS="2707" WIDTH="1284" HEIGHT="50">
						<String ID="word000487" HPOS="295" VPOS="2715" WIDTH="92" HEIGHT="35" CONTENT="Feb." WC="0.97" CC="1000"/>
						<SP ID="P15_SP00466" HPOS="387" VPOS="2751" WIDTH="26"/>
						<String ID="word000488" HPOS="413" VPOS="2715" WIDTH="39" HEIGHT="34" CONTENT="7." WC="1.00" CC="00"/>
						<SP ID="P15_SP00467" HPOS="452" VPOS="2751" WIDTH="46"/>
						<String ID="word000489" HPOS="498" VPOS="2714" WIDTH="48" HEIGHT="34" CONTENT="R." WC="1.00" CC="00"/>
						<SP ID="P15_SP00468" HPOS="547" VPOS="2751" WIDTH="34"/>
						<String ID="word000490" HPOS="581" VPOS="2713" WIDTH="143" HEIGHT="44" CONTENT="Banks," WC="0.89" CC="000141"/>
						<SP ID="P15_SP00469" HPOS="724" VPOS="2757" WIDTH="37"/>
						<String ID="word000491" HPOS="761" VPOS="2709" WIDTH="169" HEIGHT="45" CONTENT="Eltham," WC="0.59" CC="5633333"/>
						<SP ID="P15_SP00470" HPOS="930" VPOS="2757" WIDTH="35"/>
						<String ID="word000492" HPOS="965" VPOS="2709" WIDTH="116" HEIGHT="44" CONTENT="Kent," WC="0.98" CC="00100"/>
						<SP ID="P15_SP00471" HPOS="1081" VPOS="2757" WIDTH="27"/>
						<String ID="word000493" HPOS="1108" VPOS="2707" WIDTH="215" HEIGHT="43" CONTENT="victualler," WC="0.92" CC="03001031000"/>
						<SP ID="P15_SP00472" HPOS="1323" VPOS="2757" WIDTH="31"/>
						<String ID="word000494" HPOS="1354" VPOS="2709" WIDTH="41" HEIGHT="31" CONTENT="at" WC="1.00" CC="00"/>
						<SP ID="P15_SP00473" HPOS="1395" VPOS="2757" WIDTH="26"/>
						<String ID="word000495" HPOS="1421" VPOS="2714" WIDTH="81" HEIGHT="34" CONTENT="one," WC="0.97" CC="0001"/>
						<SP ID="P15_SP00474" HPOS="1502" VPOS="2757" WIDTH="37"/>
						<String ID="word000496" HPOS="1539" VPOS="2711" WIDTH="40" HEIGHT="27" CONTENT="at" WC="0.94" CC="10"/>
						<SP ID="P15_SP00475" HPOS="1579" VPOS="2757" WIDTH="0"/>
					</TextLine>
					<TextLine ID="P15_TL00075" HPOS="242" VPOS="2761" WIDTH="405" HEIGHT="43">
						<String ID="word000497" HPOS="242" VPOS="2763" WIDTH="220" HEIGHT="41" CONTENT="Guildhall," WC="0.87" CC="0022011321"/>
						<SP ID="P15_SP00476" HPOS="462" VPOS="2804" WIDTH="20"/>
						<String ID="word000498" HPOS="482" VPOS="2761" WIDTH="165" HEIGHT="35" CONTENT="London." WC="0.79" CC="2401150"/>
						<SP ID="P15_SP00477" HPOS="647" VPOS="2804" WIDTH="0"/>
					</TextLine>
					<TextLine ID="P15_TL00076" HPOS="293" VPOS="2803" WIDTH="1289" HEIGHT="50">
						<String ID="word000499" HPOS="293" VPOS="2810" WIDTH="98" HEIGHT="38" CONTENT="Feb." WC="1.00" CC="0000"/>
						<SP ID="P15_SP00478" HPOS="391" VPOS="2848" WIDTH="18"/>
						<String ID="word000500" HPOS="409" VPOS="2813" WIDTH="61" HEIGHT="34" CONTENT="25." WC="0.70" CC="710"/>
						<SP ID="P15_SP00479" HPOS="470" VPOS="2848" WIDTH="32"/>
						<String ID="word000501" HPOS="502" VPOS="2811" WIDTH="44" HEIGHT="34" CONTENT="C." WC="0.89" CC="20"/>
						<SP ID="P15_SP00480" HPOS="546" VPOS="2848" WIDTH="28"/>
						<String ID="word000502" HPOS="574" VPOS="2807" WIDTH="156" HEIGHT="45" CONTENT="Davies," WC="0.95" CC="0000300"/>
						<SP ID="P15_SP00481" HPOS="730" VPOS="2852" WIDTH="31"/>
						<String ID="word000503" HPOS="761" VPOS="2807" WIDTH="52" HEIGHT="35" CONTENT="St." WC="0.96" CC="001"/>
						<SP ID="P15_SP00482" HPOS="813" VPOS="2852" WIDTH="17"/>
						<String ID="word000504" HPOS="829" VPOS="2805" WIDTH="253" HEIGHT="43" CONTENT="John-street," WC="0.93" CC="001222000001"/>
						<SP ID="P15_SP00483" HPOS="1082" VPOS="2852" WIDTH="31"/>
						<String ID="word000505" HPOS="1113" VPOS="2803" WIDTH="229" HEIGHT="43" CONTENT="Middlesex," WC="0.91" CC="0000601001"/>
						<SP ID="P15_SP00484" HPOS="1342" VPOS="2852" WIDTH="28"/>
						<String ID="word000506" HPOS="1370" VPOS="2804" WIDTH="211" HEIGHT="43" CONTENT="carpenter," WC="0.98" CC="1000010000"/>
						<SP ID="P15_SP00485" HPOS="1581" VPOS="2852" WIDTH="0"/>
					</TextLine>
					<TextLine ID="P15_TL00077" HPOS="241" VPOS="2857" WIDTH="429" HEIGHT="45">
						<String ID="word000507" HPOS="241" VPOS="2864" WIDTH="45" HEIGHT="33" CONTENT="at" WC="1.00" CC="00"/>
						<SP ID="P15_SP00486" HPOS="286" VPOS="2897" WIDTH="17"/>
						<String ID="word000508" HPOS="302" VPOS="2867" WIDTH="76" HEIGHT="35" CONTENT="ten," WC="0.94" CC="1010"/>
						<SP ID="P15_SP00487" HPOS="378" VPOS="2902" WIDTH="18"/>
						<String ID="word000509" HPOS="396" VPOS="2867" WIDTH="41" HEIGHT="27" CONTENT="at" WC="1.00" CC="00"/>
						<SP ID="P15_SP00488" HPOS="437" VPOS="2902" WIDTH="19"/>
						<String ID="word000510" HPOS="456" VPOS="2857" WIDTH="214" HEIGHT="35" CONTENT="Guildhall." WC="0.88" CC="3013000310"/>
						<SP ID="P15_SP00489" HPOS="670" VPOS="2902" WIDTH="0"/>
					</TextLine>
					<TextLine ID="P15_TL00078" HPOS="293" VPOS="2895" WIDTH="1290" HEIGHT="56">
						<String ID="word000511" HPOS="293" VPOS="2908" WIDTH="97" HEIGHT="35" CONTENT="Feb." WC="0.89" CC="0004"/>
						<SP ID="P15_SP00490" HPOS="390" VPOS="2943" WIDTH="20"/>
						<String ID="word000512" HPOS="410" VPOS="2906" WIDTH="59" HEIGHT="38" CONTENT="14." WC="0.59" CC="452"/>
						<SP ID="P15_SP00491" HPOS="469" VPOS="2943" WIDTH="28"/>
						<String ID="word000513" HPOS="497" VPOS="2908" WIDTH="47" HEIGHT="34" CONTENT="Ge" WC="0.22" CC="77" STYLEREFS="TXT_4"/>
						<SP ID="P15_SP00492" HPOS="544" VPOS="2943" WIDTH="22"/>
						<String ID="word000514" HPOS="567" VPOS="2907" WIDTH="154" HEIGHT="44" CONTENT="Stacey," WC="0.94" CC="1010101"/>
						<SP ID="P15_SP00493" HPOS="720" VPOS="2950" WIDTH="21"/>
						<String ID="word000515" HPOS="742" VPOS="2902" WIDTH="47" HEIGHT="37" CONTENT="R." WC="0.94" CC="01"/>
						<SP ID="P15_SP00494" HPOS="789" VPOS="2950" WIDTH="18"/>
						<String ID="word000516" HPOS="807" VPOS="2902" WIDTH="204" HEIGHT="41" CONTENT="Dearman," WC="0.97" CC="00100010"/>
						<SP ID="P15_SP00495" HPOS="1011" VPOS="2950" WIDTH="28"/>
						<String ID="word000517" HPOS="1039" VPOS="2898" WIDTH="72" HEIGHT="37" CONTENT="and" WC="1.00" CC="000"/>
						<SP ID="P15_SP00496" HPOS="1111" VPOS="2950" WIDTH="27"/>
						<String ID="word000518" HPOS="1139" VPOS="2898" WIDTH="48" HEIGHT="37" CONTENT="R." WC="1.00" CC="00"/>
						<SP ID="P15_SP00497" HPOS="1187" VPOS="2950" WIDTH="20"/>
						<String ID="word000519" HPOS="1207" VPOS="2898" WIDTH="204" HEIGHT="40" CONTENT="Dearman," WC="0.94" CC="11001001"/>
						<SP ID="P15_SP00498" HPOS="1411" VPOS="2950" WIDTH="32"/>
						<String ID="word000520" HPOS="1443" VPOS="2895" WIDTH="117" HEIGHT="35" CONTENT="Bread" SUBS_TYPE="HypPart1" SUBS_CONTENT="Breadstreet," WC="0.93" CC="00012"/>
						<HYP HPOS="1560" VPOS="2895" WIDTH="22" CONTENT="-"/>
					</TextLine>
					<TextLine ID="P15_TL00079" HPOS="240" VPOS="2944" WIDTH="1155" HEIGHT="56">
						<String ID="word000521" HPOS="240" VPOS="2961" WIDTH="132" HEIGHT="39" CONTENT="street," SUBS_TYPE="HypPart2" SUBS_CONTENT="Breadstreet," WC="0.92" CC="3001001"/>
						<SP ID="P15_SP00499" HPOS="372" VPOS="3000" WIDTH="19"/>
						<String ID="word000522" HPOS="391" VPOS="2954" WIDTH="231" HEIGHT="46" CONTENT="Cheapsidei" WC="0.51" CC="3733336358"/>
						<SP ID="P15_SP00500" HPOS="622" VPOS="3000" WIDTH="24"/>
						<String ID="word000523" HPOS="646" VPOS="2952" WIDTH="317" HEIGHT="39" CONTENT="warehousemen," WC="0.90" CC="1101030103011"/>
						<SP ID="P15_SP00501" HPOS="963" VPOS="3000" WIDTH="15"/>
						<String ID="word000524" HPOS="978" VPOS="2955" WIDTH="39" HEIGHT="27" CONTENT="at" WC="1.00" CC="00"/>
						<SP ID="P15_SP00502" HPOS="1017" VPOS="3000" WIDTH="15"/>
						<String ID="word000525" HPOS="1032" VPOS="2954" WIDTH="78" HEIGHT="35" CONTENT="ten," WC="1.00" CC="0000"/>
						<SP ID="P15_SP00503" HPOS="1110" VPOS="3000" WIDTH="18"/>
						<String ID="word000526" HPOS="1128" VPOS="2954" WIDTH="40" HEIGHT="28" CONTENT="at" WC="0.94" CC="10"/>
						<SP ID="P15_SP00504" HPOS="1168" VPOS="3000" WIDTH="19"/>
						<String ID="word000527" HPOS="1187" VPOS="2944" WIDTH="208" HEIGHT="40" CONTENT="Guildhall." WC="0.84" CC="3211000340"/>
						<SP ID="P15_SP00505" HPOS="1395" VPOS="3000" WIDTH="0"/>
					</TextLine>
				</TextBlock>
				<TextBlock ID="pa0015007" HPOS="242" VPOS="3012" WIDTH="1343" HEIGHT="431" STYLEREFS="TXT_0 PAR_BLOCK">
					<TextLine ID="P15_TL00080" HPOS="613" VPOS="3014" WIDTH="616" HEIGHT="40">
						<String ID="word000528" HPOS="613" VPOS="3014" WIDTH="560" HEIGHT="40" CONTENT="CERTIFICATES—FEU." WC="0.77" CC="05113340111334041"/>
						<SP ID="P15_SP00506" HPOS="1173" VPOS="3054" WIDTH="19"/>
						<String ID="word000529" HPOS="1192" VPOS="3014" WIDTH="37" HEIGHT="34" CONTENT="'l." WC="0.48" CC="473"/>
						<SP ID="P15_SP00507" HPOS="1228" VPOS="3054" WIDTH="0"/>
					</TextLine>
					<TextLine ID="P15_TL00081" HPOS="292" VPOS="3056" WIDTH="1291" HEIGHT="58">
						<String ID="word000530" HPOS="292" VPOS="3071" WIDTH="43" HEIGHT="34" CONTENT="J." WC="0.94" CC="10"/>
						<SP ID="P15_SP00508" HPOS="334" VPOS="3105" WIDTH="39"/>
						<String ID="word000531" HPOS="373" VPOS="3069" WIDTH="158" HEIGHT="45" CONTENT="Fottey;" WC="0.40" CC="3387386"/>
						<SP ID="P15_SP00509" HPOS="531" VPOS="3113" WIDTH="28"/>
						<String ID="word000532" HPOS="560" VPOS="3065" WIDTH="228" HEIGHT="43" CONTENT="Danttablei" WC="0.33" CC="7888333578"/>
						<SP ID="P15_SP00510" HPOS="788" VPOS="3113" WIDTH="28"/>
						<String ID="word000533" HPOS="816" VPOS="3058" WIDTH="508" HEIGHT="43" CONTENT="straw-hat-manufaclurei." WC="0.69" CC="22223323333223222722272"/>
						<SP ID="P15_SP00511" HPOS="1324" VPOS="3113" WIDTH="71"/>
						<String ID="word000534" HPOS="1395" VPOS="3059" WIDTH="34" HEIGHT="34" CONTENT="1." WC="0.61" CC="52"/>
						<SP ID="P15_SP00512" HPOS="1429" VPOS="3113" WIDTH="20"/>
						<String ID="word000535" HPOS="1449" VPOS="3056" WIDTH="133" HEIGHT="45" CONTENT="Thorp" WC="0.95" CC="00101"/>
						<SP ID="P15_SP00513" HPOS="1583" VPOS="3113" WIDTH="0"/>
					</TextLine>
					<TextLine ID="P15_TL00082" HPOS="243" VPOS="3106" WIDTH="1336" HEIGHT="53">
						<String ID="word000536" HPOS="243" VPOS="3119" WIDTH="74" HEIGHT="35" CONTENT="and" WC="0.96" CC="100"/>
						<SP ID="P15_SP00514" HPOS="318" VPOS="3155" WIDTH="24"/>
						<String ID="word000537" HPOS="341" VPOS="3118" WIDTH="60" HEIGHT="35" CONTENT="W." WC="0.44" CC="46"/>
						<SP ID="P15_SP00515" HPOS="402" VPOS="3155" WIDTH="22"/>
						<String ID="word000538" HPOS="424" VPOS="3116" WIDTH="110" HEIGHT="43" CONTENT="Paul;" WC="0.93" CC="10011"/>
						<SP ID="P15_SP00516" HPOS="534" VPOS="3158" WIDTH="13"/>
						<String ID="word000539" HPOS="547" VPOS="3125" WIDTH="79" HEIGHT="25" CONTENT="ten." WC="0.72" CC="5410"/>
						<SP ID="P15_SP00517" HPOS="626" VPOS="3158" WIDTH="39"/>
						<String ID="word000540" HPOS="665" VPOS="3113" WIDTH="167" HEIGHT="37" CONTENT="Reddish" WC="0.90" CC="0010311"/>
						<SP ID="P15_SP00518" HPOS="831" VPOS="3158" WIDTH="21"/>
						<String ID="word000541" HPOS="853" VPOS="3112" WIDTH="120" HEIGHT="40" CONTENT="Mills," WC="0.61" CC="373332"/>
						<SP ID="P15_SP00519" HPOS="973" VPOS="3158" WIDTH="35"/>
						<String ID="word000542" HPOS="1009" VPOS="3109" WIDTH="241" HEIGHT="39" CONTENT="Lancashire," WC="0.98" CC="02000000000"/>
						<SP ID="P15_SP00520" HPOS="1250" VPOS="3158" WIDTH="14"/>
						<String ID="word000543" HPOS="1264" VPOS="3106" WIDTH="315" HEIGHT="46" CONTENT="Calico-printers." WC="0.78" CC="6043023300313111"/>
						<SP ID="P15_SP00521" HPOS="1579" VPOS="3158" WIDTH="0"/>
					</TextLine>
					<TextLine ID="P15_TL00083" HPOS="244" VPOS="3152" WIDTH="1339" HEIGHT="52">
						<String ID="word000544" HPOS="244" VPOS="3168" WIDTH="44" HEIGHT="34" CONTENT="J," WC="0.44" CC="28"/>
						<SP ID="P15_SP00522" HPOS="288" VPOS="3202" WIDTH="25"/>
						<String ID="word000545" HPOS="313" VPOS="3165" WIDTH="151" HEIGHT="38" CONTENT="Holden" WC="0.93" CC="111001"/>
						<SP ID="P15_SP00523" HPOS="464" VPOS="3203" WIDTH="17"/>
						<String ID="word000546" HPOS="481" VPOS="3164" WIDTH="70" HEIGHT="34" CONTENT="and" WC="0.67" CC="171"/>
						<SP ID="P15_SP00524" HPOS="550" VPOS="3203" WIDTH="32"/>
						<String ID="word000547" HPOS="582" VPOS="3163" WIDTH="90" HEIGHT="41" CONTENT="ion," WC="0.94" CC="1010"/>
						<SP ID="P15_SP00525" HPOS="672" VPOS="3204" WIDTH="30"/>
						<String ID="word000548" HPOS="702" VPOS="3161" WIDTH="163" HEIGHT="39" CONTENT="Salford," WC="0.74" CC="31315042"/>
						<SP ID="P15_SP00526" HPOS="865" VPOS="3204" WIDTH="22"/>
						<String ID="word000549" HPOS="887" VPOS="3159" WIDTH="235" HEIGHT="39" CONTENT="Lancashire," WC="0.80" CC="11321121431"/>
						<SP ID="P15_SP00527" HPOS="1122" VPOS="3204" WIDTH="20"/>
						<String ID="word000550" HPOS="1142" VPOS="3156" WIDTH="118" HEIGHT="44" CONTENT="dyers." WC="0.76" CC="041170"/>
						<SP ID="P15_SP00528" HPOS="1260" VPOS="3204" WIDTH="47"/>
						<String ID="word000551" HPOS="1307" VPOS="3152" WIDTH="58" HEIGHT="37" CONTENT="slt:." WC="0.33" CC="76683"/>
						<SP ID="P15_SP00529" HPOS="1365" VPOS="3204" WIDTH="24"/>
						<String ID="word000552" HPOS="1389" VPOS="3157" WIDTH="38" HEIGHT="31" CONTENT="S." WC="0.94" CC="10"/>
						<SP ID="P15_SP00530" HPOS="1427" VPOS="3204" WIDTH="27"/>
						<String ID="word000553" HPOS="1454" VPOS="3154" WIDTH="129" HEIGHT="38" CONTENT="Jones," WC="0.98" CC="100000"/>
						<SP ID="P15_SP00531" HPOS="1583" VPOS="3204" WIDTH="0"/>
					</TextLine>
					<TextLine ID="P15_TL00084" HPOS="246" VPOS="3198" WIDTH="1339" HEIGHT="58">
						<String ID="word000554" HPOS="246" VPOS="3217" WIDTH="117" HEIGHT="33" CONTENT="Duke" WC="0.78" CC="4103"/>
						<SP ID="P15_SP00532" HPOS="363" VPOS="3250" WIDTH="2"/>
						<String ID="word000555" HPOS="365" VPOS="3217" WIDTH="145" HEIGHT="37" CONTENT="-street," WC="0.79" CC="48110100"/>
						<SP ID="P15_SP00533" HPOS="510" VPOS="3254" WIDTH="13"/>
						<String ID="word000556" HPOS="523" VPOS="3211" WIDTH="20" HEIGHT="44" CONTENT="-" STYLE="superscript" WC="0.65" CC="4"/>
						<String ID="word000557" HPOS="543" VPOS="3211" WIDTH="169" HEIGHT="44" CONTENT="Mc/gate," WC="0.65" CC="26716110"/>
						<SP ID="P15_SP00534" HPOS="712" VPOS="3255" WIDTH="13"/>
						<String ID="word000558" HPOS="725" VPOS="3210" WIDTH="183" HEIGHT="46" CONTENT="pldmber." WC="0.64" CC="33353333"/>
						<SP ID="P15_SP00535" HPOS="908" VPOS="3256" WIDTH="56"/>
						<String ID="word000559" HPOS="964" VPOS="3207" WIDTH="39" HEIGHT="34" CONTENT="J." WC="0.44" CC="28"/>
						<SP ID="P15_SP00536" HPOS="1003" VPOS="3256" WIDTH="20"/>
						<String ID="word000560" HPOS="1023" VPOS="3206" WIDTH="135" HEIGHT="40" CONTENT="Clark," WC="0.96" CC="101000"/>
						<SP ID="P15_SP00537" HPOS="1157" VPOS="3256" WIDTH="18"/>
						<String ID="word000561" HPOS="1175" VPOS="3198" WIDTH="72" HEIGHT="45" CONTENT="116u" WC="0.33" CC="7785"/>
						<String ID="word000562" HPOS="1247" VPOS="3198" WIDTH="18" HEIGHT="45" CONTENT="-" STYLE="superscript" WC="0.33" CC="8"/>
						<String ID="word000563" HPOS="1265" VPOS="3198" WIDTH="183" HEIGHT="45" CONTENT="ndsditell;" WC="0.33" CC="5633638687"/>
						<SP ID="P15_SP00538" HPOS="1448" VPOS="3256" WIDTH="21"/>
						<String ID="word000564" HPOS="1469" VPOS="3202" WIDTH="97" HEIGHT="33" CONTENT="brass" SUBS_TYPE="HypPart1" SUBS_CONTENT="brassfounder." WC="0.80" CC="00216"/>
						<HYP HPOS="1566" VPOS="3202" WIDTH="19" CONTENT="-"/>
					</TextLine>
					<TextLine ID="P15_TL00085" HPOS="243" VPOS="3248" WIDTH="1342" HEIGHT="55">
						<String ID="word000565" HPOS="243" VPOS="3263" WIDTH="175" HEIGHT="35" CONTENT="founder." SUBS_TYPE="HypPart2" SUBS_CONTENT="brassfounder." WC="0.97" CC="20000000"/>
						<SP ID="P15_SP00539" HPOS="418" VPOS="3299" WIDTH="53"/>
						<String ID="word000566" HPOS="471" VPOS="3260" WIDTH="103" HEIGHT="35" CONTENT=".hthn" WC="0.67" CC="44331"/>
						<SP ID="P15_SP00540" HPOS="574" VPOS="3299" WIDTH="19"/>
						<String ID="word000567" HPOS="593" VPOS="3259" WIDTH="216" HEIGHT="44" CONTENT="Millington" WC="0.84" CC="0033220121"/>
						<SP ID="P15_SP00541" HPOS="809" VPOS="3302" WIDTH="14"/>
						<String ID="word000568" HPOS="823" VPOS="3256" WIDTH="74" HEIGHT="35" CONTENT="and" WC="0.96" CC="100"/>
						<SP ID="P15_SP00542" HPOS="898" VPOS="3302" WIDTH="28"/>
						<String ID="word000569" HPOS="926" VPOS="3254" WIDTH="145" HEIGHT="46" CONTENT="Joseph" WC="0.94" CC="011100"/>
						<SP ID="P15_SP00543" HPOS="1071" VPOS="3302" WIDTH="21"/>
						<String ID="word000570" HPOS="1093" VPOS="3249" WIDTH="228" HEIGHT="46" CONTENT="Millington," WC="0.67" CC="33333333333"/>
						<SP ID="P15_SP00544" HPOS="1320" VPOS="3302" WIDTH="31"/>
						<String ID="word000571" HPOS="1351" VPOS="3249" WIDTH="45" HEIGHT="34" CONTENT="of" WC="0.89" CC="20"/>
						<SP ID="P15_SP00545" HPOS="1396" VPOS="3302" WIDTH="24"/>
						<String ID="word000572" HPOS="1420" VPOS="3248" WIDTH="148" HEIGHT="40" CONTENT="11founds" SUBS_TYPE="HypPart1" SUBS_CONTENT="11foundsditch," WC="0.52" CC="88814413"/>
						<HYP HPOS="1567" VPOS="3248" WIDTH="18" CONTENT="-"/>
					</TextLine>
					<TextLine ID="P15_TL00086" HPOS="243" VPOS="3296" WIDTH="1342" HEIGHT="58">
						<String ID="word000573" HPOS="243" VPOS="3312" WIDTH="122" HEIGHT="41" CONTENT="ditch," SUBS_TYPE="HypPart2" SUBS_CONTENT="11foundsditch," WC="0.83" CC="511101"/>
						<SP ID="P15_SP00546" HPOS="365" VPOS="3353" WIDTH="18"/>
						<String ID="word000574" HPOS="383" VPOS="3309" WIDTH="175" HEIGHT="45" CONTENT="glaziers." WC="0.83" CC="111211430"/>
						<SP ID="P15_SP00547" HPOS="557" VPOS="3354" WIDTH="56"/>
						<String ID="word000575" HPOS="613" VPOS="3307" WIDTH="45" HEIGHT="34" CONTENT="C." WC="0.94" CC="10"/>
						<SP ID="P15_SP00548" HPOS="658" VPOS="3354" WIDTH="25"/>
						<String ID="word000576" HPOS="683" VPOS="3306" WIDTH="137" HEIGHT="46" CONTENT="Parry," WC="0.93" CC="110020"/>
						<SP ID="P15_SP00549" HPOS="820" VPOS="3354" WIDTH="33"/>
						<String ID="word000577" HPOS="853" VPOS="3301" WIDTH="221" HEIGHT="47" CONTENT="Liverpool," WC="0.99" CC="0000000100"/>
						<SP ID="P15_SP00550" HPOS="1074" VPOS="3354" WIDTH="28"/>
						<String ID="word000578" HPOS="1102" VPOS="3300" WIDTH="156" HEIGHT="35" CONTENT="currier." WC="0.94" CC="02100100"/>
						<SP ID="P15_SP00551" HPOS="1258" VPOS="3354" WIDTH="53"/>
						<String ID="word000579" HPOS="1311" VPOS="3299" WIDTH="50" HEIGHT="34" CONTENT="It." WC="0.93" CC="110"/>
						<SP ID="P15_SP00552" HPOS="1361" VPOS="3354" WIDTH="24"/>
						<String ID="word000580" HPOS="1384" VPOS="3296" WIDTH="201" HEIGHT="38" CONTENT="Itobiuson," WC="0.44" CC="7447388333"/>
						<SP ID="P15_SP00553" HPOS="1585" VPOS="3354" WIDTH="0"/>
					</TextLine>
					<TextLine ID="P15_TL00087" HPOS="248" VPOS="3344" WIDTH="1336" HEIGHT="57">
						<String ID="word000581" HPOS="248" VPOS="3359" WIDTH="254" HEIGHT="41" CONTENT="Manchester," WC="0.94" CC="00301010100"/>
						<SP ID="P15_SP00554" HPOS="502" VPOS="3400" WIDTH="22"/>
						<String ID="word000582" HPOS="524" VPOS="3354" WIDTH="89" HEIGHT="38" CONTENT="weft" WC="0.94" CC="1001"/>
						<SP ID="P15_SP00555" HPOS="613" VPOS="3400" WIDTH="17"/>
						<String ID="word000583" HPOS="630" VPOS="3353" WIDTH="151" HEIGHT="35" CONTENT="dealer.'" WC="0.85" CC="00100055"/>
						<SP ID="P15_SP00556" HPOS="781" VPOS="3400" WIDTH="15"/>
						<String ID="word000584" HPOS="796" VPOS="3352" WIDTH="40" HEIGHT="35" CONTENT="J." WC="0.83" CC="12"/>
						<SP ID="P15_SP00557" HPOS="836" VPOS="3400" WIDTH="17"/>
						<String ID="word000585" HPOS="853" VPOS="3353" WIDTH="48" HEIGHT="34" CONTENT="T." WC="0.94" CC="10"/>
						<SP ID="P15_SP00558" HPOS="901" VPOS="3400" WIDTH="21"/>
						<String ID="word000586" HPOS="922" VPOS="3351" WIDTH="120" HEIGHT="40" CONTENT="Mills," WC="0.98" CC="100000"/>
						<SP ID="P15_SP00559" HPOS="1043" VPOS="3400" WIDTH="20"/>
						<String ID="word000587" HPOS="1063" VPOS="3348" WIDTH="145" HEIGHT="41" CONTENT="Maize," WC="0.87" CC="100501"/>
						<SP ID="P15_SP00560" HPOS="1208" VPOS="3400" WIDTH="18"/>
						<String ID="word000588" HPOS="1226" VPOS="3345" WIDTH="247" HEIGHT="40" CONTENT="Southwark," WC="0.95" CC="0010010002"/>
						<SP ID="P15_SP00561" HPOS="1473" VPOS="3400" WIDTH="11"/>
						<String ID="word000589" HPOS="1483" VPOS="3344" WIDTH="80" HEIGHT="35" CONTENT="coal" SUBS_TYPE="HypPart1" SUBS_CONTENT="coalmerchan" WC="0.71" CC="1513"/>
						<HYP HPOS="1564" VPOS="3344" WIDTH="20" CONTENT="-"/>
					</TextLine>
					<TextLine ID="P15_TL00088" HPOS="249" VPOS="3407" WIDTH="210" HEIGHT="36">
						<String ID="word000590" HPOS="249" VPOS="3407" WIDTH="175" HEIGHT="35" CONTENT="merchan" SUBS_TYPE="HypPart2" SUBS_CONTENT="coalmerchan" WC="0.62" CC="4333335"/>
						<SP ID="P15_SP00562" HPOS="424" VPOS="3443" WIDTH="8"/>
						<String ID="word000591" HPOS="432" VPOS="3412" WIDTH="27" HEIGHT="28" CONTENT="t." WC="0.78" CC="22"/>
						<SP ID="P15_SP00563" HPOS="459" VPOS="3443" WIDTH="0"/>
					</TextLine>
				</TextBlock>
				<TextBlock ID="pa0015008" HPOS="322" VPOS="3485" WIDTH="1195" HEIGHT="79" STYLEREFS="TXT_0 PAR_LEFT">
					<TextLine ID="P15_TL00089" HPOS="325" VPOS="3488" WIDTH="1192" HEIGHT="70">
						<String ID="word000592" HPOS="325" VPOS="3504" WIDTH="450" HEIGHT="53" CONTENT="SATURDAY'S" WC="0.99" CC="0000000001"/>
						<SP ID="P15_SP00564" HPOS="775" VPOS="3557" WIDTH="39"/>
						<String ID="word000593" HPOS="814" VPOS="3497" WIDTH="308" HEIGHT="54" CONTENT="LONDON" WC="0.94" CC="001002"/>
						<SP ID="P15_SP00565" HPOS="1122" VPOS="3557" WIDTH="37"/>
						<String ID="word000594" HPOS="1159" VPOS="3488" WIDTH="358" HEIGHT="59" CONTENT="GAZETTE." WC="0.99" CC="00000010"/>
						<SP ID="P15_SP00566" HPOS="1517" VPOS="3557" WIDTH="0"/>
					</TextLine>
				</TextBlock>
				<TextBlock ID="pa0015009" HPOS="248" VPOS="3572" WIDTH="1357" HEIGHT="673" STYLEREFS="TXT_2 PAR_BLOCK">
					<TextLine ID="P15_TL00090" HPOS="604" VPOS="3611" WIDTH="641" HEIGHT="53">
						<String ID="word000595" HPOS="604" VPOS="3617" WIDTH="367" HEIGHT="47" CONTENT="Admiralty-Office," WC="0.70" CC="31310230333666113" STYLEREFS="TXT_1"/>
						<SP ID="P15_SP00567" HPOS="971" VPOS="3664" WIDTH="25"/>
						<String ID="word000596" HPOS="996" VPOS="3614" WIDTH="175" HEIGHT="44" CONTENT="January" WC="0.97" CC="0001100" STYLEREFS="TXT_1"/>
						<SP ID="P15_SP00568" HPOS="1170" VPOS="3664" WIDTH="13"/>
						<String ID="word000597" HPOS="1183" VPOS="3611" WIDTH="61" HEIGHT="37" CONTENT="21." WC="0.93" CC="110"/>
						<SP ID="P15_SP00569" HPOS="1245" VPOS="3664" WIDTH="0"/>
					</TextLine>
					<TextLine ID="P15_TL00091" HPOS="302" VPOS="3654" WIDTH="1289" HEIGHT="56">
						<String ID="word000598" HPOS="302" VPOS="3671" WIDTH="124" HEIGHT="37" CONTENT="Hear•" WC="0.70" CC="60507"/>
						<SP ID="P15_SP00570" HPOS="426" VPOS="3707" WIDTH="0"/>
						<String ID="word000599" HPOS="426" VPOS="3671" WIDTH="175" HEIGHT="37" CONTENT="Admiral" WC="0.70" CC="0430130"/>
						<SP ID="P15_SP00571" HPOS="601" VPOS="3707" WIDTH="31"/>
						<String ID="word000600" HPOS="632" VPOS="3667" WIDTH="268" HEIGHT="43" CONTENT="ll'Auvergne," WC="0.63" CC="553333333333"/>
						<SP ID="P15_SP00572" HPOS="900" VPOS="3710" WIDTH="33"/>
						<String ID="word000601" HPOS="933" VPOS="3661" WIDTH="136" HEIGHT="38" CONTENT="Prince" WC="1.00" CC="000000"/>
						<SP ID="P15_SP00573" HPOS="1069" VPOS="3710" WIDTH="27"/>
						<String ID="word000602" HPOS="1096" VPOS="3661" WIDTH="46" HEIGHT="33" CONTENT="of" WC="0.78" CC="31"/>
						<SP ID="P15_SP00574" HPOS="1142" VPOS="3710" WIDTH="26"/>
						<String ID="word000603" HPOS="1168" VPOS="3657" WIDTH="188" HEIGHT="43" CONTENT="Bouillon," WC="0.93" CC="102011100"/>
						<SP ID="P15_SP00575" HPOS="1356" VPOS="3710" WIDTH="30"/>
						<String ID="word000604" HPOS="1385" VPOS="3654" WIDTH="61" HEIGHT="34" CONTENT="has" WC="1.00" CC="000"/>
						<SP ID="P15_SP00576" HPOS="1447" VPOS="3710" WIDTH="27"/>
						<String ID="word000605" HPOS="1474" VPOS="3658" WIDTH="98" HEIGHT="30" CONTENT="trans" SUBS_TYPE="HypPart1" SUBS_CONTENT="transmitted" WC="0.96" CC="00110"/>
						<HYP HPOS="1572" VPOS="3658" WIDTH="19" CONTENT="-"/>
					</TextLine>
					<TextLine ID="P15_TL00092" HPOS="252" VPOS="3700" WIDTH="1339" HEIGHT="58">
						<String ID="word000606" HPOS="252" VPOS="3722" WIDTH="133" HEIGHT="34" CONTENT="mitted" SUBS_TYPE="HypPart2" SUBS_CONTENT="transmitted" WC="0.98" CC="000001"/>
						<SP ID="P15_SP00577" HPOS="385" VPOS="3756" WIDTH="34"/>
						<String ID="word000607" HPOS="419" VPOS="3728" WIDTH="41" HEIGHT="30" CONTENT="to" WC="0.39" CC="56"/>
						<SP ID="P15_SP00578" HPOS="461" VPOS="3757" WIDTH="35"/>
						<String ID="word000608" HPOS="496" VPOS="3722" WIDTH="64" HEIGHT="32" CONTENT="the" WC="1.00" CC="000"/>
						<SP ID="P15_SP00579" HPOS="560" VPOS="3757" WIDTH="31"/>
						<String ID="word000609" HPOS="591" VPOS="3717" WIDTH="104" HEIGHT="35" CONTENT="lion." WC="0.93" CC="03000"/>
						<SP ID="P15_SP00580" HPOS="694" VPOS="3757" WIDTH="32"/>
						<String ID="word000610" HPOS="726" VPOS="3715" WIDTH="169" HEIGHT="34" CONTENT="William" WC="0.89" CC="1131010"/>
						<SP ID="P15_SP00581" HPOS="895" VPOS="3757" WIDTH="34"/>
						<String ID="word000611" HPOS="930" VPOS="3706" WIDTH="198" HEIGHT="50" CONTENT="Wellesley" WC="0.80" CC="301405300"/>
						<SP ID="P15_SP00582" HPOS="1128" VPOS="3757" WIDTH="33"/>
						<String ID="word000612" HPOS="1161" VPOS="3706" WIDTH="104" HEIGHT="41" CONTENT="Pole," WC="0.56" CC="23546"/>
						<SP ID="P15_SP00583" HPOS="1265" VPOS="3757" WIDTH="45"/>
						<String ID="word000613" HPOS="1310" VPOS="3713" WIDTH="26" HEIGHT="25" CONTENT="a" WC="0.89" CC="1"/>
						<SP ID="P15_SP00584" HPOS="1336" VPOS="3757" WIDTH="25"/>
						<String ID="word000614" HPOS="1361" VPOS="3703" WIDTH="110" HEIGHT="35" CONTENT="letter" WC="1.00" CC="000000"/>
						<SP ID="P15_SP00585" HPOS="1470" VPOS="3757" WIDTH="22"/>
						<String ID="word000615" HPOS="1493" VPOS="3700" WIDTH="98" HEIGHT="33" CONTENT="from" WC="1.00" CC="0000"/>
						<SP ID="P15_SP00586" HPOS="1591" VPOS="3757" WIDTH="0"/>
					</TextLine>
					<TextLine ID="P15_TL00093" HPOS="250" VPOS="3746" WIDTH="1341" HEIGHT="68">
						<String ID="word000616" HPOS="250" VPOS="3770" WIDTH="164" HEIGHT="44" CONTENT="Captain" WC="0.97" CC="0100100"/>
						<SP ID="P15_SP00587" HPOS="415" VPOS="3814" WIDTH="30"/>
						<String ID="word000617" HPOS="444" VPOS="3757" WIDTH="164" HEIGHT="56" CONTENT="Pringle," WC="0.72" CC="06711212"/>
						<SP ID="P15_SP00588" HPOS="608" VPOS="3814" WIDTH="27"/>
						<String ID="word000618" HPOS="635" VPOS="3765" WIDTH="46" HEIGHT="34" CONTENT="of" WC="1.00" CC="00"/>
						<SP ID="P15_SP00589" HPOS="681" VPOS="3814" WIDTH="21"/>
						<String ID="word000619" HPOS="703" VPOS="3765" WIDTH="57" HEIGHT="33" CONTENT="his" WC="0.96" CC="001"/>
						<SP ID="P15_SP00590" HPOS="759" VPOS="3814" WIDTH="28"/>
						<String ID="word000620" HPOS="788" VPOS="3758" WIDTH="196" HEIGHT="48" CONTENT="Majesty's" WC="0.94" CC="110020001"/>
						<SP ID="P15_SP00591" HPOS="984" VPOS="3814" WIDTH="21"/>
						<String ID="word000621" HPOS="1005" VPOS="3759" WIDTH="110" HEIGHT="43" CONTENT="sloop" WC="0.78" CC="33130"/>
						<SP ID="P15_SP00592" HPOS="1115" VPOS="3814" WIDTH="31"/>
						<String ID="word000622" HPOS="1146" VPOS="3756" WIDTH="174" HEIGHT="44" CONTENT="Sparrow" WC="0.86" CC="0101043"/>
						<SP ID="P15_SP00593" HPOS="1319" VPOS="3814" WIDTH="9"/>
						<String ID="word000623" HPOS="1329" VPOS="3751" WIDTH="128" HEIGHT="40" CONTENT="hawk," WC="0.93" CC="01002"/>
						<SP ID="P15_SP00594" HPOS="1456" VPOS="3814" WIDTH="24"/>
						<String ID="word000624" HPOS="1480" VPOS="3746" WIDTH="111" HEIGHT="35" CONTENT="dated" WC="0.87" CC="01032"/>
						<SP ID="P15_SP00595" HPOS="1591" VPOS="3814" WIDTH="0"/>
					</TextLine>
					<TextLine ID="P15_TL00094" HPOS="253" VPOS="3798" WIDTH="1351" HEIGHT="62">
						<String ID="word000625" HPOS="253" VPOS="3817" WIDTH="57" HEIGHT="34" CONTENT="off" WC="0.59" CC="065"/>
						<SP ID="P15_SP00596" HPOS="309" VPOS="3852" WIDTH="13"/>
						<String ID="word000626" HPOS="322" VPOS="3817" WIDTH="227" HEIGHT="43" CONTENT="Cherbourg" WC="0.81" CC="133005111"/>
						<SP ID="P15_SP00597" HPOS="549" VPOS="3860" WIDTH="17"/>
						<String ID="word000627" HPOS="566" VPOS="3815" WIDTH="65" HEIGHT="35" CONTENT="the" WC="0.96" CC="010"/>
						<SP ID="P15_SP00598" HPOS="631" VPOS="3860" WIDTH="21"/>
						<String ID="word000628" HPOS="652" VPOS="3813" WIDTH="85" HEIGHT="35" CONTENT="12th" WC="0.69" CC="3413"/>
						<SP ID="P15_SP00599" HPOS="737" VPOS="3860" WIDTH="22"/>
						<String ID="word000629" HPOS="759" VPOS="3811" WIDTH="81" HEIGHT="34" CONTENT="inst." WC="0.93" CC="01101"/>
						<SP ID="P15_SP00600" HPOS="841" VPOS="3860" WIDTH="20"/>
						<String ID="word000630" HPOS="861" VPOS="3807" WIDTH="130" HEIGHT="47" CONTENT="giving" WC="0.94" CC="010110"/>
						<SP ID="P15_SP00601" HPOS="991" VPOS="3860" WIDTH="15"/>
						<String ID="word000631" HPOS="1006" VPOS="3816" WIDTH="46" HEIGHT="25" CONTENT="an" WC="0.94" CC="01"/>
						<SP ID="P15_SP00602" HPOS="1052" VPOS="3860" WIDTH="17"/>
						<String ID="word000632" HPOS="1069" VPOS="3804" WIDTH="158" HEIGHT="34" CONTENT="account" WC="0.95" CC="0000030"/>
						<SP ID="P15_SP00603" HPOS="1227" VPOS="3860" WIDTH="17"/>
						<String ID="word000633" HPOS="1244" VPOS="3801" WIDTH="41" HEIGHT="35" CONTENT="of" WC="0.61" CC="52"/>
						<SP ID="P15_SP00604" HPOS="1285" VPOS="3860" WIDTH="13"/>
						<String ID="word000634" HPOS="1298" VPOS="3800" WIDTH="60" HEIGHT="35" CONTENT="hit" WC="0.37" CC="377"/>
						<SP ID="P15_SP00605" HPOS="1358" VPOS="3860" WIDTH="18"/>
						<String ID="word000635" HPOS="1376" VPOS="3798" WIDTH="150" HEIGHT="41" CONTENT="having," WC="1.00" CC="0000000"/>
						<SP ID="P15_SP00606" HPOS="1526" VPOS="3860" WIDTH="19"/>
						<String ID="word000636" HPOS="1545" VPOS="3798" WIDTH="59" HEIGHT="31" CONTENT="CM." WC="0.41" CC="763"/>
						<SP ID="P15_SP00607" HPOS="1604" VPOS="3860" WIDTH="0"/>
					</TextLine>
					<TextLine ID="P15_TL00095" HPOS="252" VPOS="3847" WIDTH="1341" HEIGHT="63">
						<String ID="word000637" HPOS="252" VPOS="3866" WIDTH="80" HEIGHT="33" CONTENT="that" WC="0.94" CC="0011"/>
						<SP ID="P15_SP00608" HPOS="332" VPOS="3899" WIDTH="26"/>
						<String ID="word000638" HPOS="358" VPOS="3865" WIDTH="96" HEIGHT="45" CONTENT="day," WC="0.81" CC="0502"/>
						<SP ID="P15_SP00609" HPOS="454" VPOS="3909" WIDTH="27"/>
						<String ID="word000639" HPOS="481" VPOS="3861" WIDTH="182" HEIGHT="48" CONTENT="captured" WC="0.99" CC="00000010"/>
						<SP ID="P15_SP00610" HPOS="663" VPOS="3909" WIDTH="28"/>
						<String ID="word000640" HPOS="691" VPOS="3860" WIDTH="64" HEIGHT="35" CONTENT="the" WC="1.00" CC="000"/>
						<SP ID="P15_SP00611" HPOS="755" VPOS="3909" WIDTH="28"/>
						<String ID="word000641" HPOS="783" VPOS="3856" WIDTH="144" HEIGHT="38" CONTENT="French" WC="0.87" CC="411010"/>
						<SP ID="P15_SP00612" HPOS="927" VPOS="3909" WIDTH="25"/>
						<String ID="word000642" HPOS="952" VPOS="3856" WIDTH="194" HEIGHT="45" CONTENT="privateer" WC="0.94" CC="101111000"/>
						<SP ID="P15_SP00613" HPOS="1146" VPOS="3909" WIDTH="25"/>
						<String ID="word000643" HPOS="1170" VPOS="3855" WIDTH="119" HEIGHT="31" CONTENT="cutter" WC="1.00" CC="000000"/>
						<SP ID="P15_SP00614" HPOS="1290" VPOS="3909" WIDTH="21"/>
						<String ID="word000644" HPOS="1311" VPOS="3847" WIDTH="281" HEIGHT="44" CONTENT="•L'Esperance," WC="0.61" CC="6333333333535"/>
						<SP ID="P15_SP00615" HPOS="1592" VPOS="3909" WIDTH="0"/>
					</TextLine>
					<TextLine ID="P15_TL00096" HPOS="253" VPOS="3909" WIDTH="621" HEIGHT="49">
						<String ID="word000645" HPOS="253" VPOS="3912" WIDTH="47" HEIGHT="34" CONTENT="of" WC="0.83" CC="30"/>
						<SP ID="P15_SP00616" HPOS="300" VPOS="3946" WIDTH="17"/>
						<String ID="word000646" HPOS="317" VPOS="3913" WIDTH="40" HEIGHT="35" CONTENT="14" WC="0.94" CC="10"/>
						<SP ID="P15_SP00617" HPOS="357" VPOS="3948" WIDTH="15"/>
						<String ID="word000647" HPOS="372" VPOS="3922" WIDTH="92" HEIGHT="35" CONTENT="gum" WC="0.63" CC="217"/>
						<SP ID="P15_SP00618" HPOS="464" VPOS="3958" WIDTH="18"/>
						<String ID="word000648" HPOS="482" VPOS="3912" WIDTH="69" HEIGHT="35" CONTENT="and" WC="0.56" CC="471"/>
						<SP ID="P15_SP00619" HPOS="550" VPOS="3958" WIDTH="19"/>
						<String ID="word000649" HPOS="569" VPOS="3909" WIDTH="194" HEIGHT="45" CONTENT="fifty-four" WC="0.80" CC="1133520300"/>
						<SP ID="P15_SP00620" HPOS="763" VPOS="3958" WIDTH="15"/>
						<String ID="word000650" HPOS="778" VPOS="3915" WIDTH="96" HEIGHT="27" CONTENT="men." WC="1.00" CC="0000" STYLEREFS="TXT_3"/>
						<SP ID="P15_SP00621" HPOS="874" VPOS="3958" WIDTH="0"/>
					</TextLine>
					<TextLine ID="P15_TL00097" HPOS="309" VPOS="3935" WIDTH="1284" HEIGHT="71">
						<String ID="word000651" HPOS="309" VPOS="3961" WIDTH="165" HEIGHT="45" CONTENT="Captain" WC="0.97" CC="0110000"/>
						<SP ID="P15_SP00622" HPOS="475" VPOS="4006" WIDTH="20"/>
						<String ID="word000652" HPOS="495" VPOS="3958" WIDTH="210" HEIGHT="40" CONTENT="O'Connor," WC="0.80" CC="233303101"/>
						<SP ID="P15_SP00623" HPOS="705" VPOS="4006" WIDTH="17"/>
						<String ID="word000653" HPOS="722" VPOS="3951" WIDTH="246" HEIGHT="43" CONTENT="Commander" WC="1.00" CC="000000000"/>
						<SP ID="P15_SP00624" HPOS="967" VPOS="4006" WIDTH="12"/>
						<String ID="word000654" HPOS="979" VPOS="3950" WIDTH="43" HEIGHT="34" CONTENT="of" WC="1.00" CC="00"/>
						<SP ID="P15_SP00625" HPOS="1022" VPOS="4006" WIDTH="14"/>
						<String ID="word000655" HPOS="1036" VPOS="3948" WIDTH="54" HEIGHT="35" CONTENT="his" WC="1.00" CC="000"/>
						<SP ID="P15_SP00626" HPOS="1090" VPOS="4006" WIDTH="14"/>
						<String ID="word000656" HPOS="1104" VPOS="3943" WIDTH="194" HEIGHT="50" CONTENT="Majesty's" WC="0.97" CC="011000000"/>
						<SP ID="P15_SP00627" HPOS="1298" VPOS="4006" WIDTH="18"/>
						<String ID="word000657" HPOS="1316" VPOS="3943" WIDTH="110" HEIGHT="45" CONTENT="sloop" WC="0.73" CC="34221"/>
						<SP ID="P15_SP00628" HPOS="1426" VPOS="4006" WIDTH="13"/>
						<String ID="word000658" HPOS="1439" VPOS="3939" WIDTH="61" HEIGHT="35" CONTENT="the" WC="0.96" CC="010"/>
						<SP ID="P15_SP00629" HPOS="1500" VPOS="4006" WIDTH="12"/>
						<String ID="word000659" HPOS="1512" VPOS="3935" WIDTH="81" HEIGHT="39" CONTENT="Ned" WC="0.96" CC="010"/>
						<SP ID="P15_SP00630" HPOS="1593" VPOS="4006" WIDTH="0"/>
					</TextLine>
					<TextLine ID="P15_TL00098" HPOS="254" VPOS="3991" WIDTH="1338" HEIGHT="58">
						<String ID="word000660" HPOS="254" VPOS="4005" WIDTH="144" HEIGHT="44" CONTENT="Elwin," WC="0.57" CC="362453"/>
						<SP ID="P15_SP00631" HPOS="398" VPOS="4049" WIDTH="21"/>
						<String ID="word000661" HPOS="419" VPOS="4009" WIDTH="65" HEIGHT="34" CONTENT="has" WC="0.96" CC="010"/>
						<SP ID="P15_SP00632" HPOS="484" VPOS="4049" WIDTH="18"/>
						<String ID="word000662" HPOS="502" VPOS="4003" WIDTH="234" HEIGHT="39" CONTENT="transmitted" WC="0.99" CC="00010000000"/>
						<SP ID="P15_SP00633" HPOS="736" VPOS="4049" WIDTH="14"/>
						<String ID="word000663" HPOS="750" VPOS="4010" WIDTH="38" HEIGHT="31" CONTENT="to" WC="0.72" CC="14"/>
						<SP ID="P15_SP00634" HPOS="788" VPOS="4049" WIDTH="18"/>
						<String ID="word000664" HPOS="806" VPOS="4003" WIDTH="63" HEIGHT="34" CONTENT="the" WC="1.00" CC="000"/>
						<SP ID="P15_SP00635" HPOS="868" VPOS="4049" WIDTH="12"/>
						<String ID="word000665" HPOS="880" VPOS="3999" WIDTH="102" HEIGHT="37" CONTENT="lion." WC="0.78" CC="54010"/>
						<SP ID="P15_SP00636" HPOS="981" VPOS="4049" WIDTH="18"/>
						<String ID="word000666" HPOS="999" VPOS="3998" WIDTH="94" HEIGHT="34" CONTENT="Win." WC="0.89" CC="0400"/>
						<SP ID="P15_SP00637" HPOS="1094" VPOS="4049" WIDTH="26"/>
						<String ID="word000667" HPOS="1120" VPOS="3994" WIDTH="196" HEIGHT="45" CONTENT="Wellesley" WC="0.84" CC="102331111"/>
						<SP ID="P15_SP00638" HPOS="1316" VPOS="4049" WIDTH="18"/>
						<String ID="word000668" HPOS="1333" VPOS="3991" WIDTH="109" HEIGHT="41" CONTENT="Pole," WC="0.93" CC="00111"/>
						<SP ID="P15_SP00639" HPOS="1442" VPOS="4049" WIDTH="13"/>
						<String ID="word000669" HPOS="1455" VPOS="3999" WIDTH="25" HEIGHT="24" CONTENT="a" WC="1.00" CC="0" STYLEREFS="TXT_1"/>
						<SP ID="P15_SP00640" HPOS="1480" VPOS="4049" WIDTH="13"/>
						<String ID="word000670" HPOS="1493" VPOS="3994" WIDTH="99" HEIGHT="38" CONTENT="copy" WC="0.92" CC="0102" STYLEREFS="TXT_1"/>
						<SP ID="P15_SP00641" HPOS="1592" VPOS="4049" WIDTH="0"/>
					</TextLine>
					<TextLine ID="P15_TL00099" HPOS="253" VPOS="4039" WIDTH="1344" HEIGHT="60">
						<String ID="word000671" HPOS="253" VPOS="4049" WIDTH="80" HEIGHT="41" CONTENT="uea" WC="0.59" CC="353" STYLEREFS="TXT_3"/>
						<SP ID="P15_SP00642" HPOS="333" VPOS="4090" WIDTH="20"/>
						<String ID="word000672" HPOS="353" VPOS="4056" WIDTH="129" HEIGHT="35" CONTENT="Letter" WC="0.98" CC="000010"/>
						<SP ID="P15_SP00643" HPOS="482" VPOS="4091" WIDTH="13"/>
						<String ID="word000673" HPOS="495" VPOS="4052" WIDTH="196" HEIGHT="38" CONTENT="addressed" WC="0.99" CC="000000010"/>
						<SP ID="P15_SP00644" HPOS="691" VPOS="4091" WIDTH="19"/>
						<String ID="word000674" HPOS="710" VPOS="4054" WIDTH="52" HEIGHT="45" CONTENT="by" WC="1.00" CC="00"/>
						<SP ID="P15_SP00645" HPOS="762" VPOS="4098" WIDTH="31"/>
						<String ID="word000675" HPOS="793" VPOS="4050" WIDTH="74" HEIGHT="35" CONTENT="him" WC="0.89" CC="003"/>
						<SP ID="P15_SP00646" HPOS="867" VPOS="4098" WIDTH="20"/>
						<String ID="word000676" HPOS="887" VPOS="4054" WIDTH="39" HEIGHT="28" CONTENT="to" WC="1.00" CC="00"/>
						<SP ID="P15_SP00647" HPOS="926" VPOS="4098" WIDTH="22"/>
						<String ID="word000677" HPOS="948" VPOS="4042" WIDTH="285" HEIGHT="43" CONTENT="Vice-Admiral" WC="0.91" CC="200222010001"/>
						<SP ID="P15_SP00648" HPOS="1233" VPOS="4098" WIDTH="31"/>
						<String ID="word000678" HPOS="1264" VPOS="4043" WIDTH="58" HEIGHT="31" CONTENT="Sir" WC="0.93" CC="200"/>
						<SP ID="P15_SP00649" HPOS="1322" VPOS="4098" WIDTH="24"/>
						<String ID="word000679" HPOS="1345" VPOS="4039" WIDTH="129" HEIGHT="33" CONTENT="James" WC="0.69" CC="32333" STYLEREFS="TXT_1"/>
						<SP ID="P15_SP00650" HPOS="1474" VPOS="4098" WIDTH="32"/>
						<String ID="word000680" HPOS="1506" VPOS="4039" WIDTH="69" HEIGHT="30" CONTENT="Sau" SUBS_TYPE="HypPart1" SUBS_CONTENT="Saumurex," WC="0.39" CC="584" STYLEREFS="TXT_1"/>
						<HYP HPOS="1574" VPOS="4039" WIDTH="22" CONTENT="-"/>
					</TextLine>
					<TextLine ID="P15_TL00100" HPOS="254" VPOS="4084" WIDTH="1343" HEIGHT="65">
						<String ID="word000681" HPOS="254" VPOS="4113" WIDTH="148" HEIGHT="32" CONTENT="murex," SUBS_TYPE="HypPart2" SUBS_CONTENT="Saumurex," WC="0.59" CC="670171"/>
						<SP ID="P15_SP00651" HPOS="402" VPOS="4144" WIDTH="19"/>
						<String ID="word000682" HPOS="420" VPOS="4104" WIDTH="129" HEIGHT="45" CONTENT="giving" WC="1.00" CC="000000"/>
						<SP ID="P15_SP00652" HPOS="549" VPOS="4149" WIDTH="13"/>
						<String ID="word000683" HPOS="562" VPOS="4114" WIDTH="45" HEIGHT="24" CONTENT="an" WC="1.00" CC="00"/>
						<SP ID="P15_SP00653" HPOS="607" VPOS="4149" WIDTH="13"/>
						<String ID="word000684" HPOS="620" VPOS="4104" WIDTH="161" HEIGHT="33" CONTENT="account" WC="0.98" CC="1000000"/>
						<SP ID="P15_SP00654" HPOS="781" VPOS="4149" WIDTH="13"/>
						<String ID="word000685" HPOS="794" VPOS="4098" WIDTH="41" HEIGHT="34" CONTENT="of" WC="0.94" CC="10"/>
						<SP ID="P15_SP00655" HPOS="835" VPOS="4149" WIDTH="17"/>
						<String ID="word000686" HPOS="852" VPOS="4098" WIDTH="58" HEIGHT="34" CONTENT="his" WC="0.70" CC="125"/>
						<SP ID="P15_SP00656" HPOS="909" VPOS="4149" WIDTH="20"/>
						<String ID="word000687" HPOS="930" VPOS="4094" WIDTH="148" HEIGHT="44" CONTENT="having," WC="0.95" CC="0100200"/>
						<SP ID="P15_SP00657" HPOS="1077" VPOS="4149" WIDTH="19"/>
						<String ID="word000688" HPOS="1096" VPOS="4103" WIDTH="46" HEIGHT="24" CONTENT="on" WC="1.00" CC="00"/>
						<SP ID="P15_SP00658" HPOS="1142" VPOS="4149" WIDTH="19"/>
						<String ID="word000689" HPOS="1161" VPOS="4091" WIDTH="64" HEIGHT="33" CONTENT="the" WC="0.96" CC="010"/>
						<SP ID="P15_SP00659" HPOS="1225" VPOS="4149" WIDTH="26"/>
						<String ID="word000690" HPOS="1251" VPOS="4089" WIDTH="86" HEIGHT="35" CONTENT="17th" WC="0.56" CC="4642"/>
						<SP ID="P15_SP00660" HPOS="1337" VPOS="4149" WIDTH="28"/>
						<String ID="word000691" HPOS="1365" VPOS="4084" WIDTH="46" HEIGHT="35" CONTENT="of" WC="1.00" CC="00" STYLEREFS="TXT_0"/>
						<SP ID="P15_SP00661" HPOS="1411" VPOS="4149" WIDTH="30"/>
						<String ID="word000692" HPOS="1441" VPOS="4084" WIDTH="130" HEIGHT="40" CONTENT="Decem" SUBS_TYPE="HypPart1" SUBS_CONTENT="December," WC="0.85" CC="23101"/>
						<HYP HPOS="1571" VPOS="4084" WIDTH="26" CONTENT="-"/>
					</TextLine>
					<TextLine ID="P15_TL00101" HPOS="255" VPOS="4128" WIDTH="1342" HEIGHT="69">
						<String ID="word000693" HPOS="255" VPOS="4149" WIDTH="84" HEIGHT="46" CONTENT="ber," SUBS_TYPE="HypPart2" SUBS_CONTENT="December," WC="1.00" CC="0000"/>
						<SP ID="P15_SP00662" HPOS="339" VPOS="4195" WIDTH="18"/>
						<String ID="word000694" HPOS="357" VPOS="4154" WIDTH="182" HEIGHT="43" CONTENT="captured" WC="0.67" CC="23233353"/>
						<SP ID="P15_SP00663" HPOS="539" VPOS="4196" WIDTH="19"/>
						<String ID="word000695" HPOS="557" VPOS="4150" WIDTH="64" HEIGHT="34" CONTENT="the." WC="0.56" CC="0277"/>
						<SP ID="P15_SP00664" HPOS="621" VPOS="4196" WIDTH="17"/>
						<String ID="word000696" HPOS="638" VPOS="4148" WIDTH="161" HEIGHT="37" CONTENT="General" WC="0.94" CC="1100011"/>
						<SP ID="P15_SP00665" HPOS="798" VPOS="4196" WIDTH="17"/>
						<String ID="word000697" HPOS="815" VPOS="4146" WIDTH="131" HEIGHT="44" CONTENT="Rapp," WC="0.80" CC="13131"/>
						<SP ID="P15_SP00666" HPOS="946" VPOS="4196" WIDTH="20"/>
						<String ID="word000698" HPOS="966" VPOS="4141" WIDTH="141" HEIGHT="35" CONTENT="French" WC="0.89" CC="000312"/>
						<SP ID="P15_SP00667" HPOS="1107" VPOS="4196" WIDTH="19"/>
						<String ID="word000699" HPOS="1126" VPOS="4141" WIDTH="187" HEIGHT="44" CONTENT="privateer" WC="0.99" CC="000000010"/>
						<SP ID="P15_SP00668" HPOS="1312" VPOS="4196" WIDTH="18"/>
						<String ID="word000700" HPOS="1330" VPOS="4136" WIDTH="98" HEIGHT="44" CONTENT="brig," WC="0.98" CC="00001"/>
						<SP ID="P15_SP00669" HPOS="1428" VPOS="4196" WIDTH="15"/>
						<String ID="word000701" HPOS="1443" VPOS="4131" WIDTH="43" HEIGHT="34" CONTENT="of" WC="0.83" CC="12"/>
						<SP ID="P15_SP00670" HPOS="1486" VPOS="4196" WIDTH="6"/>
						<String ID="word000702" HPOS="1492" VPOS="4128" WIDTH="105" HEIGHT="48" CONTENT="eiglit" WC="0.52" CC="333683"/>
						<SP ID="P15_SP00671" HPOS="1597" VPOS="4196" WIDTH="0"/>
					</TextLine>
					<TextLine ID="P15_TL00102" HPOS="254" VPOS="4180" WIDTH="1265" HEIGHT="65">
						<String ID="word000703" HPOS="254" VPOS="4208" WIDTH="87" HEIGHT="35" CONTENT="suns" WC="0.44" CC="7157" STYLEREFS="TXT_0"/>
						<SP ID="P15_SP00672" HPOS="341" VPOS="4244" WIDTH="17"/>
						<String ID="word000704" HPOS="358" VPOS="4201" WIDTH="79" HEIGHT="35" CONTENT="and" WC="1.00" CC="000" STYLEREFS="TXT_0"/>
						<SP ID="P15_SP00673" HPOS="437" VPOS="4244" WIDTH="13"/>
						<String ID="word000705" HPOS="450" VPOS="4200" WIDTH="45" HEIGHT="38" CONTENT="41" WC="0.83" CC="03" STYLEREFS="TXT_0"/>
						<SP ID="P15_SP00674" HPOS="495" VPOS="4244" WIDTH="18"/>
						<String ID="word000706" HPOS="513" VPOS="4209" WIDTH="94" HEIGHT="35" CONTENT="men," WC="1.00" CC="0000" STYLEREFS="TXT_0"/>
						<SP ID="P15_SP00675" HPOS="607" VPOS="4245" WIDTH="25"/>
						<String ID="word000707" HPOS="632" VPOS="4196" WIDTH="124" HEIGHT="38" CONTENT="which" WC="0.91" CC="20020" STYLEREFS="TXT_0"/>
						<SP ID="P15_SP00676" HPOS="756" VPOS="4245" WIDTH="19"/>
						<String ID="word000708" HPOS="775" VPOS="4195" WIDTH="70" HEIGHT="37" CONTENT="had" WC="0.85" CC="121" STYLEREFS="TXT_0"/>
						<SP ID="P15_SP00677" HPOS="844" VPOS="4245" WIDTH="18"/>
						<String ID="word000709" HPOS="862" VPOS="4193" WIDTH="70" HEIGHT="37" CONTENT="left" WC="0.86" CC="1211" STYLEREFS="TXT_0"/>
						<SP ID="P15_SP00678" HPOS="932" VPOS="4245" WIDTH="20"/>
						<String ID="word000710" HPOS="952" VPOS="4189" WIDTH="164" HEIGHT="39" CONTENT="Daatzic" WC="0.40" CC="6777533" STYLEREFS="TXT_0"/>
						<SP ID="P15_SP00679" HPOS="1116" VPOS="4245" WIDTH="18"/>
						<String ID="word000711" HPOS="1134" VPOS="4187" WIDTH="61" HEIGHT="37" CONTENT="the" WC="1.00" CC="000" STYLEREFS="TXT_0"/>
						<SP ID="P15_SP00680" HPOS="1195" VPOS="4245" WIDTH="14"/>
						<String ID="word000712" HPOS="1209" VPOS="4183" WIDTH="152" HEIGHT="45" CONTENT="evening" WC="0.76" CC="1125051" STYLEREFS="TXT_0"/>
						<SP ID="P15_SP00681" HPOS="1362" VPOS="4245" WIDTH="17"/>
						<String ID="word000713" HPOS="1378" VPOS="4180" WIDTH="141" HEIGHT="39" CONTENT="before." WC="0.86" CC="0005013" STYLEREFS="TXT_0"/>
						<SP ID="P15_SP00682" HPOS="1519" VPOS="4245" WIDTH="0"/>
					</TextLine>
				</TextBlock>
				<TextBlock ID="pa0015010" HPOS="2122" VPOS="1300" WIDTH="346" HEIGHT="40" STYLEREFS="TXT_0 PAR_RIGHT">
					<TextLine ID="P15_TL00103" HPOS="2125" VPOS="1303" WIDTH="343" HEIGHT="37">
						<String ID="word000714" HPOS="2125" VPOS="1303" WIDTH="343" HEIGHT="37" CONTENT="BANKRUPTS." WC="0.83" CC="0362101011"/>
						<SP ID="P15_SP00683" HPOS="2467" VPOS="1339" WIDTH="0"/>
					</TextLine>
				</TextBlock>
				<TextBlock ID="pa0015011" HPOS="1622" VPOS="1356" WIDTH="1350" HEIGHT="772" STYLEREFS="TXT_0 PAR_LEFT">
					<TextLine ID="P15_TL00104" HPOS="1657" VPOS="1371" WIDTH="1297" HEIGHT="48">
						<String ID="word000715" HPOS="1657" VPOS="1374" WIDTH="115" HEIGHT="41" CONTENT=".John" WC="0.49" CC="84434"/>
						<SP ID="P15_SP00684" HPOS="1772" VPOS="1415" WIDTH="15"/>
						<String ID="word000716" HPOS="1787" VPOS="1375" WIDTH="181" HEIGHT="43" CONTENT="Johnson," WC="0.88" CC="41100102"/>
						<SP ID="P15_SP00685" HPOS="1968" VPOS="1417" WIDTH="21"/>
						<String ID="word000717" HPOS="1989" VPOS="1377" WIDTH="155" HEIGHT="38" CONTENT="Bristol," WC="0.76" CC="40150313"/>
						<SP ID="P15_SP00686" HPOS="2144" VPOS="1417" WIDTH="18"/>
						<String ID="word000718" HPOS="2161" VPOS="1376" WIDTH="275" HEIGHT="43" CONTENT="coach-maker," WC="0.91" CC="010022400100"/>
						<SP ID="P15_SP00687" HPOS="2437" VPOS="1419" WIDTH="20"/>
						<String ID="word000719" HPOS="2457" VPOS="1380" WIDTH="37" HEIGHT="28" CONTENT="to" WC="1.00" CC="00"/>
						<SP ID="P15_SP00688" HPOS="2493" VPOS="1419" WIDTH="14"/>
						<String ID="word000720" HPOS="2507" VPOS="1372" WIDTH="191" HEIGHT="38" CONTENT="surrender" WC="0.91" CC="010011220"/>
						<SP ID="P15_SP00689" HPOS="2699" VPOS="1419" WIDTH="18"/>
						<String ID="word000721" HPOS="2717" VPOS="1371" WIDTH="92" HEIGHT="37" CONTENT="Feb." WC="0.92" CC="0030"/>
						<SP ID="P15_SP00690" HPOS="2809" VPOS="1419" WIDTH="33"/>
						<String ID="word000722" HPOS="2842" VPOS="1376" WIDTH="112" HEIGHT="40" CONTENT="6,7," WC="0.61" CC="2615"/>
						<SP ID="P15_SP00691" HPOS="2954" VPOS="1419" WIDTH="0"/>
					</TextLine>
					<TextLine ID="P15_TL00105" HPOS="1624" VPOS="1421" WIDTH="1332" HEIGHT="45">
						<String ID="word000723" HPOS="1624" VPOS="1422" WIDTH="70" HEIGHT="33" CONTENT="and" WC="0.93" CC="101"/>
						<SP ID="P15_SP00692" HPOS="1694" VPOS="1455" WIDTH="21"/>
						<String ID="word000724" HPOS="1715" VPOS="1423" WIDTH="128" HEIGHT="34" CONTENT="March" WC="0.98" CC="10000"/>
						<SP ID="P15_SP00693" HPOS="1843" VPOS="1457" WIDTH="11"/>
						<String ID="word000725" HPOS="1853" VPOS="1424" WIDTH="38" HEIGHT="41" CONTENT="4," WC="1.00" CC="00"/>
						<SP ID="P15_SP00694" HPOS="1891" VPOS="1466" WIDTH="20"/>
						<String ID="word000726" HPOS="1911" VPOS="1430" WIDTH="35" HEIGHT="27" CONTENT="at" WC="0.78" CC="22"/>
						<SP ID="P15_SP00695" HPOS="1946" VPOS="1466" WIDTH="11"/>
						<String ID="word000727" HPOS="1957" VPOS="1426" WIDTH="142" HEIGHT="38" CONTENT="eleven," WC="0.82" CC="3311030"/>
						<SP ID="P15_SP00696" HPOS="2099" VPOS="1466" WIDTH="14"/>
						<String ID="word000728" HPOS="2113" VPOS="1424" WIDTH="38" HEIGHT="33" CONTENT="at" WC="0.78" CC="40"/>
						<SP ID="P15_SP00697" HPOS="2151" VPOS="1466" WIDTH="20"/>
						<String ID="word000729" HPOS="2171" VPOS="1424" WIDTH="59" HEIGHT="33" CONTENT="the" WC="0.74" CC="610"/>
						<SP ID="P15_SP00698" HPOS="2230" VPOS="1466" WIDTH="25"/>
						<String ID="word000730" HPOS="2255" VPOS="1423" WIDTH="187" HEIGHT="40" CONTENT="Rummer," WC="0.79" CC="1361101"/>
						<SP ID="P15_SP00699" HPOS="2441" VPOS="1466" WIDTH="27"/>
						<String ID="word000731" HPOS="2469" VPOS="1421" WIDTH="358" HEIGHT="44" CONTENT="All-Saint's-Lane," WC="0.60" CC="23738533333567000"/>
						<SP ID="P15_SP00700" HPOS="2826" VPOS="1466" WIDTH="22"/>
						<String ID="word000732" HPOS="2849" VPOS="1423" WIDTH="86" HEIGHT="33" CONTENT="Bris" SUBS_TYPE="HypPart1" SUBS_CONTENT="Bristol." WC="0.53" CC="5533"/>
						<HYP HPOS="2935" VPOS="1423" WIDTH="21" CONTENT="-"/>
					</TextLine>
					<TextLine ID="P15_TL00106" HPOS="1629" VPOS="1468" WIDTH="1322" HEIGHT="49">
						<String ID="word000733" HPOS="1629" VPOS="1469" WIDTH="64" HEIGHT="33" CONTENT="tol." SUBS_TYPE="HypPart2" SUBS_CONTENT="Bristol." WC="0.72" CC="3232"/>
						<SP ID="P15_SP00701" HPOS="1693" VPOS="1502" WIDTH="52"/>
						<String ID="word000734" HPOS="1744" VPOS="1470" WIDTH="204" HEIGHT="44" CONTENT="Attornies," WC="0.59" CC="3353333383"/>
						<SP ID="P15_SP00702" HPOS="1949" VPOS="1514" WIDTH="30"/>
						<String ID="word000735" HPOS="1978" VPOS="1473" WIDTH="73" HEIGHT="33" CONTENT="Mr." WC="0.96" CC="100"/>
						<SP ID="P15_SP00703" HPOS="2052" VPOS="1514" WIDTH="35"/>
						<String ID="word000736" HPOS="2087" VPOS="1472" WIDTH="105" HEIGHT="45" CONTENT="Bigg," WC="0.98" CC="10000"/>
						<SP ID="P15_SP00704" HPOS="2192" VPOS="1517" WIDTH="44"/>
						<String ID="word000737" HPOS="2236" VPOS="1469" WIDTH="312" HEIGHT="40" CONTENT="Ilatton-Garden" WC="0.66" CC="76333436313001"/>
						<SP ID="P15_SP00705" HPOS="2548" VPOS="1517" WIDTH="20"/>
						<String ID="word000738" HPOS="2568" VPOS="1482" WIDTH="12" HEIGHT="28" CONTENT=";" WC="1.00" CC="0"/>
						<SP ID="P15_SP00706" HPOS="2580" VPOS="1517" WIDTH="39"/>
						<String ID="word000739" HPOS="2619" VPOS="1469" WIDTH="69" HEIGHT="34" CONTENT="and" WC="0.74" CC="070"/>
						<SP ID="P15_SP00707" HPOS="2687" VPOS="1517" WIDTH="39"/>
						<String ID="word000740" HPOS="2726" VPOS="1468" WIDTH="78" HEIGHT="34" CONTENT="Mr." WC="0.96" CC="100"/>
						<SP ID="P15_SP00708" HPOS="2804" VPOS="1517" WIDTH="33"/>
						<String ID="word000741" HPOS="2837" VPOS="1468" WIDTH="113" HEIGHT="47" CONTENT="Bigg," WC="0.89" CC="01004"/>
						<SP ID="P15_SP00709" HPOS="2950" VPOS="1517" WIDTH="0"/>
					</TextLine>
					<TextLine ID="P15_TL00107" HPOS="1633" VPOS="1515" WIDTH="148" HEIGHT="36">
						<String ID="word000742" HPOS="1633" VPOS="1515" WIDTH="148" HEIGHT="35" CONTENT="Bristol." WC="0.99" CC="00000010"/>
						<SP ID="P15_SP00710" HPOS="1781" VPOS="1551" WIDTH="0"/>
					</TextLine>
					<TextLine ID="P15_TL00108" HPOS="1676" VPOS="1561" WIDTH="1271" HEIGHT="50">
						<String ID="word000743" HPOS="1676" VPOS="1564" WIDTH="143" HEIGHT="34" CONTENT="Simeon" WC="0.96" CC="100010"/>
						<SP ID="P15_SP00711" HPOS="1819" VPOS="1598" WIDTH="51"/>
						<String ID="word000744" HPOS="1870" VPOS="1566" WIDTH="104" HEIGHT="45" CONTENT="Eity," WC="0.56" CC="38333"/>
						<SP ID="P15_SP00712" HPOS="1974" VPOS="1611" WIDTH="34"/>
						<String ID="word000745" HPOS="2008" VPOS="1566" WIDTH="159" HEIGHT="43" CONTENT="Oxford," WC="1.00" CC="0000000"/>
						<SP ID="P15_SP00713" HPOS="2167" VPOS="1611" WIDTH="37"/>
						<String ID="word000746" HPOS="2204" VPOS="1563" WIDTH="317" HEIGHT="43" CONTENT="wine-merchant," WC="0.93" CC="10022210000010"/>
						<SP ID="P15_SP00714" HPOS="2520" VPOS="1611" WIDTH="45"/>
						<String ID="word000747" HPOS="2565" VPOS="1561" WIDTH="89" HEIGHT="37" CONTENT=".Tan." WC="0.69" CC="66110"/>
						<SP ID="P15_SP00715" HPOS="2654" VPOS="1611" WIDTH="33"/>
						<String ID="word000748" HPOS="2687" VPOS="1563" WIDTH="65" HEIGHT="38" CONTENT="27," WC="0.89" CC="012"/>
						<SP ID="P15_SP00716" HPOS="2752" VPOS="1611" WIDTH="31"/>
						<String ID="word000749" HPOS="2783" VPOS="1563" WIDTH="64" HEIGHT="44" CONTENT="28," WC="0.74" CC="331"/>
						<SP ID="P15_SP00717" HPOS="2846" VPOS="1611" WIDTH="28"/>
						<String ID="word000750" HPOS="2875" VPOS="1563" WIDTH="72" HEIGHT="37" CONTENT="and" WC="0.89" CC="111"/>
						<SP ID="P15_SP00718" HPOS="2947" VPOS="1611" WIDTH="0"/>
					</TextLine>
					<TextLine ID="P15_TL00109" HPOS="1632" VPOS="1607" WIDTH="1322" HEIGHT="48">
						<String ID="word000751" HPOS="1632" VPOS="1611" WIDTH="124" HEIGHT="34" CONTENT="March" WC="0.98" CC="00010"/>
						<SP ID="P15_SP00719" HPOS="1756" VPOS="1645" WIDTH="18"/>
						<String ID="word000752" HPOS="1774" VPOS="1613" WIDTH="39" HEIGHT="39" CONTENT="4," WC="1.00" CC="00"/>
						<SP ID="P15_SP00720" HPOS="1813" VPOS="1652" WIDTH="17"/>
						<String ID="word000753" HPOS="1830" VPOS="1618" WIDTH="40" HEIGHT="28" CONTENT="at" WC="0.78" CC="13"/>
						<SP ID="P15_SP00721" HPOS="1870" VPOS="1652" WIDTH="13"/>
						<String ID="word000754" HPOS="1883" VPOS="1613" WIDTH="138" HEIGHT="41" CONTENT="eleveu," WC="0.48" CC="5437383"/>
						<SP ID="P15_SP00722" HPOS="2021" VPOS="1655" WIDTH="26"/>
						<String ID="word000755" HPOS="2047" VPOS="1619" WIDTH="39" HEIGHT="27" CONTENT="at" WC="1.00" CC="00"/>
						<SP ID="P15_SP00723" HPOS="2086" VPOS="1655" WIDTH="27"/>
						<String ID="word000756" HPOS="2113" VPOS="1615" WIDTH="60" HEIGHT="32" CONTENT="the" WC="0.93" CC="002"/>
						<SP ID="P15_SP00724" HPOS="2173" VPOS="1655" WIDTH="18"/>
						<String ID="word000757" HPOS="2191" VPOS="1611" WIDTH="244" HEIGHT="41" CONTENT="Town-Ball," WC="0.69" CC="0334273231"/>
						<SP ID="P15_SP00725" HPOS="2435" VPOS="1655" WIDTH="18"/>
						<String ID="word000758" HPOS="2453" VPOS="1607" WIDTH="168" HEIGHT="39" CONTENT="Oxford." WC="0.98" CC="0001000"/>
						<SP ID="P15_SP00726" HPOS="2621" VPOS="1655" WIDTH="39"/>
						<String ID="word000759" HPOS="2660" VPOS="1611" WIDTH="193" HEIGHT="34" CONTENT="Atturnies" WC="0.58" CC="333733543"/>
						<SP ID="P15_SP00727" HPOS="2852" VPOS="1655" WIDTH="24"/>
						<String ID="word000760" HPOS="2876" VPOS="1612" WIDTH="78" HEIGHT="35" CONTENT="Mr." WC="0.63" CC="235"/>
						<SP ID="P15_SP00728" HPOS="2954" VPOS="1655" WIDTH="0"/>
					</TextLine>
					<TextLine ID="P15_TL00110" HPOS="1641" VPOS="1658" WIDTH="976" HEIGHT="44">
						<String ID="word000761" HPOS="1641" VPOS="1659" WIDTH="170" HEIGHT="39" CONTENT="Taunton," WC="0.86" CC="50020102"/>
						<SP ID="P15_SP00729" HPOS="1811" VPOS="1698" WIDTH="20"/>
						<String ID="word000762" HPOS="1831" VPOS="1662" WIDTH="32" HEIGHT="31" CONTENT="0" WC="0.89" CC="1"/>
						<SP ID="P15_SP00730" HPOS="1863" VPOS="1698" WIDTH="13"/>
						<String ID="word000763" HPOS="1876" VPOS="1661" WIDTH="100" HEIGHT="34" CONTENT="xford" WC="0.87" CC="40101"/>
						<SP ID="P15_SP00731" HPOS="1976" VPOS="1698" WIDTH="24"/>
						<String ID="word000764" HPOS="2000" VPOS="1672" WIDTH="11" HEIGHT="27" CONTENT=";" WC="1.00" CC="0"/>
						<SP ID="P15_SP00732" HPOS="2010" VPOS="1700" WIDTH="27"/>
						<String ID="word000765" HPOS="2037" VPOS="1659" WIDTH="67" HEIGHT="34" CONTENT="and" WC="0.96" CC="100"/>
						<SP ID="P15_SP00733" HPOS="2105" VPOS="1700" WIDTH="28"/>
						<String ID="word000766" HPOS="2133" VPOS="1661" WIDTH="73" HEIGHT="34" CONTENT="Mr." WC="0.96" CC="100"/>
						<SP ID="P15_SP00734" HPOS="2206" VPOS="1700" WIDTH="25"/>
						<String ID="word000767" HPOS="2231" VPOS="1659" WIDTH="145" HEIGHT="38" CONTENT="Moore," WC="1.00" CC="000000"/>
						<SP ID="P15_SP00735" HPOS="2376" VPOS="1700" WIDTH="17"/>
						<String ID="word000768" HPOS="2393" VPOS="1658" WIDTH="223" HEIGHT="44" CONTENT="Cheapside." WC="0.64" CC="3333353333"/>
						<SP ID="P15_SP00736" HPOS="2616" VPOS="1702" WIDTH="0"/>
					</TextLine>
					<TextLine ID="P15_TL00111" HPOS="1683" VPOS="1702" WIDTH="1271" HEIGHT="50">
						<String ID="word000769" HPOS="1683" VPOS="1707" WIDTH="193" HEIGHT="33" CONTENT="Elizabt.th" WC="0.48" CC="8633365733"/>
						<SP ID="P15_SP00737" HPOS="1876" VPOS="1740" WIDTH="32"/>
						<String ID="word000770" HPOS="1907" VPOS="1707" WIDTH="102" HEIGHT="35" CONTENT="Btow" WC="0.44" CC="3548"/>
						<SP ID="P15_SP00738" HPOS="2009" VPOS="1742" WIDTH="12"/>
						<String ID="word000771" HPOS="2021" VPOS="1719" WIDTH="56" HEIGHT="30" CONTENT="tie," WC="0.44" CC="7661"/>
						<SP ID="P15_SP00739" HPOS="2076" VPOS="1748" WIDTH="37"/>
						<String ID="word000772" HPOS="2113" VPOS="1703" WIDTH="216" HEIGHT="48" CONTENT="Liverpool," WC="0.83" CC="4305000111"/>
						<SP ID="P15_SP00740" HPOS="2329" VPOS="1752" WIDTH="35"/>
						<String ID="word000773" HPOS="2365" VPOS="1706" WIDTH="221" HEIGHT="38" CONTENT="tea-dealer," WC="0.90" CC="02322000100"/>
						<SP ID="P15_SP00741" HPOS="2585" VPOS="1752" WIDTH="25"/>
						<String ID="word000774" HPOS="2610" VPOS="1702" WIDTH="87" HEIGHT="37" CONTENT="Feb." WC="0.86" CC="2300"/>
						<SP ID="P15_SP00742" HPOS="2698" VPOS="1752" WIDTH="26"/>
						<String ID="word000775" HPOS="2724" VPOS="1706" WIDTH="57" HEIGHT="39" CONTENT="13," WC="0.48" CC="167"/>
						<SP ID="P15_SP00743" HPOS="2780" VPOS="1752" WIDTH="24"/>
						<String ID="word000776" HPOS="2804" VPOS="1704" WIDTH="58" HEIGHT="41" CONTENT="14," WC="0.63" CC="523"/>
						<SP ID="P15_SP00744" HPOS="2862" VPOS="1752" WIDTH="20"/>
						<String ID="word000777" HPOS="2882" VPOS="1704" WIDTH="72" HEIGHT="34" CONTENT="and" WC="0.96" CC="001"/>
						<SP ID="P15_SP00745" HPOS="2954" VPOS="1752" WIDTH="0"/>
					</TextLine>
					<TextLine ID="P15_TL00112" HPOS="1636" VPOS="1752" WIDTH="1322" HEIGHT="44">
						<String ID="word000778" HPOS="1636" VPOS="1752" WIDTH="123" HEIGHT="34" CONTENT="March" WC="0.82" CC="71000"/>
						<SP ID="P15_SP00746" HPOS="1759" VPOS="1786" WIDTH="32"/>
						<String ID="word000779" HPOS="1791" VPOS="1755" WIDTH="39" HEIGHT="40" CONTENT="4," WC="1.00" CC="00"/>
						<SP ID="P15_SP00747" HPOS="1830" VPOS="1795" WIDTH="18"/>
						<String ID="word000780" HPOS="1847" VPOS="1760" WIDTH="43" HEIGHT="30" CONTENT="at" WC="1.00" CC="00"/>
						<SP ID="P15_SP00748" HPOS="1890" VPOS="1795" WIDTH="27"/>
						<String ID="word000781" HPOS="1917" VPOS="1756" WIDTH="139" HEIGHT="39" CONTENT="eleven," WC="0.94" CC="0010210" STYLEREFS="TXT_3"/>
						<SP ID="P15_SP00749" HPOS="2056" VPOS="1795" WIDTH="24"/>
						<String ID="word000782" HPOS="2080" VPOS="1760" WIDTH="40" HEIGHT="30" CONTENT="at" WC="1.00" CC="00"/>
						<SP ID="P15_SP00750" HPOS="2120" VPOS="1795" WIDTH="25"/>
						<String ID="word000783" HPOS="2145" VPOS="1755" WIDTH="61" HEIGHT="33" CONTENT="the" WC="0.96" CC="001"/>
						<SP ID="P15_SP00751" HPOS="2206" VPOS="1795" WIDTH="31"/>
						<String ID="word000784" HPOS="2237" VPOS="1756" WIDTH="84" HEIGHT="33" CONTENT="Star" WC="0.94" CC="0020"/>
						<SP ID="P15_SP00752" HPOS="2321" VPOS="1795" WIDTH="28"/>
						<String ID="word000785" HPOS="2349" VPOS="1752" WIDTH="69" HEIGHT="35" CONTENT="and" WC="0.70" CC="134"/>
						<SP ID="P15_SP00753" HPOS="2418" VPOS="1795" WIDTH="28"/>
						<String ID="word000786" HPOS="2446" VPOS="1753" WIDTH="154" HEIGHT="38" CONTENT="Garter," WC="0.86" CC="6100101"/>
						<SP ID="P15_SP00754" HPOS="2600" VPOS="1795" WIDTH="32"/>
						<String ID="word000787" HPOS="2631" VPOS="1753" WIDTH="326" HEIGHT="43" CONTENT="Paradise.Areet," WC="0.45" CC="433355887735553"/>
						<SP ID="P15_SP00755" HPOS="2957" VPOS="1795" WIDTH="0"/>
					</TextLine>
					<TextLine ID="P15_TL00113" HPOS="1635" VPOS="1794" WIDTH="1322" HEIGHT="51">
						<String ID="word000788" HPOS="1635" VPOS="1799" WIDTH="210" HEIGHT="46" CONTENT="Liverpool." WC="0.83" CC="3121111320"/>
						<SP ID="P15_SP00756" HPOS="1845" VPOS="1845" WIDTH="65"/>
						<String ID="word000789" HPOS="1910" VPOS="1794" WIDTH="206" HEIGHT="51" CONTENT="Attornies," WC="0.46" CC="3536475853"/>
						<SP ID="P15_SP00757" HPOS="2115" VPOS="1845" WIDTH="37"/>
						<String ID="word000790" HPOS="2152" VPOS="1802" WIDTH="74" HEIGHT="33" CONTENT="Mr." WC="0.96" CC="100"/>
						<SP ID="P15_SP00758" HPOS="2226" VPOS="1845" WIDTH="41"/>
						<String ID="word000791" HPOS="2268" VPOS="1800" WIDTH="243" HEIGHT="41" CONTENT="Blackstock," WC="0.92" CC="01040101100"/>
						<SP ID="P15_SP00759" HPOS="2511" VPOS="1845" WIDTH="37"/>
						<String ID="word000792" HPOS="2548" VPOS="1798" WIDTH="154" HEIGHT="47" CONTENT="Poultry" WC="0.82" CC="3103130"/>
						<SP ID="P15_SP00760" HPOS="2701" VPOS="1845" WIDTH="21"/>
						<String ID="word000793" HPOS="2722" VPOS="1812" WIDTH="12" HEIGHT="28" CONTENT=";" WC="1.00" CC="0"/>
						<SP ID="P15_SP00761" HPOS="2734" VPOS="1845" WIDTH="38"/>
						<String ID="word000794" HPOS="2772" VPOS="1800" WIDTH="73" HEIGHT="33" CONTENT="and" WC="0.93" CC="110"/>
						<SP ID="P15_SP00762" HPOS="2845" VPOS="1845" WIDTH="34"/>
						<String ID="word000795" HPOS="2880" VPOS="1801" WIDTH="77" HEIGHT="37" CONTENT="Mr." WC="0.78" CC="303"/>
						<SP ID="P15_SP00763" HPOS="2956" VPOS="1845" WIDTH="0"/>
					</TextLine>
					<TextLine ID="P15_TL00114" HPOS="1636" VPOS="1847" WIDTH="411" HEIGHT="46">
						<String ID="word000796" HPOS="1636" VPOS="1847" WIDTH="177" HEIGHT="41" CONTENT=".‘lurrow," WC="0.52" CC="585333435"/>
						<SP ID="P15_SP00764" HPOS="1813" VPOS="1889" WIDTH="22"/>
						<String ID="word000797" HPOS="1835" VPOS="1848" WIDTH="211" HEIGHT="45" CONTENT="Liverpool." WC="0.92" CC="1211011000"/>
						<SP ID="P15_SP00765" HPOS="2047" VPOS="1893" WIDTH="0"/>
					</TextLine>
					<TextLine ID="P15_TL00115" HPOS="1682" VPOS="1892" WIDTH="1277" HEIGHT="47">
						<String ID="word000798" HPOS="1682" VPOS="1893" WIDTH="157" HEIGHT="35" CONTENT="Michael" WC="0.94" CC="0030001"/>
						<SP ID="P15_SP00766" HPOS="1839" VPOS="1929" WIDTH="19"/>
						<String ID="word000799" HPOS="1858" VPOS="1896" WIDTH="138" HEIGHT="43" CONTENT="Jacob," WC="0.85" CC="015101"/>
						<SP ID="P15_SP00767" HPOS="1996" VPOS="1938" WIDTH="35"/>
						<String ID="word000800" HPOS="2031" VPOS="1897" WIDTH="278" HEIGHT="40" CONTENT="Berner-street," WC="0.82" CC="21031323111302"/>
						<SP ID="P15_SP00768" HPOS="2309" VPOS="1938" WIDTH="19"/>
						<String ID="word000801" HPOS="2328" VPOS="1893" WIDTH="389" HEIGHT="39" CONTENT="Commercial-R.oad," WC="0.72" CC="01401033035553433"/>
						<SP ID="P15_SP00769" HPOS="2717" VPOS="1938" WIDTH="24"/>
						<String ID="word000802" HPOS="2740" VPOS="1905" WIDTH="26" HEIGHT="21" CONTENT="w" WC="0.67" CC="3"/>
						<SP ID="P15_SP00770" HPOS="2766" VPOS="1938" WIDTH="13"/>
						<String ID="word000803" HPOS="2779" VPOS="1892" WIDTH="161" HEIGHT="35" CONTENT="holesale" SUBS_TYPE="HypPart1" SUBS_CONTENT="holesalealer," WC="0.64" CC="45431143"/>
						<HYP HPOS="2940" VPOS="1892" WIDTH="19" CONTENT="-"/>
					</TextLine>
					<TextLine ID="P15_TL00116" HPOS="1675" VPOS="1933" WIDTH="1284" HEIGHT="54">
						<String ID="word000804" HPOS="1675" VPOS="1942" WIDTH="93" HEIGHT="41" CONTENT="aler," SUBS_TYPE="HypPart2" SUBS_CONTENT="holesalealer," WC="0.84" CC="51100"/>
						<SP ID="P15_SP00771" HPOS="1768" VPOS="1983" WIDTH="19"/>
						<String ID="word000805" HPOS="1787" VPOS="1943" WIDTH="91" HEIGHT="35" CONTENT="Jan." WC="0.97" CC="0010"/>
						<SP ID="P15_SP00772" HPOS="1878" VPOS="1983" WIDTH="25"/>
						<String ID="word000806" HPOS="1903" VPOS="1946" WIDTH="60" HEIGHT="39" CONTENT="24," WC="0.93" CC="101"/>
						<SP ID="P15_SP00773" HPOS="1963" VPOS="1985" WIDTH="22"/>
						<String ID="word000807" HPOS="1985" VPOS="1941" WIDTH="94" HEIGHT="38" CONTENT="Fch." WC="0.39" CC="3883"/>
						<SP ID="P15_SP00774" HPOS="2080" VPOS="1985" WIDTH="14"/>
						<String ID="word000808" HPOS="2094" VPOS="1944" WIDTH="38" HEIGHT="40" CONTENT="7," WC="0.94" CC="10"/>
						<SP ID="P15_SP00775" HPOS="2132" VPOS="1985" WIDTH="19"/>
						<String ID="word000809" HPOS="2151" VPOS="1943" WIDTH="69" HEIGHT="35" CONTENT="and" WC="1.00" CC="000"/>
						<SP ID="P15_SP00776" HPOS="2219" VPOS="1985" WIDTH="20"/>
						<String ID="word000810" HPOS="2239" VPOS="1942" WIDTH="130" HEIGHT="37" CONTENT="March" WC="1.00" CC="00000"/>
						<SP ID="P15_SP00777" HPOS="2369" VPOS="1985" WIDTH="18"/>
						<String ID="word000811" HPOS="2387" VPOS="1941" WIDTH="41" HEIGHT="45" CONTENT="4," WC="1.00" CC="00"/>
						<SP ID="P15_SP00778" HPOS="2428" VPOS="1985" WIDTH="17"/>
						<String ID="word000812" HPOS="2445" VPOS="1946" WIDTH="39" HEIGHT="40" CONTENT="ktt" WC="0.41" CC="853"/>
						<SP ID="P15_SP00779" HPOS="2484" VPOS="1987" WIDTH="19"/>
						<String ID="word000813" HPOS="2503" VPOS="1945" WIDTH="151" HEIGHT="37" CONTENT="twelve," WC="0.92" CC="0301100"/>
						<SP ID="P15_SP00780" HPOS="2654" VPOS="1987" WIDTH="30"/>
						<String ID="word000814" HPOS="2683" VPOS="1948" WIDTH="39" HEIGHT="27" CONTENT="at" WC="0.94" CC="10"/>
						<SP ID="P15_SP00781" HPOS="2722" VPOS="1987" WIDTH="30"/>
						<String ID="word000815" HPOS="2752" VPOS="1933" WIDTH="207" HEIGHT="44" CONTENT="Guildhall." WC="0.78" CC="3111034322"/>
						<SP ID="P15_SP00782" HPOS="2959" VPOS="1987" WIDTH="0"/>
					</TextLine>
					<TextLine ID="P15_TL00117" HPOS="1637" VPOS="1989" WIDTH="529" HEIGHT="46">
						<String ID="word000816" HPOS="1637" VPOS="1989" WIDTH="31" HEIGHT="35" CONTENT="A" WC="1.00" CC="0"/>
						<SP ID="P15_SP00783" HPOS="1668" VPOS="2024" WIDTH="20"/>
						<String ID="word000817" HPOS="1688" VPOS="1995" WIDTH="144" HEIGHT="38" CONTENT="torney," WC="0.59" CC="3633344"/>
						<SP ID="P15_SP00784" HPOS="1832" VPOS="2033" WIDTH="22"/>
						<String ID="word000818" HPOS="1854" VPOS="1991" WIDTH="117" HEIGHT="44" CONTENT="Lyon," WC="0.51" CC="31666"/>
						<SP ID="P15_SP00785" HPOS="1971" VPOS="2035" WIDTH="25"/>
						<String ID="word000819" HPOS="1996" VPOS="1993" WIDTH="25" HEIGHT="32" CONTENT="A" WC="0.67" CC="3"/>
						<SP ID="P15_SP00786" HPOS="2021" VPOS="2035" WIDTH="11"/>
						<String ID="word000820" HPOS="2031" VPOS="1994" WIDTH="135" HEIGHT="41" CONTENT="Idgate." WC="0.59" CC="7433333"/>
						<SP ID="P15_SP00787" HPOS="2166" VPOS="2035" WIDTH="0"/>
					</TextLine>
					<TextLine ID="P15_TL00118" HPOS="1682" VPOS="2035" WIDTH="1278" HEIGHT="46">
						<String ID="word000821" HPOS="1682" VPOS="2037" WIDTH="142" HEIGHT="44" CONTENT="Christe" WC="0.47" CC="3543735"/>
						<String ID="word000822" HPOS="1824" VPOS="2037" WIDTH="20" HEIGHT="44" CONTENT="t" STYLE="subscript" WC="0.47" CC="8"/>
						<String ID="word000823" HPOS="1844" VPOS="2037" WIDTH="81" HEIGHT="44" CONTENT="ther" WC="0.47" CC="8353"/>
						<SP ID="P15_SP00788" HPOS="1925" VPOS="2081" WIDTH="18"/>
						<String ID="word000824" HPOS="1943" VPOS="2035" WIDTH="155" HEIGHT="44" CONTENT="Talbot," WC="0.81" CC="6110310"/>
						<SP ID="P15_SP00789" HPOS="2098" VPOS="2081" WIDTH="28"/>
						<String ID="word000825" HPOS="2126" VPOS="2036" WIDTH="345" HEIGHT="45" CONTENT="Edgeware-Road," WC="0.52" CC="33663336736335"/>
						<SP ID="P15_SP00790" HPOS="2471" VPOS="2081" WIDTH="27"/>
						<String ID="word000826" HPOS="2498" VPOS="2037" WIDTH="141" HEIGHT="44" CONTENT="taylor," WC="0.92" CC="0401000"/>
						<SP ID="P15_SP00791" HPOS="2639" VPOS="2081" WIDTH="24"/>
						<String ID="word000827" HPOS="2662" VPOS="2036" WIDTH="92" HEIGHT="33" CONTENT="Jan." WC="0.97" CC="1000"/>
						<SP ID="P15_SP00792" HPOS="2754" VPOS="2081" WIDTH="26"/>
						<String ID="word000828" HPOS="2780" VPOS="2035" WIDTH="63" HEIGHT="43" CONTENT="28," WC="1.00" CC="000"/>
						<SP ID="P15_SP00793" HPOS="2843" VPOS="2081" WIDTH="25"/>
						<String ID="word000829" HPOS="2868" VPOS="2036" WIDTH="92" HEIGHT="33" CONTENT="Feb." WC="0.69" CC="3143"/>
						<SP ID="P15_SP00794" HPOS="2960" VPOS="2081" WIDTH="0"/>
					</TextLine>
					<TextLine ID="P15_TL00119" HPOS="1632" VPOS="2082" WIDTH="1330" HEIGHT="46">
						<String ID="word000830" HPOS="1632" VPOS="2087" WIDTH="37" HEIGHT="39" CONTENT="2," WC="0.94" CC="01"/>
						<SP ID="P15_SP00795" HPOS="1669" VPOS="2126" WIDTH="26"/>
						<String ID="word000831" HPOS="1695" VPOS="2091" WIDTH="39" HEIGHT="27" CONTENT="at" WC="0.94" CC="01"/>
						<SP ID="P15_SP00796" HPOS="1734" VPOS="2126" WIDTH="24"/>
						<String ID="word000832" HPOS="1757" VPOS="2089" WIDTH="142" HEIGHT="37" CONTENT="eleven," WC="0.76" CC="4511301"/>
						<SP ID="P15_SP00797" HPOS="1899" VPOS="2126" WIDTH="33"/>
						<String ID="word000833" HPOS="1932" VPOS="2087" WIDTH="69" HEIGHT="32" CONTENT="and" WC="0.85" CC="310"/>
						<SP ID="P15_SP00798" HPOS="2001" VPOS="2126" WIDTH="33"/>
						<String ID="word000834" HPOS="2034" VPOS="2085" WIDTH="125" HEIGHT="34" CONTENT=":March" WC="0.67" CC="771030"/>
						<SP ID="P15_SP00799" HPOS="2159" VPOS="2126" WIDTH="26"/>
						<String ID="word000835" HPOS="2185" VPOS="2085" WIDTH="43" HEIGHT="43" CONTENT="4," WC="1.00" CC="00"/>
						<SP ID="P15_SP00800" HPOS="2228" VPOS="2127" WIDTH="25"/>
						<String ID="word000836" HPOS="2252" VPOS="2091" WIDTH="41" HEIGHT="28" CONTENT="at" WC="1.00" CC="00"/>
						<SP ID="P15_SP00801" HPOS="2294" VPOS="2127" WIDTH="30"/>
						<String ID="word000837" HPOS="2323" VPOS="2089" WIDTH="73" HEIGHT="35" CONTENT="ten," WC="0.89" CC="0130"/>
						<SP ID="P15_SP00802" HPOS="2396" VPOS="2127" WIDTH="30"/>
						<String ID="word000838" HPOS="2426" VPOS="2089" WIDTH="40" HEIGHT="27" CONTENT="at" WC="0.94" CC="10"/>
						<SP ID="P15_SP00803" HPOS="2466" VPOS="2127" WIDTH="27"/>
						<String ID="word000839" HPOS="2493" VPOS="2083" WIDTH="206" HEIGHT="34" CONTENT="Guildhall." WC="0.78" CC="3121512311"/>
						<SP ID="P15_SP00804" HPOS="2699" VPOS="2127" WIDTH="57"/>
						<String ID="word000840" HPOS="2756" VPOS="2082" WIDTH="206" HEIGHT="41" CONTENT="Attornie#," WC="0.50" CC="3538363383"/>
						<SP ID="P15_SP00805" HPOS="2961" VPOS="2127" WIDTH="0"/>
					</TextLine>
				</TextBlock>
				<TextBlock ID="pa0015012" HPOS="1632" VPOS="2132" WIDTH="1384" HEIGHT="1264" STYLEREFS="TXT_0 PAR_LEFT">
					<TextLine ID="P15_TL00120" HPOS="1663" VPOS="2132" WIDTH="982" HEIGHT="43">
						<String ID="word000841" HPOS="1663" VPOS="2138" WIDTH="113" HEIGHT="28" CONTENT="iessrs." WC="0.54" CC="4536353"/>
						<SP ID="P15_SP00806" HPOS="1776" VPOS="2166" WIDTH="27"/>
						<String ID="word000842" HPOS="1804" VPOS="2132" WIDTH="159" HEIGHT="35" CONTENT="Dawson" WC="0.89" CC="300111"/>
						<SP ID="P15_SP00807" HPOS="1963" VPOS="2167" WIDTH="17"/>
						<String ID="word000843" HPOS="1980" VPOS="2133" WIDTH="69" HEIGHT="34" CONTENT="aid" WC="0.93" CC="020"/>
						<SP ID="P15_SP00808" HPOS="2048" VPOS="2167" WIDTH="22"/>
						<String ID="word000844" HPOS="2070" VPOS="2133" WIDTH="242" HEIGHT="38" CONTENT="Wraith:law," WC="0.68" CC="21071564411"/>
						<SP ID="P15_SP00809" HPOS="2313" VPOS="2171" WIDTH="28"/>
						<String ID="word000845" HPOS="2341" VPOS="2133" WIDTH="304" HEIGHT="41" CONTENT="(;olden-square." WC="0.62" CC="776600353571100"/>
						<SP ID="P15_SP00810" HPOS="2644" VPOS="2174" WIDTH="0"/>
					</TextLine>
					<TextLine ID="P15_TL00121" HPOS="1684" VPOS="2177" WIDTH="1277" HEIGHT="45">
						<String ID="word000846" HPOS="1684" VPOS="2178" WIDTH="142" HEIGHT="34" CONTENT="Joshua" WC="0.85" CC="114101"/>
						<SP ID="P15_SP00811" HPOS="1826" VPOS="2212" WIDTH="20"/>
						<String ID="word000847" HPOS="1846" VPOS="2180" WIDTH="132" HEIGHT="40" CONTENT="Smith," WC="0.80" CC="050222"/>
						<SP ID="P15_SP00812" HPOS="1978" VPOS="2220" WIDTH="24"/>
						<String ID="word000848" HPOS="2002" VPOS="2179" WIDTH="172" HEIGHT="43" CONTENT="Evesham" WC="0.72" CC="1115051"/>
						<String ID="word000849" HPOS="2174" VPOS="2179" WIDTH="25" HEIGHT="43" CONTENT="s" STYLE="subscript" WC="0.72" CC="6"/>
						<SP ID="P15_SP00813" HPOS="2199" VPOS="2222" WIDTH="18"/>
						<String ID="word000850" HPOS="2217" VPOS="2178" WIDTH="226" HEIGHT="41" CONTENT="Worcester," WC="0.93" CC="2300100000"/>
						<SP ID="P15_SP00814" HPOS="2443" VPOS="2222" WIDTH="31"/>
						<String ID="word000851" HPOS="2473" VPOS="2178" WIDTH="207" HEIGHT="39" CONTENT="innholder," WC="0.60" CC="3433363533"/>
						<SP ID="P15_SP00815" HPOS="2680" VPOS="2222" WIDTH="30"/>
						<String ID="word000852" HPOS="2709" VPOS="2177" WIDTH="89" HEIGHT="32" CONTENT="Jan." WC="0.72" CC="5410"/>
						<SP ID="P15_SP00816" HPOS="2798" VPOS="2222" WIDTH="21"/>
						<String ID="word000853" HPOS="2819" VPOS="2177" WIDTH="142" HEIGHT="37" CONTENT="24,95." WC="0.31" CC="587764"/>
						<SP ID="P15_SP00817" HPOS="2961" VPOS="2222" WIDTH="0"/>
					</TextLine>
					<TextLine ID="P15_TL00122" HPOS="1633" VPOS="2219" WIDTH="997" HEIGHT="48">
						<String ID="word000854" HPOS="1633" VPOS="2229" WIDTH="40" HEIGHT="31" CONTENT="at" WC="1.00" CC="00"/>
						<SP ID="P15_SP00818" HPOS="1674" VPOS="2259" WIDTH="17"/>
						<String ID="word000855" HPOS="1690" VPOS="2219" WIDTH="141" HEIGHT="47" CONTENT="eleven," WC="0.48" CC="5585334"/>
						<SP ID="P15_SP00819" HPOS="1831" VPOS="2267" WIDTH="34"/>
						<String ID="word000856" HPOS="1865" VPOS="2226" WIDTH="69" HEIGHT="33" CONTENT="and" WC="0.93" CC="101"/>
						<SP ID="P15_SP00820" HPOS="1933" VPOS="2267" WIDTH="21"/>
						<String ID="word000857" HPOS="1955" VPOS="2228" WIDTH="129" HEIGHT="33" CONTENT="March" WC="0.93" CC="00030"/>
						<SP ID="P15_SP00821" HPOS="2083" VPOS="2267" WIDTH="26"/>
						<String ID="word000858" HPOS="2109" VPOS="2228" WIDTH="40" HEIGHT="38" CONTENT="4," WC="0.94" CC="01"/>
						<SP ID="P15_SP00822" HPOS="2150" VPOS="2267" WIDTH="30"/>
						<String ID="word000859" HPOS="2179" VPOS="2232" WIDTH="37" HEIGHT="27" CONTENT="at" WC="0.89" CC="20"/>
						<SP ID="P15_SP00823" HPOS="2216" VPOS="2267" WIDTH="21"/>
						<String ID="word000860" HPOS="2237" VPOS="2226" WIDTH="146" HEIGHT="40" CONTENT="t‘‘elve," WC="0.43" CC="48835364"/>
						<SP ID="P15_SP00824" HPOS="2383" VPOS="2267" WIDTH="19"/>
						<String ID="word000861" HPOS="2402" VPOS="2235" WIDTH="37" HEIGHT="25" CONTENT="at" WC="1.00" CC="00"/>
						<SP ID="P15_SP00825" HPOS="2439" VPOS="2267" WIDTH="19"/>
						<String ID="word000862" HPOS="2458" VPOS="2226" WIDTH="65" HEIGHT="34" CONTENT="the" WC="0.89" CC="030"/>
						<SP ID="P15_SP00826" HPOS="2523" VPOS="2267" WIDTH="20"/>
						<String ID="word000863" HPOS="2543" VPOS="2226" WIDTH="87" HEIGHT="33" CONTENT="Fars" WC="0.50" CC="4167"/>
						<SP ID="P15_SP00827" HPOS="2630" VPOS="2267" WIDTH="0"/>
					</TextLine>
					<TextLine ID="P15_TL00123" HPOS="1637" VPOS="2271" WIDTH="1065" HEIGHT="53">
						<String ID="word000864" HPOS="1637" VPOS="2272" WIDTH="195" HEIGHT="37" CONTENT="Evesham." WC="0.58" CC="04575450"/>
						<SP ID="P15_SP00828" HPOS="1832" VPOS="2309" WIDTH="33"/>
						<String ID="word000865" HPOS="1865" VPOS="2274" WIDTH="197" HEIGHT="50" CONTENT="Attorney," WC="0.94" CC="010003010"/>
						<SP ID="P15_SP00829" HPOS="2062" VPOS="2323" WIDTH="20"/>
						<String ID="word000866" HPOS="2082" VPOS="2275" WIDTH="76" HEIGHT="34" CONTENT="Mr." WC="0.78" CC="150"/>
						<SP ID="P15_SP00830" HPOS="2158" VPOS="2323" WIDTH="22"/>
						<String ID="word000867" HPOS="2180" VPOS="2272" WIDTH="201" HEIGHT="41" CONTENT="Bousfield," WC="0.48" CC="3855663434"/>
						<SP ID="P15_SP00831" HPOS="2381" VPOS="2323" WIDTH="17"/>
						<String ID="word000868" HPOS="2398" VPOS="2272" WIDTH="193" HEIGHT="40" CONTENT="Solicitor," WC="0.98" CC="0110000000"/>
						<SP ID="P15_SP00832" HPOS="2590" VPOS="2323" WIDTH="25"/>
						<String ID="word000869" HPOS="2615" VPOS="2271" WIDTH="87" HEIGHT="34" CONTENT="Ficts" WC="0.20" CC="58878"/>
						<SP ID="P15_SP00833" HPOS="2702" VPOS="2323" WIDTH="0"/>
					</TextLine>
					<TextLine ID="P15_TL00124" HPOS="1688" VPOS="2320" WIDTH="1186" HEIGHT="43">
						<String ID="word000870" HPOS="1688" VPOS="2321" WIDTH="161" HEIGHT="37" CONTENT="Edmund" WC="0.80" CC="511121"/>
						<SP ID="P15_SP00834" HPOS="1848" VPOS="2357" WIDTH="17"/>
						<String ID="word000871" HPOS="1865" VPOS="2320" WIDTH="170" HEIGHT="43" CONTENT="Jenkins," WC="0.88" CC="30101013"/>
						<SP ID="P15_SP00835" HPOS="2035" VPOS="2362" WIDTH="33"/>
						<String ID="word000872" HPOS="2068" VPOS="2322" WIDTH="109" HEIGHT="40" CONTENT="Bath," WC="0.84" CC="11113"/>
						<SP ID="P15_SP00836" HPOS="2177" VPOS="2362" WIDTH="31"/>
						<String ID="word000873" HPOS="2207" VPOS="2321" WIDTH="208" HEIGHT="39" CONTENT="victualler," WC="0.96" CC="00000021100"/>
						<SP ID="P15_SP00837" HPOS="2415" VPOS="2362" WIDTH="30"/>
						<String ID="word000874" HPOS="2445" VPOS="2320" WIDTH="94" HEIGHT="35" CONTENT="Feb." WC="1.00" CC="0000"/>
						<SP ID="P15_SP00838" HPOS="2539" VPOS="2362" WIDTH="19"/>
						<String ID="word000875" HPOS="2558" VPOS="2320" WIDTH="91" HEIGHT="39" CONTENT="3,4," WC="0.75" CC="5130"/>
						<SP ID="P15_SP00839" HPOS="2649" VPOS="2362" WIDTH="26"/>
						<String ID="word000876" HPOS="2675" VPOS="2326" WIDTH="34" HEIGHT="25" CONTENT="at" WC="0.94" CC="10"/>
						<SP ID="P15_SP00840" HPOS="2709" VPOS="2362" WIDTH="24"/>
						<String ID="word000877" HPOS="2733" VPOS="2334" WIDTH="11" HEIGHT="17" CONTENT="t" WC="0.11" CC="8" STYLEREFS="TXT_2"/>
						<SP ID="P15_SP00841" HPOS="2744" VPOS="2362" WIDTH="14"/>
						<String ID="word000878" HPOS="2758" VPOS="2321" WIDTH="116" HEIGHT="34" CONTENT="Icbt.e;," WC="0.24" CC="88887574" STYLEREFS="TXT_2"/>
						<SP ID="P15_SP00842" HPOS="2874" VPOS="2362" WIDTH="0"/>
					</TextLine>
					<TextLine ID="P15_TL00125" HPOS="1643" VPOS="2363" WIDTH="1093" HEIGHT="46">
						<String ID="word000879" HPOS="1643" VPOS="2368" WIDTH="120" HEIGHT="35" CONTENT='"%larch' WC="0.52" CC="8877000"/>
						<SP ID="P15_SP00843" HPOS="1763" VPOS="2404" WIDTH="18"/>
						<String ID="word000880" HPOS="1781" VPOS="2368" WIDTH="38" HEIGHT="41" CONTENT="4," WC="0.78" CC="22"/>
						<SP ID="P15_SP00844" HPOS="1819" VPOS="2409" WIDTH="26"/>
						<String ID="word000881" HPOS="1845" VPOS="2374" WIDTH="40" HEIGHT="28" CONTENT="at" WC="0.89" CC="20"/>
						<SP ID="P15_SP00845" HPOS="1885" VPOS="2409" WIDTH="31"/>
						<String ID="word000882" HPOS="1916" VPOS="2369" WIDTH="85" HEIGHT="40" CONTENT="five," WC="0.53" CC="75135"/>
						<SP ID="P15_SP00846" HPOS="2001" VPOS="2409" WIDTH="31"/>
						<String ID="word000883" HPOS="2031" VPOS="2374" WIDTH="43" HEIGHT="28" CONTENT="at" WC="0.89" CC="20"/>
						<SP ID="P15_SP00847" HPOS="2074" VPOS="2409" WIDTH="28"/>
						<String ID="word000884" HPOS="2102" VPOS="2369" WIDTH="60" HEIGHT="33" CONTENT="the" WC="0.96" CC="100"/>
						<SP ID="P15_SP00848" HPOS="2163" VPOS="2409" WIDTH="17"/>
						<String ID="word000885" HPOS="2179" VPOS="2363" WIDTH="73" HEIGHT="40" CONTENT="Old" WC="0.78" CC="150"/>
						<SP ID="P15_SP00849" HPOS="2252" VPOS="2409" WIDTH="22"/>
						<String ID="word000886" HPOS="2275" VPOS="2367" WIDTH="259" HEIGHT="41" CONTENT="Pack-Hurst," WC="0.73" CC="00105730461"/>
						<SP ID="P15_SP00850" HPOS="2533" VPOS="2409" WIDTH="31"/>
						<String ID="word000887" HPOS="2564" VPOS="2376" WIDTH="87" HEIGHT="24" CONTENT="near" WC="0.92" CC="1110"/>
						<SP ID="P15_SP00851" HPOS="2652" VPOS="2409" WIDTH="32"/>
						<String ID="word000888" HPOS="2683" VPOS="2369" WIDTH="52" HEIGHT="28" CONTENT="St." WC="0.78" CC="420"/>
						<SP ID="P15_SP00852" HPOS="2735" VPOS="2409" WIDTH="0"/>
					</TextLine>
					<TextLine ID="P15_TL00126" HPOS="1636" VPOS="2411" WIDTH="1325" HEIGHT="47">
						<String ID="word000889" HPOS="1636" VPOS="2412" WIDTH="158" HEIGHT="44" CONTENT="Church," WC="0.90" CC="0410001"/>
						<SP ID="P15_SP00853" HPOS="1794" VPOS="2456" WIDTH="37"/>
						<String ID="word000890" HPOS="1831" VPOS="2414" WIDTH="112" HEIGHT="34" CONTENT="Bath." WC="1.00" CC="00000"/>
						<SP ID="P15_SP00854" HPOS="1943" VPOS="2456" WIDTH="53"/>
						<String ID="word000891" HPOS="1996" VPOS="2415" WIDTH="202" HEIGHT="43" CONTENT="Attoruies," WC="0.90" CC="3111010011"/>
						<SP ID="P15_SP00855" HPOS="2198" VPOS="2458" WIDTH="35"/>
						<String ID="word000892" HPOS="2233" VPOS="2415" WIDTH="74" HEIGHT="34" CONTENT="Mr." WC="1.00" CC="000"/>
						<SP ID="P15_SP00856" HPOS="2308" VPOS="2458" WIDTH="33"/>
						<String ID="word000893" HPOS="2341" VPOS="2414" WIDTH="159" HEIGHT="40" CONTENT="Norton," WC="0.90" CC="1311000"/>
						<SP ID="P15_SP00857" HPOS="2500" VPOS="2458" WIDTH="34"/>
						<String ID="word000894" HPOS="2535" VPOS="2411" WIDTH="211" HEIGHT="38" CONTENT="Furnival's" WC="0.57" CC="3355333635"/>
						<SP ID="P15_SP00858" HPOS="2746" VPOS="2458" WIDTH="109"/>
						<String ID="word000895" HPOS="2855" VPOS="2425" WIDTH="11" HEIGHT="30" CONTENT=";" WC="0.56" CC="4"/>
						<SP ID="P15_SP00859" HPOS="2865" VPOS="2458" WIDTH="26"/>
						<String ID="word000896" HPOS="2891" VPOS="2415" WIDTH="70" HEIGHT="33" CONTENT="and" WC="0.81" CC="230"/>
						<SP ID="P15_SP00860" HPOS="2961" VPOS="2458" WIDTH="0"/>
					</TextLine>
					<TextLine ID="P15_TL00127" HPOS="1642" VPOS="2461" WIDTH="379" HEIGHT="36">
						<String ID="word000897" HPOS="1642" VPOS="2461" WIDTH="71" HEIGHT="35" CONTENT="Mr." WC="0.96" CC="100"/>
						<SP ID="P15_SP00861" HPOS="1713" VPOS="2497" WIDTH="18"/>
						<String ID="word000898" HPOS="1730" VPOS="2463" WIDTH="157" HEIGHT="33" CONTENT="Clarke." WC="0.94" CC="0010030"/>
						<SP ID="P15_SP00862" HPOS="1887" VPOS="2497" WIDTH="24"/>
						<String ID="word000899" HPOS="1911" VPOS="2463" WIDTH="110" HEIGHT="33" CONTENT="Bath." WC="0.93" CC="21000"/>
						<SP ID="P15_SP00863" HPOS="2021" VPOS="2497" WIDTH="0"/>
					</TextLine>
					<TextLine ID="P15_TL00128" HPOS="1683" VPOS="2505" WIDTH="1283" HEIGHT="47">
						<String ID="word000900" HPOS="1683" VPOS="2507" WIDTH="136" HEIGHT="38" CONTENT="Hester" WC="0.94" CC="102000"/>
						<SP ID="P15_SP00864" HPOS="1819" VPOS="2545" WIDTH="26"/>
						<String ID="word000901" HPOS="1845" VPOS="2506" WIDTH="156" HEIGHT="45" CONTENT="Davies," WC="0.97" CC="1001000"/>
						<SP ID="P15_SP00865" HPOS="2001" VPOS="2551" WIDTH="35"/>
						<String ID="word000902" HPOS="2036" VPOS="2506" WIDTH="257" HEIGHT="44" CONTENT="Warminster," WC="0.91" CC="04001011011"/>
						<SP ID="P15_SP00866" HPOS="2294" VPOS="2551" WIDTH="35"/>
						<String ID="word000903" HPOS="2329" VPOS="2507" WIDTH="152" HEIGHT="40" CONTENT="Wilts," WC="0.74" CC="112226"/>
						<SP ID="P15_SP00867" HPOS="2481" VPOS="2551" WIDTH="0"/>
						<String ID="word000904" HPOS="2481" VPOS="2518" WIDTH="143" HEIGHT="34" CONTENT="grocer," WC="0.94" CC="2010001"/>
						<SP ID="P15_SP00868" HPOS="2624" VPOS="2552" WIDTH="33"/>
						<String ID="word000905" HPOS="2657" VPOS="2505" WIDTH="91" HEIGHT="34" CONTENT="Feb." WC="0.86" CC="4100"/>
						<SP ID="P15_SP00869" HPOS="2748" VPOS="2552" WIDTH="37"/>
						<String ID="word000906" HPOS="2785" VPOS="2506" WIDTH="92" HEIGHT="43" CONTENT="6,7," WC="0.81" CC="0052"/>
						<SP ID="P15_SP00870" HPOS="2877" VPOS="2552" WIDTH="19"/>
						<String ID="word000907" HPOS="2896" VPOS="2510" WIDTH="70" HEIGHT="35" CONTENT="and" WC="0.93" CC="110"/>
						<SP ID="P15_SP00871" HPOS="2966" VPOS="2552" WIDTH="0"/>
					</TextLine>
					<TextLine ID="P15_TL00129" HPOS="1643" VPOS="2554" WIDTH="1322" HEIGHT="47">
						<String ID="word000908" HPOS="1643" VPOS="2557" WIDTH="124" HEIGHT="34" CONTENT="March" WC="0.91" CC="20110"/>
						<SP ID="P15_SP00872" HPOS="1767" VPOS="2591" WIDTH="17"/>
						<String ID="word000909" HPOS="1783" VPOS="2557" WIDTH="39" HEIGHT="40" CONTENT="4," WC="1.00" CC="00"/>
						<SP ID="P15_SP00873" HPOS="1822" VPOS="2597" WIDTH="30"/>
						<String ID="word000910" HPOS="1852" VPOS="2564" WIDTH="38" HEIGHT="26" CONTENT="at" WC="0.94" CC="10"/>
						<SP ID="P15_SP00874" HPOS="1890" VPOS="2597" WIDTH="21"/>
						<String ID="word000911" HPOS="1911" VPOS="2558" WIDTH="143" HEIGHT="37" CONTENT="eleven," WC="0.75" CC="0471031" STYLEREFS="TXT_5"/>
						<SP ID="P15_SP00875" HPOS="2054" VPOS="2597" WIDTH="18"/>
						<String ID="word000912" HPOS="2072" VPOS="2563" WIDTH="38" HEIGHT="26" CONTENT="at" WC="0.94" CC="10"/>
						<SP ID="P15_SP00876" HPOS="2109" VPOS="2597" WIDTH="19"/>
						<String ID="word000913" HPOS="2128" VPOS="2558" WIDTH="59" HEIGHT="32" CONTENT="tile." WC="0.84" CC="01222" STYLEREFS="TXT_5"/>
						<SP ID="P15_SP00877" HPOS="2187" VPOS="2597" WIDTH="22"/>
						<String ID="word000914" HPOS="2210" VPOS="2557" WIDTH="115" HEIGHT="44" CONTENT="Angel" WC="1.00" CC="00000"/>
						<SP ID="P15_SP00878" HPOS="2324" VPOS="2601" WIDTH="24"/>
						<String ID="word000915" HPOS="2348" VPOS="2556" WIDTH="79" HEIGHT="38" CONTENT="Inn," WC="0.92" CC="1011"/>
						<SP ID="P15_SP00879" HPOS="2427" VPOS="2601" WIDTH="24"/>
						<String ID="word000916" HPOS="2451" VPOS="2554" WIDTH="255" HEIGHT="35" CONTENT="WartninAter." WC="0.52" CC="413734385833"/>
						<SP ID="P15_SP00880" HPOS="2706" VPOS="2601" WIDTH="54"/>
						<String ID="word000917" HPOS="2760" VPOS="2556" WIDTH="204" HEIGHT="43" CONTENT="Attornies," WC="0.48" CC="4337585453"/>
						<SP ID="P15_SP00881" HPOS="2965" VPOS="2601" WIDTH="0"/>
					</TextLine>
					<TextLine ID="P15_TL00130" HPOS="1643" VPOS="2601" WIDTH="1324" HEIGHT="45">
						<String ID="word000918" HPOS="1643" VPOS="2604" WIDTH="139" HEIGHT="33" CONTENT="Messrs." WC="0.63" CC="2354342"/>
						<SP ID="P15_SP00882" HPOS="1782" VPOS="2637" WIDTH="20"/>
						<String ID="word000919" HPOS="1802" VPOS="2603" WIDTH="136" HEIGHT="34" CONTENT="Davies" WC="0.87" CC="311101"/>
						<SP ID="P15_SP00883" HPOS="1938" VPOS="2637" WIDTH="14"/>
						<String ID="word000920" HPOS="1952" VPOS="2604" WIDTH="67" HEIGHT="33" CONTENT="and" WC="0.96" CC="100"/>
						<SP ID="P15_SP00884" HPOS="2020" VPOS="2637" WIDTH="18"/>
						<String ID="word000921" HPOS="2037" VPOS="2603" WIDTH="154" HEIGHT="43" CONTENT="Davies," WC="0.90" CC="0013011"/>
						<SP ID="P15_SP00885" HPOS="2191" VPOS="2646" WIDTH="18"/>
						<String ID="word000922" HPOS="2209" VPOS="2603" WIDTH="263" HEIGHT="40" CONTENT="Warminster;" WC="0.87" CC="11110211122"/>
						<SP ID="P15_SP00886" HPOS="2472" VPOS="2646" WIDTH="27"/>
						<String ID="word000923" HPOS="2499" VPOS="2603" WIDTH="71" HEIGHT="34" CONTENT="and" WC="0.96" CC="010"/>
						<SP ID="P15_SP00887" HPOS="2570" VPOS="2646" WIDTH="19"/>
						<String ID="word000924" HPOS="2589" VPOS="2604" WIDTH="69" HEIGHT="32" CONTENT="Mr." WC="0.93" CC="200"/>
						<SP ID="P15_SP00888" HPOS="2657" VPOS="2646" WIDTH="20"/>
						<String ID="word000925" HPOS="2678" VPOS="2601" WIDTH="156" HEIGHT="43" CONTENT="Davies," WC="0.65" CC="1157053"/>
						<SP ID="P15_SP00889" HPOS="2833" VPOS="2646" WIDTH="22"/>
						<String ID="word000926" HPOS="2856" VPOS="2603" WIDTH="111" HEIGHT="39" CONTENT="Loth." WC="0.71" CC="12271"/>
						<SP ID="P15_SP00890" HPOS="2967" VPOS="2646" WIDTH="0"/>
					</TextLine>
					<TextLine ID="P15_TL00131" HPOS="1639" VPOS="2650" WIDTH="293" HEIGHT="46">
						<String ID="word000927" HPOS="1639" VPOS="2652" WIDTH="110" HEIGHT="44" CONTENT="bury," WC="1.00" CC="00000"/>
						<SP ID="P15_SP00891" HPOS="1749" VPOS="2695" WIDTH="20"/>
						<String ID="word000928" HPOS="1769" VPOS="2650" WIDTH="163" HEIGHT="34" CONTENT="London." WC="0.98" CC="1000000"/>
						<SP ID="P15_SP00892" HPOS="1932" VPOS="2695" WIDTH="0"/>
					</TextLine>
					<TextLine ID="P15_TL00132" HPOS="1688" VPOS="2693" WIDTH="1279" HEIGHT="50">
						<String ID="word000929" HPOS="1688" VPOS="2698" WIDTH="115" HEIGHT="35" CONTENT="Sarah" WC="0.98" CC="00001"/>
						<SP ID="P15_SP00893" HPOS="1802" VPOS="2733" WIDTH="25"/>
						<String ID="word000930" HPOS="1827" VPOS="2699" WIDTH="149" HEIGHT="40" CONTENT="Mohbs," WC="0.85" CC="003041"/>
						<SP ID="P15_SP00894" HPOS="1976" VPOS="2739" WIDTH="34"/>
						<String ID="word000931" HPOS="2010" VPOS="2696" WIDTH="285" HEIGHT="46" CONTENT="Southampton," WC="0.99" CC="100000000000"/>
						<SP ID="P15_SP00895" HPOS="2295" VPOS="2743" WIDTH="26"/>
						<String ID="word000932" HPOS="2321" VPOS="2696" WIDTH="176" HEIGHT="41" CONTENT="milliner," WC="1.00" CC="000000000"/>
						<SP ID="P15_SP00896" HPOS="2497" VPOS="2743" WIDTH="21"/>
						<String ID="word000933" HPOS="2518" VPOS="2695" WIDTH="89" HEIGHT="37" CONTENT="Jan." WC="1.00" CC="0000"/>
						<SP ID="P15_SP00897" HPOS="2607" VPOS="2743" WIDTH="19"/>
						<String ID="word000934" HPOS="2626" VPOS="2698" WIDTH="61" HEIGHT="38" CONTENT="id," WC="0.52" CC="553"/>
						<SP ID="P15_SP00898" HPOS="2687" VPOS="2743" WIDTH="37"/>
						<String ID="word000935" HPOS="2724" VPOS="2693" WIDTH="96" HEIGHT="38" CONTENT="Feb." WC="1.00" CC="0000"/>
						<SP ID="P15_SP00899" HPOS="2819" VPOS="2743" WIDTH="20"/>
						<String ID="word000936" HPOS="2839" VPOS="2699" WIDTH="39" HEIGHT="37" CONTENT="4." WC="0.78" CC="04"/>
						<SP ID="P15_SP00900" HPOS="2878" VPOS="2743" WIDTH="17"/>
						<String ID="word000937" HPOS="2895" VPOS="2699" WIDTH="72" HEIGHT="35" CONTENT="And" WC="0.74" CC="430"/>
						<SP ID="P15_SP00901" HPOS="2967" VPOS="2743" WIDTH="0"/>
					</TextLine>
					<TextLine ID="P15_TL00133" HPOS="1644" VPOS="2744" WIDTH="1323" HEIGHT="46">
						<String ID="word000938" HPOS="1644" VPOS="2745" WIDTH="128" HEIGHT="35" CONTENT="March" WC="0.95" CC="11000"/>
						<SP ID="P15_SP00902" HPOS="1772" VPOS="2780" WIDTH="17"/>
						<String ID="word000939" HPOS="1788" VPOS="2746" WIDTH="38" HEIGHT="41" CONTENT="4," WC="1.00" CC="00"/>
						<SP ID="P15_SP00903" HPOS="1826" VPOS="2787" WIDTH="15"/>
						<String ID="word000940" HPOS="1841" VPOS="2752" WIDTH="39" HEIGHT="27" CONTENT="at" WC="0.94" CC="10"/>
						<SP ID="P15_SP00904" HPOS="1880" VPOS="2787" WIDTH="27"/>
						<String ID="word000941" HPOS="1907" VPOS="2757" WIDTH="81" HEIGHT="31" CONTENT="one," WC="0.97" CC="0001"/>
						<SP ID="P15_SP00905" HPOS="1989" VPOS="2787" WIDTH="19"/>
						<String ID="word000942" HPOS="2008" VPOS="2750" WIDTH="39" HEIGHT="30" CONTENT="at" WC="0.94" CC="10"/>
						<SP ID="P15_SP00906" HPOS="2047" VPOS="2787" WIDTH="19"/>
						<String ID="word000943" HPOS="2066" VPOS="2745" WIDTH="210" HEIGHT="40" CONTENT="Guildhall," WC="0.85" CC="0203001313"/>
						<SP ID="P15_SP00907" HPOS="2276" VPOS="2787" WIDTH="22"/>
						<String ID="word000944" HPOS="2298" VPOS="2746" WIDTH="158" HEIGHT="33" CONTENT="London." WC="0.94" CC="0101020"/>
						<SP ID="P15_SP00908" HPOS="2457" VPOS="2787" WIDTH="53"/>
						<String ID="word000945" HPOS="2510" VPOS="2744" WIDTH="197" HEIGHT="44" CONTENT="Attorney," WC="0.97" CC="100000100"/>
						<SP ID="P15_SP00909" HPOS="2707" VPOS="2787" WIDTH="19"/>
						<String ID="word000946" HPOS="2726" VPOS="2744" WIDTH="73" HEIGHT="33" CONTENT="Mr." WC="0.96" CC="100"/>
						<SP ID="P15_SP00910" HPOS="2799" VPOS="2787" WIDTH="22"/>
						<String ID="word000947" HPOS="2822" VPOS="2745" WIDTH="145" HEIGHT="45" CONTENT="Alason," WC="0.28" CC="8657775"/>
						<SP ID="P15_SP00911" HPOS="2967" VPOS="2790" WIDTH="0"/>
					</TextLine>
					<TextLine ID="P15_TL00134" HPOS="1644" VPOS="2791" WIDTH="756" HEIGHT="46">
						<String ID="word000948" HPOS="1644" VPOS="2796" WIDTH="51" HEIGHT="32" CONTENT="St." WC="0.93" CC="110"/>
						<SP ID="P15_SP00912" HPOS="1695" VPOS="2828" WIDTH="20"/>
						<String ID="word000949" HPOS="1715" VPOS="2791" WIDTH="191" HEIGHT="35" CONTENT="Michael's" WC="0.89" CC="100101231"/>
						<SP ID="P15_SP00913" HPOS="1906" VPOS="2828" WIDTH="15"/>
						<String ID="word000950" HPOS="1922" VPOS="2793" WIDTH="272" HEIGHT="44" CONTENT="Church-yard," WC="0.90" CC="000013400003"/>
						<SP ID="P15_SP00914" HPOS="2193" VPOS="2837" WIDTH="24"/>
						<String ID="word000951" HPOS="2217" VPOS="2793" WIDTH="183" HEIGHT="35" CONTENT="Cornhill." WC="0.54" CC="383355433"/>
						<SP ID="P15_SP00915" HPOS="2400" VPOS="2837" WIDTH="0"/>
					</TextLine>
					<TextLine ID="P15_TL00135" HPOS="1690" VPOS="2837" WIDTH="1278" HEIGHT="48">
						<String ID="word000952" HPOS="1690" VPOS="2841" WIDTH="142" HEIGHT="33" CONTENT="Samuel" WC="0.98" CC="100000"/>
						<SP ID="P15_SP00916" HPOS="1832" VPOS="2874" WIDTH="34"/>
						<String ID="word000953" HPOS="1866" VPOS="2841" WIDTH="70" HEIGHT="33" CONTENT="and" WC="0.96" CC="001"/>
						<SP ID="P15_SP00917" HPOS="1936" VPOS="2874" WIDTH="30"/>
						<String ID="word000954" HPOS="1965" VPOS="2839" WIDTH="111" HEIGHT="34" CONTENT="Peter" WC="0.98" CC="10000"/>
						<SP ID="P15_SP00918" HPOS="2076" VPOS="2874" WIDTH="19"/>
						<String ID="word000955" HPOS="2095" VPOS="2839" WIDTH="152" HEIGHT="40" CONTENT="Davies," WC="0.92" CC="0010130"/>
						<SP ID="P15_SP00919" HPOS="2248" VPOS="2880" WIDTH="37"/>
						<String ID="word000956" HPOS="2284" VPOS="2839" WIDTH="184" HEIGHT="45" CONTENT="Drayton," WC="0.89" CC="00301112"/>
						<SP ID="P15_SP00920" HPOS="2469" VPOS="2884" WIDTH="28"/>
						<String ID="word000957" HPOS="2497" VPOS="2838" WIDTH="174" HEIGHT="40" CONTENT="6/token.," WC="0.52" CC="666501663"/>
						<SP ID="P15_SP00921" HPOS="2670" VPOS="2884" WIDTH="38"/>
						<String ID="word000958" HPOS="2708" VPOS="2837" WIDTH="93" HEIGHT="35" CONTENT="Feb." WC="0.75" CC="3330"/>
						<SP ID="P15_SP00922" HPOS="2802" VPOS="2884" WIDTH="22"/>
						<String ID="word000959" HPOS="2824" VPOS="2837" WIDTH="57" HEIGHT="43" CONTENT="13," WC="0.93" CC="110"/>
						<SP ID="P15_SP00923" HPOS="2881" VPOS="2884" WIDTH="28"/>
						<String ID="word000960" HPOS="2909" VPOS="2839" WIDTH="59" HEIGHT="46" CONTENT="14," WC="0.93" CC="101"/>
						<SP ID="P15_SP00924" HPOS="2968" VPOS="2885" WIDTH="0"/>
					</TextLine>
					<TextLine ID="P15_TL00136" HPOS="1643" VPOS="2885" WIDTH="1331" HEIGHT="50">
						<String ID="word000961" HPOS="1643" VPOS="2888" WIDTH="67" HEIGHT="34" CONTENT="and" WC="0.96" CC="010"/>
						<SP ID="P15_SP00925" HPOS="1710" VPOS="2922" WIDTH="21"/>
						<String ID="word000962" HPOS="1731" VPOS="2887" WIDTH="128" HEIGHT="34" CONTENT="March" WC="0.98" CC="10000"/>
						<SP ID="P15_SP00926" HPOS="1859" VPOS="2922" WIDTH="12"/>
						<String ID="word000963" HPOS="1871" VPOS="2887" WIDTH="37" HEIGHT="41" CONTENT="4," WC="1.00" CC="00"/>
						<SP ID="P15_SP00927" HPOS="1907" VPOS="2928" WIDTH="17"/>
						<String ID="word000964" HPOS="1924" VPOS="2893" WIDTH="39" HEIGHT="28" CONTENT="at" WC="1.00" CC="00"/>
						<SP ID="P15_SP00928" HPOS="1963" VPOS="2928" WIDTH="18"/>
						<String ID="word000965" HPOS="1981" VPOS="2887" WIDTH="142" HEIGHT="41" CONTENT="eleven," WC="0.97" CC="0010100"/>
						<SP ID="P15_SP00929" HPOS="2122" VPOS="2928" WIDTH="17"/>
						<String ID="word000966" HPOS="2139" VPOS="2891" WIDTH="39" HEIGHT="28" CONTENT="at" WC="1.00" CC="00"/>
						<SP ID="P15_SP00930" HPOS="2178" VPOS="2928" WIDTH="17"/>
						<String ID="word000967" HPOS="2194" VPOS="2887" WIDTH="61" HEIGHT="33" CONTENT="the" WC="1.00" CC="000"/>
						<SP ID="P15_SP00931" HPOS="2256" VPOS="2928" WIDTH="13"/>
						<String ID="word000968" HPOS="2269" VPOS="2887" WIDTH="139" HEIGHT="35" CONTENT="Talbot" WC="0.94" CC="001011"/>
						<SP ID="P15_SP00932" HPOS="2408" VPOS="2928" WIDTH="22"/>
						<String ID="word000969" HPOS="2431" VPOS="2885" WIDTH="84" HEIGHT="43" CONTENT="Inn," WC="0.69" CC="5600"/>
						<SP ID="P15_SP00933" HPOS="2515" VPOS="2928" WIDTH="15"/>
						<String ID="word000970" HPOS="2530" VPOS="2885" WIDTH="184" HEIGHT="50" CONTENT="araytan." WC="0.47" CC="73483553"/>
						<SP ID="P15_SP00934" HPOS="2714" VPOS="2935" WIDTH="57"/>
						<String ID="word000971" HPOS="2771" VPOS="2885" WIDTH="180" HEIGHT="50" CONTENT="Attorney" WC="0.86" CC="02232100"/>
						<String ID="word000972" HPOS="2950" VPOS="2885" WIDTH="24" HEIGHT="50" CONTENT="s" STYLE="subscript" WC="0.86" CC="1"/>
						<SP ID="P15_SP00935" HPOS="2974" VPOS="2935" WIDTH="0"/>
					</TextLine>
					<TextLine ID="P15_TL00137" HPOS="1648" VPOS="2934" WIDTH="689" HEIGHT="45">
						<String ID="word000973" HPOS="1648" VPOS="2936" WIDTH="71" HEIGHT="33" CONTENT="Mr." WC="1.00" CC="000"/>
						<SP ID="P15_SP00936" HPOS="1719" VPOS="2969" WIDTH="22"/>
						<String ID="word000974" HPOS="1741" VPOS="2935" WIDTH="209" HEIGHT="43" CONTENT="Butterton," WC="0.93" CC="0100000140"/>
						<SP ID="P15_SP00937" HPOS="1950" VPOS="2978" WIDTH="28"/>
						<String ID="word000975" HPOS="1978" VPOS="2935" WIDTH="154" HEIGHT="34" CONTENT="Market" WC="1.00" CC="000000"/>
						<SP ID="P15_SP00938" HPOS="2132" VPOS="2978" WIDTH="19"/>
						<String ID="word000976" HPOS="2151" VPOS="2934" WIDTH="185" HEIGHT="45" CONTENT="Drayton." WC="0.94" CC="00010111"/>
						<SP ID="P15_SP00939" HPOS="2336" VPOS="2979" WIDTH="0"/>
					</TextLine>
					<TextLine ID="P15_TL00138" HPOS="2146" VPOS="3005" WIDTH="324" HEIGHT="40">
						<String ID="word000977" HPOS="2146" VPOS="3005" WIDTH="324" HEIGHT="40" CONTENT="DIVIDENDS." WC="0.98" CC="0011000000"/>
						<SP ID="P15_SP00940" HPOS="2470" VPOS="3045" WIDTH="0"/>
					</TextLine>
					<TextLine ID="P15_TL00139" HPOS="1693" VPOS="3066" WIDTH="1284" HEIGHT="49">
						<String ID="word000978" HPOS="1693" VPOS="3067" WIDTH="85" HEIGHT="34" CONTENT="Jan." WC="1.00" CC="0000"/>
						<SP ID="P15_SP00941" HPOS="1778" VPOS="3102" WIDTH="19"/>
						<String ID="word000979" HPOS="1796" VPOS="3070" WIDTH="59" HEIGHT="33" CONTENT="2S." WC="0.78" CC="411"/>
						<SP ID="P15_SP00942" HPOS="1856" VPOS="3103" WIDTH="35"/>
						<String ID="word000980" HPOS="1891" VPOS="3067" WIDTH="125" HEIGHT="47" CONTENT="Elijah" WC="0.96" CC="100010"/>
						<SP ID="P15_SP00943" HPOS="2016" VPOS="3115" WIDTH="20"/>
						<String ID="word000981" HPOS="2036" VPOS="3067" WIDTH="180" HEIGHT="44" CONTENT="Johnson," WC="0.89" CC="11201111"/>
						<SP ID="P15_SP00944" HPOS="2216" VPOS="3115" WIDTH="40"/>
						<String ID="word000982" HPOS="2256" VPOS="3066" WIDTH="424" HEIGHT="46" CONTENT="Bleeding-Hart-yard," WC="0.81" CC="1111001234112325211"/>
						<SP ID="P15_SP00945" HPOS="2680" VPOS="3115" WIDTH="34"/>
						<String ID="word000983" HPOS="2714" VPOS="3067" WIDTH="262" HEIGHT="39" CONTENT="Hatton-Gar-" WC="0.74" CC="21111247106"/>
						<SP ID="P15_SP00946" HPOS="2976" VPOS="3115" WIDTH="0"/>
					</TextLine>
					<TextLine ID="P15_TL00140" HPOS="1648" VPOS="3113" WIDTH="817" HEIGHT="44">
						<String ID="word000984" HPOS="1648" VPOS="3113" WIDTH="80" HEIGHT="44" CONTENT="den," WC="0.94" CC="2000"/>
						<SP ID="P15_SP00947" HPOS="1728" VPOS="3157" WIDTH="15"/>
						<String ID="word000985" HPOS="1743" VPOS="3117" WIDTH="313" HEIGHT="40" CONTENT="cabinet-maker," WC="0.95" CC="00000002210100"/>
						<SP ID="P15_SP00948" HPOS="2056" VPOS="3157" WIDTH="18"/>
						<String ID="word000986" HPOS="2074" VPOS="3122" WIDTH="37" HEIGHT="28" CONTENT="at" WC="0.94" CC="10"/>
						<SP ID="P15_SP00949" HPOS="2111" VPOS="3157" WIDTH="12"/>
						<String ID="word000987" HPOS="2122" VPOS="3123" WIDTH="70" HEIGHT="34" CONTENT="ten," WC="1.00" CC="0000"/>
						<SP ID="P15_SP00950" HPOS="2192" VPOS="3157" WIDTH="19"/>
						<String ID="word000988" HPOS="2211" VPOS="3119" WIDTH="40" HEIGHT="31" CONTENT="at" WC="0.94" CC="10"/>
						<SP ID="P15_SP00951" HPOS="2251" VPOS="3157" WIDTH="12"/>
						<String ID="word000989" HPOS="2263" VPOS="3116" WIDTH="202" HEIGHT="34" CONTENT="Guildhall." WC="0.80" CC="5103122130"/>
						<SP ID="P15_SP00952" HPOS="2465" VPOS="3157" WIDTH="0"/>
					</TextLine>
					<TextLine ID="P15_TL00141" HPOS="1695" VPOS="3161" WIDTH="1294" HEIGHT="53">
						<String ID="word000990" HPOS="1695" VPOS="3164" WIDTH="128" HEIGHT="33" CONTENT="March" WC="0.82" CC="30014"/>
						<SP ID="P15_SP00953" HPOS="1822" VPOS="3197" WIDTH="24"/>
						<String ID="word000991" HPOS="1846" VPOS="3164" WIDTH="56" HEIGHT="34" CONTENT="11." WC="0.63" CC="550"/>
						<SP ID="P15_SP00954" HPOS="1902" VPOS="3198" WIDTH="32"/>
						<String ID="word000992" HPOS="1933" VPOS="3164" WIDTH="167" HEIGHT="33" CONTENT="William" WC="0.89" CC="1130011"/>
						<SP ID="P15_SP00955" HPOS="2100" VPOS="3198" WIDTH="19"/>
						<String ID="word000993" HPOS="2119" VPOS="3163" WIDTH="117" HEIGHT="41" CONTENT="Isard," WC="0.56" CC="355443"/>
						<SP ID="P15_SP00956" HPOS="2236" VPOS="3204" WIDTH="35"/>
						<String ID="word000994" HPOS="2271" VPOS="3164" WIDTH="86" HEIGHT="33" CONTENT="East" WC="0.97" CC="1000"/>
						<SP ID="P15_SP00957" HPOS="2357" VPOS="3204" WIDTH="18"/>
						<String ID="word000995" HPOS="2375" VPOS="3161" WIDTH="227" HEIGHT="44" CONTENT="Grimstead," WC="0.59" CC="3353553334"/>
						<SP ID="P15_SP00958" HPOS="2602" VPOS="3204" WIDTH="31"/>
						<String ID="word000996" HPOS="2633" VPOS="3163" WIDTH="312" HEIGHT="51" CONTENT="breeches-maker" WC="0.75" CC="00003135234140"/>
						<String ID="word000997" HPOS="2944" VPOS="3164" WIDTH="22" HEIGHT="50" CONTENT="s" STYLE="subscript" WC="0.64" CC="5"/>
						<String ID="word000998" HPOS="2967" VPOS="3164" WIDTH="22" HEIGHT="50" CONTENT="," WC="0.64" CC="7"/>
						<SP ID="P15_SP00959" HPOS="2989" VPOS="3214" WIDTH="0"/>
					</TextLine>
					<TextLine ID="P15_TL00142" HPOS="1646" VPOS="3210" WIDTH="661" HEIGHT="42">
						<String ID="word000999" HPOS="1646" VPOS="3215" WIDTH="39" HEIGHT="28" CONTENT="at" WC="1.00" CC="00"/>
						<SP ID="P15_SP00960" HPOS="1685" VPOS="3243" WIDTH="14"/>
						<String ID="word001000" HPOS="1700" VPOS="3211" WIDTH="141" HEIGHT="40" CONTENT="eleven," WC="0.97" CC="0010010"/>
						<SP ID="P15_SP00961" HPOS="1840" VPOS="3252" WIDTH="18"/>
						<String ID="word001001" HPOS="1858" VPOS="3215" WIDTH="41" HEIGHT="30" CONTENT="at" WC="0.94" CC="10"/>
						<SP ID="P15_SP00962" HPOS="1899" VPOS="3252" WIDTH="18"/>
						<String ID="word001002" HPOS="1917" VPOS="3210" WIDTH="207" HEIGHT="40" CONTENT="Guildhall," WC="0.87" CC="1301001330"/>
						<SP ID="P15_SP00963" HPOS="2124" VPOS="3252" WIDTH="22"/>
						<String ID="word001003" HPOS="2146" VPOS="3211" WIDTH="161" HEIGHT="32" CONTENT="London." WC="0.84" CC="3111130"/>
						<SP ID="P15_SP00964" HPOS="2307" VPOS="3252" WIDTH="0"/>
					</TextLine>
					<TextLine ID="P15_TL00143" HPOS="1698" VPOS="3256" WIDTH="1282" HEIGHT="50">
						<String ID="word001004" HPOS="1698" VPOS="3257" WIDTH="89" HEIGHT="35" CONTENT="Feb." WC="0.89" CC="4000"/>
						<SP ID="P15_SP00965" HPOS="1787" VPOS="3293" WIDTH="25"/>
						<String ID="word001005" HPOS="1812" VPOS="3259" WIDTH="52" HEIGHT="34" CONTENT="18." WC="0.85" CC="211"/>
						<SP ID="P15_SP00966" HPOS="1864" VPOS="3293" WIDTH="27"/>
						<String ID="word001006" HPOS="1891" VPOS="3256" WIDTH="100" HEIGHT="35" CONTENT="John" WC="1.00" CC="0000"/>
						<SP ID="P15_SP00967" HPOS="1991" VPOS="3293" WIDTH="28"/>
						<String ID="word001007" HPOS="2020" VPOS="3257" WIDTH="171" HEIGHT="34" CONTENT="Fletcher" WC="1.00" CC="00000000"/>
						<SP ID="P15_SP00968" HPOS="2191" VPOS="3293" WIDTH="34"/>
						<String ID="word001008" HPOS="2225" VPOS="3256" WIDTH="143" HEIGHT="45" CONTENT="Curtis," WC="0.98" CC="0000001"/>
						<SP ID="P15_SP00969" HPOS="2368" VPOS="3301" WIDTH="34"/>
						<String ID="word001009" HPOS="2402" VPOS="3256" WIDTH="198" HEIGHT="44" CONTENT="Minorie," WC="0.63" CC="35333334"/>
						<SP ID="P15_SP00970" HPOS="2601" VPOS="3301" WIDTH="31"/>
						<String ID="word001010" HPOS="2631" VPOS="3256" WIDTH="275" HEIGHT="50" CONTENT="lirsec-draper," WC="0.48" CC="53883853554414"/>
						<SP ID="P15_SP00971" HPOS="2907" VPOS="3306" WIDTH="30"/>
						<String ID="word001011" HPOS="2936" VPOS="3265" WIDTH="44" HEIGHT="32" CONTENT="at" WC="0.94" CC="10"/>
						<SP ID="P15_SP00972" HPOS="2980" VPOS="3306" WIDTH="0"/>
					</TextLine>
					<TextLine ID="P15_TL00144" HPOS="1650" VPOS="3305" WIDTH="424" HEIGHT="43">
						<String ID="word001012" HPOS="1650" VPOS="3306" WIDTH="138" HEIGHT="41" CONTENT="eleven," WC="0.94" CC="1012000"/>
						<SP ID="P15_SP00973" HPOS="1788" VPOS="3347" WIDTH="20"/>
						<String ID="word001013" HPOS="1808" VPOS="3305" WIDTH="266" HEIGHT="37" CONTENT="at-Guildhall." WC="0.75" CC="1161132231431"/>
						<SP ID="P15_SP00974" HPOS="2074" VPOS="3347" WIDTH="0"/>
					</TextLine>
					<TextLine ID="P15_TL00145" HPOS="1700" VPOS="3350" WIDTH="1280" HEIGHT="45">
						<String ID="word001014" HPOS="1700" VPOS="3352" WIDTH="89" HEIGHT="35" CONTENT="Feb." WC="0.92" CC="1002"/>
						<SP ID="P15_SP00975" HPOS="1788" VPOS="3387" WIDTH="18"/>
						<String ID="word001015" HPOS="1806" VPOS="3354" WIDTH="37" HEIGHT="33" CONTENT="7." WC="0.78" CC="31"/>
						<SP ID="P15_SP00976" HPOS="1843" VPOS="3387" WIDTH="28"/>
						<String ID="word001016" HPOS="1871" VPOS="3353" WIDTH="159" HEIGHT="34" CONTENT="Thomas" WC="0.98" CC="000010"/>
						<SP ID="P15_SP00977" HPOS="2030" VPOS="3387" WIDTH="34"/>
						<String ID="word001017" HPOS="2065" VPOS="3352" WIDTH="163" HEIGHT="43" CONTENT="Dearing" WC="0.98" CC="1000000"/>
						<SP ID="P15_SP00978" HPOS="2228" VPOS="3394" WIDTH="32"/>
						<String ID="word001018" HPOS="2259" VPOS="3351" WIDTH="70" HEIGHT="34" CONTENT="and" WC="1.00" CC="000"/>
						<SP ID="P15_SP00979" HPOS="2329" VPOS="3394" WIDTH="35"/>
						<String ID="word001019" HPOS="2365" VPOS="3351" WIDTH="164" HEIGHT="37" CONTENT="Michael" WC="0.95" CC="1000110"/>
						<SP ID="P15_SP00980" HPOS="2529" VPOS="3394" WIDTH="35"/>
						<String ID="word001020" HPOS="2564" VPOS="3350" WIDTH="168" HEIGHT="44" CONTENT="rorster," WC="0.54" CC="54553533"/>
						<SP ID="P15_SP00981" HPOS="2732" VPOS="3394" WIDTH="33"/>
						<String ID="word001021" HPOS="2765" VPOS="3353" WIDTH="215" HEIGHT="40" CONTENT="Litchfield." WC="0.79" CC="41101110327"/>
						<SP ID="P15_SP00982" HPOS="2980" VPOS="3394" WIDTH="0"/>
					</TextLine>
				</TextBlock>
				<TextBlock ID="pa0015013" HPOS="1648" VPOS="3397" WIDTH="1374" HEIGHT="202" STYLEREFS="TXT_0 PAR_LEFT">
					<Shape>
						<Polygon POINTS="1648,3418 1648,3397 3021,3397 3021,3599 2967,3599 2515,3581 2048,3587 2047,3587 1785,3585 1734,3582 1701,3578 1700,3576 1655,3530 1652,3524 1650,3510"/>
					</Shape>
					<TextLine ID="P15_TL00146" HPOS="1650" VPOS="3400" WIDTH="1020" HEIGHT="45">
						<String ID="word001022" HPOS="1650" VPOS="3405" WIDTH="125" HEIGHT="35" CONTENT="street," WC="0.92" CC="4001000"/>
						<SP ID="P15_SP00983" HPOS="1775" VPOS="3441" WIDTH="19"/>
						<String ID="word001023" HPOS="1794" VPOS="3400" WIDTH="117" HEIGHT="40" CONTENT="Soho," WC="0.89" CC="11111"/>
						<SP ID="P15_SP00984" HPOS="1911" VPOS="3441" WIDTH="18"/>
						<String ID="word001024" HPOS="1929" VPOS="3400" WIDTH="319" HEIGHT="45" CONTENT="tavern-keepers," WC="0.91" CC="021002220001110"/>
						<SP ID="P15_SP00985" HPOS="2248" VPOS="3445" WIDTH="13"/>
						<String ID="word001025" HPOS="2261" VPOS="3405" WIDTH="41" HEIGHT="28" CONTENT="at" WC="0.94" CC="10"/>
						<SP ID="P15_SP00986" HPOS="2302" VPOS="3445" WIDTH="18"/>
						<String ID="word001026" HPOS="2320" VPOS="3406" WIDTH="73" HEIGHT="33" CONTENT="ten," WC="0.97" CC="0001"/>
						<SP ID="P15_SP00987" HPOS="2393" VPOS="3445" WIDTH="13"/>
						<String ID="word001027" HPOS="2406" VPOS="3405" WIDTH="39" HEIGHT="27" CONTENT="at" WC="1.00" CC="00"/>
						<SP ID="P15_SP00988" HPOS="2445" VPOS="3445" WIDTH="19"/>
						<String ID="word001028" HPOS="2464" VPOS="3400" WIDTH="206" HEIGHT="35" CONTENT="Guildhall." WC="0.53" CC="7315553553"/>
						<SP ID="P15_SP00989" HPOS="2669" VPOS="3445" WIDTH="0"/>
					</TextLine>
					<TextLine ID="P15_TL00147" HPOS="1701" VPOS="3446" WIDTH="1283" HEIGHT="45">
						<String ID="word001029" HPOS="1701" VPOS="3448" WIDTH="89" HEIGHT="34" CONTENT="Feb." WC="0.92" CC="3000"/>
						<SP ID="P15_SP00990" HPOS="1789" VPOS="3482" WIDTH="20"/>
						<String ID="word001030" HPOS="1809" VPOS="3448" WIDTH="58" HEIGHT="35" CONTENT="13." WC="0.70" CC="161"/>
						<SP ID="P15_SP00991" HPOS="1867" VPOS="3483" WIDTH="22"/>
						<String ID="word001031" HPOS="1890" VPOS="3446" WIDTH="138" HEIGHT="45" CONTENT="George" WC="0.93" CC="201010"/>
						<SP ID="P15_SP00992" HPOS="2028" VPOS="3491" WIDTH="24"/>
						<String ID="word001032" HPOS="2052" VPOS="3446" WIDTH="188" HEIGHT="44" CONTENT="Madeley," WC="0.72" CC="10056503"/>
						<SP ID="P15_SP00993" HPOS="2239" VPOS="3491" WIDTH="21"/>
						<String ID="word001033" HPOS="2261" VPOS="3446" WIDTH="154" HEIGHT="41" CONTENT="Ashted," WC="0.54" CC="3673433"/>
						<SP ID="P15_SP00994" HPOS="2414" VPOS="3491" WIDTH="21"/>
						<String ID="word001034" HPOS="2435" VPOS="3446" WIDTH="210" HEIGHT="39" CONTENT="Warwick," WC="0.82" CC="12122311"/>
						<SP ID="P15_SP00995" HPOS="2646" VPOS="3491" WIDTH="21"/>
						<String ID="word001035" HPOS="2667" VPOS="3446" WIDTH="294" HEIGHT="39" CONTENT="ehina-manufac" SUBS_TYPE="HypPart1" SUBS_CONTENT="ehina-manufactwer," WC="0.57" CC="7011464435353"/>
						<HYP HPOS="2961" VPOS="3446" WIDTH="22" CONTENT="-"/>
					</TextLine>
					<TextLine ID="P15_TL00148" HPOS="1651" VPOS="3493" WIDTH="1083" HEIGHT="44">
						<String ID="word001036" HPOS="1651" VPOS="3501" WIDTH="115" HEIGHT="33" CONTENT="twer," SUBS_TYPE="HypPart2" SUBS_CONTENT="ehina-manufactwer," WC="0.49" CC="57335"/>
						<SP ID="P15_SP00996" HPOS="1766" VPOS="3534" WIDTH="18"/>
						<String ID="word001037" HPOS="1783" VPOS="3501" WIDTH="37" HEIGHT="28" CONTENT="at" WC="1.00" CC="00"/>
						<SP ID="P15_SP00997" HPOS="1820" VPOS="3534" WIDTH="19"/>
						<String ID="word001038" HPOS="1839" VPOS="3496" WIDTH="139" HEIGHT="40" CONTENT="eleven," WC="0.87" CC="4103000"/>
						<SP ID="P15_SP00998" HPOS="1978" VPOS="3536" WIDTH="18"/>
						<String ID="word001039" HPOS="1996" VPOS="3500" WIDTH="39" HEIGHT="28" CONTENT="at" WC="0.94" CC="10"/>
						<SP ID="P15_SP00999" HPOS="2035" VPOS="3536" WIDTH="20"/>
						<String ID="word001040" HPOS="2055" VPOS="3495" WIDTH="61" HEIGHT="34" CONTENT="the" WC="0.96" CC="001"/>
						<SP ID="P15_SP01000" HPOS="2117" VPOS="3536" WIDTH="18"/>
						<String ID="word001041" HPOS="2134" VPOS="3493" WIDTH="122" HEIGHT="35" CONTENT="Union" WC="0.95" CC="01010"/>
						<SP ID="P15_SP01001" HPOS="2256" VPOS="3536" WIDTH="26"/>
						<String ID="word001042" HPOS="2282" VPOS="3493" WIDTH="158" HEIGHT="43" CONTENT="Tavern," WC="0.97" CC="1100000"/>
						<SP ID="P15_SP01002" HPOS="2440" VPOS="3536" WIDTH="27"/>
						<String ID="word001043" HPOS="2467" VPOS="3493" WIDTH="267" HEIGHT="38" CONTENT="13irtninchom." WC="0.43" CC="7433853783853"/>
						<SP ID="P15_SP01003" HPOS="2734" VPOS="3536" WIDTH="0"/>
					</TextLine>
					<TextLine ID="P15_TL00149" HPOS="1701" VPOS="3540" WIDTH="1285" HEIGHT="50">
						<String ID="word001044" HPOS="1701" VPOS="3543" WIDTH="92" HEIGHT="37" CONTENT="Feb." WC="0.89" CC="3001"/>
						<SP ID="P15_SP01004" HPOS="1793" VPOS="3580" WIDTH="22"/>
						<String ID="word001045" HPOS="1815" VPOS="3542" WIDTH="56" HEIGHT="34" CONTENT="18." WC="0.81" CC="302"/>
						<SP ID="P15_SP01005" HPOS="1871" VPOS="3580" WIDTH="32"/>
						<String ID="word001046" HPOS="1903" VPOS="3542" WIDTH="187" HEIGHT="44" CONTENT="Wallwyn" WC="0.65" CC="4333333"/>
						<SP ID="P15_SP01006" HPOS="2089" VPOS="3586" WIDTH="27"/>
						<String ID="word001047" HPOS="2117" VPOS="3541" WIDTH="561" HEIGHT="44" CONTENT='St:epheard,"lluswell-c.►urt,' WC="0.49" CC="3555334653578853335555383533"/>
						<SP ID="P15_SP01007" HPOS="2678" VPOS="3586" WIDTH="34"/>
						<String ID="word001048" HPOS="2712" VPOS="3540" WIDTH="274" HEIGHT="50" CONTENT="Carey-street," WC="0.85" CC="0130232111111"/>
						<SP ID="P15_SP01008" HPOS="2986" VPOS="3589" WIDTH="0"/>
					</TextLine>
				</TextBlock>
				<TextBlock ID="pa0015014" HPOS="1650" VPOS="3587" WIDTH="1377" HEIGHT="618" STYLEREFS="TXT_0 PAR_LEFT">
					<Shape>
						<Polygon POINTS="1650,3605 1651,3604 1654,3601 1655,3600 1663,3598 1863,3591 2159,3588 2422,3587 2426,3587 2490,3588 2712,3594 2754,3596 2965,3643 2966,3643 3024,3689 3025,3689 3027,3694 3027,4205 1650,4205"/>
					</Shape>
					<TextLine ID="P15_TL00150" HPOS="1652" VPOS="3587" WIDTH="859" HEIGHT="49">
						<String ID="word001049" HPOS="1652" VPOS="3592" WIDTH="347" HEIGHT="44" CONTENT="money-scrivener," WC="0.76" CC="3110264024011127"/>
						<SP ID="P15_SP01009" HPOS="2000" VPOS="3635" WIDTH="22"/>
						<String ID="word001050" HPOS="2022" VPOS="3587" WIDTH="41" HEIGHT="35" CONTENT="at" WC="0.22" CC="77"/>
						<SP ID="P15_SP01010" HPOS="2063" VPOS="3635" WIDTH="18"/>
						<String ID="word001051" HPOS="2081" VPOS="3587" WIDTH="146" HEIGHT="43" CONTENT="twelve," WC="0.98" CC="0000010"/>
						<SP ID="P15_SP01011" HPOS="2228" VPOS="3635" WIDTH="18"/>
						<String ID="word001052" HPOS="2245" VPOS="3594" WIDTH="41" HEIGHT="30" CONTENT="at" WC="1.00" CC="00"/>
						<SP ID="P15_SP01012" HPOS="2287" VPOS="3635" WIDTH="18"/>
						<String ID="word001053" HPOS="2304" VPOS="3588" WIDTH="207" HEIGHT="35" CONTENT="Guildhall." WC="0.82" CC="5203111111"/>
						<SP ID="P15_SP01013" HPOS="2511" VPOS="3635" WIDTH="0"/>
					</TextLine>
					<TextLine ID="P15_TL00151" HPOS="1702" VPOS="3635" WIDTH="1286" HEIGHT="48">
						<String ID="word001054" HPOS="1702" VPOS="3637" WIDTH="91" HEIGHT="38" CONTENT="Feb." WC="0.86" CC="1103"/>
						<SP ID="P15_SP01014" HPOS="1793" VPOS="3674" WIDTH="28"/>
						<String ID="word001055" HPOS="1821" VPOS="3638" WIDTH="53" HEIGHT="35" CONTENT="18." WC="0.70" CC="323"/>
						<SP ID="P15_SP01015" HPOS="1874" VPOS="3674" WIDTH="30"/>
						<String ID="word001056" HPOS="1904" VPOS="3638" WIDTH="143" HEIGHT="43" CONTENT="George" WC="0.98" CC="000010" STYLEREFS="TXT_1"/>
						<SP ID="P15_SP01016" HPOS="2047" VPOS="3680" WIDTH="18"/>
						<String ID="word001057" HPOS="2065" VPOS="3635" WIDTH="188" HEIGHT="38" CONTENT="steedmon" WC="0.51" CC="73333583" STYLEREFS="TXT_1"/>
						<SP ID="P15_SP01017" HPOS="2252" VPOS="3680" WIDTH="33"/>
						<String ID="word001058" HPOS="2285" VPOS="3635" WIDTH="70" HEIGHT="34" CONTENT="anti" WC="0.61" CC="2255"/>
						<SP ID="P15_SP01018" HPOS="2355" VPOS="3680" WIDTH="25"/>
						<String ID="word001059" HPOS="2380" VPOS="3635" WIDTH="103" HEIGHT="35" CONTENT="John" WC="0.97" CC="1000"/>
						<SP ID="P15_SP01019" HPOS="2483" VPOS="3680" WIDTH="31"/>
						<String ID="word001060" HPOS="2513" VPOS="3635" WIDTH="54" HEIGHT="34" CONTENT="M'" WC="0.67" CC="33"/>
						<SP ID="P15_SP01020" HPOS="2568" VPOS="3680" WIDTH="11"/>
						<String ID="word001061" HPOS="2578" VPOS="3637" WIDTH="111" HEIGHT="41" CONTENT="Lean," WC="0.98" CC="10000"/>
						<SP ID="P15_SP01021" HPOS="2689" VPOS="3680" WIDTH="33"/>
						<String ID="word001062" HPOS="2722" VPOS="3635" WIDTH="266" HEIGHT="47" CONTENT="Lamb-street," WC="0.73" CC="510336131213"/>
						<SP ID="P15_SP01022" HPOS="2988" VPOS="3683" WIDTH="0"/>
					</TextLine>
					<TextLine ID="P15_TL00152" HPOS="1656" VPOS="3683" WIDTH="1109" HEIGHT="46">
						<String ID="word001063" HPOS="1656" VPOS="3683" WIDTH="295" HEIGHT="39" CONTENT="Christchurch" WC="0.88" CC="010031131102"/>
						<SP ID="P15_SP01023" HPOS="1951" VPOS="3722" WIDTH="0"/>
						<String ID="word001064" HPOS="1951" VPOS="3684" WIDTH="389" HEIGHT="45" CONTENT="potatoe-wercliants," WC="0.56" CC="3335333773336734334"/>
						<SP ID="P15_SP01024" HPOS="2340" VPOS="3729" WIDTH="14"/>
						<String ID="word001065" HPOS="2354" VPOS="3690" WIDTH="37" HEIGHT="28" CONTENT="at" WC="0.94" CC="10"/>
						<SP ID="P15_SP01025" HPOS="2391" VPOS="3729" WIDTH="15"/>
						<String ID="word001066" HPOS="2406" VPOS="3690" WIDTH="74" HEIGHT="35" CONTENT="ten," WC="1.00" CC="0000"/>
						<SP ID="P15_SP01026" HPOS="2480" VPOS="3729" WIDTH="14"/>
						<String ID="word001067" HPOS="2494" VPOS="3690" WIDTH="41" HEIGHT="28" CONTENT="at" WC="1.00" CC="00"/>
						<SP ID="P15_SP01027" HPOS="2536" VPOS="3729" WIDTH="13"/>
						<String ID="word001068" HPOS="2549" VPOS="3684" WIDTH="216" HEIGHT="39" CONTENT=":Guildhall." WC="0.57" CC="75534233442"/>
						<SP ID="P15_SP01028" HPOS="2765" VPOS="3729" WIDTH="0"/>
					</TextLine>
					<TextLine ID="P15_TL00153" HPOS="1702" VPOS="3730" WIDTH="1285" HEIGHT="50">
						<String ID="word001069" HPOS="1702" VPOS="3730" WIDTH="344" HEIGHT="47" CONTENT="Feb,,94)....;Joseph" WC="0.48" CC="5335488846766141711"/>
						<SP ID="P15_SP01029" HPOS="2046" VPOS="3777" WIDTH="21"/>
						<String ID="word001070" HPOS="2067" VPOS="3731" WIDTH="120" HEIGHT="43" CONTENT="Dean," WC="0.95" CC="01010"/>
						<SP ID="P15_SP01030" HPOS="2187" VPOS="3777" WIDTH="19"/>
						<String ID="word001071" HPOS="2206" VPOS="3731" WIDTH="308" HEIGHT="44" CONTENT="Watling-street," WC="0.89" CC="021101054001000"/>
						<SP ID="P15_SP01031" HPOS="2515" VPOS="3777" WIDTH="19"/>
						<String ID="word001072" HPOS="2533" VPOS="3730" WIDTH="163" HEIGHT="44" CONTENT="London," WC="0.94" CC="1210000"/>
						<SP ID="P15_SP01032" HPOS="2696" VPOS="3777" WIDTH="17"/>
						<String ID="word001073" HPOS="2713" VPOS="3732" WIDTH="274" HEIGHT="47" CONTENT="linen-draper," WC="0.73" CC="6550242610100"/>
						<SP ID="P15_SP01033" HPOS="2987" VPOS="3780" WIDTH="0"/>
					</TextLine>
					<TextLine ID="P15_TL00154" HPOS="1652" VPOS="3778" WIDTH="488" HEIGHT="44">
						<String ID="word001074" HPOS="1652" VPOS="3778" WIDTH="41" HEIGHT="39" CONTENT="it" WC="0.33" CC="75"/>
						<SP ID="P15_SP01034" HPOS="1694" VPOS="3817" WIDTH="20"/>
						<String ID="word001075" HPOS="1714" VPOS="3781" WIDTH="151" HEIGHT="41" CONTENT="twelve," WC="0.87" CC="1003112"/>
						<SP ID="P15_SP01035" HPOS="1865" VPOS="3822" WIDTH="12"/>
						<String ID="word001076" HPOS="1877" VPOS="3784" WIDTH="39" HEIGHT="33" CONTENT="tat" WC="0.52" CC="661"/>
						<SP ID="P15_SP01036" HPOS="1916" VPOS="3822" WIDTH="19"/>
						<String ID="word001077" HPOS="1935" VPOS="3778" WIDTH="187" HEIGHT="38" CONTENT="Gulitibail" WC="0.44" CC="3353883356"/>
						<String ID="word001078" HPOS="2121" VPOS="3778" WIDTH="19" HEIGHT="38" CONTENT="o" STYLE="subscript" WC="0.44" CC="8"/>
						<SP ID="P15_SP01037" HPOS="2140" VPOS="3822" WIDTH="0"/>
					</TextLine>
					<TextLine ID="P15_TL00155" HPOS="1704" VPOS="3826" WIDTH="1289" HEIGHT="47">
						<String ID="word001079" HPOS="1704" VPOS="3828" WIDTH="128" HEIGHT="35" CONTENT="March" WC="0.98" CC="10000"/>
						<SP ID="P15_SP01038" HPOS="1832" VPOS="3863" WIDTH="20"/>
						<String ID="word001080" HPOS="1852" VPOS="3828" WIDTH="34" HEIGHT="43" CONTENT="11." WC="0.56" CC="561"/>
						<SP ID="P15_SP01039" HPOS="1886" VPOS="3870" WIDTH="54"/>
						<String ID="word001081" HPOS="1941" VPOS="3826" WIDTH="143" HEIGHT="37" CONTENT="Robert" WC="0.74" CC="352202"/>
						<SP ID="P15_SP01040" HPOS="2083" VPOS="3870" WIDTH="20"/>
						<String ID="word001082" HPOS="2104" VPOS="3827" WIDTH="113" HEIGHT="40" CONTENT="Marr," WC="0.80" CC="30051"/>
						<SP ID="P15_SP01041" HPOS="2217" VPOS="3870" WIDTH="14"/>
						<String ID="word001083" HPOS="2231" VPOS="3826" WIDTH="214" HEIGHT="41" CONTENT="Lancaster," WC="0.92" CC="1003120000"/>
						<SP ID="P15_SP01042" HPOS="2445" VPOS="3870" WIDTH="19"/>
						<String ID="word001084" HPOS="2464" VPOS="3826" WIDTH="206" HEIGHT="44" CONTENT="merchant," WC="0.91" CC="310001200"/>
						<SP ID="P15_SP01043" HPOS="2669" VPOS="3870" WIDTH="32"/>
						<String ID="word001085" HPOS="2701" VPOS="3833" WIDTH="39" HEIGHT="28" CONTENT="at" WC="0.89" CC="20"/>
						<SP ID="P15_SP01044" HPOS="2740" VPOS="3870" WIDTH="38"/>
						<String ID="word001086" HPOS="2778" VPOS="3828" WIDTH="151" HEIGHT="45" CONTENT="twelve," WC="0.98" CC="0001000"/>
						<SP ID="P15_SP01045" HPOS="2929" VPOS="3873" WIDTH="17"/>
						<String ID="word001087" HPOS="2946" VPOS="3835" WIDTH="47" HEIGHT="31" CONTENT="at" WC="0.94" CC="10"/>
						<SP ID="P15_SP01046" HPOS="2993" VPOS="3873" WIDTH="0"/>
					</TextLine>
					<TextLine ID="P15_TL00156" HPOS="1656" VPOS="3870" WIDTH="718" HEIGHT="45">
						<String ID="word001088" HPOS="1656" VPOS="3870" WIDTH="63" HEIGHT="43" CONTENT="the" WC="1.00" CC="000"/>
						<SP ID="P15_SP01047" HPOS="1719" VPOS="3913" WIDTH="20"/>
						<String ID="word001089" HPOS="1739" VPOS="3874" WIDTH="283" HEIGHT="37" CONTENT="Commercial,'" WC="0.73" CC="110111133377"/>
						<SP ID="P15_SP01048" HPOS="2022" VPOS="3913" WIDTH="9"/>
						<String ID="word001090" HPOS="2031" VPOS="3883" WIDTH="60" HEIGHT="32" CONTENT="tin," WC="0.61" CC="5621"/>
						<SP ID="P15_SP01049" HPOS="2092" VPOS="3915" WIDTH="20"/>
						<String ID="word001091" HPOS="2112" VPOS="3874" WIDTH="208" HEIGHT="35" CONTENT="Lancaster." WC="0.82" CC="1153104001"/>
						<SP ID="P15_SP01050" HPOS="2320" VPOS="3915" WIDTH="40"/>
						<String ID="word001092" HPOS="2360" VPOS="3882" WIDTH="14" HEIGHT="25" CONTENT=".•" WC="0.28" CC="67"/>
						<SP ID="P15_SP01051" HPOS="2374" VPOS="3915" WIDTH="0"/>
					</TextLine>
					<TextLine ID="P15_TL00157" HPOS="1663" VPOS="3920" WIDTH="1328" HEIGHT="49">
						<String ID="word001093" HPOS="1663" VPOS="3931" WIDTH="20" HEIGHT="11" CONTENT='"' WC="0.44" CC="5"/>
						<SP ID="P15_SP01052" HPOS="1683" VPOS="3941" WIDTH="24"/>
						<String ID="word001094" HPOS="1707" VPOS="3921" WIDTH="91" HEIGHT="41" CONTENT="Feb." WC="0.92" CC="0300"/>
						<SP ID="P15_SP01053" HPOS="1798" VPOS="3963" WIDTH="21"/>
						<String ID="word001095" HPOS="1819" VPOS="3920" WIDTH="59" HEIGHT="39" CONTENT="13." WC="0.56" CC="363"/>
						<SP ID="P15_SP01054" HPOS="1878" VPOS="3963" WIDTH="57"/>
						<String ID="word001096" HPOS="1935" VPOS="3922" WIDTH="164" HEIGHT="44" CONTENT="Gregory" WC="0.84" CC="8100010"/>
						<SP ID="P15_SP01055" HPOS="2099" VPOS="3966" WIDTH="22"/>
						<String ID="word001097" HPOS="2121" VPOS="3920" WIDTH="240" HEIGHT="45" CONTENT="Dodswortb," WC="0.90" CC="1004003001"/>
						<SP ID="P15_SP01056" HPOS="2361" VPOS="3966" WIDTH="19"/>
						<String ID="word001098" HPOS="2380" VPOS="3920" WIDTH="202" HEIGHT="46" CONTENT="Beverley," WC="0.79" CC="016112033"/>
						<SP ID="P15_SP01057" HPOS="2582" VPOS="3966" WIDTH="20"/>
						<String ID="word001099" HPOS="2602" VPOS="3921" WIDTH="156" HEIGHT="46" CONTENT="draper," WC="0.92" CC="1010120"/>
						<SP ID="P15_SP01058" HPOS="2758" VPOS="3967" WIDTH="28"/>
						<String ID="word001100" HPOS="2786" VPOS="3927" WIDTH="39" HEIGHT="30" CONTENT="at" WC="0.89" CC="11"/>
						<SP ID="P15_SP01059" HPOS="2825" VPOS="3967" WIDTH="19"/>
						<String ID="word001101" HPOS="2844" VPOS="3922" WIDTH="146" HEIGHT="46" CONTENT="eleven," WC="0.73" CC="1314152"/>
						<SP ID="P15_SP01060" HPOS="2991" VPOS="3969" WIDTH="0"/>
					</TextLine>
					<TextLine ID="P15_TL00158" HPOS="1656" VPOS="3960" WIDTH="550" HEIGHT="51">
						<String ID="word001102" HPOS="1656" VPOS="3974" WIDTH="39" HEIGHT="32" CONTENT="at" WC="1.00" CC="00"/>
						<SP ID="P15_SP01061" HPOS="1695" VPOS="4006" WIDTH="17"/>
						<String ID="word001103" HPOS="1711" VPOS="3963" WIDTH="59" HEIGHT="43" CONTENT="the" WC="1.00" CC="000"/>
						<SP ID="P15_SP01062" HPOS="1770" VPOS="4006" WIDTH="22"/>
						<String ID="word001104" HPOS="1793" VPOS="3960" WIDTH="129" HEIGHT="45" CONTENT="White" WC="0.89" CC="40100"/>
						<SP ID="P15_SP01063" HPOS="1922" VPOS="4006" WIDTH="15"/>
						<String ID="word001105" HPOS="1937" VPOS="3970" WIDTH="125" HEIGHT="41" CONTENT="Swan," WC="0.91" CC="22000"/>
						<SP ID="P15_SP01064" HPOS="2062" VPOS="4011" WIDTH="20"/>
						<String ID="word001106" HPOS="2082" VPOS="3967" WIDTH="124" HEIGHT="38" CONTENT="Leeds." WC="0.94" CC="100020"/>
						<SP ID="P15_SP01065" HPOS="2206" VPOS="4011" WIDTH="0"/>
					</TextLine>
					<TextLine ID="P15_TL00159" HPOS="1708" VPOS="4012" WIDTH="1315" HEIGHT="50">
						<String ID="word001107" HPOS="1708" VPOS="4018" WIDTH="92" HEIGHT="37" CONTENT="Feb." WC="0.83" CC="3030"/>
						<SP ID="P15_SP01066" HPOS="1800" VPOS="4055" WIDTH="18"/>
						<String ID="word001108" HPOS="1818" VPOS="4019" WIDTH="35" HEIGHT="33" CONTENT="9." WC="1.00" CC="00"/>
						<SP ID="P15_SP01067" HPOS="1853" VPOS="4055" WIDTH="60"/>
						<String ID="word001109" HPOS="1913" VPOS="4017" WIDTH="167" HEIGHT="34" CONTENT="William" WC="0.94" CC="2010001"/>
						<SP ID="P15_SP01068" HPOS="2080" VPOS="4055" WIDTH="18"/>
						<String ID="word001110" HPOS="2098" VPOS="4017" WIDTH="135" HEIGHT="43" CONTENT="Sissou," WC="0.75" CC="1144141"/>
						<SP ID="P15_SP01069" HPOS="2232" VPOS="4059" WIDTH="20"/>
						<String ID="word001111" HPOS="2252" VPOS="4012" WIDTH="266" HEIGHT="45" CONTENT="Whitehaven," WC="0.93" CC="30101000101"/>
						<SP ID="P15_SP01070" HPOS="2518" VPOS="4059" WIDTH="19"/>
						<String ID="word001112" HPOS="2537" VPOS="4016" WIDTH="203" HEIGHT="44" CONTENT="merchant," WC="0.97" CC="000101000"/>
						<SP ID="P15_SP01071" HPOS="2740" VPOS="4059" WIDTH="31"/>
						<String ID="word001113" HPOS="2771" VPOS="4024" WIDTH="40" HEIGHT="28" CONTENT="at" WC="0.67" CC="42"/>
						<SP ID="P15_SP01072" HPOS="2811" VPOS="4059" WIDTH="31"/>
						<String ID="word001114" HPOS="2842" VPOS="4019" WIDTH="150" HEIGHT="43" CONTENT="eleven," WC="0.97" CC="0100100"/>
						<SP ID="P15_SP01073" HPOS="2992" VPOS="4062" WIDTH="21"/>
						<String ID="word001115" HPOS="3013" VPOS="4045" WIDTH="9" HEIGHT="9" CONTENT="." WC="0.44" CC="5"/>
						<SP ID="P15_SP01074" HPOS="3022" VPOS="4062" WIDTH="0"/>
					</TextLine>
					<TextLine ID="P15_TL00160" HPOS="1656" VPOS="4063" WIDTH="769" HEIGHT="44">
						<String ID="word001116" HPOS="1656" VPOS="4071" WIDTH="41" HEIGHT="31" CONTENT="at" WC="0.94" CC="10"/>
						<SP ID="P15_SP01075" HPOS="1697" VPOS="4102" WIDTH="19"/>
						<String ID="word001117" HPOS="1716" VPOS="4067" WIDTH="59" HEIGHT="33" CONTENT="the" WC="0.74" CC="412"/>
						<SP ID="P15_SP01076" HPOS="1775" VPOS="4102" WIDTH="31"/>
						<String ID="word001118" HPOS="1806" VPOS="4065" WIDTH="122" HEIGHT="35" CONTENT="Black" WC="0.98" CC="01000"/>
						<SP ID="P15_SP01077" HPOS="1928" VPOS="4102" WIDTH="21"/>
						<String ID="word001119" HPOS="1949" VPOS="4064" WIDTH="91" HEIGHT="34" CONTENT="Lion" WC="0.72" CC="1054"/>
						<SP ID="P15_SP01078" HPOS="2040" VPOS="4102" WIDTH="22"/>
						<String ID="word001120" HPOS="2062" VPOS="4063" WIDTH="81" HEIGHT="44" CONTENT="Inn," WC="0.69" CC="3026"/>
						<SP ID="P15_SP01079" HPOS="2144" VPOS="4107" WIDTH="21"/>
						<String ID="word001121" HPOS="2165" VPOS="4063" WIDTH="223" HEIGHT="35" CONTENT="Whitehave" WC="0.64" CC="533333333"/>
						<String ID="word001122" HPOS="2393" VPOS="4075" WIDTH="32" HEIGHT="24" CONTENT="n." WC="0.56" CC="53" STYLEREFS="TXT_5"/>
						<SP ID="P15_SP01080" HPOS="2425" VPOS="4107" WIDTH="0"/>
					</TextLine>
					<TextLine ID="P15_TL00161" HPOS="1670" VPOS="4106" WIDTH="1322" HEIGHT="51">
						<String ID="word001123" HPOS="1670" VPOS="4106" WIDTH="5" HEIGHT="51" CONTENT="'" WC="0.44" CC="5"/>
						<SP ID="P15_SP01081" HPOS="1675" VPOS="4156" WIDTH="33"/>
						<String ID="word001124" HPOS="1708" VPOS="4113" WIDTH="92" HEIGHT="37" CONTENT="Feb." WC="0.64" CC="3352" STYLEREFS="TXT_5"/>
						<SP ID="P15_SP01082" HPOS="1800" VPOS="4156" WIDTH="20"/>
						<String ID="word001125" HPOS="1820" VPOS="4113" WIDTH="39" HEIGHT="35" CONTENT="11" WC="0.44" CC="55" STYLEREFS="TXT_5"/>
						<String ID="word001126" HPOS="1871" VPOS="4137" WIDTH="8" HEIGHT="9" CONTENT="." WC="0.89" CC="1" STYLEREFS="TXT_4"/>
						<SP ID="P15_SP01083" HPOS="1879" VPOS="4156" WIDTH="38"/>
						<String ID="word001127" HPOS="1917" VPOS="4110" WIDTH="128" HEIGHT="38" CONTENT="James" WC="0.91" CC="30100"/>
						<SP ID="P15_SP01084" HPOS="2044" VPOS="4156" WIDTH="17"/>
						<String ID="word001128" HPOS="2061" VPOS="4111" WIDTH="71" HEIGHT="37" CONTENT="Wo" WC="0.72" CC="32" STYLEREFS="TXT_5"/>
						<String ID="word001129" HPOS="2137" VPOS="4121" WIDTH="21" HEIGHT="27" CONTENT="o" WC="0.44" CC="5"/>
						<String ID="word001130" HPOS="2159" VPOS="4110" WIDTH="22" HEIGHT="34" CONTENT="d" WC="0.78" CC="2" STYLEREFS="TXT_5"/>
						<String ID="word001131" HPOS="2186" VPOS="4137" WIDTH="11" HEIGHT="19" CONTENT="," WC="0.78" CC="2" STYLEREFS="TXT_4"/>
						<SP ID="P15_SP01085" HPOS="2197" VPOS="4156" WIDTH="20"/>
						<String ID="word001132" HPOS="2217" VPOS="4106" WIDTH="165" HEIGHT="51" CONTENT="Linfiefd," WC="0.58" CC="353333833"/>
						<SP ID="P15_SP01086" HPOS="2382" VPOS="4156" WIDTH="21"/>
						<String ID="word001133" HPOS="2404" VPOS="4111" WIDTH="210" HEIGHT="41" CONTENT="victualler," WC="0.87" CC="10110161101"/>
						<SP ID="P15_SP01087" HPOS="2614" VPOS="4156" WIDTH="31"/>
						<String ID="word001134" HPOS="2644" VPOS="4119" WIDTH="34" HEIGHT="28" CONTENT="at" WC="0.89" CC="02"/>
						<SP ID="P15_SP01088" HPOS="2679" VPOS="4156" WIDTH="18"/>
						<String ID="word001135" HPOS="2696" VPOS="4113" WIDTH="111" HEIGHT="41" CONTENT="elevt.t" WC="0.33" CC="7666777"/>
						<String ID="word001136" HPOS="2807" VPOS="4113" WIDTH="17" HEIGHT="41" CONTENT="," STYLE="superscript" WC="0.33" CC="7"/>
						<String ID="word001137" HPOS="2824" VPOS="4113" WIDTH="17" HEIGHT="41" CONTENT="," WC="0.33" CC="1"/>
						<SP ID="P15_SP01089" HPOS="2841" VPOS="4156" WIDTH="90"/>
						<String ID="word001138" HPOS="2930" VPOS="4119" WIDTH="61" HEIGHT="32" CONTENT="the" WC="0.44" CC="447"/>
						<SP ID="P15_SP01090" HPOS="2992" VPOS="4156" WIDTH="0"/>
					</TextLine>
					<TextLine ID="P15_TL00162" HPOS="1663" VPOS="4160" WIDTH="349" HEIGHT="45">
						<String ID="word001139" HPOS="1663" VPOS="4163" WIDTH="80" HEIGHT="34" CONTENT="Star" WC="0.97" CC="0010"/>
						<SP ID="P15_SP01091" HPOS="1743" VPOS="4198" WIDTH="21"/>
						<String ID="word001140" HPOS="1765" VPOS="4160" WIDTH="80" HEIGHT="45" CONTENT="Inn," WC="0.83" CC="2013"/>
						<SP ID="P15_SP01092" HPOS="1845" VPOS="4205" WIDTH="25"/>
						<String ID="word001141" HPOS="1870" VPOS="4161" WIDTH="142" HEIGHT="35" CONTENT="Lewes." WC="0.89" CC="111030"/>
						<SP ID="P15_SP01093" HPOS="2011" VPOS="4205" WIDTH="0"/>
					</TextLine>
				</TextBlock>
				<TextBlock ID="pa0015015" HPOS="200" VPOS="86" WIDTH="289" HEIGHT="63" STYLEREFS="TXT_0 PAR_LEFT">
					<TextLine ID="P15_TL00163" HPOS="202" VPOS="87" WIDTH="287" HEIGHT="61">
						<String ID="word001142" HPOS="202" VPOS="87" WIDTH="163" HEIGHT="60" CONTENT="JAN." WC="0.92" CC="2100"/>
						<SP ID="P15_SP01094" HPOS="365" VPOS="148" WIDTH="39"/>
						<String ID="word001143" HPOS="404" VPOS="93" WIDTH="85" HEIGHT="51" CONTENT="Q." WC="0.56" CC="53"/>
						<SP ID="P15_SP01095" HPOS="489" VPOS="148" WIDTH="0"/>
					</TextLine>
				</TextBlock>
				<TextBlock ID="pa0015016" HPOS="3240" VPOS="3782" WIDTH="113" HEIGHT="504" STYLEREFS="TXT_2 PAR_RIGHT">
					<Shape>
						<Polygon POINTS="3240,4280 3240,4279 3241,4243 3296,3947 3306,3921 3307,3919 3319,3852 3311,3847 3311,3846 3314,3813 3318,3789 3320,3785 3337,3782 3353,3782 3353,4286 3242,4286"/>
					</Shape>
					<TextLine ID="P15_TL00164" HPOS="3274" VPOS="3782" WIDTH="79" HEIGHT="257">
						<String ID="word001144" HPOS="3274" VPOS="3782" WIDTH="79" HEIGHT="257" CONTENT="I" WC="0.78" CC="2"/>
						<SP ID="P15_SP01096" HPOS="3353" VPOS="4039" WIDTH="0"/>
					</TextLine>
				</TextBlock>
				<TextBlock ID="pa0015017" HPOS="3256" VPOS="3791" WIDTH="51" HEIGHT="16" STYLEREFS="TXT_4 PAR_RIGHT">
					<TextLine ID="P15_TL00165" HPOS="3256" VPOS="3791" WIDTH="51" HEIGHT="16">
						<String ID="word001145" HPOS="3256" VPOS="3791" WIDTH="51" HEIGHT="15" CONTENT="=" WC="1.00" CC="9"/>
						<SP ID="P15_SP01097" HPOS="3307" VPOS="3807" WIDTH="0"/>
					</TextLine>
				</TextBlock>
				<TextBlock ID="pa0015018" HPOS="3260" VPOS="3869" WIDTH="73" HEIGHT="66" STYLEREFS="TXT_4 PAR_RIGHT">
					<Shape>
						<Polygon POINTS="3260,3930 3265,3905 3321,3869 3333,3869 3333,3894 3332,3896 3308,3912 3283,3935 3260,3935"/>
					</Shape>
					<TextLine ID="P15_TL00166" HPOS="3321" VPOS="3869" WIDTH="12" HEIGHT="38">
						<String ID="word001146" HPOS="3321" VPOS="3869" WIDTH="12" HEIGHT="38" CONTENT="'0" WC="0.50" CC="90"/>
						<SP ID="P15_SP01098" HPOS="3333" VPOS="3907" WIDTH="0"/>
					</TextLine>
				</TextBlock>
				<TextBlock ID="P15_TB00019" HPOS="3210" VPOS="104" WIDTH="5" HEIGHT="26" STYLEREFS="TXT_4 PAR_RIGHT">
					<TextLine ID="P15_TL00167" HPOS="3210" VPOS="104" WIDTH="5" HEIGHT="26">
						<String ID="P15_ST01147" HPOS="3210" VPOS="104" WIDTH="5" HEIGHT="26" CONTENT=",1" WC="0.50" CC="90"/>
						<SP ID="P15_SP01099" HPOS="3215" VPOS="130" WIDTH="0"/>
					</TextLine>
				</TextBlock>
				<TextBlock ID="P15_TB00020" HPOS="3254" VPOS="2402" WIDTH="65" HEIGHT="22" STYLEREFS="TXT_2 PAR_RIGHT">
					<TextLine ID="P15_TL00168" HPOS="3254" VPOS="2402" WIDTH="65" HEIGHT="22">
						<String ID="P15_ST01148" HPOS="3254" VPOS="2402" WIDTH="65" HEIGHT="21" CONTENT="MN" WC="0.78" CC="22"/>
						<SP ID="P15_SP01100" HPOS="3319" VPOS="2424" WIDTH="0"/>
					</TextLine>
				</TextBlock>
			</PrintSpace>
		</Page>
	</Layout>
</alto>
