3354 4406
234 83 91 54 6V

279 209 279 54 Itispersonal
579 221 269 44 appearance,
870 209 116 41 when
1009 210 39 39 in
1071 208 70 43 the
1162 209 146 53 pulpit,
1346 210 33 39 is
1410 208 159 56 awfully

226 259 254 57 impressive.
539 265 74 39 His
651 265 112 38 voice
809 261 123 53 beim.;
965 262 354 53 constitutioually
1359 262 102 54 deep
1496 268 78 34 ant;

228 330 219 38 sonorous,
467 315 51 41 be
535 318 116 51 gives
689 314 58 41 his
781 322 90 33 text
900 309 136 59 boldly
1059 314 302 54 and.distinctly
1380 331 13 31 ;
1422 315 77 40 and
1520 315 60 43 his

228 369 220 53 emphasis,
481 369 177 41 without
686 369 117 56 being
836 367 154 51 forced,
1020 370 32 39 is
1085 369 150 53 always
1263 369 188 43 marked.
1508 367 72 45 His

230 422 105 53 style
369 422 50 41 of
441 424 275 54 composition
735 423 32 40 is
784 420 169 44 entitled
973 428 45 35 to
1048 411 72 52 the
1137 422 162 54 highest
1317 422 240 43 cotaimenda-

231 476 106 41 tion.
965 522 12 1 _
1024 522 9 1 _

285 531 188 45 Earnest,
503 528 242 56 intelligent,
772 527 223 47 animated,
1024 527 63 41 his
1106 528 164 54 appeals
1287 531 46 38 to
1355 528 71 41 the
1443 529 138 41 hearts

233 583 81 41 and
333 585 257 39 consciences
608 582 51 40 of
685 582 61 43 his
763 582 164 40 hearers
944 585 71 45 are
1031 581 206 41 delivered
1259 581 211 56 feelingly,
1500 586 76 37 and

235 635 100 40 with
352 648 50 27 an
424 635 246 41 irresistable
687 635 182 53 efficacy.
928 635 69 40 His
1019 635 196 53 positions
1245 648 67 26 are
1341 635 150 46 bound,
1520 635 61 40 h.s

237 689 267 41 illustrations
535 703 69 27 arc
633 690 159 39 natural
826 689 79 40 and
927 689 193 52 striking,
1150 689 76 39 and
1256 689 63 39 his
1351 690 229 51 reasoning,

239 741 228 56 admirably
498 742 244 45 conducted,
771 742 31 39 is
833 741 214 56 gradually
1069 741 242 53 convincing
1331 744 78 39 and
1440 741 137 54 finally

239 796 248 41 conclusive.
546 798 14 37 I
583 793 260 57 particularly
868 793 215 47 comtnend
1103 794 38 39 in
1157 794 85 44 him
1260 793 71 39 the
1351 797 170 44 citation
1535 807 38 27 o'

240 848 215 54 scriptural
485 850 209 43 authority
717 847 63 41 for
797 849 112 38 what
927 849 50 39 he
996 848 214 39 advances.
1264 842 200 53 Whether
1482 850 32 39 it
1531 848 51 39 be

239 908 46 34 to
304 902 202 40 elucidate
537 904 69 39 the
626 895 168 46 sulAime
813 901 203 40 doctrines
1049 895 50 45 of
1130 912 78 28 our
1238 899 190 56 religion,
1455 915 48 26 or
1535 907 45 33 to

241 957 267 39 corroborate
530 954 60 40 his
611 969 93 26 own
720 954 118 39 views
857 954 50 39 of
921 954 103 39 their
1044 966 124 39 scope
1186 944 78 48 and
1286 954 216 53 tendency,
1521 953 60 40 his

239 1009 180 52 practice
444 1010 31 39 is
502 1007 38 40 in
557 1007 81 40 this
666 1013 152 46 respect
839 1007 211 52 deserving
1078 1007 50 39 of
1154 1007 203 40 universal
1377 1007 202 43 imitation

240 1067 152 47 among
413 1059 187 41 christian
615 1059 195 40 teachers.

292 1113 198 54 Sincerely
513 1127 43 25 as
591 1119 13 35 1
626 1127 66 25 am
712 1113 165 41 induced
906 1117 43 33 to
969 1123 182 41 approve
1186 1111 70 40 the
1279 1114 194 47 conduct,
1504 1113 77 39 and

239 1170 158 50 sespett
417 1167 66 41 the
503 1166 176 40 abilities
697 1166 48 39 of
759 1169 77 35 Mr.
854 1165 224 45 Crowther,
1110 1167 15 37 I
1144 1170 124 39 must,
1297 1167 283 45 nevertheless,

241 1220 52 39 be
312 1219 216 52 perMitted
548 1225 44 34 to
613 1220 138 51 object
770 1225 41 33 to
836 1219 67 39 the
924 1230 168 28 manner
1111 1219 38 37 in
1170 1217 130 44 which
1323 1209 52 50 he
1395 1220 31 40 is
1444 1233 113 26 accus-

243 1273 138 39 tomed
417 1278 41 33 to
484 1272 109 39 close
614 1273 67 38 the
703 1285 110 28 scene
836 1271 50 39 of
909 1269 137 54 public
1078 1269 210 46 devotion,
1349 1273 156 41 Instead
1539 1273 48 39 of

244 1326 243 51 continuing
526 1324 208 53 kneeling,
762 1330 41 33 at
841 1326 70 37 the
943 1322 263 40 termination
1243 1325 48 44 of
1330 1326 73 39 the
1434 1339 148 40 prayer

242 1377 109 41 after
384 1385 176 39 sermon,
591 1377 53 39 he
680 1376 158 47 should,
870 1389 43 26 as
950 1378 15 35 I
1002 1375 208 47 conceive,
1248 1378 98 39 then
1382 1380 91 45 rise,
1502 1380 76 39 and

241 1430 119 41 stand
396 1444 71 38 up,
494 1430 311 60 conspicuously
828 1435 46 33 to
907 1428 58 39 his
985 1429 313 53 congregation,
1328 1426 79 45 and
1426 1446 45 25 so
1488 1444 69 39 pro-

241 1496 175 33 nounce,
446 1483 94 39 with
565 1483 157 57 dignity
756 1496 51 25 no
844 1481 73 40 less
956 1481 98 39 than
1075 1481 210 48 affection,
1313 1483 71 39 the
1413 1483 164 52 priestly

239 1535 254 40 benediction
511 1539 8 34 t
579 1538 64 38 He
663 1535 31 39 is
707 1541 70 34 not
794 1548 90 25 now
904 1534 241 51 beseeching
1165 1548 26 25 a
1209 1535 172 53 blessing
1397 1535 80 46 for,
1507 1537 74 39 but

239 1589 221 52 imparting
493 1602 78 26 one
600 1594 61 39 to,
691 1589 69 39 the
789 1586 161 54 people.
1010 1589 61 38 Ile
1091 1587 97 39 does
1207 1594 72 33 not
1296 1596 162 32 entreai,
1479 1590 31 38 it
1527 1603 53 26 on

239 1642 106 40 their
363 1641 244 40 behalf—he
627 1641 318 39 cbinmunicates
965 1638 48 46 it,
1044 1654 43 25 as
1102 1639 30 39 it
1152 1654 122 35 were,
1304 1646 43 33 to
1369 1643 128 46 them,
1530 1643 51 51 by

237 1695 133 39 virtue
389 1694 48 40 of
461 1695 67 38 the
548 1695 207 61 authoriq
772 1693 92 39 with
888 1693 126 39 which
1038 1693 48 38 he
1111 1693 31 39 is
1160 1695 204 52 supposed
1389 1701 43 34 to
1452 1696 51 38 be
1522 1696 38 38 di-

235 1747 136 54 vinely
403 1748 226 39 entrusted.
689 1750 34 34 It
745 1760 28 24 is
794 1759 152 39 among
973 1744 70 39 the
1080 1750 109 33 most
1217 1747 154 41 solemn
1390 1749 78 39 and
1487 1749 70 39 sub-

237 1798 96 41 lime
353 1806 84 34 acts
452 1799 283 54 appertaining
756 1805 40 33 to
814 1799 70 38 the
907 1796 182 53 ministry
1106 1796 51 39 of
1180 1812 76 25 our
1272 1800 97 52 holy
1393 1801 187 46 religion.

292 1856 78 37 Mr.
390 1854 208 39 Crowther
626 1852 149 40 affords
790 1869 8 19 +
806 1866 24 24 n
833 1863 37 27 ►e
909 1852 366 50 uncxceptionable
1303 1854 255 53 exemplifica-

235 1905 84 39 tion
343 1906 47 39 of
417 1907 72 39 the
517 1907 125 39 union
678 1904 50 39 of
749 1910 79 34 two
848 1902 241 53 supposedly
1130 1906 187 51 opposite
1336 1907 243 39 characters.

234 1958 135 39 While
399 1958 51 40 he
484 1959 30 38 is
544 1972 26 25 a
591 1958 110 53 good
720 1957 131 52 parish
888 1956 136 53 priest,
1057 1956 52 39 he
1130 1955 31 40 is
1181 1956 81 41 also
1284 1972 50 26 an
1356 1959 221 40 admirable

235 2011 175 53 popular
429 2011 209 53 preacher.
698 2011 73 38 His
785 2009 67 40 life
875 2010 32 38 is
930 2022 19 25 a
973 2009 125 38 lesson
1119 2014 41 33 to
1182 2009 60 43 his
1267 2011 125 47 flock,
1423 2011 74 40 and
1522 2011 59 40 his

235 2065 150 39 talents
415 2078 69 26 are
521 2078 50 26 an
589 2065 161 39 honour
769 2068 41 33 to
844 2063 61 39 his
925 2062 90 39 chu,
1028 2060 67 40 th.
1155 2062 86 41 The
1273 2065 145 52 sphere
1450 2065 50 39 of
1522 2065 59 39 his

235 2117 136 39 duties
391 2119 46 43 is,
469 2121 12 35 I
504 2130 99 27 even
621 2117 99 45 fear,
751 2122 70 33 too
843 2114 176 40 arduous
1055 2113 66 39 fir
1159 2114 60 40 his
1251 2117 157 40 health.
1469 2120 61 37 lie
1553 2118 28 38 is

233 2177 78 33 not
340 2171 89 38 that
461 2174 161 34 servant
638 2169 120 44 -who,
806 2169 117 39 when
958 2167 58 39 his
1052 2167 112 39 lord
1195 2171 183 45 tometh,
1426 2171 78 38 will
1531 2170 51 40 be

234 2224 130 38 found
385 2222 221 52 neglectful
645 2223 47 38 of
718 2220 58 39 his
813 2228 92 46 post
920 2237 12 27 ;
961 2220 72 39 but
1056 2226 79 32 one
1154 2218 109 48 who,
1291 2223 154 53 having
1479 2224 99 38 been

235 2276 167 39 faithful
423 2282 43 32 to
497 2276 59 38 his
575 2280 120 40 trust,
726 2285 87 40 may
839 2272 99 40 look
957 2272 183 39 forward
1159 2274 97 39 with
1278 2275 231 41 exultation
1534 2281 41 34 to

235 2329 63 39 his
643 2328 86 43 The
762 2326 161 40 harvest
948 2323 106 53 truly
1089 2326 33 39 is
1153 2333 131 45 great;
1315 2328 77 40 but
1419 2329 69 39 the
1522 2328 38 40 la-

234 2381 171 41 bourers
433 2395 69 25 are
529 2381 76 39 few
622 2396 13 21 :
684 2391 98 43 pray
819 2392 66 39 ye,
934 2373 220 52 therefore,
1183 2370 72 50 the
1287 2380 105 40 Lord
1426 2381 45 41 of
1511 2381 71 40 the

236 2435 193 46 Harvest,
461 2434 91 40 that
570 2433 52 39 he
635 2432 135 39 would
785 2432 93 38 send
908 2430 106 40 forth
1036 2430 211 43 labourers
1280 2433 87 40 into
1396 2434 59 41 his
1485 2434 72 41 har-

235 2494 87 32 vest
602 2485 216 52 according
839 2489 45 34 to
907 2487 54 37 St.
979 2481 132 47 Luke,
1141 2483 64 40 ch.
1231 2485 61 48 10,
1324 2500 40 25 v.
1382 2492 39 33 2.

281 2544 175 44 January
472 2544 64 41 20,
566 2542 106 35 1809.
1299 2541 234 37 Os•Esinrs.

287 2644 85 38 ***
406 2641 260 37 POPULAR
690 2640 321 38 PREACHERS
1033 2642 98 40 (No.
1148 2640 69 39 251
1234 2641 60 34 for
1316 2641 145 45 Sunday
1478 2647 105 33 next,

231 2689 174 45 January
420 2691 63 34 the
495 2691 257 34 29th.—Rev.
771 2688 198 35 HENRY
994 2688 248 41 DRAPER,
1273 2689 48 34 D.
1344 2689 51 34 D.
1416 2691 43 33 of
1483 2691 73 34 SPA-

239 2737 165 38 FIELDS
425 2740 204 35 CHAPEL.

537 2837 275 40 NAUTICAL
844 2836 422 40 INTLLLIGENCE.

565 2961 124 40 LOSS
719 2960 65 39 OF
811 2960 113 38 THE
956 2960 298 39 CRESCENT.

283 3030 89 39 The
407 3026 210 53 following
637 3025 34 40 is
706 3039 52 26 an
795 3028 171 38 Extract
999 3025 48 38 of
1081 3037 25 26 a
1140 3026 154 43 Letter,
1324 3024 184 40 received
1545 3030 37 32 at

231 3081 267 40 Portsmouth
520 3092 51 28 on
593 3079 180 53 Sunday,
817 3078 109 39 front
966 3078 80 39 Mr.
1083 3077 182 38 Thomas
1285 3078 163 46 Mason,
1496 3078 84 38 late

231 3133 122 41 Clerk
374 3133 47 39 of
438 3133 59 39 his
517 3135 208 50 Majesty's
741 3132 86 48 ship
848 3133 208 43 Crescent,
1085 3129 174 40 relative
1278 3133 44 34 to
1343 3131 71 38 the
1428 3130 129 39 melan-

231 3187 123 54 choly
376 3185 78 41 lo4s
468 3185 51 40 of
527 3185 86 40 that
633 3184 106 52 ship.
794 3185 72 38 We
886 3183 94 53 give
1002 3183 31 39 it
1054 3182 200 53 publicity
1273 3182 66 41 for
1361 3183 70 38 the
1449 3185 132 37 satin--

229 3240 155 40 faction
404 3239 51 39 of
481 3239 70 39 the
580 3239 149 39 friends
763 3237 47 38 of
831 3237 71 39 the
922 3236 223 43 survivors,
1176 3236 77 38 and
1289 3240 44 35 to
1363 3237 219 37 terminate

229 3293 73 41 the
317 3291 189 43 dreadful
536 3296 104 34 state
665 3291 50 39 of
735 3304 190 39 susl►ence
959 3289 37 39 in
1017 3289 133 39 which
1189 3301 122 41 many
1333 3294 106 34 must
1461 3291 48 39 be
1531 3304 51 25 on

231 3347 73 40 the
325 3345 206 40 occasion.

344 3402 63 35 On
428 3398 69 38 the
515 3397 70 39 sth
607 3398 94 38 inst.
724 3396 141 51 (Dec.)
888 3407 58 26 we
979 3394 139 39 struck
1140 3407 53 26 on
1209 3394 71 39 the
1299 3398 113 35 coast
1431 3394 50 39 of
1491 3397 69 37 Jut-

228 3452 110 46 land,
369 3464 99 27 near
496 3452 234 41 liobsnout,
759 3449 74 38 and
866 3448 246 52 completely
1147 3446 207 45 wrecked,
1384 3448 97 38 with
1517 3449 66 38 the

229 3507 80 39 WWI
345 3504 50 39 of
406 3508 83 35 '220
524 3502 161 53 people.
741 3502 85 39 The
862 3502 221 45 survivors,
1106 3506 52 34 60
1187 3501 38 38 in
1264 3500 188 45 number,
1480 3513 104 28 were

228 3557 149 41 saved;
409 3557 70 39 the
500 3559 132 48 major
650 3557 94 50 part
758 3568 47 25 on
827 3567 25 27 a
870 3552 98 46 raft,
989 3554 67 39 the
1072 3553 230 40 remainder
1322 3555 40 37 in
1376 3554 70 38 the
1455 3553 106 53 jolly-

228 3612 117 40 boat.
403 3613 86 38 Our
524 3609 201 39 situation
744 3620 77 25 was
853 3606 109 52 truly
981 3606 202 46 dreadful,
1212 3619 103 27 even
1335 3619 130 28 worse
1485 3607 98 39 than

228 3671 45 33 at
293 3665 70 39 the
391 3663 69 39 old
495 3661 124 54 ship's
658 3664 175 46 (Anson)
865 3659 93 40 loss.
1015 3661 73 37 We
1124 3659 105 40 have
1250 3660 104 40 been
1390 3661 191 39 removed

227 3719 110 39 from
360 3717 220 39 Robsnout
599 3720 46 34 to
661 3715 79 39 this
759 3715 111 52 place
894 3710 241 54 (Aalborg).
1166 3713 39 39 in
1224 3725 210 40 waggons,
1450 3715 131 39 about

228 3777 51 34 32
304 3769 124 41 miles.
485 3769 74 38 We
591 3768 107 40 have
716 3780 44 28 as
790 3771 67 46 yet
878 3767 102 39 been
1000 3765 157 39 treated
1178 3778 97 40 very
1293 3765 288 52 *ell—expect

227 3836 103 28 soon
345 3829 45 33 to
405 3823 51 39 be
472 3820 313 41 released.—F.
785 3821 144 38 U.--
950 3819 77 38 and
1050 3820 13 38 I
1080 3830 70 27 are
1165 3817 189 40 confined
1374 3819 208 50 together.

226 3878 76 40 We
340 3876 107 40 have
476 3880 43 34 to
553 3872 168 44 console
749 3870 204 41 ourselves
972 3872 50 52 by
1056 3870 265 56 expectation
1341 3870 52 41 of
1404 3872 177 56 speedily

226 3935 141 47 secmng
386 3943 84 39 you
493 3930 139 52 again.

666 4003 96 27 LIST
790 4003 54 25 OF
873 4000 275 27 SURVIVORS.

276 4058 157 35 Neilson
458 4057 250 40 Williamgon,
741 4054 150 35 Master.

270 4107 105 35 John
398 4107 158 32 Weaver
604 4104 102 34 First
726 4103 219 34 Lieutenant
960 4101 46 35 of
1020 4102 178 35 Marinm

273 4154 157 39 Francis
452 4130 194 66 Ifogl;ton,
681 4143 298 107 Midshipman),
1018 4152 93 35 Late
1136 4150 44 34 of
1195 4148 56 37 hl4
1270 4140 201 57 Majesty's
1495 4150 86 48 ship

273 4196 165 46 Thomas
455 4204 146 41 Main,
622 4201 120 39 clerk
1215 4198 141 37 Aliso:l4

1126 85 150 54 THE
1310 76 386 65 NATIONAL
1731 76 386 66 REGISTER'.

2707 83 163 57 JAN.
2948 87 54 53 Q.

1688 211 44 34 J.
1757 211 46 34 R.
1827 213 204 40 Lavender,
2063 214 263 46 Midshipman.

2691 276 5 5 •

1689 259 104 35 John
1814 260 148 41 Munro,
1989 261 111 35 ditto.

1694 296 182 47 Matthew
1899 305 175 46 WalJiar,
2105 309 229 37 Boatswain.

1646 348 381 54 Coinpieliteht—=
2055 358 84 34 Alen
2352 358 206 37 Lost-212
2585 358 102 37 Men.

2002 406 14 34 I
2053 396 197 53 Posit•agei;
2541 407 13 33 1
2591 406 200 47 Passenger

2056 454 152 45 Ill'opten
2589 456 38 31 W
2647 467 97 25 .meu

2007 503 12 33 I
2052 501 110 39 Child
2539 503 13 35 I
2585 504 112 35 Child

1980 599 50 35 80
2046 598 125 37 Total.
2230 626 34 9 ..

2591 599 106 37 Souls
2720 598 105 37 Lost.

1817 723 116 51 LOSS
1959 725 71 50 OP
2061 729 84 46 HIS
2174 736 292 39 MAJESTY'S
2494 735 120 38 SHIP
2644 732 172 40 ROOK:

1698 789 91 47 The
1809 796 209 54 following
2040 796 240 54 partictilari
2306 793 228 58 respecting
2559 796 69 40 the
2656 798 171 56 rapture
2846 793 52 41 of
2928 794 64 40 big

1651 852 204 51 Majesty's
1873 852 202 39 schooner
2094 842 143 54 Rook,
2269 852 105 46 Were
2409 843 327 53 cdminunicated
2758 844 41 43 in
2819 846 24 40 a
2863 847 124 41 letter

1650 904 103 38 from
1778 904 67 39 the
1879 905 165 45 Master,
2078 904 89 45 who
2194 901 220 45 succeeded
2443 905 241 39 Lieutenant
2706 904 220 39 Lawrence
2946 902 44 39 in

1648 956 67 38 the
1733 957 215 39 command
1968 957 48 39 of
2031 957 70 39 the
2122 957 106 53 ship:
2262 957 84 40 and
2361 956 103 40 froth
2486 957 72 41 the
2575 956 142 41 mouth
2737 954 51 39 of
2803 954 76 39 the'
2893 956 98 39 only

1646 1009 189 39 survivor
1857 1010 46 39 of
1917 1010 69 39 the
2007 1012 267 38 iinfortimate
2293 1023 103 27 crew
2413 1011 91 38 who
2523 1010 70 38 has
2610 1007 193 40 hitherto.
2815 1007 175 39 teached

1652 1061 196 52 England,
1878 1064 74 38 and
1976 1064 91 38 who
2089 1063 162 39 himself
2275 1075 79 28 was
2372 1064 91 38 shot
2483 1062 178 52 through
2681 1062 72 38 the
2770 1061 110 40 wrist
2910 1059 80 40 and

1646 1114 207 48 shoulder,
1883 1116 155 40 besides
2056 1129 110 26 some
2183 1117 169 39 wounds
2370 1117 91 39 with
2487 1130 24 24 a
2530 1116 148 39 cutlass

1754 1169 89 38 The
1881 1169 142 44 Rook;
2060 1170 236 38 bieuteliant
2317 1173 135 37 James
2473 1170 230 44 Lawrence;
2734 1163 125 44 satled
2877 1161 113 45 front

1652 1219 60 54 Ply
1727 1222 161 45 mouth,
1917 1221 128 40 under
2079 1222 69 39 the
2177 1222 142 39 orders
2337 1222 50 46 of
2409 1222 182 39 Admiral
2624 1222 169 50 Thing,
2824 1234 51 25 on
2916 1220 74 39 the

1646 1274 94 38 '24th
1765 1276 50 38 of
1827 1277 117 44 Rile,
1970 1280 117 43 1808,
2124 1273 92 41 with
2239 1276 222 52 dispatches
2496 1276 67 39 for
2598 1274 71 40 the
2686 1274 115 38 West
2838 1271 149 41 Indies.

1648 1328 116 39 After
1785 1341 24 25 a
1830 1322 77 45 tine
1920 1342 171 39 pastoge
2109 1329 66 38 she
2194 1329 163 38 arrived
2367 1335 15 32 -
2382 1335 33 32 at
2431 1328 206 45 Jamaica,
2667 1326 112 44 from
2792 1341 38 21 vs
2842 1326 146 46 hence,

1646 1380 105 40 after
1772 1380 148 52 haVing
1941 1382 150 39 waited
2118 1395 25 26 a
2160 1381 73 39 fel
2255 1381 102 54 days
2370 1385 40 34 to
2428 1381 112 45 refit,
2572 1380 76 39 and
2670 1375 97 44 take
2786 1378 38 38 in
2838 1380 152 52 species

1645 1431 71 40 she
1736 1431 124 40 sailed
1894 1433 63 41 for
1981 1434 181 53 England
2180 1437 162 48 August
2366 1430 106 43 13th.
2537 1434 74 38 For
2643 1439 84 32 two
2759 1431 102 52 days
2890 1431 100 52 they

1646 1498 107 27 were
1774 1485 185 41 follotted
1983 1488 54 52 by
2056 1501 25 27 a
2115 1488 151 39 French
2288 1488 201 38 schooner
2510 1486 149 50 (which
2682 1485 32 39 is

2734 1489 145 46 .pretty
2916 1489 74 46 ge=

1646 1539 154 52 nerally
1821 1539 67 40 the
1907 1553 90 26 case
2019 1541 112 40 when
2146 1554 24 26 a
2187 1541 90 52 ship
2298 1539 72 39 has
2387 1553 73 39 any
2485 1546 145 45 money
2652 1551 52 26 on
2727 1537 150 45 board,
2908 1535 84 40 and

1645 1593 47 37 of
1702 1592 130 39 which
1850 1592 256 54 intelligence
2126 1594 30 38 is
2170 1606 102 27 soon
2297 1592 143 53 gained
2459 1597 45 35 at
2524 1593 110 38 some
2663 1591 48 38 of
2734 1590 73 40 the
2829 1589 161 40 French

1646 1644 190 50 Islands),
1857 1646 71 39 but
1948 1646 137 39 whom
2107 1646 91 52 they
2219 1646 97 39 beat
2365 1645 39 39 if.
2461 1646 61 38 On
2545 1644 66 40 the
2631 1642 91 41 18th
2744 1642 51 40 of
2813 1644 177 51 August;

1646 1704 41 33 at
1706 1697 202 54 daylight,
1943 1698 96 53 they
2061 1698 70 40 fell
2165 1698 37 40 in
2224 1698 98 40 with
2341 1704 79 34 two
2443 1698 152 39 French
2630 1696 239 46 schooners,
2906 1696 80 39 and

1646 1749 272 48 immediately
1939 1752 159 40 cleared
2117 1752 64 40 for
2199 1750 139 41 action
2356 1768 9 28 ;
2395 1765 50 25 on
2461 1750 72 39 the
2555 1748 149 54 largest
2725 1748 128 40 vessel
2872 1757 117 30 tom=

1646 1804 67 53 ing
1749 1796 204 59 afongsCde
1990 1804 97 40 with
2130 1805 162 53 English
2331 1804 176 45 tolouris
2543 1804 78 39 and
2657 1805 76 38 nit
2756 1801 234 52 answering

1648 1856 111 40 When
1792 1850 145 54 hailed,
1968 1859 76 39 but
2080 1856 273 53 immediately
2388 1856 178 51 hoisting
2603 1854 157 40 FrenCh
2804 1851 183 47 colours,

1649 1910 125 41 Lieut.
1804 1905 209 46 Lawrence
2044 1911 93 39 shot
2166 1912 67 40 the
2267 1910 150 40 French
2441 1909 190 52 Captain,
2665 1907 118 39 when
2820 1919 26 27 a
2881 1910 110 37 most

1646 1958 209 58 desperate
1879 1964 135 40 action
2046 1963 260 43 commenced
2324 1980 12 30 ;
2366 1962 103 39 after
2497 1971 52 30 an
2571 1962 136 39 hour's
2728 1961 112 40 hard
2864 1959 106 52 fight-

1646 2016 84 51 ing,
1765 2015 130 43 Lieut.
1916 2019 44 38 1..
1984 2017 177 39 received
2184 2017 58 39 his
2280 2016 76 39 last
2383 2015 145 40 wound
2552 2015 48 50 by
2622 2028 24 26 a
2676 2009 282 46 musket-ball
2975 2029 14 28 ;

1646 2070 76 39 and
1746 2070 71 38 the
1837 2070 123 39 Rook
1980 2083 81 26 was
2082 2069 274 51 immediately
2387 2067 158 43 carried
2580 2065 48 56 by
2665 2066 228 51 boarding,
2924 2066 72 39 the

1650 2122 151 39 French
1822 2122 151 40 officers
2010 2122 230 54 repeatedly
2274 2120 149 56 calling
2454 2127 46 34 to
2538 2120 71 40 the
2633 2132 97 28 men
2744 2125 47 35 to
2823 2127 96 44 give
2939 2133 56 26 no

1644 2183 184 46 quarter.

1698 2237 28 17 ,‘
1754 2232 79 34 Mr.
1857 2232 182 43 Stewart,
2070 2229 71 40 the
2161 2231 168 40 Master,
2365 2226 182 40 recived
2567 2239 117 26 seven
2714 2229 109 37 most
2850 2225 122 52 despe-

1646 2287 86 33 rate
1754 2282 164 41 wounds
1938 2281 94 40 with
2052 2295 26 26 a
2096 2281 163 45 cutlass;
2297 2280 52 39 of
2372 2278 129 40 whch
2522 2280 52 38 he
2603 2278 240 40 afterwards
2872 2290 99 27 reco-

1649 2333 138 46 vered,
1822 2335 91 45 but,
1950 2337 13 37 I
1993 2347 65 26 am
2078 2346 109 41 sorry
2204 2339 44 34 to
2269 2331 93 45 add,
2396 2333 31 39 is
2443 2331 110 45 since
2568 2331 100 40 dead
2687 2331 51 41 of
2754 2330 71 40 the
2845 2328 151 54 yellow

1646 2386 129 40 fever.
1852 2389 76 38 Mr.
1952 2379 216 60 Donnelly,
2204 2381 71 45 the
2307 2376 137 56 Clerk,
2480 2383 84 39 way
2594 2382 85 40 also
2711 2381 282 54 dangerously

1646 2439 197 40 wounded
1871 2439 37 41 in
1930 2440 70 40 the
2020 2439 136 51 griffin,
2184 2439 74 40 but
2281 2439 31 38 is
2331 2450 87 27 now
2440 2435 233 41 recovered.
2830 2438 168 51 George

1649 2494 135 44 Reed,
1814 2505 48 26 an
1902 2494 138 39 officer
2061 2489 38 43 in
2120 2493 67 38 the
2220 2490 137 54 Royal
2389 2489 214 54 Artillery,
2631 2490 92 39 who
2759 2489 72 40 hAS
2850 2489 146 40 served

1646 2545 60 39 his
1726 2551 172 35 country
1919 2559 51 26 on
1993 2546 71 39 the
2085 2544 126 40 Island
2231 2545 52 40 of
2293 2546 184 39 Jamaica
2496 2542 66 40 for
2580 2546 52 35 VO
2643 2556 132 39 years,
2804 2542 78 40 and
2898 2541 107 40 wlui

1648 2611 79 26 was
1749 2591 152 56 related
1924 2598 50 53 by
2015 2598 200 50 marriage
2233 2603 46 35 to
2302 2598 244 39 Lieutenant
2565 2596 231 47 Lawrence,
2828 2608 80 26 was
2930 2595 40 38 in

1648 2652 126 39 diiced
1799 2656 41 34 to
1861 2652 169 40 embark
2052 2665 54 26 on
2137 2652 123 39 board
2282 2650 70 39 the
2370 2649 144 46 Rook,
2545 2649 94 39 with
2682 2660 24 26 a
2739 2661 98 40 very
2859 2647 112 40 consi-

1648 2704 167 40 derable
1834 2709 209 47 property,
2082 2704 38 38 in
2143 2704 124 52 hopes
2298 2708 45 33 to
2378 2704 137 39 revisit
2536 2701 60 38 his
2628 2701 139 39 native
2802 2706 195 47 country,

1650 2757 72 39 but
1756 2771 83 25 was
1869 2757 239 52 inhumanly
2130 2756 119 40 killed
2274 2756 52 52 by
2348 2756 69 39 the
2431 2765 146 41 enemy
2613 2748 116 45 when
2764 2754 201 52 boarding
2983 2770 12 27 ;

1652 2810 77 38 and
1750 2825 46 24 so
1819 2824 120 35 eager
1958 2823 110 26 were
2085 2809 94 53 they
2198 2815 43 33 to
2258 2813 72 47 get
2350 2809 219 52 poSsession
2585 2806 48 43 of
2647 2820 22 26 a
2689 2805 194 41 valuable
2902 2807 94 51 ring

1651 2862 133 40 which
1809 2864 48 38 he
1878 2862 210 52 happened
2108 2868 44 33 to
2179 2862 104 38 have
2302 2875 52 25 on
2378 2861 57 40 his
2452 2861 149 52 finger,
2627 2852 90 47 that
2738 2859 96 54 they
2856 2858 141 41 nearly

1651 2922 67 33 cut
1739 2916 61 39 his
1821 2916 103 38 hand
1948 2915 64 40 off
2027 2921 40 33 to
2091 2915 125 39 attain
2237 2914 46 40 it.
2341 2911 86 44 The
2454 2915 207 38 swrvivors
2691 2926 105 28 were
2815 2911 183 53 stripped

1650 2968 151 45 naked,
1832 2974 71 46 put
1938 2968 35 38 in
1997 2967 106 41 their
2132 2969 111 45 boat,
2277 2969 78 37 and
2387 2957 144 50 turned
2559 2965 124 43 adrift
2696 2981 13 28 ;
2737 2966 78 41 but
2850 2965 53 53 by
2926 2965 72 47 the

1650 3022 206 39 exertions
1876 3021 48 39 of
1951 3022 99 39 four
2080 3021 89 38 who
2189 3033 104 27 were
2329 3024 71 43 not
2434 3020 215 45 wounded,
2686 3022 96 50 Oey
2822 3017 177 43 reached

1652 3074 107 46 land,
1791 3074 78 39 and
1889 3087 103 27 were
2011 3079 110 34 most
2151 3069 230 58 hospitably
2414 3073 180 40 received
2627 3072 53 53 by
2719 3073 70 39 the
2822 3073 175 39 natives.

1652 3128 86 40 The
1760 3128 126 40 Rook
1910 3141 77 27 was
2006 3141 46 26 so
2073 3128 117 39 much
2207 3128 200 52 damaged
2422 3128 90 39 that
2533 3125 69 40 the
2619 3138 143 41 enemy
2777 3124 124 43 could
2921 3129 77 39 not

1650 3183 69 51 get
1741 3181 76 41 her
1832 3181 85 40 into
1936 3185 110 48 port,
2082 3180 76 40 and
2178 3180 207 40 therefore
2402 3185 59 33 set
2480 3180 76 39 fire
2576 3185 45 33 to
2639 3180 87 40 her.

1796 3311 365 51 TUESDAY'S
2194 3315 276 45 LONDON
2505 3314 334 47 GAZETTE.

1925 3468 428 38 PARTNERSHIPS
2382 3458 322 47 nissotirED.

1697 3524 207 45 Anderson,
1930 3530 168 40 Watson,
2113 3529 41 38 J.
2176 3529 109 35 Swan
2295 3530 71 34 and
2381 3531 44 34 G.
2443 3531 129 39 Swan,
2585 3528 292 48 topperschiths.
2930 3519 66 46 P.

1654 3575 183 45 Royston,
1856 3578 223 39 Blackwell,
2098 3578 156 37 Proctor
2263 3578 72 35 and
2355 3579 139 38 Dakin,
2509 3578 188 44 Sheffield,
2707 3576 294 45 stove.makers,

1649 3622 217 45 Thompson
1894 3626 69 32 and
2002 3625 150 44 Dalhy,
2189 3627 117 33 Great
2346 3626 235 39 Yarmouth;
2623 3627 250 34 hat-Makers.
2941 3625 56 37 IL

1646 3671 151 44 Cooper
1817 3673 69 32 and
1911 3672 54 35 W.
1984 3673 171 45 Cooper,
2172 3674 198 40 Leicester,
2653 3672 168 39 Pitkatd
2841 3673 73 37 and
2933 3672 65 37 W.

1656 3719 181 39 Pickard,
1861 3719 229 43 Moorrieldi,
2120 3723 498 35 hreethes-tnantilacturers.
2695 3722 38 38 M
2794 3720 98 39 Cole

1650 3767 130 45 Laing;
1831 3769 267 41 Cannon-row.
2146 3769 268 41 Westniklaster.
2457 3780 214 37 surveyors.
2722 3769 169 45 Gpootry

1654 3815 244 43 Beardmore,
1918 3815 30 34 Y
1952 3827 53 24 ew
2013 3817 326 45 eastle-tindee•Ly
2344 3828 58 30 ne,
2420 3819 287 47 linen-drapers.
2758 3819 155 38 Homer
2923 3817 77 38 awl

1654 3862 130 34 Batten
1785 3875 9 33 t
1794 3875 9 33 a
1844 3865 207 44 Newbury,
2082 3865 223 41 Berkshire,
2333 3868 128 43 harge-
2463 3878 61 24 ma
2525 3881 15 17 s
2545 3874 83 30 ter..
2764 3866 145 41 Breyer
2923 3863 76 40 said

1645 3911 66 35 Co.
1737 3908 249 45 11Wochester,
1998 3914 370 34 cotton-merchants.
2419 3915 117 44 Lloyd
2551 3915 71 34 and
2644 3913 168 46 Rnbley,
2833 3913 167 44 Salford,

1650 3958 242 44 Lancashire,
1919 3967 169 27 common
2122 3961 178 34 brewers.
2360 3959 224 45 Whiteside,
2622 3963 104 41 Peet,
2752 3963 76 34 and

1650 4007 221 44 Liverpool.
1924 4002 178 48 Shiiiliff,
2127 4004 228 46 Wilkinson,
2379 4010 168 34 Mathers
2567 4012 69 33 and
2665 4010 181 41 Rvcroft,
2910 4003 90 50 ntk,

1646 4057 221 34 merchatnt4;
1920 4056 110 35 Olive
2044 4057 72 34 and
2134 4058 155 34 \term..
2311 4059 56 33 St:
2383 4049 347 53 Catherinco-treei,
2753 4058 57 34 To
2854 4070 28 22 f'l
2882 4070 9 22 .
2909 4059 94 33 Pre.;

1643 4104 113 40 cinct,
1799 4106 270 33 shoe-makers.
2127 4106 48 38 It,
2207 4106 100 35 Platt
2339 4107 71 33 and
2443 4108 61 38 Sna
2504 4108 21 38 ,
2525 4108 21 38 ,
2585 4107 139 39 MOO,
2763 4107 34 27 V
2856 4107 79 33 ksh;
2944 4116 54 34 re,

1646 4152 431 37 cloth:manufacturers.
2135 4146 139 45 Ithhins
2317 4154 71 35 and
2430 4154 152 43 Fo%!erj
2620 4156 380 41 ievadenh:iik.'ireeti

1644 4200 195 46 glassineu:
1894 4200 124 38 Hawn
2052 4196 76 43 !sod
2159 4200 116 40 4Qiiie
2281 4214 13 33 j
2336 4202 214 47 ficitLdAei
2593 4204 222 45 Lantaels;re
2815 4204 21 45 j
2867 4202 141 35 coach;

3209 172 5 38 I

3210 354 9 45 t

3220 548 5 19 o
3252 548 5 19 ,

3239 937 7 15 I

3247 1062 11 18 ..'

3309 1617 7 8 •

3269 3674 6 11 •
3291 3674 4 14 ,

3243 3793 26 341 i
3269 3793 27 341 ,

3241 3783 7 13 I
3283 3783 4 15 .

3278 3837 5 31 •
3292 3837 21 31 ,t,

3243 3869 4 5 •

3239 4140 18 44 11
3256 4140 27 44 111

3295 4290 12 19 ''i

11 65 20 24 I.

21 138 11 25 i
