3354 4406
1281 100 327 72 14.ATTemtu
1609 100 33 72 t
1642 100 33 72 i
1735 96 387 59 REGISTER.

394 111 79 20 •%
474 120 27 14 *%!
520 125 40 15 ...,
570 128 11 7 .

197 92 137 60 ~'3
343 141 19 11 r
366 141 37 13 -Y
420 141 26 13 ...,
456 92 5 63 r
469 143 51 12 :....

621 132 22 22 -►

922 143 5 20 .
1015 143 35 20 ..•,

242 231 394 53 C4F.LEBILATION
661 235 74 43 OF
767 239 115 39 THE
912 239 227 44 QUEEN'S
1163 237 346 46 BIRTH-DAY.

197 333 142 56 „The
363 335 265 40 -celebration
664 337 50 39 of
739 338 83 40 'her
854 340 213 52 Majtitt3:s
1098 338 111 40 birth
1232 338 77 54 day
1335 335 97 41 who
1449 348 110 28 corn-

190 389 17 52 J
239 389 124 39 eated
376 389 70 39 her
464 390 278 52 sivty-fourth
798 405 72 26 car
883 393 146 39 on-the
1046 392 94 41 19th
1157 390 51 43 of
1222 394 97 50 May
1338 390 221 50 last,-took

1393 442 4 6 •

191 438 123 57 place
325 454 61 27 .on
407 442 234 43 Wedncsda-

249 494 91 43 The
367 493 252 57 cdebration
639 498 48 39 of
702 498 69 39 the
791 498 78 53 day
901 511 94 35 was,
1026 511 43 28 as
1087 496 117 48 usual
1238 496 201 45 obterved
1457 496 106 50 with'

193 557 130 43 wry
344 548 327 43 demonstration
707 552 48 39 of
778 554 92 50 joy.

246 602 145 46 About
423 607 81 35 two
531 604 163 40 o'clock
730 605 72 39 her
835 607 174 48 Majesty
1028 602 79 43 and
1127 604 74 41 the
1227 592 233 64 itriricelisei

190 652 118 50 their.
333 656 189 52 dressieg,--
533 670 155 35 rooms,
702 659 144 38 .when.
870 659 72 50 the
961 651 385 58 Earl.of.,ll4rtari,.
1367 656 78 41 her
1465 658 99 50 Ma-'

187 707 149 50 jesty's
372 703 304 52 Chamberlain,
715 712 79 38 and
834 710 167 41 Colonel
1039 702 214 57 Desbrow,
1281 704 244 47 Vice-Cham-

196 757 176 50 berlain,
402 762 92 39 with
519 763 72 45 the
609 764 143 40 Ladies
784 765 41 38 in
844 764 168 52 waiting
1033 777 109 41 upon
1163 764 74 40 her
1259 765 193 51 Majesty,
1474 761 76 41 and

194 810 72 47 the
288 814 241 46 Prioresses,
559 817 194 52 together
771 817 98 38 with
889 819 118 39 other
1029 819 126 44 Court
1183 809 249 53 attendants,
1455 829 71 39 pro-

194 866 126 45 ceded
337 868 78 38 and
433 866 193 43 followed
647 870 78 40 her.
744 872 177 51 M.ajcsty
940 869 78 40 and
1039 870 70 40 the
1129 870 224 46 Princesses
1368 868 182 41 towards

193 918 77 40 the
291 919 142 41 Grand
446 918 5 57 ,
467 922 171 44 Council
660 924 204 45 Chamber
886 930 43 33 to
966 921 96 41 hold
1096 922 72 40 the
1204 922 341 52 drawing-room.

193 973 51 43 In
263 985 51 26 an
331 974 233 41 anti-root:
579 976 70 39 the
664 972 257 57 Archbishop
943 976 50 40 of
1005 976 280 53 Canterbury,.
1296 976 76 40 and
1387 974 156 40 several

194 1024 174 53 Bishops
387 1039 102 27 were
507 1028 44 40 in
574 1028 181 53 waiting,
788 1033 44 34 to
852 1028 266 54 compliment
1137 1023 74 45 her
1234 1031 176 50 Majesty
1434 1041 109 39 upon

193 1076 73 43 the
278 1077 138 54 joyful
429 1084 139 41 eyent,
596 1080 77 41 and
696 1085 70 34 the
790 1085 348 35 commencement
1168 1081 237 51 of-the,now
1422 1093 117 39 year.

195 1129 89 50 Tbe
302 1131 261 52 Archbishop
591 1131 200 44 delivered
828 1141 45 33 to
892 1135 74 40 her
985 1135 174 52 Majesty
1181 1146 26 28 a
1239 1147 98 46 very
1364 1131 176 43 suitable

193 1183 168 43 oration
381 1196 118 39 upon.
511 1187 72 38 the
600 1188 215 44 occasion..
1322 1183 4 52 •

229 1237 148 41 'Forty
411 1239 99 50 boys
547 1238 106 39 from
676 1240 167 39 Christ's
873 1239 187 53 llospital
1080 1238 197 44 attended
1294 1233 39 48 in
1352 1230 73 48 the
1444 1252 71 39 pre-

185 1302 103 27 enee
402 1292 131 41 tuber,
567 1291 93 39 with
684 1294 79 38 Mr.
788 1285 201 58 Gwyune,
1019 1292 105 43 their
1144 1296 165 43 inater,
1348 1296 41 34 at
1423 1291 107 40 their

191 1341 105 45 head
313 1358 25 27 ;-
357 1343 77 39 and
454 1357 104 26 were
574 1345 208 51 presented
803 1350 44 37 to
863 1346 66 39 her
944 1346 176 52 Majesty
1136 1345 79 46 and
1230 1344 73 40 the
1318 1344 223 41 Princesses

194 1395 58 56 by
267 1393 219 46 Alderman
502 1397 133 39 Shaw.

202 1449 4 53 •
247 1449 87 38 Her
361 1450 174 52 Majesty
557 1450 164 39 entered
752 1449 71 41 the
844 1452 138 40 Grand
1000 1449 167 44 Council
1189 1450 201 40 Chamber
1409 1450 131 40 about

183 1498 104 45 .half
300 1506 91 46 past
407 1507 85 33 two
520 1502 182 46 u'elock,
729 1502 83 40 and
841 1504 103 40 took
981 1505 71 39 her
1082 1502 151 40 station
1254 1504 183 40 between
1469 1504 70 39 the

188 1554 151 40 second
360 1556 78 39 and
454 1556 110 39 third
583 1556 188 46 window,
806 1556 97 40 with
919 1558 72 39 her
1022 1556 104 40 back
1146 1557 163 51 against
1328 1569 26 27 a
1382 1556 156 41 marble

193 1605 91 44 slab
304 1606 125 40 table.

244 1656 92 44 Her.
359 1662 172 52 Majesty
555 1659 151 53 having
728 1661 129 40 taken
886 1662 72 41 her
977 1656 165 47 station,
1172 1659 78 43 and
1280 1661 69 40 the
1380 1659 98 41 Earl
1495 1659 50 40 of

188 1713 198 45 Morton,-
426 1713 69 39 her
534 1713 306 48 Chamberlain,
887 1715 154 53 having
1072 1714 118 40 made
1224 1713 71 41 the
1328 1726 209 41 necessary

184 1765 259 51 regulations
459 1766 67 39 for
543 1766 73 40 her
635 1769 214 51 Majesty's
866 1768 202 53 receiving
1096 1766 72 41 the
1187 1767 351 52 congratulations

185 1817 80 40 and
283 1817 298 53 presentations
609 1819 50 41 of
678 1821 69 38 the
780 1833 222 41 company,
1029 1821 71 40 the
1121 1818 109 44 Lord
1251 1818 285 41 Chamberlain

184 1871 144 39 waved
364 1871 61 39 his
462 1872 119 39 wand
609 1886 45 31 as
681 1885 27 26 a
742 1873 131 52 signal
888 1879 48 35 to
959 1876 61 38 Sir
1036 1872 181 43 William
1251 1871 185 48 Parsons,
1466 1872 70 40 the
1564 1871 1 54 ,

185 1925 168 40 Master.
364 1923 51 40 of
429 1925 78 40 .the
519 1925 148 54 King's
678 1925 132 45 Band,
828 1926 103 48 ,who
951 1941 64 35 was
1015 1941 21 35 •
1045 1920 215 58 attending
1286 1925 38 39 in
1343 1924 71 41 the
1429 1924 85 43 anti-

184 1976 200 43 chamber
417 1991 51 26 on
495 1978 72 40 the
600 1978 74 43 left
702 1980 48 38 of
775 1978 77 40 the
882 1980 164 47 throne,
1090 1978 102 41 with
1224 1978 70 40 his.
1320 1980 215 52 Majesty's

185 2029 137 48 Baud,
351 2035 45 35 to
416 2030 185 53 perform
622 2031 70 46 the
711 2027 219 59 following
1501 2027 5 59 .

418 2100 113 38 ODE
563 2100 111 35 FOR
700 2100 112 35 THE
837 2101 125 34 NEW
990 2100 175 43 YIiAR,
1193 2100 110 37 INC

223 2157 5 34 .
519 2157 5 34 .
570 2157 63 28 BY
656 2157 52 30 $.
728 2158 40 27 .1.
793 2158 106 33 PY-E,
920 2158 93 33 ESQ.
1042 2160 38 28 P.
1098 2160 43 26 L.

227 2224 5 5 •

442 2241 110 39 orb'd
567 2230 37 50 is
615 2243 229 52 minoctittl
865 2245 117 41 skies,

201 2331 14 9 ..
334 2289 124 35 When
472 2293 65 33 the
557 2291 87 46 pale
664 2301 110 27 moon
794 2293 201 44 malignant
1012 2287 112 51 rides,
1313 2287 2 54 •

330 2337 86 37 And
432 2339 79 35 bids
524 2340 63 34 the
607 2340 164 44 howling
789 2342 157 43 tempers
963 2341 90 41 rise,

331 2387 85 34 And
431 2388 123 34 swells
570 2387 65 34 the
652 2383 144 38 dcean's
815 2388 107 44 briny
943 2388 110 41 tides,

184 2437 8 8 •
333 2432 185 37 Dreadful
531 2433 18 46 .
549 2433 132 46 againit
706 2434 64 34 the
789 2435 176 45 sounding
981 2435 116 34 shore'

182 2469 9 8 •

328 2481 86 34 The
433 2484 116 34 winds
565 2484 71 33 and
656 2492 124 24 waves
797 2485 229 33 tumultuous
1046 2492 100 35 roar,

178 2498 54 70 •••
332 2529 83 33 The
433 2530 320 43 torrent-braving
772 2532 131 34 mound
922 2532 35 33 in
979 2532 83 33 vain

330 2577 83 35 The
430 2584 139 39 stormy
589 2577 128 35 inroad
733 2580 122 33 would
870 2580 174 41 restrain,

330 2624 85 33 The
429 2637 122 33 surges
570 2627 92 34 with
681 2624 176 38 resistless
876 2639 104 32 sway

221 2700 6 11 •
314 2670 22 44 -
337 2670 211 44 Forreo'er
559 2676 74 33 -the
647 2674 171 35 labouecl
839 2676 97 33 'mile
952 2674 100 44 their
1067 2683 104 35 way,

332 2720 116 35 Scorn
464 2733 113 34 every
606 2724 102 33 weak
728 2732 169 24 resource
915 2722 43 33 of
980 2722 131 41 humatt

201 2786 7 8 •
327 2765 234 40 O'erwheltu
579 2771 64 50 the
660 2770 164 47 peopled
843 2778 116 34 town,
976 2770 71 34 and
1065 2776 112 35 naste
1194 2765 61 39 the
1267 2766 157 38 cultur'd
1436 2769 86 37 soil.

331 2823 77 41 rut
428 2828 164 45 when.hy
592 2828 24 45 .
615 2828 142 45 uative
772 2826 124 40 fences
909 2826 133 37 barr'd

226 2869 4 51 •
331 2872 119 40 .From
468 2875 268 44 billowy.rage
736 2875 22 44 t
772 2869 63 39 the
852 2876 162 44 happier
1030 2874 102 44 land,

328 2922 85 33 And
433 2924 118 44 rocky
570 2923 93 34 cliffs
681 2924 59 33 for
754 2933 87 25 ever
857 2923 104 33 stand

226 2968 5 45 •
327 2968 60 35 To
404 2970 60 33 the
483 2968 275 39 Wide2-wateed
780 2972 100 33 coast
896 2983 22 20 a
932 2969 132 44 guard,

295 3012 5 51 •
331 3017 98 34 Such
446 3030 38 22 as
502 3030 47 24 on
570 3019 150 37 \recta's
736 3020 178 33 southern
930 3024 104 39 steep

331 3064 110 40 tbok
458 3066 110 35 down
585 3065 164 37 defiance
768 3073 45 27 on
830 3067 204 44 theraging
1050 3065 116 45 deeps

330 3112 99 39 Such
446 3124 39 24 as
501 3125 50 22 on
570 3115 314 45 Dover's-breezy
907 3115 111 33 down
1146 3112 4 47 •

330 3161 60 38 On
411 3161 159 37 Gallia's
582 3163 133 35 hostile
732 3163 152 35 borders
896 3162 138 41 frown,

257 3216 7 15 ;
296 3214 7 5 '
325 3207 103 40 l'ho'
444 3209 150 35 billows
617 3211 125 44 urging
759 3211 151 33 billows
930 3219 85 26 roar

279 3272 6 8 •
317 3257 98 45 -And
435 3257 76 44 idly
524 3259 93 34 beat
634 3261 143 41 against
798 3260 61 33 tine
872 3257 128 39 shore,

327 3304 131 34 While
476 3306 96 33 from
591 3306 64 34 the
672 3307 145 45 heights
828 3306 159 35 sublime
1006 3304 60 35 the
1085 3305 118 34 swain

324 3351 137 37 Mocks
480 3354 63 33 the
565 3354 84 34 vain
669 3356 126 34 ellbrts
809 3354 45 34 of
868 3354 61 34 the
946 3351 163 45 foaming
1127 3353 119 41 main,

282 3426 6 5 .
324 3402 79 33 Till
424 3409 129 26 nature
572 3402 84 39 bids
669 3402 235 45 the.deluged
917 3410 105 37 surge
1041 3402 159 41 subside,

322 3446 150 37 Eush'd
491 3451 27 32 is
539 3449 57 45 the
595 3449 19 45 .
622 3450 188 47 tempest's
827 3450 123 40 voice,
977 3449 70 35 and
1067 3448 152 41 relineot
1237 3446 91 37 rolls
1348 3446 63 38 the
1428 3446 93 37 tide.

326 3509 50 35 So
394 3509 81 35 o'er
490 3511 191 45 Europa's
699 3511 168 46 ravaged
882 3510 106 46 plain

322 3557 73 37 We
415 3570 74 22 saw
506 3560 67 33 the
593 3566 142 31 torrent
756 3560 90 37 wild
865 3557 45 35 of
930 3569 84 25 war

178 3604 1 48 .
321 3604 194 39 Resistless
531 3608 138 44 spread
687 3606 46 37 its
754 3609 79 33 iron
854 3608 118 44 reign,

321 3654 86 34 And
426 3661 136 28 scatter
582 3657 81 33 ruin
681 3657 100 33 wide
798 3656 72 33 and
898 3654 85 40 far;

308 3702 319 39 -The'entbattled
648 3705 102 41 wall,
767 3705 61 33 the
844 3703 161 35 warlike
1017 3698 115 48 band,

318 3743 148 53 Vainly
484 3754 61 32 the
566 3752 177 44 Tyrant's
759 3762 135 25 course
909 3752 228 41 withstand;

298 3798 165 43 tßafore
480 3800 65 34 the
563 3801 162 44 impious
745 3810 80 24 sons
849 3800 44 34 of
915 3800 94 34 Gaul

317 3847 85 35 The
420 3848 141 44 legions
583 3849 72 44 Sy,
676 3849 61 33 the
756 3848 193 35 bulwarks
967 3848 66 35 fall
1049 3857 13 32 ;

317 3896 86 35 Yet
426 3896 182 37 lifitilifes
628 3896 158 44 floating
801 3898 133 33 castles
952 3906 128 37 sweep
1111 3896 5 46 -

314 3944 178 38 Invasion
506 3944 100 35 from
627 3945 65 34 her
707 3951 146 40 sunject
867 3945 115 44 deep,,

317 3993 84 34 Yet
420 3994 48 43 by
488 3993 67 34 her
574 3993 110 35 rocks
700 4004 128 24 secure
843 3993 94 37 from
953 3993 100 48 harm
1054 3993 26 48 :
1115 3993 4 48 .

319 4042 154 34 Securer
491 4041 51 46 by
559 4041 69 35 her
643 4043 146 43 patriot
802 4036 99 47 arm,

311 4083 144 41 .lberia
472 4097 102 27 turns
591 4090 64 33 the
672 4089 151 37 Irttl•'s
844 4089 93 43 tide,

318 4136 139 35 Reslqs
475 4139 64 33 the
557 4139 182 45 injurious
759 4137 176 46 Tyrant's
956 4134 125 50 pride,

1430 4185 2 4 •

267 4183 4 48 .
318 4186 143 44 While,
483 4185 131 47 freely
622 4186 157 46 floating
798 4187 37 33 in
853 4185 64 37 the
933 4186 168 35 ambient
1119 4183 89 46 sky,

314 4235 136 33 sAtred
472 4243 35 27 to
523 4233 204 38 freedom's
744 4245 125 34 cause,
889 4235 99 35 their
1009 4234 157 47 mingled
1179 4231 145 51 anises
1336 4231 65 51 Sy.
1495 4227 40 24 "'
1556 4256 6 6 •

2695 89 175 63 'AN':
2882 90 91 60 It

1682 231 135 41 Those
1835 234 93 39 who
1949 233 79 40 had
2049 236 89 43 first
2161 234 67 39 the
2245 234 163 39 honour
2427 233 48 41 of
2498 231 281 56 paying-their
2796 237 177 47 respects

1629 288 44 34 to
1691 283 73 40 iicr
1783 287 176 52 Majesty
1997 300 119 34 were,
2157 287 104 39 Lord
2302 286 136 46 Hood,
2472 287 178 39 General
2670 285 164 48 Bertie,'
2857 286 112 53 Lady

1628 337 152 50 Banks;
1802 341 96 40 Miss
1918 340 151 47 Banks,
2091 340 79 40 and
2190 343 78 39 Mr.
2291 341 54 40 R.
2365 338 230 43 Thornton.
2691 377 6 5 .
2820 337 4 51 •

1681 381 90 51 The
1791 393 182 41 Princess
1982 394 51 38 of
2057 393 131 40 Wales
2207 393 168 41 entered
2394 392 420 53 the.Drawinproom
2835 389 130 51 about-

1625 448 66 39 ten
1728 446 177 39 minutes
1939 446 141 41 before
2112 446 117 40 three
2256 445 180 47 o'cloCk,
2456 446 78 40 and
2568 458 81 27 was
2667 436 233 51 conducted
2920 449 45 35 to

1612 496 84 39 .her
1715 500 176 52 Majesty
1907 500 52 53 by
1985 501 96 38 Mrs.
2104 503 58 37 St.
2184 501 151 53 Leger;
2367 498 71 40 her
2463 498 136 53 ROyal
2623 497 217 56 Highness,
2859 497 106 51 after

1622 552 154 53 paying
1795 552 71 41 her
1887 557 175 48 respects
2086 557 50 34 to
2167 552 70 40 her
2268 554 194 51 Majesty,
2480 550 139 54 passed
2648 562 51 28 on
2731 550 78 40 and
2830 549 135 47 shook

1620 604 128 40 hands
1783 606 98 43 with
1919 607 72 39 the
2004 619 7 7 -
2027 598 246 51 Princesses'
2285 606 81 40 and
2395 605 66 40 the
2486 605 122 40 Duke
2627 604 51 46 of
2701 604 260 51 Cambridge.

1620 656 86 43 The
1723 659 175 43 'Prince.
1920 660 52 40 of
2006 658 22 41 -
2028 658 115 41 Wales
2180 671 113 31 came
2339 659 86 45 into
2456 658 70 40 the
2559 670 122 30 room
2714 652 132 43 aiMut
2881 656 84 43 five

1619 711 175 52 minutes
1805 712 110 41 after
1928 728 12 30 ;
1951 706 5 60 •
1970 711 64 40 his
2069 711 133 56 Koyal
2224 707 202 59 giglniess
2439 709 223 50 conversed
2672 709 107 51 ,with
2789 735 6 7 •
2803 706 161 51 several

1609 759 157 45 fiends
1783 759 50 46 as.
1848 765 56 40 he
1922 765 137 53 passed
2078 778 52 27 on
2161 771 46 34 to
2235 765 72 47 her
2343 765 189 51 Majesty,
2562 763 81 41 and
2678 761 208 43 remained
2906 772 52 30 on

1615 813 72 44 her
1708 819 208 52 Majesty'S
1933 819 76 40 left
2022 819 105 40 hand
2148 831 24 26 a
2186 817 275 46 considerable
2481 813 113 45 time.

1667 870 87 39 The
1788 873 128 38 Court
1954 885 80 26 was
2066 873 74 39 but
2173 870 126 53 thinly
2331 870 206 43 attended.
2595 869 89 41 The
2717 869 168 56 paucity
2914 867 50 41 of

1607 922 196 40 numbers
1839 938 94 31 was,
1964 925 207 45 however,
2200 925 285 53 compensated
2512 924 54 52 by
2585 922 73 52 the
2678 920 117 41 novel
2823 919 111 54 splen-

1609 974 107 41 dour
1734 976 78 43 and
1832 977 194 53 elegance
2044 977 52 41 of
2122 978 69 39 the
2210 978 150 40 dresses
2380 976 203 54 displayed
2615 976 110 53 upon
2741 969 73 46 the
2835 974 129 48 OCCA-.

1607 1028 103 40 sion.
1770 1030 159 40 Velvets
1968 1031 77 40 and
2063 1031 83 40 rich
2170 1031 155 53 figured
2344 1030 123 39 satins
2486 1042 104 27 were
2610 1028 148 45 almost
2787 1041 145 39 univer-

1604 1080 102 56 sally
1727 1095 128 32 worn,
1891 1084 79 39 and
2007 1084 113 40 these
2151 1085 104 39 were
2283 1096 97 39 very
2402 1081 204 53 tastefully
2630 1080 78 46 and
2730 1080 110 53 splen
2844 1080 110 52 didly

1606 1134 216 43 decorated
1844 1137 39 38 in
1904 1152 24 26 a
1949 1149 169 30 manner
2138 1142 103 35 most
2270 1136 113 54 aptly
2404 1135 128 41 suited
2552 1141 45 35 to
2619 1135 72 40 the
2721 1137 130 39 Court
2875 1133 77 43 hill

1604 1187 124 43 dress.

2026 1326 211 34 LADIES'
2267 1325 248 35 DRESSES.

2099 1409 94 28 HER.
2223 1407 217 27 MAJESTY.

1650 1444 141 38 Scarlet
1809 1447 122 34 velvet
1954 1447 184 44 petticoat
2158 1447 89 34 with
2268 1447 115 34 black
2396 1447 79 33 lace
2494 1444 146 35 thrown
2660 1453 91 26 over
2769 1442 37 35 in
2831 1446 94 32 taste-

1600 1492 51 35 ful
1667 1494 207 45 draperies,
1900 1496 78 33 tied
1997 1505 50 34 up
2063 1494 91 39 with
2174 1495 170 37 diamond
2360 1495 104 33 bows
2476 1505 45 25 on
2536 1494 63 34 the
2619 1493 103 45 right
2737 1491 105 39 side;
2861 1491 66 33 dra-

1602 1543 137 43 peries,
1765 1553 97 24 rows
1873 1543 44 34 of
1925 1543 89 45 gold
2031 1543 265 39 cockle-shells
2308 1541 72 35 and
2398 1543 142 41 chains,
2552 1541 133 45 strings
2704 1540 44 34 of
2757 1540 103 46 pearl
2877 1539 72 33 and

1604 1590 104 44 pearl
1728 1592 148 38 tassels;
1904 1592 64 32 the
1987 1590 139 45 pocket
2145 1590 102 35 holes
2262 1590 240 37 ornamented
2520 1589 94 37 with
2637 1589 79 34 rich
2733 1589 87 44 gold
2838 1585 110 35 cords

1600 1637 71 41 and
1690 1639 148 38 tassels;
1867 1638 63 34 the
1959 1638 144 35 bottom
2122 1636 46 37 of
2181 1638 60 34 the
2261 1639 185 45 petticoat
2461 1638 86 45 gold
2575 1637 152 38 chains;
2756 1635 99 45 body
2872 1630 73 37 and

1602 1685 96 34 train
1728 1685 45 34 of
1791 1685 133 34 scarlet
1946 1685 72 34 and
2035 1687 87 44 gold
2143 1687 122 33 velvet
2276 1685 180 37 'trimmed
2473 1685 93 35 with
2585 1684 115 37 black
2718 1684 94 34 lace.
2870 1681 79 35 Iler

1604 1731 193 48 Majesty's
1808 1733 99 35 dress
1928 1744 77 24 was
2020 1734 98 44 truly
2135 1734 247 45 magnificent.

2024 1804 209 26 PRINCESS
2259 1805 59 25 OF
2348 1804 164 26 WALES•

1643 1840 37 38 A
1701 1843 135 43 superb
1852 1843 87 45 gold
1957 1843 70 33 and
2048 1843 113 34 white
2180 1843 155 46 leopard
2352 1843 112 34 tissue
2480 1843 93 33 satin
2601 1841 98 34 ft/3.N
2730 1839 67 37 and
2830 1839 97 45 petti-

1597 1894 102 39 coat,
1726 1889 120 45 richly
1881 1890 262 35 embroidered
2169 1891 71 35 and
2267 1891 118 35 inlaid
2413 1891 52 35 all
2494 1889 117 39 round
2640 1889 91 39 wigs
2759 1886 185 35 beautiful

1594 1943 137 35 stones,
1760 1943 37 28 to
1817 1937 94 35 form
1931 1938 85 34 vine
2031 1938 201 34 leavesand
2246 1950 150 35 grapes,
2422 1939 229 37 interwoven
2672 1937 90 40 with
2781 1936 164 34 bunches

1597 1985 44 33 of
1670 1985 117 35 coral.
1838 1987 83 32 The
1946 1985 164 46 drapery
2137 1987 71 34 and
2238 1985 262 46 pocket-holes
2526 1985 45 34 of

2580 1985 20 46 .
2600 1985 254 46 royal.purple
2872 1982 72 37 and

1594 2034 85 44 gold
1700 2033 111 34 tissue
1827 2035 113 40 satin,
1970 2034 92 34 with
2081 2044 22 24 a
2121 2040 93 30 most
2230 2035 139 45 superb
2393 2034 133 35 border
2550 2034 54 34 all
2624 2034 115 34 round
2759 2039 38 27 to
2815 2041 104 26 corm-

1594 2081 115 45 spond
1731 2081 91 34 with
1843 2082 63 33 the
1922 2081 185 45 petticoat
2135 2082 71 34 and
2233 2083 110 39 train.
2396 2082 80 34 The
2512 2082 99 43 body.
2640 2081 69 34 and
2737 2081 142 34 sleeves
2902 2078 45 34 of

1593 2130 86 43 gold
1708 2130 155 46 leopard
1897 2130 113 34 tissue
2035 2130 111 43 satin,
2171 2130 259 39 embroidered
2448 2130 69 34 and
2533 2128 117 34 inlaid
2673 2130 89 32 with
2780 2128 79 33 rich
2880 2137 44 24 co-

1593 2177 129 34 loured
1742 2183 133 37 stones,
1907 2181 39 30 to
1964 2178 229 44 correspond
2207 2177 91 37 with
2319 2177 66 35 the
2405 2178 97 35 train
2516 2176 72 34 and
2607 2176 198 46 petticoat.
2861 2174 83 33 tier

1596 2224 124 44 Royal
1742 2224 183 44 Highness
1954 2235 100 25 wore
2072 2236 91 24 over
2179 2226 72 33 this
2267 2226 100 33 dress
2382 2237 25 24 a
2424 2225 169 34 brilliant
2613 2224 159 35 Grecian
2794 2222 144 34 wreath

1591 2272 260 43 ofdiamonds,
1881 2272 181 45 superbly
2079 2280 53 27 set
2148 2274 92 34 with
2258 2274 162 34 bunches
2434 2272 44 34 of
2493 2283 93 24 roses
2606 2272 72 33 and
2695 2277 106 32 stars.
2854 2270 85 34 The

1589 2320 203 45 splendour
1820 2321 71 33 and
1909 2320 262 45 tnagnificence
2197 2320 46 35 of
2263 2320 73 35 this
2363 2321 98 34 dress
2480 2330 77 24 was
2574 2321 110 33 much
2701 2319 239 34 admired.—

1592 2368 80 33 Her
1694 2367 126 46 Royal
1835 2367 213 45 Highness's
2073 2368 213 35 head-dress
2310 2369 188 46 elegantly
2526 2373 56 31 set
2602 2367 111 37 -with
2731 2365 22 37 -
2753 2365 187 37 diamonds

1589 2417 71 33 and
1677 2415 139 35 ostrich
1832 2415 178 37 feathers.

2035 2473 211 26 PRINCESS
2274 2473 221 27 AUGUSTA.

1636 2524 158 46 Spanish
1809 2526 131 35 b.rovin
1958 2525 125 34 velvet
2109 2526 181 43 petticoat
2308 2525 124 44 richly
2447 2523 260 37 embroidered
2722 2520 92 37 with
2833 2520 105 47 gold,

1586 2583 24 24 a
1630 2574 141 33 wreath
1789 2574 44 34 of
1852 2572 28 45 e'
1880 2572 59 45 °old
1957 2574 117 33 laurel
2096 2572 113 34 round
2242 2574 64 34 the
2322 2574 169 38 bottom;
2516 2572 125 34 sashes
2660 2572 44 34 of
2715 2572 131 33 brown
2864 2570 73 34 and

1585 2621 84 44 gold
1689 2621 123 34 velvet
1828 2622 144 34 thrown
1993 2631 122 25 across
2131 2621 64 34 the
2225 2621 200 45 petticoat,
2451 2620 181 35 bordered
2660 2619 93 38 with
2774 2617 163 37 wreaths

1587 2668 44 34 of
1645 2669 119 33 laurel
1776 2669 71 38 And
1867 2670 138 33 berries
2023 2680 45 22 on
2086 2669 63 34 the
2161 2669 66 34 left
2246 2670 103 38 side;
2380 2669 63 34 the
2460 2669 162 43 drapery
2639 2667 181 35 bordered
2839 2665 96 35 with

1586 2727 22 24 a
1628 2717 79 33 rich
1727 2717 162 34 Grecian
1907 2717 158 44 filligree
2083 2717 46 34 of
2135 2717 92 34 dead
2246 2717 71 34 and
2334 2717 129 45 bright
2478 2717 86 45 gold
2578 2715 78 33 tied
2675 2725 51 34 up
2747 2714 90 34 with
2855 2714 80 34 rich

1585 2764 85 43 gold
1685 2764 105 35 cords
1809 2764 71 35 and
1899 2764 149 40 tassels;
2078 2764 98 44 body
2191 2765 69 33 and
2281 2764 97 35 train
2395 2764 45 34 of
2452 2765 130 34 brown
2598 2761 72 38 and
2687 2761 86 46 gold
2792 2761 141 35 velvet.

1589 2812 79 34 The
1680 2812 104 37 effect
1799 2811 44 35 of
1858 2811 71 35 this
1944 2811 100 35 dress
2065 2823 74 24 was
2158 2818 92 28 inebt
2267 2811 203 37 beautiful.

2006 2895 210 28 PRINCESS
2236 2895 285 31 ELIZABETH.

1641 2931 28 34 A
1695 2933 137 35 scarlet
1858 2933 124 35 velvet
2004 2937 197 43 petticoat,
2233 2934 63 34 the
2317 2935 144 33 bottom
2481 2933 122 45 richly
2619 2930 260 38 embroidered
2897 2931 37 38 in

1589 2979 92 37 shell
1697 2980 45 35 of
1754 2982 138 33 matted
1907 2982 89 45 gold
2014 2983 70 32 and
2100 2983 170 33 brilliant
2287 2980 180 47 Algerine
2480 2981 184 46 spangles.
2722 2979 105 46 night
2828 2979 21 46 .
2849 2979 85 46 side

1587 3030 163 45 drapery
1770 3028 45 34 of
1827 3030 85 44 gold
1930 3030 141 34 beeded
2091 3037 77 35 net,
2192 3030 91 35 with
2302 3043 24 22 a
2355 3031 81 34 rich
2454 3031 107 33 tassel
2581 3030 149 45 fringe;
2756 3021 72 41 left
2850 3028 84 37 side

1587 3076 43 33 of
1646 3078 105 43 point
1768 3076 45 34 of
1825 3079 135 33 scarlet
1978 3078 123 34 velvet
2118 3078 71 34 and
2205 3078 85 44 gold
2306 3078 128 41 tissue,
2450 3078 89 34 with
2550 3089 25 22 a
2593 3076 83 37 rich
2692 3067 242 54 embroidery

1587 3123 45 34 of
1644 3125 111 33 shells
1772 3125 37 33 in
1826 3125 102 44 gold.
1981 3126 83 33 The
2080 3126 163 45 drapery
2259 3125 203 47 suspended
2481 3126 47 44 by
2546 3119 170 40 diamonds
2717 3119 21 40 .
2738 3119 21 40 :
2810 3124 122 35 Train

1587 3171 44 33 of
1641 3172 86 44 gold
1744 3172 71 33 and
1835 3174 137 33 scarlet
1989 3174 126 41 tissue,
2134 3174 169 34 trimmed
2326 3172 196 46 witbgold
2538 3178 40 28 to
2596 3171 224 47 correspond
2838 3171 94 38 with

1589 3219 60 33 the
1667 3220 196 44 petticoat.
1917 3220 220 38 Headdress
2156 3221 45 35 of
2213 3216 276 44 diarnondsand
2502 3220 180 38 feathers.
2720 3219 93 38 This
2828 3220 104 37 dress

1590 3278 76 25 was
1682 3268 106 34 much
1805 3267 171 37 admired
1991 3268 61 38 tor
2067 3273 93 31 taste
2177 3269 70 34 and
2264 3270 189 44 elegance.

2074 3353 210 30 rRINCESS
2306 3354 146 27 MARY.

1635 3402 32 32 A
1689 3400 233 44 magnificent
1950 3400 99 35 dress
2082 3402 47 35 of
2159 3402 157 46 Spanish
2352 3402 131 35 brown
2512 3402 138 43 velvet,
2667 3400 263 37 embroidered

1589 3448 91 33 with
1706 3449 86 44 gold
1822 3449 34 33 in
1886 3454 191 41 octagons,
2105 3449 162 44 forming
2298 3450 66 34 the
2388 3451 269 45 ground-work
2678 3450 45 35 of
2733 3451 61 34 the
2813 3450 118 43 dress,

1584 3496 71 35 and
1674 3496 149 44 spotted
1848 3498 51 33 all
1919 3507 90 25 over
2030 3498 89 33 with
2138 3498 86 44 gold
2241 3497 71 35 foil
2328 3497 276 35 cockle,shells.
2659 3497 35 35 A
2841 3498 69 34 dra-

1587 3554 109 35 pery,
1717 3544 34 33 in
1768 3556 24 21 a
1808 3544 272 35 semi-circular
2107 3546 197 41 direction,
2336 3546 197 46 composed
2554 3547 65 34 the
2649 3547 103 44 right
2780 3546 81 34 aide
2887 3544 51 37 of

1583 3593 64 33 the
1665 3592 112 43 dress,
1807 3592 44 34 of
1872 3593 87 43 gold
1980 3594 122 34 velvet
2118 3595 128 40 tissue,
2272 3595 94 33 with
2396 3605 26 25 a
2453 3594 80 35 rich
2559 3594 139 35 border
2730 3593 45 35 of
2792 3594 139 35 cockle

1583 3640 111 33 shells
1713 3639 35 35 in
1765 3639 93 37 dead
1876 3641 71 34 and
1978 3641 125 45 bright
2135 3643 89 41 foil,
2261 3641 162 47 forming
2456 3643 120 45 points
2598 3643 72 34 and
2704 3643 228 46 supporting

1579 3689 109 45 Jorge
1704 3689 182 37 branches
1897 3689 45 34 of
1956 3689 70 34 foil
2046 3690 139 43 leaves,
2213 3691 66 35 Rte.
2334 3692 67 33 Six
2431 3691 149 34 smaller
2595 3690 194 45 draperies
2810 3696 100 30 taste-

1584 3731 96 48 fully
1698 3736 133 45 placed
1850 3746 70 24 one
1935 3738 126 34 above
2083 3739 176 40 another,
2290 3738 261 34 embroidered
2582 3738 37 34 in
2648 3739 180 45 scollops,
2851 3738 78 34 and

1581 3783 136 46 stripes
1728 3784 45 34 of
1785 3784 169 46 spangles
1972 3784 159 47 forming
2147 3787 126 40 shells,
2293 3785 164 35 relieved
2474 3787 63 39 the
2552 3797 70 34 eye
2636 3783 98 38 from
2750 3787 64 34 the
2830 3796 79 25 tuns-

1581 3842 40 34 sy
1642 3831 154 34 borders
1811 3831 46 34 of
1869 3833 65 34 the
1950 3835 288 45 correspondent
2261 3835 209 45 draperies,
2500 3834 70 37 and
2600 3831 76 38 had
2705 3844 46 24 an
2777 3834 151 44 elegant

1579 3880 122 35 effect.
1755 3880 81 35 The
1854 3880 67 35 left
1939 3882 94 40 side,
2061 3883 107 34 small
2202 3883 262 45 scollop-shell
2496 3883 210 45 draperies,
2739 3881 76 37 tied
2833 3883 48 45 by
2903 3893 26 24 a

1574 3930 94 45 '.l4oug
1685 3928 81 38 sash
1785 3930 71 33 and
1872 3930 94 40 end;
1995 3931 63 33 the
2086 3930 146 35 bottom
2259 3941 24 24 a
2313 3930 118 37 broad
2461 3931 137 35 border
2626 3930 46 35 of
2696 3928 71 37 foil
2787 3931 35 34 in
2841 3931 65 35 din-

1577 3976 144 44 mpads,
1734 3977 261 38 embroidered
2014 3978 94 37 with
2122 3979 161 41 bullion,
2298 3978 74 35 and
2392 3978 220 37 terminated
2634 3980 52 45 by
2704 3987 25 26 a
2743 3979 183 46 spangled

1581 4023 130 46 fringe,
1762 4023 125 44 Robe,
1902 4025 130 39 brown
2054 4028 73 34 and
2143 4025 89 50 gold
2249 4028 125 34 velvet
2387 4028 128 45 tissue,
2529 4026 177 38 trimmed
2728 4026 94 38 with
2833 4025 102 50 gold

1581 4074 109 45 point
1704 4072 83 40 ►ace
1799 4074 74 34 and
1889 4072 208 39 diamonds.

2056 4147 197 30 PRINCESS
2277 4147 171 31 SOPNIA.

1629 4188 143 34 Scarlet
1786 4187 104 37 cloth
1907 4189 202 47 petticoat,
2127 4191 124 46 richly
2267 4191 437 51 enshroidereallsaddt
2715 4194 213 41 ontatuatt.

1573 4235 53 50 Id
1643 4235 93 37 with
1755 4238 106 35 cords
1877 4239 73 37 and
1961 4239 154 43 tassels;
2140 4239 105 37 train
2254 4239 73 39 and
2341 4240 105 48 body
2459 4239 44 39 of
2517 4240 60 40 the
2591 4243 120 38 same.

3222 1403 4 20 I

3254 3798 11 24 #

0 50 11 26 '4
