<?xml version="1.0" encoding="UTF-8"?>
<alto xmlns:xsi="http://www.w3.org/2001/XMLSchema-instance" xsi:noNamespaceSchemaLocation="http://schema.ccs-gmbh.com/docworks/alto-1-4.xsd" xmlns:xlink="http://www.w3.org/1999/xlink">
	<Description>
		<MeasurementUnit>pixel</MeasurementUnit>
		<sourceImageInformation>
			<fileName>//NP1-STOR2/data01/blend6/2019-08-02_09_02/2019-08-02_09_02_00949.tif</fileName>
		</sourceImageInformation>
		<OCRProcessing ID="OCRPROCESSING_1">
			<preProcessingStep>
				<processingSoftware>
					<softwareCreator>CCS Content Conversion Specialists GmbH, Hamburg, Germany</softwareCreator>
					<softwareName>CCS docWorks</softwareName>
					<softwareVersion>7.0-1.47</softwareVersion>
				</processingSoftware>
			</preProcessingStep>
			<ocrProcessingStep>
				<processingStepSettings>Character Count: 8635 
Predicted Word Accuracy: 86.0% 
Suspicious Character Count: 240 
Word Count: 1484 
Suspicious Word Count: 335 
width: 3354 
height: 4406 
xdpi: 300 
ydpi: 300 
source-image: //NP1-STOR2/data01/blend6/2019-08-02_09_02/2019-08-02_09_02_00949.tif</processingStepSettings>
				<processingSoftware>
					<softwareCreator>Nuance Communications, Inc.</softwareCreator>
					<softwareName>OmniPage</softwareName>
					<softwareVersion>20</softwareVersion>
				</processingSoftware>
			</ocrProcessingStep>
		</OCRProcessing>
	</Description>
	<Styles>
		<TextStyle ID="TXT_0" FONTSIZE="0" FONTFAMILY="" FONTSTYLE="bold"/>
		<TextStyle ID="TXT_1" FONTSIZE="0" FONTFAMILY="" FONTSTYLE="bold"/>
		<TextStyle ID="TXT_2" FONTSIZE="0" FONTFAMILY=""/>
		<TextStyle ID="TXT_3" FONTSIZE="0" FONTFAMILY="" FONTSTYLE="bold italics"/>
		<TextStyle ID="TXT_4" FONTSIZE="0" FONTFAMILY=""/>
		<TextStyle ID="TXT_5" FONTSIZE="0" FONTFAMILY="" FONTSTYLE="bold italics"/>
		<TextStyle ID="TXT_6" FONTSIZE="12" FONTFAMILY="Times New Roman"/>
		<ParagraphStyle ID="PAR_LEFT" ALIGN="Left"/>
		<ParagraphStyle ID="PAR_BLOCK" ALIGN="Block"/>
		<ParagraphStyle ID="PAR_RIGHT" ALIGN="Right"/>
	</Styles>
	<Layout>
		<Page ID="P11" PHYSICAL_IMG_NR="11" HEIGHT="4406" WIDTH="3354" PC="0.860">
			<TopMargin ID="P11_TM00001" HPOS="0" VPOS="0" WIDTH="3354" HEIGHT="115"/>
			<LeftMargin ID="P11_LM00001" HPOS="0" VPOS="115" WIDTH="208" HEIGHT="4194"/>
			<RightMargin ID="P11_RM00001" HPOS="3305" VPOS="115" WIDTH="50" HEIGHT="4194"/>
			<BottomMargin ID="P11_BM00001" HPOS="0" VPOS="4309" WIDTH="3354" HEIGHT="97"/>
			<PrintSpace ID="P11_PS00001" HPOS="208" VPOS="115" WIDTH="3097" HEIGHT="4194">
				<TextBlock ID="pa0011001" HPOS="1136" VPOS="126" WIDTH="974" HEIGHT="63" STYLEREFS="TXT_0 PAR_LEFT">
					<TextLine ID="P11_TL00001" HPOS="1137" VPOS="129" WIDTH="963" HEIGHT="59">
						<String ID="word000001" HPOS="1137" VPOS="129" WIDTH="146" HEIGHT="53" CONTENT="THE" WC="1.00" CC="000"/>
						<SP ID="P11_SP00001" HPOS="1284" VPOS="182" WIDTH="35"/>
						<String ID="word000002" HPOS="1319" VPOS="130" WIDTH="372" HEIGHT="56" CONTENT="NATIONAL" WC="0.97" CC="00010100"/>
						<SP ID="P11_SP00002" HPOS="1691" VPOS="185" WIDTH="37"/>
						<String ID="word000003" HPOS="1728" VPOS="131" WIDTH="372" HEIGHT="57" CONTENT="REGISTER." WC="0.96" CC="000020001"/>
						<SP ID="P11_SP00003" HPOS="2100" VPOS="188" WIDTH="0"/>
					</TextLine>
				</TextBlock>
				<TextBlock ID="pa0011002" HPOS="257" VPOS="115" WIDTH="300" HEIGHT="63" STYLEREFS="TXT_0 PAR_LEFT">
					<TextLine ID="P11_TL00002" HPOS="259" VPOS="120" WIDTH="296" HEIGHT="55">
						<String ID="word000004" HPOS="259" VPOS="120" WIDTH="165" HEIGHT="53" CONTENT="JAN." WC="0.69" CC="1352"/>
						<SP ID="P11_SP00004" HPOS="424" VPOS="174" WIDTH="43"/>
						<String ID="word000005" HPOS="467" VPOS="124" WIDTH="30" HEIGHT="51" CONTENT="t" WC="0.30" CC="7"/>
						<SP ID="P11_SP00005" HPOS="496" VPOS="175" WIDTH="0"/>
						<String ID="word000006" HPOS="496" VPOS="124" WIDTH="59" HEIGHT="51" CONTENT="2•" WC="0.30" CC="50"/>
						<SP ID="P11_SP00006" HPOS="555" VPOS="175" WIDTH="0"/>
					</TextLine>
				</TextBlock>
				<TextBlock ID="pa0011003" HPOS="208" VPOS="248" WIDTH="1406" HEIGHT="2667" STYLEREFS="TXT_1 PAR_LEFT">
					<TextLine ID="P11_TL00003" HPOS="311" VPOS="250" WIDTH="1277" HEIGHT="74">
						<String ID="word000007" HPOS="311" VPOS="253" WIDTH="91" HEIGHT="46" CONTENT="Trip" WC="0.53" CC="1745"/>
						<SP ID="P11_SP00007" HPOS="402" VPOS="299" WIDTH="14"/>
						<String ID="word000008" HPOS="416" VPOS="250" WIDTH="210" HEIGHT="63" CONTENT="foilowing" WC="0.62" CC="333733333"/>
						<SP ID="P11_SP00008" HPOS="626" VPOS="313" WIDTH="32"/>
						<String ID="word000009" HPOS="658" VPOS="261" WIDTH="346" HEIGHT="48" CONTENT="correspondence" WC="0.91" CC="00010310111210"/>
						<SP ID="P11_SP00009" HPOS="1004" VPOS="313" WIDTH="20"/>
						<String ID="word000010" HPOS="1024" VPOS="263" WIDTH="168" HEIGHT="40" CONTENT="reached" WC="0.98" CC="0001000"/>
						<SP ID="P11_SP00010" HPOS="1192" VPOS="313" WIDTH="32"/>
						<String ID="word000011" HPOS="1224" VPOS="281" WIDTH="48" HEIGHT="27" CONTENT="us" WC="1.00" CC="00"/>
						<SP ID="P11_SP00011" HPOS="1272" VPOS="313" WIDTH="32"/>
						<String ID="word000012" HPOS="1304" VPOS="272" WIDTH="203" HEIGHT="52" CONTENT="yesterday" WC="0.94" CC="112000001"/>
						<SP ID="P11_SP00012" HPOS="1507" VPOS="324" WIDTH="21"/>
						<String ID="word000013" HPOS="1528" VPOS="268" WIDTH="40" HEIGHT="40" CONTENT="af" SUBS_TYPE="HypPart1" SUBS_CONTENT="afternoon" WC="1.00" CC="00"/>
						<HYP HPOS="1569" VPOS="268" WIDTH="19" CONTENT="-"/>
					</TextLine>
					<TextLine ID="P11_TL00004" HPOS="257" VPOS="309" WIDTH="262" HEIGHT="37">
						<String ID="word000014" HPOS="257" VPOS="309" WIDTH="176" HEIGHT="37" CONTENT="ternoon" SUBS_TYPE="HypPart2" SUBS_CONTENT="afternoon" WC="0.97" CC="0100100"/>
						<SP ID="P11_SP00013" HPOS="433" VPOS="346" WIDTH="15"/>
						<String ID="word000015" HPOS="449" VPOS="320" WIDTH="70" HEIGHT="25" CONTENT="t—," WC="0.30" CC="577"/>
						<SP ID="P11_SP00014" HPOS="519" VPOS="346" WIDTH="0"/>
					</TextLine>
					<TextLine ID="P11_TL00005" HPOS="308" VPOS="361" WIDTH="1283" HEIGHT="62">
						<String ID="word000016" HPOS="308" VPOS="361" WIDTH="184" HEIGHT="34" CONTENT="CoRVNN" WC="0.48" CC="156844"/>
						<SP ID="P11_SP00015" HPOS="493" VPOS="396" WIDTH="13"/>
						<String ID="word000017" HPOS="506" VPOS="372" WIDTH="43" HEIGHT="30" CONTENT="A," WC="0.83" CC="12" STYLEREFS="TXT_0"/>
						<SP ID="P11_SP00016" HPOS="548" VPOS="402" WIDTH="26"/>
						<String ID="word000018" HPOS="574" VPOS="364" WIDTH="106" HEIGHT="38" CONTENT="JAN," WC="0.92" CC="1101" STYLEREFS="TXT_0"/>
						<SP ID="P11_SP00017" HPOS="680" VPOS="402" WIDTH="18"/>
						<String ID="word000019" HPOS="698" VPOS="365" WIDTH="169" HEIGHT="38" CONTENT="6..—The" WC="0.65" CC="2473501"/>
						<SP ID="P11_SP00018" HPOS="867" VPOS="403" WIDTH="18"/>
						<String ID="word000020" HPOS="885" VPOS="374" WIDTH="133" HEIGHT="31" CONTENT="retreat" WC="0.86" CC="1100313"/>
						<SP ID="P11_SP00019" HPOS="1018" VPOS="405" WIDTH="18"/>
						<String ID="word000021" HPOS="1036" VPOS="372" WIDTH="44" HEIGHT="33" CONTENT="of" WC="0.94" CC="10"/>
						<SP ID="P11_SP00020" HPOS="1080" VPOS="405" WIDTH="14"/>
						<String ID="word000022" HPOS="1094" VPOS="373" WIDTH="58" HEIGHT="33" CONTENT="the" WC="1.00" CC="000"/>
						<SP ID="P11_SP00021" HPOS="1152" VPOS="406" WIDTH="19"/>
						<String ID="word000023" HPOS="1170" VPOS="373" WIDTH="149" HEIGHT="43" CONTENT="English" WC="0.84" CC="1121131"/>
						<SP ID="P11_SP00022" HPOS="1319" VPOS="416" WIDTH="18"/>
						<String ID="word000024" HPOS="1337" VPOS="386" WIDTH="104" HEIGHT="37" CONTENT="army" WC="0.81" CC="1114"/>
						<SP ID="P11_SP00023" HPOS="1441" VPOS="423" WIDTH="13"/>
						<String ID="word000025" HPOS="1454" VPOS="379" WIDTH="31" HEIGHT="33" CONTENT="is" WC="0.83" CC="03"/>
						<SP ID="P11_SP00024" HPOS="1485" VPOS="423" WIDTH="15"/>
						<String ID="word000026" HPOS="1500" VPOS="386" WIDTH="69" HEIGHT="26" CONTENT="con" SUBS_TYPE="HypPart1" SUBS_CONTENT="confirmed." WC="0.78" CC="023"/>
						<HYP HPOS="1569" VPOS="386" WIDTH="22" CONTENT="-"/>
					</TextLine>
					<TextLine ID="P11_TL00006" HPOS="260" VPOS="406" WIDTH="1263" HEIGHT="58">
						<String ID="word000027" HPOS="260" VPOS="406" WIDTH="145" HEIGHT="41" CONTENT="firmed." SUBS_TYPE="HypPart2" SUBS_CONTENT="confirmed." WC="0.81" CC="3341100"/>
						<SP ID="P11_SP00025" HPOS="405" VPOS="448" WIDTH="52"/>
						<String ID="word000028" HPOS="457" VPOS="410" WIDTH="51" HEIGHT="34" CONTENT="At" WC="1.00" CC="00"/>
						<SP ID="P11_SP00026" HPOS="508" VPOS="448" WIDTH="19"/>
						<String ID="word000029" HPOS="527" VPOS="411" WIDTH="207" HEIGHT="37" CONTENT="le•nictnek" WC="0.40" CC="4885834383"/>
						<SP ID="P11_SP00027" HPOS="733" VPOS="448" WIDTH="31"/>
						<String ID="word000030" HPOS="764" VPOS="417" WIDTH="208" HEIGHT="46" CONTENT="yesterday," WC="0.98" CC="0010000001"/>
						<SP ID="P11_SP00028" HPOS="972" VPOS="463" WIDTH="27"/>
						<String ID="word000031" HPOS="999" VPOS="419" WIDTH="64" HEIGHT="34" CONTENT="the" WC="1.00" CC="000"/>
						<SP ID="P11_SP00029" HPOS="1063" VPOS="463" WIDTH="27"/>
						<String ID="word000032" HPOS="1090" VPOS="431" WIDTH="102" HEIGHT="33" CONTENT="army" WC="1.00" CC="0000"/>
						<SP ID="P11_SP00030" HPOS="1192" VPOS="464" WIDTH="31"/>
						<String ID="word000033" HPOS="1222" VPOS="423" WIDTH="74" HEIGHT="34" CONTENT="had" WC="0.93" CC="011"/>
						<SP ID="P11_SP00031" HPOS="1297" VPOS="464" WIDTH="27"/>
						<String ID="word000034" HPOS="1324" VPOS="425" WIDTH="198" HEIGHT="38" CONTENT="assembled" WC="0.72" CC="144541400"/>
						<SP ID="P11_SP00032" HPOS="1522" VPOS="464" WIDTH="0"/>
					</TextLine>
					<TextLine ID="P11_TL00007" HPOS="262" VPOS="457" WIDTH="1322" HEIGHT="57">
						<String ID="word000035" HPOS="262" VPOS="457" WIDTH="122" HEIGHT="41" CONTENT="Lugo," WC="0.51" CC="55552"/>
						<SP ID="P11_SP00033" HPOS="384" VPOS="498" WIDTH="34"/>
						<String ID="word000036" HPOS="418" VPOS="458" WIDTH="91" HEIGHT="40" CONTENT="with" WC="0.78" CC="1115"/>
						<SP ID="P11_SP00034" HPOS="509" VPOS="498" WIDTH="19"/>
						<String ID="word000037" HPOS="528" VPOS="458" WIDTH="64" HEIGHT="35" CONTENT="the" WC="1.00" CC="000"/>
						<SP ID="P11_SP00035" HPOS="592" VPOS="498" WIDTH="13"/>
						<String ID="word000038" HPOS="605" VPOS="461" WIDTH="197" HEIGHT="44" CONTENT="exception" WC="0.95" CC="010101010"/>
						<SP ID="P11_SP00036" HPOS="802" VPOS="504" WIDTH="20"/>
						<String ID="word000039" HPOS="822" VPOS="462" WIDTH="43" HEIGHT="35" CONTENT="of" WC="1.00" CC="00"/>
						<SP ID="P11_SP00037" HPOS="865" VPOS="504" WIDTH="13"/>
						<String ID="word000040" HPOS="878" VPOS="464" WIDTH="154" HEIGHT="39" CONTENT="General" WC="0.84" CC="3030013"/>
						<SP ID="P11_SP00038" HPOS="1031" VPOS="504" WIDTH="33"/>
						<String ID="word000041" HPOS="1064" VPOS="468" WIDTH="169" HEIGHT="37" CONTENT="Frazer's" WC="0.82" CC="33101032"/>
						<SP ID="P11_SP00039" HPOS="1233" VPOS="504" WIDTH="18"/>
						<String ID="word000042" HPOS="1251" VPOS="471" WIDTH="172" HEIGHT="43" CONTENT="division," WC="0.97" CC="001001000"/>
						<SP ID="P11_SP00040" HPOS="1423" VPOS="514" WIDTH="33"/>
						<String ID="word000043" HPOS="1456" VPOS="472" WIDTH="128" HEIGHT="35" CONTENT="which" WC="0.89" CC="10130"/>
						<SP ID="P11_SP00041" HPOS="1584" VPOS="514" WIDTH="0"/>
					</TextLine>
					<TextLine ID="P11_TL00008" HPOS="266" VPOS="503" WIDTH="1324" HEIGHT="57">
						<String ID="word000044" HPOS="266" VPOS="503" WIDTH="73" HEIGHT="38" CONTENT="had" WC="0.63" CC="343"/>
						<SP ID="P11_SP00042" HPOS="339" VPOS="541" WIDTH="18"/>
						<String ID="word000045" HPOS="357" VPOS="504" WIDTH="103" HEIGHT="43" CONTENT="made" WC="0.97" CC="0010"/>
						<SP ID="P11_SP00043" HPOS="459" VPOS="547" WIDTH="17"/>
						<String ID="word000046" HPOS="476" VPOS="516" WIDTH="25" HEIGHT="22" CONTENT="a" WC="1.00" CC="0"/>
						<SP ID="P11_SP00044" HPOS="501" VPOS="547" WIDTH="15"/>
						<String ID="word000047" HPOS="516" VPOS="504" WIDTH="261" HEIGHT="44" CONTENT="considerable" WC="0.62" CC="335333335334"/>
						<SP ID="P11_SP00045" HPOS="777" VPOS="548" WIDTH="0"/>
						<String ID="word000048" HPOS="777" VPOS="510" WIDTH="158" HEIGHT="34" CONTENT="advance" WC="0.79" CC="2122231"/>
						<SP ID="P11_SP00046" HPOS="935" VPOS="548" WIDTH="17"/>
						<String ID="word000049" HPOS="952" VPOS="515" WIDTH="165" HEIGHT="35" CONTENT="towards" WC="1.00" CC="0000000"/>
						<SP ID="P11_SP00047" HPOS="1117" VPOS="550" WIDTH="19"/>
						<String ID="word000050" HPOS="1136" VPOS="516" WIDTH="113" HEIGHT="44" CONTENT="Vigo," WC="0.91" CC="11101"/>
						<SP ID="P11_SP00048" HPOS="1250" VPOS="560" WIDTH="15"/>
						<String ID="word000051" HPOS="1265" VPOS="519" WIDTH="65" HEIGHT="35" CONTENT="but" WC="1.00" CC="000"/>
						<SP ID="P11_SP00049" HPOS="1330" VPOS="560" WIDTH="18"/>
						<String ID="word000052" HPOS="1348" VPOS="530" WIDTH="73" HEIGHT="27" CONTENT="was" WC="0.85" CC="112"/>
						<SP ID="P11_SP00050" HPOS="1421" VPOS="560" WIDTH="14"/>
						<String ID="word000053" HPOS="1435" VPOS="519" WIDTH="155" HEIGHT="39" CONTENT="ordered" WC="0.95" CC="0003000"/>
						<SP ID="P11_SP00051" HPOS="1590" VPOS="560" WIDTH="0"/>
					</TextLine>
					<TextLine ID="P11_TL00009" HPOS="265" VPOS="549" WIDTH="1326" HEIGHT="61">
						<String ID="word000054" HPOS="265" VPOS="559" WIDTH="41" HEIGHT="25" CONTENT="to" WC="0.83" CC="12"/>
						<SP ID="P11_SP00052" HPOS="306" VPOS="583" WIDTH="19"/>
						<String ID="word000055" HPOS="325" VPOS="549" WIDTH="69" HEIGHT="37" CONTENT="fall" WC="0.67" CC="1533"/>
						<SP ID="P11_SP00053" HPOS="393" VPOS="586" WIDTH="22"/>
						<String ID="word000056" HPOS="416" VPOS="553" WIDTH="97" HEIGHT="43" CONTENT="back" WC="0.56" CC="0646"/>
						<SP ID="P11_SP00054" HPOS="513" VPOS="595" WIDTH="17"/>
						<String ID="word000057" HPOS="529" VPOS="560" WIDTH="38" HEIGHT="35" CONTENT="to" WC="0.50" CC="45"/>
						<SP ID="P11_SP00055" HPOS="567" VPOS="595" WIDTH="19"/>
						<String ID="word000058" HPOS="586" VPOS="555" WIDTH="60" HEIGHT="41" CONTENT="the" WC="0.96" CC="001"/>
						<SP ID="P11_SP00056" HPOS="646" VPOS="596" WIDTH="15"/>
						<String ID="word000059" HPOS="661" VPOS="556" WIDTH="198" HEIGHT="40" CONTENT="assistance" WC="0.82" CC="1135130200"/>
						<SP ID="P11_SP00057" HPOS="860" VPOS="596" WIDTH="15"/>
						<String ID="word000060" HPOS="875" VPOS="560" WIDTH="43" HEIGHT="39" CONTENT="of" WC="0.83" CC="30"/>
						<SP ID="P11_SP00058" HPOS="918" VPOS="599" WIDTH="21"/>
						<String ID="word000061" HPOS="939" VPOS="562" WIDTH="63" HEIGHT="32" CONTENT="the" WC="1.00" CC="000"/>
						<SP ID="P11_SP00059" HPOS="1002" VPOS="599" WIDTH="20"/>
						<String ID="word000062" HPOS="1022" VPOS="563" WIDTH="98" HEIGHT="37" CONTENT="main" WC="0.94" CC="1001"/>
						<SP ID="P11_SP00060" HPOS="1120" VPOS="600" WIDTH="20"/>
						<String ID="word000063" HPOS="1140" VPOS="565" WIDTH="112" HEIGHT="45" CONTENT="body," WC="0.73" CC="52500"/>
						<SP ID="P11_SP00061" HPOS="1252" VPOS="609" WIDTH="33"/>
						<String ID="word000064" HPOS="1285" VPOS="576" WIDTH="24" HEIGHT="24" CONTENT="a" WC="1.00" CC="0"/>
						<SP ID="P11_SP00062" HPOS="1309" VPOS="609" WIDTH="33"/>
						<String ID="word000065" HPOS="1342" VPOS="568" WIDTH="115" HEIGHT="34" CONTENT="battle" WC="0.93" CC="300010"/>
						<SP ID="P11_SP00063" HPOS="1456" VPOS="609" WIDTH="30"/>
						<String ID="word000066" HPOS="1486" VPOS="569" WIDTH="105" HEIGHT="39" CONTENT="being" WC="0.67" CC="60306"/>
						<SP ID="P11_SP00064" HPOS="1591" VPOS="609" WIDTH="0"/>
					</TextLine>
					<TextLine ID="P11_TL00010" HPOS="266" VPOS="599" WIDTH="1319" HEIGHT="52">
						<String ID="word000067" HPOS="266" VPOS="599" WIDTH="138" HEIGHT="44" CONTENT="hourly" WC="0.96" CC="010010"/>
						<SP ID="P11_SP00065" HPOS="404" VPOS="643" WIDTH="17"/>
						<String ID="word000068" HPOS="420" VPOS="601" WIDTH="197" HEIGHT="45" CONTENT="expected." WC="0.93" CC="011111010"/>
						<SP ID="P11_SP00066" HPOS="618" VPOS="646" WIDTH="57"/>
						<String ID="word000069" HPOS="674" VPOS="604" WIDTH="207" HEIGHT="37" CONTENT="Benevente" WC="0.58" CC="333383533"/>
						<SP ID="P11_SP00067" HPOS="881" VPOS="646" WIDTH="27"/>
						<String ID="word000070" HPOS="908" VPOS="608" WIDTH="77" HEIGHT="33" CONTENT="has•" WC="0.58" CC="2256"/>
						<SP ID="P11_SP00068" HPOS="985" VPOS="646" WIDTH="13"/>
						<String ID="word000071" HPOS="998" VPOS="609" WIDTH="90" HEIGHT="34" CONTENT="been" WC="1.00" CC="0000"/>
						<SP ID="P11_SP00069" HPOS="1088" VPOS="646" WIDTH="25"/>
						<String ID="word000072" HPOS="1113" VPOS="612" WIDTH="120" HEIGHT="38" CONTENT="burnt," WC="0.91" CC="311000"/>
						<SP ID="P11_SP00070" HPOS="1233" VPOS="650" WIDTH="28"/>
						<String ID="word000073" HPOS="1261" VPOS="614" WIDTH="70" HEIGHT="33" CONTENT="and" WC="0.63" CC="712"/>
						<SP ID="P11_SP00071" HPOS="1331" VPOS="650" WIDTH="25"/>
						<String ID="word000074" HPOS="1356" VPOS="617" WIDTH="59" HEIGHT="31" CONTENT="the" WC="1.00" CC="000"/>
						<SP ID="P11_SP00072" HPOS="1415" VPOS="650" WIDTH="31"/>
						<String ID="word000075" HPOS="1446" VPOS="615" WIDTH="139" HEIGHT="35" CONTENT="French" WC="0.70" CC="423322"/>
						<SP ID="P11_SP00073" HPOS="1585" VPOS="651" WIDTH="0"/>
					</TextLine>
					<TextLine ID="P11_TL00011" HPOS="267" VPOS="647" WIDTH="1326" HEIGHT="60">
						<String ID="word000076" HPOS="267" VPOS="647" WIDTH="174" HEIGHT="35" CONTENT="threaten" WC="0.97" CC="00011000"/>
						<SP ID="P11_SP00074" HPOS="441" VPOS="683" WIDTH="19"/>
						<String ID="word000077" HPOS="459" VPOS="647" WIDTH="161" HEIGHT="45" CONTENT="Astorga" WC="0.82" CC="0403310"/>
						<SP ID="P11_SP00075" HPOS="620" VPOS="692" WIDTH="19"/>
						<String ID="word000078" HPOS="639" VPOS="650" WIDTH="90" HEIGHT="35" CONTENT="with" WC="0.97" CC="1000"/>
						<SP ID="P11_SP00076" HPOS="729" VPOS="692" WIDTH="19"/>
						<String ID="word000079" HPOS="748" VPOS="652" WIDTH="63" HEIGHT="44" CONTENT="the" WC="0.96" CC="010"/>
						<SP ID="P11_SP00077" HPOS="810" VPOS="696" WIDTH="14"/>
						<String ID="word000080" HPOS="824" VPOS="663" WIDTH="96" HEIGHT="26" CONTENT="same" WC="0.97" CC="0100"/>
						<SP ID="P11_SP00078" HPOS="920" VPOS="696" WIDTH="15"/>
						<String ID="word000081" HPOS="935" VPOS="654" WIDTH="89" HEIGHT="37" CONTENT="fate." WC="0.98" CC="01000"/>
						<SP ID="P11_SP00079" HPOS="1024" VPOS="696" WIDTH="58"/>
						<String ID="word000082" HPOS="1082" VPOS="659" WIDTH="46" HEIGHT="46" CONTENT="At" WC="0.67" CC="51"/>
						<SP ID="P11_SP00080" HPOS="1128" VPOS="705" WIDTH="20"/>
						<String ID="word000083" HPOS="1148" VPOS="660" WIDTH="85" HEIGHT="32" CONTENT="both" WC="0.97" CC="0100"/>
						<SP ID="P11_SP00081" HPOS="1233" VPOS="705" WIDTH="24"/>
						<String ID="word000084" HPOS="1257" VPOS="661" WIDTH="100" HEIGHT="33" CONTENT="these" WC="0.95" CC="00110"/>
						<SP ID="P11_SP00082" HPOS="1357" VPOS="705" WIDTH="31"/>
						<String ID="word000085" HPOS="1388" VPOS="663" WIDTH="124" HEIGHT="44" CONTENT="places" WC="0.98" CC="000001"/>
						<SP ID="P11_SP00083" HPOS="1512" VPOS="706" WIDTH="21"/>
						<String ID="word000086" HPOS="1533" VPOS="663" WIDTH="60" HEIGHT="34" CONTENT="th'" WC="0.52" CC="535"/>
						<SP ID="P11_SP00084" HPOS="1593" VPOS="706" WIDTH="0"/>
					</TextLine>
					<TextLine ID="P11_TL00012" HPOS="270" VPOS="691" WIDTH="1318" HEIGHT="65">
						<String ID="word000087" HPOS="270" VPOS="691" WIDTH="156" HEIGHT="50" CONTENT="F.aglish" WC="0.43" CC="87458333"/>
						<SP ID="P11_SP00085" HPOS="426" VPOS="741" WIDTH="41"/>
						<String ID="word000088" HPOS="468" VPOS="697" WIDTH="182" HEIGHT="58" CONTENT="prisoners" WC="0.81" CC="101313303"/>
						<SP ID="P11_SP00086" HPOS="650" VPOS="755" WIDTH="33"/>
						<String ID="word000089" HPOS="683" VPOS="698" WIDTH="97" HEIGHT="34" CONTENT="have" WC="0.97" CC="0100"/>
						<SP ID="P11_SP00087" HPOS="780" VPOS="755" WIDTH="50"/>
						<String ID="word000090" HPOS="829" VPOS="702" WIDTH="87" HEIGHT="34" CONTENT="been" WC="1.00" CC="0000"/>
						<SP ID="P11_SP00088" HPOS="917" VPOS="755" WIDTH="34"/>
						<String ID="word000091" HPOS="951" VPOS="705" WIDTH="189" HEIGHT="41" CONTENT="murdered" WC="0.85" CC="10012151"/>
						<SP ID="P11_SP00089" HPOS="1140" VPOS="755" WIDTH="43"/>
						<String ID="word000092" HPOS="1182" VPOS="706" WIDTH="48" HEIGHT="45" CONTENT="by" WC="1.00" CC="00"/>
						<SP ID="P11_SP00090" HPOS="1231" VPOS="755" WIDTH="59"/>
						<String ID="word000093" HPOS="1290" VPOS="709" WIDTH="298" HEIGHT="47" CONTENT="Buonaparte.—" WC="0.56" CC="833435334344"/>
					</TextLine>
					<TextLine ID="P11_TL00013" HPOS="270" VPOS="741" WIDTH="1323" HEIGHT="59">
						<String ID="word000094" HPOS="270" VPOS="741" WIDTH="185" HEIGHT="38" CONTENT="Previous" WC="0.93" CC="30100001"/>
						<SP ID="P11_SP00091" HPOS="456" VPOS="778" WIDTH="30"/>
						<String ID="word000095" HPOS="485" VPOS="751" WIDTH="38" HEIGHT="27" CONTENT="to" WC="1.00" CC="00"/>
						<SP ID="P11_SP00092" HPOS="523" VPOS="778" WIDTH="46"/>
						<String ID="word000096" HPOS="569" VPOS="745" WIDTH="63" HEIGHT="34" CONTENT="the" WC="1.00" CC="000"/>
						<SP ID="P11_SP00093" HPOS="632" VPOS="780" WIDTH="30"/>
						<String ID="word000097" HPOS="661" VPOS="748" WIDTH="183" HEIGHT="46" CONTENT="assetullly" WC="0.50" CC="3533556843"/>
						<SP ID="P11_SP00094" HPOS="844" VPOS="794" WIDTH="43"/>
						<String ID="word000098" HPOS="887" VPOS="744" WIDTH="40" HEIGHT="39" CONTENT="of" WC="0.61" CC="25" STYLEREFS="TXT_2"/>
						<SP ID="P11_SP00095" HPOS="927" VPOS="794" WIDTH="24"/>
						<String ID="word000099" HPOS="951" VPOS="755" WIDTH="61" HEIGHT="31" CONTENT="the" WC="1.00" CC="000"/>
						<SP ID="P11_SP00096" HPOS="1012" VPOS="794" WIDTH="37"/>
						<String ID="word000100" HPOS="1049" VPOS="754" WIDTH="146" HEIGHT="41" CONTENT="English" WC="0.86" CC="1023111"/>
						<SP ID="P11_SP00097" HPOS="1195" VPOS="795" WIDTH="40"/>
						<String ID="word000101" HPOS="1235" VPOS="763" WIDTH="40" HEIGHT="26" CONTENT="at" WC="1.00" CC="00"/>
						<SP ID="P11_SP00098" HPOS="1276" VPOS="795" WIDTH="28"/>
						<String ID="word000102" HPOS="1304" VPOS="757" WIDTH="94" HEIGHT="43" CONTENT="Lugo" WC="0.78" CC="2213"/>
						<SP ID="P11_SP00099" HPOS="1398" VPOS="800" WIDTH="35"/>
						<String ID="word000103" HPOS="1434" VPOS="750" WIDTH="63" HEIGHT="41" CONTENT="the" WC="0.96" CC="100"/>
						<SP ID="P11_SP00100" HPOS="1496" VPOS="800" WIDTH="31"/>
						<String ID="word000104" HPOS="1527" VPOS="768" WIDTH="45" HEIGHT="24" CONTENT="ca" SUBS_TYPE="HypPart1" SUBS_CONTENT="cavalry" WC="1.00" CC="00"/>
						<HYP HPOS="1572" VPOS="768" WIDTH="21" CONTENT="-"/>
					</TextLine>
					<TextLine ID="P11_TL00014" HPOS="273" VPOS="790" WIDTH="1318" HEIGHT="58">
						<String ID="word000105" HPOS="273" VPOS="790" WIDTH="111" HEIGHT="45" CONTENT="valry" SUBS_TYPE="HypPart2" SUBS_CONTENT="cavalry" WC="0.93" CC="01110"/>
						<SP ID="P11_SP00101" HPOS="384" VPOS="835" WIDTH="34"/>
						<String ID="word000106" HPOS="418" VPOS="790" WIDTH="119" HEIGHT="37" CONTENT="which" WC="1.00" CC="00000"/>
						<SP ID="P11_SP00102" HPOS="537" VPOS="835" WIDTH="31"/>
						<String ID="word000107" HPOS="568" VPOS="795" WIDTH="155" HEIGHT="38" CONTENT="covered" WC="0.90" CC="0210210"/>
						<SP ID="P11_SP00103" HPOS="723" VPOS="835" WIDTH="32"/>
						<String ID="word000108" HPOS="755" VPOS="794" WIDTH="61" HEIGHT="33" CONTENT="the" WC="0.96" CC="001"/>
						<SP ID="P11_SP00104" HPOS="816" VPOS="835" WIDTH="31"/>
						<String ID="word000109" HPOS="847" VPOS="803" WIDTH="151" HEIGHT="33" CONTENT="retreat," WC="0.99" CC="00000001"/>
						<SP ID="P11_SP00105" HPOS="998" VPOS="836" WIDTH="28"/>
						<String ID="word000110" HPOS="1026" VPOS="802" WIDTH="148" HEIGHT="35" CONTENT="assisted" WC="0.64" CC="35423333"/>
						<SP ID="P11_SP00106" HPOS="1174" VPOS="837" WIDTH="35"/>
						<String ID="word000111" HPOS="1209" VPOS="803" WIDTH="48" HEIGHT="44" CONTENT="by" WC="1.00" CC="00"/>
						<SP ID="P11_SP00107" HPOS="1258" VPOS="847" WIDTH="50"/>
						<String ID="word000112" HPOS="1307" VPOS="807" WIDTH="59" HEIGHT="30" CONTENT="the" WC="0.59" CC="353"/>
						<SP ID="P11_SP00108" HPOS="1367" VPOS="847" WIDTH="30"/>
						<String ID="word000113" HPOS="1396" VPOS="804" WIDTH="115" HEIGHT="44" CONTENT="flying" WC="0.81" CC="233101"/>
						<SP ID="P11_SP00109" HPOS="1511" VPOS="848" WIDTH="19"/>
						<String ID="word000114" HPOS="1530" VPOS="815" WIDTH="41" HEIGHT="24" CONTENT="ar" SUBS_TYPE="HypPart1" SUBS_CONTENT="artillery," WC="0.81" CC="12"/>
						<HYP HPOS="1571" VPOS="815" WIDTH="20" CONTENT="-"/>
					</TextLine>
					<TextLine ID="P11_TL00015" HPOS="268" VPOS="837" WIDTH="1326" HEIGHT="60">
						<String ID="word000115" HPOS="268" VPOS="837" WIDTH="148" HEIGHT="44" CONTENT="tillery," SUBS_TYPE="HypPart2" SUBS_CONTENT="artillery," WC="0.94" CC="00000040"/>
						<SP ID="P11_SP00110" HPOS="416" VPOS="881" WIDTH="15"/>
						<String ID="word000116" HPOS="431" VPOS="840" WIDTH="67" HEIGHT="34" CONTENT="had" WC="0.93" CC="011"/>
						<SP ID="P11_SP00111" HPOS="498" VPOS="881" WIDTH="17"/>
						<String ID="word000117" HPOS="515" VPOS="841" WIDTH="117" HEIGHT="34" CONTENT="thrice" WC="0.98" CC="000001"/>
						<SP ID="P11_SP00112" HPOS="632" VPOS="881" WIDTH="14"/>
						<String ID="word000118" HPOS="646" VPOS="842" WIDTH="168" HEIGHT="44" CONTENT="repulsed" WC="0.82" CC="50112310"/>
						<SP ID="P11_SP00113" HPOS="814" VPOS="886" WIDTH="15"/>
						<String ID="word000119" HPOS="829" VPOS="842" WIDTH="58" HEIGHT="46" CONTENT="the" WC="0.96" CC="010"/>
						<SP ID="P11_SP00114" HPOS="887" VPOS="888" WIDTH="12"/>
						<String ID="word000120" HPOS="899" VPOS="856" WIDTH="142" HEIGHT="32" CONTENT="enemy," WC="0.98" CC="000010"/>
						<SP ID="P11_SP00115" HPOS="1041" VPOS="888" WIDTH="12"/>
						<String ID="word000121" HPOS="1052" VPOS="849" WIDTH="191" HEIGHT="45" CONTENT="consisting" WC="0.84" CC="4121211020"/>
						<SP ID="P11_SP00116" HPOS="1244" VPOS="894" WIDTH="19"/>
						<String ID="word000122" HPOS="1263" VPOS="849" WIDTH="44" HEIGHT="33" CONTENT="of" WC="1.00" CC="00"/>
						<SP ID="P11_SP00117" HPOS="1306" VPOS="894" WIDTH="12"/>
						<String ID="word000123" HPOS="1318" VPOS="853" WIDTH="94" HEIGHT="33" CONTENT="•.1.000" WC="0.28" CC="6777756"/>
						<SP ID="P11_SP00118" HPOS="1413" VPOS="894" WIDTH="14"/>
						<String ID="word000124" HPOS="1427" VPOS="854" WIDTH="167" HEIGHT="43" CONTENT="cavalry," WC="0.96" CC="10001001"/>
						<SP ID="P11_SP00119" HPOS="1593" VPOS="896" WIDTH="0"/>
					</TextLine>
					<TextLine ID="P11_TL00016" HPOS="269" VPOS="881" WIDTH="1261" HEIGHT="63">
						<String ID="word000125" HPOS="269" VPOS="881" WIDTH="73" HEIGHT="40" CONTENT="and" WC="0.63" CC="361"/>
						<SP ID="P11_SP00120" HPOS="343" VPOS="921" WIDTH="18"/>
						<String ID="word000126" HPOS="360" VPOS="887" WIDTH="172" HEIGHT="35" CONTENT="rendered" WC="0.94" CC="00100021"/>
						<SP ID="P11_SP00121" HPOS="533" VPOS="922" WIDTH="18"/>
						<String ID="word000127" HPOS="550" VPOS="888" WIDTH="31" HEIGHT="34" CONTENT="it" WC="1.00" CC="00"/>
						<SP ID="P11_SP00122" HPOS="581" VPOS="922" WIDTH="15"/>
						<String ID="word000128" HPOS="596" VPOS="889" WIDTH="224" HEIGHT="45" CONTENT="completely" WC="0.97" CC="0001110000"/>
						<SP ID="P11_SP00123" HPOS="821" VPOS="934" WIDTH="21"/>
						<String ID="word000129" HPOS="842" VPOS="892" WIDTH="242" HEIGHT="47" CONTENT="incompetent" WC="0.92" CC="03000101030"/>
						<SP ID="P11_SP00124" HPOS="1084" VPOS="939" WIDTH="13"/>
						<String ID="word000130" HPOS="1097" VPOS="902" WIDTH="37" HEIGHT="26" CONTENT="to" WC="0.94" CC="01"/>
						<SP ID="P11_SP00125" HPOS="1134" VPOS="939" WIDTH="24"/>
						<String ID="word000131" HPOS="1157" VPOS="901" WIDTH="60" HEIGHT="30" CONTENT="act" WC="0.96" CC="100"/>
						<SP ID="P11_SP00126" HPOS="1218" VPOS="939" WIDTH="15"/>
						<String ID="word000132" HPOS="1233" VPOS="899" WIDTH="107" HEIGHT="40" CONTENT="again" WC="0.98" CC="00010"/>
						<SP ID="P11_SP00127" HPOS="1341" VPOS="939" WIDTH="11"/>
						<String ID="word000133" HPOS="1351" VPOS="900" WIDTH="47" HEIGHT="44" CONTENT="by" WC="1.00" CC="00"/>
						<SP ID="P11_SP00128" HPOS="1398" VPOS="944" WIDTH="21"/>
						<String ID="word000134" HPOS="1420" VPOS="899" WIDTH="110" HEIGHT="37" CONTENT="itself." WC="0.90" CC="1021200"/>
						<SP ID="P11_SP00129" HPOS="1530" VPOS="944" WIDTH="0"/>
					</TextLine>
					<TextLine ID="P11_TL00017" HPOS="1122" VPOS="950" WIDTH="424" HEIGHT="37">
						<String ID="word000135" HPOS="1122" VPOS="954" WIDTH="46" HEIGHT="22" CONTENT="co" WC="0.56" CC="44"/>
						<SP ID="P11_SP00130" HPOS="1168" VPOS="977" WIDTH="11"/>
						<String ID="word000136" HPOS="1179" VPOS="953" WIDTH="51" HEIGHT="25" CONTENT="au" WC="0.39" CC="65"/>
						<SP ID="P11_SP00131" HPOS="1230" VPOS="978" WIDTH="13"/>
						<String ID="word000137" HPOS="1243" VPOS="956" WIDTH="18" HEIGHT="24" CONTENT="N" WC="0.22" CC="7" STYLEREFS="TXT_0"/>
						<SP ID="P11_SP00132" HPOS="1260" VPOS="979" WIDTH="15"/>
						<String ID="word000138" HPOS="1276" VPOS="956" WIDTH="73" HEIGHT="31" CONTENT="NA," WC="0.52" CC="661" STYLEREFS="TXT_0"/>
						<SP ID="P11_SP00133" HPOS="1349" VPOS="986" WIDTH="24"/>
						<String ID="word000139" HPOS="1372" VPOS="957" WIDTH="100" HEIGHT="25" CONTENT="JAN." WC="0.86" CC="0140" STYLEREFS="TXT_0"/>
						<SP ID="P11_SP00134" HPOS="1473" VPOS="986" WIDTH="21"/>
						<String ID="word000140" HPOS="1494" VPOS="950" WIDTH="52" HEIGHT="32" CONTENT="13." WC="0.70" CC="161"/>
						<SP ID="P11_SP00135" HPOS="1546" VPOS="986" WIDTH="0"/>
					</TextLine>
					<TextLine ID="P11_TL00018" HPOS="317" VPOS="979" WIDTH="1281" HEIGHT="54">
						<String ID="word000141" HPOS="317" VPOS="979" WIDTH="80" HEIGHT="39" CONTENT="The" WC="0.96" CC="010"/>
						<SP ID="P11_SP00136" HPOS="397" VPOS="1018" WIDTH="37"/>
						<String ID="word000142" HPOS="433" VPOS="980" WIDTH="124" HEIGHT="47" CONTENT="wliple" WC="0.56" CC="355353"/>
						<SP ID="P11_SP00137" HPOS="557" VPOS="1028" WIDTH="24"/>
						<String ID="word000143" HPOS="581" VPOS="983" WIDTH="45" HEIGHT="34" CONTENT="of" WC="1.00" CC="00"/>
						<SP ID="P11_SP00138" HPOS="626" VPOS="1028" WIDTH="21"/>
						<String ID="word000144" HPOS="647" VPOS="984" WIDTH="63" HEIGHT="38" CONTENT="the" WC="0.89" CC="003"/>
						<SP ID="P11_SP00139" HPOS="710" VPOS="1028" WIDTH="28"/>
						<String ID="word000145" HPOS="738" VPOS="984" WIDTH="149" HEIGHT="45" CONTENT="English" WC="0.97" CC="0110000"/>
						<SP ID="P11_SP00140" HPOS="887" VPOS="1029" WIDTH="37"/>
						<String ID="word000146" HPOS="924" VPOS="986" WIDTH="116" HEIGHT="47" CONTENT="Army" WC="0.97" CC="0010"/>
						<SP ID="P11_SP00141" HPOS="1039" VPOS="1033" WIDTH="34"/>
						<String ID="word000147" HPOS="1074" VPOS="991" WIDTH="146" HEIGHT="40" CONTENT="effected" WC="0.69" CC="51330451"/>
						<SP ID="P11_SP00142" HPOS="1220" VPOS="1033" WIDTH="32"/>
						<String ID="word000148" HPOS="1252" VPOS="1004" WIDTH="24" HEIGHT="21" CONTENT="a" WC="1.00" CC="0"/>
						<SP ID="P11_SP00143" HPOS="1276" VPOS="1033" WIDTH="26"/>
						<String ID="word000149" HPOS="1302" VPOS="999" WIDTH="133" HEIGHT="28" CONTENT="retreat" WC="0.95" CC="0120000"/>
						<SP ID="P11_SP00144" HPOS="1435" VPOS="1033" WIDTH="26"/>
						<String ID="word000150" HPOS="1461" VPOS="999" WIDTH="39" HEIGHT="31" CONTENT="to" WC="0.94" CC="01"/>
						<SP ID="P11_SP00145" HPOS="1500" VPOS="1033" WIDTH="27"/>
						<String ID="word000151" HPOS="1527" VPOS="993" WIDTH="71" HEIGHT="35" CONTENT="this" WC="0.97" CC="0010"/>
						<SP ID="P11_SP00146" HPOS="1598" VPOS="1033" WIDTH="0"/>
					</TextLine>
					<TextLine ID="P11_TL00019" HPOS="268" VPOS="1025" WIDTH="1324" HEIGHT="60">
						<String ID="word000152" HPOS="268" VPOS="1025" WIDTH="112" HEIGHT="47" CONTENT="place" WC="0.71" CC="61051" STYLEREFS="TXT_3"/>
						<SP ID="P11_SP00147" HPOS="380" VPOS="1072" WIDTH="24"/>
						<String ID="word000153" HPOS="404" VPOS="1030" WIDTH="70" HEIGHT="38" CONTENT="and" WC="0.63" CC="163" STYLEREFS="TXT_3"/>
						<SP ID="P11_SP00148" HPOS="474" VPOS="1072" WIDTH="31"/>
						<String ID="word000154" HPOS="504" VPOS="1031" WIDTH="48" HEIGHT="39" CONTENT="its" WC="0.81" CC="311"/>
						<SP ID="P11_SP00149" HPOS="553" VPOS="1072" WIDTH="34"/>
						<String ID="word000155" HPOS="587" VPOS="1031" WIDTH="170" HEIGHT="46" CONTENT="vicinity," WC="0.89" CC="123120000"/>
						<SP ID="P11_SP00150" HPOS="757" VPOS="1077" WIDTH="26"/>
						<String ID="word000156" HPOS="783" VPOS="1045" WIDTH="45" HEIGHT="22" CONTENT="on" WC="1.00" CC="00"/>
						<SP ID="P11_SP00151" HPOS="828" VPOS="1077" WIDTH="24"/>
						<String ID="word000157" HPOS="852" VPOS="1036" WIDTH="59" HEIGHT="41" CONTENT="thp" WC="0.52" CC="337"/>
						<SP ID="P11_SP00152" HPOS="911" VPOS="1077" WIDTH="33"/>
						<String ID="word000158" HPOS="944" VPOS="1038" WIDTH="99" HEIGHT="38" CONTENT="11th," WC="0.67" CC="27114"/>
						<SP ID="P11_SP00153" HPOS="1043" VPOS="1077" WIDTH="28"/>
						<String ID="word000159" HPOS="1071" VPOS="1038" WIDTH="35" HEIGHT="33" CONTENT="in" WC="1.00" CC="00"/>
						<SP ID="P11_SP00154" HPOS="1107" VPOS="1077" WIDTH="28"/>
						<String ID="word000160" HPOS="1135" VPOS="1039" WIDTH="60" HEIGHT="38" CONTENT="the" WC="0.78" CC="141"/>
						<SP ID="P11_SP00155" HPOS="1195" VPOS="1077" WIDTH="27"/>
						<String ID="word000161" HPOS="1222" VPOS="1041" WIDTH="165" HEIGHT="44" CONTENT="evening." WC="0.64" CC="07613603"/>
						<SP ID="P11_SP00156" HPOS="1388" VPOS="1084" WIDTH="53"/>
						<String ID="word000162" HPOS="1441" VPOS="1043" WIDTH="151" HEIGHT="37" CONTENT="tieneral" WC="0.44" CC="88545334"/>
						<SP ID="P11_SP00157" HPOS="1592" VPOS="1084" WIDTH="0"/>
					</TextLine>
					<TextLine ID="P11_TL00020" HPOS="270" VPOS="1075" WIDTH="1324" HEIGHT="57">
						<String ID="word000163" HPOS="270" VPOS="1075" WIDTH="87" HEIGHT="44" CONTENT="Bere" WC="0.59" CC="8535"/>
						<String ID="word000164" HPOS="358" VPOS="1075" WIDTH="21" HEIGHT="44" CONTENT="," STYLE="superscript" WC="0.59" CC="7"/>
						<String ID="word000165" HPOS="379" VPOS="1075" WIDTH="110" HEIGHT="44" CONTENT="ford," WC="0.59" CC="51003"/>
						<SP ID="P11_SP00158" HPOS="489" VPOS="1119" WIDTH="28"/>
						<String ID="word000166" HPOS="517" VPOS="1078" WIDTH="184" HEIGHT="38" CONTENT="however," WC="0.82" CC="03010333"/>
						<SP ID="P11_SP00159" HPOS="702" VPOS="1119" WIDTH="28"/>
						<String ID="word000167" HPOS="730" VPOS="1084" WIDTH="170" HEIGHT="40" CONTENT="occopies" WC="0.57" CC="35383333"/>
						<SP ID="P11_SP00160" HPOS="900" VPOS="1124" WIDTH="15"/>
						<String ID="word000168" HPOS="915" VPOS="1084" WIDTH="58" HEIGHT="35" CONTENT="the" WC="0.93" CC="011"/>
						<SP ID="P11_SP00161" HPOS="973" VPOS="1124" WIDTH="32"/>
						<String ID="word000169" HPOS="1005" VPOS="1084" WIDTH="143" HEIGHT="45" CONTENT="heights" WC="0.97" CC="0010001"/>
						<SP ID="P11_SP00162" HPOS="1148" VPOS="1129" WIDTH="22"/>
						<String ID="word000170" HPOS="1170" VPOS="1097" WIDTH="86" HEIGHT="30" CONTENT="near" WC="0.89" CC="2020"/>
						<SP ID="P11_SP00163" HPOS="1257" VPOS="1129" WIDTH="25"/>
						<String ID="word000171" HPOS="1281" VPOS="1088" WIDTH="151" HEIGHT="44" CONTENT="Burgos," WC="0.89" CC="1300111"/>
						<SP ID="P11_SP00164" HPOS="1433" VPOS="1131" WIDTH="30"/>
						<String ID="word000172" HPOS="1462" VPOS="1089" WIDTH="90" HEIGHT="41" CONTENT="with" WC="0.56" CC="6136"/>
						<SP ID="P11_SP00165" HPOS="1552" VPOS="1131" WIDTH="20"/>
						<String ID="word000173" HPOS="1572" VPOS="1100" WIDTH="22" HEIGHT="24" CONTENT="a" WC="1.00" CC="0"/>
						<SP ID="P11_SP00166" HPOS="1594" VPOS="1131" WIDTH="0"/>
					</TextLine>
					<TextLine ID="P11_TL00021" HPOS="270" VPOS="1121" WIDTH="1328" HEIGHT="64">
						<String ID="word000174" HPOS="270" VPOS="1134" WIDTH="112" HEIGHT="37" CONTENT="corps" WC="0.62" CC="57014"/>
						<SP ID="P11_SP00167" HPOS="383" VPOS="1170" WIDTH="14"/>
						<String ID="word000175" HPOS="397" VPOS="1124" WIDTH="44" HEIGHT="38" CONTENT="of" WC="1.00" CC="00"/>
						<SP ID="P11_SP00168" HPOS="441" VPOS="1170" WIDTH="11"/>
						<String ID="word000176" HPOS="451" VPOS="1121" WIDTH="118" HEIGHT="48" CONTENT="ahout" WC="0.44" CC="38833"/>
						<SP ID="P11_SP00169" HPOS="569" VPOS="1170" WIDTH="13"/>
						<String ID="word000177" HPOS="582" VPOS="1127" WIDTH="93" HEIGHT="37" CONTENT="5000" WC="0.42" CC="7167"/>
						<SP ID="P11_SP00170" HPOS="676" VPOS="1170" WIDTH="18"/>
						<String ID="word000178" HPOS="693" VPOS="1139" WIDTH="94" HEIGHT="37" CONTENT="men," WC="0.94" CC="2000"/>
						<SP ID="P11_SP00171" HPOS="788" VPOS="1175" WIDTH="31"/>
						<String ID="word000179" HPOS="819" VPOS="1129" WIDTH="79" HEIGHT="40" CONTENT="oho" WC="0.44" CC="834"/>
						<SP ID="P11_SP00172" HPOS="898" VPOS="1175" WIDTH="17"/>
						<String ID="word000180" HPOS="914" VPOS="1142" WIDTH="64" HEIGHT="34" CONTENT="are" WC="0.52" CC="436"/>
						<SP ID="P11_SP00173" HPOS="978" VPOS="1176" WIDTH="46"/>
						<String ID="word000181" HPOS="1024" VPOS="1134" WIDTH="94" HEIGHT="47" CONTENT="pits" WC="0.50" CC="4176"/>
						<SP ID="P11_SP00174" HPOS="1119" VPOS="1181" WIDTH="12"/>
						<String ID="word000182" HPOS="1130" VPOS="1136" WIDTH="136" HEIGHT="45" CONTENT="efilplq" WC="0.29" CC="8888358"/>
						<String ID="word000183" HPOS="1266" VPOS="1136" WIDTH="19" HEIGHT="45" CONTENT="3" STYLE="subscript" WC="0.29" CC="8"/>
						<String ID="word000184" HPOS="1285" VPOS="1136" WIDTH="40" HEIGHT="45" CONTENT="pd" WC="0.29" CC="35"/>
						<SP ID="P11_SP00175" HPOS="1325" VPOS="1181" WIDTH="21"/>
						<String ID="word000185" HPOS="1346" VPOS="1136" WIDTH="34" HEIGHT="33" CONTENT="in" WC="0.94" CC="01"/>
						<SP ID="P11_SP00176" HPOS="1381" VPOS="1181" WIDTH="18"/>
						<String ID="word000186" HPOS="1398" VPOS="1136" WIDTH="200" HEIGHT="48" CONTENT="fortifying" WC="0.70" CC="3333522231"/>
						<SP ID="P11_SP00177" HPOS="1598" VPOS="1185" WIDTH="0"/>
					</TextLine>
					<TextLine ID="P11_TL00022" HPOS="276" VPOS="1170" WIDTH="276" HEIGHT="46">
						<String ID="word000187" HPOS="276" VPOS="1170" WIDTH="84" HEIGHT="38" CONTENT="that" WC="1.00" CC="0000" STYLEREFS="TXT_3"/>
						<SP ID="P11_SP00178" HPOS="360" VPOS="1208" WIDTH="17"/>
						<String ID="word000188" HPOS="377" VPOS="1173" WIDTH="175" HEIGHT="43" CONTENT="position." WC="0.96" CC="011001000"/>
						<SP ID="P11_SP00179" HPOS="552" VPOS="1215" WIDTH="0"/>
					</TextLine>
					<TextLine ID="P11_TL00023" HPOS="328" VPOS="1219" WIDTH="1274" HEIGHT="57">
						<String ID="word000189" HPOS="328" VPOS="1219" WIDTH="135" HEIGHT="37" CONTENT="Whilst" WC="0.85" CC="131210"/>
						<SP ID="P11_SP00180" HPOS="463" VPOS="1256" WIDTH="18"/>
						<String ID="word000190" HPOS="481" VPOS="1230" WIDTH="37" HEIGHT="26" CONTENT="at" WC="0.94" CC="10"/>
						<SP ID="P11_SP00181" HPOS="517" VPOS="1256" WIDTH="24"/>
						<String ID="word000191" HPOS="541" VPOS="1222" WIDTH="113" HEIGHT="44" CONTENT="Lugo," WC="0.98" CC="00001"/>
						<SP ID="P11_SP00182" HPOS="654" VPOS="1266" WIDTH="31"/>
						<String ID="word000192" HPOS="685" VPOS="1224" WIDTH="59" HEIGHT="34" CONTENT="Sir" WC="1.00" CC="000"/>
						<SP ID="P11_SP00183" HPOS="744" VPOS="1266" WIDTH="17"/>
						<String ID="word000193" HPOS="761" VPOS="1224" WIDTH="41" HEIGHT="34" CONTENT="J." WC="1.00" CC="00"/>
						<SP ID="P11_SP00184" HPOS="802" VPOS="1266" WIDTH="25"/>
						<String ID="word000194" HPOS="827" VPOS="1226" WIDTH="126" HEIGHT="47" CONTENT="Moore" WC="0.62" CC="25226"/>
						<SP ID="P11_SP00185" HPOS="953" VPOS="1273" WIDTH="18"/>
						<String ID="word000195" HPOS="971" VPOS="1225" WIDTH="102" HEIGHT="48" CONTENT="drew" WC="0.92" CC="1011"/>
						<SP ID="P11_SP00186" HPOS="1072" VPOS="1273" WIDTH="20"/>
						<String ID="word000196" HPOS="1093" VPOS="1239" WIDTH="47" HEIGHT="34" CONTENT="up" WC="0.89" CC="11"/>
						<SP ID="P11_SP00187" HPOS="1140" VPOS="1273" WIDTH="21"/>
						<String ID="word000197" HPOS="1161" VPOS="1227" WIDTH="54" HEIGHT="34" CONTENT="his" WC="0.89" CC="021"/>
						<SP ID="P11_SP00188" HPOS="1215" VPOS="1273" WIDTH="27"/>
						<String ID="word000198" HPOS="1243" VPOS="1239" WIDTH="105" HEIGHT="37" CONTENT="army" WC="0.61" CC="6062"/>
						<SP ID="P11_SP00189" HPOS="1348" VPOS="1276" WIDTH="31"/>
						<String ID="word000199" HPOS="1378" VPOS="1231" WIDTH="34" HEIGHT="33" CONTENT="in" WC="1.00" CC="00"/>
						<SP ID="P11_SP00190" HPOS="1413" VPOS="1276" WIDTH="20"/>
						<String ID="word000200" HPOS="1433" VPOS="1231" WIDTH="106" HEIGHT="34" CONTENT="order" WC="0.98" CC="00010"/>
						<SP ID="P11_SP00191" HPOS="1539" VPOS="1276" WIDTH="19"/>
						<String ID="word000201" HPOS="1558" VPOS="1231" WIDTH="44" HEIGHT="34" CONTENT="of" WC="1.00" CC="00"/>
						<SP ID="P11_SP00192" HPOS="1602" VPOS="1276" WIDTH="0"/>
					</TextLine>
					<TextLine ID="P11_TL00024" HPOS="272" VPOS="1265" WIDTH="1320" HEIGHT="57">
						<String ID="word000202" HPOS="272" VPOS="1266" WIDTH="137" HEIGHT="52" CONTENT="battle," WC="0.87" CC="3100103"/>
						<SP ID="P11_SP00193" HPOS="409" VPOS="1318" WIDTH="21"/>
						<String ID="word000203" HPOS="430" VPOS="1269" WIDTH="152" HEIGHT="47" CONTENT="invitiag" WC="0.53" CC="38333383"/>
						<SP ID="P11_SP00194" HPOS="582" VPOS="1318" WIDTH="18"/>
						<String ID="word000204" HPOS="600" VPOS="1273" WIDTH="59" HEIGHT="45" CONTENT="ttie" WC="0.22" CC="8857"/>
						<SP ID="P11_SP00195" HPOS="659" VPOS="1318" WIDTH="12"/>
						<String ID="word000205" HPOS="671" VPOS="1273" WIDTH="149" HEIGHT="44" CONTENT="attack," WC="0.75" CC="4124212"/>
						<SP ID="P11_SP00196" HPOS="820" VPOS="1318" WIDTH="17"/>
						<String ID="word000206" HPOS="836" VPOS="1265" WIDTH="119" HEIGHT="51" CONTENT="%villa)" WC="0.28" CC="7667766"/>
						<SP ID="P11_SP00197" HPOS="956" VPOS="1318" WIDTH="22"/>
						<String ID="word000207" HPOS="978" VPOS="1270" WIDTH="74" HEIGHT="43" CONTENT="was" WC="0.78" CC="015"/>
						<SP ID="P11_SP00198" HPOS="1052" VPOS="1318" WIDTH="12"/>
						<String ID="word000208" HPOS="1064" VPOS="1276" WIDTH="178" HEIGHT="46" CONTENT="'however" WC="0.74" CC="54013510"/>
						<SP ID="P11_SP00199" HPOS="1243" VPOS="1322" WIDTH="11"/>
						<String ID="word000209" HPOS="1253" VPOS="1274" WIDTH="162" HEIGHT="38" CONTENT="declined" WC="0.94" CC="00021010"/>
						<SP ID="P11_SP00200" HPOS="1415" VPOS="1322" WIDTH="20"/>
						<String ID="word000210" HPOS="1435" VPOS="1279" WIDTH="47" HEIGHT="43" CONTENT="by" WC="0.94" CC="10"/>
						<SP ID="P11_SP00201" HPOS="1482" VPOS="1322" WIDTH="22"/>
						<String ID="word000211" HPOS="1505" VPOS="1278" WIDTH="87" HEIGHT="37" CONTENT="him." WC="0.67" CC="2235"/>
						<SP ID="P11_SP00202" HPOS="1592" VPOS="1322" WIDTH="0"/>
					</TextLine>
					<TextLine ID="P11_TL00025" HPOS="1380" VPOS="1325" WIDTH="168" HEIGHT="39">
						<String ID="word000212" HPOS="1380" VPOS="1335" WIDTH="105" HEIGHT="24" CONTENT="JAN." WC="0.75" CC="1413" STYLEREFS="TXT_0"/>
						<SP ID="P11_SP00203" HPOS="1485" VPOS="1358" WIDTH="28"/>
						<String ID="word000213" HPOS="1513" VPOS="1325" WIDTH="34" HEIGHT="39" CONTENT="1." WC="0.44" CC="73"/>
						<SP ID="P11_SP00204" HPOS="1547" VPOS="1364" WIDTH="0"/>
					</TextLine>
					<TextLine ID="P11_TL00026" HPOS="319" VPOS="1362" WIDTH="1276" HEIGHT="51">
						<String ID="word000214" HPOS="319" VPOS="1362" WIDTH="80" HEIGHT="35" CONTENT="The" WC="1.00" CC="000"/>
						<SP ID="P11_SP00205" HPOS="399" VPOS="1397" WIDTH="30"/>
						<String ID="word000215" HPOS="429" VPOS="1364" WIDTH="89" HEIGHT="37" CONTENT="staff" WC="0.67" CC="13155"/>
						<SP ID="P11_SP00206" HPOS="517" VPOS="1401" WIDTH="19"/>
						<String ID="word000216" HPOS="536" VPOS="1365" WIDTH="183" HEIGHT="45" CONTENT="equipage" WC="0.90" CC="01011211"/>
						<SP ID="P11_SP00207" HPOS="719" VPOS="1410" WIDTH="31"/>
						<String ID="word000217" HPOS="750" VPOS="1367" WIDTH="44" HEIGHT="34" CONTENT="of" WC="1.00" CC="00"/>
						<SP ID="P11_SP00208" HPOS="794" VPOS="1410" WIDTH="21"/>
						<String ID="word000218" HPOS="815" VPOS="1368" WIDTH="63" HEIGHT="35" CONTENT="the" WC="0.96" CC="001"/>
						<SP ID="P11_SP00209" HPOS="878" VPOS="1410" WIDTH="34"/>
						<String ID="word000219" HPOS="912" VPOS="1369" WIDTH="149" HEIGHT="44" CONTENT="English" WC="0.94" CC="1101100"/>
						<SP ID="P11_SP00210" HPOS="1061" VPOS="1413" WIDTH="19"/>
						<String ID="word000220" HPOS="1080" VPOS="1371" WIDTH="144" HEIGHT="34" CONTENT="arrived" WC="0.82" CC="1053011"/>
						<SP ID="P11_SP00211" HPOS="1224" VPOS="1413" WIDTH="28"/>
						<String ID="word000221" HPOS="1252" VPOS="1371" WIDTH="84" HEIGHT="33" CONTENT="here" WC="0.83" CC="1023" STYLEREFS="TXT_3"/>
						<SP ID="P11_SP00212" HPOS="1336" VPOS="1413" WIDTH="19"/>
						<String ID="word000222" HPOS="1355" VPOS="1383" WIDTH="43" HEIGHT="21" CONTENT="on" WC="0.39" CC="56"/>
						<SP ID="P11_SP00213" HPOS="1397" VPOS="1413" WIDTH="30"/>
						<String ID="word000223" HPOS="1427" VPOS="1374" WIDTH="61" HEIGHT="32" CONTENT="the" WC="1.00" CC="000"/>
						<SP ID="P11_SP00214" HPOS="1488" VPOS="1413" WIDTH="28"/>
						<String ID="word000224" HPOS="1517" VPOS="1372" WIDTH="78" HEIGHT="40" CONTENT="7th," WC="0.64" CC="3523"/>
						<SP ID="P11_SP00215" HPOS="1594" VPOS="1413" WIDTH="0"/>
					</TextLine>
					<TextLine ID="P11_TL00027" HPOS="273" VPOS="1410" WIDTH="1324" HEIGHT="55">
						<String ID="word000225" HPOS="273" VPOS="1410" WIDTH="66" HEIGHT="39" CONTENT="but" WC="1.00" CC="000"/>
						<SP ID="P11_SP00216" HPOS="339" VPOS="1449" WIDTH="18"/>
						<String ID="word000226" HPOS="357" VPOS="1410" WIDTH="61" HEIGHT="33" CONTENT="the" WC="1.00" CC="000"/>
						<SP ID="P11_SP00217" HPOS="418" VPOS="1449" WIDTH="20"/>
						<String ID="word000227" HPOS="438" VPOS="1410" WIDTH="90" HEIGHT="35" CONTENT="head" WC="0.92" CC="1002"/>
						<SP ID="P11_SP00218" HPOS="528" VPOS="1449" WIDTH="21"/>
						<String ID="word000228" HPOS="549" VPOS="1421" WIDTH="165" HEIGHT="35" CONTENT="quarters" WC="0.97" CC="00001100"/>
						<SP ID="P11_SP00219" HPOS="715" VPOS="1456" WIDTH="34"/>
						<String ID="word000229" HPOS="749" VPOS="1415" WIDTH="40" HEIGHT="33" CONTENT="of" WC="1.00" CC="00"/>
						<SP ID="P11_SP00220" HPOS="789" VPOS="1456" WIDTH="21"/>
						<String ID="word000230" HPOS="810" VPOS="1416" WIDTH="78" HEIGHT="33" CONTENT="that" WC="1.00" CC="0000"/>
						<SP ID="P11_SP00221" HPOS="888" VPOS="1456" WIDTH="19"/>
						<String ID="word000231" HPOS="907" VPOS="1428" WIDTH="104" HEIGHT="33" CONTENT="army" WC="1.00" CC="0000"/>
						<SP ID="P11_SP00222" HPOS="1011" VPOS="1461" WIDTH="30"/>
						<String ID="word000232" HPOS="1041" VPOS="1428" WIDTH="65" HEIGHT="24" CONTENT="are" WC="0.96" CC="100"/>
						<SP ID="P11_SP00223" HPOS="1106" VPOS="1461" WIDTH="33"/>
						<String ID="word000233" HPOS="1139" VPOS="1419" WIDTH="74" HEIGHT="38" CONTENT="still" WC="0.95" CC="01001"/>
						<SP ID="P11_SP00224" HPOS="1213" VPOS="1461" WIDTH="17"/>
						<String ID="word000234" HPOS="1230" VPOS="1424" WIDTH="41" HEIGHT="26" CONTENT="at" WC="0.94" CC="10"/>
						<SP ID="P11_SP00225" HPOS="1271" VPOS="1461" WIDTH="22"/>
						<String ID="word000235" HPOS="1293" VPOS="1420" WIDTH="109" HEIGHT="45" CONTENT="Lugo." WC="0.73" CC="61131"/>
						<SP ID="P11_SP00226" HPOS="1402" VPOS="1465" WIDTH="59"/>
						<String ID="word000236" HPOS="1461" VPOS="1421" WIDTH="57" HEIGHT="32" CONTENT="On" WC="0.94" CC="10"/>
						<SP ID="P11_SP00227" HPOS="1518" VPOS="1465" WIDTH="18"/>
						<String ID="word000237" HPOS="1535" VPOS="1422" WIDTH="61" HEIGHT="39" CONTENT="the" WC="1.00" CC="000"/>
						<SP ID="P11_SP00228" HPOS="1597" VPOS="1465" WIDTH="0"/>
					</TextLine>
					<TextLine ID="P11_TL00028" HPOS="272" VPOS="1456" WIDTH="1320" HEIGHT="55">
						<String ID="word000238" HPOS="272" VPOS="1456" WIDTH="196" HEIGHT="38" CONTENT="aftentonn" WC="0.57" CC="336335363"/>
						<SP ID="P11_SP00229" HPOS="468" VPOS="1494" WIDTH="18"/>
						<String ID="word000239" HPOS="485" VPOS="1460" WIDTH="47" HEIGHT="34" CONTENT="of" WC="1.00" CC="00"/>
						<SP ID="P11_SP00230" HPOS="533" VPOS="1494" WIDTH="21"/>
						<String ID="word000240" HPOS="554" VPOS="1462" WIDTH="58" HEIGHT="32" CONTENT="the" WC="1.00" CC="000" STYLEREFS="TXT_3"/>
						<SP ID="P11_SP00231" HPOS="612" VPOS="1494" WIDTH="24"/>
						<String ID="word000241" HPOS="635" VPOS="1462" WIDTH="80" HEIGHT="39" CONTENT="tith," WC="0.58" CC="55333"/>
						<SP ID="P11_SP00232" HPOS="716" VPOS="1501" WIDTH="27"/>
						<String ID="word000242" HPOS="743" VPOS="1462" WIDTH="60" HEIGHT="34" CONTENT="the" WC="1.00" CC="000"/>
						<SP ID="P11_SP00233" HPOS="803" VPOS="1501" WIDTH="24"/>
						<String ID="word000243" HPOS="827" VPOS="1473" WIDTH="123" HEIGHT="35" CONTENT="enemy" WC="0.82" CC="12122" STYLEREFS="TXT_3"/>
						<SP ID="P11_SP00234" HPOS="950" VPOS="1508" WIDTH="20"/>
						<String ID="word000244" HPOS="970" VPOS="1465" WIDTH="110" HEIGHT="44" CONTENT="made" WC="0.69" CC="1541"/>
						<SP ID="P11_SP00235" HPOS="1080" VPOS="1508" WIDTH="25"/>
						<String ID="word000245" HPOS="1104" VPOS="1475" WIDTH="24" HEIGHT="24" CONTENT="a" WC="1.00" CC="0"/>
						<SP ID="P11_SP00236" HPOS="1128" VPOS="1508" WIDTH="22"/>
						<String ID="word000246" HPOS="1150" VPOS="1461" WIDTH="136" HEIGHT="50" CONTENT="paitial" WC="0.59" CC="3373334"/>
						<SP ID="P11_SP00237" HPOS="1286" VPOS="1511" WIDTH="25"/>
						<String ID="word000247" HPOS="1311" VPOS="1463" WIDTH="128" HEIGHT="37" CONTENT="'attack" WC="0.90" CC="4100100"/>
						<SP ID="P11_SP00238" HPOS="1439" VPOS="1511" WIDTH="21"/>
						<String ID="word000248" HPOS="1460" VPOS="1478" WIDTH="44" HEIGHT="22" CONTENT="no" WC="0.61" CC="34"/>
						<SP ID="P11_SP00239" HPOS="1504" VPOS="1511" WIDTH="31"/>
						<String ID="word000249" HPOS="1534" VPOS="1466" WIDTH="58" HEIGHT="34" CONTENT="tbe" WC="0.30" CC="388"/>
						<SP ID="P11_SP00240" HPOS="1592" VPOS="1511" WIDTH="0"/>
					</TextLine>
					<TextLine ID="P11_TL00029" HPOS="274" VPOS="1505" WIDTH="1323" HEIGHT="58">
						<String ID="word000250" HPOS="274" VPOS="1505" WIDTH="155" HEIGHT="43" CONTENT="English" WC="0.84" CC="1611001"/>
						<SP ID="P11_SP00241" HPOS="429" VPOS="1547" WIDTH="19"/>
						<String ID="word000251" HPOS="448" VPOS="1508" WIDTH="177" HEIGHT="43" CONTENT="position." WC="0.78" CC="105130413"/>
						<SP ID="P11_SP00242" HPOS="625" VPOS="1551" WIDTH="25"/>
						<String ID="word000252" HPOS="650" VPOS="1509" WIDTH="64" HEIGHT="33" CONTENT="but" WC="0.93" CC="101"/>
						<SP ID="P11_SP00243" HPOS="713" VPOS="1551" WIDTH="24"/>
						<String ID="word000253" HPOS="737" VPOS="1520" WIDTH="97" HEIGHT="25" CONTENT="were" WC="0.92" CC="0201"/>
						<SP ID="P11_SP00244" HPOS="834" VPOS="1551" WIDTH="18"/>
						<String ID="word000254" HPOS="852" VPOS="1513" WIDTH="165" HEIGHT="44" CONTENT="repuked" WC="0.57" CC="3533733"/>
						<SP ID="P11_SP00245" HPOS="1017" VPOS="1557" WIDTH="22"/>
						<String ID="word000255" HPOS="1039" VPOS="1512" WIDTH="89" HEIGHT="35" CONTENT="with" WC="0.75" CC="3150"/>
						<SP ID="P11_SP00246" HPOS="1128" VPOS="1557" WIDTH="38"/>
						<String ID="word000256" HPOS="1166" VPOS="1508" WIDTH="60" HEIGHT="40" CONTENT="the" WC="0.44" CC="663"/>
						<SP ID="P11_SP00247" HPOS="1226" VPOS="1557" WIDTH="20"/>
						<String ID="word000257" HPOS="1246" VPOS="1514" WIDTH="72" HEIGHT="33" CONTENT="lOss" WC="0.56" CC="3742"/>
						<SP ID="P11_SP00248" HPOS="1318" VPOS="1557" WIDTH="15"/>
						<String ID="word000258" HPOS="1333" VPOS="1513" WIDTH="40" HEIGHT="50" CONTENT="pfi" WC="0.22" CC="588" STYLEREFS="TXT_3"/>
						<SP ID="P11_SP00249" HPOS="1374" VPOS="1563" WIDTH="40"/>
						<String ID="word000259" HPOS="1414" VPOS="1512" WIDTH="183" HEIGHT="45" CONTENT="sooabout" WC="0.43" CC="77355473" STYLEREFS="TXT_3"/>
						<SP ID="P11_SP00250" HPOS="1597" VPOS="1563" WIDTH="0"/>
					</TextLine>
					<TextLine ID="P11_TL00030" HPOS="274" VPOS="1553" WIDTH="886" HEIGHT="51">
						<String ID="word000260" HPOS="274" VPOS="1561" WIDTH="84" HEIGHT="25" CONTENT="men" WC="0.85" CC="202" STYLEREFS="TXT_3"/>
						<SP ID="P11_SP00251" HPOS="358" VPOS="1586" WIDTH="13"/>
						<String ID="word000261" HPOS="371" VPOS="1564" WIDTH="9" HEIGHT="27" CONTENT=";" WC="0.78" CC="2" STYLEREFS="TXT_3"/>
						<SP ID="P11_SP00252" HPOS="380" VPOS="1591" WIDTH="30"/>
						<String ID="word000262" HPOS="410" VPOS="1553" WIDTH="79" HEIGHT="34" CONTENT="that" WC="0.97" CC="0010" STYLEREFS="TXT_3"/>
						<SP ID="P11_SP00253" HPOS="489" VPOS="1591" WIDTH="17"/>
						<String ID="word000263" HPOS="506" VPOS="1554" WIDTH="46" HEIGHT="34" CONTENT="of" WC="1.00" CC="00"/>
						<SP ID="P11_SP00254" HPOS="552" VPOS="1591" WIDTH="21"/>
						<String ID="word000264" HPOS="573" VPOS="1556" WIDTH="60" HEIGHT="33" CONTENT="the" WC="1.00" CC="000"/>
						<SP ID="P11_SP00255" HPOS="633" VPOS="1591" WIDTH="20"/>
						<String ID="word000265" HPOS="653" VPOS="1556" WIDTH="151" HEIGHT="44" CONTENT="English" WC="0.90" CC="1121100"/>
						<SP ID="P11_SP00256" HPOS="804" VPOS="1599" WIDTH="20"/>
						<String ID="word000266" HPOS="824" VPOS="1559" WIDTH="105" HEIGHT="45" CONTENT="being" WC="0.98" CC="01000"/>
						<SP ID="P11_SP00257" HPOS="930" VPOS="1604" WIDTH="13"/>
						<String ID="word000267" HPOS="943" VPOS="1560" WIDTH="73" HEIGHT="32" CONTENT="but." WC="0.56" CC="5146"/>
						<SP ID="P11_SP00258" HPOS="1016" VPOS="1604" WIDTH="9"/>
						<String ID="word000268" HPOS="1025" VPOS="1560" WIDTH="135" HEIGHT="43" CONTENT="trifing." WC="0.64" CC="33335333"/>
						<SP ID="P11_SP00259" HPOS="1160" VPOS="1604" WIDTH="0"/>
					</TextLine>
					<TextLine ID="P11_TL00031" HPOS="322" VPOS="1598" WIDTH="1271" HEIGHT="56">
						<String ID="word000269" HPOS="322" VPOS="1598" WIDTH="81" HEIGHT="35" CONTENT="The" WC="0.96" CC="010"/>
						<SP ID="P11_SP00260" HPOS="404" VPOS="1633" WIDTH="17"/>
						<String ID="word000270" HPOS="420" VPOS="1611" WIDTH="63" HEIGHT="24" CONTENT="sea" WC="0.96" CC="001"/>
						<SP ID="P11_SP00261" HPOS="483" VPOS="1635" WIDTH="15"/>
						<String ID="word000271" HPOS="498" VPOS="1603" WIDTH="174" HEIGHT="35" CONTENT="batteries" WC="0.97" CC="010000010"/>
						<SP ID="P11_SP00262" HPOS="672" VPOS="1638" WIDTH="30"/>
						<String ID="word000272" HPOS="702" VPOS="1605" WIDTH="87" HEIGHT="34" CONTENT="here" WC="1.00" CC="0000"/>
						<SP ID="P11_SP00263" HPOS="789" VPOS="1639" WIDTH="25"/>
						<String ID="word000273" HPOS="814" VPOS="1605" WIDTH="91" HEIGHT="34" CONTENT="have" WC="0.92" CC="3000"/>
						<SP ID="P11_SP00264" HPOS="905" VPOS="1639" WIDTH="25"/>
						<String ID="word000274" HPOS="930" VPOS="1607" WIDTH="89" HEIGHT="33" CONTENT="been" WC="0.92" CC="1110"/>
						<SP ID="P11_SP00265" HPOS="1018" VPOS="1641" WIDTH="34"/>
						<String ID="word000275" HPOS="1052" VPOS="1606" WIDTH="229" HEIGHT="41" CONTENT="dismantled," WC="0.99" CC="00100000000"/>
						<SP ID="P11_SP00266" HPOS="1281" VPOS="1648" WIDTH="27"/>
						<String ID="word000276" HPOS="1309" VPOS="1609" WIDTH="35" HEIGHT="45" CONTENT="iq" WC="0.39" CC="38"/>
						<SP ID="P11_SP00267" HPOS="1344" VPOS="1654" WIDTH="35"/>
						<String ID="word000277" HPOS="1380" VPOS="1609" WIDTH="110" HEIGHT="37" CONTENT="order" WC="0.87" CC="30111"/>
						<SP ID="P11_SP00268" HPOS="1489" VPOS="1654" WIDTH="27"/>
						<String ID="word000278" HPOS="1517" VPOS="1607" WIDTH="76" HEIGHT="35" CONTENT="that" WC="0.94" CC="0110"/>
						<SP ID="P11_SP00269" HPOS="1592" VPOS="1654" WIDTH="0"/>
					</TextLine>
					<TextLine ID="P11_TL00032" HPOS="270" VPOS="1645" WIDTH="1321" HEIGHT="52">
						<String ID="word000279" HPOS="270" VPOS="1645" WIDTH="93" HEIGHT="45" CONTENT="they" WC="0.97" CC="0100"/>
						<SP ID="P11_SP00270" HPOS="364" VPOS="1690" WIDTH="20"/>
						<String ID="word000280" HPOS="384" VPOS="1650" WIDTH="113" HEIGHT="41" CONTENT="might" WC="1.00" CC="00000"/>
						<SP ID="P11_SP00271" HPOS="497" VPOS="1691" WIDTH="18"/>
						<String ID="word000281" HPOS="515" VPOS="1656" WIDTH="66" HEIGHT="33" CONTENT="not" WC="1.00" CC="000"/>
						<SP ID="P11_SP00272" HPOS="581" VPOS="1691" WIDTH="26"/>
						<String ID="word000282" HPOS="607" VPOS="1651" WIDTH="137" HEIGHT="39" CONTENT="furnish" WC="0.94" CC="1100020"/>
						<SP ID="P11_SP00273" HPOS="744" VPOS="1691" WIDTH="32"/>
						<String ID="word000283" HPOS="776" VPOS="1652" WIDTH="64" HEIGHT="33" CONTENT="the" WC="1.00" CC="000"/>
						<SP ID="P11_SP00274" HPOS="840" VPOS="1691" WIDTH="30"/>
						<String ID="word000284" HPOS="869" VPOS="1664" WIDTH="125" HEIGHT="33" CONTENT="enemy" WC="0.91" CC="00031"/>
						<SP ID="P11_SP00275" HPOS="994" VPOS="1697" WIDTH="34"/>
						<String ID="word000285" HPOS="1029" VPOS="1654" WIDTH="89" HEIGHT="34" CONTENT="with" WC="1.00" CC="0000"/>
						<SP ID="P11_SP00276" HPOS="1117" VPOS="1697" WIDTH="35"/>
						<String ID="word000286" HPOS="1153" VPOS="1664" WIDTH="53" HEIGHT="24" CONTENT="me" WC="1.00" CC="00"/>
						<SP ID="P11_SP00277" HPOS="1206" VPOS="1697" WIDTH="13"/>
						<String ID="word000287" HPOS="1219" VPOS="1665" WIDTH="52" HEIGHT="22" CONTENT="ins" WC="0.89" CC="300"/>
						<SP ID="P11_SP00278" HPOS="1271" VPOS="1697" WIDTH="33"/>
						<String ID="word000288" HPOS="1304" VPOS="1654" WIDTH="41" HEIGHT="34" CONTENT="cif" WC="0.63" CC="451"/>
						<SP ID="P11_SP00279" HPOS="1345" VPOS="1697" WIDTH="25"/>
						<String ID="word000289" HPOS="1370" VPOS="1651" WIDTH="22" HEIGHT="46" CONTENT="a" WC="0.44" CC="5"/>
						<String ID="word000290" HPOS="1396" VPOS="1668" WIDTH="18" HEIGHT="21" CONTENT="n" WC="0.33" CC="6" STYLEREFS="TXT_4"/>
						<String ID="word000291" HPOS="1420" VPOS="1665" WIDTH="171" HEIGHT="32" CONTENT="noyance." WC="0.78" CC="54401011"/>
						<SP ID="P11_SP00280" HPOS="1591" VPOS="1697" WIDTH="0"/>
					</TextLine>
					<TextLine ID="P11_TL00033" HPOS="275" VPOS="1695" WIDTH="1322" HEIGHT="58">
						<String ID="word000292" HPOS="275" VPOS="1695" WIDTH="84" HEIGHT="33" CONTENT="The" WC="0.96" CC="100"/>
						<SP ID="P11_SP00281" HPOS="359" VPOS="1728" WIDTH="12"/>
						<String ID="word000293" HPOS="371" VPOS="1707" WIDTH="128" HEIGHT="34" CONTENT="enemy" WC="0.91" CC="00130"/>
						<SP ID="P11_SP00282" HPOS="498" VPOS="1741" WIDTH="22"/>
						<String ID="word000294" HPOS="521" VPOS="1697" WIDTH="93" HEIGHT="34" CONTENT="have" WC="1.00" CC="0000"/>
						<SP ID="P11_SP00283" HPOS="614" VPOS="1741" WIDTH="28"/>
						<String ID="word000295" HPOS="643" VPOS="1704" WIDTH="77" HEIGHT="27" CONTENT="two" WC="0.93" CC="110"/>
						<SP ID="P11_SP00284" HPOS="719" VPOS="1741" WIDTH="18"/>
						<String ID="word000296" HPOS="737" VPOS="1702" WIDTH="162" HEIGHT="32" CONTENT="columns" WC="0.98" CC="1000000"/>
						<SP ID="P11_SP00285" HPOS="899" VPOS="1741" WIDTH="18"/>
						<String ID="word000297" HPOS="917" VPOS="1711" WIDTH="44" HEIGHT="25" CONTENT="on" WC="0.72" CC="23"/>
						<SP ID="P11_SP00286" HPOS="960" VPOS="1741" WIDTH="21"/>
						<String ID="word000298" HPOS="981" VPOS="1701" WIDTH="99" HEIGHT="34" CONTENT="their" WC="1.00" CC="00000"/>
						<SP ID="P11_SP00287" HPOS="1081" VPOS="1741" WIDTH="19"/>
						<String ID="word000299" HPOS="1100" VPOS="1703" WIDTH="118" HEIGHT="33" CONTENT="march" WC="0.87" CC="00015"/>
						<SP ID="P11_SP00288" HPOS="1218" VPOS="1741" WIDTH="20"/>
						<String ID="word000300" HPOS="1238" VPOS="1709" WIDTH="39" HEIGHT="26" CONTENT="to" WC="1.00" CC="00"/>
						<SP ID="P11_SP00289" HPOS="1277" VPOS="1741" WIDTH="26"/>
						<String ID="word000301" HPOS="1303" VPOS="1703" WIDTH="171" HEIGHT="50" CONTENT="Portugal" WC="0.72" CC="13035143"/>
						<SP ID="P11_SP00290" HPOS="1474" VPOS="1753" WIDTH="18"/>
						<String ID="word000302" HPOS="1492" VPOS="1716" WIDTH="8" HEIGHT="20" CONTENT=":" WC="0.33" CC="6"/>
						<SP ID="P11_SP00291" HPOS="1500" VPOS="1753" WIDTH="30"/>
						<String ID="word000303" HPOS="1530" VPOS="1715" WIDTH="67" HEIGHT="22" CONTENT="one" WC="0.96" CC="010"/>
						<SP ID="P11_SP00292" HPOS="1597" VPOS="1753" WIDTH="0"/>
					</TextLine>
					<TextLine ID="P11_TL00034" HPOS="274" VPOS="1742" WIDTH="1319" HEIGHT="46">
						<String ID="word000304" HPOS="274" VPOS="1742" WIDTH="64" HEIGHT="46" CONTENT="for" WC="0.93" CC="110"/>
						<SP ID="P11_SP00293" HPOS="338" VPOS="1788" WIDTH="21"/>
						<String ID="word000305" HPOS="359" VPOS="1742" WIDTH="129" HEIGHT="37" CONTENT="Lisbon" WC="0.81" CC="203311"/>
						<SP ID="P11_SP00294" HPOS="488" VPOS="1788" WIDTH="19"/>
						<String ID="word000306" HPOS="507" VPOS="1744" WIDTH="47" HEIGHT="44" CONTENT="by" WC="1.00" CC="00"/>
						<SP ID="P11_SP00295" HPOS="554" VPOS="1788" WIDTH="22"/>
						<String ID="word000307" HPOS="576" VPOS="1746" WIDTH="261" HEIGHT="35" CONTENT="Estramadura" WC="0.65" CC="33333533333"/>
						<SP ID="P11_SP00296" HPOS="837" VPOS="1788" WIDTH="30"/>
						<String ID="word000308" HPOS="867" VPOS="1749" WIDTH="67" HEIGHT="32" CONTENT="and" WC="0.96" CC="100"/>
						<SP ID="P11_SP00297" HPOS="934" VPOS="1788" WIDTH="35"/>
						<String ID="word000309" HPOS="970" VPOS="1749" WIDTH="113" HEIGHT="34" CONTENT="Elvtts" WC="0.41" CC="438773"/>
						<SP ID="P11_SP00298" HPOS="1083" VPOS="1788" WIDTH="51"/>
						<String ID="word000310" HPOS="1134" VPOS="1749" WIDTH="60" HEIGHT="33" CONTENT="the" WC="0.93" CC="200"/>
						<SP ID="P11_SP00299" HPOS="1194" VPOS="1788" WIDTH="26"/>
						<String ID="word000311" HPOS="1220" VPOS="1750" WIDTH="109" HEIGHT="33" CONTENT="other" WC="0.91" CC="13000"/>
						<SP ID="P11_SP00300" HPOS="1329" VPOS="1788" WIDTH="24"/>
						<String ID="word000312" HPOS="1352" VPOS="1752" WIDTH="70" HEIGHT="33" CONTENT="had" WC="0.93" CC="110"/>
						<SP ID="P11_SP00301" HPOS="1422" VPOS="1788" WIDTH="20"/>
						<String ID="word000313" HPOS="1442" VPOS="1750" WIDTH="151" HEIGHT="37" CONTENT="reached" WC="1.00" CC="0000000"/>
						<SP ID="P11_SP00302" HPOS="1593" VPOS="1788" WIDTH="0"/>
					</TextLine>
					<TextLine ID="P11_TL00035" HPOS="274" VPOS="1791" WIDTH="900" HEIGHT="50">
						<String ID="word000314" HPOS="274" VPOS="1791" WIDTH="159" HEIGHT="45" CONTENT="Zamora" WC="0.70" CC="615310" STYLEREFS="TXT_4"/>
						<SP ID="P11_SP00303" HPOS="433" VPOS="1835" WIDTH="14"/>
						<String ID="word000315" HPOS="448" VPOS="1802" WIDTH="43" HEIGHT="21" CONTENT="on" WC="1.00" CC="00"/>
						<SP ID="P11_SP00304" HPOS="490" VPOS="1835" WIDTH="17"/>
						<String ID="word000316" HPOS="507" VPOS="1792" WIDTH="64" HEIGHT="33" CONTENT="the" WC="1.00" CC="000"/>
						<SP ID="P11_SP00305" HPOS="570" VPOS="1835" WIDTH="20"/>
						<String ID="word000317" HPOS="591" VPOS="1792" WIDTH="97" HEIGHT="44" CONTENT="15th," WC="0.78" CC="34111"/>
						<SP ID="P11_SP00306" HPOS="687" VPOS="1835" WIDTH="27"/>
						<String ID="word000318" HPOS="715" VPOS="1805" WIDTH="47" HEIGHT="31" CONTENT="on" WC="1.00" CC="00"/>
						<SP ID="P11_SP00307" HPOS="762" VPOS="1835" WIDTH="21"/>
						<String ID="word000319" HPOS="783" VPOS="1794" WIDTH="45" HEIGHT="40" CONTENT="its" WC="0.44" CC="546"/>
						<SP ID="P11_SP00308" HPOS="828" VPOS="1835" WIDTH="20"/>
						<String ID="word000320" HPOS="848" VPOS="1807" WIDTH="80" HEIGHT="33" CONTENT="way" WC="0.93" CC="110"/>
						<SP ID="P11_SP00309" HPOS="928" VPOS="1840" WIDTH="19"/>
						<String ID="word000321" HPOS="947" VPOS="1801" WIDTH="39" HEIGHT="37" CONTENT="to" WC="0.72" CC="14"/>
						<SP ID="P11_SP00310" HPOS="986" VPOS="1840" WIDTH="27"/>
						<String ID="word000322" HPOS="1013" VPOS="1798" WIDTH="161" HEIGHT="43" CONTENT="Oporto." WC="0.87" CC="0010115"/>
						<SP ID="P11_SP00311" HPOS="1174" VPOS="1840" WIDTH="0"/>
					</TextLine>
					<TextLine ID="P11_TL00036" HPOS="326" VPOS="1845" WIDTH="1147" HEIGHT="59">
						<String ID="word000323" HPOS="326" VPOS="1845" WIDTH="86" HEIGHT="39" CONTENT="The" WC="1.00" CC="000"/>
						<SP ID="P11_SP00312" HPOS="412" VPOS="1884" WIDTH="20"/>
						<String ID="word000324" HPOS="432" VPOS="1847" WIDTH="217" HEIGHT="51" CONTENT="Nonpariel" WC="0.51" CC="383336563"/>
						<SP ID="P11_SP00313" HPOS="650" VPOS="1898" WIDTH="20"/>
						<String ID="word000325" HPOS="670" VPOS="1848" WIDTH="198" HEIGHT="39" CONTENT="schooner" WC="0.97" CC="00010010"/>
						<SP ID="P11_SP00314" HPOS="868" VPOS="1898" WIDTH="18"/>
						<String ID="word000326" HPOS="886" VPOS="1850" WIDTH="157" HEIGHT="40" CONTENT="arrived" WC="0.97" CC="0001010"/>
						<SP ID="P11_SP00315" HPOS="1043" VPOS="1898" WIDTH="27"/>
						<String ID="word000327" HPOS="1070" VPOS="1864" WIDTH="52" HEIGHT="25" CONTENT="on" WC="1.00" CC="00"/>
						<SP ID="P11_SP00316" HPOS="1122" VPOS="1898" WIDTH="37"/>
						<String ID="word000328" HPOS="1159" VPOS="1851" WIDTH="244" HEIGHT="53" CONTENT="Wednesday" WC="0.80" CC="210113350"/>
						<SP ID="P11_SP00317" HPOS="1403" VPOS="1904" WIDTH="28"/>
						<String ID="word000329" HPOS="1431" VPOS="1857" WIDTH="41" HEIGHT="44" CONTENT="at" WC="0.50" CC="81"/>
						<SP ID="P11_SP00318" HPOS="1473" VPOS="1904" WIDTH="0"/>
					</TextLine>
					<TextLine ID="P11_TL00037" HPOS="274" VPOS="1896" WIDTH="1318" HEIGHT="50">
						<String ID="word000330" HPOS="274" VPOS="1896" WIDTH="146" HEIGHT="43" CONTENT="mouth" WC="0.93" CC="11100"/>
						<SP ID="P11_SP00319" HPOS="420" VPOS="1938" WIDTH="18"/>
						<String ID="word000331" HPOS="438" VPOS="1898" WIDTH="110" HEIGHT="40" CONTENT="from" WC="1.00" CC="0000"/>
						<SP ID="P11_SP00320" HPOS="548" VPOS="1938" WIDTH="21"/>
						<String ID="word000332" HPOS="569" VPOS="1899" WIDTH="136" HEIGHT="46" CONTENT="Cadiz," WC="0.89" CC="120111"/>
						<SP ID="P11_SP00321" HPOS="705" VPOS="1945" WIDTH="19"/>
						<String ID="word000333" HPOS="724" VPOS="1900" WIDTH="109" HEIGHT="39" CONTENT="from" WC="1.00" CC="0000"/>
						<SP ID="P11_SP00322" HPOS="833" VPOS="1945" WIDTH="21"/>
						<String ID="word000334" HPOS="854" VPOS="1903" WIDTH="157" HEIGHT="39" CONTENT="whence" WC="0.98" CC="010000"/>
						<SP ID="P11_SP00323" HPOS="1011" VPOS="1945" WIDTH="20"/>
						<String ID="word000335" HPOS="1031" VPOS="1904" WIDTH="69" HEIGHT="38" CONTENT="she" WC="0.96" CC="001"/>
						<SP ID="P11_SP00324" HPOS="1100" VPOS="1945" WIDTH="18"/>
						<String ID="word000336" HPOS="1117" VPOS="1902" WIDTH="119" HEIGHT="43" CONTENT="sailed" WC="0.94" CC="010200"/>
						<SP ID="P11_SP00325" HPOS="1237" VPOS="1945" WIDTH="22"/>
						<String ID="word000337" HPOS="1259" VPOS="1916" WIDTH="52" HEIGHT="25" CONTENT="on" WC="1.00" CC="00"/>
						<SP ID="P11_SP00326" HPOS="1311" VPOS="1945" WIDTH="20"/>
						<String ID="word000338" HPOS="1331" VPOS="1905" WIDTH="67" HEIGHT="38" CONTENT="the" WC="1.00" CC="000"/>
						<SP ID="P11_SP00327" HPOS="1398" VPOS="1945" WIDTH="17"/>
						<String ID="word000339" HPOS="1415" VPOS="1906" WIDTH="69" HEIGHT="38" CONTENT="Sth" WC="0.52" CC="733"/>
						<SP ID="P11_SP00328" HPOS="1483" VPOS="1945" WIDTH="22"/>
						<String ID="word000340" HPOS="1506" VPOS="1905" WIDTH="86" HEIGHT="39" CONTENT="inst." WC="0.98" CC="01000"/>
						<SP ID="P11_SP00329" HPOS="1592" VPOS="1945" WIDTH="0"/>
					</TextLine>
					<TextLine ID="P11_TL00038" HPOS="274" VPOS="1949" WIDTH="1325" HEIGHT="63">
						<String ID="word000341" HPOS="274" VPOS="1950" WIDTH="79" HEIGHT="43" CONTENT="She" WC="0.89" CC="300"/>
						<SP ID="P11_SP00330" HPOS="353" VPOS="1993" WIDTH="19"/>
						<String ID="word000342" HPOS="372" VPOS="1949" WIDTH="32" HEIGHT="39" CONTENT="is" WC="1.00" CC="00"/>
						<SP ID="P11_SP00331" HPOS="404" VPOS="1993" WIDTH="14"/>
						<String ID="word000343" HPOS="418" VPOS="1951" WIDTH="80" HEIGHT="39" CONTENT="said" WC="0.94" CC="0002"/>
						<SP ID="P11_SP00332" HPOS="498" VPOS="1993" WIDTH="12"/>
						<String ID="word000344" HPOS="510" VPOS="1956" WIDTH="56" HEIGHT="34" CONTENT="'to" WC="0.70" CC="800"/>
						<SP ID="P11_SP00333" HPOS="566" VPOS="1993" WIDTH="15"/>
						<String ID="word000345" HPOS="581" VPOS="1951" WIDTH="102" HEIGHT="44" CONTENT="have" WC="0.97" CC="0100"/>
						<SP ID="P11_SP00334" HPOS="683" VPOS="1995" WIDTH="21"/>
						<String ID="word000346" HPOS="704" VPOS="1954" WIDTH="180" HEIGHT="52" CONTENT="brought" WC="1.00" CC="0000000"/>
						<SP ID="P11_SP00335" HPOS="883" VPOS="2006" WIDTH="19"/>
						<String ID="word000347" HPOS="902" VPOS="1955" WIDTH="133" HEIGHT="40" CONTENT="letters" WC="0.75" CC="3360112"/>
						<SP ID="P11_SP00336" HPOS="1036" VPOS="2006" WIDTH="15"/>
						<String ID="word000348" HPOS="1051" VPOS="1955" WIDTH="234" HEIGHT="57" CONTENT="containing" WC="0.89" CC="1120011301"/>
						<SP ID="P11_SP00337" HPOS="1285" VPOS="2011" WIDTH="19"/>
						<String ID="word000349" HPOS="1304" VPOS="1969" WIDTH="48" HEIGHT="26" CONTENT="an" WC="0.94" CC="01"/>
						<SP ID="P11_SP00338" HPOS="1352" VPOS="2011" WIDTH="17"/>
						<String ID="word000350" HPOS="1369" VPOS="1964" WIDTH="170" HEIGHT="32" CONTENT="account" WC="0.98" CC="0100000"/>
						<SP ID="P11_SP00339" HPOS="1539" VPOS="2011" WIDTH="17"/>
						<String ID="word000351" HPOS="1556" VPOS="1957" WIDTH="43" HEIGHT="39" CONTENT="of" WC="1.00" CC="00"/>
						<SP ID="P11_SP00340" HPOS="1598" VPOS="2011" WIDTH="0"/>
					</TextLine>
					<TextLine ID="P11_TL00039" HPOS="274" VPOS="2002" WIDTH="1325" HEIGHT="58">
						<String ID="word000352" HPOS="274" VPOS="2015" WIDTH="26" HEIGHT="25" CONTENT="a" WC="1.00" CC="0"/>
						<SP ID="P11_SP00341" HPOS="300" VPOS="2040" WIDTH="19"/>
						<String ID="word000353" HPOS="319" VPOS="2002" WIDTH="132" HEIGHT="39" CONTENT="defeat" WC="1.00" CC="000000"/>
						<SP ID="P11_SP00342" HPOS="451" VPOS="2041" WIDTH="19"/>
						<String ID="word000354" HPOS="470" VPOS="2004" WIDTH="197" HEIGHT="44" CONTENT="sustained" WC="0.96" CC="000000111"/>
						<SP ID="P11_SP00343" HPOS="667" VPOS="2048" WIDTH="19"/>
						<String ID="word000355" HPOS="686" VPOS="2006" WIDTH="54" HEIGHT="54" CONTENT="by" WC="0.72" CC="05"/>
						<SP ID="P11_SP00344" HPOS="741" VPOS="2060" WIDTH="19"/>
						<String ID="word000356" HPOS="759" VPOS="2007" WIDTH="71" HEIGHT="39" CONTENT="the" WC="0.96" CC="001"/>
						<SP ID="P11_SP00345" HPOS="830" VPOS="2060" WIDTH="18"/>
						<String ID="word000357" HPOS="848" VPOS="2009" WIDTH="209" HEIGHT="51" CONTENT="Spaniards" WC="0.73" CC="531311206"/>
						<SP ID="P11_SP00346" HPOS="1057" VPOS="2060" WIDTH="12"/>
						<String ID="word000358" HPOS="1069" VPOS="2021" WIDTH="92" HEIGHT="25" CONTENT="near" WC="0.97" CC="0010"/>
						<SP ID="P11_SP00347" HPOS="1161" VPOS="2060" WIDTH="22"/>
						<String ID="word000359" HPOS="1183" VPOS="2008" WIDTH="231" HEIGHT="47" CONTENT="Barcelona." WC="0.92" CC="1001110300"/>
						<SP ID="P11_SP00348" HPOS="1415" VPOS="2060" WIDTH="33"/>
						<String ID="word000360" HPOS="1448" VPOS="2011" WIDTH="151" HEIGHT="38" CONTENT="Letters" WC="0.98" CC="0100000"/>
						<SP ID="P11_SP00349" HPOS="1599" VPOS="2060" WIDTH="0"/>
					</TextLine>
					<TextLine ID="P11_TL00040" HPOS="274" VPOS="2053" WIDTH="1326" HEIGHT="60">
						<String ID="word000361" HPOS="274" VPOS="2053" WIDTH="111" HEIGHT="43" CONTENT="from" WC="0.72" CC="1504"/>
						<SP ID="P11_SP00350" HPOS="385" VPOS="2095" WIDTH="19"/>
						<String ID="word000362" HPOS="404" VPOS="2054" WIDTH="162" HEIGHT="44" CONTENT="Alicant" WC="0.92" CC="0103010"/>
						<SP ID="P11_SP00351" HPOS="566" VPOS="2098" WIDTH="20"/>
						<String ID="word000363" HPOS="586" VPOS="2055" WIDTH="48" HEIGHT="40" CONTENT="of" WC="1.00" CC="00"/>
						<SP ID="P11_SP00352" HPOS="634" VPOS="2098" WIDTH="21"/>
						<String ID="word000364" HPOS="656" VPOS="2054" WIDTH="70" HEIGHT="44" CONTENT="the" WC="1.00" CC="000"/>
						<SP ID="P11_SP00353" HPOS="725" VPOS="2098" WIDTH="26"/>
						<String ID="word000365" HPOS="751" VPOS="2055" WIDTH="98" HEIGHT="46" CONTENT="24th" WC="0.92" CC="1101"/>
						<SP ID="P11_SP00354" HPOS="849" VPOS="2101" WIDTH="27"/>
						<String ID="word000366" HPOS="876" VPOS="2060" WIDTH="244" HEIGHT="47" CONTENT="December;" WC="0.78" CC="110460006"/>
						<SP ID="P11_SP00355" HPOS="1121" VPOS="2107" WIDTH="13"/>
						<String ID="word000367" HPOS="1134" VPOS="2060" WIDTH="73" HEIGHT="39" CONTENT="and" WC="0.96" CC="010"/>
						<SP ID="P11_SP00356" HPOS="1207" VPOS="2107" WIDTH="28"/>
						<String ID="word000368" HPOS="1235" VPOS="2060" WIDTH="110" HEIGHT="40" CONTENT="from" WC="0.81" CC="1114"/>
						<SP ID="P11_SP00357" HPOS="1345" VPOS="2107" WIDTH="20"/>
						<String ID="word000369" HPOS="1365" VPOS="2063" WIDTH="235" HEIGHT="50" CONTENT="Tarragona" WC="0.73" CC="430154131"/>
						<SP ID="P11_SP00358" HPOS="1600" VPOS="2113" WIDTH="0"/>
					</TextLine>
					<TextLine ID="P11_TL00041" HPOS="276" VPOS="2105" WIDTH="1324" HEIGHT="59">
						<String ID="word000370" HPOS="276" VPOS="2106" WIDTH="54" HEIGHT="41" CONTENT="of" WC="0.94" CC="10"/>
						<SP ID="P11_SP00359" HPOS="331" VPOS="2147" WIDTH="24"/>
						<String ID="word000371" HPOS="354" VPOS="2105" WIDTH="67" HEIGHT="40" CONTENT="the" WC="1.00" CC="000"/>
						<SP ID="P11_SP00360" HPOS="422" VPOS="2147" WIDTH="22"/>
						<String ID="word000372" HPOS="444" VPOS="2108" WIDTH="109" HEIGHT="51" CONTENT="1911)," WC="0.59" CC="506551"/>
						<SP ID="P11_SP00361" HPOS="553" VPOS="2159" WIDTH="21"/>
						<String ID="word000373" HPOS="574" VPOS="2114" WIDTH="100" HEIGHT="33" CONTENT="state" WC="1.00" CC="00000"/>
						<SP ID="P11_SP00362" HPOS="674" VPOS="2159" WIDTH="17"/>
						<String ID="word000374" HPOS="691" VPOS="2109" WIDTH="70" HEIGHT="40" CONTENT="the" WC="1.00" CC="000"/>
						<SP ID="P11_SP00363" HPOS="761" VPOS="2159" WIDTH="18"/>
						<String ID="word000375" HPOS="778" VPOS="2124" WIDTH="109" HEIGHT="33" CONTENT="4atue" WC="0.47" CC="83535"/>
						<SP ID="P11_SP00364" HPOS="887" VPOS="2159" WIDTH="17"/>
						<String ID="word000376" HPOS="904" VPOS="2114" WIDTH="107" HEIGHT="48" CONTENT="fagt.•" WC="0.37" CC="757348"/>
						<SP ID="P11_SP00365" HPOS="1011" VPOS="2163" WIDTH="27"/>
						<String ID="word000377" HPOS="1038" VPOS="2105" WIDTH="2" HEIGHT="59" CONTENT="." WC="0.33" CC="6"/>
						<SP ID="P11_SP00366" HPOS="1041" VPOS="2164" WIDTH="15"/>
						<String ID="word000378" HPOS="1056" VPOS="2114" WIDTH="72" HEIGHT="37" CONTENT="We" WC="0.83" CC="21"/>
						<SP ID="P11_SP00367" HPOS="1128" VPOS="2164" WIDTH="20"/>
						<String ID="word000379" HPOS="1148" VPOS="2114" WIDTH="104" HEIGHT="37" CONTENT="have" WC="0.97" CC="0100"/>
						<SP ID="P11_SP00368" HPOS="1252" VPOS="2164" WIDTH="26"/>
						<String ID="word000380" HPOS="1278" VPOS="2114" WIDTH="194" HEIGHT="50" CONTENT="grounds," WC="0.96" CC="00001101"/>
						<SP ID="P11_SP00369" HPOS="1472" VPOS="2164" WIDTH="25"/>
						<String ID="word000381" HPOS="1496" VPOS="2115" WIDTH="78" HEIGHT="44" CONTENT="how" SUBS_TYPE="HypPart1" SUBS_CONTENT="howpier," WC="0.63" CC="604" STYLEREFS="TXT_3"/>
						<HYP HPOS="1574" VPOS="2115" WIDTH="26" CONTENT="-"/>
					</TextLine>
					<TextLine ID="P11_TL00042" HPOS="275" VPOS="2154" WIDTH="1327" HEIGHT="64">
						<String ID="word000382" HPOS="275" VPOS="2154" WIDTH="116" HEIGHT="53" CONTENT="pier," SUBS_TYPE="HypPart2" SUBS_CONTENT="howpier," WC="0.71" CC="83101" STYLEREFS="TXT_3"/>
						<SP ID="P11_SP00370" HPOS="391" VPOS="2207" WIDTH="18"/>
						<String ID="word000383" HPOS="409" VPOS="2158" WIDTH="66" HEIGHT="41" CONTENT="for" WC="1.00" CC="000"/>
						<SP ID="P11_SP00371" HPOS="475" VPOS="2207" WIDTH="27"/>
						<String ID="word000384" HPOS="502" VPOS="2160" WIDTH="261" HEIGHT="54" CONTENT="disbelieving" WC="0.98" CC="000101000000"/>
						<SP ID="P11_SP00372" HPOS="763" VPOS="2215" WIDTH="37"/>
						<String ID="word000385" HPOS="800" VPOS="2160" WIDTH="69" HEIGHT="54" CONTENT="the" WC="0.93" CC="011"/>
						<SP ID="P11_SP00373" HPOS="868" VPOS="2215" WIDTH="33"/>
						<String ID="word000386" HPOS="901" VPOS="2165" WIDTH="267" HEIGHT="53" CONTENT="authenticity" WC="0.88" CC="310000034110"/>
						<SP ID="P11_SP00374" HPOS="1168" VPOS="2218" WIDTH="35"/>
						<String ID="word000387" HPOS="1204" VPOS="2163" WIDTH="50" HEIGHT="40" CONTENT="of" WC="1.00" CC="00"/>
						<SP ID="P11_SP00375" HPOS="1253" VPOS="2218" WIDTH="25"/>
						<String ID="word000388" HPOS="1278" VPOS="2165" WIDTH="80" HEIGHT="40" CONTENT="this" WC="1.00" CC="0000"/>
						<SP ID="P11_SP00376" HPOS="1358" VPOS="2218" WIDTH="17"/>
						<String ID="word000389" HPOS="1375" VPOS="2159" WIDTH="227" HEIGHT="51" CONTENT="statement`" WC="0.67" CC="0301407717"/>
						<SP ID="P11_SP00377" HPOS="1602" VPOS="2218" WIDTH="0"/>
					</TextLine>
					<TextLine ID="P11_TL00043" HPOS="278" VPOS="2211" WIDTH="1326" HEIGHT="58">
						<String ID="word000390" HPOS="278" VPOS="2211" WIDTH="172" HEIGHT="40" CONTENT="because" WC="0.97" CC="0100010"/>
						<SP ID="P11_SP00378" HPOS="450" VPOS="2251" WIDTH="38"/>
						<String ID="word000391" HPOS="488" VPOS="2226" WIDTH="59" HEIGHT="27" CONTENT="we" WC="1.00" CC="00"/>
						<SP ID="P11_SP00379" HPOS="547" VPOS="2254" WIDTH="31"/>
						<String ID="word000392" HPOS="578" VPOS="2213" WIDTH="100" HEIGHT="41" CONTENT="have" WC="0.97" CC="1000"/>
						<SP ID="P11_SP00380" HPOS="678" VPOS="2255" WIDTH="33"/>
						<String ID="word000393" HPOS="711" VPOS="2216" WIDTH="206" HEIGHT="53" CONTENT="authority" WC="1.00" CC="000000000"/>
						<SP ID="P11_SP00381" HPOS="917" VPOS="2269" WIDTH="21"/>
						<String ID="word000394" HPOS="938" VPOS="2217" WIDTH="65" HEIGHT="46" CONTENT="for" WC="0.96" CC="010"/>
						<SP ID="P11_SP00382" HPOS="1003" VPOS="2269" WIDTH="18"/>
						<String ID="word000395" HPOS="1020" VPOS="2218" WIDTH="150" HEIGHT="51" CONTENT="stating" WC="0.94" CC="1000120"/>
						<SP ID="P11_SP00383" HPOS="1170" VPOS="2269" WIDTH="19"/>
						<String ID="word000396" HPOS="1189" VPOS="2216" WIDTH="94" HEIGHT="41" CONTENT="that" WC="0.97" CC="0010"/>
						<SP ID="P11_SP00384" HPOS="1284" VPOS="2269" WIDTH="19"/>
						<String ID="word000397" HPOS="1303" VPOS="2230" WIDTH="51" HEIGHT="26" CONTENT="no" WC="1.00" CC="00"/>
						<SP ID="P11_SP00385" HPOS="1354" VPOS="2269" WIDTH="18"/>
						<String ID="word000398" HPOS="1371" VPOS="2219" WIDTH="97" HEIGHT="39" CONTENT="such" WC="0.97" CC="0100"/>
						<SP ID="P11_SP00386" HPOS="1468" VPOS="2269" WIDTH="19"/>
						<String ID="word000399" HPOS="1487" VPOS="2224" WIDTH="117" HEIGHT="34" CONTENT="event" WC="0.89" CC="03110"/>
						<SP ID="P11_SP00387" HPOS="1604" VPOS="2269" WIDTH="0"/>
					</TextLine>
					<TextLine ID="P11_TL00044" HPOS="279" VPOS="2264" WIDTH="1328" HEIGHT="58">
						<String ID="word000400" HPOS="279" VPOS="2276" WIDTH="85" HEIGHT="27" CONTENT="was" WC="1.00" CC="000"/>
						<SP ID="P11_SP00388" HPOS="364" VPOS="2303" WIDTH="17"/>
						<String ID="word000401" HPOS="380" VPOS="2264" WIDTH="149" HEIGHT="40" CONTENT="known" WC="0.95" CC="00101"/>
						<SP ID="P11_SP00389" HPOS="529" VPOS="2304" WIDTH="18"/>
						<String ID="word000402" HPOS="547" VPOS="2280" WIDTH="52" HEIGHT="28" CONTENT="on" WC="0.94" CC="10"/>
						<SP ID="P11_SP00390" HPOS="599" VPOS="2308" WIDTH="21"/>
						<String ID="word000403" HPOS="620" VPOS="2267" WIDTH="65" HEIGHT="40" CONTENT="the" WC="1.00" CC="000"/>
						<SP ID="P11_SP00391" HPOS="685" VPOS="2308" WIDTH="17"/>
						<String ID="word000404" HPOS="702" VPOS="2269" WIDTH="71" HEIGHT="38" CONTENT="4th" WC="0.96" CC="001"/>
						<SP ID="P11_SP00392" HPOS="772" VPOS="2308" WIDTH="22"/>
						<String ID="word000405" HPOS="795" VPOS="2268" WIDTH="87" HEIGHT="41" CONTENT="inst." WC="0.82" CC="10151"/>
						<SP ID="P11_SP00393" HPOS="882" VPOS="2309" WIDTH="22"/>
						<String ID="word000406" HPOS="905" VPOS="2275" WIDTH="40" HEIGHT="38" CONTENT="at" WC="1.00" CC="00"/>
						<SP ID="P11_SP00394" HPOS="945" VPOS="2313" WIDTH="14"/>
						<String ID="word000407" HPOS="959" VPOS="2269" WIDTH="143" HEIGHT="41" CONTENT="Cadiz." WC="0.87" CC="130111"/>
						<SP ID="P11_SP00395" HPOS="1102" VPOS="2313" WIDTH="53"/>
						<String ID="word000408" HPOS="1155" VPOS="2272" WIDTH="60" HEIGHT="35" CONTENT="On" WC="1.00" CC="00"/>
						<SP ID="P11_SP00396" HPOS="1215" VPOS="2313" WIDTH="18"/>
						<String ID="word000409" HPOS="1233" VPOS="2271" WIDTH="73" HEIGHT="38" CONTENT="the" WC="1.00" CC="000"/>
						<SP ID="P11_SP00397" HPOS="1306" VPOS="2313" WIDTH="18"/>
						<String ID="word000410" HPOS="1324" VPOS="2277" WIDTH="201" HEIGHT="45" CONTENT="contrary," WC="0.81" CC="011101137"/>
						<SP ID="P11_SP00398" HPOS="1525" VPOS="2322" WIDTH="14"/>
						<String ID="word000411" HPOS="1539" VPOS="2271" WIDTH="67" HEIGHT="39" CONTENT="the" WC="0.93" CC="011"/>
						<SP ID="P11_SP00399" HPOS="1606" VPOS="2322" WIDTH="0"/>
					</TextLine>
					<TextLine ID="P11_TL00045" HPOS="275" VPOS="2316" WIDTH="1329" HEIGHT="56">
						<String ID="word000412" HPOS="275" VPOS="2316" WIDTH="170" HEIGHT="53" CONTENT="opinion" WC="0.90" CC="5000010"/>
						<SP ID="P11_SP00400" HPOS="445" VPOS="2369" WIDTH="19"/>
						<String ID="word000413" HPOS="464" VPOS="2330" WIDTH="79" HEIGHT="27" CONTENT="was" WC="1.00" CC="000"/>
						<SP ID="P11_SP00401" HPOS="543" VPOS="2369" WIDTH="20"/>
						<String ID="word000414" HPOS="563" VPOS="2320" WIDTH="208" HEIGHT="52" CONTENT="prevalent" WC="1.00" CC="000000000"/>
						<SP ID="P11_SP00402" HPOS="771" VPOS="2372" WIDTH="35"/>
						<String ID="word000415" HPOS="807" VPOS="2321" WIDTH="113" HEIGHT="40" CONTENT="there" WC="0.98" CC="00100"/>
						<SP ID="P11_SP00403" HPOS="920" VPOS="2372" WIDTH="33"/>
						<String ID="word000416" HPOS="953" VPOS="2328" WIDTH="45" HEIGHT="44" CONTENT="at" WC="0.94" CC="10"/>
						<SP ID="P11_SP00404" HPOS="998" VPOS="2372" WIDTH="35"/>
						<String ID="word000417" HPOS="1033" VPOS="2323" WIDTH="90" HEIGHT="38" CONTENT="that" WC="1.00" CC="0000"/>
						<SP ID="P11_SP00405" HPOS="1123" VPOS="2372" WIDTH="18"/>
						<String ID="word000418" HPOS="1141" VPOS="2321" WIDTH="115" HEIGHT="46" CONTENT="time," WC="1.00" CC="00000"/>
						<SP ID="P11_SP00406" HPOS="1256" VPOS="2372" WIDTH="22"/>
						<String ID="word000419" HPOS="1278" VPOS="2323" WIDTH="86" HEIGHT="37" CONTENT="that" WC="1.00" CC="0000"/>
						<SP ID="P11_SP00407" HPOS="1364" VPOS="2372" WIDTH="22"/>
						<String ID="word000420" HPOS="1387" VPOS="2323" WIDTH="217" HEIGHT="39" CONTENT="Barcelona" WC="0.90" CC="220003100"/>
						<SP ID="P11_SP00408" HPOS="1604" VPOS="2372" WIDTH="0"/>
					</TextLine>
					<TextLine ID="P11_TL00046" HPOS="274" VPOS="2369" WIDTH="1328" HEIGHT="56">
						<String ID="word000421" HPOS="274" VPOS="2379" WIDTH="85" HEIGHT="31" CONTENT="was" WC="0.85" CC="301"/>
						<SP ID="P11_SP00409" HPOS="359" VPOS="2409" WIDTH="33"/>
						<String ID="word000422" HPOS="392" VPOS="2381" WIDTH="52" HEIGHT="27" CONTENT="on" WC="1.00" CC="00"/>
						<SP ID="P11_SP00410" HPOS="444" VPOS="2409" WIDTH="20"/>
						<String ID="word000423" HPOS="464" VPOS="2369" WIDTH="71" HEIGHT="40" CONTENT="the" WC="0.96" CC="100"/>
						<SP ID="P11_SP00411" HPOS="535" VPOS="2409" WIDTH="32"/>
						<String ID="word000424" HPOS="567" VPOS="2372" WIDTH="102" HEIGHT="51" CONTENT="point" WC="0.81" CC="10102"/>
						<String ID="word000425" HPOS="669" VPOS="2372" WIDTH="21" HEIGHT="51" CONTENT="." STYLE="subscript" WC="0.81" CC="6"/>
						<SP ID="P11_SP00412" HPOS="690" VPOS="2422" WIDTH="25"/>
						<String ID="word000426" HPOS="715" VPOS="2372" WIDTH="52" HEIGHT="40" CONTENT="of" WC="1.00" CC="00"/>
						<SP ID="P11_SP00413" HPOS="767" VPOS="2422" WIDTH="20"/>
						<String ID="word000427" HPOS="787" VPOS="2374" WIDTH="279" HEIGHT="51" CONTENT="surrendering" WC="0.90" CC="300001000151"/>
						<SP ID="P11_SP00414" HPOS="1065" VPOS="2425" WIDTH="21"/>
						<String ID="word000428" HPOS="1087" VPOS="2392" WIDTH="11" HEIGHT="27" CONTENT=";" WC="1.00" CC="0"/>
						<SP ID="P11_SP00415" HPOS="1097" VPOS="2425" WIDTH="31"/>
						<String ID="word000429" HPOS="1128" VPOS="2374" WIDTH="76" HEIGHT="39" CONTENT="and" WC="1.00" CC="000"/>
						<SP ID="P11_SP00416" HPOS="1204" VPOS="2425" WIDTH="30"/>
						<String ID="word000430" HPOS="1233" VPOS="2375" WIDTH="92" HEIGHT="38" CONTENT="that" WC="1.00" CC="0000"/>
						<SP ID="P11_SP00417" HPOS="1325" VPOS="2425" WIDTH="35"/>
						<String ID="word000431" HPOS="1361" VPOS="2375" WIDTH="67" HEIGHT="39" CONTENT="the" WC="0.96" CC="001"/>
						<SP ID="P11_SP00418" HPOS="1428" VPOS="2425" WIDTH="35"/>
						<String ID="word000432" HPOS="1463" VPOS="2388" WIDTH="138" HEIGHT="31" CONTENT="enemy" WC="0.84" CC="00034"/>
						<SP ID="P11_SP00419" HPOS="1602" VPOS="2425" WIDTH="0"/>
					</TextLine>
					<TextLine ID="P11_TL00047" HPOS="278" VPOS="2424" WIDTH="1320" HEIGHT="51">
						<String ID="word000433" HPOS="278" VPOS="2431" WIDTH="107" HEIGHT="32" CONTENT="were" WC="0.83" CC="4110" STYLEREFS="TXT_3"/>
						<SP ID="P11_SP00420" HPOS="385" VPOS="2463" WIDTH="18"/>
						<String ID="word000434" HPOS="403" VPOS="2427" WIDTH="76" HEIGHT="34" CONTENT="not" WC="0.96" CC="001" STYLEREFS="TXT_0"/>
						<SP ID="P11_SP00421" HPOS="478" VPOS="2463" WIDTH="15"/>
						<String ID="word000435" HPOS="494" VPOS="2424" WIDTH="40" HEIGHT="38" CONTENT="in" WC="1.00" CC="00" STYLEREFS="TXT_0"/>
						<SP ID="P11_SP00422" HPOS="534" VPOS="2463" WIDTH="27"/>
						<String ID="word000436" HPOS="561" VPOS="2430" WIDTH="233" HEIGHT="45" CONTENT="competent" WC="1.00" CC="000000000"/>
						<SP ID="P11_SP00423" HPOS="794" VPOS="2474" WIDTH="18"/>
						<String ID="word000437" HPOS="811" VPOS="2425" WIDTH="109" HEIGHT="40" CONTENT="force" WC="1.00" CC="00000"/>
						<SP ID="P11_SP00424" HPOS="920" VPOS="2474" WIDTH="28"/>
						<String ID="word000438" HPOS="948" VPOS="2427" WIDTH="38" HEIGHT="39" CONTENT="in" WC="1.00" CC="00"/>
						<SP ID="P11_SP00425" HPOS="986" VPOS="2474" WIDTH="35"/>
						<String ID="word000439" HPOS="1022" VPOS="2426" WIDTH="207" HEIGHT="40" CONTENT="Catalonia" WC="0.88" CC="001011331"/>
						<SP ID="P11_SP00426" HPOS="1228" VPOS="2474" WIDTH="24"/>
						<String ID="word000440" HPOS="1252" VPOS="2433" WIDTH="44" HEIGHT="33" CONTENT="to" WC="0.83" CC="30"/>
						<SP ID="P11_SP00427" HPOS="1296" VPOS="2474" WIDTH="19"/>
						<String ID="word000441" HPOS="1315" VPOS="2428" WIDTH="170" HEIGHT="38" CONTENT="contend" WC="0.76" CC="3321330"/>
						<SP ID="P11_SP00428" HPOS="1485" VPOS="2474" WIDTH="24"/>
						<String ID="word000442" HPOS="1508" VPOS="2428" WIDTH="90" HEIGHT="38" CONTENT="with" WC="0.67" CC="2325"/>
						<SP ID="P11_SP00429" HPOS="1598" VPOS="2474" WIDTH="0"/>
					</TextLine>
					<TextLine ID="P11_TL00048" HPOS="216" VPOS="2473" WIDTH="1386" HEIGHT="95">
						<String ID="word000443" HPOS="216" VPOS="2473" WIDTH="136" HEIGHT="94" CONTENT="-24..'&#34;Jhe" WC="0.18" CC="8878888847"/>
						<SP ID="P11_SP00430" HPOS="352" VPOS="2568" WIDTH="39"/>
						<String ID="word000444" HPOS="391" VPOS="2476" WIDTH="188" HEIGHT="39" CONTENT="Patriots." WC="0.97" CC="000011000"/>
						<SP ID="P11_SP00431" HPOS="579" VPOS="2568" WIDTH="58"/>
						<String ID="word000445" HPOS="637" VPOS="2476" WIDTH="86" HEIGHT="41" CONTENT="The" WC="0.96" CC="100"/>
						<SP ID="P11_SP00432" HPOS="723" VPOS="2568" WIDTH="37"/>
						<String ID="word000446" HPOS="759" VPOS="2477" WIDTH="206" HEIGHT="53" CONTENT="followint" WC="0.56" CC="334333548"/>
						<SP ID="P11_SP00433" HPOS="965" VPOS="2568" WIDTH="47"/>
						<String ID="word000447" HPOS="1012" VPOS="2479" WIDTH="119" HEIGHT="39" CONTENT="letter" WC="0.96" CC="010010"/>
						<SP ID="P11_SP00434" HPOS="1131" VPOS="2568" WIDTH="35"/>
						<String ID="word000448" HPOS="1167" VPOS="2478" WIDTH="52" HEIGHT="40" CONTENT="fr" WC="0.97" CC="00"/>
						<String ID="word000449" HPOS="1219" VPOS="2478" WIDTH="26" HEIGHT="40" CONTENT="o" STYLE="subscript" WC="0.97" CC="1"/>
						<String ID="word000450" HPOS="1245" VPOS="2478" WIDTH="27" HEIGHT="40" CONTENT="m" WC="0.97" CC="0"/>
						<SP ID="P11_SP00435" HPOS="1272" VPOS="2568" WIDTH="43"/>
						<String ID="word000451" HPOS="1315" VPOS="2480" WIDTH="21" HEIGHT="45" CONTENT="C" WC="0.85" CC="0"/>
						<String ID="word000452" HPOS="1336" VPOS="2480" WIDTH="22" HEIGHT="45" CONTENT="a" STYLE="subscript" WC="0.85" CC="1"/>
						<String ID="word000453" HPOS="1358" VPOS="2480" WIDTH="90" HEIGHT="45" CONTENT="diz," WC="0.85" CC="3301"/>
						<SP ID="P11_SP00436" HPOS="1448" VPOS="2568" WIDTH="38"/>
						<String ID="word000454" HPOS="1486" VPOS="2480" WIDTH="22" HEIGHT="47" CONTENT="d" WC="0.98" CC="1"/>
						<String ID="word000455" HPOS="1508" VPOS="2480" WIDTH="22" HEIGHT="47" CONTENT="a" STYLE="subscript" WC="0.98" CC="0"/>
						<String ID="word000456" HPOS="1531" VPOS="2480" WIDTH="71" HEIGHT="47" CONTENT="ted" WC="0.98" CC="000"/>
						<SP ID="P11_SP00437" HPOS="1602" VPOS="2568" WIDTH="0"/>
					</TextLine>
					<TextLine ID="P11_TL00049" HPOS="313" VPOS="2528" WIDTH="1290" HEIGHT="57">
						<String ID="word000457" HPOS="313" VPOS="2538" WIDTH="64" HEIGHT="27" CONTENT="an." WC="0.78" CC="222" STYLEREFS="TXT_0"/>
						<SP ID="P11_SP00438" HPOS="377" VPOS="2565" WIDTH="38"/>
						<String ID="word000458" HPOS="415" VPOS="2532" WIDTH="43" HEIGHT="40" CONTENT="4;" WC="0.78" CC="04" STYLEREFS="TXT_0"/>
						<SP ID="P11_SP00439" HPOS="457" VPOS="2572" WIDTH="30"/>
						<String ID="word000459" HPOS="487" VPOS="2528" WIDTH="115" HEIGHT="53" CONTENT="gives" WC="0.87" CC="11301" STYLEREFS="TXT_0"/>
						<SP ID="P11_SP00440" HPOS="601" VPOS="2581" WIDTH="25"/>
						<String ID="word000460" HPOS="626" VPOS="2543" WIDTH="113" HEIGHT="34" CONTENT="some" WC="0.92" CC="3000" STYLEREFS="TXT_0"/>
						<SP ID="P11_SP00441" HPOS="739" VPOS="2581" WIDTH="25"/>
						<String ID="word000461" HPOS="764" VPOS="2530" WIDTH="253" HEIGHT="54" CONTENT="satisfactory" WC="1.00" CC="000000000000"/>
						<SP ID="P11_SP00442" HPOS="1017" VPOS="2584" WIDTH="40"/>
						<String ID="word000462" HPOS="1057" VPOS="2531" WIDTH="262" HEIGHT="40" CONTENT="information" WC="0.98" CC="00000010100"/>
						<SP ID="P11_SP00443" HPOS="1319" VPOS="2584" WIDTH="37"/>
						<String ID="word000463" HPOS="1356" VPOS="2528" WIDTH="168" HEIGHT="45" CONTENT="relative" WC="0.93" CC="00130100"/>
						<SP ID="P11_SP00444" HPOS="1524" VPOS="2584" WIDTH="35"/>
						<String ID="word000464" HPOS="1559" VPOS="2538" WIDTH="44" HEIGHT="33" CONTENT="to" WC="0.94" CC="01"/>
						<SP ID="P11_SP00445" HPOS="1603" VPOS="2584" WIDTH="0"/>
					</TextLine>
					<TextLine ID="P11_TL00050" HPOS="286" VPOS="2577" WIDTH="203" HEIGHT="53">
						<String ID="word000465" HPOS="286" VPOS="2577" WIDTH="119" HEIGHT="53" CONTENT="Spain" WC="0.91" CC="11011" STYLEREFS="TXT_0"/>
						<SP ID="P11_SP00446" HPOS="405" VPOS="2630" WIDTH="19"/>
						<String ID="word000466" HPOS="424" VPOS="2596" WIDTH="65" HEIGHT="21" CONTENT=":" WC="0.50" CC="5" STYLEREFS="TXT_0"/>
					</TextLine>
					<TextLine ID="P11_TL00051" HPOS="334" VPOS="2633" WIDTH="1277" HEIGHT="54">
						<String ID="word000467" HPOS="334" VPOS="2633" WIDTH="27" HEIGHT="19" CONTENT='"' WC="0.67" CC="3"/>
						<SP ID="P11_SP00447" HPOS="361" VPOS="2652" WIDTH="31"/>
						<String ID="word000468" HPOS="392" VPOS="2635" WIDTH="215" HEIGHT="44" CONTENT="Bonaparte" WC="0.77" CC="461210140"/>
						<SP ID="P11_SP00448" HPOS="607" VPOS="2679" WIDTH="15"/>
						<String ID="word000469" HPOS="622" VPOS="2635" WIDTH="69" HEIGHT="35" CONTENT="left" WC="0.97" CC="1000"/>
						<SP ID="P11_SP00449" HPOS="691" VPOS="2679" WIDTH="25"/>
						<String ID="word000470" HPOS="716" VPOS="2636" WIDTH="150" HEIGHT="35" CONTENT="Madrid" WC="0.96" CC="100010"/>
						<SP ID="P11_SP00450" HPOS="866" VPOS="2679" WIDTH="18"/>
						<String ID="word000471" HPOS="883" VPOS="2649" WIDTH="43" HEIGHT="22" CONTENT="on" WC="1.00" CC="00"/>
						<SP ID="P11_SP00451" HPOS="926" VPOS="2679" WIDTH="18"/>
						<String ID="word000472" HPOS="944" VPOS="2637" WIDTH="145" HEIGHT="39" CONTENT="the22d" WC="0.59" CC="334543"/>
						<SP ID="P11_SP00452" HPOS="1089" VPOS="2679" WIDTH="20"/>
						<String ID="word000473" HPOS="1109" VPOS="2640" WIDTH="221" HEIGHT="41" CONTENT="December," WC="0.97" CC="001000100"/>
						<SP ID="P11_SP00453" HPOS="1330" VPOS="2681" WIDTH="27"/>
						<String ID="word000474" HPOS="1357" VPOS="2640" WIDTH="91" HEIGHT="35" CONTENT="with" WC="1.00" CC="0000"/>
						<SP ID="P11_SP00454" HPOS="1448" VPOS="2681" WIDTH="30"/>
						<String ID="word000475" HPOS="1478" VPOS="2640" WIDTH="133" HEIGHT="47" CONTENT="19,000" WC="0.61" CC="761133"/>
						<SP ID="P11_SP00455" HPOS="1611" VPOS="2687" WIDTH="0"/>
					</TextLine>
					<TextLine ID="P11_TL00052" HPOS="289" VPOS="2682" WIDTH="461" HEIGHT="49">
						<String ID="word000476" HPOS="289" VPOS="2692" WIDTH="99" HEIGHT="39" CONTENT="pen," WC="0.75" CC="3123"/>
						<SP ID="P11_SP00456" HPOS="389" VPOS="2731" WIDTH="27"/>
						<String ID="word000477" HPOS="416" VPOS="2682" WIDTH="34" HEIGHT="34" CONTENT="in" WC="1.00" CC="00"/>
						<SP ID="P11_SP00457" HPOS="450" VPOS="2731" WIDTH="18"/>
						<String ID="word000478" HPOS="468" VPOS="2688" WIDTH="78" HEIGHT="28" CONTENT="two" WC="0.56" CC="174"/>
						<SP ID="P11_SP00458" HPOS="546" VPOS="2731" WIDTH="19"/>
						<String ID="word000479" HPOS="565" VPOS="2683" WIDTH="185" HEIGHT="35" CONTENT="divisions." WC="0.91" CC="0011131010"/>
						<SP ID="P11_SP00459" HPOS="750" VPOS="2731" WIDTH="0"/>
					</TextLine>
					<TextLine ID="P11_TL00053" HPOS="333" VPOS="2728" WIDTH="1276" HEIGHT="51">
						<String ID="word000480" HPOS="333" VPOS="2728" WIDTH="32" HEIGHT="19" CONTENT='"' WC="0.56" CC="4"/>
						<SP ID="P11_SP00460" HPOS="365" VPOS="2747" WIDTH="15"/>
						<String ID="word000481" HPOS="380" VPOS="2730" WIDTH="80" HEIGHT="34" CONTENT="The" WC="0.78" CC="411"/>
						<SP ID="P11_SP00461" HPOS="461" VPOS="2764" WIDTH="20"/>
						<String ID="word000482" HPOS="481" VPOS="2732" WIDTH="165" HEIGHT="44" CONTENT="Marquis" WC="0.98" CC="0001000"/>
						<SP ID="P11_SP00462" HPOS="646" VPOS="2776" WIDTH="15"/>
						<String ID="word000483" HPOS="661" VPOS="2733" WIDTH="44" HEIGHT="32" CONTENT="de" WC="0.89" CC="02"/>
						<SP ID="P11_SP00463" HPOS="705" VPOS="2776" WIDTH="13"/>
						<String ID="word000484" HPOS="718" VPOS="2733" WIDTH="35" HEIGHT="33" CONTENT="la" WC="0.72" CC="41"/>
						<SP ID="P11_SP00464" HPOS="754" VPOS="2776" WIDTH="21"/>
						<String ID="word000485" HPOS="775" VPOS="2734" WIDTH="164" HEIGHT="35" CONTENT="Romana" WC="0.94" CC="030000"/>
						<SP ID="P11_SP00465" HPOS="939" VPOS="2776" WIDTH="21"/>
						<String ID="word000486" HPOS="960" VPOS="2734" WIDTH="77" HEIGHT="34" CONTENT="had" WC="0.96" CC="010"/>
						<SP ID="P11_SP00466" HPOS="1037" VPOS="2776" WIDTH="17"/>
						<String ID="word000487" HPOS="1054" VPOS="2732" WIDTH="185" HEIGHT="47" CONTENT="dislodged" WC="0.91" CC="031110100"/>
						<SP ID="P11_SP00467" HPOS="1239" VPOS="2779" WIDTH="17"/>
						<String ID="word000488" HPOS="1256" VPOS="2734" WIDTH="69" HEIGHT="35" CONTENT="the" WC="1.00" CC="000"/>
						<SP ID="P11_SP00468" HPOS="1324" VPOS="2779" WIDTH="27"/>
						<String ID="word000489" HPOS="1351" VPOS="2734" WIDTH="144" HEIGHT="45" CONTENT="French" WC="0.96" CC="000110"/>
						<SP ID="P11_SP00469" HPOS="1495" VPOS="2779" WIDTH="22"/>
						<String ID="word000490" HPOS="1518" VPOS="2735" WIDTH="91" HEIGHT="38" CONTENT="from" WC="1.00" CC="0000"/>
						<SP ID="P11_SP00470" HPOS="1609" VPOS="2779" WIDTH="0"/>
					</TextLine>
					<TextLine ID="P11_TL00054" HPOS="287" VPOS="2776" WIDTH="1322" HEIGHT="50">
						<String ID="word000491" HPOS="287" VPOS="2776" WIDTH="193" HEIGHT="38" CONTENT="Palencia." WC="0.88" CC="012311011" STYLEREFS="TXT_3"/>
						<SP ID="P11_SP00471" HPOS="480" VPOS="2813" WIDTH="56"/>
						<String ID="word000492" HPOS="535" VPOS="2779" WIDTH="40" HEIGHT="33" CONTENT="W" WC="0.67" CC="3" STYLEREFS="TXT_3"/>
						<SP ID="P11_SP00472" HPOS="575" VPOS="2813" WIDTH="11"/>
						<String ID="word000493" HPOS="586" VPOS="2779" WIDTH="66" HEIGHT="33" CONTENT="hen" WC="1.00" CC="000" STYLEREFS="TXT_3"/>
						<SP ID="P11_SP00473" HPOS="652" VPOS="2813" WIDTH="13"/>
						<String ID="word000494" HPOS="665" VPOS="2779" WIDTH="63" HEIGHT="34" CONTENT="the" WC="1.00" CC="000"/>
						<SP ID="P11_SP00474" HPOS="728" VPOS="2813" WIDTH="17"/>
						<String ID="word000495" HPOS="744" VPOS="2781" WIDTH="72" HEIGHT="33" CONTENT="laSt" WC="0.42" CC="5385"/>
						<SP ID="P11_SP00475" HPOS="816" VPOS="2815" WIDTH="9"/>
						<String ID="word000496" HPOS="826" VPOS="2778" WIDTH="184" HEIGHT="40" CONTENT="actoutits" WC="0.52" CC="358686645"/>
						<String ID="word000497" HPOS="1010" VPOS="2778" WIDTH="20" HEIGHT="40" CONTENT="." STYLE="superscript" WC="0.52" CC="7"/>
						<String ID="word000498" HPOS="1030" VPOS="2778" WIDTH="84" HEIGHT="40" CONTENT="were" WC="0.52" CC="1101"/>
						<SP ID="P11_SP00476" HPOS="1114" VPOS="2818" WIDTH="14"/>
						<String ID="word000499" HPOS="1128" VPOS="2781" WIDTH="169" HEIGHT="37" CONTENT="received" WC="1.00" CC="00000000"/>
						<SP ID="P11_SP00477" HPOS="1297" VPOS="2818" WIDTH="18"/>
						<String ID="word000500" HPOS="1315" VPOS="2780" WIDTH="93" HEIGHT="38" CONTENT="front" WC="0.62" CC="22454"/>
						<SP ID="P11_SP00478" HPOS="1408" VPOS="2818" WIDTH="28"/>
						<String ID="word000501" HPOS="1436" VPOS="2784" WIDTH="91" HEIGHT="41" CONTENT="him," WC="1.00" CC="0000"/>
						<SP ID="P11_SP00479" HPOS="1527" VPOS="2825" WIDTH="27"/>
						<String ID="word000502" HPOS="1554" VPOS="2784" WIDTH="54" HEIGHT="34" CONTENT="his" WC="0.96" CC="001"/>
						<SP ID="P11_SP00480" HPOS="1609" VPOS="2825" WIDTH="0"/>
					</TextLine>
					<TextLine ID="P11_TL00055" HPOS="287" VPOS="2823" WIDTH="1324" HEIGHT="53">
						<String ID="word000503" HPOS="287" VPOS="2823" WIDTH="287" HEIGHT="47" CONTENT="head-quarters" WC="0.92" CC="3002220000000"/>
						<SP ID="P11_SP00481" HPOS="574" VPOS="2870" WIDTH="15"/>
						<String ID="word000504" HPOS="589" VPOS="2837" WIDTH="94" HEIGHT="25" CONTENT="were" WC="1.00" CC="0000"/>
						<SP ID="P11_SP00482" HPOS="684" VPOS="2870" WIDTH="12"/>
						<String ID="word000505" HPOS="696" VPOS="2833" WIDTH="41" HEIGHT="30" CONTENT="at" WC="1.00" CC="00"/>
						<SP ID="P11_SP00483" HPOS="737" VPOS="2870" WIDTH="13"/>
						<String ID="word000506" HPOS="750" VPOS="2830" WIDTH="155" HEIGHT="34" CONTENT="Carrion" WC="0.82" CC="1311113" STYLEREFS="TXT_0"/>
						<SP ID="P11_SP00484" HPOS="905" VPOS="2870" WIDTH="8"/>
						<String ID="word000507" HPOS="913" VPOS="2830" WIDTH="45" HEIGHT="34" CONTENT="de" WC="1.00" CC="00" STYLEREFS="TXT_0"/>
						<SP ID="P11_SP00485" HPOS="958" VPOS="2870" WIDTH="17"/>
						<String ID="word000508" HPOS="974" VPOS="2831" WIDTH="57" HEIGHT="33" CONTENT="la's" WC="0.69" CC="2342"/>
						<SP ID="P11_SP00486" HPOS="1031" VPOS="2870" WIDTH="12"/>
						<String ID="word000509" HPOS="1043" VPOS="2825" WIDTH="144" HEIGHT="39" CONTENT="C;indes" WC="0.44" CC="5884334"/>
						<SP ID="P11_SP00487" HPOS="1187" VPOS="2870" WIDTH="44"/>
						<String ID="word000510" HPOS="1231" VPOS="2828" WIDTH="65" HEIGHT="37" CONTENT="Wl'" WC="0.33" CC="675"/>
						<SP ID="P11_SP00488" HPOS="1296" VPOS="2870" WIDTH="7"/>
						<String ID="word000511" HPOS="1303" VPOS="2830" WIDTH="102" HEIGHT="46" CONTENT="army" WC="0.92" CC="1002"/>
						<SP ID="P11_SP00489" HPOS="1404" VPOS="2876" WIDTH="12"/>
						<String ID="word000512" HPOS="1416" VPOS="2831" WIDTH="195" HEIGHT="34" CONTENT="amounted" WC="0.99" CC="00000010"/>
						<SP ID="P11_SP00490" HPOS="1611" VPOS="2876" WIDTH="0"/>
					</TextLine>
					<TextLine ID="P11_TL00056" HPOS="287" VPOS="2874" WIDTH="208" HEIGHT="41">
						<String ID="word000513" HPOS="287" VPOS="2877" WIDTH="40" HEIGHT="32" CONTENT="to" WC="1.00" CC="00"/>
						<SP ID="P11_SP00491" HPOS="327" VPOS="2909" WIDTH="19"/>
						<String ID="word000514" HPOS="346" VPOS="2874" WIDTH="149" HEIGHT="41" CONTENT="32,000." WC="0.98" CC="0001000"/>
						<SP ID="P11_SP00492" HPOS="495" VPOS="2915" WIDTH="0"/>
					</TextLine>
				</TextBlock>
				<TextBlock ID="pa0011004" HPOS="283" VPOS="2916" WIDTH="1345" HEIGHT="1361" STYLEREFS="TXT_0 PAR_LEFT">
					<Shape>
						<Polygon POINTS="283,3634 283,2916 1629,2916 1629,4277 901,4277 881,4273 833,4257 689,4265 583,4267 581,4267 313,4261 311,4260 309,4258 301,4248 300,4246 296,4182 291,3909"/>
					</Shape>
					<TextLine ID="P11_TL00057" HPOS="327" VPOS="2916" WIDTH="1278" HEIGHT="55">
						<String ID="word000515" HPOS="327" VPOS="2922" WIDTH="38" HEIGHT="40" CONTENT=",tf" WC="0.19" CC="778"/>
						<SP ID="P11_SP00493" HPOS="365" VPOS="2962" WIDTH="30"/>
						<String ID="word000516" HPOS="394" VPOS="2916" WIDTH="79" HEIGHT="41" CONTENT="The" WC="0.85" CC="013"/>
						<SP ID="P11_SP00494" HPOS="474" VPOS="2962" WIDTH="20"/>
						<String ID="word000517" HPOS="494" VPOS="2921" WIDTH="110" HEIGHT="50" CONTENT="Dt4lce" WC="0.42" CC="388660"/>
						<SP ID="P11_SP00495" HPOS="604" VPOS="2970" WIDTH="17"/>
						<String ID="word000518" HPOS="620" VPOS="2922" WIDTH="44" HEIGHT="40" CONTENT="of" WC="0.94" CC="10"/>
						<SP ID="P11_SP00496" HPOS="664" VPOS="2970" WIDTH="13"/>
						<String ID="word000519" HPOS="677" VPOS="2924" WIDTH="14" HEIGHT="34" CONTENT="I" WC="0.44" CC="5"/>
						<SP ID="P11_SP00497" HPOS="691" VPOS="2970" WIDTH="9"/>
						<String ID="word000520" HPOS="700" VPOS="2923" WIDTH="207" HEIGHT="39" CONTENT="afantado's" WC="0.85" CC="1041040111"/>
						<SP ID="P11_SP00498" HPOS="907" VPOS="2970" WIDTH="13"/>
						<String ID="word000521" HPOS="920" VPOS="2935" WIDTH="107" HEIGHT="34" CONTENT="army" WC="1.00" CC="0000"/>
						<SP ID="P11_SP00499" HPOS="1028" VPOS="2970" WIDTH="19"/>
						<String ID="word000522" HPOS="1046" VPOS="2924" WIDTH="176" HEIGHT="35" CONTENT="consisted" WC="0.97" CC="000000101"/>
						<SP ID="P11_SP00500" HPOS="1222" VPOS="2970" WIDTH="18"/>
						<String ID="word000523" HPOS="1240" VPOS="2924" WIDTH="44" HEIGHT="34" CONTENT="of" WC="1.00" CC="00"/>
						<SP ID="P11_SP00501" HPOS="1284" VPOS="2970" WIDTH="12"/>
						<String ID="word000524" HPOS="1296" VPOS="2926" WIDTH="138" HEIGHT="40" CONTENT="31,000" WC="0.63" CC="462413"/>
						<SP ID="P11_SP00502" HPOS="1434" VPOS="2970" WIDTH="15"/>
						<String ID="word000525" HPOS="1449" VPOS="2924" WIDTH="156" HEIGHT="38" CONTENT="infantry" WC="0.78" CC="31113016"/>
						<SP ID="P11_SP00503" HPOS="1605" VPOS="2970" WIDTH="0"/>
					</TextLine>
					<TextLine ID="P11_TL00058" HPOS="285" VPOS="2965" WIDTH="1326" HEIGHT="52">
						<String ID="word000526" HPOS="285" VPOS="2968" WIDTH="74" HEIGHT="38" CONTENT="and" WC="1.00" CC="000"/>
						<SP ID="P11_SP00504" HPOS="359" VPOS="3006" WIDTH="32"/>
						<String ID="word000527" HPOS="391" VPOS="2966" WIDTH="96" HEIGHT="47" CONTENT="3000" WC="0.50" CC="2556"/>
						<SP ID="P11_SP00505" HPOS="487" VPOS="3013" WIDTH="30"/>
						<String ID="word000528" HPOS="516" VPOS="2972" WIDTH="168" HEIGHT="45" CONTENT="cavalry," WC="0.90" CC="11023000"/>
						<SP ID="P11_SP00506" HPOS="684" VPOS="3017" WIDTH="41"/>
						<String ID="word000529" HPOS="725" VPOS="2972" WIDTH="64" HEIGHT="34" CONTENT="the" WC="1.00" CC="000"/>
						<SP ID="P11_SP00507" HPOS="789" VPOS="3017" WIDTH="22"/>
						<String ID="word000530" HPOS="811" VPOS="2982" WIDTH="70" HEIGHT="25" CONTENT="van" WC="1.00" CC="000"/>
						<SP ID="P11_SP00508" HPOS="881" VPOS="3017" WIDTH="21"/>
						<String ID="word000531" HPOS="902" VPOS="2972" WIDTH="43" HEIGHT="34" CONTENT="of" WC="1.00" CC="00"/>
						<SP ID="P11_SP00509" HPOS="945" VPOS="3017" WIDTH="25"/>
						<String ID="word000532" HPOS="970" VPOS="2973" WIDTH="125" HEIGHT="34" CONTENT="which" WC="0.91" CC="10030"/>
						<SP ID="P11_SP00510" HPOS="1095" VPOS="3017" WIDTH="31"/>
						<String ID="word000533" HPOS="1126" VPOS="2973" WIDTH="181" HEIGHT="44" CONTENT="occupied" WC="0.92" CC="00320001"/>
						<SP ID="P11_SP00511" HPOS="1306" VPOS="3017" WIDTH="31"/>
						<String ID="word000534" HPOS="1337" VPOS="2975" WIDTH="203" HEIGHT="38" CONTENT="Terancon," WC="0.88" CC="110100331"/>
						<SP ID="P11_SP00512" HPOS="1540" VPOS="3017" WIDTH="25"/>
						<String ID="word000535" HPOS="1565" VPOS="2965" WIDTH="46" HEIGHT="44" CONTENT="40" WC="0.67" CC="15"/>
						<SP ID="P11_SP00513" HPOS="1611" VPOS="3017" WIDTH="0"/>
					</TextLine>
					<TextLine ID="P11_TL00059" HPOS="287" VPOS="3018" WIDTH="1319" HEIGHT="46">
						<String ID="word000536" HPOS="287" VPOS="3018" WIDTH="106" HEIGHT="35" CONTENT="miles" WC="0.91" CC="30010"/>
						<SP ID="P11_SP00514" HPOS="393" VPOS="3053" WIDTH="18"/>
						<String ID="word000537" HPOS="411" VPOS="3018" WIDTH="94" HEIGHT="35" CONTENT="from" WC="0.92" CC="1011"/>
						<SP ID="P11_SP00515" HPOS="506" VPOS="3053" WIDTH="24"/>
						<String ID="word000538" HPOS="529" VPOS="3019" WIDTH="155" HEIGHT="38" CONTENT="Madrid." WC="0.73" CC="0545300"/>
						<SP ID="P11_SP00516" HPOS="684" VPOS="3057" WIDTH="58"/>
						<String ID="word000539" HPOS="742" VPOS="3020" WIDTH="35" HEIGHT="33" CONTENT="It" WC="0.83" CC="30"/>
						<SP ID="P11_SP00517" HPOS="777" VPOS="3057" WIDTH="32"/>
						<String ID="word000540" HPOS="809" VPOS="3027" WIDTH="163" HEIGHT="37" CONTENT="amounts" WC="0.68" CC="7241222"/>
						<SP ID="P11_SP00518" HPOS="972" VPOS="3064" WIDTH="25"/>
						<String ID="word000541" HPOS="997" VPOS="3027" WIDTH="47" HEIGHT="28" CONTENT="to." WC="0.78" CC="006"/>
						<SP ID="P11_SP00519" HPOS="1044" VPOS="3064" WIDTH="26"/>
						<String ID="word000542" HPOS="1070" VPOS="3021" WIDTH="130" HEIGHT="39" CONTENT="12,000" WC="0.54" CC="461545"/>
						<SP ID="P11_SP00520" HPOS="1200" VPOS="3064" WIDTH="27"/>
						<String ID="word000543" HPOS="1227" VPOS="3031" WIDTH="94" HEIGHT="32" CONTENT="men," WC="0.89" CC="3100"/>
						<SP ID="P11_SP00521" HPOS="1322" VPOS="3064" WIDTH="27"/>
						<String ID="word000544" HPOS="1349" VPOS="3021" WIDTH="67" HEIGHT="34" CONTENT="and" WC="1.00" CC="000"/>
						<SP ID="P11_SP00522" HPOS="1416" VPOS="3064" WIDTH="19"/>
						<String ID="word000545" HPOS="1435" VPOS="3021" WIDTH="72" HEIGHT="34" CONTENT="had" WC="0.93" CC="011"/>
						<SP ID="P11_SP00523" HPOS="1507" VPOS="3064" WIDTH="14"/>
						<String ID="word000546" HPOS="1521" VPOS="3022" WIDTH="85" HEIGHT="31" CONTENT="been" WC="0.86" CC="1310"/>
						<SP ID="P11_SP00524" HPOS="1606" VPOS="3064" WIDTH="0"/>
					</TextLine>
					<TextLine ID="P11_TL00060" HPOS="289" VPOS="3066" WIDTH="873" HEIGHT="47">
						<String ID="word000547" HPOS="289" VPOS="3067" WIDTH="164" HEIGHT="44" CONTENT="recently" WC="0.97" CC="10100000"/>
						<SP ID="P11_SP00525" HPOS="454" VPOS="3111" WIDTH="17"/>
						<String ID="word000548" HPOS="470" VPOS="3066" WIDTH="204" HEIGHT="38" CONTENT="reinforced" WC="0.92" CC="0101020300"/>
						<SP ID="P11_SP00526" HPOS="674" VPOS="3111" WIDTH="19"/>
						<String ID="word000549" HPOS="693" VPOS="3067" WIDTH="50" HEIGHT="45" CONTENT="by" WC="1.00" CC="00"/>
						<SP ID="P11_SP00527" HPOS="743" VPOS="3112" WIDTH="12"/>
						<String ID="word000550" HPOS="755" VPOS="3067" WIDTH="97" HEIGHT="35" CONTENT="4000" WC="0.64" CC="3253"/>
						<SP ID="P11_SP00528" HPOS="852" VPOS="3112" WIDTH="19"/>
						<String ID="word000551" HPOS="870" VPOS="3069" WIDTH="132" HEIGHT="44" CONTENT="picked" WC="0.87" CC="131110"/>
						<SP ID="P11_SP00529" HPOS="1003" VPOS="3112" WIDTH="13"/>
						<String ID="word000552" HPOS="1016" VPOS="3074" WIDTH="146" HEIGHT="38" CONTENT=".troops." WC="0.69" CC="72223222"/>
						<SP ID="P11_SP00530" HPOS="1162" VPOS="3112" WIDTH="0"/>
					</TextLine>
					<TextLine ID="P11_TL00061" HPOS="340" VPOS="3110" WIDTH="895" HEIGHT="55">
						<String ID="word000553" HPOS="340" VPOS="3112" WIDTH="30" HEIGHT="19" CONTENT='"' WC="0.89" CC="1"/>
						<SP ID="P11_SP00531" HPOS="370" VPOS="3131" WIDTH="31"/>
						<String ID="word000554" HPOS="400" VPOS="3112" WIDTH="70" HEIGHT="35" CONTENT="We" WC="0.89" CC="11"/>
						<SP ID="P11_SP00532" HPOS="470" VPOS="3148" WIDTH="17"/>
						<String ID="word000555" HPOS="487" VPOS="3110" WIDTH="94" HEIGHT="39" CONTENT="have" WC="1.00" CC="0000"/>
						<SP ID="P11_SP00533" HPOS="581" VPOS="3149" WIDTH="19"/>
						<String ID="word000556" HPOS="600" VPOS="3112" WIDTH="84" HEIGHT="48" CONTENT="very" WC="0.72" CC="3223"/>
						<SP ID="P11_SP00534" HPOS="684" VPOS="3161" WIDTH="13"/>
						<String ID="word000557" HPOS="697" VPOS="3116" WIDTH="97" HEIGHT="45" CONTENT="good" WC="0.78" CC="2222"/>
						<SP ID="P11_SP00535" HPOS="794" VPOS="3161" WIDTH="15"/>
						<String ID="word000558" HPOS="809" VPOS="3126" WIDTH="97" HEIGHT="25" CONTENT="news" WC="0.97" CC="0010"/>
						<SP ID="P11_SP00536" HPOS="906" VPOS="3161" WIDTH="15"/>
						<String ID="word000559" HPOS="921" VPOS="3115" WIDTH="314" HEIGHT="50" CONTENT="frolocatalonia." WC="0.45" CC="336878573555333"/>
						<SP ID="P11_SP00537" HPOS="1235" VPOS="3164" WIDTH="0"/>
					</TextLine>
					<TextLine ID="P11_TL00062" HPOS="339" VPOS="3162" WIDTH="1272" HEIGHT="47">
						<String ID="word000560" HPOS="339" VPOS="3162" WIDTH="31" HEIGHT="18" CONTENT='"' WC="0.67" CC="3"/>
						<SP ID="P11_SP00538" HPOS="370" VPOS="3180" WIDTH="18"/>
						<String ID="word000561" HPOS="387" VPOS="3162" WIDTH="124" HEIGHT="35" CONTENT="Three" WC="1.00" CC="00000"/>
						<SP ID="P11_SP00539" HPOS="511" VPOS="3197" WIDTH="18"/>
						<String ID="word000562" HPOS="529" VPOS="3162" WIDTH="156" HEIGHT="43" CONTENT="officers," WC="0.99" CC="000000010"/>
						<SP ID="P11_SP00540" HPOS="685" VPOS="3204" WIDTH="21"/>
						<String ID="word000563" HPOS="706" VPOS="3164" WIDTH="201" HEIGHT="45" CONTENT="belonging" WC="0.94" CC="110010200"/>
						<SP ID="P11_SP00541" HPOS="907" VPOS="3209" WIDTH="11"/>
						<String ID="word000564" HPOS="918" VPOS="3168" WIDTH="35" HEIGHT="30" CONTENT="to" WC="1.00" CC="00"/>
						<SP ID="P11_SP00542" HPOS="953" VPOS="3209" WIDTH="12"/>
						<String ID="word000565" HPOS="965" VPOS="3164" WIDTH="66" HEIGHT="41" CONTENT="the" WC="0.78" CC="501"/>
						<SP ID="P11_SP00543" HPOS="1031" VPOS="3209" WIDTH="27"/>
						<String ID="word000566" HPOS="1058" VPOS="3164" WIDTH="109" HEIGHT="37" CONTENT="Duke" WC="0.69" CC="2252"/>
						<SP ID="P11_SP00544" HPOS="1167" VPOS="3209" WIDTH="13"/>
						<String ID="word000567" HPOS="1180" VPOS="3164" WIDTH="45" HEIGHT="33" CONTENT="of" WC="1.00" CC="00"/>
						<SP ID="P11_SP00545" HPOS="1225" VPOS="3209" WIDTH="24"/>
						<String ID="word000568" HPOS="1248" VPOS="3163" WIDTH="229" HEIGHT="35" CONTENT='Infantado"s' WC="0.56" CC="35334333485"/>
						<SP ID="P11_SP00546" HPOS="1478" VPOS="3209" WIDTH="17"/>
						<String ID="word000569" HPOS="1494" VPOS="3174" WIDTH="117" HEIGHT="33" CONTENT="army." WC="0.91" CC="11101"/>
						<SP ID="P11_SP00547" HPOS="1611" VPOS="3209" WIDTH="0"/>
					</TextLine>
					<TextLine ID="P11_TL00063" HPOS="293" VPOS="3206" WIDTH="1331" HEIGHT="52">
						<String ID="word000570" HPOS="293" VPOS="3207" WIDTH="96" HEIGHT="51" CONTENT="have" WC="0.83" CC="3300"/>
						<SP ID="P11_SP00548" HPOS="389" VPOS="3257" WIDTH="14"/>
						<String ID="word000571" HPOS="403" VPOS="3211" WIDTH="87" HEIGHT="32" CONTENT="been" WC="1.00" CC="0000"/>
						<SP ID="P11_SP00549" HPOS="490" VPOS="3257" WIDTH="25"/>
						<String ID="word000572" HPOS="515" VPOS="3210" WIDTH="99" HEIGHT="40" CONTENT="shot," WC="0.98" CC="00100"/>
						<SP ID="P11_SP00550" HPOS="614" VPOS="3257" WIDTH="25"/>
						<String ID="word000573" HPOS="639" VPOS="3209" WIDTH="59" HEIGHT="35" CONTENT="for" WC="1.00" CC="000"/>
						<SP ID="P11_SP00551" HPOS="698" VPOS="3257" WIDTH="15"/>
						<String ID="word000574" HPOS="713" VPOS="3211" WIDTH="162" HEIGHT="44" CONTENT="uttering" WC="0.81" CC="52011113"/>
						<SP ID="P11_SP00552" HPOS="875" VPOS="3257" WIDTH="9"/>
						<String ID="word000575" HPOS="885" VPOS="3213" WIDTH="45" HEIGHT="40" CONTENT="ex" WC="0.83" CC="03" STYLEREFS="TXT_5"/>
						<String ID="word000576" HPOS="939" VPOS="3206" WIDTH="178" HEIGHT="50" CONTENT="pressions" WC="0.72" CC="040143641"/>
						<SP ID="P11_SP00553" HPOS="1117" VPOS="3257" WIDTH="11"/>
						<String ID="word000577" HPOS="1128" VPOS="3211" WIDTH="206" HEIGHT="35" CONTENT="calculated" WC="0.99" CC="0000001000"/>
						<SP ID="P11_SP00554" HPOS="1333" VPOS="3257" WIDTH="24"/>
						<String ID="word000578" HPOS="1357" VPOS="3213" WIDTH="70" HEIGHT="33" CONTENT="and" WC="0.96" CC="100"/>
						<SP ID="P11_SP00555" HPOS="1427" VPOS="3257" WIDTH="14"/>
						<String ID="word000579" HPOS="1441" VPOS="3211" WIDTH="183" HEIGHT="41" CONTENT="designed." WC="0.85" CC="520010112"/>
						<SP ID="P11_SP00556" HPOS="1624" VPOS="3257" WIDTH="0"/>
					</TextLine>
					<TextLine ID="P11_TL00064" HPOS="294" VPOS="3254" WIDTH="1304" HEIGHT="52">
						<String ID="word000580" HPOS="294" VPOS="3263" WIDTH="41" HEIGHT="26" CONTENT="to" WC="1.00" CC="00"/>
						<SP ID="P11_SP00557" HPOS="335" VPOS="3289" WIDTH="17"/>
						<String ID="word000581" HPOS="352" VPOS="3257" WIDTH="209" HEIGHT="37" CONTENT="dishearten" WC="0.87" CC="0031320030"/>
						<SP ID="P11_SP00558" HPOS="561" VPOS="3294" WIDTH="19"/>
						<String ID="word000582" HPOS="580" VPOS="3254" WIDTH="59" HEIGHT="38" CONTENT="the" WC="1.00" CC="000"/>
						<SP ID="P11_SP00559" HPOS="639" VPOS="3294" WIDTH="17"/>
						<String ID="word000583" HPOS="656" VPOS="3259" WIDTH="170" HEIGHT="38" CONTENT="soldiers." WC="0.81" CC="301012116"/>
						<SP ID="P11_SP00560" HPOS="826" VPOS="3296" WIDTH="48"/>
						<String ID="word000584" HPOS="874" VPOS="3260" WIDTH="90" HEIGHT="34" CONTENT="This" WC="0.97" CC="1000"/>
						<SP ID="P11_SP00561" HPOS="964" VPOS="3296" WIDTH="14"/>
						<String ID="word000585" HPOS="978" VPOS="3260" WIDTH="113" HEIGHT="41" CONTENT="ismie" WC="0.40" CC="54873"/>
						<SP ID="P11_SP00562" HPOS="1091" VPOS="3301" WIDTH="18"/>
						<String ID="word000586" HPOS="1109" VPOS="3260" WIDTH="44" HEIGHT="33" CONTENT="of" WC="1.00" CC="00"/>
						<SP ID="P11_SP00563" HPOS="1153" VPOS="3301" WIDTH="9"/>
						<String ID="word000587" HPOS="1162" VPOS="3257" WIDTH="60" HEIGHT="35" CONTENT="the" WC="0.81" CC="401"/>
						<SP ID="P11_SP00564" HPOS="1222" VPOS="3301" WIDTH="19"/>
						<String ID="word000588" HPOS="1241" VPOS="3260" WIDTH="200" HEIGHT="46" CONTENT="perfidious" WC="0.81" CC="0033311105"/>
						<SP ID="P11_SP00565" HPOS="1441" VPOS="3306" WIDTH="14"/>
						<String ID="word000589" HPOS="1455" VPOS="3260" WIDTH="72" HEIGHT="33" CONTENT="arti" WC="0.97" CC="1000"/>
						<String ID="word000590" HPOS="1534" VPOS="3259" WIDTH="20" HEIGHT="34" CONTENT="fi" WC="0.78" CC="31" STYLEREFS="TXT_4"/>
						<String ID="word000591" HPOS="1558" VPOS="3267" WIDTH="40" HEIGHT="27" CONTENT="ce" WC="0.83" CC="12"/>
						<SP ID="P11_SP00566" HPOS="1598" VPOS="3306" WIDTH="0"/>
					</TextLine>
					<TextLine ID="P11_TL00065" HPOS="294" VPOS="3304" WIDTH="1319" HEIGHT="50">
						<String ID="word000592" HPOS="294" VPOS="3304" WIDTH="125" HEIGHT="44" CONTENT="which" WC="0.73" CC="66000"/>
						<SP ID="P11_SP00567" HPOS="419" VPOS="3347" WIDTH="35"/>
						<String ID="word000593" HPOS="455" VPOS="3308" WIDTH="63" HEIGHT="32" CONTENT="the" WC="1.00" CC="000"/>
						<SP ID="P11_SP00568" HPOS="517" VPOS="3347" WIDTH="32"/>
						<String ID="word000594" HPOS="549" VPOS="3305" WIDTH="142" HEIGHT="37" CONTENT="French" WC="0.93" CC="301000"/>
						<SP ID="P11_SP00569" HPOS="691" VPOS="3347" WIDTH="33"/>
						<String ID="word000595" HPOS="724" VPOS="3307" WIDTH="154" HEIGHT="46" CONTENT="employ" WC="0.98" CC="000100"/>
						<SP ID="P11_SP00570" HPOS="878" VPOS="3353" WIDTH="34"/>
						<String ID="word000596" HPOS="912" VPOS="3314" WIDTH="35" HEIGHT="26" CONTENT="to" WC="1.00" CC="00"/>
						<SP ID="P11_SP00571" HPOS="947" VPOS="3353" WIDTH="31"/>
						<String ID="word000597" HPOS="978" VPOS="3307" WIDTH="129" HEIGHT="34" CONTENT="excite" WC="1.00" CC="000000"/>
						<SP ID="P11_SP00572" HPOS="1107" VPOS="3353" WIDTH="31"/>
						<String ID="word000598" HPOS="1137" VPOS="3308" WIDTH="330" HEIGHT="39" CONTENT="insubordination," WC="0.98" CC="0010000000010010"/>
						<SP ID="P11_SP00573" HPOS="1467" VPOS="3353" WIDTH="25"/>
						<String ID="word000599" HPOS="1492" VPOS="3306" WIDTH="67" HEIGHT="34" CONTENT="and" WC="0.96" CC="100"/>
						<SP ID="P11_SP00574" HPOS="1559" VPOS="3353" WIDTH="19"/>
						<String ID="word000600" HPOS="1578" VPOS="3314" WIDTH="35" HEIGHT="26" CONTENT="to" WC="1.00" CC="00"/>
						<SP ID="P11_SP00575" HPOS="1613" VPOS="3353" WIDTH="0"/>
					</TextLine>
					<TextLine ID="P11_TL00066" HPOS="291" VPOS="3353" WIDTH="1323" HEIGHT="46">
						<String ID="word000601" HPOS="291" VPOS="3353" WIDTH="104" HEIGHT="34" CONTENT="avail" WC="1.00" CC="00000"/>
						<SP ID="P11_SP00576" HPOS="394" VPOS="3387" WIDTH="30"/>
						<String ID="word000602" HPOS="424" VPOS="3353" WIDTH="214" HEIGHT="35" CONTENT="themselves" WC="0.98" CC="0000000020"/>
						<SP ID="P11_SP00577" HPOS="638" VPOS="3389" WIDTH="27"/>
						<String ID="word000603" HPOS="665" VPOS="3354" WIDTH="44" HEIGHT="33" CONTENT="of" WC="0.94" CC="10" STYLEREFS="TXT_5"/>
						<SP ID="P11_SP00578" HPOS="709" VPOS="3389" WIDTH="19"/>
						<String ID="word000604" HPOS="728" VPOS="3354" WIDTH="66" HEIGHT="33" CONTENT="the" WC="0.96" CC="001"/>
						<SP ID="P11_SP00579" HPOS="794" VPOS="3389" WIDTH="15"/>
						<String ID="word000605" HPOS="809" VPOS="3353" WIDTH="204" HEIGHT="35" CONTENT="•confte4on" WC="0.48" CC="3353358773"/>
						<SP ID="P11_SP00580" HPOS="1013" VPOS="3389" WIDTH="26"/>
						<String ID="word000606" HPOS="1039" VPOS="3354" WIDTH="83" HEIGHT="34" CONTENT="thus" WC="0.92" CC="1101"/>
						<SP ID="P11_SP00581" HPOS="1122" VPOS="3389" WIDTH="33"/>
						<String ID="word000607" HPOS="1155" VPOS="3353" WIDTH="213" HEIGHT="37" CONTENT="iitroduced" WC="0.61" CC="5533343333"/>
						<SP ID="P11_SP00582" HPOS="1368" VPOS="3390" WIDTH="27"/>
						<String ID="word000608" HPOS="1395" VPOS="3365" WIDTH="131" HEIGHT="34" CONTENT="among" WC="0.95" CC="00101"/>
						<SP ID="P11_SP00583" HPOS="1526" VPOS="3399" WIDTH="28"/>
						<String ID="word000609" HPOS="1554" VPOS="3353" WIDTH="59" HEIGHT="34" CONTENT="the" WC="0.93" CC="002"/>
						<SP ID="P11_SP00584" HPOS="1613" VPOS="3399" WIDTH="0"/>
					</TextLine>
					<TextLine ID="P11_TL00067" HPOS="291" VPOS="3392" WIDTH="1319" HEIGHT="55">
						<String ID="word000610" HPOS="291" VPOS="3392" WIDTH="146" HEIGHT="53" CONTENT="troops." WC="0.56" CC="5383333"/>
						<SP ID="P11_SP00585" HPOS="437" VPOS="3445" WIDTH="52"/>
						<String ID="word000611" HPOS="489" VPOS="3402" WIDTH="92" HEIGHT="34" CONTENT="This" WC="0.97" CC="1000"/>
						<SP ID="P11_SP00586" HPOS="581" VPOS="3445" WIDTH="20"/>
						<String ID="word000612" HPOS="601" VPOS="3412" WIDTH="72" HEIGHT="25" CONTENT="was" WC="1.00" CC="000"/>
						<SP ID="P11_SP00587" HPOS="673" VPOS="3445" WIDTH="28"/>
						<String ID="word000613" HPOS="702" VPOS="3403" WIDTH="168" HEIGHT="44" CONTENT="actually" WC="0.97" CC="01000100"/>
						<SP ID="P11_SP00588" HPOS="869" VPOS="3446" WIDTH="26"/>
						<String ID="word000614" HPOS="895" VPOS="3403" WIDTH="60" HEIGHT="34" CONTENT="the" WC="1.00" CC="000"/>
						<SP ID="P11_SP00589" HPOS="956" VPOS="3446" WIDTH="14"/>
						<String ID="word000615" HPOS="970" VPOS="3412" WIDTH="84" HEIGHT="26" CONTENT="case" WC="1.00" CC="0000"/>
						<SP ID="P11_SP00590" HPOS="1054" VPOS="3446" WIDTH="20"/>
						<String ID="word000616" HPOS="1074" VPOS="3398" WIDTH="89" HEIGHT="39" CONTENT="with" WC="0.86" CC="0140"/>
						<SP ID="P11_SP00591" HPOS="1162" VPOS="3446" WIDTH="19"/>
						<String ID="word000617" HPOS="1181" VPOS="3399" WIDTH="201" HEIGHT="39" CONTENT="Castinos's" WC="0.54" CC="3433855433"/>
						<SP ID="P11_SP00592" HPOS="1382" VPOS="3446" WIDTH="17"/>
						<String ID="word000618" HPOS="1398" VPOS="3399" WIDTH="122" HEIGHT="46" CONTENT="army," WC="0.95" CC="01100"/>
						<SP ID="P11_SP00593" HPOS="1520" VPOS="3446" WIDTH="24"/>
						<String ID="word000619" HPOS="1544" VPOS="3402" WIDTH="66" HEIGHT="33" CONTENT="and" WC="1.00" CC="000"/>
						<SP ID="P11_SP00594" HPOS="1610" VPOS="3446" WIDTH="0"/>
					</TextLine>
					<TextLine ID="P11_TL00068" HPOS="293" VPOS="3449" WIDTH="1322" HEIGHT="46">
						<String ID="word000620" HPOS="293" VPOS="3458" WIDTH="77" HEIGHT="37" CONTENT="was" WC="0.44" CC="555"/>
						<SP ID="P11_SP00595" HPOS="370" VPOS="3495" WIDTH="19"/>
						<String ID="word000621" HPOS="389" VPOS="3451" WIDTH="61" HEIGHT="41" CONTENT="the" WC="0.63" CC="064"/>
						<SP ID="P11_SP00596" HPOS="450" VPOS="3495" WIDTH="13"/>
						<String ID="word000622" HPOS="463" VPOS="3450" WIDTH="78" HEIGHT="34" CONTENT="sole" WC="0.97" CC="1000"/>
						<SP ID="P11_SP00597" HPOS="541" VPOS="3495" WIDTH="11"/>
						<String ID="word000623" HPOS="552" VPOS="3461" WIDTH="107" HEIGHT="31" CONTENT="cause" WC="0.78" CC="10126"/>
						<SP ID="P11_SP00598" HPOS="659" VPOS="3495" WIDTH="14"/>
						<String ID="word000624" HPOS="673" VPOS="3451" WIDTH="45" HEIGHT="33" CONTENT="of" WC="1.00" CC="00"/>
						<SP ID="P11_SP00599" HPOS="718" VPOS="3495" WIDTH="17"/>
						<String ID="word000625" HPOS="735" VPOS="3451" WIDTH="272" HEIGHT="44" CONTENT="itsdispersion." WC="0.60" CC="36333633333533"/>
						<SP ID="P11_SP00600" HPOS="1006" VPOS="3495" WIDTH="51"/>
						<String ID="word000626" HPOS="1057" VPOS="3451" WIDTH="80" HEIGHT="34" CONTENT="One" WC="1.00" CC="000"/>
						<SP ID="P11_SP00601" HPOS="1137" VPOS="3495" WIDTH="17"/>
						<String ID="word000627" HPOS="1154" VPOS="3450" WIDTH="43" HEIGHT="34" CONTENT="of" WC="1.00" CC="00"/>
						<SP ID="P11_SP00602" HPOS="1196" VPOS="3495" WIDTH="14"/>
						<String ID="word000628" HPOS="1211" VPOS="3449" WIDTH="65" HEIGHT="35" CONTENT="the" WC="1.00" CC="000"/>
						<SP ID="P11_SP00603" HPOS="1276" VPOS="3495" WIDTH="19"/>
						<String ID="word000629" HPOS="1294" VPOS="3450" WIDTH="174" HEIGHT="34" CONTENT="Colonels" WC="1.00" CC="00000000"/>
						<SP ID="P11_SP00604" HPOS="1468" VPOS="3495" WIDTH="18"/>
						<String ID="word000630" HPOS="1486" VPOS="3450" WIDTH="33" HEIGHT="33" CONTENT="in" WC="1.00" CC="00"/>
						<SP ID="P11_SP00605" HPOS="1519" VPOS="3495" WIDTH="19"/>
						<String ID="word000631" HPOS="1538" VPOS="3451" WIDTH="77" HEIGHT="32" CONTENT="that" WC="1.00" CC="0000"/>
						<SP ID="P11_SP00606" HPOS="1615" VPOS="3495" WIDTH="0"/>
					</TextLine>
					<TextLine ID="P11_TL00069" HPOS="291" VPOS="3497" WIDTH="1326" HEIGHT="46">
						<String ID="word000632" HPOS="291" VPOS="3507" WIDTH="112" HEIGHT="34" CONTENT="army" WC="1.00" CC="0000"/>
						<SP ID="P11_SP00607" HPOS="403" VPOS="3541" WIDTH="17"/>
						<String ID="word000633" HPOS="419" VPOS="3497" WIDTH="119" HEIGHT="34" CONTENT="stated" WC="0.96" CC="001010"/>
						<SP ID="P11_SP00608" HPOS="539" VPOS="3541" WIDTH="35"/>
						<String ID="word000634" HPOS="574" VPOS="3498" WIDTH="34" HEIGHT="34" CONTENT="in" WC="1.00" CC="00"/>
						<SP ID="P11_SP00609" HPOS="608" VPOS="3541" WIDTH="14"/>
						<String ID="word000635" HPOS="622" VPOS="3509" WIDTH="24" HEIGHT="25" CONTENT="a" WC="1.00" CC="0"/>
						<SP ID="P11_SP00610" HPOS="646" VPOS="3541" WIDTH="18"/>
						<String ID="word000636" HPOS="664" VPOS="3498" WIDTH="126" HEIGHT="43" CONTENT="letter," WC="0.98" CC="1000000"/>
						<SP ID="P11_SP00611" HPOS="790" VPOS="3541" WIDTH="27"/>
						<String ID="word000637" HPOS="817" VPOS="3498" WIDTH="144" HEIGHT="34" CONTENT="written" WC="1.00" CC="0000000"/>
						<SP ID="P11_SP00612" HPOS="961" VPOS="3541" WIDTH="35"/>
						<String ID="word000638" HPOS="997" VPOS="3497" WIDTH="249" HEIGHT="45" CONTENT="immediately" WC="0.89" CC="10000310150"/>
						<SP ID="P11_SP00613" HPOS="1246" VPOS="3542" WIDTH="28"/>
						<String ID="word000639" HPOS="1274" VPOS="3497" WIDTH="97" HEIGHT="34" CONTENT="after" WC="0.95" CC="10010"/>
						<SP ID="P11_SP00614" HPOS="1371" VPOS="3542" WIDTH="15"/>
						<String ID="word000640" HPOS="1387" VPOS="3497" WIDTH="64" HEIGHT="33" CONTENT="the" WC="0.96" CC="100"/>
						<SP ID="P11_SP00615" HPOS="1450" VPOS="3542" WIDTH="15"/>
						<String ID="word000641" HPOS="1466" VPOS="3500" WIDTH="151" HEIGHT="43" CONTENT="etigake-" WC="0.51" CC="27733733"/>
					</TextLine>
					<TextLine ID="P11_TL00070" HPOS="292" VPOS="3540" WIDTH="1326" HEIGHT="51">
						<String ID="word000642" HPOS="292" VPOS="3540" WIDTH="116" HEIGHT="46" CONTENT="Ment," WC="0.67" CC="76011"/>
						<SP ID="P11_SP00616" HPOS="407" VPOS="3586" WIDTH="26"/>
						<String ID="word000643" HPOS="433" VPOS="3546" WIDTH="79" HEIGHT="34" CONTENT="that" WC="1.00" CC="0000"/>
						<SP ID="P11_SP00617" HPOS="513" VPOS="3586" WIDTH="18"/>
						<String ID="word000644" HPOS="530" VPOS="3546" WIDTH="30" HEIGHT="34" CONTENT="it" WC="1.00" CC="00"/>
						<SP ID="P11_SP00618" HPOS="560" VPOS="3586" WIDTH="19"/>
						<String ID="word000645" HPOS="579" VPOS="3555" WIDTH="73" HEIGHT="26" CONTENT="was" WC="0.85" CC="013"/>
						<SP ID="P11_SP00619" HPOS="652" VPOS="3586" WIDTH="15"/>
						<String ID="word000646" HPOS="667" VPOS="3546" WIDTH="174" HEIGHT="37" CONTENT="defeated" WC="0.86" CC="01061110"/>
						<SP ID="P11_SP00620" HPOS="841" VPOS="3586" WIDTH="13"/>
						<String ID="word000647" HPOS="854" VPOS="3547" WIDTH="154" HEIGHT="44" CONTENT="entirely" WC="0.99" CC="00100000"/>
						<SP ID="P11_SP00621" HPOS="1007" VPOS="3591" WIDTH="21"/>
						<String ID="word000648" HPOS="1029" VPOS="3547" WIDTH="35" HEIGHT="34" CONTENT="in" WC="1.00" CC="00"/>
						<SP ID="P11_SP00622" HPOS="1064" VPOS="3591" WIDTH="24"/>
						<String ID="word000649" HPOS="1088" VPOS="3555" WIDTH="243" HEIGHT="35" CONTENT="consequence" WC="0.94" CC="03010100010"/>
						<SP ID="P11_SP00623" HPOS="1331" VPOS="3591" WIDTH="18"/>
						<String ID="word000650" HPOS="1349" VPOS="3544" WIDTH="43" HEIGHT="35" CONTENT="of" WC="0.94" CC="10"/>
						<SP ID="P11_SP00624" HPOS="1391" VPOS="3591" WIDTH="20"/>
						<String ID="word000651" HPOS="1411" VPOS="3546" WIDTH="63" HEIGHT="32" CONTENT="the" WC="0.96" CC="001"/>
						<SP ID="P11_SP00625" HPOS="1474" VPOS="3591" WIDTH="25"/>
						<String ID="word000652" HPOS="1499" VPOS="3555" WIDTH="119" HEIGHT="24" CONTENT="causes" WC="0.94" CC="000111"/>
						<SP ID="P11_SP00626" HPOS="1618" VPOS="3591" WIDTH="0"/>
					</TextLine>
					<TextLine ID="P11_TL00071" HPOS="294" VPOS="3591" WIDTH="1324" HEIGHT="45">
						<String ID="word000653" HPOS="294" VPOS="3591" WIDTH="78" HEIGHT="45" CONTENT="just" WC="0.58" CC="3543"/>
						<SP ID="P11_SP00627" HPOS="372" VPOS="3635" WIDTH="17"/>
						<String ID="word000654" HPOS="389" VPOS="3593" WIDTH="221" HEIGHT="41" CONTENT="mentioned," WC="0.94" CC="0010301000"/>
						<SP ID="P11_SP00628" HPOS="609" VPOS="3635" WIDTH="26"/>
						<String ID="word000655" HPOS="635" VPOS="3594" WIDTH="70" HEIGHT="35" CONTENT="and" WC="1.00" CC="000"/>
						<SP ID="P11_SP00629" HPOS="705" VPOS="3635" WIDTH="28"/>
						<String ID="word000656" HPOS="733" VPOS="3594" WIDTH="84" HEIGHT="38" CONTENT="that" WC="1.00" CC="0000"/>
						<SP ID="P11_SP00630" HPOS="817" VPOS="3635" WIDTH="26"/>
						<String ID="word000657" HPOS="843" VPOS="3594" WIDTH="71" HEIGHT="34" CONTENT="this" WC="1.00" CC="0000"/>
						<SP ID="P11_SP00631" HPOS="914" VPOS="3635" WIDTH="25"/>
						<String ID="word000658" HPOS="939" VPOS="3599" WIDTH="194" HEIGHT="31" CONTENT="statement" WC="0.96" CC="001100010"/>
						<SP ID="P11_SP00632" HPOS="1133" VPOS="3635" WIDTH="26"/>
						<String ID="word000659" HPOS="1159" VPOS="3605" WIDTH="73" HEIGHT="24" CONTENT="was" WC="0.93" CC="011"/>
						<SP ID="P11_SP00633" HPOS="1232" VPOS="3635" WIDTH="26"/>
						<String ID="word000660" HPOS="1258" VPOS="3591" WIDTH="196" HEIGHT="37" CONTENT="confirmed" WC="0.70" CC="015331326"/>
						<SP ID="P11_SP00634" HPOS="1454" VPOS="3635" WIDTH="19"/>
						<String ID="word000661" HPOS="1473" VPOS="3594" WIDTH="53" HEIGHT="41" CONTENT="by" WC="1.00" CC="00"/>
						<SP ID="P11_SP00635" HPOS="1526" VPOS="3635" WIDTH="32"/>
						<String ID="word000662" HPOS="1558" VPOS="3593" WIDTH="60" HEIGHT="34" CONTENT="the" WC="0.93" CC="101"/>
						<SP ID="P11_SP00636" HPOS="1618" VPOS="3635" WIDTH="0"/>
					</TextLine>
					<TextLine ID="P11_TL00072" HPOS="296" VPOS="3640" WIDTH="1320" HEIGHT="46">
						<String ID="word000663" HPOS="296" VPOS="3640" WIDTH="200" HEIGHT="37" CONTENT="continued" WC="0.99" CC="001000000"/>
						<SP ID="P11_SP00637" HPOS="496" VPOS="3677" WIDTH="18"/>
						<String ID="word000664" HPOS="514" VPOS="3643" WIDTH="139" HEIGHT="35" CONTENT="arrival" WC="1.00" CC="0000000"/>
						<SP ID="P11_SP00638" HPOS="653" VPOS="3678" WIDTH="19"/>
						<String ID="word000665" HPOS="672" VPOS="3641" WIDTH="45" HEIGHT="35" CONTENT="of" WC="1.00" CC="00"/>
						<SP ID="P11_SP00639" HPOS="717" VPOS="3678" WIDTH="21"/>
						<String ID="word000666" HPOS="738" VPOS="3653" WIDTH="107" HEIGHT="33" CONTENT="many" WC="0.97" CC="0100"/>
						<SP ID="P11_SP00640" HPOS="846" VPOS="3686" WIDTH="19"/>
						<String ID="word000667" HPOS="865" VPOS="3643" WIDTH="43" HEIGHT="33" CONTENT="of" WC="1.00" CC="00"/>
						<SP ID="P11_SP00641" HPOS="907" VPOS="3686" WIDTH="20"/>
						<String ID="word000668" HPOS="927" VPOS="3641" WIDTH="64" HEIGHT="35" CONTENT="the" WC="0.96" CC="100"/>
						<SP ID="P11_SP00642" HPOS="991" VPOS="3686" WIDTH="34"/>
						<String ID="word000669" HPOS="1025" VPOS="3641" WIDTH="138" HEIGHT="37" CONTENT="officers" WC="0.82" CC="03550000"/>
						<SP ID="P11_SP00643" HPOS="1163" VPOS="3686" WIDTH="25"/>
						<String ID="word000670" HPOS="1188" VPOS="3641" WIDTH="70" HEIGHT="34" CONTENT="and" WC="1.00" CC="000"/>
						<SP ID="P11_SP00644" HPOS="1258" VPOS="3686" WIDTH="19"/>
						<String ID="word000671" HPOS="1277" VPOS="3640" WIDTH="151" HEIGHT="34" CONTENT="soldiers" WC="0.97" CC="10000001"/>
						<SP ID="P11_SP00645" HPOS="1428" VPOS="3686" WIDTH="15"/>
						<String ID="word000672" HPOS="1443" VPOS="3645" WIDTH="41" HEIGHT="31" CONTENT="at" WC="1.00" CC="00"/>
						<SP ID="P11_SP00646" HPOS="1485" VPOS="3686" WIDTH="18"/>
						<String ID="word000673" HPOS="1502" VPOS="3640" WIDTH="92" HEIGHT="34" CONTENT="Caro" SUBS_TYPE="HypPart1" SUBS_CONTENT="Carolina" WC="0.67" CC="0164"/>
						<HYP HPOS="1594" VPOS="3640" WIDTH="22" CONTENT="-"/>
					</TextLine>
					<TextLine ID="P11_TL00073" HPOS="295" VPOS="3687" WIDTH="1326" HEIGHT="49">
						<String ID="word000674" HPOS="295" VPOS="3687" WIDTH="83" HEIGHT="37" CONTENT="lina" SUBS_TYPE="HypPart2" SUBS_CONTENT="Carolina" WC="0.64" CC="4171"/>
						<SP ID="P11_SP00647" HPOS="378" VPOS="3724" WIDTH="15"/>
						<String ID="word000675" HPOS="393" VPOS="3689" WIDTH="70" HEIGHT="38" CONTENT="and" WC="0.89" CC="030"/>
						<SP ID="P11_SP00648" HPOS="463" VPOS="3726" WIDTH="30"/>
						<String ID="word000676" HPOS="493" VPOS="3690" WIDTH="65" HEIGHT="34" CONTENT="the" WC="0.96" CC="001"/>
						<SP ID="P11_SP00649" HPOS="557" VPOS="3726" WIDTH="31"/>
						<String ID="word000677" HPOS="588" VPOS="3692" WIDTH="123" HEIGHT="44" CONTENT="places" WC="0.74" CC="136013"/>
						<SP ID="P11_SP00650" HPOS="711" VPOS="3736" WIDTH="14"/>
						<String ID="word000678" HPOS="725" VPOS="3689" WIDTH="184" HEIGHT="47" CONTENT="adjacent." WC="0.64" CC="277222223"/>
						<SP ID="P11_SP00651" HPOS="909" VPOS="3736" WIDTH="50"/>
						<String ID="word000679" HPOS="959" VPOS="3691" WIDTH="84" HEIGHT="34" CONTENT="The" WC="1.00" CC="000"/>
						<SP ID="P11_SP00652" HPOS="1043" VPOS="3736" WIDTH="18"/>
						<String ID="word000680" HPOS="1061" VPOS="3700" WIDTH="103" HEIGHT="34" CONTENT="army" WC="1.00" CC="0000"/>
						<SP ID="P11_SP00653" HPOS="1163" VPOS="3736" WIDTH="21"/>
						<String ID="word000681" HPOS="1185" VPOS="3689" WIDTH="43" HEIGHT="34" CONTENT="of" WC="1.00" CC="00"/>
						<SP ID="P11_SP00654" HPOS="1227" VPOS="3736" WIDTH="22"/>
						<String ID="word000682" HPOS="1250" VPOS="3689" WIDTH="227" HEIGHT="34" CONTENT="Somosierra" WC="0.64" CC="3335333333"/>
						<SP ID="P11_SP00655" HPOS="1476" VPOS="3736" WIDTH="19"/>
						<String ID="word000683" HPOS="1495" VPOS="3698" WIDTH="72" HEIGHT="25" CONTENT="was" WC="1.00" CC="000"/>
						<SP ID="P11_SP00656" HPOS="1567" VPOS="3736" WIDTH="17"/>
						<String ID="word000684" HPOS="1584" VPOS="3689" WIDTH="37" HEIGHT="34" CONTENT="in" WC="0.94" CC="01"/>
						<SP ID="P11_SP00657" HPOS="1620" VPOS="3736" WIDTH="0"/>
					</TextLine>
					<TextLine ID="P11_TL00074" HPOS="296" VPOS="3736" WIDTH="1324" HEIGHT="44">
						<String ID="word000685" HPOS="296" VPOS="3736" WIDTH="69" HEIGHT="35" CONTENT="the" WC="0.96" CC="001"/>
						<SP ID="P11_SP00658" HPOS="365" VPOS="3771" WIDTH="12"/>
						<String ID="word000686" HPOS="377" VPOS="3746" WIDTH="99" HEIGHT="27" CONTENT="same" WC="0.86" CC="1112"/>
						<SP ID="P11_SP00659" HPOS="476" VPOS="3774" WIDTH="14"/>
						<String ID="word000687" HPOS="490" VPOS="3738" WIDTH="178" HEIGHT="35" CONTENT="situation" WC="0.78" CC="213122322"/>
						<SP ID="P11_SP00660" HPOS="669" VPOS="3774" WIDTH="14"/>
						<String ID="word000688" HPOS="683" VPOS="3751" WIDTH="9" HEIGHT="28" CONTENT=";" WC="1.00" CC="0"/>
						<SP ID="P11_SP00661" HPOS="692" VPOS="3780" WIDTH="26"/>
						<String ID="word000689" HPOS="718" VPOS="3749" WIDTH="41" HEIGHT="26" CONTENT="so" WC="0.78" CC="13"/>
						<SP ID="P11_SP00662" HPOS="759" VPOS="3780" WIDTH="28"/>
						<String ID="word000690" HPOS="788" VPOS="3738" WIDTH="83" HEIGHT="37" CONTENT="that" WC="0.97" CC="0100"/>
						<SP ID="P11_SP00663" HPOS="870" VPOS="3780" WIDTH="25"/>
						<String ID="word000691" HPOS="895" VPOS="3739" WIDTH="27" HEIGHT="33" CONTENT="it" WC="1.00" CC="00"/>
						<SP ID="P11_SP00664" HPOS="922" VPOS="3780" WIDTH="19"/>
						<String ID="word000692" HPOS="941" VPOS="3737" WIDTH="37" HEIGHT="35" CONTENT="is'" WC="0.70" CC="107"/>
						<SP ID="P11_SP00665" HPOS="978" VPOS="3780" WIDTH="11"/>
						<String ID="word000693" HPOS="989" VPOS="3744" WIDTH="38" HEIGHT="28" CONTENT="to" WC="0.94" CC="10"/>
						<SP ID="P11_SP00666" HPOS="1026" VPOS="3780" WIDTH="18"/>
						<String ID="word000694" HPOS="1044" VPOS="3738" WIDTH="163" HEIGHT="34" CONTENT="disorder" WC="0.99" CC="00000100"/>
						<SP ID="P11_SP00667" HPOS="1207" VPOS="3780" WIDTH="15"/>
						<String ID="word000695" HPOS="1222" VPOS="3736" WIDTH="73" HEIGHT="35" CONTENT="and" WC="0.93" CC="110"/>
						<SP ID="P11_SP00668" HPOS="1296" VPOS="3780" WIDTH="17"/>
						<String ID="word000696" HPOS="1312" VPOS="3736" WIDTH="308" HEIGHT="37" CONTENT="insubordination" WC="0.92" CC="002310300001100"/>
						<SP ID="P11_SP00669" HPOS="1620" VPOS="3780" WIDTH="0"/>
					</TextLine>
					<TextLine ID="P11_TL00075" HPOS="295" VPOS="3777" WIDTH="1327" HEIGHT="55">
						<String ID="word000697" HPOS="295" VPOS="3784" WIDTH="47" HEIGHT="37" CONTENT="in." WC="0.93" CC="101"/>
						<SP ID="P11_SP00670" HPOS="343" VPOS="3821" WIDTH="12"/>
						<String ID="word000698" HPOS="354" VPOS="3784" WIDTH="65" HEIGHT="38" CONTENT="the" WC="1.00" CC="000"/>
						<SP ID="P11_SP00671" HPOS="419" VPOS="3822" WIDTH="18"/>
						<String ID="word000699" HPOS="437" VPOS="3787" WIDTH="115" HEIGHT="37" CONTENT="ranks" WC="0.76" CC="01325"/>
						<SP ID="P11_SP00672" HPOS="552" VPOS="3823" WIDTH="17"/>
						<String ID="word000700" HPOS="568" VPOS="3785" WIDTH="45" HEIGHT="37" CONTENT="of" WC="1.00" CC="00"/>
						<SP ID="P11_SP00673" HPOS="613" VPOS="3823" WIDTH="20"/>
						<String ID="word000701" HPOS="633" VPOS="3787" WIDTH="98" HEIGHT="38" CONTENT="their" WC="0.98" CC="00100"/>
						<SP ID="P11_SP00674" HPOS="731" VPOS="3824" WIDTH="14"/>
						<String ID="word000702" HPOS="745" VPOS="3787" WIDTH="204" HEIGHT="45" CONTENT="opponents" WC="0.96" CC="011000100"/>
						<SP ID="P11_SP00675" HPOS="950" VPOS="3831" WIDTH="18"/>
						<String ID="word000703" HPOS="967" VPOS="3787" WIDTH="83" HEIGHT="34" CONTENT="that" WC="1.00" CC="0000"/>
						<SP ID="P11_SP00676" HPOS="1050" VPOS="3831" WIDTH="18"/>
						<String ID="word000704" HPOS="1068" VPOS="3784" WIDTH="64" HEIGHT="38" CONTENT="the" WC="1.00" CC="000"/>
						<SP ID="P11_SP00677" HPOS="1131" VPOS="3831" WIDTH="15"/>
						<String ID="word000705" HPOS="1147" VPOS="3784" WIDTH="143" HEIGHT="35" CONTENT="French" WC="0.93" CC="300010"/>
						<SP ID="P11_SP00678" HPOS="1290" VPOS="3831" WIDTH="11"/>
						<String ID="word000706" HPOS="1300" VPOS="3795" WIDTH="63" HEIGHT="24" CONTENT="are" WC="1.00" CC="000"/>
						<SP ID="P11_SP00679" HPOS="1363" VPOS="3831" WIDTH="19"/>
						<String ID="word000707" HPOS="1382" VPOS="3777" WIDTH="167" HEIGHT="41" CONTENT="indebted" WC="0.97" CC="00011000"/>
						<SP ID="P11_SP00680" HPOS="1548" VPOS="3831" WIDTH="17"/>
						<String ID="word000708" HPOS="1565" VPOS="3783" WIDTH="57" HEIGHT="33" CONTENT="for" WC="0.89" CC="030"/>
						<SP ID="P11_SP00681" HPOS="1622" VPOS="3831" WIDTH="0"/>
					</TextLine>
					<TextLine ID="P11_TL00076" HPOS="299" VPOS="3824" WIDTH="1326" HEIGHT="57">
						<String ID="word000709" HPOS="299" VPOS="3824" WIDTH="66" HEIGHT="43" CONTENT="the" WC="0.44" CC="555"/>
						<SP ID="P11_SP00682" HPOS="365" VPOS="3867" WIDTH="20"/>
						<String ID="word000710" HPOS="385" VPOS="3843" WIDTH="170" HEIGHT="34" CONTENT="progress" WC="0.97" CC="00000002"/>
						<SP ID="P11_SP00683" HPOS="555" VPOS="3878" WIDTH="15"/>
						<String ID="word000711" HPOS="570" VPOS="3835" WIDTH="87" HEIGHT="46" CONTENT="they" WC="0.94" CC="0002"/>
						<SP ID="P11_SP00684" HPOS="658" VPOS="3881" WIDTH="18"/>
						<String ID="word000712" HPOS="676" VPOS="3836" WIDTH="94" HEIGHT="34" CONTENT="have" WC="0.97" CC="0100"/>
						<SP ID="P11_SP00685" HPOS="770" VPOS="3881" WIDTH="19"/>
						<String ID="word000713" HPOS="789" VPOS="3834" WIDTH="161" HEIGHT="37" CONTENT="hitherto" WC="0.97" CC="10100000"/>
						<SP ID="P11_SP00686" HPOS="950" VPOS="3881" WIDTH="19"/>
						<String ID="word000714" HPOS="969" VPOS="3834" WIDTH="120" HEIGHT="35" CONTENT="made." WC="0.78" CC="33013"/>
						<SP ID="P11_SP00687" HPOS="1089" VPOS="3881" WIDTH="53"/>
						<String ID="word000715" HPOS="1142" VPOS="3831" WIDTH="71" HEIGHT="37" CONTENT="But" WC="0.81" CC="500"/>
						<SP ID="P11_SP00688" HPOS="1213" VPOS="3881" WIDTH="19"/>
						<String ID="word000716" HPOS="1232" VPOS="3834" WIDTH="91" HEIGHT="43" CONTENT="they" WC="1.00" CC="0000"/>
						<SP ID="P11_SP00689" HPOS="1323" VPOS="3881" WIDTH="19"/>
						<String ID="word000717" HPOS="1342" VPOS="3830" WIDTH="76" HEIGHT="37" CONTENT="will" WC="0.92" CC="1101"/>
						<SP ID="P11_SP00690" HPOS="1417" VPOS="3881" WIDTH="20"/>
						<String ID="word000718" HPOS="1437" VPOS="3842" WIDTH="47" HEIGHT="24" CONTENT="no" WC="1.00" CC="00"/>
						<SP ID="P11_SP00691" HPOS="1485" VPOS="3881" WIDTH="15"/>
						<String ID="word000719" HPOS="1500" VPOS="3831" WIDTH="125" HEIGHT="44" CONTENT="longer" WC="1.00" CC="000000"/>
						<SP ID="P11_SP00692" HPOS="1625" VPOS="3881" WIDTH="0"/>
					</TextLine>
					<TextLine ID="P11_TL00077" HPOS="292" VPOS="3879" WIDTH="1331" HEIGHT="48">
						<String ID="word000720" HPOS="292" VPOS="3879" WIDTH="99" HEIGHT="44" CONTENT="have" WC="0.50" CC="6813"/>
						<SP ID="P11_SP00693" HPOS="391" VPOS="3922" WIDTH="11"/>
						<String ID="word000721" HPOS="402" VPOS="3881" WIDTH="61" HEIGHT="38" CONTENT="the" WC="0.85" CC="202"/>
						<SP ID="P11_SP00694" HPOS="463" VPOS="3922" WIDTH="18"/>
						<String ID="word000722" HPOS="481" VPOS="3882" WIDTH="136" HEIGHT="39" CONTENT="henefit" WC="0.70" CC="4401550"/>
						<SP ID="P11_SP00695" HPOS="617" VPOS="3922" WIDTH="18"/>
						<String ID="word000723" HPOS="634" VPOS="3883" WIDTH="44" HEIGHT="38" CONTENT="of" WC="0.94" CC="10"/>
						<SP ID="P11_SP00696" HPOS="678" VPOS="3922" WIDTH="20"/>
						<String ID="word000724" HPOS="698" VPOS="3882" WIDTH="90" HEIGHT="38" CONTENT="such" WC="0.86" CC="2012"/>
						<SP ID="P11_SP00697" HPOS="788" VPOS="3922" WIDTH="13"/>
						<String ID="word000725" HPOS="801" VPOS="3893" WIDTH="65" HEIGHT="26" CONTENT=".an" WC="0.67" CC="331"/>
						<SP ID="P11_SP00698" HPOS="866" VPOS="3922" WIDTH="15"/>
						<String ID="word000726" HPOS="881" VPOS="3882" WIDTH="208" HEIGHT="45" CONTENT="auxiliary," WC="0.98" CC="1010000000"/>
						<SP ID="P11_SP00699" HPOS="1089" VPOS="3927" WIDTH="27"/>
						<String ID="word000727" HPOS="1116" VPOS="3892" WIDTH="38" HEIGHT="24" CONTENT="as" WC="0.94" CC="10"/>
						<SP ID="P11_SP00700" HPOS="1154" VPOS="3927" WIDTH="15"/>
						<String ID="word000728" HPOS="1169" VPOS="3892" WIDTH="24" HEIGHT="22" CONTENT="a" WC="1.00" CC="0"/>
						<SP ID="P11_SP00701" HPOS="1193" VPOS="3927" WIDTH="33"/>
						<String ID="word000729" HPOS="1226" VPOS="3885" WIDTH="133" HEIGHT="41" CONTENT="system" WC="0.98" CC="100000"/>
						<SP ID="P11_SP00702" HPOS="1359" VPOS="3927" WIDTH="30"/>
						<String ID="word000730" HPOS="1389" VPOS="3879" WIDTH="45" HEIGHT="34" CONTENT="of" WC="1.00" CC="00"/>
						<SP ID="P11_SP00703" HPOS="1434" VPOS="3927" WIDTH="20"/>
						<String ID="word000731" HPOS="1454" VPOS="3879" WIDTH="169" HEIGHT="46" CONTENT="rigorous" WC="0.97" CC="00001001"/>
						<SP ID="P11_SP00704" HPOS="1623" VPOS="3927" WIDTH="0"/>
					</TextLine>
					<TextLine ID="P11_TL00078" HPOS="294" VPOS="3927" WIDTH="1330" HEIGHT="50">
						<String ID="word000732" HPOS="294" VPOS="3928" WIDTH="172" HEIGHT="45" CONTENT="military" WC="0.81" CC="04411400"/>
						<SP ID="P11_SP00705" HPOS="467" VPOS="3973" WIDTH="22"/>
						<String ID="word000733" HPOS="489" VPOS="3931" WIDTH="198" HEIGHT="46" CONTENT="discipline" WC="0.83" CC="0113001153"/>
						<SP ID="P11_SP00706" HPOS="687" VPOS="3977" WIDTH="33"/>
						<String ID="word000734" HPOS="720" VPOS="3931" WIDTH="67" HEIGHT="35" CONTENT="has" WC="0.96" CC="010"/>
						<SP ID="P11_SP00707" HPOS="788" VPOS="3977" WIDTH="27"/>
						<String ID="word000735" HPOS="815" VPOS="3931" WIDTH="92" HEIGHT="35" CONTENT="been" WC="1.00" CC="0000"/>
						<SP ID="P11_SP00708" HPOS="907" VPOS="3977" WIDTH="28"/>
						<String ID="word000736" HPOS="935" VPOS="3930" WIDTH="239" HEIGHT="40" CONTENT="established," WC="0.98" CC="100000010000"/>
						<SP ID="P11_SP00709" HPOS="1174" VPOS="3977" WIDTH="26"/>
						<String ID="word000737" HPOS="1200" VPOS="3930" WIDTH="71" HEIGHT="35" CONTENT="and" WC="0.93" CC="101"/>
						<SP ID="P11_SP00710" HPOS="1271" VPOS="3977" WIDTH="18"/>
						<String ID="word000738" HPOS="1289" VPOS="3938" WIDTH="6" HEIGHT="7" CONTENT="•" WC="0.44" CC="5"/>
						<SP ID="P11_SP00711" HPOS="1294" VPOS="3977" WIDTH="9"/>
						<String ID="word000739" HPOS="1304" VPOS="3928" WIDTH="51" HEIGHT="33" CONTENT="all" WC="0.48" CC="266"/>
						<SP ID="P11_SP00712" HPOS="1355" VPOS="3977" WIDTH="31"/>
						<String ID="word000740" HPOS="1385" VPOS="3927" WIDTH="106" HEIGHT="34" CONTENT="those" WC="0.98" CC="00010"/>
						<SP ID="P11_SP00713" HPOS="1492" VPOS="3977" WIDTH="25"/>
						<String ID="word000741" HPOS="1517" VPOS="3927" WIDTH="81" HEIGHT="35" CONTENT="Com" SUBS_TYPE="HypPart1" SUBS_CONTENT="Commanders," WC="0.75" CC="115"/>
						<HYP HPOS="1598" VPOS="3927" WIDTH="26" CONTENT="-"/>
					</TextLine>
					<TextLine ID="P11_TL00079" HPOS="295" VPOS="3973" WIDTH="1329" HEIGHT="52">
						<String ID="word000742" HPOS="295" VPOS="3977" WIDTH="188" HEIGHT="45" CONTENT="manders," SUBS_TYPE="HypPart2" SUBS_CONTENT="Commanders," WC="0.81" CC="30540011"/>
						<SP ID="P11_SP00714" HPOS="483" VPOS="4022" WIDTH="30"/>
						<String ID="word000743" HPOS="513" VPOS="3979" WIDTH="122" HEIGHT="40" CONTENT="whose" WC="0.64" CC="23164"/>
						<SP ID="P11_SP00715" HPOS="634" VPOS="4022" WIDTH="12"/>
						<String ID="word000744" HPOS="646" VPOS="3979" WIDTH="204" HEIGHT="46" CONTENT="principles" WC="0.81" CC="1021531310"/>
						<SP ID="P11_SP00716" HPOS="850" VPOS="4025" WIDTH="19"/>
						<String ID="word000745" HPOS="869" VPOS="3990" WIDTH="94" HEIGHT="24" CONTENT="were" WC="0.97" CC="1000"/>
						<SP ID="P11_SP00717" HPOS="964" VPOS="4025" WIDTH="9"/>
						<String ID="word000746" HPOS="973" VPOS="3978" WIDTH="221" HEIGHT="46" CONTENT="suspicious." WC="0.91" CC="00000501111"/>
						<SP ID="P11_SP00718" HPOS="1194" VPOS="4025" WIDTH="19"/>
						<String ID="word000747" HPOS="1213" VPOS="3978" WIDTH="96" HEIGHT="34" CONTENT="have" WC="0.94" CC="0101"/>
						<SP ID="P11_SP00719" HPOS="1309" VPOS="4025" WIDTH="15"/>
						<String ID="word000748" HPOS="1324" VPOS="3977" WIDTH="89" HEIGHT="32" CONTENT="been" WC="0.69" CC="3512"/>
						<SP ID="P11_SP00720" HPOS="1413" VPOS="4025" WIDTH="14"/>
						<String ID="word000749" HPOS="1427" VPOS="3973" WIDTH="197" HEIGHT="37" CONTENT="dismissed." WC="0.91" CC="0121101110"/>
						<SP ID="P11_SP00721" HPOS="1624" VPOS="4025" WIDTH="0"/>
					</TextLine>
					<TextLine ID="P11_TL00080" HPOS="295" VPOS="4022" WIDTH="1332" HEIGHT="47">
						<String ID="word000750" HPOS="295" VPOS="4024" WIDTH="149" HEIGHT="45" CONTENT="Among" WC="0.71" CC="03514"/>
						<SP ID="P11_SP00722" HPOS="444" VPOS="4069" WIDTH="11"/>
						<String ID="word000751" HPOS="455" VPOS="4026" WIDTH="151" HEIGHT="40" CONTENT="Oelwis" WC="0.39" CC="738834"/>
						<SP ID="P11_SP00723" HPOS="606" VPOS="4069" WIDTH="17"/>
						<String ID="word000752" HPOS="622" VPOS="4028" WIDTH="180" HEIGHT="41" CONTENT="Galluzu," WC="0.43" CC="55563764"/>
						<SP ID="P11_SP00724" HPOS="802" VPOS="4069" WIDTH="27"/>
						<String ID="word000753" HPOS="829" VPOS="4028" WIDTH="84" HEIGHT="33" CONTENT="who" WC="0.96" CC="001"/>
						<SP ID="P11_SP00725" HPOS="913" VPOS="4069" WIDTH="12"/>
						<String ID="word000754" HPOS="925" VPOS="4025" WIDTH="154" HEIGHT="38" CONTENT="suffered" WC="0.78" CC="11531320"/>
						<SP ID="P11_SP00726" HPOS="1078" VPOS="4069" WIDTH="19"/>
						<String ID="word000755" HPOS="1097" VPOS="4025" WIDTH="63" HEIGHT="34" CONTENT="the" WC="0.85" CC="400"/>
						<SP ID="P11_SP00727" HPOS="1160" VPOS="4069" WIDTH="13"/>
						<String ID="word000756" HPOS="1173" VPOS="4035" WIDTH="150" HEIGHT="32" CONTENT="enemy," WC="0.96" CC="000110"/>
						<SP ID="P11_SP00728" HPOS="1323" VPOS="4069" WIDTH="26"/>
						<String ID="word000757" HPOS="1349" VPOS="4028" WIDTH="34" HEIGHT="31" CONTENT="to" WC="0.83" CC="03"/>
						<SP ID="P11_SP00729" HPOS="1383" VPOS="4069" WIDTH="19"/>
						<String ID="word000758" HPOS="1402" VPOS="4022" WIDTH="65" HEIGHT="35" CONTENT="the" WC="0.93" CC="020"/>
						<SP ID="P11_SP00730" HPOS="1467" VPOS="4069" WIDTH="11"/>
						<String ID="word000759" HPOS="1478" VPOS="4024" WIDTH="149" HEIGHT="32" CONTENT="tumlber" WC="0.40" CC="7778333"/>
						<SP ID="P11_SP00731" HPOS="1626" VPOS="4069" WIDTH="0"/>
					</TextLine>
					<TextLine ID="P11_TL00081" HPOS="296" VPOS="4069" WIDTH="1330" HEIGHT="52">
						<String ID="word000760" HPOS="296" VPOS="4072" WIDTH="46" HEIGHT="34" CONTENT="of" WC="1.00" CC="00"/>
						<SP ID="P11_SP00732" HPOS="343" VPOS="4107" WIDTH="12"/>
						<String ID="word000761" HPOS="354" VPOS="4071" WIDTH="110" HEIGHT="46" CONTENT="8000," WC="0.56" CC="71543"/>
						<SP ID="P11_SP00733" HPOS="464" VPOS="4117" WIDTH="25"/>
						<String ID="word000762" HPOS="489" VPOS="4080" WIDTH="43" HEIGHT="31" CONTENT="to" WC="1.00" CC="00"/>
						<SP ID="P11_SP00734" HPOS="531" VPOS="4117" WIDTH="20"/>
						<String ID="word000763" HPOS="552" VPOS="4081" WIDTH="191" HEIGHT="39" CONTENT="penetrate" WC="0.73" CC="325222222"/>
						<SP ID="P11_SP00735" HPOS="743" VPOS="4120" WIDTH="18"/>
						<String ID="word000764" HPOS="761" VPOS="4077" WIDTH="47" HEIGHT="44" CONTENT="by" WC="1.00" CC="00"/>
						<SP ID="P11_SP00736" HPOS="808" VPOS="4121" WIDTH="18"/>
						<String ID="word000765" HPOS="826" VPOS="4076" WIDTH="61" HEIGHT="34" CONTENT="the" WC="0.89" CC="030"/>
						<SP ID="P11_SP00737" HPOS="887" VPOS="4121" WIDTH="14"/>
						<String ID="word000766" HPOS="901" VPOS="4076" WIDTH="143" HEIGHT="44" CONTENT="bridges" WC="0.98" CC="1000000"/>
						<SP ID="P11_SP00738" HPOS="1044" VPOS="4121" WIDTH="13"/>
						<String ID="word000767" HPOS="1057" VPOS="4071" WIDTH="45" HEIGHT="37" CONTENT="of" WC="1.00" CC="00"/>
						<SP ID="P11_SP00739" HPOS="1102" VPOS="4121" WIDTH="14"/>
						<String ID="word000768" HPOS="1116" VPOS="4074" WIDTH="30" HEIGHT="34" CONTENT="A" WC="0.78" CC="2"/>
						<SP ID="P11_SP00740" HPOS="1146" VPOS="4121" WIDTH="8"/>
						<String ID="word000769" HPOS="1154" VPOS="4072" WIDTH="178" HEIGHT="44" CONTENT="szoisispo" WC="0.46" CC="534883346"/>
						<SP ID="P11_SP00741" HPOS="1332" VPOS="4121" WIDTH="13"/>
						<String ID="word000770" HPOS="1345" VPOS="4070" WIDTH="57" HEIGHT="34" CONTENT="and" WC="0.75" CC="102"/>
						<String ID="word000771" HPOS="1402" VPOS="4070" WIDTH="19" HEIGHT="34" CONTENT="." STYLE="superscript" WC="0.75" CC="6"/>
						<SP ID="P11_SP00742" HPOS="1421" VPOS="4121" WIDTH="12"/>
						<String ID="word000772" HPOS="1433" VPOS="4069" WIDTH="193" HEIGHT="40" CONTENT="Almaear," WC="0.57" CC="53338333"/>
						<SP ID="P11_SP00743" HPOS="1625" VPOS="4121" WIDTH="0"/>
					</TextLine>
					<TextLine ID="P11_TL00082" HPOS="298" VPOS="4116" WIDTH="1326" HEIGHT="50">
						<String ID="word000773" HPOS="298" VPOS="4116" WIDTH="143" HEIGHT="50" CONTENT="though" WC="0.96" CC="100010"/>
						<SP ID="P11_SP00744" HPOS="441" VPOS="4166" WIDTH="20"/>
						<String ID="word000774" HPOS="461" VPOS="4122" WIDTH="66" HEIGHT="34" CONTENT="the" WC="1.00" CC="000"/>
						<SP ID="P11_SP00745" HPOS="527" VPOS="4166" WIDTH="17"/>
						<String ID="word000775" HPOS="543" VPOS="4123" WIDTH="111" HEIGHT="35" CONTENT="latter" WC="0.81" CC="102511"/>
						<SP ID="P11_SP00746" HPOS="654" VPOS="4166" WIDTH="32"/>
						<String ID="word000776" HPOS="686" VPOS="4129" WIDTH="77" HEIGHT="30" CONTENT="Was" WC="0.52" CC="742"/>
						<SP ID="P11_SP00747" HPOS="763" VPOS="4166" WIDTH="30"/>
						<String ID="word000777" HPOS="793" VPOS="4123" WIDTH="159" HEIGHT="37" CONTENT="fortified" WC="0.99" CC="010000000"/>
						<SP ID="P11_SP00748" HPOS="952" VPOS="4166" WIDTH="20"/>
						<String ID="word000778" HPOS="972" VPOS="4122" WIDTH="110" HEIGHT="41" CONTENT="w,ith," WC="0.37" CC="677356"/>
						<SP ID="P11_SP00749" HPOS="1082" VPOS="4166" WIDTH="19"/>
						<String ID="word000779" HPOS="1101" VPOS="4121" WIDTH="133" HEIGHT="38" CONTENT="tweive" WC="0.59" CC="333733"/>
						<SP ID="P11_SP00750" HPOS="1234" VPOS="4166" WIDTH="33"/>
						<String ID="word000780" HPOS="1267" VPOS="4119" WIDTH="266" HEIGHT="45" CONTENT="24-pounders," WC="0.85" CC="322201210201"/>
						<SP ID="P11_SP00751" HPOS="1533" VPOS="4166" WIDTH="26"/>
						<String ID="word000781" HPOS="1559" VPOS="4116" WIDTH="65" HEIGHT="34" CONTENT="and" WC="1.00" CC="000"/>
						<SP ID="P11_SP00752" HPOS="1624" VPOS="4166" WIDTH="0"/>
					</TextLine>
					<TextLine ID="P11_TL00083" HPOS="299" VPOS="4160" WIDTH="1326" HEIGHT="62">
						<String ID="word000782" HPOS="299" VPOS="4168" WIDTH="152" HEIGHT="46" CONTENT="fitaciuuß" WC="0.25" CC="886883758"/>
						<SP ID="P11_SP00753" HPOS="451" VPOS="4214" WIDTH="20"/>
						<String ID="word000783" HPOS="471" VPOS="4169" WIDTH="125" HEIGHT="45" CONTENT="pieces" WC="0.94" CC="110001"/>
						<SP ID="P11_SP00754" HPOS="596" VPOS="4214" WIDTH="24"/>
						<String ID="word000784" HPOS="620" VPOS="4170" WIDTH="43" HEIGHT="35" CONTENT="of" WC="1.00" CC="00"/>
						<SP ID="P11_SP00755" HPOS="663" VPOS="4214" WIDTH="18"/>
						<String ID="word000785" HPOS="680" VPOS="4168" WIDTH="143" HEIGHT="39" CONTENT="canner;" WC="0.70" CC="0041617"/>
						<SP ID="P11_SP00756" HPOS="823" VPOS="4214" WIDTH="27"/>
						<String ID="word000786" HPOS="850" VPOS="4169" WIDTH="44" HEIGHT="35" CONTENT="of" WC="1.00" CC="00"/>
						<SP ID="P11_SP00757" HPOS="894" VPOS="4214" WIDTH="18"/>
						<String ID="word000787" HPOS="912" VPOS="4169" WIDTH="149" HEIGHT="37" CONTENT="smaller" WC="0.98" CC="0001000"/>
						<SP ID="P11_SP00758" HPOS="1061" VPOS="4214" WIDTH="18"/>
						<String ID="word000788" HPOS="1078" VPOS="4160" WIDTH="155" HEIGHT="50" CONTENT="calibie," WC="0.71" CC="22222722"/>
						<SP ID="P11_SP00759" HPOS="1233" VPOS="4214" WIDTH="19"/>
						<String ID="word000789" HPOS="1252" VPOS="4168" WIDTH="86" HEIGHT="34" CONTENT="-and." WC="0.76" CC="70211"/>
						<SP ID="P11_SP00760" HPOS="1338" VPOS="4214" WIDTH="15"/>
						<String ID="word000790" HPOS="1354" VPOS="4166" WIDTH="159" HEIGHT="56" CONTENT="warded" WC="0.70" CC="770110"/>
						<SP ID="P11_SP00761" HPOS="1513" VPOS="4221" WIDTH="20"/>
						<String ID="word000791" HPOS="1533" VPOS="4165" WIDTH="46" HEIGHT="46" CONTENT="by" WC="0.94" CC="10"/>
						<SP ID="P11_SP00762" HPOS="1579" VPOS="4221" WIDTH="25"/>
						<String ID="word000792" HPOS="1604" VPOS="4175" WIDTH="21" HEIGHT="22" CONTENT="a" WC="1.00" CC="0"/>
						<SP ID="P11_SP00763" HPOS="1625" VPOS="4221" WIDTH="0"/>
					</TextLine>
					<TextLine ID="P11_TL00084" HPOS="301" VPOS="4213" WIDTH="1327" HEIGHT="53">
						<String ID="word000793" HPOS="301" VPOS="4214" WIDTH="105" HEIGHT="44" CONTENT="late" WC="0.47" CC="6670"/>
						<SP ID="P11_SP00764" HPOS="406" VPOS="4258" WIDTH="22"/>
						<String ID="word000794" HPOS="429" VPOS="4218" WIDTH="45" HEIGHT="35" CONTENT="of" WC="1.00" CC="00"/>
						<SP ID="P11_SP00765" HPOS="474" VPOS="4258" WIDTH="18"/>
						<String ID="word000795" HPOS="491" VPOS="4218" WIDTH="104" HEIGHT="44" CONTENT="9000" WC="0.64" CC="3334"/>
						<SP ID="P11_SP00766" HPOS="595" VPOS="4261" WIDTH="15"/>
						<String ID="word000796" HPOS="611" VPOS="4228" WIDTH="92" HEIGHT="30" CONTENT="men." WC="0.56" CC="5155"/>
						<SP ID="P11_SP00767" HPOS="703" VPOS="4261" WIDTH="6"/>
						<String ID="word000797" HPOS="709" VPOS="4218" WIDTH="6" HEIGHT="5" CONTENT="." WC="0.11" CC="8"/>
						<SP ID="P11_SP00768" HPOS="715" VPOS="4261" WIDTH="43"/>
						<String ID="word000798" HPOS="757" VPOS="4219" WIDTH="94" HEIGHT="39" CONTENT="TM;" WC="0.74" CC="133"/>
						<SP ID="P11_SP00769" HPOS="852" VPOS="4261" WIDTH="15"/>
						<String ID="word000799" HPOS="867" VPOS="4217" WIDTH="118" HEIGHT="40" CONTENT="olScer" WC="0.48" CC="667333"/>
						<SP ID="P11_SP00770" HPOS="985" VPOS="4261" WIDTH="30"/>
						<String ID="word000800" HPOS="1015" VPOS="4219" WIDTH="28" HEIGHT="35" CONTENT="u" WC="0.67" CC="3"/>
						<SP ID="P11_SP00771" HPOS="1043" VPOS="4261" WIDTH="22"/>
						<String ID="word000801" HPOS="1065" VPOS="4213" WIDTH="150" HEIGHT="50" CONTENT="already" WC="0.76" CC="5150310"/>
						<SP ID="P11_SP00772" HPOS="1215" VPOS="4263" WIDTH="41"/>
						<String ID="word000802" HPOS="1257" VPOS="4215" WIDTH="35" HEIGHT="35" CONTENT="in" WC="0.44" CC="55"/>
						<SP ID="P11_SP00773" HPOS="1292" VPOS="4263" WIDTH="32"/>
						<String ID="word000803" HPOS="1324" VPOS="4214" WIDTH="136" HEIGHT="52" CONTENT="StvklAc" WC="0.32" CC="5838584"/>
						<String ID="word000804" HPOS="1460" VPOS="4214" WIDTH="20" HEIGHT="52" CONTENT="k" STYLE="subscript" WC="0.32" CC="8"/>
						<SP ID="P11_SP00774" HPOS="1480" VPOS="4266" WIDTH="20"/>
						<String ID="word000805" HPOS="1500" VPOS="4224" WIDTH="39" HEIGHT="27" CONTENT="ni" WC="0.11" CC="88" STYLEREFS="TXT_1"/>
						<SP ID="P11_SP00775" HPOS="1539" VPOS="4266" WIDTH="26"/>
						<String ID="word000806" HPOS="1565" VPOS="4222" WIDTH="63" HEIGHT="28" CONTENT="are" WC="1.00" CC="000"/>
						<SP ID="P11_SP00776" HPOS="1628" VPOS="4266" WIDTH="0"/>
					</TextLine>
				</TextBlock>
				<TextBlock ID="pa0011005" HPOS="762" VPOS="4266" WIDTH="94" HEIGHT="22" STYLEREFS="TXT_2 PAR_LEFT">
					<TextLine ID="P11_TL00085" HPOS="763" VPOS="4273" WIDTH="77" HEIGHT="14">
						<String ID="word000807" HPOS="763" VPOS="4273" WIDTH="9" HEIGHT="11" CONTENT="," WC="0.89" CC="1" STYLEREFS="TXT_6"/>
						<SP ID="P11_SP00777" HPOS="772" VPOS="4284" WIDTH="59"/>
						<String ID="word000808" HPOS="831" VPOS="4280" WIDTH="8" HEIGHT="7" CONTENT="." WC="0.22" CC="7" STYLEREFS="TXT_6"/>
						<SP ID="P11_SP00778" HPOS="840" VPOS="4287" WIDTH="0"/>
					</TextLine>
				</TextBlock>
				<TextBlock ID="pa0011006" HPOS="1650" VPOS="263" WIDTH="1351" HEIGHT="281" STYLEREFS="TXT_0 PAR_BLOCK">
					<TextLine ID="P11_TL00086" HPOS="1650" VPOS="263" WIDTH="1324" HEIGHT="51">
						<String ID="word000809" HPOS="1650" VPOS="265" WIDTH="80" HEIGHT="35" CONTENT="also" WC="0.78" CC="0431"/>
						<SP ID="P11_SP00779" HPOS="1730" VPOS="300" WIDTH="26"/>
						<String ID="word000810" HPOS="1756" VPOS="263" WIDTH="189" HEIGHT="48" CONTENT="Cavallo'," WC="0.64" CC="116176061"/>
						<SP ID="P11_SP00780" HPOS="1945" VPOS="312" WIDTH="38"/>
						<String ID="word000811" HPOS="1983" VPOS="267" WIDTH="71" HEIGHT="37" CONTENT="and" WC="0.93" CC="110"/>
						<SP ID="P11_SP00781" HPOS="2054" VPOS="312" WIDTH="31"/>
						<String ID="word000812" HPOS="2085" VPOS="268" WIDTH="58" HEIGHT="37" CONTENT="his" WC="0.96" CC="001"/>
						<SP ID="P11_SP00782" HPOS="2143" VPOS="312" WIDTH="25"/>
						<String ID="word000813" HPOS="2167" VPOS="268" WIDTH="328" HEIGHT="46" CONTENT="Aides-de-Camp," WC="0.85" CC="00124202411101"/>
						<SP ID="P11_SP00783" HPOS="2496" VPOS="314" WIDTH="25"/>
						<String ID="word000814" HPOS="2520" VPOS="269" WIDTH="239" HEIGHT="40" CONTENT="Armentero," WC="0.95" CC="0001011010"/>
						<SP ID="P11_SP00784" HPOS="2759" VPOS="314" WIDTH="30"/>
						<String ID="word000815" HPOS="2789" VPOS="268" WIDTH="185" HEIGHT="41" CONTENT="Montusa," WC="0.86" CC="10010134"/>
						<SP ID="P11_SP00785" HPOS="2974" VPOS="314" WIDTH="0"/>
					</TextLine>
					<TextLine ID="P11_TL00087" HPOS="1659" VPOS="313" WIDTH="1315" HEIGHT="48">
						<String ID="word000816" HPOS="1659" VPOS="313" WIDTH="168" HEIGHT="41" CONTENT="Pinillos," WC="0.91" CC="011011111"/>
						<SP ID="P11_SP00786" HPOS="1827" VPOS="354" WIDTH="30"/>
						<String ID="word000817" HPOS="1857" VPOS="314" WIDTH="174" HEIGHT="41" CONTENT="itmtalde," WC="0.51" CC="848533333"/>
						<SP ID="P11_SP00787" HPOS="2030" VPOS="356" WIDTH="24"/>
						<String ID="word000818" HPOS="2054" VPOS="317" WIDTH="70" HEIGHT="33" CONTENT="and" WC="1.00" CC="000"/>
						<SP ID="P11_SP00788" HPOS="2124" VPOS="356" WIDTH="21"/>
						<String ID="word000819" HPOS="2145" VPOS="315" WIDTH="174" HEIGHT="46" CONTENT="Aguirre." WC="0.93" CC="04100000"/>
						<SP ID="P11_SP00789" HPOS="2319" VPOS="361" WIDTH="52"/>
						<String ID="word000820" HPOS="2370" VPOS="320" WIDTH="106" HEIGHT="39" CONTENT="They" WC="0.94" CC="2000"/>
						<SP ID="P11_SP00790" HPOS="2477" VPOS="361" WIDTH="25"/>
						<String ID="word000821" HPOS="2502" VPOS="327" WIDTH="64" HEIGHT="24" CONTENT="are" WC="0.96" CC="001"/>
						<SP ID="P11_SP00791" HPOS="2565" VPOS="361" WIDTH="27"/>
						<String ID="word000822" HPOS="2593" VPOS="315" WIDTH="53" HEIGHT="34" CONTENT="all" WC="0.70" CC="143"/>
						<SP ID="P11_SP00792" HPOS="2646" VPOS="361" WIDTH="19"/>
						<String ID="word000823" HPOS="2665" VPOS="313" WIDTH="45" HEIGHT="34" CONTENT="of" WC="0.89" CC="11"/>
						<SP ID="P11_SP00793" HPOS="2709" VPOS="361" WIDTH="20"/>
						<String ID="word000824" HPOS="2730" VPOS="314" WIDTH="98" HEIGHT="33" CONTENT="them" WC="0.97" CC="0100"/>
						<SP ID="P11_SP00794" HPOS="2828" VPOS="361" WIDTH="27"/>
						<String ID="word000825" HPOS="2855" VPOS="321" WIDTH="40" HEIGHT="27" CONTENT="at" WC="0.94" CC="10"/>
						<SP ID="P11_SP00795" HPOS="2895" VPOS="361" WIDTH="19"/>
						<String ID="word000826" HPOS="2914" VPOS="315" WIDTH="60" HEIGHT="34" CONTENT="the" WC="0.93" CC="002"/>
						<SP ID="P11_SP00796" HPOS="2974" VPOS="361" WIDTH="0"/>
					</TextLine>
					<TextLine ID="P11_TL00088" HPOS="1655" VPOS="360" WIDTH="1321" HEIGHT="47">
						<String ID="word000827" HPOS="1655" VPOS="360" WIDTH="159" HEIGHT="33" CONTENT="C.)nvent" WC="0.43" CC="55876433"/>
						<SP ID="P11_SP00797" HPOS="1814" VPOS="393" WIDTH="19"/>
						<String ID="word000828" HPOS="1833" VPOS="361" WIDTH="41" HEIGHT="32" CONTENT="of" WC="1.00" CC="00"/>
						<SP ID="P11_SP00798" HPOS="1874" VPOS="393" WIDTH="24"/>
						<String ID="word000829" HPOS="1898" VPOS="361" WIDTH="56" HEIGHT="35" CONTENT="St." WC="0.81" CC="401"/>
						<SP ID="P11_SP00799" HPOS="1954" VPOS="397" WIDTH="17"/>
						<String ID="word000830" HPOS="1970" VPOS="364" WIDTH="213" HEIGHT="37" CONTENT="('eronimu," WC="0.56" CC="5533533553"/>
						<SP ID="P11_SP00800" HPOS="2183" VPOS="400" WIDTH="27"/>
						<String ID="word000831" HPOS="2210" VPOS="369" WIDTH="39" HEIGHT="30" CONTENT="to" WC="0.94" CC="01"/>
						<SP ID="P11_SP00801" HPOS="2249" VPOS="400" WIDTH="15"/>
						<String ID="word000832" HPOS="2264" VPOS="365" WIDTH="122" HEIGHT="37" CONTENT="which" WC="0.95" CC="20000"/>
						<SP ID="P11_SP00802" HPOS="2386" VPOS="402" WIDTH="24"/>
						<String ID="word000833" HPOS="2409" VPOS="366" WIDTH="81" HEIGHT="41" CONTENT="ihey" WC="0.42" CC="6546"/>
						<SP ID="P11_SP00803" HPOS="2491" VPOS="407" WIDTH="25"/>
						<String ID="word000834" HPOS="2516" VPOS="373" WIDTH="99" HEIGHT="26" CONTENT="were" WC="0.97" CC="1000"/>
						<SP ID="P11_SP00804" HPOS="2615" VPOS="407" WIDTH="31"/>
						<String ID="word000835" HPOS="2646" VPOS="361" WIDTH="165" HEIGHT="34" CONTENT="escorted" WC="0.99" CC="00100000"/>
						<SP ID="P11_SP00805" HPOS="2811" VPOS="407" WIDTH="18"/>
						<String ID="word000836" HPOS="2829" VPOS="361" WIDTH="53" HEIGHT="44" CONTENT="by" WC="1.00" CC="00"/>
						<SP ID="P11_SP00806" HPOS="2882" VPOS="407" WIDTH="31"/>
						<String ID="word000837" HPOS="2913" VPOS="360" WIDTH="63" HEIGHT="35" CONTENT="the" WC="0.96" CC="001"/>
						<SP ID="P11_SP00807" HPOS="2975" VPOS="407" WIDTH="0"/>
					</TextLine>
					<TextLine ID="P11_TL00089" HPOS="1661" VPOS="407" WIDTH="1339" HEIGHT="49">
						<String ID="word000838" HPOS="1661" VPOS="407" WIDTH="120" HEIGHT="44" CONTENT="any:o" WC="0.47" CC="56166"/>
						<SP ID="P11_SP00808" HPOS="1781" VPOS="451" WIDTH="17"/>
						<String ID="word000839" HPOS="1798" VPOS="409" WIDTH="252" HEIGHT="44" CONTENT="Carnbinerrs," WC="0.47" CC="333783588333"/>
						<SP ID="P11_SP00809" HPOS="2049" VPOS="452" WIDTH="56"/>
						<String ID="word000840" HPOS="2105" VPOS="411" WIDTH="168" HEIGHT="40" CONTENT=":mother" WC="0.63" CC="7700171"/>
						<SP ID="P11_SP00810" HPOS="2272" VPOS="452" WIDTH="34"/>
						<String ID="word000841" HPOS="2307" VPOS="410" WIDTH="377" HEIGHT="46" CONTENT="13rigadier-General" WC="0.51" CC="833833353358333385"/>
						<SP ID="P11_SP00811" HPOS="2683" VPOS="456" WIDTH="35"/>
						<String ID="word000842" HPOS="2719" VPOS="410" WIDTH="61" HEIGHT="35" CONTENT="has" WC="0.81" CC="311"/>
						<SP ID="P11_SP00812" HPOS="2780" VPOS="456" WIDTH="30"/>
						<String ID="word000843" HPOS="2810" VPOS="409" WIDTH="81" HEIGHT="34" CONTENT="also" WC="1.00" CC="0000"/>
						<SP ID="P11_SP00813" HPOS="2891" VPOS="456" WIDTH="24"/>
						<String ID="word000844" HPOS="2915" VPOS="417" WIDTH="64" HEIGHT="25" CONTENT="ar-" WC="0.67" CC="324"/>
						<SP ID="P11_SP00814" HPOS="2979" VPOS="456" WIDTH="18"/>
						<String ID="word000845" HPOS="2996" VPOS="407" WIDTH="4" HEIGHT="48" CONTENT="•" WC="0.22" CC="7"/>
						<SP ID="P11_SP00815" HPOS="3000" VPOS="456" WIDTH="0"/>
					</TextLine>
					<TextLine ID="P11_TL00090" HPOS="1657" VPOS="455" WIDTH="1324" HEIGHT="47">
						<String ID="word000846" HPOS="1657" VPOS="455" WIDTH="102" HEIGHT="33" CONTENT="rived" WC="1.00" CC="00000"/>
						<SP ID="P11_SP00816" HPOS="1759" VPOS="488" WIDTH="19"/>
						<String ID="word000847" HPOS="1778" VPOS="456" WIDTH="116" HEIGHT="41" CONTENT="there," WC="1.00" CC="000000"/>
						<SP ID="P11_SP00817" HPOS="1893" VPOS="497" WIDTH="28"/>
						<String ID="word000848" HPOS="1922" VPOS="457" WIDTH="83" HEIGHT="40" CONTENT="who" WC="0.67" CC="333"/>
						<SP ID="P11_SP00818" HPOS="2004" VPOS="497" WIDTH="21"/>
						<String ID="word000849" HPOS="2026" VPOS="467" WIDTH="73" HEIGHT="24" CONTENT="was" WC="1.00" CC="000"/>
						<SP ID="P11_SP00819" HPOS="2099" VPOS="497" WIDTH="14"/>
						<String ID="word000850" HPOS="2113" VPOS="463" WIDTH="78" HEIGHT="30" CONTENT="sent" WC="0.81" CC="7000"/>
						<SP ID="P11_SP00820" HPOS="2191" VPOS="497" WIDTH="27"/>
						<String ID="word000851" HPOS="2218" VPOS="458" WIDTH="143" HEIGHT="40" CONTENT="thither" WC="0.98" CC="1000000"/>
						<SP ID="P11_SP00821" HPOS="2361" VPOS="498" WIDTH="28"/>
						<String ID="word000852" HPOS="2389" VPOS="459" WIDTH="37" HEIGHT="34" CONTENT="in" WC="1.00" CC="00"/>
						<SP ID="P11_SP00822" HPOS="2426" VPOS="498" WIDTH="21"/>
						<String ID="word000853" HPOS="2447" VPOS="458" WIDTH="151" HEIGHT="44" CONTENT="custody" WC="0.98" CC="0010000"/>
						<SP ID="P11_SP00823" HPOS="2598" VPOS="502" WIDTH="37"/>
						<String ID="word000854" HPOS="2635" VPOS="457" WIDTH="47" HEIGHT="44" CONTENT="by" WC="0.61" CC="70"/>
						<SP ID="P11_SP00824" HPOS="2682" VPOS="502" WIDTH="30"/>
						<String ID="word000855" HPOS="2712" VPOS="456" WIDTH="63" HEIGHT="35" CONTENT="the" WC="1.00" CC="000"/>
						<SP ID="P11_SP00825" HPOS="2774" VPOS="502" WIDTH="27"/>
						<String ID="word000856" HPOS="2802" VPOS="457" WIDTH="118" HEIGHT="41" CONTENT="puke" WC="0.78" CC="5111"/>
						<SP ID="P11_SP00826" HPOS="2920" VPOS="502" WIDTH="15"/>
						<String ID="word000857" HPOS="2935" VPOS="455" WIDTH="46" HEIGHT="35" CONTENT="of" WC="1.00" CC="00"/>
						<SP ID="P11_SP00827" HPOS="2981" VPOS="502" WIDTH="0"/>
					</TextLine>
					<TextLine ID="P11_TL00091" HPOS="1662" VPOS="501" WIDTH="208" HEIGHT="39">
						<String ID="word000858" HPOS="1662" VPOS="501" WIDTH="208" HEIGHT="39" CONTENT="LifautadO." WC="0.43" CC="8634535386"/>
						<SP ID="P11_SP00828" HPOS="1870" VPOS="540" WIDTH="0"/>
					</TextLine>
				</TextBlock>
				<TextBlock ID="pa0011007" HPOS="1656" VPOS="546" WIDTH="1374" HEIGHT="3763" STYLEREFS="TXT_0 PAR_LEFT">
					<TextLine ID="P11_TL00092" HPOS="1704" VPOS="549" WIDTH="1271" HEIGHT="51">
						<String ID="word000859" HPOS="1704" VPOS="550" WIDTH="26" HEIGHT="18" CONTENT='"' WC="0.44" CC="5"/>
						<SP ID="P11_SP00829" HPOS="1730" VPOS="568" WIDTH="24"/>
						<String ID="word000860" HPOS="1754" VPOS="550" WIDTH="40" HEIGHT="31" CONTENT="In" WC="0.61" CC="52"/>
						<SP ID="P11_SP00830" HPOS="1794" VPOS="581" WIDTH="20"/>
						<String ID="word000861" HPOS="1814" VPOS="549" WIDTH="52" HEIGHT="34" CONTENT="La" WC="0.78" CC="13"/>
						<SP ID="P11_SP00831" HPOS="1866" VPOS="583" WIDTH="19"/>
						<String ID="word000862" HPOS="1885" VPOS="549" WIDTH="156" HEIGHT="37" CONTENT="Mancha" WC="0.87" CC="111121"/>
						<SP ID="P11_SP00832" HPOS="2041" VPOS="586" WIDTH="18"/>
						<String ID="word000863" HPOS="2059" VPOS="550" WIDTH="63" HEIGHT="34" CONTENT="the" WC="0.96" CC="001"/>
						<SP ID="P11_SP00833" HPOS="2121" VPOS="586" WIDTH="26"/>
						<String ID="word000864" HPOS="2147" VPOS="550" WIDTH="141" HEIGHT="37" CONTENT="French" WC="0.94" CC="100200"/>
						<SP ID="P11_SP00834" HPOS="2288" VPOS="587" WIDTH="27"/>
						<String ID="word000865" HPOS="2315" VPOS="553" WIDTH="168" HEIGHT="47" CONTENT="rowing" WC="0.76" CC="715000"/>
						<SP ID="P11_SP00835" HPOS="2483" VPOS="600" WIDTH="24"/>
						<String ID="word000866" HPOS="2506" VPOS="552" WIDTH="148" HEIGHT="45" CONTENT="parties" WC="0.89" CC="1111111"/>
						<SP ID="P11_SP00836" HPOS="2654" VPOS="600" WIDTH="33"/>
						<String ID="word000867" HPOS="2687" VPOS="550" WIDTH="93" HEIGHT="35" CONTENT="have" WC="0.92" CC="0210"/>
						<SP ID="P11_SP00837" HPOS="2780" VPOS="600" WIDTH="33"/>
						<String ID="word000868" HPOS="2813" VPOS="549" WIDTH="162" HEIGHT="40" CONTENT="suffered" WC="0.83" CC="32330010"/>
						<SP ID="P11_SP00838" HPOS="2975" VPOS="600" WIDTH="0"/>
					</TextLine>
					<TextLine ID="P11_TL00093" HPOS="1656" VPOS="595" WIDTH="1323" HEIGHT="49">
						<String ID="word000869" HPOS="1656" VPOS="596" WIDTH="178" HEIGHT="45" CONTENT="severely." WC="0.88" CC="015300100"/>
						<SP ID="P11_SP00839" HPOS="1834" VPOS="641" WIDTH="56"/>
						<String ID="word000870" HPOS="1890" VPOS="598" WIDTH="45" HEIGHT="34" CONTENT="In" WC="0.83" CC="21"/>
						<SP ID="P11_SP00840" HPOS="1935" VPOS="641" WIDTH="28"/>
						<String ID="word000871" HPOS="1963" VPOS="608" WIDTH="65" HEIGHT="24" CONTENT="one" WC="1.00" CC="000"/>
						<SP ID="P11_SP00841" HPOS="2028" VPOS="641" WIDTH="25"/>
						<String ID="word000872" HPOS="2053" VPOS="605" WIDTH="102" HEIGHT="35" CONTENT="town" WC="0.92" CC="0111"/>
						<SP ID="P11_SP00842" HPOS="2154" VPOS="641" WIDTH="25"/>
						<String ID="word000873" HPOS="2179" VPOS="601" WIDTH="104" HEIGHT="43" CONTENT="only," WC="0.62" CC="65501"/>
						<SP ID="P11_SP00843" HPOS="2283" VPOS="644" WIDTH="22"/>
						<String ID="word000874" HPOS="2306" VPOS="601" WIDTH="71" HEIGHT="34" CONTENT="200" WC="0.93" CC="011"/>
						<SP ID="P11_SP00844" HPOS="2376" VPOS="644" WIDTH="24"/>
						<String ID="word000875" HPOS="2400" VPOS="599" WIDTH="209" HEIGHT="39" CONTENT="cuirassiers" WC="0.91" CC="01100101005"/>
						<SP ID="P11_SP00845" HPOS="2609" VPOS="644" WIDTH="30"/>
						<String ID="word000876" HPOS="2639" VPOS="608" WIDTH="96" HEIGHT="25" CONTENT="were" WC="0.92" CC="1101"/>
						<SP ID="P11_SP00846" HPOS="2734" VPOS="644" WIDTH="19"/>
						<String ID="word000877" HPOS="2753" VPOS="596" WIDTH="129" HEIGHT="46" CONTENT="taken," WC="0.93" CC="010003"/>
						<SP ID="P11_SP00847" HPOS="2882" VPOS="644" WIDTH="26"/>
						<String ID="word000878" HPOS="2908" VPOS="595" WIDTH="71" HEIGHT="43" CONTENT="and" WC="0.81" CC="140"/>
						<SP ID="P11_SP00848" HPOS="2979" VPOS="644" WIDTH="0"/>
					</TextLine>
					<TextLine ID="P11_TL00094" HPOS="1658" VPOS="641" WIDTH="290" HEIGHT="47">
						<String ID="word000879" HPOS="1658" VPOS="651" WIDTH="64" HEIGHT="37" CONTENT="put" WC="0.78" CC="150"/>
						<SP ID="P11_SP00849" HPOS="1722" VPOS="687" WIDTH="17"/>
						<String ID="word000880" HPOS="1739" VPOS="651" WIDTH="35" HEIGHT="35" CONTENT="tq" WC="0.56" CC="53"/>
						<SP ID="P11_SP00850" HPOS="1774" VPOS="687" WIDTH="14"/>
						<String ID="word000881" HPOS="1788" VPOS="641" WIDTH="159" HEIGHT="39" CONTENT='death."' WC="0.97" CC="0010001"/>
						<SP ID="P11_SP00851" HPOS="1948" VPOS="687" WIDTH="0"/>
					</TextLine>
					<TextLine ID="P11_TL00095" HPOS="1711" VPOS="683" WIDTH="1268" HEIGHT="58">
						<String ID="word000882" HPOS="1711" VPOS="683" WIDTH="257" HEIGHT="56" CONTENT="latelligunee" WC="0.53" CC="463355335383"/>
						<SP ID="P11_SP00852" HPOS="1969" VPOS="738" WIDTH="27"/>
						<String ID="word000883" HPOS="1996" VPOS="689" WIDTH="105" HEIGHT="51" CONTENT="from" WC="1.00" CC="0000"/>
						<SP ID="P11_SP00853" HPOS="2101" VPOS="739" WIDTH="30"/>
						<String ID="word000884" HPOS="2131" VPOS="690" WIDTH="170" HEIGHT="51" CONTENT="Vieppa," WC="0.86" CC="1101411"/>
						<SP ID="P11_SP00854" HPOS="2301" VPOS="741" WIDTH="14"/>
						<String ID="word000885" HPOS="2315" VPOS="696" WIDTH="137" HEIGHT="45" CONTENT="states," WC="0.89" CC="1011130"/>
						<SP ID="P11_SP00855" HPOS="2452" VPOS="741" WIDTH="20"/>
						<String ID="word000886" HPOS="2472" VPOS="692" WIDTH="89" HEIGHT="39" CONTENT="that" WC="0.97" CC="0010"/>
						<SP ID="P11_SP00856" HPOS="2561" VPOS="741" WIDTH="18"/>
						<String ID="word000887" HPOS="2578" VPOS="703" WIDTH="24" HEIGHT="26" CONTENT="a" WC="1.00" CC="0"/>
						<SP ID="P11_SP00857" HPOS="2602" VPOS="741" WIDTH="20"/>
						<String ID="word000888" HPOS="2622" VPOS="702" WIDTH="86" HEIGHT="27" CONTENT="new" WC="1.00" CC="000"/>
						<SP ID="P11_SP00858" HPOS="2708" VPOS="741" WIDTH="20"/>
						<String ID="word000889" HPOS="2728" VPOS="687" WIDTH="250" HEIGHT="44" CONTENT="Revolution" WC="0.72" CC="2222223325"/>
						<SP ID="P11_SP00859" HPOS="2979" VPOS="741" WIDTH="0"/>
					</TextLine>
					<TextLine ID="P11_TL00096" HPOS="1658" VPOS="730" WIDTH="1320" HEIGHT="67">
						<String ID="word000890" HPOS="1658" VPOS="739" WIDTH="77" HEIGHT="39" CONTENT="had" WC="1.00" CC="000"/>
						<SP ID="P11_SP00860" HPOS="1735" VPOS="778" WIDTH="37"/>
						<String ID="word000891" HPOS="1772" VPOS="730" WIDTH="129" HEIGHT="50" CONTENT="broke" WC="0.69" CC="22532"/>
						<SP ID="P11_SP00861" HPOS="1900" VPOS="780" WIDTH="33"/>
						<String ID="word000892" HPOS="1933" VPOS="746" WIDTH="71" HEIGHT="33" CONTENT="out" WC="0.59" CC="353"/>
						<SP ID="P11_SP00862" HPOS="2004" VPOS="780" WIDTH="37"/>
						<String ID="word000893" HPOS="2041" VPOS="744" WIDTH="39" HEIGHT="37" CONTENT="in" WC="0.94" CC="01"/>
						<SP ID="P11_SP00863" HPOS="2080" VPOS="781" WIDTH="27"/>
						<String ID="word000894" HPOS="2107" VPOS="743" WIDTH="70" HEIGHT="40" CONTENT="the" WC="1.00" CC="000"/>
						<SP ID="P11_SP00864" HPOS="2177" VPOS="783" WIDTH="32"/>
						<String ID="word000895" HPOS="2209" VPOS="744" WIDTH="156" HEIGHT="53" CONTENT="Capital" WC="0.95" CC="0110001"/>
						<SP ID="P11_SP00865" HPOS="2365" VPOS="797" WIDTH="30"/>
						<String ID="word000896" HPOS="2394" VPOS="743" WIDTH="52" HEIGHT="41" CONTENT="of" WC="0.78" CC="31"/>
						<SP ID="P11_SP00866" HPOS="2446" VPOS="797" WIDTH="27"/>
						<String ID="word000897" HPOS="2473" VPOS="744" WIDTH="69" HEIGHT="45" CONTENT="the" WC="0.81" CC="005"/>
						<SP ID="P11_SP00867" HPOS="2542" VPOS="797" WIDTH="30"/>
						<String ID="word000898" HPOS="2571" VPOS="744" WIDTH="196" HEIGHT="40" CONTENT="Ottoman" WC="0.89" CC="0003400"/>
						<SP ID="P11_SP00868" HPOS="2767" VPOS="797" WIDTH="31"/>
						<String ID="word000899" HPOS="2798" VPOS="742" WIDTH="180" HEIGHT="54" CONTENT="Empire." WC="0.86" CC="4101111"/>
						<SP ID="P11_SP00869" HPOS="2978" VPOS="797" WIDTH="0"/>
					</TextLine>
					<TextLine ID="P11_TL00097" HPOS="1669" VPOS="793" WIDTH="1309" HEIGHT="51">
						<String ID="word000900" HPOS="1669" VPOS="793" WIDTH="77" HEIGHT="39" CONTENT="The" WC="0.96" CC="100"/>
						<SP ID="P11_SP00870" HPOS="1746" VPOS="831" WIDTH="27"/>
						<String ID="word000901" HPOS="1773" VPOS="794" WIDTH="235" HEIGHT="48" CONTENT="Janissaries" WC="0.81" CC="20121510331"/>
						<SP ID="P11_SP00871" HPOS="2008" VPOS="842" WIDTH="27"/>
						<String ID="word000902" HPOS="2035" VPOS="795" WIDTH="89" HEIGHT="39" CONTENT="who" WC="0.96" CC="100"/>
						<SP ID="P11_SP00872" HPOS="2124" VPOS="842" WIDTH="28"/>
						<String ID="word000903" HPOS="2152" VPOS="795" WIDTH="105" HEIGHT="40" CONTENT="have" WC="0.97" CC="0010"/>
						<SP ID="P11_SP00873" HPOS="2257" VPOS="842" WIDTH="32"/>
						<String ID="word000904" HPOS="2289" VPOS="796" WIDTH="157" HEIGHT="44" CONTENT="shewed" WC="0.70" CC="073060"/>
						<SP ID="P11_SP00874" HPOS="2446" VPOS="842" WIDTH="30"/>
						<String ID="word000905" HPOS="2476" VPOS="809" WIDTH="24" HEIGHT="26" CONTENT="a" WC="1.00" CC="0"/>
						<SP ID="P11_SP00875" HPOS="2499" VPOS="842" WIDTH="27"/>
						<String ID="word000906" HPOS="2526" VPOS="794" WIDTH="187" HEIGHT="40" CONTENT="manifest" WC="0.74" CC="22222252"/>
						<SP ID="P11_SP00876" HPOS="2713" VPOS="842" WIDTH="18"/>
						<String ID="word000907" HPOS="2731" VPOS="794" WIDTH="184" HEIGHT="50" CONTENT="aversion" WC="0.96" CC="00111000"/>
						<SP ID="P11_SP00877" HPOS="2915" VPOS="843" WIDTH="18"/>
						<String ID="word000908" HPOS="2933" VPOS="798" WIDTH="45" HEIGHT="34" CONTENT="to" WC="1.00" CC="00"/>
						<SP ID="P11_SP00878" HPOS="2978" VPOS="843" WIDTH="0"/>
					</TextLine>
					<TextLine ID="P11_TL00098" HPOS="1659" VPOS="839" WIDTH="1321" HEIGHT="61">
						<String ID="word000909" HPOS="1659" VPOS="844" WIDTH="69" HEIGHT="39" CONTENT="the" WC="0.96" CC="001"/>
						<SP ID="P11_SP00879" HPOS="1728" VPOS="883" WIDTH="37"/>
						<String ID="word000910" HPOS="1765" VPOS="844" WIDTH="270" HEIGHT="40" CONTENT="introduction" WC="0.97" CC="000001200000"/>
						<SP ID="P11_SP00880" HPOS="2035" VPOS="885" WIDTH="31"/>
						<String ID="word000911" HPOS="2066" VPOS="847" WIDTH="47" HEIGHT="39" CONTENT="of" WC="1.00" CC="00"/>
						<SP ID="P11_SP00881" HPOS="2113" VPOS="886" WIDTH="27"/>
						<String ID="word000912" HPOS="2140" VPOS="849" WIDTH="214" HEIGHT="51" CONTENT="European" WC="0.69" CC="33232225"/>
						<SP ID="P11_SP00882" HPOS="2354" VPOS="900" WIDTH="33"/>
						<String ID="word000913" HPOS="2387" VPOS="849" WIDTH="156" HEIGHT="45" CONTENT="tactics," WC="0.99" CC="00100000"/>
						<SP ID="P11_SP00883" HPOS="2543" VPOS="900" WIDTH="33"/>
						<String ID="word000914" HPOS="2576" VPOS="839" WIDTH="80" HEIGHT="50" CONTENT="and" WC="0.96" CC="100"/>
						<SP ID="P11_SP00884" HPOS="2656" VPOS="900" WIDTH="31"/>
						<String ID="word000915" HPOS="2687" VPOS="847" WIDTH="91" HEIGHT="38" CONTENT="who" WC="1.00" CC="000"/>
						<SP ID="P11_SP00885" HPOS="2778" VPOS="900" WIDTH="35"/>
						<String ID="word000916" HPOS="2813" VPOS="842" WIDTH="167" HEIGHT="56" CONTENT="eagerly" WC="0.75" CC="5145010"/>
						<SP ID="P11_SP00886" HPOS="2980" VPOS="900" WIDTH="0"/>
					</TextLine>
					<TextLine ID="P11_TL00099" HPOS="1662" VPOS="896" WIDTH="1317" HEIGHT="58">
						<String ID="word000917" HPOS="1662" VPOS="896" WIDTH="141" HEIGHT="39" CONTENT="wished" WC="0.94" CC="100101"/>
						<SP ID="P11_SP00887" HPOS="1802" VPOS="935" WIDTH="37"/>
						<String ID="word000918" HPOS="1839" VPOS="902" WIDTH="44" HEIGHT="33" CONTENT="to" WC="1.00" CC="00"/>
						<SP ID="P11_SP00888" HPOS="1883" VPOS="935" WIDTH="35"/>
						<String ID="word000919" HPOS="1918" VPOS="912" WIDTH="165" HEIGHT="34" CONTENT="recover" WC="0.89" CC="0500110"/>
						<SP ID="P11_SP00889" HPOS="2083" VPOS="946" WIDTH="33"/>
						<String ID="word000920" HPOS="2117" VPOS="899" WIDTH="90" HEIGHT="40" CONTENT="that" WC="1.00" CC="0000"/>
						<SP ID="P11_SP00890" HPOS="2206" VPOS="946" WIDTH="31"/>
						<String ID="word000921" HPOS="2237" VPOS="901" WIDTH="196" HEIGHT="39" CONTENT="influence" WC="0.99" CC="100000000"/>
						<SP ID="P11_SP00891" HPOS="2433" VPOS="946" WIDTH="33"/>
						<String ID="word000922" HPOS="2466" VPOS="900" WIDTH="93" HEIGHT="48" CONTENT="they" WC="1.00" CC="0000"/>
						<SP ID="P11_SP00892" HPOS="2559" VPOS="948" WIDTH="31"/>
						<String ID="word000923" HPOS="2590" VPOS="899" WIDTH="80" HEIGHT="44" CONTENT="lost" WC="0.97" CC="0010"/>
						<SP ID="P11_SP00893" HPOS="2670" VPOS="948" WIDTH="30"/>
						<String ID="word000924" HPOS="2700" VPOS="898" WIDTH="181" HEIGHT="56" CONTENT="through" WC="0.94" CC="1201000"/>
						<SP ID="P11_SP00894" HPOS="2881" VPOS="953" WIDTH="28"/>
						<String ID="word000925" HPOS="2909" VPOS="898" WIDTH="70" HEIGHT="39" CONTENT="the" WC="1.00" CC="000"/>
						<SP ID="P11_SP00895" HPOS="2979" VPOS="953" WIDTH="0"/>
					</TextLine>
					<TextLine ID="P11_TL00100" HPOS="1662" VPOS="948" WIDTH="299" HEIGHT="41">
						<String ID="word000926" HPOS="1662" VPOS="948" WIDTH="177" HEIGHT="40" CONTENT="firmness" WC="0.86" CC="10302301"/>
						<SP ID="P11_SP00896" HPOS="1839" VPOS="989" WIDTH="19"/>
						<String ID="word000927" HPOS="1858" VPOS="950" WIDTH="50" HEIGHT="38" CONTENT="of" WC="1.00" CC="00"/>
						<SP ID="P11_SP00897" HPOS="1907" VPOS="989" WIDTH="15"/>
						<String ID="word000928" HPOS="1923" VPOS="953" WIDTH="38" HEIGHT="28" CONTENT="m" WC="0.11" CC="8"/>
						<SP ID="P11_SP00898" HPOS="1961" VPOS="989" WIDTH="0"/>
					</TextLine>
					<TextLine ID="P11_TL00101" HPOS="2183" VPOS="950" WIDTH="793" HEIGHT="56">
						<String ID="word000929" HPOS="2183" VPOS="954" WIDTH="266" HEIGHT="41" CONTENT="BAIRACT+R," WC="0.78" CC="1140003722"/>
						<SP ID="P11_SP00899" HPOS="2448" VPOS="996" WIDTH="21"/>
						<String ID="word000930" HPOS="2470" VPOS="953" WIDTH="102" HEIGHT="43" CONTENT="have" WC="0.64" CC="3352"/>
						<SP ID="P11_SP00900" HPOS="2571" VPOS="996" WIDTH="18"/>
						<String ID="word000931" HPOS="2589" VPOS="953" WIDTH="120" HEIGHT="52" CONTENT="given" WC="0.60" CC="33525"/>
						<SP ID="P11_SP00901" HPOS="2709" VPOS="1005" WIDTH="20"/>
						<String ID="word000932" HPOS="2730" VPOS="957" WIDTH="40" HEIGHT="31" CONTENT="at" WC="1.00" CC="00"/>
						<SP ID="P11_SP00902" HPOS="2770" VPOS="1005" WIDTH="21"/>
						<String ID="word000933" HPOS="2791" VPOS="950" WIDTH="79" HEIGHT="46" CONTENT="last" WC="0.94" CC="2000"/>
						<SP ID="P11_SP00903" HPOS="2870" VPOS="1005" WIDTH="19"/>
						<String ID="word000934" HPOS="2889" VPOS="950" WIDTH="70" HEIGHT="37" CONTENT="'vio" SUBS_TYPE="HypPart1" SUBS_CONTENT="'violent" WC="0.87" CC="5100"/>
						<HYP HPOS="2959" VPOS="950" WIDTH="17" CONTENT="-"/>
					</TextLine>
					<TextLine ID="P11_TL00102" HPOS="1661" VPOS="999" WIDTH="1320" HEIGHT="58">
						<String ID="word000935" HPOS="1661" VPOS="999" WIDTH="80" HEIGHT="40" CONTENT="lent" SUBS_TYPE="HypPart2" SUBS_CONTENT="'violent" WC="0.94" CC="1100"/>
						<SP ID="P11_SP00904" HPOS="1741" VPOS="1039" WIDTH="28"/>
						<String ID="word000936" HPOS="1769" VPOS="1000" WIDTH="137" HEIGHT="53" CONTENT="proofs" WC="0.89" CC="000213"/>
						<SP ID="P11_SP00905" HPOS="1906" VPOS="1054" WIDTH="31"/>
						<String ID="word000937" HPOS="1937" VPOS="1004" WIDTH="48" HEIGHT="46" CONTENT="of" WC="0.33" CC="66"/>
						<SP ID="P11_SP00906" HPOS="1985" VPOS="1054" WIDTH="27"/>
						<String ID="word000938" HPOS="2013" VPOS="1004" WIDTH="102" HEIGHT="39" CONTENT="their" WC="0.98" CC="00100"/>
						<SP ID="P11_SP00907" HPOS="2114" VPOS="1054" WIDTH="31"/>
						<String ID="word000939" HPOS="2145" VPOS="1005" WIDTH="135" HEIGHT="52" CONTENT="steady" WC="0.87" CC="600100"/>
						<SP ID="P11_SP00908" HPOS="2280" VPOS="1057" WIDTH="30"/>
						<String ID="word000940" HPOS="2309" VPOS="1003" WIDTH="312" HEIGHT="40" CONTENT="determination" WC="0.96" CC="1001010000100"/>
						<SP ID="P11_SP00909" HPOS="2621" VPOS="1057" WIDTH="27"/>
						<String ID="word000941" HPOS="2648" VPOS="1007" WIDTH="43" HEIGHT="35" CONTENT="to" WC="0.94" CC="01"/>
						<SP ID="P11_SP00910" HPOS="2691" VPOS="1057" WIDTH="28"/>
						<String ID="word000942" HPOS="2719" VPOS="1003" WIDTH="113" HEIGHT="48" CONTENT="resist" WC="0.85" CC="111230"/>
						<SP ID="P11_SP00911" HPOS="2832" VPOS="1057" WIDTH="26"/>
						<String ID="word000943" HPOS="2858" VPOS="1013" WIDTH="123" HEIGHT="38" CONTENT="every" WC="1.00" CC="00000"/>
						<SP ID="P11_SP00912" HPOS="2981" VPOS="1057" WIDTH="0"/>
					</TextLine>
					<TextLine ID="P11_TL00103" HPOS="1659" VPOS="1050" WIDTH="1334" HEIGHT="60">
						<String ID="word000944" HPOS="1659" VPOS="1058" WIDTH="170" HEIGHT="47" CONTENT="attempt" WC="0.79" CC="1005421"/>
						<SP ID="P11_SP00913" HPOS="1830" VPOS="1106" WIDTH="28"/>
						<String ID="word000945" HPOS="1858" VPOS="1058" WIDTH="28" HEIGHT="37" CONTENT="to" WC="0.67" CC="06"/>
						<SP ID="P11_SP00914" HPOS="1886" VPOS="1106" WIDTH="172"/>
						<String ID="word000946" HPOS="2059" VPOS="1050" WIDTH="175" HEIGHT="60" CONTENT="salutary" WC="0.90" CC="03310000"/>
						<SP ID="P11_SP00915" HPOS="2233" VPOS="1110" WIDTH="28"/>
						<String ID="word000947" HPOS="2262" VPOS="1056" WIDTH="174" HEIGHT="47" CONTENT="*reform," WC="0.78" CC="80000026"/>
						<SP ID="P11_SP00916" HPOS="2435" VPOS="1110" WIDTH="32"/>
						<String ID="word000948" HPOS="2467" VPOS="1056" WIDTH="77" HEIGHT="39" CONTENT="and" WC="0.85" CC="301"/>
						<SP ID="P11_SP00917" HPOS="2544" VPOS="1110" WIDTH="27"/>
						<String ID="word000949" HPOS="2571" VPOS="1051" WIDTH="162" HEIGHT="43" CONTENT="excited" WC="0.97" CC="0010010"/>
						<SP ID="P11_SP00918" HPOS="2733" VPOS="1110" WIDTH="31"/>
						<String ID="word000950" HPOS="2764" VPOS="1067" WIDTH="25" HEIGHT="34" CONTENT="4" WC="0.67" CC="3"/>
						<SP ID="P11_SP00919" HPOS="2789" VPOS="1110" WIDTH="30"/>
						<String ID="word000951" HPOS="2818" VPOS="1051" WIDTH="175" HEIGHT="54" CONTENT="general." WC="0.65" CC="13550335"/>
						<SP ID="P11_SP00920" HPOS="2993" VPOS="1110" WIDTH="0"/>
					</TextLine>
					<TextLine ID="P11_TL00104" HPOS="1661" VPOS="1098" WIDTH="1319" HEIGHT="61">
						<String ID="word000952" HPOS="1661" VPOS="1109" WIDTH="144" HEIGHT="46" CONTENT="revolt," WC="0.84" CC="1011313"/>
						<SP ID="P11_SP00921" HPOS="1805" VPOS="1155" WIDTH="28"/>
						<String ID="word000953" HPOS="1833" VPOS="1107" WIDTH="130" HEIGHT="39" CONTENT="which" WC="0.80" CC="60030"/>
						<SP ID="P11_SP00922" HPOS="1963" VPOS="1155" WIDTH="22"/>
						<String ID="word000954" HPOS="1985" VPOS="1098" WIDTH="118" HEIGHT="60" CONTENT="raged" WC="0.84" CC="05101"/>
						<SP ID="P11_SP00923" HPOS="2104" VPOS="1159" WIDTH="19"/>
						<String ID="word000955" HPOS="2122" VPOS="1107" WIDTH="109" HEIGHT="43" CONTENT="from" WC="0.97" CC="0001"/>
						<SP ID="P11_SP00924" HPOS="2231" VPOS="1159" WIDTH="19"/>
						<String ID="word000956" HPOS="2250" VPOS="1109" WIDTH="69" HEIGHT="39" CONTENT="the" WC="0.96" CC="001"/>
						<SP ID="P11_SP00925" HPOS="2319" VPOS="1159" WIDTH="22"/>
						<String ID="word000957" HPOS="2341" VPOS="1109" WIDTH="111" HEIGHT="39" CONTENT="lath" WC="0.42" CC="7833"/>
						<SP ID="P11_SP00926" HPOS="2452" VPOS="1159" WIDTH="0"/>
						<String ID="word000958" HPOS="2452" VPOS="1114" WIDTH="43" HEIGHT="33" CONTENT="to" WC="1.00" CC="00"/>
						<SP ID="P11_SP00927" HPOS="2494" VPOS="1159" WIDTH="20"/>
						<String ID="word000959" HPOS="2515" VPOS="1108" WIDTH="70" HEIGHT="39" CONTENT="the" WC="1.00" CC="000"/>
						<SP ID="P11_SP00928" HPOS="2584" VPOS="1159" WIDTH="22"/>
						<String ID="word000960" HPOS="2607" VPOS="1107" WIDTH="93" HEIGHT="40" CONTENT="16th" WC="0.64" CC="3325"/>
						<SP ID="P11_SP00929" HPOS="2700" VPOS="1159" WIDTH="30"/>
						<String ID="word000961" HPOS="2730" VPOS="1106" WIDTH="250" HEIGHT="50" CONTENT="November," WC="0.70" CC="651631002"/>
						<SP ID="P11_SP00930" HPOS="2980" VPOS="1159" WIDTH="0"/>
					</TextLine>
					<TextLine ID="P11_TL00105" HPOS="1663" VPOS="1153" WIDTH="1322" HEIGHT="59">
						<String ID="word000962" HPOS="1663" VPOS="1157" WIDTH="171" HEIGHT="53" CONTENT="through" WC="0.94" CC="1001110"/>
						<SP ID="P11_SP00931" HPOS="1834" VPOS="1211" WIDTH="31"/>
						<String ID="word000963" HPOS="1865" VPOS="1159" WIDTH="53" HEIGHT="38" CONTENT="all" WC="0.96" CC="010"/>
						<SP ID="P11_SP00932" HPOS="1918" VPOS="1211" WIDTH="32"/>
						<String ID="word000964" HPOS="1950" VPOS="1153" WIDTH="70" HEIGHT="45" CONTENT="the" WC="0.89" CC="300"/>
						<SP ID="P11_SP00933" HPOS="2020" VPOS="1211" WIDTH="26"/>
						<String ID="word000965" HPOS="2046" VPOS="1165" WIDTH="141" HEIGHT="38" CONTENT="streets" WC="0.97" CC="1001000"/>
						<SP ID="P11_SP00934" HPOS="2186" VPOS="1211" WIDTH="21"/>
						<String ID="word000966" HPOS="2207" VPOS="1155" WIDTH="58" HEIGHT="46" CONTENT="'of" WC="0.89" CC="300"/>
						<SP ID="P11_SP00935" HPOS="2265" VPOS="1211" WIDTH="24"/>
						<String ID="word000967" HPOS="2289" VPOS="1157" WIDTH="345" HEIGHT="53" CONTENT="Constantinople." WC="0.95" CC="111000010001200"/>
						<SP ID="P11_SP00936" HPOS="2634" VPOS="1211" WIDTH="57"/>
						<String ID="word000968" HPOS="2691" VPOS="1159" WIDTH="110" HEIGHT="53" CONTENT="They" WC="0.94" CC="0101"/>
						<SP ID="P11_SP00937" HPOS="2800" VPOS="1212" WIDTH="21"/>
						<String ID="word000969" HPOS="2822" VPOS="1157" WIDTH="117" HEIGHT="39" CONTENT="made" WC="1.00" CC="0000"/>
						<SP ID="P11_SP00938" HPOS="2939" VPOS="1212" WIDTH="20"/>
						<String ID="word000970" HPOS="2959" VPOS="1169" WIDTH="26" HEIGHT="26" CONTENT="a" WC="0.89" CC="1"/>
						<SP ID="P11_SP00939" HPOS="2985" VPOS="1212" WIDTH="0"/>
					</TextLine>
					<TextLine ID="P11_TL00106" HPOS="1663" VPOS="1209" WIDTH="1318" HEIGHT="56">
						<String ID="word000971" HPOS="1663" VPOS="1209" WIDTH="145" HEIGHT="39" CONTENT="violent" WC="0.92" CC="2011100"/>
						<SP ID="P11_SP00940" HPOS="1808" VPOS="1248" WIDTH="35"/>
						<String ID="word000972" HPOS="1844" VPOS="1212" WIDTH="139" HEIGHT="47" CONTENT="attack" WC="0.98" CC="100000"/>
						<SP ID="P11_SP00941" HPOS="1983" VPOS="1259" WIDTH="32"/>
						<String ID="word000973" HPOS="2015" VPOS="1226" WIDTH="51" HEIGHT="33" CONTENT="on" WC="0.83" CC="30"/>
						<SP ID="P11_SP00942" HPOS="2066" VPOS="1259" WIDTH="28"/>
						<String ID="word000974" HPOS="2094" VPOS="1214" WIDTH="70" HEIGHT="47" CONTENT="the" WC="0.96" CC="100"/>
						<SP ID="P11_SP00943" HPOS="2164" VPOS="1261" WIDTH="60"/>
						<String ID="word000975" HPOS="2224" VPOS="1219" WIDTH="164" HEIGHT="43" CONTENT="starters," WC="0.73" CC="770105011"/>
						<SP ID="P11_SP00944" HPOS="2388" VPOS="1261" WIDTH="28"/>
						<String ID="word000976" HPOS="2417" VPOS="1211" WIDTH="194" HEIGHT="54" CONTENT="occupied" WC="0.99" CC="00001000"/>
						<SP ID="P11_SP00945" HPOS="2610" VPOS="1265" WIDTH="33"/>
						<String ID="word000977" HPOS="2643" VPOS="1211" WIDTH="52" HEIGHT="51" CONTENT="by" WC="1.00" CC="00"/>
						<SP ID="P11_SP00946" HPOS="2695" VPOS="1265" WIDTH="13"/>
						<String ID="word000978" HPOS="2708" VPOS="1209" WIDTH="2" HEIGHT="56" CONTENT="•" WC="0.33" CC="6"/>
						<SP ID="P11_SP00947" HPOS="2711" VPOS="1265" WIDTH="12"/>
						<String ID="word000979" HPOS="2722" VPOS="1211" WIDTH="71" HEIGHT="39" CONTENT="the" WC="0.78" CC="150"/>
						<SP ID="P11_SP00948" HPOS="2793" VPOS="1265" WIDTH="32"/>
						<String ID="word000980" HPOS="2825" VPOS="1215" WIDTH="156" HEIGHT="46" CONTENT="troops," WC="0.89" CC="0000034"/>
						<SP ID="P11_SP00949" HPOS="2981" VPOS="1265" WIDTH="0"/>
					</TextLine>
					<TextLine ID="P11_TL00107" HPOS="1661" VPOS="1256" WIDTH="1319" HEIGHT="61">
						<String ID="word000981" HPOS="1661" VPOS="1256" WIDTH="208" HEIGHT="57" CONTENT="organised" WC="0.97" CC="001000001"/>
						<SP ID="P11_SP00950" HPOS="1869" VPOS="1312" WIDTH="31"/>
						<String ID="word000982" HPOS="1899" VPOS="1264" WIDTH="40" HEIGHT="38" CONTENT="in" WC="1.00" CC="00"/>
						<SP ID="P11_SP00951" HPOS="1939" VPOS="1312" WIDTH="31"/>
						<String ID="word000983" HPOS="1970" VPOS="1264" WIDTH="69" HEIGHT="39" CONTENT="the" WC="1.00" CC="000"/>
						<SP ID="P11_SP00952" HPOS="2039" VPOS="1312" WIDTH="27"/>
						<String ID="word000984" HPOS="2066" VPOS="1266" WIDTH="213" HEIGHT="51" CONTENT="Epropean" WC="0.53" CC="38333338"/>
						<SP ID="P11_SP00953" HPOS="2278" VPOS="1317" WIDTH="26"/>
						<String ID="word000985" HPOS="2304" VPOS="1277" WIDTH="183" HEIGHT="39" CONTENT="m4nuer," WC="0.46" CC="3458635"/>
						<SP ID="P11_SP00954" HPOS="2487" VPOS="1317" WIDTH="33"/>
						<String ID="word000986" HPOS="2520" VPOS="1263" WIDTH="79" HEIGHT="47" CONTENT="and" WC="1.00" CC="000"/>
						<SP ID="P11_SP00955" HPOS="2600" VPOS="1317" WIDTH="25"/>
						<String ID="word000987" HPOS="2624" VPOS="1260" WIDTH="233" HEIGHT="51" CONTENT="succeeded," WC="0.99" CC="0000000010"/>
						<SP ID="P11_SP00956" HPOS="2857" VPOS="1317" WIDTH="34"/>
						<String ID="word000988" HPOS="2891" VPOS="1261" WIDTH="31" HEIGHT="39" CONTENT="it" WC="1.00" CC="00"/>
						<SP ID="P11_SP00957" HPOS="2922" VPOS="1317" WIDTH="26"/>
						<String ID="word000989" HPOS="2948" VPOS="1261" WIDTH="32" HEIGHT="50" CONTENT="is" WC="0.61" CC="25"/>
						<SP ID="P11_SP00958" HPOS="2980" VPOS="1317" WIDTH="0"/>
					</TextLine>
					<TextLine ID="P11_TL00108" HPOS="1661" VPOS="1312" WIDTH="774" HEIGHT="57">
						<String ID="word000990" HPOS="1661" VPOS="1312" WIDTH="99" HEIGHT="48" CONTENT="said," WC="0.95" CC="01010"/>
						<SP ID="P11_SP00959" HPOS="1760" VPOS="1361" WIDTH="31"/>
						<String ID="word000991" HPOS="1791" VPOS="1317" WIDTH="35" HEIGHT="37" CONTENT="in" WC="0.83" CC="03"/>
						<SP ID="P11_SP00960" HPOS="1826" VPOS="1361" WIDTH="20"/>
						<String ID="word000992" HPOS="1846" VPOS="1317" WIDTH="158" HEIGHT="52" CONTENT="cutting" WC="0.97" CC="0100001"/>
						<SP ID="P11_SP00961" HPOS="2004" VPOS="1369" WIDTH="22"/>
						<String ID="word000993" HPOS="2027" VPOS="1318" WIDTH="109" HEIGHT="38" CONTENT="them" WC="1.00" CC="0000"/>
						<SP ID="P11_SP00962" HPOS="2135" VPOS="1369" WIDTH="21"/>
						<String ID="word000994" HPOS="2157" VPOS="1317" WIDTH="53" HEIGHT="39" CONTENT="all" WC="0.81" CC="032"/>
						<SP ID="P11_SP00963" HPOS="2210" VPOS="1369" WIDTH="19"/>
						<String ID="word000995" HPOS="2229" VPOS="1323" WIDTH="43" HEIGHT="35" CONTENT="to" WC="1.00" CC="00"/>
						<SP ID="P11_SP00964" HPOS="2271" VPOS="1369" WIDTH="18"/>
						<String ID="word000996" HPOS="2289" VPOS="1318" WIDTH="145" HEIGHT="51" CONTENT="pieces." WC="1.00" CC="0000000"/>
						<SP ID="P11_SP00965" HPOS="2434" VPOS="1369" WIDTH="0"/>
					</TextLine>
					<TextLine ID="P11_TL00109" HPOS="1715" VPOS="1364" WIDTH="1267" HEIGHT="58">
						<String ID="word000997" HPOS="1715" VPOS="1370" WIDTH="59" HEIGHT="35" CONTENT="On" WC="0.83" CC="03"/>
						<SP ID="P11_SP00966" HPOS="1774" VPOS="1406" WIDTH="27"/>
						<String ID="word000998" HPOS="1801" VPOS="1368" WIDTH="69" HEIGHT="39" CONTENT="the" WC="0.85" CC="031"/>
						<SP ID="P11_SP00967" HPOS="1870" VPOS="1407" WIDTH="25"/>
						<String ID="word000999" HPOS="1894" VPOS="1369" WIDTH="107" HEIGHT="45" CONTENT="19th," WC="0.91" CC="11110"/>
						<SP ID="P11_SP00968" HPOS="2002" VPOS="1414" WIDTH="17"/>
						<String ID="word001000" HPOS="2019" VPOS="1369" WIDTH="69" HEIGHT="38" CONTENT="the" WC="0.96" CC="001"/>
						<SP ID="P11_SP00969" HPOS="2087" VPOS="1414" WIDTH="20"/>
						<String ID="word001001" HPOS="2107" VPOS="1369" WIDTH="100" HEIGHT="39" CONTENT="dead" WC="0.97" CC="0001"/>
						<SP ID="P11_SP00970" HPOS="2207" VPOS="1414" WIDTH="20"/>
						<String ID="word001002" HPOS="2228" VPOS="1369" WIDTH="107" HEIGHT="53" CONTENT="body" WC="1.00" CC="0000"/>
						<SP ID="P11_SP00971" HPOS="2335" VPOS="1422" WIDTH="32"/>
						<String ID="word001003" HPOS="2367" VPOS="1369" WIDTH="47" HEIGHT="39" CONTENT="of" WC="1.00" CC="00"/>
						<SP ID="P11_SP00972" HPOS="2414" VPOS="1422" WIDTH="19"/>
						<String ID="word001004" HPOS="2433" VPOS="1381" WIDTH="50" HEIGHT="26" CONTENT="an" WC="0.94" CC="10"/>
						<SP ID="P11_SP00973" HPOS="2483" VPOS="1422" WIDTH="21"/>
						<String ID="word001005" HPOS="2504" VPOS="1367" WIDTH="203" HEIGHT="45" CONTENT="unknown" WC="0.70" CC="2222335"/>
						<SP ID="P11_SP00974" HPOS="2707" VPOS="1422" WIDTH="22"/>
						<String ID="word001006" HPOS="2730" VPOS="1364" WIDTH="252" HEIGHT="52" CONTENT="Mussulman" WC="0.48" CC="374535357"/>
						<SP ID="P11_SP00975" HPOS="2981" VPOS="1422" WIDTH="0"/>
					</TextLine>
					<TextLine ID="P11_TL00110" HPOS="1659" VPOS="1419" WIDTH="1322" HEIGHT="57">
						<String ID="word001007" HPOS="1659" VPOS="1419" WIDTH="50" HEIGHT="38" CONTENT="of" WC="1.00" CC="00"/>
						<SP ID="P11_SP00976" HPOS="1709" VPOS="1456" WIDTH="15"/>
						<String ID="word001008" HPOS="1724" VPOS="1419" WIDTH="96" HEIGHT="40" CONTENT="rank" WC="0.69" CC="2252"/>
						<SP ID="P11_SP00977" HPOS="1820" VPOS="1459" WIDTH="19"/>
						<String ID="word001009" HPOS="1839" VPOS="1422" WIDTH="87" HEIGHT="41" CONTENT="that" WC="1.00" CC="0000"/>
						<SP ID="P11_SP00978" HPOS="1926" VPOS="1463" WIDTH="20"/>
						<String ID="word001010" HPOS="1946" VPOS="1421" WIDTH="77" HEIGHT="39" CONTENT="had" WC="0.74" CC="223"/>
						<SP ID="P11_SP00979" HPOS="2023" VPOS="1463" WIDTH="21"/>
						<String ID="word001011" HPOS="2044" VPOS="1422" WIDTH="96" HEIGHT="39" CONTENT="been" WC="0.94" CC="0110"/>
						<SP ID="P11_SP00980" HPOS="2140" VPOS="1463" WIDTH="20"/>
						<String ID="word001012" HPOS="2160" VPOS="1421" WIDTH="226" HEIGHT="54" CONTENT="destroyed," WC="0.89" CC="0330011011"/>
						<SP ID="P11_SP00981" HPOS="2386" VPOS="1475" WIDTH="21"/>
						<String ID="word001013" HPOS="2407" VPOS="1434" WIDTH="78" HEIGHT="34" CONTENT="was" WC="1.00" CC="000"/>
						<SP ID="P11_SP00982" HPOS="2485" VPOS="1475" WIDTH="31"/>
						<String ID="word001014" HPOS="2516" VPOS="1420" WIDTH="128" HEIGHT="50" CONTENT="found" WC="0.98" CC="00010"/>
						<SP ID="P11_SP00983" HPOS="2643" VPOS="1475" WIDTH="20"/>
						<String ID="word001015" HPOS="2663" VPOS="1421" WIDTH="39" HEIGHT="38" CONTENT="in" WC="1.00" CC="00"/>
						<SP ID="P11_SP00984" HPOS="2702" VPOS="1475" WIDTH="19"/>
						<String ID="word001016" HPOS="2721" VPOS="1433" WIDTH="25" HEIGHT="30" CONTENT="a" WC="1.00" CC="0"/>
						<SP ID="P11_SP00985" HPOS="2746" VPOS="1475" WIDTH="26"/>
						<String ID="word001017" HPOS="2772" VPOS="1419" WIDTH="187" HEIGHT="41" CONTENT="subterra" SUBS_TYPE="HypPart1" SUBS_CONTENT="subterranean" WC="0.85" CC="10016001"/>
						<HYP HPOS="2959" VPOS="1419" WIDTH="22" CONTENT="-"/>
					</TextLine>
					<TextLine ID="P11_TL00111" HPOS="1661" VPOS="1465" WIDTH="1324" HEIGHT="59">
						<String ID="word001018" HPOS="1661" VPOS="1482" WIDTH="100" HEIGHT="28" CONTENT="nean" SUBS_TYPE="HypPart2" SUBS_CONTENT="subterranean" WC="0.78" CC="3005"/>
						<SP ID="P11_SP00986" HPOS="1761" VPOS="1511" WIDTH="20"/>
						<String ID="word001019" HPOS="1781" VPOS="1473" WIDTH="113" HEIGHT="48" CONTENT="vault" WC="0.91" CC="31000"/>
						<SP ID="P11_SP00987" HPOS="1894" VPOS="1521" WIDTH="20"/>
						<String ID="word001020" HPOS="1915" VPOS="1472" WIDTH="40" HEIGHT="48" CONTENT="in" WC="0.61" CC="16"/>
						<SP ID="P11_SP00988" HPOS="1955" VPOS="1521" WIDTH="25"/>
						<String ID="word001021" HPOS="1980" VPOS="1473" WIDTH="40" HEIGHT="51" CONTENT="1.1" WC="0.27" CC="656"/>
						<SP ID="P11_SP00989" HPOS="2020" VPOS="1524" WIDTH="0"/>
						<String ID="word001022" HPOS="2020" VPOS="1473" WIDTH="27" HEIGHT="51" CONTENT="n:" WC="0.27" CC="80"/>
						<SP ID="P11_SP00990" HPOS="2047" VPOS="1524" WIDTH="21"/>
						<String ID="word001023" HPOS="2068" VPOS="1472" WIDTH="145" HEIGHT="52" CONTENT="Palace" WC="0.85" CC="411101"/>
						<SP ID="P11_SP00991" HPOS="2213" VPOS="1524" WIDTH="20"/>
						<String ID="word001024" HPOS="2233" VPOS="1473" WIDTH="50" HEIGHT="47" CONTENT="of" WC="0.83" CC="30"/>
						<SP ID="P11_SP00992" HPOS="2283" VPOS="1524" WIDTH="13"/>
						<String ID="word001025" HPOS="2296" VPOS="1470" WIDTH="137" HEIGHT="44" CONTENT="Sultan" WC="0.96" CC="100001"/>
						<SP ID="P11_SP00993" HPOS="2433" VPOS="1524" WIDTH="24"/>
						<String ID="word001026" HPOS="2457" VPOS="1465" WIDTH="282" HEIGHT="54" CONTENT="Mahomet." WC="0.54" CC="33575334"/>
						<SP ID="P11_SP00994" HPOS="2739" VPOS="1524" WIDTH="0"/>
						<String ID="word001027" HPOS="2739" VPOS="1474" WIDTH="37" HEIGHT="37" CONTENT="It" WC="0.94" CC="10"/>
						<SP ID="P11_SP00995" HPOS="2776" VPOS="1524" WIDTH="19"/>
						<String ID="word001028" HPOS="2794" VPOS="1483" WIDTH="81" HEIGHT="26" CONTENT="was" WC="1.00" CC="000"/>
						<SP ID="P11_SP00996" HPOS="2876" VPOS="1524" WIDTH="17"/>
						<String ID="word001029" HPOS="2893" VPOS="1474" WIDTH="70" HEIGHT="47" CONTENT="shp" SUBS_TYPE="HypPart1" SUBS_CONTENT="shpposed" WC="0.56" CC="373"/>
						<HYP HPOS="2962" VPOS="1474" WIDTH="22" CONTENT="-"/>
					</TextLine>
					<TextLine ID="P11_TL00112" HPOS="1659" VPOS="1515" WIDTH="1328" HEIGHT="67">
						<String ID="word001030" HPOS="1659" VPOS="1525" WIDTH="122" HEIGHT="57" CONTENT="posed" SUBS_TYPE="HypPart2" SUBS_CONTENT="shpposed" WC="0.91" CC="40000"/>
						<SP ID="P11_SP00997" HPOS="1781" VPOS="1581" WIDTH="20"/>
						<String ID="word001031" HPOS="1801" VPOS="1530" WIDTH="41" HEIGHT="44" CONTENT="to" WC="0.33" CC="57"/>
						<SP ID="P11_SP00998" HPOS="1843" VPOS="1581" WIDTH="22"/>
						<String ID="word001032" HPOS="1865" VPOS="1526" WIDTH="48" HEIGHT="37" CONTENT="be" WC="1.00" CC="00"/>
						<SP ID="P11_SP00999" HPOS="1913" VPOS="1581" WIDTH="19"/>
						<String ID="word001033" HPOS="1932" VPOS="1525" WIDTH="89" HEIGHT="39" CONTENT="that" WC="1.00" CC="0000"/>
						<SP ID="P11_SP01000" HPOS="2021" VPOS="1581" WIDTH="18"/>
						<String ID="word001034" HPOS="2039" VPOS="1526" WIDTH="48" HEIGHT="40" CONTENT="of" WC="0.94" CC="10"/>
						<SP ID="P11_SP01001" HPOS="2087" VPOS="1581" WIDTH="25"/>
						<String ID="word001035" HPOS="2112" VPOS="1515" WIDTH="217" HEIGHT="63" CONTENT="Mustapha" WC="0.58" CC="35533353"/>
						<SP ID="P11_SP01002" HPOS="2329" VPOS="1581" WIDTH="22"/>
						<String ID="word001036" HPOS="2352" VPOS="1518" WIDTH="198" HEIGHT="61" CONTENT="Rairactar" WC="0.52" CC="736333353"/>
						<String ID="word001037" HPOS="2550" VPOS="1518" WIDTH="22" HEIGHT="61" CONTENT="t" STYLE="subscript" WC="0.52" CC="7"/>
						<SP ID="P11_SP01003" HPOS="2572" VPOS="1581" WIDTH="20"/>
						<String ID="word001038" HPOS="2593" VPOS="1524" WIDTH="107" HEIGHT="51" CONTENT="who," WC="0.97" CC="0001"/>
						<SP ID="P11_SP01004" HPOS="2700" VPOS="1581" WIDTH="19"/>
						<String ID="word001039" HPOS="2719" VPOS="1522" WIDTH="204" HEIGHT="47" CONTENT="however," WC="0.93" CC="00410000"/>
						<SP ID="P11_SP01005" HPOS="2923" VPOS="1581" WIDTH="19"/>
						<String ID="word001040" HPOS="2942" VPOS="1534" WIDTH="45" HEIGHT="28" CONTENT="as" WC="0.94" CC="01"/>
						<SP ID="P11_SP01006" HPOS="2987" VPOS="1581" WIDTH="0"/>
					</TextLine>
					<TextLine ID="P11_TL00113" HPOS="1663" VPOS="1573" WIDTH="1322" HEIGHT="58">
						<String ID="word001041" HPOS="1663" VPOS="1589" WIDTH="28" HEIGHT="24" CONTENT="IS" WC="0.28" CC="67"/>
						<SP ID="P11_SP01007" HPOS="1691" VPOS="1612" WIDTH="20"/>
						<String ID="word001042" HPOS="1711" VPOS="1574" WIDTH="180" HEIGHT="41" CONTENT="believed" WC="0.97" CC="00100010"/>
						<SP ID="P11_SP01008" HPOS="1891" VPOS="1616" WIDTH="21"/>
						<String ID="word001043" HPOS="1912" VPOS="1577" WIDTH="48" HEIGHT="51" CONTENT="by" WC="1.00" CC="00"/>
						<SP ID="P11_SP01009" HPOS="1961" VPOS="1628" WIDTH="24"/>
						<String ID="word001044" HPOS="1984" VPOS="1577" WIDTH="308" HEIGHT="46" CONTENT="well-informed" WC="0.91" CC="0013320000010"/>
						<SP ID="P11_SP01010" HPOS="2293" VPOS="1628" WIDTH="19"/>
						<String ID="word001045" HPOS="2311" VPOS="1591" WIDTH="178" HEIGHT="40" CONTENT="persons," WC="0.78" CC="03064111"/>
						<SP ID="P11_SP01011" HPOS="2490" VPOS="1631" WIDTH="15"/>
						<String ID="word001046" HPOS="2505" VPOS="1578" WIDTH="71" HEIGHT="39" CONTENT="has" WC="0.96" CC="100"/>
						<SP ID="P11_SP01012" HPOS="2576" VPOS="1631" WIDTH="17"/>
						<String ID="word001047" HPOS="2593" VPOS="1574" WIDTH="123" HEIGHT="56" CONTENT="safely" WC="0.87" CC="220111"/>
						<SP ID="P11_SP01013" HPOS="2715" VPOS="1631" WIDTH="18"/>
						<String ID="word001048" HPOS="2733" VPOS="1574" WIDTH="171" HEIGHT="41" CONTENT="effected" WC="0.92" CC="01410000"/>
						<SP ID="P11_SP01014" HPOS="2904" VPOS="1631" WIDTH="18"/>
						<String ID="word001049" HPOS="2922" VPOS="1573" WIDTH="63" HEIGHT="46" CONTENT="his" WC="0.67" CC="045"/>
						<SP ID="P11_SP01015" HPOS="2985" VPOS="1631" WIDTH="0"/>
					</TextLine>
					<TextLine ID="P11_TL00114" HPOS="1659" VPOS="1628" WIDTH="491" HEIGHT="54">
						<String ID="word001050" HPOS="1659" VPOS="1639" WIDTH="141" HEIGHT="43" CONTENT="escape" WC="1.00" CC="000000"/>
						<SP ID="P11_SP01016" HPOS="1800" VPOS="1682" WIDTH="26"/>
						<String ID="word001051" HPOS="1826" VPOS="1633" WIDTH="46" HEIGHT="44" CONTENT="to" WC="0.94" CC="10"/>
						<SP ID="P11_SP01017" HPOS="1872" VPOS="1682" WIDTH="19"/>
						<String ID="word001052" HPOS="1891" VPOS="1628" WIDTH="259" HEIGHT="52" CONTENT="Rudschuck," WC="0.51" CC="3387334337"/>
						<SP ID="P11_SP01018" HPOS="2150" VPOS="1682" WIDTH="0"/>
					</TextLine>
					<TextLine ID="P11_TL00115" HPOS="1713" VPOS="1675" WIDTH="1272" HEIGHT="66">
						<String ID="word001053" HPOS="1713" VPOS="1683" WIDTH="86" HEIGHT="37" CONTENT="The" WC="0.70" CC="440"/>
						<SP ID="P11_SP01019" HPOS="1799" VPOS="1720" WIDTH="19"/>
						<String ID="word001054" HPOS="1818" VPOS="1675" WIDTH="136" HEIGHT="45" CONTENT="Grand" WC="0.62" CC="60461"/>
						<SP ID="P11_SP01020" HPOS="1954" VPOS="1720" WIDTH="22"/>
						<String ID="word001055" HPOS="1976" VPOS="1682" WIDTH="176" HEIGHT="47" CONTENT="Seignior" WC="0.93" CC="10202000"/>
						<SP ID="P11_SP01021" HPOS="2152" VPOS="1729" WIDTH="20"/>
						<String ID="word001056" HPOS="2172" VPOS="1682" WIDTH="213" HEIGHT="39" CONTENT="Mahomet" WC="0.98" CC="0100000"/>
						<SP ID="P11_SP01022" HPOS="2385" VPOS="1729" WIDTH="19"/>
						<String ID="word001057" HPOS="2404" VPOS="1682" WIDTH="72" HEIGHT="47" CONTENT="has" WC="0.70" CC="125"/>
						<SP ID="P11_SP01023" HPOS="2476" VPOS="1729" WIDTH="18"/>
						<String ID="word001058" HPOS="2493" VPOS="1693" WIDTH="87" HEIGHT="32" CONTENT="now" WC="0.78" CC="051"/>
						<SP ID="P11_SP01024" HPOS="2581" VPOS="1729" WIDTH="20"/>
						<String ID="word001059" HPOS="2601" VPOS="1678" WIDTH="215" HEIGHT="63" CONTENT="appointed" WC="0.96" CC="020000001"/>
						<SP ID="P11_SP01025" HPOS="2816" VPOS="1741" WIDTH="21"/>
						<String ID="word001060" HPOS="2837" VPOS="1678" WIDTH="118" HEIGHT="47" CONTENT="Mahn" SUBS_TYPE="HypPart1" SUBS_CONTENT="Mahnmet" WC="0.67" CC="1047"/>
						<HYP HPOS="2955" VPOS="1678" WIDTH="30" CONTENT="-"/>
					</TextLine>
					<TextLine ID="P11_TL00116" HPOS="1663" VPOS="1727" WIDTH="1319" HEIGHT="59">
						<String ID="word001061" HPOS="1663" VPOS="1740" WIDTH="80" HEIGHT="31" CONTENT="met" SUBS_TYPE="HypPart2" SUBS_CONTENT="Mahnmet" WC="0.85" CC="310"/>
						<SP ID="P11_SP01026" HPOS="1743" VPOS="1770" WIDTH="22"/>
						<String ID="word001062" HPOS="1766" VPOS="1736" WIDTH="85" HEIGHT="48" CONTENT="Aga" WC="0.96" CC="001"/>
						<SP ID="P11_SP01027" HPOS="1851" VPOS="1785" WIDTH="21"/>
						<String ID="word001063" HPOS="1872" VPOS="1735" WIDTH="241" HEIGHT="51" CONTENT="provisional" WC="0.95" CC="00122000000"/>
						<SP ID="P11_SP01028" HPOS="2113" VPOS="1786" WIDTH="21"/>
						<String ID="word001064" HPOS="2134" VPOS="1735" WIDTH="136" HEIGHT="39" CONTENT="Grand" WC="0.87" CC="50010"/>
						<SP ID="P11_SP01029" HPOS="2270" VPOS="1786" WIDTH="19"/>
						<String ID="word001065" HPOS="2289" VPOS="1735" WIDTH="146" HEIGHT="39" CONTENT="Vizier." WC="0.86" CC="3001005"/>
						<SP ID="P11_SP01030" HPOS="2435" VPOS="1786" WIDTH="57"/>
						<String ID="word001066" HPOS="2492" VPOS="1733" WIDTH="86" HEIGHT="39" CONTENT="The" WC="0.96" CC="100"/>
						<SP ID="P11_SP01031" HPOS="2578" VPOS="1786" WIDTH="19"/>
						<String ID="word001067" HPOS="2597" VPOS="1727" WIDTH="132" HEIGHT="50" CONTENT="exiled" WC="0.80" CC="153110"/>
						<SP ID="P11_SP01032" HPOS="2730" VPOS="1786" WIDTH="18"/>
						<String ID="word001068" HPOS="2747" VPOS="1731" WIDTH="90" HEIGHT="39" CONTENT="Said" WC="1.00" CC="0000"/>
						<SP ID="P11_SP01033" HPOS="2837" VPOS="1786" WIDTH="21"/>
						<String ID="word001069" HPOS="2858" VPOS="1729" WIDTH="73" HEIGHT="54" CONTENT="Aly" WC="0.78" CC="141"/>
						<SP ID="P11_SP01034" HPOS="2931" VPOS="1786" WIDTH="18"/>
						<String ID="word001070" HPOS="2949" VPOS="1731" WIDTH="33" HEIGHT="38" CONTENT="is" WC="0.94" CC="10"/>
						<SP ID="P11_SP01035" HPOS="2982" VPOS="1786" WIDTH="0"/>
					</TextLine>
					<TextLine ID="P11_TL00117" HPOS="1664" VPOS="1781" WIDTH="1318" HEIGHT="58">
						<String ID="word001071" HPOS="1664" VPOS="1786" WIDTH="117" HEIGHT="50" CONTENT="again" WC="0.62" CC="52334"/>
						<SP ID="P11_SP01036" HPOS="1781" VPOS="1835" WIDTH="20"/>
						<String ID="word001072" HPOS="1801" VPOS="1786" WIDTH="216" HEIGHT="52" CONTENT="appointed" WC="0.97" CC="001000001"/>
						<SP ID="P11_SP01037" HPOS="2017" VPOS="1838" WIDTH="21"/>
						<String ID="word001073" HPOS="2039" VPOS="1788" WIDTH="171" HEIGHT="51" CONTENT="Captain" WC="0.94" CC="0110110"/>
						<SP ID="P11_SP01038" HPOS="2210" VPOS="1839" WIDTH="30"/>
						<String ID="word001074" HPOS="2239" VPOS="1786" WIDTH="149" HEIGHT="47" CONTENT="Paella," WC="0.68" CC="2055530"/>
						<SP ID="P11_SP01039" HPOS="2388" VPOS="1839" WIDTH="37"/>
						<String ID="word001075" HPOS="2425" VPOS="1785" WIDTH="76" HEIGHT="47" CONTENT="and" WC="0.96" CC="001"/>
						<SP ID="P11_SP01040" HPOS="2500" VPOS="1839" WIDTH="37"/>
						<String ID="word001076" HPOS="2537" VPOS="1781" WIDTH="157" HEIGHT="43" CONTENT="°haled" WC="0.63" CC="622460"/>
						<SP ID="P11_SP01041" HPOS="2694" VPOS="1839" WIDTH="39"/>
						<String ID="word001077" HPOS="2733" VPOS="1781" WIDTH="152" HEIGHT="52" CONTENT="Effendi" WC="0.89" CC="1131001"/>
						<SP ID="P11_SP01042" HPOS="2885" VPOS="1839" WIDTH="37"/>
						<String ID="word001078" HPOS="2922" VPOS="1795" WIDTH="40" HEIGHT="27" CONTENT="re" SUBS_TYPE="HypPart1" SUBS_CONTENT="remains" WC="0.93" CC="01"/>
						<HYP HPOS="2962" VPOS="1795" WIDTH="20" CONTENT="-"/>
					</TextLine>
					<TextLine ID="P11_TL00118" HPOS="1663" VPOS="1832" WIDTH="1321" HEIGHT="58">
						<String ID="word001079" HPOS="1663" VPOS="1838" WIDTH="125" HEIGHT="38" CONTENT="mains" SUBS_TYPE="HypPart2" SUBS_CONTENT="remains" WC="0.95" CC="10001"/>
						<SP ID="P11_SP01043" HPOS="1788" VPOS="1876" WIDTH="19"/>
						<String ID="word001080" HPOS="1807" VPOS="1850" WIDTH="41" HEIGHT="26" CONTENT="as" WC="1.00" CC="00"/>
						<SP ID="P11_SP01044" HPOS="1848" VPOS="1876" WIDTH="21"/>
						<String ID="word001081" HPOS="1870" VPOS="1840" WIDTH="180" HEIGHT="38" CONTENT="Minister" WC="1.00" CC="00000000"/>
						<SP ID="P11_SP01045" HPOS="2049" VPOS="1878" WIDTH="19"/>
						<String ID="word001082" HPOS="2068" VPOS="1839" WIDTH="61" HEIGHT="47" CONTENT="for" WC="0.48" CC="653"/>
						<SP ID="P11_SP01046" HPOS="2130" VPOS="1886" WIDTH="22"/>
						<String ID="word001083" HPOS="2152" VPOS="1832" WIDTH="171" HEIGHT="57" CONTENT="Foreign" WC="0.94" CC="3000010"/>
						<SP ID="P11_SP01047" HPOS="2323" VPOS="1889" WIDTH="21"/>
						<String ID="word001084" HPOS="2344" VPOS="1838" WIDTH="58" HEIGHT="40" CONTENT="Aft" WC="0.52" CC="355"/>
						<String ID="word001085" HPOS="2404" VPOS="1838" WIDTH="17" HEIGHT="39" CONTENT="-" STYLE="superscript" WC="0.83" CC="6"/>
						<String ID="word001086" HPOS="2420" VPOS="1838" WIDTH="83" HEIGHT="39" CONTENT="airs." WC="0.83" CC="00012"/>
						<SP ID="P11_SP01048" HPOS="2503" VPOS="1889" WIDTH="54"/>
						<String ID="word001087" HPOS="2557" VPOS="1837" WIDTH="90" HEIGHT="39" CONTENT="The" WC="1.00" CC="000"/>
						<SP ID="P11_SP01049" HPOS="2647" VPOS="1889" WIDTH="37"/>
						<String ID="word001088" HPOS="2683" VPOS="1837" WIDTH="93" HEIGHT="44" CONTENT="Reis" WC="0.89" CC="0112"/>
						<SP ID="P11_SP01050" HPOS="2777" VPOS="1889" WIDTH="20"/>
						<String ID="word001089" HPOS="2797" VPOS="1834" WIDTH="187" HEIGHT="56" CONTENT=":Effendi," WC="0.77" CC="531331003"/>
						<SP ID="P11_SP01051" HPOS="2983" VPOS="1890" WIDTH="0"/>
					</TextLine>
					<TextLine ID="P11_TL00119" HPOS="1667" VPOS="1886" WIDTH="1046" HEIGHT="57">
						<String ID="word001090" HPOS="1667" VPOS="1891" WIDTH="76" HEIGHT="37" CONTENT="and" WC="0.96" CC="010"/>
						<SP ID="P11_SP01052" HPOS="1742" VPOS="1928" WIDTH="21"/>
						<String ID="word001091" HPOS="1763" VPOS="1891" WIDTH="120" HEIGHT="51" CONTENT="lOaja" WC="0.47" CC="87333"/>
						<SP ID="P11_SP01053" HPOS="1884" VPOS="1942" WIDTH="18"/>
						<String ID="word001092" HPOS="1902" VPOS="1892" WIDTH="100" HEIGHT="51" CONTENT="Bey," WC="0.94" CC="1100"/>
						<SP ID="P11_SP01054" HPOS="2002" VPOS="1943" WIDTH="19"/>
						<String ID="word001093" HPOS="2021" VPOS="1890" WIDTH="83" HEIGHT="40" CONTENT="also" WC="1.00" CC="0000"/>
						<SP ID="P11_SP01055" HPOS="2104" VPOS="1943" WIDTH="28"/>
						<String ID="word001094" HPOS="2132" VPOS="1892" WIDTH="128" HEIGHT="48" CONTENT="retain" WC="0.94" CC="110010"/>
						<SP ID="P11_SP01056" HPOS="2259" VPOS="1943" WIDTH="14"/>
						<String ID="word001095" HPOS="2274" VPOS="1889" WIDTH="18" HEIGHT="43" CONTENT="-" STYLE="superscript" WC="0.89" CC="6"/>
						<String ID="word001096" HPOS="2291" VPOS="1889" WIDTH="92" HEIGHT="43" CONTENT="their" WC="0.89" CC="00000"/>
						<SP ID="P11_SP01057" HPOS="2383" VPOS="1943" WIDTH="27"/>
						<String ID="word001097" HPOS="2411" VPOS="1890" WIDTH="155" HEIGHT="40" CONTENT="former" WC="1.00" CC="000000"/>
						<SP ID="P11_SP01058" HPOS="2565" VPOS="1943" WIDTH="27"/>
						<String ID="word001098" HPOS="2593" VPOS="1886" WIDTH="98" HEIGHT="41" CONTENT="rank" WC="0.92" CC="0003"/>
						<SP ID="P11_SP01059" HPOS="2691" VPOS="1943" WIDTH="13"/>
						<String ID="word001099" HPOS="2704" VPOS="1917" WIDTH="9" HEIGHT="9" CONTENT="." WC="0.78" CC="2"/>
						<SP ID="P11_SP01060" HPOS="2713" VPOS="1943" WIDTH="0"/>
					</TextLine>
					<TextLine ID="P11_TL00120" HPOS="1720" VPOS="1936" WIDTH="1264" HEIGHT="69">
						<String ID="word001100" HPOS="1720" VPOS="1944" WIDTH="37" HEIGHT="35" CONTENT="It" WC="1.00" CC="00"/>
						<SP ID="P11_SP01061" HPOS="1756" VPOS="1980" WIDTH="21"/>
						<String ID="word001101" HPOS="1778" VPOS="1936" WIDTH="167" HEIGHT="69" CONTENT="appears" WC="0.81" CC="1420203"/>
						<SP ID="P11_SP01062" HPOS="1944" VPOS="2004" WIDTH="14"/>
						<String ID="word001102" HPOS="1958" VPOS="1944" WIDTH="86" HEIGHT="46" CONTENT="that" WC="0.97" CC="1000"/>
						<SP ID="P11_SP01063" HPOS="2044" VPOS="2004" WIDTH="18"/>
						<String ID="word001103" HPOS="2062" VPOS="1944" WIDTH="71" HEIGHT="51" CONTENT="the" WC="0.74" CC="232"/>
						<SP ID="P11_SP01064" HPOS="2133" VPOS="2004" WIDTH="18"/>
						<String ID="word001104" HPOS="2151" VPOS="1938" WIDTH="151" HEIGHT="56" CONTENT="French" WC="0.87" CC="330100"/>
						<SP ID="P11_SP01065" HPOS="2302" VPOS="2004" WIDTH="20"/>
						<String ID="word001105" HPOS="2322" VPOS="1943" WIDTH="105" HEIGHT="51" CONTENT="have" WC="0.97" CC="1000"/>
						<SP ID="P11_SP01066" HPOS="2427" VPOS="2004" WIDTH="18"/>
						<String ID="word001106" HPOS="2445" VPOS="1941" WIDTH="222" HEIGHT="48" CONTENT="evacuated" WC="0.99" CC="000100000"/>
						<SP ID="P11_SP01067" HPOS="2667" VPOS="2004" WIDTH="21"/>
						<String ID="word001107" HPOS="2688" VPOS="1938" WIDTH="125" HEIGHT="40" CONTENT="Berlin" WC="1.00" CC="000000"/>
						<SP ID="P11_SP01068" HPOS="2813" VPOS="2004" WIDTH="18"/>
						<String ID="word001108" HPOS="2831" VPOS="1944" WIDTH="51" HEIGHT="40" CONTENT="at'" WC="0.67" CC="126"/>
						<SP ID="P11_SP01069" HPOS="2882" VPOS="2004" WIDTH="12"/>
						<String ID="word001109" HPOS="2894" VPOS="1938" WIDTH="90" HEIGHT="44" CONTENT="lad." WC="0.75" CC="3231"/>
						<SP ID="P11_SP01070" HPOS="2983" VPOS="2004" WIDTH="0"/>
					</TextLine>
					<TextLine ID="P11_TL00121" HPOS="1672" VPOS="1987" WIDTH="1315" HEIGHT="57">
						<String ID="word001110" HPOS="1672" VPOS="1996" WIDTH="190" HEIGHT="38" CONTENT="Previous" WC="0.68" CC="42222353"/>
						<SP ID="P11_SP01071" HPOS="1863" VPOS="2034" WIDTH="33"/>
						<String ID="word001111" HPOS="1896" VPOS="2000" WIDTH="45" HEIGHT="34" CONTENT="to" WC="1.00" CC="00"/>
						<SP ID="P11_SP01072" HPOS="1941" VPOS="2034" WIDTH="35"/>
						<String ID="word001112" HPOS="1976" VPOS="1995" WIDTH="89" HEIGHT="39" CONTENT="that" WC="1.00" CC="0000"/>
						<SP ID="P11_SP01073" HPOS="2065" VPOS="2034" WIDTH="33"/>
						<String ID="word001113" HPOS="2098" VPOS="2001" WIDTH="137" HEIGHT="40" CONTENT="event," WC="1.00" CC="000000"/>
						<SP ID="P11_SP01074" HPOS="2235" VPOS="2041" WIDTH="48"/>
						<String ID="word001114" HPOS="2283" VPOS="1997" WIDTH="200" HEIGHT="45" CONTENT="Davoust," WC="0.93" CC="01111100"/>
						<SP ID="P11_SP01075" HPOS="2483" VPOS="2042" WIDTH="44"/>
						<String ID="word001115" HPOS="2526" VPOS="1994" WIDTH="93" HEIGHT="47" CONTENT="who" WC="0.93" CC="110"/>
						<SP ID="P11_SP01076" HPOS="2620" VPOS="2042" WIDTH="32"/>
						<String ID="word001116" HPOS="2652" VPOS="1987" WIDTH="234" HEIGHT="48" CONTENT="command's" WC="0.91" CC="000000070"/>
						<SP ID="P11_SP01077" HPOS="2885" VPOS="2042" WIDTH="30"/>
						<String ID="word001117" HPOS="2915" VPOS="1990" WIDTH="72" HEIGHT="53" CONTENT="thst" WC="0.42" CC="3567"/>
						<SP ID="P11_SP01078" HPOS="2987" VPOS="2043" WIDTH="0"/>
					</TextLine>
					<TextLine ID="P11_TL00122" HPOS="1669" VPOS="2041" WIDTH="1305" HEIGHT="60">
						<String ID="word001118" HPOS="1669" VPOS="2046" WIDTH="151" HEIGHT="39" CONTENT="French" WC="0.91" CC="400001"/>
						<SP ID="P11_SP01079" HPOS="1820" VPOS="2085" WIDTH="21"/>
						<String ID="word001119" HPOS="1841" VPOS="2044" WIDTH="115" HEIGHT="41" CONTENT="force" WC="0.95" CC="10010"/>
						<SP ID="P11_SP01080" HPOS="1956" VPOS="2086" WIDTH="19"/>
						<String ID="word001120" HPOS="1975" VPOS="2048" WIDTH="38" HEIGHT="37" CONTENT="in" WC="1.00" CC="00"/>
						<SP ID="P11_SP01081" HPOS="2013" VPOS="2086" WIDTH="20"/>
						<String ID="word001121" HPOS="2033" VPOS="2049" WIDTH="217" HEIGHT="52" CONTENT="Ger.nany," WC="0.63" CC="333633333"/>
						<SP ID="P11_SP01082" HPOS="2250" VPOS="2101" WIDTH="30"/>
						<String ID="word001122" HPOS="2280" VPOS="2046" WIDTH="206" HEIGHT="41" CONTENT="addressed" WC="0.96" CC="000012000"/>
						<SP ID="P11_SP01083" HPOS="2485" VPOS="2101" WIDTH="20"/>
						<String ID="word001123" HPOS="2505" VPOS="2057" WIDTH="25" HEIGHT="26" CONTENT="a" WC="1.00" CC="0"/>
						<SP ID="P11_SP01084" HPOS="2530" VPOS="2101" WIDTH="19"/>
						<String ID="word001124" HPOS="2549" VPOS="2044" WIDTH="118" HEIGHT="41" CONTENT="letter" WC="1.00" CC="000000"/>
						<SP ID="P11_SP01085" HPOS="2667" VPOS="2101" WIDTH="14"/>
						<String ID="word001125" HPOS="2681" VPOS="2049" WIDTH="45" HEIGHT="34" CONTENT="to" WC="1.00" CC="00"/>
						<SP ID="P11_SP01086" HPOS="2726" VPOS="2101" WIDTH="20"/>
						<String ID="word001126" HPOS="2746" VPOS="2048" WIDTH="53" HEIGHT="35" CONTENT="St." WC="0.96" CC="100"/>
						<SP ID="P11_SP01087" HPOS="2799" VPOS="2101" WIDTH="19"/>
						<String ID="word001127" HPOS="2818" VPOS="2041" WIDTH="156" HEIGHT="44" CONTENT="Hilaire" WC="0.81" CC="4101330"/>
						<SP ID="P11_SP01088" HPOS="2974" VPOS="2101" WIDTH="0"/>
					</TextLine>
					<TextLine ID="P11_TL00123" HPOS="1668" VPOS="2094" WIDTH="1319" HEIGHT="52">
						<String ID="word001128" HPOS="1668" VPOS="2100" WIDTH="211" HEIGHT="38" CONTENT="t;overnor" WC="0.80" CC="760010101"/>
						<SP ID="P11_SP01089" HPOS="1879" VPOS="2138" WIDTH="22"/>
						<String ID="word001129" HPOS="1902" VPOS="2099" WIDTH="53" HEIGHT="39" CONTENT="of" WC="0.61" CC="16"/>
						<SP ID="P11_SP01090" HPOS="1955" VPOS="2138" WIDTH="15"/>
						<String ID="word001130" HPOS="1970" VPOS="2098" WIDTH="139" HEIGHT="48" CONTENT="Berlin," WC="0.68" CC="5151224"/>
						<SP ID="P11_SP01091" HPOS="2109" VPOS="2146" WIDTH="31"/>
						<String ID="word001131" HPOS="2140" VPOS="2101" WIDTH="38" HEIGHT="38" CONTENT="in" WC="0.89" CC="20"/>
						<SP ID="P11_SP01092" HPOS="2178" VPOS="2146" WIDTH="21"/>
						<String ID="word001132" HPOS="2199" VPOS="2113" WIDTH="25" HEIGHT="27" CONTENT="a" WC="1.00" CC="0"/>
						<SP ID="P11_SP01093" HPOS="2224" VPOS="2146" WIDTH="18"/>
						<String ID="word001133" HPOS="2242" VPOS="2112" WIDTH="198" HEIGHT="28" CONTENT="nauseous" WC="1.00" CC="00000000"/>
						<SP ID="P11_SP01094" HPOS="2440" VPOS="2146" WIDTH="19"/>
						<String ID="word001134" HPOS="2459" VPOS="2098" WIDTH="122" HEIGHT="41" CONTENT="strain" WC="0.94" CC="200100"/>
						<SP ID="P11_SP01095" HPOS="2581" VPOS="2146" WIDTH="15"/>
						<String ID="word001135" HPOS="2596" VPOS="2096" WIDTH="51" HEIGHT="40" CONTENT="of" WC="1.00" CC="00"/>
						<SP ID="P11_SP01096" HPOS="2647" VPOS="2146" WIDTH="18"/>
						<String ID="word001136" HPOS="2665" VPOS="2094" WIDTH="168" HEIGHT="43" CONTENT="affected" WC="1.00" CC="00000000"/>
						<SP ID="P11_SP01097" HPOS="2832" VPOS="2146" WIDTH="21"/>
						<String ID="word001137" HPOS="2854" VPOS="2098" WIDTH="133" HEIGHT="38" CONTENT="mora'" WC="0.62" CC="53333"/>
						<SP ID="P11_SP01098" HPOS="2987" VPOS="2146" WIDTH="0"/>
					</TextLine>
					<TextLine ID="P11_TL00124" HPOS="1670" VPOS="2148" WIDTH="1317" HEIGHT="55">
						<String ID="word001138" HPOS="1670" VPOS="2150" WIDTH="86" HEIGHT="52" CONTENT="lity," WC="0.58" CC="35353"/>
						<SP ID="P11_SP01099" HPOS="1756" VPOS="2202" WIDTH="31"/>
						<String ID="word001139" HPOS="1787" VPOS="2151" WIDTH="35" HEIGHT="38" CONTENT="in" WC="1.00" CC="00"/>
						<SP ID="P11_SP01100" HPOS="1822" VPOS="2202" WIDTH="21"/>
						<String ID="word001140" HPOS="1844" VPOS="2151" WIDTH="129" HEIGHT="40" CONTENT="which" WC="0.95" CC="00101"/>
						<SP ID="P11_SP01101" HPOS="1972" VPOS="2202" WIDTH="19"/>
						<String ID="word001141" HPOS="1991" VPOS="2151" WIDTH="74" HEIGHT="40" CONTENT="this" WC="1.00" CC="0000"/>
						<SP ID="P11_SP01102" HPOS="2066" VPOS="2202" WIDTH="17"/>
						<String ID="word001142" HPOS="2082" VPOS="2152" WIDTH="152" HEIGHT="47" CONTENT="fellow," WC="0.82" CC="0424100"/>
						<SP ID="P11_SP01103" HPOS="2235" VPOS="2202" WIDTH="27"/>
						<String ID="word001143" HPOS="2262" VPOS="2153" WIDTH="71" HEIGHT="38" CONTENT="the" WC="1.00" CC="000"/>
						<SP ID="P11_SP01104" HPOS="2333" VPOS="2202" WIDTH="21"/>
						<String ID="word001144" HPOS="2354" VPOS="2150" WIDTH="248" HEIGHT="53" CONTENT="accomplice" WC="0.78" CC="0004015343"/>
						<SP ID="P11_SP01105" HPOS="2602" VPOS="2203" WIDTH="28"/>
						<String ID="word001145" HPOS="2630" VPOS="2150" WIDTH="40" HEIGHT="39" CONTENT="in" WC="1.00" CC="00"/>
						<SP ID="P11_SP01106" HPOS="2670" VPOS="2203" WIDTH="19"/>
						<String ID="word001146" HPOS="2689" VPOS="2151" WIDTH="69" HEIGHT="38" CONTENT="the" WC="1.00" CC="000"/>
						<SP ID="P11_SP01107" HPOS="2758" VPOS="2203" WIDTH="32"/>
						<String ID="word001147" HPOS="2790" VPOS="2148" WIDTH="197" HEIGHT="44" CONTENT="murders'" WC="0.96" CC="00000012"/>
						<SP ID="P11_SP01108" HPOS="2987" VPOS="2203" WIDTH="0"/>
					</TextLine>
					<TextLine ID="P11_TL00125" HPOS="1670" VPOS="2200" WIDTH="1315" HEIGHT="54">
						<String ID="word001148" HPOS="1670" VPOS="2203" WIDTH="151" HEIGHT="51" CONTENT="rapine," WC="0.98" CC="0100000"/>
						<SP ID="P11_SP01109" HPOS="1821" VPOS="2254" WIDTH="27"/>
						<String ID="word001149" HPOS="1848" VPOS="2204" WIDTH="80" HEIGHT="39" CONTENT="and" WC="1.00" CC="000"/>
						<SP ID="P11_SP01110" HPOS="1929" VPOS="2254" WIDTH="19"/>
						<String ID="word001150" HPOS="1948" VPOS="2204" WIDTH="267" HEIGHT="46" CONTENT="devastation," WC="1.00" CC="000000000000"/>
						<SP ID="P11_SP01111" HPOS="2215" VPOS="2254" WIDTH="28"/>
						<String ID="word001151" HPOS="2243" VPOS="2204" WIDTH="118" HEIGHT="40" CONTENT="ofhis" WC="0.44" CC="45466"/>
						<SP ID="P11_SP01112" HPOS="2361" VPOS="2254" WIDTH="19"/>
						<String ID="word001152" HPOS="2380" VPOS="2204" WIDTH="187" HEIGHT="40" CONTENT="Corsican" WC="0.92" CC="00011013"/>
						<SP ID="P11_SP01113" HPOS="2567" VPOS="2254" WIDTH="19"/>
						<String ID="word001153" HPOS="2585" VPOS="2207" WIDTH="162" HEIGHT="41" CONTENT="master," WC="0.97" CC="0000110"/>
						<SP ID="P11_SP01114" HPOS="2747" VPOS="2254" WIDTH="27"/>
						<String ID="word001154" HPOS="2774" VPOS="2200" WIDTH="148" HEIGHT="53" CONTENT="speaks" WC="0.63" CC="522533"/>
						<SP ID="P11_SP01115" HPOS="2922" VPOS="2254" WIDTH="19"/>
						<String ID="word001155" HPOS="2941" VPOS="2211" WIDTH="44" HEIGHT="28" CONTENT="oy" WC="0.44" CC="28"/>
						<SP ID="P11_SP01116" HPOS="2985" VPOS="2254" WIDTH="0"/>
					</TextLine>
					<TextLine ID="P11_TL00126" HPOS="1670" VPOS="2248" WIDTH="1323" HEIGHT="69">
						<String ID="word001156" HPOS="1670" VPOS="2256" WIDTH="99" HEIGHT="37" CONTENT="Frei!" WC="0.67" CC="30165"/>
						<SP ID="P11_SP01117" HPOS="1769" VPOS="2293" WIDTH="15"/>
						<String ID="word001157" HPOS="1785" VPOS="2256" WIDTH="34" HEIGHT="39" CONTENT=":1;" WC="0.33" CC="387"/>
						<SP ID="P11_SP01118" HPOS="1819" VPOS="2295" WIDTH="20"/>
						<String ID="word001158" HPOS="1839" VPOS="2261" WIDTH="155" HEIGHT="46" CONTENT="respect" WC="1.00" CC="0000000"/>
						<SP ID="P11_SP01119" HPOS="1994" VPOS="2307" WIDTH="17"/>
						<String ID="word001159" HPOS="2010" VPOS="2256" WIDTH="64" HEIGHT="48" CONTENT="for" WC="0.78" CC="222"/>
						<SP ID="P11_SP01120" HPOS="2074" VPOS="2307" WIDTH="19"/>
						<String ID="word001160" HPOS="2093" VPOS="2257" WIDTH="70" HEIGHT="40" CONTENT="the" WC="1.00" CC="000"/>
						<SP ID="P11_SP01121" HPOS="2163" VPOS="2307" WIDTH="18"/>
						<String ID="word001161" HPOS="2180" VPOS="2262" WIDTH="193" HEIGHT="54" CONTENT="property" WC="1.00" CC="00000000"/>
						<SP ID="P11_SP01122" HPOS="2373" VPOS="2316" WIDTH="34"/>
						<String ID="word001162" HPOS="2407" VPOS="2256" WIDTH="78" HEIGHT="40" CONTENT="and" WC="0.70" CC="710"/>
						<SP ID="P11_SP01123" HPOS="2485" VPOS="2316" WIDTH="33"/>
						<String ID="word001163" HPOS="2518" VPOS="2252" WIDTH="295" HEIGHT="56" CONTENT="independence" WC="0.92" CC="010011020022"/>
						<SP ID="P11_SP01124" HPOS="2813" VPOS="2316" WIDTH="31"/>
						<String ID="word001164" HPOS="2844" VPOS="2251" WIDTH="53" HEIGHT="46" CONTENT="of" WC="0.67" CC="60"/>
						<SP ID="P11_SP01125" HPOS="2897" VPOS="2316" WIDTH="25"/>
						<String ID="word001165" HPOS="2922" VPOS="2248" WIDTH="71" HEIGHT="45" CONTENT="thf" WC="1.00" CC="000"/>
						<SP ID="P11_SP01126" HPOS="2993" VPOS="2316" WIDTH="0"/>
					</TextLine>
					<TextLine ID="P11_TL00127" HPOS="1669" VPOS="2303" WIDTH="1313" HEIGHT="59">
						<String ID="word001166" HPOS="1669" VPOS="2307" WIDTH="174" HEIGHT="40" CONTENT="cuutries" WC="0.58" CC="37343433"/>
						<SP ID="P11_SP01127" HPOS="1843" VPOS="2347" WIDTH="32"/>
						<String ID="word001167" HPOS="1874" VPOS="2307" WIDTH="94" HEIGHT="52" CONTENT="they" WC="1.00" CC="0000"/>
						<SP ID="P11_SP01128" HPOS="1969" VPOS="2359" WIDTH="32"/>
						<String ID="word001168" HPOS="2001" VPOS="2303" WIDTH="190" HEIGHT="59" CONTENT="occupied" WC="0.86" CC="03013111"/>
						<SP ID="P11_SP01129" HPOS="2191" VPOS="2362" WIDTH="15"/>
						<String ID="word001169" HPOS="2206" VPOS="2310" WIDTH="12" HEIGHT="46" CONTENT="I" WC="0.11" CC="8"/>
						<SP ID="P11_SP01130" HPOS="2218" VPOS="2362" WIDTH="53"/>
						<String ID="word001170" HPOS="2271" VPOS="2310" WIDTH="35" HEIGHT="39" CONTENT="A" WC="1.00" CC="0"/>
						<SP ID="P11_SP01131" HPOS="2307" VPOS="2362" WIDTH="18"/>
						<String ID="word001171" HPOS="2324" VPOS="2313" WIDTH="289" HEIGHT="39" CONTENT="circumstance" WC="0.88" CC="030010501111"/>
						<SP ID="P11_SP01132" HPOS="2614" VPOS="2362" WIDTH="31"/>
						<String ID="word001172" HPOS="2644" VPOS="2304" WIDTH="129" HEIGHT="40" CONTENT="which" WC="1.00" CC="00000"/>
						<SP ID="P11_SP01133" HPOS="2773" VPOS="2362" WIDTH="28"/>
						<String ID="word001173" HPOS="2802" VPOS="2303" WIDTH="180" HEIGHT="41" CONTENT="accele-e" WC="0.60" CC="33453443"/>
						<SP ID="P11_SP01134" HPOS="2981" VPOS="2362" WIDTH="0"/>
					</TextLine>
					<TextLine ID="P11_TL00128" HPOS="1671" VPOS="2355" WIDTH="1302" HEIGHT="59">
						<String ID="word001174" HPOS="1671" VPOS="2361" WIDTH="116" HEIGHT="38" CONTENT="rated" WC="0.93" CC="01011"/>
						<SP ID="P11_SP01135" HPOS="1787" VPOS="2399" WIDTH="21"/>
						<String ID="word001175" HPOS="1808" VPOS="2361" WIDTH="65" HEIGHT="37" CONTENT="the" WC="0.96" CC="010"/>
						<SP ID="P11_SP01136" HPOS="1873" VPOS="2399" WIDTH="19"/>
						<String ID="word001176" HPOS="1892" VPOS="2360" WIDTH="215" HEIGHT="52" CONTENT="departure" WC="0.96" CC="010100100"/>
						<SP ID="P11_SP01137" HPOS="2107" VPOS="2412" WIDTH="19"/>
						<String ID="word001177" HPOS="2126" VPOS="2362" WIDTH="50" HEIGHT="39" CONTENT="of" WC="0.94" CC="01"/>
						<SP ID="P11_SP01138" HPOS="2176" VPOS="2412" WIDTH="24"/>
						<String ID="word001178" HPOS="2199" VPOS="2360" WIDTH="69" HEIGHT="40" CONTENT="the" WC="1.00" CC="000"/>
						<SP ID="P11_SP01139" HPOS="2268" VPOS="2412" WIDTH="17"/>
						<String ID="word001179" HPOS="2284" VPOS="2373" WIDTH="142" HEIGHT="41" CONTENT="enemy" WC="0.95" CC="02000"/>
						<SP ID="P11_SP01140" HPOS="2426" VPOS="2414" WIDTH="22"/>
						<String ID="word001180" HPOS="2448" VPOS="2373" WIDTH="78" HEIGHT="26" CONTENT="was" WC="0.96" CC="010"/>
						<SP ID="P11_SP01141" HPOS="2526" VPOS="2414" WIDTH="18"/>
						<String ID="word001181" HPOS="2544" VPOS="2372" WIDTH="26" HEIGHT="35" CONTENT="4" WC="0.22" CC="7"/>
						<SP ID="P11_SP01142" HPOS="2570" VPOS="2414" WIDTH="15"/>
						<String ID="word001182" HPOS="2585" VPOS="2362" WIDTH="128" HEIGHT="38" CONTENT="secret" WC="0.96" CC="101000"/>
						<SP ID="P11_SP01143" HPOS="2713" VPOS="2414" WIDTH="20"/>
						<String ID="word001183" HPOS="2733" VPOS="2355" WIDTH="240" HEIGHT="45" CONTENT="association" WC="0.99" CC="00000010000"/>
						<SP ID="P11_SP01144" HPOS="2973" VPOS="2414" WIDTH="0"/>
					</TextLine>
					<TextLine ID="P11_TL00129" HPOS="1672" VPOS="2408" WIDTH="1319" HEIGHT="57">
						<String ID="word001184" HPOS="1672" VPOS="2412" WIDTH="208" HEIGHT="51" CONTENT="organised" WC="0.84" CC="114121111"/>
						<SP ID="P11_SP01145" HPOS="1880" VPOS="2463" WIDTH="22"/>
						<String ID="word001185" HPOS="1903" VPOS="2412" WIDTH="185" HEIGHT="53" CONTENT="precisely" WC="0.97" CC="000101000"/>
						<SP ID="P11_SP01146" HPOS="2088" VPOS="2465" WIDTH="32"/>
						<String ID="word001186" HPOS="2120" VPOS="2425" WIDTH="54" HEIGHT="30" CONTENT="on" WC="0.89" CC="11"/>
						<SP ID="P11_SP01147" HPOS="2174" VPOS="2465" WIDTH="34"/>
						<String ID="word001187" HPOS="2209" VPOS="2413" WIDTH="67" HEIGHT="40" CONTENT="the" WC="1.00" CC="000"/>
						<SP ID="P11_SP01148" HPOS="2276" VPOS="2465" WIDTH="27"/>
						<String ID="word001188" HPOS="2303" VPOS="2425" WIDTH="110" HEIGHT="35" CONTENT="same" WC="0.92" CC="0003"/>
						<SP ID="P11_SP01149" HPOS="2413" VPOS="2465" WIDTH="32"/>
						<String ID="word001189" HPOS="2445" VPOS="2411" WIDTH="92" HEIGHT="54" CONTENT="plan" WC="0.97" CC="0100"/>
						<SP ID="P11_SP01150" HPOS="2537" VPOS="2465" WIDTH="20"/>
						<String ID="word001190" HPOS="2557" VPOS="2424" WIDTH="45" HEIGHT="26" CONTENT="as" WC="0.89" CC="11"/>
						<SP ID="P11_SP01151" HPOS="2602" VPOS="2465" WIDTH="26"/>
						<String ID="word001191" HPOS="2628" VPOS="2408" WIDTH="89" HEIGHT="41" CONTENT="that" WC="1.00" CC="0000"/>
						<SP ID="P11_SP01152" HPOS="2717" VPOS="2465" WIDTH="26"/>
						<String ID="word001192" HPOS="2743" VPOS="2409" WIDTH="146" HEIGHT="52" CONTENT="during" WC="0.98" CC="000010"/>
						<SP ID="P11_SP01153" HPOS="2889" VPOS="2465" WIDTH="32"/>
						<String ID="word001193" HPOS="2921" VPOS="2408" WIDTH="70" HEIGHT="41" CONTENT="the" WC="0.96" CC="001"/>
						<SP ID="P11_SP01154" HPOS="2991" VPOS="2465" WIDTH="0"/>
					</TextLine>
					<TextLine ID="P11_TL00130" HPOS="1670" VPOS="2460" WIDTH="1322" HEIGHT="57">
						<String ID="word001194" HPOS="1670" VPOS="2465" WIDTH="190" HEIGHT="38" CONTENT="disorders" WC="0.99" CC="000000001"/>
						<SP ID="P11_SP01155" HPOS="1860" VPOS="2503" WIDTH="21"/>
						<String ID="word001195" HPOS="1881" VPOS="2465" WIDTH="38" HEIGHT="38" CONTENT="in" WC="1.00" CC="00"/>
						<SP ID="P11_SP01156" HPOS="1919" VPOS="2503" WIDTH="18"/>
						<String ID="word001196" HPOS="1937" VPOS="2463" WIDTH="168" HEIGHT="54" CONTENT="Ireland." WC="0.61" CC="62410267"/>
						<SP ID="P11_SP01157" HPOS="2105" VPOS="2517" WIDTH="57"/>
						<String ID="word001197" HPOS="2161" VPOS="2466" WIDTH="74" HEIGHT="39" CONTENT="We" WC="0.94" CC="10"/>
						<SP ID="P11_SP01158" HPOS="2236" VPOS="2517" WIDTH="20"/>
						<String ID="word001198" HPOS="2256" VPOS="2465" WIDTH="104" HEIGHT="52" CONTENT="hope" WC="0.94" CC="0110"/>
						<SP ID="P11_SP01159" HPOS="2360" VPOS="2517" WIDTH="21"/>
						<String ID="word001199" HPOS="2381" VPOS="2465" WIDTH="47" HEIGHT="45" CONTENT="its" WC="0.89" CC="120"/>
						<SP ID="P11_SP01160" HPOS="2428" VPOS="2517" WIDTH="13"/>
						<String ID="word001200" HPOS="2441" VPOS="2464" WIDTH="137" HEIGHT="50" CONTENT="object" WC="0.94" CC="100110"/>
						<SP ID="P11_SP01161" HPOS="2578" VPOS="2517" WIDTH="14"/>
						<String ID="word001201" HPOS="2593" VPOS="2476" WIDTH="80" HEIGHT="26" CONTENT="was" WC="0.96" CC="100"/>
						<SP ID="P11_SP01162" HPOS="2673" VPOS="2517" WIDTH="11"/>
						<String ID="word001202" HPOS="2683" VPOS="2460" WIDTH="181" HEIGHT="43" CONTENT="different" WC="0.97" CC="000000002"/>
						<SP ID="P11_SP01163" HPOS="2864" VPOS="2517" WIDTH="15"/>
						<String ID="word001203" HPOS="2880" VPOS="2477" WIDTH="12" HEIGHT="28" CONTENT=";" WC="0.78" CC="2"/>
						<SP ID="P11_SP01164" HPOS="2891" VPOS="2517" WIDTH="21"/>
						<String ID="word001204" HPOS="2913" VPOS="2460" WIDTH="79" HEIGHT="52" CONTENT="and" WC="0.81" CC="014"/>
						<SP ID="P11_SP01165" HPOS="2992" VPOS="2517" WIDTH="0"/>
					</TextLine>
					<TextLine ID="P11_TL00131" HPOS="1671" VPOS="2515" WIDTH="1321" HEIGHT="53">
						<String ID="word001205" HPOS="1671" VPOS="2516" WIDTH="89" HEIGHT="39" CONTENT="that" WC="0.97" CC="0010"/>
						<SP ID="P11_SP01166" HPOS="1760" VPOS="2555" WIDTH="21"/>
						<String ID="word001206" HPOS="1781" VPOS="2517" WIDTH="65" HEIGHT="39" CONTENT="the" WC="1.00" CC="000"/>
						<SP ID="P11_SP01167" HPOS="1846" VPOS="2556" WIDTH="32"/>
						<String ID="word001207" HPOS="1878" VPOS="2517" WIDTH="145" HEIGHT="51" CONTENT="yooths" WC="0.48" CC="338833"/>
						<SP ID="P11_SP01168" HPOS="2023" VPOS="2568" WIDTH="19"/>
						<String ID="word001208" HPOS="2042" VPOS="2517" WIDTH="47" HEIGHT="40" CONTENT="of" WC="1.00" CC="00"/>
						<SP ID="P11_SP01169" HPOS="2089" VPOS="2568" WIDTH="25"/>
						<String ID="word001209" HPOS="2114" VPOS="2518" WIDTH="164" HEIGHT="39" CONTENT="Prussia" WC="0.98" CC="0000001"/>
						<SP ID="P11_SP01170" HPOS="2278" VPOS="2568" WIDTH="27"/>
						<String ID="word001210" HPOS="2306" VPOS="2518" WIDTH="78" HEIGHT="39" CONTENT="had" WC="0.89" CC="300"/>
						<SP ID="P11_SP01171" HPOS="2383" VPOS="2568" WIDTH="31"/>
						<String ID="word001211" HPOS="2414" VPOS="2516" WIDTH="163" HEIGHT="40" CONTENT="entered" WC="1.00" CC="0000000"/>
						<SP ID="P11_SP01172" HPOS="2577" VPOS="2568" WIDTH="28"/>
						<String ID="word001212" HPOS="2606" VPOS="2516" WIDTH="87" HEIGHT="38" CONTENT="into" WC="0.92" CC="0300"/>
						<SP ID="P11_SP01173" HPOS="2693" VPOS="2568" WIDTH="19"/>
						<String ID="word001213" HPOS="2712" VPOS="2515" WIDTH="106" HEIGHT="38" CONTENT="these" WC="0.95" CC="00101"/>
						<SP ID="P11_SP01174" HPOS="2818" VPOS="2568" WIDTH="20"/>
						<String ID="word001214" HPOS="2838" VPOS="2515" WIDTH="154" HEIGHT="45" CONTENT="s,,lern4" WC="0.33" CC="57756585"/>
						<SP ID="P11_SP01175" HPOS="2992" VPOS="2568" WIDTH="0"/>
					</TextLine>
					<TextLine ID="P11_TL00132" HPOS="1671" VPOS="2564" WIDTH="1322" HEIGHT="60">
						<String ID="word001215" HPOS="1671" VPOS="2569" WIDTH="76" HEIGHT="39" CONTENT="and" WC="0.81" CC="050"/>
						<SP ID="P11_SP01176" HPOS="1747" VPOS="2608" WIDTH="31"/>
						<String ID="word001216" HPOS="1778" VPOS="2575" WIDTH="129" HEIGHT="34" CONTENT="secret" WC="0.80" CC="341111"/>
						<SP ID="P11_SP01177" HPOS="1906" VPOS="2609" WIDTH="18"/>
						<String ID="word001217" HPOS="1924" VPOS="2574" WIDTH="287" HEIGHT="50" CONTENT="engagements" WC="0.80" CC="46100030330"/>
						<SP ID="P11_SP01178" HPOS="2211" VPOS="2623" WIDTH="18"/>
						<String ID="word001218" HPOS="2229" VPOS="2569" WIDTH="65" HEIGHT="40" CONTENT="for" WC="1.00" CC="000"/>
						<SP ID="P11_SP01179" HPOS="2294" VPOS="2623" WIDTH="26"/>
						<String ID="word001219" HPOS="2320" VPOS="2569" WIDTH="71" HEIGHT="40" CONTENT="the" WC="1.00" CC="000"/>
						<SP ID="P11_SP01180" HPOS="2391" VPOS="2623" WIDTH="19"/>
						<String ID="word001220" HPOS="2409" VPOS="2580" WIDTH="174" HEIGHT="41" CONTENT="purpose" WC="0.98" CC="0000001"/>
						<SP ID="P11_SP01181" HPOS="2583" VPOS="2623" WIDTH="26"/>
						<String ID="word001221" HPOS="2609" VPOS="2564" WIDTH="48" HEIGHT="41" CONTENT="of" WC="1.00" CC="00"/>
						<SP ID="P11_SP01182" HPOS="2657" VPOS="2623" WIDTH="21"/>
						<String ID="word001222" HPOS="2679" VPOS="2564" WIDTH="314" HEIGHT="58" CONTENT="exterminating" WC="0.96" CC="1000000110011"/>
						<SP ID="P11_SP01183" HPOS="2993" VPOS="2623" WIDTH="0"/>
					</TextLine>
					<TextLine ID="P11_TL00133" HPOS="1671" VPOS="2622" WIDTH="524" HEIGHT="52">
						<String ID="word001223" HPOS="1671" VPOS="2622" WIDTH="104" HEIGHT="38" CONTENT="their" WC="0.98" CC="00100"/>
						<SP ID="P11_SP01184" HPOS="1775" VPOS="2660" WIDTH="13"/>
						<String ID="word001224" HPOS="1788" VPOS="2634" WIDTH="146" HEIGHT="40" CONTENT="savage" WC="0.93" CC="100111"/>
						<SP ID="P11_SP01185" HPOS="1935" VPOS="2674" WIDTH="19"/>
						<String ID="word001225" HPOS="1954" VPOS="2634" WIDTH="241" HEIGHT="39" CONTENT="oppressors." WC="0.80" CC="35111212121"/>
						<SP ID="P11_SP01186" HPOS="2194" VPOS="2674" WIDTH="0"/>
					</TextLine>
					<TextLine ID="P11_TL00134" HPOS="1726" VPOS="2669" WIDTH="1269" HEIGHT="56">
						<String ID="word001226" HPOS="1726" VPOS="2675" WIDTH="32" HEIGHT="38" CONTENT="A" WC="1.00" CC="0"/>
						<SP ID="P11_SP01187" HPOS="1757" VPOS="2713" WIDTH="21"/>
						<String ID="word001227" HPOS="1779" VPOS="2673" WIDTH="164" HEIGHT="52" CONTENT="packet," WC="0.98" CC="0010000"/>
						<SP ID="P11_SP01188" HPOS="1943" VPOS="2725" WIDTH="20"/>
						<String ID="word001228" HPOS="1963" VPOS="2672" WIDTH="69" HEIGHT="41" CONTENT="the" WC="1.00" CC="000"/>
						<SP ID="P11_SP01189" HPOS="2031" VPOS="2725" WIDTH="17"/>
						<String ID="word001229" HPOS="2048" VPOS="2673" WIDTH="274" HEIGHT="47" CONTENT="Pownshtnd," WC="0.54" CC="5335538333"/>
						<SP ID="P11_SP01190" HPOS="2322" VPOS="2725" WIDTH="30"/>
						<String ID="word001230" HPOS="2352" VPOS="2673" WIDTH="31" HEIGHT="39" CONTENT="is" WC="1.00" CC="00"/>
						<SP ID="P11_SP01191" HPOS="2382" VPOS="2725" WIDTH="30"/>
						<String ID="word001231" HPOS="2412" VPOS="2672" WIDTH="159" HEIGHT="40" CONTENT="arrived" WC="0.97" CC="0001100"/>
						<SP ID="P11_SP01192" HPOS="2571" VPOS="2725" WIDTH="17"/>
						<String ID="word001232" HPOS="2588" VPOS="2674" WIDTH="43" HEIGHT="34" CONTENT="at" WC="0.94" CC="10"/>
						<SP ID="P11_SP01193" HPOS="2630" VPOS="2725" WIDTH="19"/>
						<String ID="word001233" HPOS="2649" VPOS="2669" WIDTH="216" HEIGHT="40" CONTENT="Falmouth" WC="0.99" CC="00100000"/>
						<SP ID="P11_SP01194" HPOS="2865" VPOS="2725" WIDTH="20"/>
						<String ID="word001234" HPOS="2885" VPOS="2669" WIDTH="109" HEIGHT="50" CONTENT="frem" WC="0.47" CC="3385"/>
						<SP ID="P11_SP01195" HPOS="2994" VPOS="2725" WIDTH="0"/>
					</TextLine>
					<TextLine ID="P11_TL00135" HPOS="1674" VPOS="2722" WIDTH="1320" HEIGHT="56">
						<String ID="word001235" HPOS="1674" VPOS="2725" WIDTH="67" HEIGHT="39" CONTENT="the" WC="1.00" CC="000"/>
						<SP ID="P11_SP01196" HPOS="1741" VPOS="2764" WIDTH="20"/>
						<String ID="word001236" HPOS="1761" VPOS="2724" WIDTH="159" HEIGHT="54" CONTENT="Brazils" WC="0.74" CC="4131112"/>
						<String ID="word001237" HPOS="1920" VPOS="2724" WIDTH="24" HEIGHT="54" CONTENT="?" STYLE="subscript" WC="0.74" CC="6"/>
						<SP ID="P11_SP01197" HPOS="1944" VPOS="2778" WIDTH="0"/>
						<String ID="word001238" HPOS="1944" VPOS="2725" WIDTH="103" HEIGHT="39" CONTENT="after" WC="1.00" CC="00000"/>
						<SP ID="P11_SP01198" HPOS="2047" VPOS="2778" WIDTH="14"/>
						<String ID="word001239" HPOS="2061" VPOS="2739" WIDTH="51" HEIGHT="31" CONTENT="au" WC="0.94" CC="10"/>
						<SP ID="P11_SP01199" HPOS="2112" VPOS="2778" WIDTH="15"/>
						<String ID="word001240" HPOS="2127" VPOS="2726" WIDTH="289" HEIGHT="52" CONTENT="uncommonly" WC="0.99" CC="0000000010"/>
						<SP ID="P11_SP01200" HPOS="2417" VPOS="2778" WIDTH="15"/>
						<String ID="word001241" HPOS="2432" VPOS="2725" WIDTH="122" HEIGHT="52" CONTENT="quick" WC="0.91" CC="10030"/>
						<SP ID="P11_SP01201" HPOS="2554" VPOS="2778" WIDTH="22"/>
						<String ID="word001242" HPOS="2576" VPOS="2734" WIDTH="176" HEIGHT="43" CONTENT="passage." WC="0.93" CC="01102010"/>
						<SP ID="P11_SP01202" HPOS="2752" VPOS="2778" WIDTH="30"/>
						<String ID="word001243" HPOS="2781" VPOS="2722" WIDTH="78" HEIGHT="40" CONTENT="She" WC="0.96" CC="100"/>
						<SP ID="P11_SP01203" HPOS="2859" VPOS="2778" WIDTH="13"/>
						<String ID="word001244" HPOS="2872" VPOS="2722" WIDTH="122" HEIGHT="44" CONTENT="galled" WC="0.74" CC="505310"/>
						<SP ID="P11_SP01204" HPOS="2994" VPOS="2778" WIDTH="0"/>
					</TextLine>
					<TextLine ID="P11_TL00136" HPOS="1674" VPOS="2773" WIDTH="1320" HEIGHT="52">
						<String ID="word001245" HPOS="1674" VPOS="2778" WIDTH="110" HEIGHT="40" CONTENT="from" WC="0.97" CC="1000"/>
						<SP ID="P11_SP01205" HPOS="1783" VPOS="2818" WIDTH="18"/>
						<String ID="word001246" HPOS="1801" VPOS="2778" WIDTH="81" HEIGHT="40" CONTENT="Rio" WC="1.00" CC="000"/>
						<SP ID="P11_SP01206" HPOS="1883" VPOS="2818" WIDTH="21"/>
						<String ID="word001247" HPOS="1904" VPOS="2773" WIDTH="164" HEIGHT="52" CONTENT=",Janeiro" WC="0.85" CC="44001101"/>
						<SP ID="P11_SP01207" HPOS="2068" VPOS="2825" WIDTH="30"/>
						<String ID="word001248" HPOS="2098" VPOS="2791" WIDTH="53" HEIGHT="26" CONTENT="on" WC="1.00" CC="00"/>
						<SP ID="P11_SP01208" HPOS="2151" VPOS="2825" WIDTH="27"/>
						<String ID="word001249" HPOS="2178" VPOS="2779" WIDTH="70" HEIGHT="39" CONTENT="the" WC="1.00" CC="000"/>
						<SP ID="P11_SP01209" HPOS="2248" VPOS="2825" WIDTH="18"/>
						<String ID="word001250" HPOS="2265" VPOS="2779" WIDTH="51" HEIGHT="39" CONTENT="2d" WC="0.94" CC="10"/>
						<SP ID="P11_SP01210" HPOS="2316" VPOS="2825" WIDTH="19"/>
						<String ID="word001251" HPOS="2335" VPOS="2778" WIDTH="50" HEIGHT="39" CONTENT="of" WC="1.00" CC="00"/>
						<SP ID="P11_SP01211" HPOS="2385" VPOS="2825" WIDTH="15"/>
						<String ID="word001252" HPOS="2400" VPOS="2778" WIDTH="235" HEIGHT="39" CONTENT="December." WC="0.97" CC="001100000"/>
						<SP ID="P11_SP01212" HPOS="2635" VPOS="2825" WIDTH="56"/>
						<String ID="word001253" HPOS="2691" VPOS="2776" WIDTH="91" HEIGHT="39" CONTENT="The" WC="0.67" CC="207"/>
						<SP ID="P11_SP01213" HPOS="2781" VPOS="2825" WIDTH="12"/>
						<String ID="word001254" HPOS="2793" VPOS="2786" WIDTH="172" HEIGHT="27" CONTENT="commer" SUBS_TYPE="HypPart1" SUBS_CONTENT="commercial" WC="0.70" CC="323332"/>
						<HYP HPOS="2966" VPOS="2786" WIDTH="28" CONTENT="-"/>
					</TextLine>
					<TextLine ID="P11_TL00137" HPOS="1674" VPOS="2830" WIDTH="1317" HEIGHT="54">
						<String ID="word001255" HPOS="1674" VPOS="2830" WIDTH="74" HEIGHT="41" CONTENT="cial" SUBS_TYPE="HypPart2" SUBS_CONTENT="commercial" WC="0.56" CC="5443"/>
						<SP ID="P11_SP01214" HPOS="1748" VPOS="2871" WIDTH="30"/>
						<String ID="word001256" HPOS="1778" VPOS="2831" WIDTH="154" HEIGHT="51" CONTENT="intellig" WC="0.74" CC="22223323"/>
						<String ID="word001257" HPOS="1935" VPOS="2843" WIDTH="96" HEIGHT="27" CONTENT="ence" WC="0.75" CC="2322" STYLEREFS="TXT_4"/>
						<SP ID="P11_SP01215" HPOS="2030" VPOS="2882" WIDTH="31"/>
						<String ID="word001258" HPOS="2061" VPOS="2831" WIDTH="182" HEIGHT="47" CONTENT="received" WC="0.89" CC="01511000"/>
						<SP ID="P11_SP01216" HPOS="2243" VPOS="2882" WIDTH="30"/>
						<String ID="word001259" HPOS="2272" VPOS="2831" WIDTH="50" HEIGHT="53" CONTENT="by" WC="1.00" CC="00"/>
						<SP ID="P11_SP01217" HPOS="2322" VPOS="2884" WIDTH="38"/>
						<String ID="word001260" HPOS="2360" VPOS="2831" WIDTH="71" HEIGHT="39" CONTENT="her" WC="1.00" CC="000"/>
						<SP ID="P11_SP01218" HPOS="2431" VPOS="2884" WIDTH="20"/>
						<String ID="word001261" HPOS="2451" VPOS="2831" WIDTH="30" HEIGHT="37" CONTENT="is" WC="1.00" CC="00"/>
						<SP ID="P11_SP01219" HPOS="2480" VPOS="2884" WIDTH="28"/>
						<String ID="word001262" HPOS="2509" VPOS="2830" WIDTH="48" HEIGHT="39" CONTENT="of" WC="1.00" CC="00"/>
						<SP ID="P11_SP01220" HPOS="2557" VPOS="2884" WIDTH="21"/>
						<String ID="word001263" HPOS="2578" VPOS="2839" WIDTH="112" HEIGHT="27" CONTENT="some" WC="0.97" CC="1000"/>
						<SP ID="P11_SP01221" HPOS="2691" VPOS="2884" WIDTH="20"/>
						<String ID="word001264" HPOS="2711" VPOS="2830" WIDTH="280" HEIGHT="53" CONTENT="importance;" WC="0.63" CC="47761110136" STYLEREFS="TXT_4"/>
						<SP ID="P11_SP01222" HPOS="2991" VPOS="2884" WIDTH="0"/>
					</TextLine>
					<TextLine ID="P11_TL00138" HPOS="1675" VPOS="2877" WIDTH="1325" HEIGHT="58">
						<String ID="word001265" HPOS="1675" VPOS="2884" WIDTH="66" HEIGHT="37" CONTENT="the" WC="1.00" CC="000"/>
						<SP ID="P11_SP01223" HPOS="1741" VPOS="2921" WIDTH="20"/>
						<String ID="word001266" HPOS="1761" VPOS="2883" WIDTH="197" HEIGHT="52" CONTENT="politica" WC="0.97" CC="01000100"/>
						<SP ID="P11_SP01224" HPOS="1958" VPOS="2935" WIDTH="0"/>
						<String ID="word001267" HPOS="1958" VPOS="2883" WIDTH="116" HEIGHT="39" CONTENT="ranch" WC="0.58" CC="77050"/>
						<SP ID="P11_SP01225" HPOS="2074" VPOS="2935" WIDTH="26"/>
						<String ID="word001268" HPOS="2100" VPOS="2882" WIDTH="124" HEIGHT="40" CONTENT=".More" WC="0.56" CC="77222"/>
						<SP ID="P11_SP01226" HPOS="2224" VPOS="2935" WIDTH="18"/>
						<String ID="word001269" HPOS="2242" VPOS="2897" WIDTH="57" HEIGHT="25" CONTENT="so." WC="1.00" CC="000"/>
						<SP ID="P11_SP01227" HPOS="2298" VPOS="2935" WIDTH="58"/>
						<String ID="word001270" HPOS="2356" VPOS="2884" WIDTH="37" HEIGHT="38" CONTENT="It" WC="0.94" CC="10"/>
						<SP ID="P11_SP01228" HPOS="2393" VPOS="2935" WIDTH="20"/>
						<String ID="word001271" HPOS="2413" VPOS="2882" WIDTH="31" HEIGHT="39" CONTENT="is" WC="0.94" CC="01"/>
						<SP ID="P11_SP01229" HPOS="2444" VPOS="2935" WIDTH="17"/>
						<String ID="word001272" HPOS="2460" VPOS="2882" WIDTH="81" HEIGHT="41" CONTENT="said" WC="1.00" CC="0000"/>
						<SP ID="P11_SP01230" HPOS="2542" VPOS="2935" WIDTH="19"/>
						<String ID="word001273" HPOS="2561" VPOS="2881" WIDTH="92" HEIGHT="39" CONTENT="that" WC="1.00" CC="0000"/>
						<SP ID="P11_SP01231" HPOS="2653" VPOS="2935" WIDTH="14"/>
						<String ID="word001274" HPOS="2667" VPOS="2878" WIDTH="65" HEIGHT="39" CONTENT="the" WC="0.96" CC="001"/>
						<SP ID="P11_SP01232" HPOS="2732" VPOS="2935" WIDTH="22"/>
						<String ID="word001275" HPOS="2754" VPOS="2878" WIDTH="176" HEIGHT="41" CONTENT="markers" WC="0.62" CC="4432452"/>
						<SP ID="P11_SP01233" HPOS="2930" VPOS="2935" WIDTH="19"/>
						<String ID="word001276" HPOS="2949" VPOS="2877" WIDTH="51" HEIGHT="44" CONTENT="of" WC="0.89" CC="11"/>
						<SP ID="P11_SP01234" HPOS="3000" VPOS="2935" WIDTH="0"/>
					</TextLine>
					<TextLine ID="P11_TL00139" HPOS="1677" VPOS="2931" WIDTH="1321" HEIGHT="56">
						<String ID="word001277" HPOS="1677" VPOS="2936" WIDTH="67" HEIGHT="39" CONTENT="the" WC="1.00" CC="000"/>
						<SP ID="P11_SP01235" HPOS="1744" VPOS="2975" WIDTH="21"/>
						<String ID="word001278" HPOS="1766" VPOS="2935" WIDTH="146" HEIGHT="39" CONTENT="Brazils" WC="0.73" CC="4045400"/>
						<SP ID="P11_SP01236" HPOS="1912" VPOS="2975" WIDTH="20"/>
						<String ID="word001279" HPOS="1932" VPOS="2936" WIDTH="102" HEIGHT="39" CONTENT="have" WC="1.00" CC="0000"/>
						<SP ID="P11_SP01237" HPOS="2034" VPOS="2975" WIDTH="19"/>
						<String ID="word001280" HPOS="2053" VPOS="2936" WIDTH="99" HEIGHT="39" CONTENT="been" WC="0.97" CC="0100"/>
						<SP ID="P11_SP01238" HPOS="2152" VPOS="2975" WIDTH="17"/>
						<String ID="word001281" HPOS="2169" VPOS="2934" WIDTH="146" HEIGHT="41" CONTENT="almost" WC="1.00" CC="000000"/>
						<SP ID="P11_SP01239" HPOS="2315" VPOS="2975" WIDTH="20"/>
						<String ID="word001282" HPOS="2335" VPOS="2934" WIDTH="154" HEIGHT="53" CONTENT="glutted" WC="1.00" CC="0000000"/>
						<SP ID="P11_SP01240" HPOS="2489" VPOS="2987" WIDTH="21"/>
						<String ID="word001283" HPOS="2510" VPOS="2934" WIDTH="93" HEIGHT="40" CONTENT="with" WC="1.00" CC="0000"/>
						<SP ID="P11_SP01241" HPOS="2603" VPOS="2987" WIDTH="19"/>
						<String ID="word001284" HPOS="2622" VPOS="2933" WIDTH="142" HEIGHT="40" CONTENT="British" WC="0.98" CC="0000100"/>
						<SP ID="P11_SP01242" HPOS="2764" VPOS="2987" WIDTH="21"/>
						<String ID="word001285" HPOS="2785" VPOS="2931" WIDTH="187" HEIGHT="40" CONTENT="merchan" SUBS_TYPE="HypPart1" SUBS_CONTENT="merchandize," WC="0.57" CC="5333333"/>
						<HYP HPOS="2972" VPOS="2931" WIDTH="26" CONTENT="-"/>
					</TextLine>
					<TextLine ID="P11_TL00140" HPOS="1672" VPOS="2982" WIDTH="1325" HEIGHT="56">
						<String ID="word001286" HPOS="1672" VPOS="2988" WIDTH="102" HEIGHT="45" CONTENT="dize," SUBS_TYPE="HypPart2" SUBS_CONTENT="merchandize," WC="0.60" CC="25722"/>
						<SP ID="P11_SP01243" HPOS="1774" VPOS="3033" WIDTH="19"/>
						<String ID="word001287" HPOS="1793" VPOS="2988" WIDTH="72" HEIGHT="38" CONTENT="and" WC="0.89" CC="030"/>
						<SP ID="P11_SP01244" HPOS="1865" VPOS="3033" WIDTH="24"/>
						<String ID="word001288" HPOS="1889" VPOS="2988" WIDTH="89" HEIGHT="38" CONTENT="that" WC="1.00" CC="0000"/>
						<SP ID="P11_SP01245" HPOS="1977" VPOS="3033" WIDTH="30"/>
						<String ID="word001289" HPOS="2007" VPOS="2988" WIDTH="67" HEIGHT="39" CONTENT="the" WC="0.96" CC="001"/>
						<SP ID="P11_SP01246" HPOS="2074" VPOS="3033" WIDTH="19"/>
						<String ID="word001290" HPOS="2093" VPOS="2988" WIDTH="278" HEIGHT="39" CONTENT="Goiernment" WC="0.71" CC="2272223222"/>
						<SP ID="P11_SP01247" HPOS="2370" VPOS="3033" WIDTH="20"/>
						<String ID="word001291" HPOS="2391" VPOS="2987" WIDTH="71" HEIGHT="39" CONTENT="has" WC="1.00" CC="000"/>
						<SP ID="P11_SP01248" HPOS="2461" VPOS="3033" WIDTH="17"/>
						<String ID="word001292" HPOS="2478" VPOS="2992" WIDTH="71" HEIGHT="34" CONTENT="not" WC="1.00" CC="000"/>
						<SP ID="P11_SP01249" HPOS="2549" VPOS="3033" WIDTH="25"/>
						<String ID="word001293" HPOS="2574" VPOS="2986" WIDTH="118" HEIGHT="52" CONTENT="given" WC="0.98" CC="00001"/>
						<SP ID="P11_SP01250" HPOS="2692" VPOS="3038" WIDTH="30"/>
						<String ID="word001294" HPOS="2721" VPOS="2983" WIDTH="66" HEIGHT="40" CONTENT="the" WC="1.00" CC="000"/>
						<SP ID="P11_SP01251" HPOS="2787" VPOS="3038" WIDTH="22"/>
						<String ID="word001295" HPOS="2810" VPOS="2982" WIDTH="187" HEIGHT="43" CONTENT="facilities" WC="0.85" CC="1412011102"/>
						<SP ID="P11_SP01252" HPOS="2996" VPOS="3038" WIDTH="0"/>
					</TextLine>
					<TextLine ID="P11_TL00141" HPOS="1676" VPOS="3034" WIDTH="1320" HEIGHT="57">
						<String ID="word001296" HPOS="1676" VPOS="3046" WIDTH="40" HEIGHT="40" CONTENT="to" WC="0.50" CC="45"/>
						<SP ID="P11_SP01253" HPOS="1716" VPOS="3086" WIDTH="30"/>
						<String ID="word001297" HPOS="1746" VPOS="3053" WIDTH="224" HEIGHT="26" CONTENT="commerce" WC="0.85" CC="11431001"/>
						<SP ID="P11_SP01254" HPOS="1970" VPOS="3086" WIDTH="26"/>
						<String ID="word001298" HPOS="1996" VPOS="3040" WIDTH="90" HEIGHT="43" CONTENT="that" WC="1.00" CC="0000"/>
						<SP ID="P11_SP01255" HPOS="2086" VPOS="3086" WIDTH="26"/>
						<String ID="word001299" HPOS="2112" VPOS="3053" WIDTH="105" HEIGHT="27" CONTENT="were" WC="1.00" CC="0000"/>
						<SP ID="P11_SP01256" HPOS="2217" VPOS="3086" WIDTH="25"/>
						<String ID="word001300" HPOS="2242" VPOS="3040" WIDTH="210" HEIGHT="51" CONTENT="expected." WC="0.99" CC="000100000"/>
						<SP ID="P11_SP01257" HPOS="2452" VPOS="3091" WIDTH="56"/>
						<String ID="word001301" HPOS="2507" VPOS="3040" WIDTH="73" HEIGHT="37" CONTENT="We" WC="0.83" CC="12"/>
						<SP ID="P11_SP01258" HPOS="2581" VPOS="3091" WIDTH="28"/>
						<String ID="word001302" HPOS="2609" VPOS="3034" WIDTH="99" HEIGHT="50" CONTENT="shall" WC="0.95" CC="10100"/>
						<SP ID="P11_SP01259" HPOS="2708" VPOS="3091" WIDTH="32"/>
						<String ID="word001303" HPOS="2740" VPOS="3044" WIDTH="71" HEIGHT="33" CONTENT="not" WC="1.00" CC="000"/>
						<SP ID="P11_SP01260" HPOS="2811" VPOS="3091" WIDTH="34"/>
						<String ID="word001304" HPOS="2845" VPOS="3050" WIDTH="52" HEIGHT="26" CONTENT="on" WC="1.00" CC="00"/>
						<SP ID="P11_SP01261" HPOS="2897" VPOS="3091" WIDTH="32"/>
						<String ID="word001305" HPOS="2929" VPOS="3038" WIDTH="67" HEIGHT="40" CONTENT="the" WC="1.00" CC="000"/>
						<SP ID="P11_SP01262" HPOS="2996" VPOS="3091" WIDTH="0"/>
					</TextLine>
					<TextLine ID="P11_TL00142" HPOS="1674" VPOS="3089" WIDTH="1324" HEIGHT="57">
						<String ID="word001306" HPOS="1674" VPOS="3092" WIDTH="204" HEIGHT="52" CONTENT="authority" WC="0.83" CC="011151302"/>
						<SP ID="P11_SP01263" HPOS="1878" VPOS="3144" WIDTH="37"/>
						<String ID="word001307" HPOS="1915" VPOS="3092" WIDTH="50" HEIGHT="39" CONTENT="of" WC="1.00" CC="00"/>
						<SP ID="P11_SP01264" HPOS="1964" VPOS="3144" WIDTH="31"/>
						<String ID="word001308" HPOS="1995" VPOS="3092" WIDTH="308" HEIGHT="53" CONTENT="over-sanguine" WC="0.85" CC="1102322010122"/>
						<SP ID="P11_SP01265" HPOS="2303" VPOS="3145" WIDTH="32"/>
						<String ID="word001309" HPOS="2335" VPOS="3092" WIDTH="74" HEIGHT="39" CONTENT="and" WC="0.96" CC="100"/>
						<SP ID="P11_SP01266" HPOS="2409" VPOS="3145" WIDTH="31"/>
						<String ID="word001310" HPOS="2440" VPOS="3089" WIDTH="282" HEIGHT="56" CONTENT="disappointed" WC="0.98" CC="001000001000"/>
						<SP ID="P11_SP01267" HPOS="2722" VPOS="3145" WIDTH="37"/>
						<String ID="word001311" HPOS="2759" VPOS="3093" WIDTH="239" HEIGHT="48" CONTENT="spectators," WC="0.96" CC="11020000000"/>
						<SP ID="P11_SP01268" HPOS="2998" VPOS="3145" WIDTH="0"/>
					</TextLine>
					<TextLine ID="P11_TL00143" HPOS="1676" VPOS="3143" WIDTH="1319" HEIGHT="54">
						<String ID="word001312" HPOS="1676" VPOS="3158" WIDTH="193" HEIGHT="39" CONTENT="presume." WC="0.88" CC="00001305"/>
						<SP ID="P11_SP01269" HPOS="1869" VPOS="3197" WIDTH="22"/>
						<String ID="word001313" HPOS="1891" VPOS="3151" WIDTH="46" HEIGHT="32" CONTENT="to" WC="1.00" CC="00"/>
						<SP ID="P11_SP01270" HPOS="1937" VPOS="3197" WIDTH="38"/>
						<String ID="word001314" HPOS="1975" VPOS="3145" WIDTH="158" HEIGHT="52" CONTENT="arraign" WC="0.97" CC="0001010"/>
						<SP ID="P11_SP01271" HPOS="2133" VPOS="3197" WIDTH="32"/>
						<String ID="word001315" HPOS="2165" VPOS="3145" WIDTH="70" HEIGHT="46" CONTENT="the" WC="0.70" CC="170"/>
						<SP ID="P11_SP01272" HPOS="2235" VPOS="3197" WIDTH="31"/>
						<String ID="word001316" HPOS="2265" VPOS="3144" WIDTH="129" HEIGHT="53" CONTENT="policy" WC="0.96" CC="010010"/>
						<SP ID="P11_SP01273" HPOS="2394" VPOS="3197" WIDTH="32"/>
						<String ID="word001317" HPOS="2426" VPOS="3143" WIDTH="48" HEIGHT="40" CONTENT="of" WC="1.00" CC="00"/>
						<SP ID="P11_SP01274" HPOS="2474" VPOS="3197" WIDTH="22"/>
						<String ID="word001318" HPOS="2497" VPOS="3144" WIDTH="69" HEIGHT="40" CONTENT="the" WC="1.00" CC="000"/>
						<SP ID="P11_SP01275" HPOS="2565" VPOS="3197" WIDTH="27"/>
						<String ID="word001319" HPOS="2593" VPOS="3143" WIDTH="202" HEIGHT="51" CONTENT="emigrant" WC="0.94" CC="00010030"/>
						<SP ID="P11_SP01276" HPOS="2794" VPOS="3197" WIDTH="17"/>
						<String ID="word001320" HPOS="2811" VPOS="3144" WIDTH="158" HEIGHT="39" CONTENT="Govern" SUBS_TYPE="HypPart1" SUBS_CONTENT="Government," WC="0.90" CC="031000"/>
						<HYP HPOS="2969" VPOS="3144" WIDTH="26" CONTENT="-"/>
					</TextLine>
					<TextLine ID="P11_TL00144" HPOS="1677" VPOS="3193" WIDTH="1322" HEIGHT="57">
						<String ID="word001321" HPOS="1677" VPOS="3202" WIDTH="122" HEIGHT="39" CONTENT="ment," SUBS_TYPE="HypPart2" SUBS_CONTENT="Government," WC="0.69" CC="52223"/>
						<SP ID="P11_SP01277" HPOS="1799" VPOS="3241" WIDTH="21"/>
						<String ID="word001322" HPOS="1820" VPOS="3197" WIDTH="126" HEIGHT="39" CONTENT="which" WC="0.89" CC="50000"/>
						<SP ID="P11_SP01278" HPOS="1946" VPOS="3241" WIDTH="17"/>
						<String ID="word001323" HPOS="1963" VPOS="3210" WIDTH="60" HEIGHT="26" CONTENT="we" WC="0.94" CC="01"/>
						<SP ID="P11_SP01279" HPOS="2023" VPOS="3241" WIDTH="17"/>
						<String ID="word001324" HPOS="2040" VPOS="3210" WIDTH="67" HEIGHT="27" CONTENT="are" WC="1.00" CC="000"/>
						<SP ID="P11_SP01280" HPOS="2107" VPOS="3241" WIDTH="19"/>
						<String ID="word001325" HPOS="2126" VPOS="3196" WIDTH="217" HEIGHT="53" CONTENT="persuaded" WC="0.94" CC="000100013"/>
						<SP ID="P11_SP01281" HPOS="2343" VPOS="3249" WIDTH="21"/>
						<String ID="word001326" HPOS="2365" VPOS="3195" WIDTH="78" HEIGHT="41" CONTENT="will" WC="0.86" CC="1022"/>
						<SP ID="P11_SP01282" HPOS="2443" VPOS="3249" WIDTH="19"/>
						<String ID="word001327" HPOS="2461" VPOS="3197" WIDTH="137" HEIGHT="52" CONTENT="acquit" WC="1.00" CC="000000"/>
						<SP ID="P11_SP01283" HPOS="2598" VPOS="3249" WIDTH="19"/>
						<String ID="word001328" HPOS="2617" VPOS="3193" WIDTH="111" HEIGHT="43" CONTENT="itself" WC="0.89" CC="104010"/>
						<SP ID="P11_SP01284" HPOS="2728" VPOS="3249" WIDTH="9"/>
						<String ID="word001329" HPOS="2738" VPOS="3193" WIDTH="50" HEIGHT="41" CONTENT="of" WC="0.72" CC="50"/>
						<SP ID="P11_SP01285" HPOS="2787" VPOS="3249" WIDTH="26"/>
						<String ID="word001330" HPOS="2813" VPOS="3195" WIDTH="80" HEIGHT="39" CONTENT="the" WC="0.74" CC="007"/>
						<SP ID="P11_SP01286" HPOS="2894" VPOS="3249" WIDTH="9"/>
						<String ID="word001331" HPOS="2903" VPOS="3194" WIDTH="96" HEIGHT="40" CONTENT="debt" WC="1.00" CC="0000"/>
						<SP ID="P11_SP01287" HPOS="2999" VPOS="3249" WIDTH="0"/>
					</TextLine>
					<TextLine ID="P11_TL00145" HPOS="1676" VPOS="3242" WIDTH="1325" HEIGHT="59">
						<String ID="word001332" HPOS="1676" VPOS="3249" WIDTH="50" HEIGHT="40" CONTENT="Of" WC="0.67" CC="60"/>
						<SP ID="P11_SP01288" HPOS="1726" VPOS="3289" WIDTH="15"/>
						<String ID="word001333" HPOS="1741" VPOS="3242" WIDTH="222" HEIGHT="59" CONTENT="obligation" WC="0.95" CC="0001010110"/>
						<SP ID="P11_SP01289" HPOS="1963" VPOS="3301" WIDTH="21"/>
						<String ID="word001334" HPOS="1984" VPOS="3249" WIDTH="89" HEIGHT="40" CONTENT="that" WC="1.00" CC="0000"/>
						<SP ID="P11_SP01290" HPOS="2073" VPOS="3301" WIDTH="22"/>
						<String ID="word001335" HPOS="2095" VPOS="3249" WIDTH="32" HEIGHT="41" CONTENT="is" WC="1.00" CC="00"/>
						<SP ID="P11_SP01291" HPOS="2127" VPOS="3301" WIDTH="19"/>
						<String ID="word001336" HPOS="2146" VPOS="3250" WIDTH="78" HEIGHT="38" CONTENT="due" WC="0.96" CC="010"/>
						<SP ID="P11_SP01292" HPOS="2224" VPOS="3301" WIDTH="20"/>
						<String ID="word001337" HPOS="2244" VPOS="3255" WIDTH="41" HEIGHT="33" CONTENT="to" WC="1.00" CC="00"/>
						<SP ID="P11_SP01293" HPOS="2285" VPOS="3301" WIDTH="22"/>
						<String ID="word001338" HPOS="2308" VPOS="3248" WIDTH="196" HEIGHT="53" CONTENT="England." WC="0.97" CC="00010001"/>
						<SP ID="P11_SP01294" HPOS="2504" VPOS="3301" WIDTH="58"/>
						<String ID="word001339" HPOS="2562" VPOS="3247" WIDTH="41" HEIGHT="40" CONTENT="If" WC="0.94" CC="01"/>
						<SP ID="P11_SP01295" HPOS="2603" VPOS="3301" WIDTH="21"/>
						<String ID="word001340" HPOS="2624" VPOS="3260" WIDTH="60" HEIGHT="28" CONTENT="we" WC="0.94" CC="10"/>
						<SP ID="P11_SP01296" HPOS="2685" VPOS="3301" WIDTH="20"/>
						<String ID="word001341" HPOS="2705" VPOS="3259" WIDTH="102" HEIGHT="28" CONTENT="were" WC="1.00" CC="0000"/>
						<SP ID="P11_SP01297" HPOS="2806" VPOS="3301" WIDTH="21"/>
						<String ID="word001342" HPOS="2828" VPOS="3252" WIDTH="43" HEIGHT="34" CONTENT="to" WC="1.00" CC="00"/>
						<SP ID="P11_SP01298" HPOS="2870" VPOS="3301" WIDTH="14"/>
						<String ID="word001343" HPOS="2884" VPOS="3244" WIDTH="117" HEIGHT="43" CONTENT="listen" WC="0.85" CC="312002"/>
						<SP ID="P11_SP01299" HPOS="3001" VPOS="3301" WIDTH="0"/>
					</TextLine>
					<TextLine ID="P11_TL00146" HPOS="1676" VPOS="3299" WIDTH="1273" HEIGHT="56">
						<String ID="word001344" HPOS="1676" VPOS="3308" WIDTH="44" HEIGHT="32" CONTENT="to" WC="1.00" CC="00"/>
						<SP ID="P11_SP01300" HPOS="1720" VPOS="3340" WIDTH="20"/>
						<String ID="word001345" HPOS="1740" VPOS="3302" WIDTH="67" HEIGHT="39" CONTENT="the" WC="1.00" CC="000"/>
						<SP ID="P11_SP01301" HPOS="1807" VPOS="3341" WIDTH="17"/>
						<String ID="word001346" HPOS="1824" VPOS="3302" WIDTH="273" HEIGHT="40" CONTENT="clarnours'of" WC="0.62" CC="333553333433"/>
						<SP ID="P11_SP01302" HPOS="2096" VPOS="3343" WIDTH="22"/>
						<String ID="word001347" HPOS="2119" VPOS="3300" WIDTH="262" HEIGHT="54" CONTENT="speculators," WC="0.99" CC="000000000100"/>
						<SP ID="P11_SP01303" HPOS="2381" VPOS="3354" WIDTH="31"/>
						<String ID="word001348" HPOS="2412" VPOS="3314" WIDTH="61" HEIGHT="26" CONTENT="we" WC="0.89" CC="20"/>
						<SP ID="P11_SP01304" HPOS="2473" VPOS="3354" WIDTH="26"/>
						<String ID="word001349" HPOS="2499" VPOS="3299" WIDTH="145" HEIGHT="41" CONTENT="should" WC="0.98" CC="000010"/>
						<SP ID="P11_SP01305" HPOS="2644" VPOS="3354" WIDTH="34"/>
						<String ID="word001350" HPOS="2679" VPOS="3312" WIDTH="123" HEIGHT="28" CONTENT="never" WC="0.98" CC="00010"/>
						<SP ID="P11_SP01306" HPOS="2802" VPOS="3354" WIDTH="24"/>
						<String ID="word001351" HPOS="2825" VPOS="3299" WIDTH="124" HEIGHT="41" CONTENT="know" WC="0.97" CC="0100"/>
						<SP ID="P11_SP01307" HPOS="2949" VPOS="3354" WIDTH="0"/>
					</TextLine>
					<TextLine ID="P11_TL00147" HPOS="1676" VPOS="3358" WIDTH="325" HEIGHT="50">
						<String ID="word001352" HPOS="1676" VPOS="3358" WIDTH="128" HEIGHT="50" CONTENT="year's" WC="1.00" CC="000000"/>
						<SP ID="P11_SP01308" HPOS="1804" VPOS="3407" WIDTH="18"/>
						<String ID="word001353" HPOS="1821" VPOS="3366" WIDTH="180" HEIGHT="40" CONTENT="repose.." WC="0.86" CC="00000127"/>
						<SP ID="P11_SP01309" HPOS="2001" VPOS="3407" WIDTH="0"/>
					</TextLine>
					<TextLine ID="P11_TL00148" HPOS="1730" VPOS="3393" WIDTH="1274" HEIGHT="68">
						<String ID="word001354" HPOS="1730" VPOS="3407" WIDTH="83" HEIGHT="39" CONTENT="The" WC="0.96" CC="100"/>
						<SP ID="P11_SP01310" HPOS="1813" VPOS="3446" WIDTH="22"/>
						<String ID="word001355" HPOS="1835" VPOS="3406" WIDTH="190" HEIGHT="52" CONTENT="Morning" WC="0.98" CC="0000010"/>
						<SP ID="P11_SP01311" HPOS="2026" VPOS="3458" WIDTH="20"/>
						<String ID="word001356" HPOS="2046" VPOS="3410" WIDTH="86" HEIGHT="35" CONTENT="Star" WC="1.00" CC="0000"/>
						<SP ID="P11_SP01312" HPOS="2132" VPOS="3458" WIDTH="20"/>
						<String ID="word001357" HPOS="2152" VPOS="3405" WIDTH="51" HEIGHT="41" CONTENT="of" WC="1.00" CC="00"/>
						<SP ID="P11_SP01313" HPOS="2203" VPOS="3458" WIDTH="12"/>
						<String ID="word001358" HPOS="2215" VPOS="3405" WIDTH="237" HEIGHT="56" CONTENT="Plymouth," WC="0.97" CC="010001000"/>
						<SP ID="P11_SP01314" HPOS="2452" VPOS="3461" WIDTH="18"/>
						<String ID="word001359" HPOS="2470" VPOS="3405" WIDTH="129" HEIGHT="41" CONTENT="which" WC="0.93" CC="02001"/>
						<SP ID="P11_SP01315" HPOS="2598" VPOS="3461" WIDTH="24"/>
						<String ID="word001360" HPOS="2622" VPOS="3418" WIDTH="80" HEIGHT="26" CONTENT="was" WC="1.00" CC="000"/>
						<SP ID="P11_SP01316" HPOS="2702" VPOS="3461" WIDTH="18"/>
						<String ID="word001361" HPOS="2720" VPOS="3393" WIDTH="223" HEIGHT="66" CONTENT="appointed" WC="0.96" CC="000000300"/>
						<SP ID="P11_SP01317" HPOS="2943" VPOS="3461" WIDTH="18"/>
						<String ID="word001362" HPOS="2961" VPOS="3417" WIDTH="43" HEIGHT="30" CONTENT="as" WC="0.89" CC="11"/>
						<SP ID="P11_SP01318" HPOS="3004" VPOS="3461" WIDTH="0"/>
					</TextLine>
					<TextLine ID="P11_TL00149" HPOS="1680" VPOS="3457" WIDTH="1328" HEIGHT="54">
						<String ID="word001363" HPOS="1680" VPOS="3472" WIDTH="24" HEIGHT="26" CONTENT="a" WC="1.00" CC="0"/>
						<SP ID="P11_SP01319" HPOS="1703" VPOS="3498" WIDTH="20"/>
						<String ID="word001364" HPOS="1723" VPOS="3459" WIDTH="131" HEIGHT="40" CONTENT="Cartel" WC="1.00" CC="000000"/>
						<SP ID="P11_SP01320" HPOS="1854" VPOS="3500" WIDTH="20"/>
						<String ID="word001365" HPOS="1874" VPOS="3464" WIDTH="44" HEIGHT="35" CONTENT="to" WC="1.00" CC="00"/>
						<SP ID="P11_SP01321" HPOS="1918" VPOS="3500" WIDTH="18"/>
						<String ID="word001366" HPOS="1936" VPOS="3472" WIDTH="112" HEIGHT="39" CONTENT="carry" WC="1.00" CC="00000"/>
						<SP ID="P11_SP01322" HPOS="2048" VPOS="3511" WIDTH="20"/>
						<String ID="word001367" HPOS="2068" VPOS="3472" WIDTH="99" HEIGHT="26" CONTENT="over" WC="1.00" CC="0000"/>
						<SP ID="P11_SP01323" HPOS="2167" VPOS="3511" WIDTH="18"/>
						<String ID="word001368" HPOS="2185" VPOS="3462" WIDTH="129" HEIGHT="38" CONTENT="about" WC="1.00" CC="00000"/>
						<SP ID="P11_SP01324" HPOS="2314" VPOS="3511" WIDTH="15"/>
						<String ID="word001369" HPOS="2329" VPOS="3464" WIDTH="149" HEIGHT="35" CONTENT="twenty" WC="0.93" CC="000004"/>
						<SP ID="P11_SP01325" HPOS="2478" VPOS="3511" WIDTH="20"/>
						<String ID="word001370" HPOS="2498" VPOS="3457" WIDTH="151" HEIGHT="43" CONTENT="Franch" WC="0.57" CC="634334"/>
						<SP ID="P11_SP01326" HPOS="2649" VPOS="3511" WIDTH="19"/>
						<String ID="word001371" HPOS="2668" VPOS="3458" WIDTH="237" HEIGHT="48" CONTENT="Gentlemen" WC="0.91" CC="101030110"/>
						<SP ID="P11_SP01327" HPOS="2906" VPOS="3511" WIDTH="21"/>
						<String ID="word001372" HPOS="2927" VPOS="3457" WIDTH="80" HEIGHT="41" CONTENT="and" WC="0.96" CC="001"/>
						<SP ID="P11_SP01328" HPOS="3007" VPOS="3511" WIDTH="0"/>
					</TextLine>
					<TextLine ID="P11_TL00150" HPOS="1682" VPOS="3508" WIDTH="1326" HEIGHT="60">
						<String ID="word001373" HPOS="1682" VPOS="3511" WIDTH="136" HEIGHT="41" CONTENT="Ladies" WC="0.96" CC="010010"/>
						<SP ID="P11_SP01329" HPOS="1818" VPOS="3553" WIDTH="17"/>
						<String ID="word001374" HPOS="1834" VPOS="3517" WIDTH="45" HEIGHT="34" CONTENT="to" WC="1.00" CC="00"/>
						<SP ID="P11_SP01330" HPOS="1879" VPOS="3553" WIDTH="22"/>
						<String ID="word001375" HPOS="1902" VPOS="3511" WIDTH="185" HEIGHT="41" CONTENT="Morlaix." WC="0.93" CC="11011100"/>
						<SP ID="P11_SP01331" HPOS="2087" VPOS="3553" WIDTH="59"/>
						<String ID="word001376" HPOS="2146" VPOS="3515" WIDTH="60" HEIGHT="37" CONTENT="On" WC="1.00" CC="00"/>
						<SP ID="P11_SP01332" HPOS="2206" VPOS="3553" WIDTH="18"/>
						<String ID="word001377" HPOS="2224" VPOS="3513" WIDTH="195" HEIGHT="52" CONTENT="Saturday" WC="0.96" CC="01100001"/>
						<SP ID="P11_SP01333" HPOS="2419" VPOS="3565" WIDTH="22"/>
						<String ID="word001378" HPOS="2441" VPOS="3510" WIDTH="74" HEIGHT="45" CONTENT="last" WC="0.81" CC="5101"/>
						<SP ID="P11_SP01334" HPOS="2516" VPOS="3565" WIDTH="12"/>
						<String ID="word001379" HPOS="2528" VPOS="3510" WIDTH="70" HEIGHT="47" CONTENT="she" WC="1.00" CC="000"/>
						<SP ID="P11_SP01335" HPOS="2597" VPOS="3565" WIDTH="19"/>
						<String ID="word001380" HPOS="2616" VPOS="3516" WIDTH="104" HEIGHT="39" CONTENT="went" WC="0.89" CC="1120"/>
						<SP ID="P11_SP01336" HPOS="2720" VPOS="3565" WIDTH="18"/>
						<String ID="word001381" HPOS="2738" VPOS="3523" WIDTH="53" HEIGHT="45" CONTENT="op" WC="0.33" CC="75"/>
						<SP ID="P11_SP01337" HPOS="2791" VPOS="3568" WIDTH="20"/>
						<String ID="word001382" HPOS="2811" VPOS="3510" WIDTH="89" HEIGHT="47" CONTENT="into" WC="0.94" CC="0101"/>
						<SP ID="P11_SP01338" HPOS="2900" VPOS="3568" WIDTH="19"/>
						<String ID="word001383" HPOS="2919" VPOS="3508" WIDTH="89" HEIGHT="43" CONTENT="Mill" WC="0.94" CC="1010"/>
						<SP ID="P11_SP01339" HPOS="3007" VPOS="3568" WIDTH="0"/>
					</TextLine>
					<TextLine ID="P11_TL00151" HPOS="1683" VPOS="3562" WIDTH="1328" HEIGHT="59">
						<String ID="word001384" HPOS="1683" VPOS="3568" WIDTH="79" HEIGHT="50" CONTENT="Bay" WC="0.93" CC="020"/>
						<SP ID="P11_SP01340" HPOS="1762" VPOS="3618" WIDTH="21"/>
						<String ID="word001385" HPOS="1783" VPOS="3562" WIDTH="63" HEIGHT="43" CONTENT="for" WC="1.00" CC="000"/>
						<SP ID="P11_SP01341" HPOS="1846" VPOS="3618" WIDTH="19"/>
						<String ID="word001386" HPOS="1865" VPOS="3566" WIDTH="70" HEIGHT="38" CONTENT="the" WC="0.96" CC="001"/>
						<SP ID="P11_SP01342" HPOS="1935" VPOS="3618" WIDTH="15"/>
						<String ID="word001387" HPOS="1950" VPOS="3578" WIDTH="170" HEIGHT="41" CONTENT="purpose" WC="0.98" CC="0000010"/>
						<SP ID="P11_SP01343" HPOS="2120" VPOS="3619" WIDTH="19"/>
						<String ID="word001388" HPOS="2139" VPOS="3565" WIDTH="48" HEIGHT="39" CONTENT="of" WC="0.94" CC="01"/>
						<SP ID="P11_SP01344" HPOS="2187" VPOS="3619" WIDTH="15"/>
						<String ID="word001389" HPOS="2203" VPOS="3565" WIDTH="144" HEIGHT="56" CONTENT="taking" WC="0.98" CC="000001"/>
						<SP ID="P11_SP01345" HPOS="2347" VPOS="3620" WIDTH="14"/>
						<String ID="word001390" HPOS="2361" VPOS="3563" WIDTH="111" HEIGHT="43" CONTENT="them" WC="1.00" CC="0000"/>
						<SP ID="P11_SP01346" HPOS="2472" VPOS="3620" WIDTH="18"/>
						<String ID="word001391" HPOS="2490" VPOS="3575" WIDTH="53" HEIGHT="28" CONTENT="on" WC="0.94" CC="01"/>
						<SP ID="P11_SP01347" HPOS="2543" VPOS="3620" WIDTH="14"/>
						<String ID="word001392" HPOS="2557" VPOS="3562" WIDTH="204" HEIGHT="40" CONTENT="board—a" WC="0.90" CC="0100221"/>
						<SP ID="P11_SP01348" HPOS="2761" VPOS="3620" WIDTH="20"/>
						<String ID="word001393" HPOS="2781" VPOS="3568" WIDTH="73" HEIGHT="34" CONTENT="cot" WC="0.96" CC="100"/>
						<SP ID="P11_SP01349" HPOS="2855" VPOS="3620" WIDTH="22"/>
						<String ID="word001394" HPOS="2877" VPOS="3562" WIDTH="133" HEIGHT="41" CONTENT="which" WC="0.98" CC="00001"/>
						<SP ID="P11_SP01350" HPOS="3011" VPOS="3620" WIDTH="0"/>
					</TextLine>
					<TextLine ID="P11_TL00152" HPOS="1683" VPOS="3614" WIDTH="1330" HEIGHT="57">
						<String ID="word001395" HPOS="1683" VPOS="3618" WIDTH="193" HEIGHT="51" CONTENT="belonged" WC="1.00" CC="00000000"/>
						<SP ID="P11_SP01351" HPOS="1876" VPOS="3669" WIDTH="15"/>
						<String ID="word001396" HPOS="1891" VPOS="3622" WIDTH="46" HEIGHT="34" CONTENT="to" WC="1.00" CC="00"/>
						<SP ID="P11_SP01352" HPOS="1937" VPOS="3669" WIDTH="20"/>
						<String ID="word001397" HPOS="1957" VPOS="3630" WIDTH="76" HEIGHT="27" CONTENT="one" WC="1.00" CC="000"/>
						<SP ID="P11_SP01353" HPOS="2033" VPOS="3669" WIDTH="32"/>
						<String ID="word001398" HPOS="2065" VPOS="3618" WIDTH="48" HEIGHT="38" CONTENT="of" WC="0.94" CC="01"/>
						<SP ID="P11_SP01354" HPOS="2113" VPOS="3669" WIDTH="24"/>
						<String ID="word001399" HPOS="2137" VPOS="3618" WIDTH="70" HEIGHT="40" CONTENT="the" WC="1.00" CC="000"/>
						<SP ID="P11_SP01355" HPOS="2206" VPOS="3669" WIDTH="20"/>
						<String ID="word001400" HPOS="2226" VPOS="3631" WIDTH="234" HEIGHT="40" CONTENT="passengers" WC="0.70" CC="2333225223"/>
						<SP ID="P11_SP01356" HPOS="2460" VPOS="3671" WIDTH="27"/>
						<String ID="word001401" HPOS="2487" VPOS="3630" WIDTH="79" HEIGHT="27" CONTENT="was" WC="1.00" CC="000"/>
						<SP ID="P11_SP01357" HPOS="2567" VPOS="3671" WIDTH="19"/>
						<String ID="word001402" HPOS="2585" VPOS="3617" WIDTH="40" HEIGHT="39" CONTENT="in" WC="1.00" CC="00"/>
						<SP ID="P11_SP01358" HPOS="2626" VPOS="3671" WIDTH="21"/>
						<String ID="word001403" HPOS="2647" VPOS="3614" WIDTH="86" HEIGHT="41" CONTENT="Mill" WC="0.97" CC="1000"/>
						<SP ID="P11_SP01359" HPOS="2733" VPOS="3671" WIDTH="17"/>
						<String ID="word001404" HPOS="2750" VPOS="3617" WIDTH="163" HEIGHT="45" CONTENT="Prison," WC="1.00" CC="0000000"/>
						<SP ID="P11_SP01360" HPOS="2913" VPOS="3671" WIDTH="20"/>
						<String ID="word001405" HPOS="2933" VPOS="3614" WIDTH="80" HEIGHT="43" CONTENT="and" WC="0.93" CC="110"/>
						<SP ID="P11_SP01361" HPOS="3013" VPOS="3671" WIDTH="0"/>
					</TextLine>
					<TextLine ID="P11_TL00153" HPOS="1684" VPOS="3661" WIDTH="1329" HEIGHT="62">
						<String ID="word001406" HPOS="1684" VPOS="3684" WIDTH="77" HEIGHT="26" CONTENT="was" WC="0.78" CC="303"/>
						<SP ID="P11_SP01362" HPOS="1761" VPOS="3710" WIDTH="33"/>
						<String ID="word001407" HPOS="1794" VPOS="3676" WIDTH="45" HEIGHT="35" CONTENT="to" WC="1.00" CC="00"/>
						<SP ID="P11_SP01363" HPOS="1839" VPOS="3711" WIDTH="30"/>
						<String ID="word001408" HPOS="1869" VPOS="3672" WIDTH="51" HEIGHT="38" CONTENT="be" WC="1.00" CC="00"/>
						<SP ID="P11_SP01364" HPOS="1919" VPOS="3711" WIDTH="34"/>
						<String ID="word001409" HPOS="1954" VPOS="3670" WIDTH="122" HEIGHT="44" CONTENT="taken" WC="0.95" CC="00011"/>
						<SP ID="P11_SP01365" HPOS="2075" VPOS="3713" WIDTH="33"/>
						<String ID="word001410" HPOS="2108" VPOS="3674" WIDTH="46" HEIGHT="34" CONTENT="to" WC="1.00" CC="00"/>
						<SP ID="P11_SP01366" HPOS="2154" VPOS="3713" WIDTH="38"/>
						<String ID="word001411" HPOS="2192" VPOS="3661" WIDTH="126" HEIGHT="61" CONTENT="Sandy" WC="0.78" CC="00550"/>
						<SP ID="P11_SP01367" HPOS="2319" VPOS="3723" WIDTH="31"/>
						<String ID="word001412" HPOS="2349" VPOS="3672" WIDTH="110" HEIGHT="39" CONTENT="Cove" WC="0.69" CC="5222"/>
						<SP ID="P11_SP01368" HPOS="2459" VPOS="3723" WIDTH="18"/>
						<String ID="word001413" HPOS="2477" VPOS="3669" WIDTH="143" HEIGHT="46" CONTENT="beach," WC="0.89" CC="006000"/>
						<SP ID="P11_SP01369" HPOS="2620" VPOS="3723" WIDTH="30"/>
						<String ID="word001414" HPOS="2649" VPOS="3673" WIDTH="45" HEIGHT="33" CONTENT="to" WC="1.00" CC="00"/>
						<SP ID="P11_SP01370" HPOS="2694" VPOS="3723" WIDTH="35"/>
						<String ID="word001415" HPOS="2730" VPOS="3669" WIDTH="50" HEIGHT="40" CONTENT="be" WC="1.00" CC="00" STYLEREFS="TXT_5"/>
						<SP ID="P11_SP01371" HPOS="2779" VPOS="3723" WIDTH="30"/>
						<String ID="word001416" HPOS="2809" VPOS="3667" WIDTH="126" HEIGHT="45" CONTENT="taken" WC="0.98" CC="01000"/>
						<SP ID="P11_SP01372" HPOS="2935" VPOS="3723" WIDTH="21"/>
						<String ID="word001417" HPOS="2956" VPOS="3680" WIDTH="57" HEIGHT="27" CONTENT="on" WC="0.67" CC="06"/>
						<SP ID="P11_SP01373" HPOS="3013" VPOS="3723" WIDTH="0"/>
					</TextLine>
					<TextLine ID="P11_TL00154" HPOS="1683" VPOS="3713" WIDTH="1329" HEIGHT="64">
						<String ID="word001418" HPOS="1683" VPOS="3713" WIDTH="143" HEIGHT="51" CONTENT="board." WC="0.98" CC="100000"/>
						<SP ID="P11_SP01374" HPOS="1826" VPOS="3764" WIDTH="57"/>
						<String ID="word001419" HPOS="1883" VPOS="3728" WIDTH="35" HEIGHT="37" CONTENT="A" WC="1.00" CC="0"/>
						<SP ID="P11_SP01375" HPOS="1918" VPOS="3764" WIDTH="35"/>
						<String ID="word001420" HPOS="1954" VPOS="3728" WIDTH="135" HEIGHT="48" CONTENT="potter" WC="0.85" CC="105110"/>
						<SP ID="P11_SP01376" HPOS="2088" VPOS="3776" WIDTH="28"/>
						<String ID="word001421" HPOS="2117" VPOS="3723" WIDTH="124" HEIGHT="54" CONTENT="being" WC="0.69" CC="22352"/>
						<SP ID="P11_SP01377" HPOS="2241" VPOS="3777" WIDTH="30"/>
						<String ID="word001422" HPOS="2270" VPOS="3723" WIDTH="213" HEIGHT="53" CONTENT="employed" WC="0.93" CC="01100120"/>
						<SP ID="P11_SP01378" HPOS="2483" VPOS="3777" WIDTH="21"/>
						<String ID="word001423" HPOS="2504" VPOS="3736" WIDTH="52" HEIGHT="25" CONTENT="on" WC="1.00" CC="00"/>
						<SP ID="P11_SP01379" HPOS="2556" VPOS="3777" WIDTH="33"/>
						<String ID="word001424" HPOS="2589" VPOS="3722" WIDTH="72" HEIGHT="39" CONTENT="the" WC="0.96" CC="010"/>
						<SP ID="P11_SP01380" HPOS="2661" VPOS="3777" WIDTH="19"/>
						<String ID="word001425" HPOS="2680" VPOS="3722" WIDTH="208" HEIGHT="52" CONTENT="occasion," WC="0.93" CC="000002004"/>
						<SP ID="P11_SP01381" HPOS="2888" VPOS="3777" WIDTH="18"/>
						<String ID="word001426" HPOS="2906" VPOS="3719" WIDTH="106" HEIGHT="43" CONTENT="took" WC="1.00" CC="0000"/>
						<SP ID="P11_SP01382" HPOS="3012" VPOS="3777" WIDTH="0"/>
					</TextLine>
					<TextLine ID="P11_TL00155" HPOS="1687" VPOS="3772" WIDTH="1326" HEIGHT="54">
						<String ID="word001427" HPOS="1687" VPOS="3777" WIDTH="67" HEIGHT="39" CONTENT="the" WC="1.00" CC="000"/>
						<SP ID="P11_SP01383" HPOS="1754" VPOS="3816" WIDTH="18"/>
						<String ID="word001428" HPOS="1772" VPOS="3781" WIDTH="66" HEIGHT="34" CONTENT="cot" WC="1.00" CC="000"/>
						<SP ID="P11_SP01384" HPOS="1838" VPOS="3816" WIDTH="31"/>
						<String ID="word001429" HPOS="1869" VPOS="3777" WIDTH="96" HEIGHT="38" CONTENT="with" WC="0.92" CC="0300"/>
						<SP ID="P11_SP01385" HPOS="1964" VPOS="3816" WIDTH="39"/>
						<String ID="word001430" HPOS="2003" VPOS="3776" WIDTH="52" HEIGHT="39" CONTENT="its" WC="1.00" CC="000"/>
						<SP ID="P11_SP01386" HPOS="2055" VPOS="3816" WIDTH="20"/>
						<String ID="word001431" HPOS="2075" VPOS="3780" WIDTH="187" HEIGHT="37" CONTENT="contents" WC="0.99" CC="00001000"/>
						<SP ID="P11_SP01387" HPOS="2262" VPOS="3816" WIDTH="24"/>
						<String ID="word001432" HPOS="2285" VPOS="3784" WIDTH="51" HEIGHT="31" CONTENT="on" WC="0.94" CC="10"/>
						<SP ID="P11_SP01388" HPOS="2336" VPOS="3816" WIDTH="39"/>
						<String ID="word001433" HPOS="2375" VPOS="3775" WIDTH="63" HEIGHT="39" CONTENT="his" WC="0.96" CC="001"/>
						<SP ID="P11_SP01389" HPOS="2438" VPOS="3816" WIDTH="34"/>
						<String ID="word001434" HPOS="2472" VPOS="3772" WIDTH="123" HEIGHT="48" CONTENT="back," WC="0.98" CC="01000"/>
						<SP ID="P11_SP01390" HPOS="2595" VPOS="3821" WIDTH="21"/>
						<String ID="word001435" HPOS="2616" VPOS="3772" WIDTH="85" HEIGHT="40" CONTENT="and" WC="0.96" CC="001"/>
						<SP ID="P11_SP01391" HPOS="2701" VPOS="3821" WIDTH="30"/>
						<String ID="word001436" HPOS="2731" VPOS="3772" WIDTH="77" HEIGHT="40" CONTENT="had" WC="1.00" CC="000"/>
						<SP ID="P11_SP01392" HPOS="2807" VPOS="3821" WIDTH="17"/>
						<String ID="word001437" HPOS="2824" VPOS="3777" WIDTH="73" HEIGHT="35" CONTENT="not" WC="1.00" CC="000"/>
						<SP ID="P11_SP01393" HPOS="2897" VPOS="3821" WIDTH="20"/>
						<String ID="word001438" HPOS="2917" VPOS="3785" WIDTH="72" HEIGHT="41" CONTENT="pro" SUBS_TYPE="HypPart1" SUBS_CONTENT="proceeded" WC="0.94" CC="000"/>
						<HYP HPOS="2989" VPOS="3785" WIDTH="24" CONTENT="-"/>
					</TextLine>
					<TextLine ID="P11_TL00156" HPOS="1687" VPOS="3826" WIDTH="1329" HEIGHT="54">
						<String ID="word001439" HPOS="1687" VPOS="3829" WIDTH="144" HEIGHT="39" CONTENT="ceeded" SUBS_TYPE="HypPart2" SUBS_CONTENT="proceeded" WC="0.76" CC="322222"/>
						<SP ID="P11_SP01394" HPOS="1831" VPOS="3868" WIDTH="20"/>
						<String ID="word001440" HPOS="1851" VPOS="3828" WIDTH="67" HEIGHT="40" CONTENT="far" WC="1.00" CC="000"/>
						<SP ID="P11_SP01395" HPOS="1918" VPOS="3868" WIDTH="19"/>
						<String ID="word001441" HPOS="1937" VPOS="3828" WIDTH="137" HEIGHT="40" CONTENT="before" WC="1.00" CC="000000"/>
						<SP ID="P11_SP01396" HPOS="2074" VPOS="3868" WIDTH="20"/>
						<String ID="word001442" HPOS="2094" VPOS="3829" WIDTH="52" HEIGHT="39" CONTENT="he" WC="1.00" CC="00"/>
						<SP ID="P11_SP01397" HPOS="2146" VPOS="3868" WIDTH="30"/>
						<String ID="word001443" HPOS="2176" VPOS="3828" WIDTH="326" HEIGHT="52" CONTENT="felt-something" WC="0.88" CC="10126300000011"/>
						<SP ID="P11_SP01398" HPOS="2502" VPOS="3880" WIDTH="25"/>
						<String ID="word001444" HPOS="2526" VPOS="3839" WIDTH="123" HEIGHT="30" CONTENT="move" WC="1.00" CC="0000"/>
						<SP ID="P11_SP01399" HPOS="2649" VPOS="3880" WIDTH="21"/>
						<String ID="word001445" HPOS="2670" VPOS="3826" WIDTH="135" HEIGHT="41" CONTENT="within" WC="0.96" CC="000101"/>
						<SP ID="P11_SP01400" HPOS="2805" VPOS="3880" WIDTH="19"/>
						<String ID="word001446" HPOS="2824" VPOS="3826" WIDTH="129" HEIGHT="39" CONTENT="which" WC="1.00" CC="00000"/>
						<SP ID="P11_SP01401" HPOS="2953" VPOS="3880" WIDTH="15"/>
						<String ID="word001447" HPOS="2968" VPOS="3840" WIDTH="47" HEIGHT="27" CONTENT="so" WC="1.00" CC="00"/>
						<SP ID="P11_SP01402" HPOS="3015" VPOS="3880" WIDTH="0"/>
					</TextLine>
					<TextLine ID="P11_TL00157" HPOS="1690" VPOS="3878" WIDTH="1328" HEIGHT="54">
						<String ID="word001448" HPOS="1690" VPOS="3882" WIDTH="116" HEIGHT="43" CONTENT="much" WC="0.94" CC="1010"/>
						<SP ID="P11_SP01403" HPOS="1806" VPOS="3925" WIDTH="39"/>
						<String ID="word001449" HPOS="1845" VPOS="3881" WIDTH="180" HEIGHT="40" CONTENT="alarmed" WC="1.00" CC="0000000"/>
						<SP ID="P11_SP01404" HPOS="2024" VPOS="3925" WIDTH="31"/>
						<String ID="word001450" HPOS="2055" VPOS="3881" WIDTH="81" HEIGHT="40" CONTENT="him" WC="1.00" CC="000"/>
						<SP ID="P11_SP01405" HPOS="2137" VPOS="3925" WIDTH="18"/>
						<String ID="word001451" HPOS="2154" VPOS="3881" WIDTH="92" HEIGHT="43" CONTENT="that" WC="0.92" CC="0300"/>
						<SP ID="P11_SP01406" HPOS="2246" VPOS="3925" WIDTH="30"/>
						<String ID="word001452" HPOS="2276" VPOS="3881" WIDTH="51" HEIGHT="40" CONTENT="he" WC="0.94" CC="01"/>
						<SP ID="P11_SP01407" HPOS="2327" VPOS="3925" WIDTH="33"/>
						<String ID="word001453" HPOS="2360" VPOS="3879" WIDTH="280" HEIGHT="53" CONTENT="itnmediately" WC="0.55" CC="455333343448"/>
						<SP ID="P11_SP01408" HPOS="2640" VPOS="3932" WIDTH="21"/>
						<String ID="word001454" HPOS="2661" VPOS="3880" WIDTH="125" HEIGHT="39" CONTENT="threw" WC="0.98" CC="00001"/>
						<SP ID="P11_SP01409" HPOS="2786" VPOS="3932" WIDTH="34"/>
						<String ID="word001455" HPOS="2820" VPOS="3879" WIDTH="33" HEIGHT="39" CONTENT="it" WC="1.00" CC="00"/>
						<SP ID="P11_SP01410" HPOS="2854" VPOS="3932" WIDTH="24"/>
						<String ID="word001456" HPOS="2877" VPOS="3878" WIDTH="64" HEIGHT="41" CONTENT="off" WC="0.59" CC="155"/>
						<SP ID="P11_SP01411" HPOS="2941" VPOS="3932" WIDTH="13"/>
						<String ID="word001457" HPOS="2954" VPOS="3879" WIDTH="64" HEIGHT="41" CONTENT="his" WC="0.78" CC="015"/>
						<SP ID="P11_SP01412" HPOS="3018" VPOS="3932" WIDTH="0"/>
					</TextLine>
					<TextLine ID="P11_TL00158" HPOS="1656" VPOS="3928" WIDTH="1361" HEIGHT="71">
						<String ID="word001458" HPOS="1656" VPOS="3964" WIDTH="14" HEIGHT="35" CONTENT="4" STYLE="subscript" WC="0.22" CC="7"/>
						<SP ID="P11_SP01413" HPOS="1670" VPOS="3999" WIDTH="19"/>
						<String ID="word001459" HPOS="1689" VPOS="3928" WIDTH="103" HEIGHT="50" CONTENT="back" WC="0.86" CC="4100"/>
						<SP ID="P11_SP01414" HPOS="1792" VPOS="3999" WIDTH="34"/>
						<String ID="word001460" HPOS="1826" VPOS="3934" WIDTH="79" HEIGHT="39" CONTENT="and" WC="1.00" CC="000"/>
						<SP ID="P11_SP01415" HPOS="1905" VPOS="3999" WIDTH="34"/>
						<String ID="word001461" HPOS="1939" VPOS="3933" WIDTH="123" HEIGHT="40" CONTENT="made" WC="1.00" CC="0000"/>
						<SP ID="P11_SP01416" HPOS="2062" VPOS="3999" WIDTH="15"/>
						<String ID="word001462" HPOS="2078" VPOS="3933" WIDTH="70" HEIGHT="40" CONTENT="off." WC="1.00" CC="0000"/>
						<SP ID="P11_SP01417" HPOS="2147" VPOS="3999" WIDTH="58"/>
						<String ID="word001463" HPOS="2205" VPOS="3937" WIDTH="119" HEIGHT="37" CONTENT="Some" WC="1.00" CC="0000"/>
						<SP ID="P11_SP01418" HPOS="2324" VPOS="3999" WIDTH="31"/>
						<String ID="word001464" HPOS="2355" VPOS="3933" WIDTH="167" HEIGHT="40" CONTENT="soldiers" WC="1.00" CC="00000000"/>
						<SP ID="P11_SP01419" HPOS="2522" VPOS="3999" WIDTH="22"/>
						<String ID="word001465" HPOS="2544" VPOS="3932" WIDTH="105" HEIGHT="40" CONTENT="beim'" WC="0.61" CC="00067"/>
						<String ID="word001466" HPOS="2649" VPOS="3932" WIDTH="21" HEIGHT="40" CONTENT="," STYLE="superscript" WC="0.61" CC="8"/>
						<SP ID="P11_SP01420" HPOS="2670" VPOS="3999" WIDTH="27"/>
						<String ID="word001467" HPOS="2698" VPOS="3931" WIDTH="163" HEIGHT="40" CONTENT="witness" WC="0.78" CC="2303114"/>
						<String ID="word001468" HPOS="2868" VPOS="3937" WIDTH="18" HEIGHT="34" CONTENT="-" STYLE="superscript" WC="0.81" CC="5"/>
						<String ID="word001469" HPOS="2885" VPOS="3937" WIDTH="38" HEIGHT="34" CONTENT="to" WC="0.81" CC="00"/>
						<SP ID="P11_SP01421" HPOS="2923" VPOS="3999" WIDTH="20"/>
						<String ID="word001470" HPOS="2943" VPOS="3932" WIDTH="73" HEIGHT="39" CONTENT="the" WC="0.93" CC="110" STYLEREFS="TXT_5"/>
						<SP ID="P11_SP01422" HPOS="3017" VPOS="3999" WIDTH="0"/>
					</TextLine>
					<TextLine ID="P11_TL00159" HPOS="1689" VPOS="3979" WIDTH="1328" HEIGHT="60">
						<String ID="word001471" HPOS="1689" VPOS="3987" WIDTH="261" HEIGHT="45" CONTENT="transaction," WC="0.98" CC="000010000001"/>
						<SP ID="P11_SP01423" HPOS="1950" VPOS="4032" WIDTH="32"/>
						<String ID="word001472" HPOS="1982" VPOS="3986" WIDTH="72" HEIGHT="39" CONTENT="and" WC="0.96" CC="100"/>
						<SP ID="P11_SP01424" HPOS="2054" VPOS="4032" WIDTH="20"/>
						<String ID="word001473" HPOS="2074" VPOS="3986" WIDTH="137" HEIGHT="52" CONTENT="seeing" WC="0.98" CC="000010"/>
						<SP ID="P11_SP01425" HPOS="2211" VPOS="4038" WIDTH="35"/>
						<String ID="word001474" HPOS="2246" VPOS="3987" WIDTH="70" HEIGHT="39" CONTENT="the" WC="1.00" CC="000"/>
						<SP ID="P11_SP01426" HPOS="2316" VPOS="4038" WIDTH="34"/>
						<String ID="word001475" HPOS="2350" VPOS="3991" WIDTH="142" HEIGHT="48" CONTENT="porter" WC="0.98" CC="000010"/>
						<SP ID="P11_SP01427" HPOS="2492" VPOS="4039" WIDTH="19"/>
						<String ID="word001476" HPOS="2511" VPOS="3996" WIDTH="144" HEIGHT="43" CONTENT="escape" WC="1.00" CC="000000"/>
						<SP ID="P11_SP01428" HPOS="2655" VPOS="4039" WIDTH="37"/>
						<String ID="word001477" HPOS="2692" VPOS="3979" WIDTH="92" HEIGHT="44" CONTENT="with" WC="0.97" CC="0001"/>
						<SP ID="P11_SP01429" HPOS="2784" VPOS="4039" WIDTH="34"/>
						<String ID="word001478" HPOS="2818" VPOS="3997" WIDTH="45" HEIGHT="28" CONTENT="so" WC="1.00" CC="00"/>
						<SP ID="P11_SP01430" HPOS="2863" VPOS="4039" WIDTH="31"/>
						<String ID="word001479" HPOS="2894" VPOS="3983" WIDTH="123" HEIGHT="43" CONTENT="much" WC="1.00" CC="0000"/>
						<SP ID="P11_SP01431" HPOS="3017" VPOS="4039" WIDTH="0"/>
					</TextLine>
					<TextLine ID="P11_TL00160" HPOS="1689" VPOS="4033" WIDTH="1125" HEIGHT="61">
						<String ID="word001480" HPOS="1689" VPOS="4039" WIDTH="156" HEIGHT="54" CONTENT="agility." WC="0.96" CC="30000000"/>
						<SP ID="P11_SP01432" HPOS="1845" VPOS="4094" WIDTH="20"/>
						<String ID="word001481" HPOS="1865" VPOS="4038" WIDTH="236" HEIGHT="56" CONTENT="proceeded" WC="0.88" CC="001005013"/>
						<SP ID="P11_SP01433" HPOS="2101" VPOS="4094" WIDTH="0"/>
						<String ID="word001482" HPOS="2101" VPOS="4044" WIDTH="46" HEIGHT="34" CONTENT="to" WC="0.89" CC="11"/>
						<SP ID="P11_SP01434" HPOS="2147" VPOS="4094" WIDTH="18"/>
						<String ID="word001483" HPOS="2165" VPOS="4046" WIDTH="105" HEIGHT="46" CONTENT="open" WC="0.83" CC="5001"/>
						<SP ID="P11_SP01435" HPOS="2270" VPOS="4094" WIDTH="21"/>
						<String ID="word001484" HPOS="2291" VPOS="4039" WIDTH="48" HEIGHT="46" CONTENT="it," WC="1.00" CC="000"/>
						<SP ID="P11_SP01436" HPOS="2340" VPOS="4094" WIDTH="20"/>
						<String ID="word001485" HPOS="2360" VPOS="4033" WIDTH="78" HEIGHT="44" CONTENT="and" WC="1.00" CC="000"/>
						<SP ID="P11_SP01437" HPOS="2438" VPOS="4094" WIDTH="19"/>
						<String ID="word001486" HPOS="2457" VPOS="4041" WIDTH="28" HEIGHT="37" CONTENT="it" WC="1.00" CC="00"/>
						<SP ID="P11_SP01438" HPOS="2485" VPOS="4094" WIDTH="20"/>
						<String ID="word001487" HPOS="2505" VPOS="4037" WIDTH="156" HEIGHT="53" CONTENT="proved" WC="1.00" CC="000000"/>
						<SP ID="P11_SP01439" HPOS="2661" VPOS="4094" WIDTH="20"/>
						<String ID="word001488" HPOS="2681" VPOS="4041" WIDTH="43" HEIGHT="37" CONTENT="to" WC="1.00" CC="00"/>
						<SP ID="P11_SP01440" HPOS="2724" VPOS="4094" WIDTH="19"/>
						<String ID="word001489" HPOS="2743" VPOS="4037" WIDTH="71" HEIGHT="40" CONTENT="he" WC="0.83" CC="12"/>
						<SP ID="P11_SP01441" HPOS="2813" VPOS="4094" WIDTH="0"/>
					</TextLine>
					<TextLine ID="P11_TL00161" HPOS="2798" VPOS="4036" WIDTH="220" HEIGHT="46">
						<String ID="word001490" HPOS="2798" VPOS="4049" WIDTH="40" HEIGHT="33" CONTENT=".a" WC="0.67" CC="51" STYLEREFS="TXT_5"/>
						<SP ID="P11_SP01442" HPOS="2838" VPOS="4082" WIDTH="21"/>
						<String ID="word001491" HPOS="2859" VPOS="4036" WIDTH="158" HEIGHT="43" CONTENT="French" WC="1.00" CC="000000"/>
						<SP ID="P11_SP01443" HPOS="3018" VPOS="4082" WIDTH="0"/>
					</TextLine>
					<TextLine ID="P11_TL00162" HPOS="1690" VPOS="4088" WIDTH="1328" HEIGHT="59">
						<String ID="word001492" HPOS="1690" VPOS="4094" WIDTH="176" HEIGHT="53" CONTENT="prisoner" WC="0.99" CC="00001000"/>
						<SP ID="P11_SP01444" HPOS="1866" VPOS="4147" WIDTH="14"/>
						<String ID="word001493" HPOS="1880" VPOS="4104" WIDTH="96" HEIGHT="41" CONTENT="very" WC="0.92" CC="2001"/>
						<SP ID="P11_SP01445" HPOS="1976" VPOS="4147" WIDTH="19"/>
						<String ID="word001494" HPOS="1995" VPOS="4090" WIDTH="174" HEIGHT="53" CONTENT="securely" WC="0.97" CC="00010100"/>
						<SP ID="P11_SP01446" HPOS="2169" VPOS="4147" WIDTH="21"/>
						<String ID="word001495" HPOS="2190" VPOS="4093" WIDTH="126" HEIGHT="40" CONTENT="sewed" WC="0.95" CC="00011"/>
						<SP ID="P11_SP01447" HPOS="2316" VPOS="4147" WIDTH="21"/>
						<String ID="word001496" HPOS="2337" VPOS="4103" WIDTH="70" HEIGHT="41" CONTENT="up," WC="0.96" CC="100"/>
						<SP ID="P11_SP01448" HPOS="2407" VPOS="4147" WIDTH="38"/>
						<String ID="word001497" HPOS="2445" VPOS="4090" WIDTH="94" HEIGHT="39" CONTENT="with" WC="0.94" CC="1100"/>
						<SP ID="P11_SP01449" HPOS="2539" VPOS="4147" WIDTH="22"/>
						<String ID="word001498" HPOS="2562" VPOS="4103" WIDTH="20" HEIGHT="26" CONTENT="a" WC="1.00" CC="0"/>
						<SP ID="P11_SP01450" HPOS="2582" VPOS="4147" WIDTH="14"/>
						<String ID="word001499" HPOS="2596" VPOS="4089" WIDTH="98" HEIGHT="46" CONTENT="hole" WC="0.92" CC="1101"/>
						<SP ID="P11_SP01451" HPOS="2694" VPOS="4147" WIDTH="13"/>
						<String ID="word001500" HPOS="2707" VPOS="4089" WIDTH="120" HEIGHT="40" CONTENT="made" WC="0.69" CC="2252" STYLEREFS="TXT_5"/>
						<SP ID="P11_SP01452" HPOS="2828" VPOS="4147" WIDTH="19"/>
						<String ID="word001501" HPOS="2846" VPOS="4088" WIDTH="66" HEIGHT="47" CONTENT="for" WC="0.63" CC="253" STYLEREFS="TXT_5"/>
						<SP ID="P11_SP01453" HPOS="2913" VPOS="4147" WIDTH="20"/>
						<String ID="word001502" HPOS="2933" VPOS="4089" WIDTH="85" HEIGHT="40" CONTENT="him" WC="0.96" CC="010" STYLEREFS="TXT_5"/>
						<SP ID="P11_SP01454" HPOS="3018" VPOS="4147" WIDTH="0"/>
					</TextLine>
					<TextLine ID="P11_TL00163" HPOS="1690" VPOS="4142" WIDTH="1337" HEIGHT="54">
						<String ID="word001503" HPOS="1690" VPOS="4152" WIDTH="44" HEIGHT="33" CONTENT="to" WC="1.00" CC="00"/>
						<SP ID="P11_SP01455" HPOS="1734" VPOS="4185" WIDTH="21"/>
						<String ID="word001504" HPOS="1755" VPOS="4147" WIDTH="180" HEIGHT="44" CONTENT="breathe." WC="1.00" CC="00000000"/>
						<SP ID="P11_SP01456" HPOS="1935" VPOS="4191" WIDTH="59"/>
						<String ID="word001505" HPOS="1994" VPOS="4148" WIDTH="155" HEIGHT="40" CONTENT="Ile.was" WC="0.54" CC="3556334"/>
						<SP ID="P11_SP01457" HPOS="2148" VPOS="4191" WIDTH="20"/>
						<String ID="word001506" HPOS="2169" VPOS="4143" WIDTH="124" HEIGHT="41" CONTENT="taken" WC="0.98" CC="00010"/>
						<SP ID="P11_SP01458" HPOS="2293" VPOS="4191" WIDTH="37"/>
						<String ID="word001507" HPOS="2329" VPOS="4142" WIDTH="110" HEIGHT="41" CONTENT="from" WC="1.00" CC="0000"/>
						<SP ID="P11_SP01459" HPOS="2439" VPOS="4191" WIDTH="19"/>
						<String ID="word001508" HPOS="2458" VPOS="4143" WIDTH="67" HEIGHT="40" CONTENT="the" WC="1.00" CC="000"/>
						<SP ID="P11_SP01460" HPOS="2525" VPOS="4191" WIDTH="19"/>
						<String ID="word001509" HPOS="2544" VPOS="4148" WIDTH="85" HEIGHT="43" CONTENT="cot," WC="1.00" CC="0000"/>
						<SP ID="P11_SP01461" HPOS="2629" VPOS="4191" WIDTH="39"/>
						<String ID="word001510" HPOS="2668" VPOS="4142" WIDTH="77" HEIGHT="41" CONTENT="and" WC="0.81" CC="050"/>
						<SP ID="P11_SP01462" HPOS="2745" VPOS="4191" WIDTH="18"/>
						<String ID="word001511" HPOS="2763" VPOS="4142" WIDTH="190" HEIGHT="54" CONTENT="guarded" WC="0.98" CC="0100000"/>
						<SP ID="P11_SP01463" HPOS="2953" VPOS="4196" WIDTH="19"/>
						<String ID="word001512" HPOS="2972" VPOS="4147" WIDTH="38" HEIGHT="35" CONTENT="to" SUBS_TYPE="HypPart1" SUBS_CONTENT="tohis" WC="0.94" CC="01"/>
						<HYP HPOS="3009" VPOS="4147" WIDTH="18" CONTENT="-"/>
					</TextLine>
					<TextLine ID="P11_TL00164" HPOS="1690" VPOS="4194" WIDTH="828" HEIGHT="46">
						<String ID="word001513" HPOS="1690" VPOS="4196" WIDTH="61" HEIGHT="44" CONTENT="his" SUBS_TYPE="HypPart2" SUBS_CONTENT="tohis" WC="0.93" CC="200"/>
						<SP ID="P11_SP01464" HPOS="1752" VPOS="4240" WIDTH="18"/>
						<String ID="word001514" HPOS="1769" VPOS="4199" WIDTH="155" HEIGHT="40" CONTENT="former" WC="1.00" CC="000000"/>
						<SP ID="P11_SP01465" HPOS="1924" VPOS="4240" WIDTH="20"/>
						<String ID="word001515" HPOS="1944" VPOS="4194" WIDTH="228" HEIGHT="45" CONTENT="habitation" WC="0.70" CC="3255222222"/>
						<SP ID="P11_SP01466" HPOS="2172" VPOS="4240" WIDTH="20"/>
						<String ID="word001516" HPOS="2192" VPOS="4198" WIDTH="39" HEIGHT="41" CONTENT="in" WC="1.00" CC="00"/>
						<SP ID="P11_SP01467" HPOS="2231" VPOS="4240" WIDTH="20"/>
						<String ID="word001517" HPOS="2251" VPOS="4196" WIDTH="89" HEIGHT="41" CONTENT="Mill" WC="0.92" CC="2010"/>
						<SP ID="P11_SP01468" HPOS="2340" VPOS="4240" WIDTH="22"/>
						<String ID="word001518" HPOS="2362" VPOS="4196" WIDTH="156" HEIGHT="41" CONTENT="Prison." WC="1.00" CC="0000000"/>
						<SP ID="P11_SP01469" HPOS="2518" VPOS="4240" WIDTH="0"/>
					</TextLine>
					<TextLine ID="P11_TL00165" HPOS="1741" VPOS="4245" WIDTH="1224" HEIGHT="63">
						<String ID="word001519" HPOS="1741" VPOS="4254" WIDTH="63" HEIGHT="40" CONTENT="On" WC="1.00" CC="00"/>
						<SP ID="P11_SP01470" HPOS="1804" VPOS="4294" WIDTH="21"/>
						<String ID="word001520" HPOS="1825" VPOS="4245" WIDTH="188" HEIGHT="63" CONTENT="'tnesday" WC="0.53" CC="55555333"/>
						<SP ID="P11_SP01471" HPOS="2013" VPOS="4307" WIDTH="26"/>
						<String ID="word001521" HPOS="2039" VPOS="4251" WIDTH="129" HEIGHT="43" CONTENT="Bread" WC="0.98" CC="01000"/>
						<SP ID="P11_SP01472" HPOS="2167" VPOS="4307" WIDTH="22"/>
						<String ID="word001522" HPOS="2190" VPOS="4264" WIDTH="86" HEIGHT="32" CONTENT="rose" WC="0.72" CC="1333"/>
						<SP ID="P11_SP01473" HPOS="2276" VPOS="4307" WIDTH="20"/>
						<String ID="word001523" HPOS="2296" VPOS="4253" WIDTH="86" HEIGHT="38" CONTENT="One" WC="1.00" CC="000"/>
						<SP ID="P11_SP01474" HPOS="2382" VPOS="4307" WIDTH="20"/>
						<String ID="word001524" HPOS="2402" VPOS="4252" WIDTH="136" HEIGHT="53" CONTENT="Penny" WC="0.95" CC="00110"/>
						<SP ID="P11_SP01475" HPOS="2538" VPOS="4307" WIDTH="21"/>
						<String ID="word001525" HPOS="2559" VPOS="4248" WIDTH="41" HEIGHT="43" CONTENT="in" WC="0.83" CC="03"/>
						<SP ID="P11_SP01476" HPOS="2601" VPOS="4307" WIDTH="19"/>
						<String ID="word001526" HPOS="2620" VPOS="4247" WIDTH="71" HEIGHT="45" CONTENT="the" WC="0.96" CC="100"/>
						<SP ID="P11_SP01477" HPOS="2691" VPOS="4307" WIDTH="17"/>
						<String ID="word001527" HPOS="2707" VPOS="4246" WIDTH="111" HEIGHT="45" CONTENT="Peck" WC="1.00" CC="0000"/>
						<SP ID="P11_SP01478" HPOS="2818" VPOS="4307" WIDTH="31"/>
						<String ID="word001528" HPOS="2849" VPOS="4246" WIDTH="116" HEIGHT="43" CONTENT="Loaf." WC="1.00" CC="00000"/>
						<SP ID="P11_SP01479" HPOS="2965" VPOS="4307" WIDTH="0"/>
					</TextLine>
				</TextBlock>
				<TextBlock ID="P11_TB00008" HPOS="3159" VPOS="133" WIDTH="20" HEIGHT="51" STYLEREFS="TXT_2 PAR_RIGHT">
					<TextLine ID="P11_TL00166" HPOS="3163" VPOS="136" WIDTH="15" HEIGHT="28">
						<String ID="P11_ST01529" HPOS="3163" VPOS="136" WIDTH="15" HEIGHT="28" CONTENT="Al" STYLE="superscript" WC="1.00" CC="99"/>
						<SP ID="P11_SP01480" HPOS="3178" VPOS="164" WIDTH="0"/>
					</TextLine>
				</TextBlock>
				<TextBlock ID="P11_TB00009" HPOS="3246" VPOS="3869" WIDTH="59" HEIGHT="58" STYLEREFS="TXT_2 PAR_RIGHT">
					<TextLine ID="P11_TL00167" HPOS="3246" VPOS="3869" WIDTH="8" HEIGHT="26">
						<String ID="P11_ST01530" HPOS="3246" VPOS="3869" WIDTH="8" HEIGHT="26" CONTENT="[Z" WC="0.50" CC="90"/>
						<SP ID="P11_SP01481" HPOS="3254" VPOS="3895" WIDTH="0"/>
					</TextLine>
				</TextBlock>
			</PrintSpace>
		</Page>
	</Layout>
</alto>
