3472 4417
236 90 220 66 APRIL
489 92 52 51 9.

722 236 370 43 PROVINCIALS.

625 361 322 38 LANCASTER
972 360 223 39 ASSIZES.

658 465 90 28 THE
771 465 93 28 KING
865 465 24 28 ,
908 468 32 24 V.
964 464 196 28 HANSOM.

295 520 91 38 This
405 521 203 47 important
625 519 87 35 trial
731 529 104 27 came
861 529 47 25 on
932 517 124 37 before
1072 519 64 33 Sir
1154 516 124 39 Simon
1298 516 50 35 Le
1367 515 116 37 Blanc
1499 516 69 35 and

244 580 26 26 a.
301 569 141 46 special
476 569 113 44 Jury,
632 578 48 25 on
717 566 227 45 Wednesday
973 565 198 45 se'nnight.
1231 565 81 33 The
1357 563 210 35 Defendant

244 617 146 45 Joseph
422 617 167 40 Hanson,
617 615 89 46 Esq.
741 624 77 25 was
847 612 159 38 indicted
1039 611 59 37 for
1116 612 137 45 having
1270 609 219 47 uulawt'ully
1508 622 43 24 en-

244 664 183 44 couraged
448 676 24 22 a
495 665 152 37 number
660 661 45 34 of
717 670 149 38 persons
886 667 37 27 to
943 660 86 37 riot.

295 711 165 46 Sergeant
478 711 157 44 Pocket
650 707 194 37 addressed
862 707 64 34 the
940 707 94 45 Jury
1046 717 46 24 on
1113 706 63 34 the
1185 709 85 44 part
1286 706 43 34 of
1338 705 63 35 the
1417 705 150 35 Crown.

247 761 38 35 It
302 759 193 46 appeared
514 759 61 33 the
595 767 161 26 weavers
771 754 202 39 assembled
990 754 35 34 in
1042 759 102 39 great
1165 754 163 34 numbers
1345 764 47 21 on
1408 754 59 33 the
1480 754 87 33 2ith

244 807 47 35 of
317 808 107 44 May,
450 817 86 27 near
567 806 255 38 Manchester;
849 802 83 34 that
960 801 60 34 the
1045 806 89 31 next
1168 802 162 43 morning
1357 800 86 45 they
1462 801 106 43 again

244 855 220 37 assembled.
493 855 105 34 much
630 852 182 37 increased
843 850 37 33 in
909 850 164 33 numbers
1090 861 11 27 ;
1129 849 81 33 that
1228 848 71 39 Mr,
1319 847 107 35 Stark
1436 849 46 38 ie,
1508 847 63 33 the

246 904 345 45 gorough-Reeve,
615 906 124 30 strove
772 905 38 28 to
829 895 176 47 persuade
1038 896 98 33 them
1168 904 39 26 to
1230 895 181 45 disperse,
1436 895 63 34 but
1535 895 34 33 in
1586 891 4 58 '

244 952 100 33 vain.
402 951 43 33 In
472 953 63 31 the
552 948 195 34 afternoon
765 946 90 43 they
891 954 93 24 were
1003 943 183 34 increased
1217 947 40 30 to
1280 943 115 34 about
1417 943 151 39 10,000;

244 999 70 37 and
334 999 63 33 the
417 998 252 44 Magistrates,
696 992 180 48 preceded
901 993 48 41 by
966 1002 22 24 a
1019 994 107 40 party
1148 990 44 33 of
1204 986 61 38 the
1294 989 64 35 •lth
1376 989 194 41 dragoons,

246 1056 104 33 came
366 1054 41 26 to
425 1046 63 33 the
506 1044 157 45 ground,
679 1041 69 34 and
764 1041 59 34 the
839 1041 74 32 riot
930 1045 59 27 act
1007 1049 76 24 was
1100 1037 100 37 read.
1252 1037 123 35 About
1385 1036 71 35 this
1468 1036 102 41 time,

248 1095 64 34 the
333 1093 209 37 Defendant
572 1089 152 40 arrived
741 1100 46 22 on
822 1085 237 41 horse-back,
1084 1085 170 33 attended
1284 1085 46 43 by
1352 1084 54 34 his
1420 1094 149 33 groom:

248 1142 45 35 be
311 1146 93 31 went
430 1150 47 34 up
495 1144 39 30 to
555 1137 163 46 Captain
735 1135 170 44 Trafford
921 1133 104 46 (who
1041 1131 235 38 commanded
1294 1133 59 32 the
1370 1130 200 43 dragoons)

247 1191 71 33 and
334 1188 130 41 asked,
494 1187 115 44 might
627 1187 46 32 he
689 1183 115 46 speak
822 1188 39 28 to
880 1182 61 34 the
961 1180 135 47 people
1110 1179 14 34 ?
1170 1179 161 45 Captain
1346 1179 48 34 T.
1414 1179 78 34 said
1509 1183 63 27 not

249 1238 117 38 unless
399 1235 46 34 he
477 1235 107 34 could
614 1231 176 47 persuade
816 1230 99 33 them
948 1233 38 32 to
1018 1228 133 45 depart
1180 1226 198 46 peaceably
1396 1237 11 30 ;
1435 1226 61 33 hut
1527 1225 44 34 he

249 1284 156 45 thonght
426 1284 57 34 his
503 1281 81 46 (the
602 1276 260 44 Defendant's)
882 1286 169 35 presence
1063 1274 123 34 would
1201 1274 144 34 irritate
1355 1273 100 34 them
1473 1285 8 27 ;
1500 1273 69 33 and

249 1331 48 35 he
312 1332 76 34 told
405 1332 90 40 him,
508 1330 79 35 that
604 1330 43 33 he
667 1325 120 37 would
804 1325 125 44 oblige
944 1323 73 35 him
1031 1320 34 37 if
1076 1323 44 34 he
1135 1320 123 34 would
1274 1322 106 35 leave
1391 1320 61 33 the
1470 1320 99 37 field.

249 1370 97 45 This
364 1380 45 33 he
438 1380 63 34 did
530 1383 61 28 not
611 1372 252 44 immediately
879 1383 13 30 ;
919 1371 64 34 but
1005 1380 40 25 as
1063 1369 47 35 he
1128 1368 89 35 rode
1232 1368 109 44 along
1357 1368 61 34 the
1437 1367 133 45 people

254 1427 177 43 huzza'd,
461 1426 70 35 and
565 1424 44 35 he
627 1421 124 50 pulled
769 1420 54 37 off
849 1419 54 34 his
921 1419 74 40 hat,
1022 1419 69 33 and
1126 1416 122 45 spoke
1271 1420 38 30 to
1326 1414 112 34 them.
1489 1414 83 34 The

249 1476 187 33 witnesses
450 1474 59 34 for
526 1473 60 34 the
602 1468 231 50 prosecution
852 1476 133 30 swore,
1003 1466 79 33 that
1102 1463 86 44 they
1209 1462 111 37 heard
1337 1463 73 32 him
1429 1470 59 25 use
1504 1470 45 25 ex-

249 1522 182 46 pressions
449 1530 39 26 to
517 1521 63 34 the
612 1517 196 41 following
835 1515 105 35 effect
1065 1512 66 40 My
1167 1511 94 41 lads,
1286 1520 94 32 your
1410 1519 106 24 cause
1543 1509 30 33 is

250 1570 195 45 good—he
464 1570 96 41 firm,
574 1567 70 34 and
665 1576 73 35 you
755 1561 76 35 will
1142 1558 15 35 I
1175 1558 77 33 will
1267 1564 159 38 support
1442 1566 72 35 you
1531 1567 41 24 as

249 1619 63 34 far
322 1629 39 24 as
381 1618 104 35 three
503 1615 177 38 thousand
699 1610 138 51 pounds
861 1607 77 37 will
954 1617 61 34 go,
1041 1607 70 33 and
1142 1606 33 34 if
1188 1605 79 35 that
1286 1604 76 35 will
1380 1607 63 31 not
1457 1603 65 43 do,
1548 1605 21 34 I

255 1667 78 35 will
363 1677 50 33 go
722 1658 122 35 Nadin
861 1655 71 35 and
950 1655 53 33 his
1022 1654 139 34 faction
1175 1652 93 35 shall
1297 1655 61 31 not
1376 1651 103 34 drive
1495 1662 74 33 you

252 1716 96 33 from
369 1714 63 34 the
463 1711 84 37 field
574 1710 72 37 this
878 1706 15 33 I
927 1711 58 25 am
1015 1711 106 34 sorry
1148 1711 92 33 your
1258 1698 72 34 bill
1344 1700 28 33 is
1389 1698 182 45 lost—my

253 1762 122 34 father
393 1769 78 26 was
482 1770 24 24 a
526 1766 80 33 ‘64.4
606 1766 15 33 -
621 1766 65 33 ier,
709 1754 17 35 I
742 1763 57 25 am
811 1762 25 27 a
850 1759 158 32 weaver,
1024 1749 69 34 and
1107 1749 93 33 have
1217 1753 63 38 got
1297 1756 59 34 my
1375 1755 129 35 money
1521 1747 51 44 by

253 1820 94 34 your
365 1809 182 43 industry,
574 1805 69 38 and
674 1804 90 32 lam
782 1800 63 34 the
866 1796 174 35 weaver's
1276 1794 63 35 He
1354 1793 220 35 afterwards

249 1856 72 37 left
335 1857 60 34 the
413 1847 102 48 field,
531 1853 70 38 and
619 1851 93 34 rode
730 1846 162 35 towards
907 1845 53 34 his
973 1853 83 27 own
1071 1843 124 39 house,

301 1906 57 33 To
376 1911 116 37 prove
510 1900 86 43 this.,
619 1909 25 24 a
661 1894 155 46 serjeant
842 1893 72 34 and
940 1898 72 28 two
1031 1891 210 44 corporals,
1266 1889 44 34 of
1330 1887 63 34 the
1409 1887 64 34 9th
1492 1887 64 33 dra-

250 1963 126 43 pot's,
393 1950 72 35 and
484 1954 76 31 two
578 1944 227 39 constables,
831 1951 98 22 were
946 1938 133 35 called.

305 2000 74 34 Mr.
403 1998 118 35 Kahle
546 1993 106 37 made
681 2002 24 24 a
733 1993 92 32 most
842 1989 174 43 eloquent
1036 1984 132 45 speech
1195 1983 59 35 for
1272 1984 60 34 the
1352 1982 226 41 Defendant,

254 2048 72 35 and
351 2043 97 44 said,
475 2044 46 33 he
549 2039 130 41 should
697 2039 72 35 call
794 2046 109 33 many
931 2031 229 47 respectable
1188 2031 188 34 witnesses
1402 2035 38 30 to
1465 2040 116 37 prove

255 2096 83 33 that
357 2095 59 39 he,
451 2102 48 24 on
516 2089 80 34 that
621 2088 91 43 day,
739 2094 77 25 was
829 2081 209 45 constantly
1055 2079 170 44 advising
1241 2078 59 34 the
1325 2078 137 45 people
1480 2083 35 26 to
1534 2078 46 32 be

255 2141 221 48 peaceable,
503 2137 70 35 and
600 2143 39 28 to
659 2133 111 35 retire
796 2135 40 31 to
868 2130 100 34 their
986 2128 146 33 homes..
1178 2126 83 34 The
1276 2135 125 24 groom
1423 2124 83 38 who
1522 2130 40 28 at-

255 2189 131 38 tended
405 2189 61 34 the
487 2183 209 39 Defendant
713 2180 60 34 the
794 2179 126 35 whole
935 2176 43 35 of
991 2176 63 35 the
1070 2174 106 40 time,
1193 2173 79 34 said
1287 2174 44 33 he
1342 2183 113 27 never
1468 2171 112 35 heard

257 2238 57 34 his
340 2241 131 32 master
495 2233 107 34 make
621 2239 63 33 qse
704 2228 41 34 of
767 2228 64 33 the
859 2223 231 48 expressions
1111 2231 123 24 sworn
1253 2228 38 26 to
1317 2220 47 44 by
1385 2219 65 34 the
1474 2218 109 34 other

257 2285 188 33 witnesses
462 2295 11 28 ;
500 2280 81 37 that
599 2278 107 37 when
731 2275 61 33 the
809 2275 180 43 dragoons
1012 2271 102 33 drew
1137 2268 99 33 their
1252 2267 138 41 sword,
1419 2267 54 33 his
1488 2275 72 25 mas-

257 2331 86 37 ter's
365 2331 105 33 horse
482 2326 195 45 becoming
692 2322 150 41 restive,
861 2320 45 38 he
921 2317 144 46 slipped
1084 2315 64 43 off,
1163 2315 146 34 walked
1326 2326 25 22 a
1365 2315 98 33 little
1482 2324 103 33 way,

257 2379 72 35 and
347 2378 91 34 then
454 2373 168 41 moented
639 2372 60 35 the
713 2367 162 47 groom's
894 2367 104 33 horse
1010 2363 70 35 and
1097 2363 89 33 rode
1202 2363 66 33 off.
1310 2362 74 34 Mr.
1406 2363 178 37 Stennett,

262 2428 78 33 Illr.
357 2424 146 40 Norris,
535 2421 72 43 Mr.
626 2419 46 35 C.
702 2413 298 45 Satterthwaite,
1017 2413 74 33 Dtr.
1111 2409 187 45 Brierley,
1312 2409 71 34 and
1400 2419 24 24 a
1436 2408 150 33 number

262 2474 44 46 of
320 2474 138 39 others,
482 2467 161 47 deposed
677 2470 39 35 $o
742 2464 61 38 the
837 2457 237 45 Defendant's
1089 2458 203 43 exhorting
1313 2456 64 34 the
1397 2456 133 46 people
1547 2459 39 28 to

262 2520 137 39 refrain
417 2520 98 34 from
533 2512 183 38 mischief.
767 2511 109 33 None
893 2507 43 37 of
948 2507 97 43 these
1058 2505 185 41 witnesses
1263 2503 111 37 heard
1390 2503 72 34 him
1478 2502 110 37 make

263 2580 63 26 use
347 2568 44 33 of
405 2567 64 34 the
485 2563 236 46 expressions
737 2557 167 35 ascribed
921 2561 39 32 to
979 2555 89 35 him.

312 2617 80 33 The
410 2614 117 44 Jury.,
549 2610 98 34 after
663 2619 25 25 a
697 2607 73 34 few
784 2606 155 33 minutes
956 2600 292 44 consideration,
1278 2598 171 39 returned
1463 2607 25 25 a
1506 2606 64 26 ver-

262 2663 76 35 dict
357 2663 41 33 of
422 2662 136 41 Guilty.

314 2711 80 34 The
412 2708 209 35 Defendant
639 2704 79 37 will
736 2700 146 44 receive
901 2699 228 35 hissentence
1147 2696 37 38 in
1201 2695 64 34 the
1280 2695 117 38 Court
1410 2689 182 46 efliieg's

272 2758 142 41 Beach,
431 2761 92 32 uext
536 2761 105 28 term.

314 2868 83 37 The
410 2863 204 38 wonderful
632 2871 102 26 mare
742 2859 198 43 belonging
958 2863 35 28 to
1012 2856 74 35 Mr.
1106 2854 161 41 Wilson,
1297 2852 64 41 the
1376 2851 220 45 liveryman,

268 2914 211 51 performed
497 2924 25 22 a
542 2911 83 35 task
645 2907 289 46 unprecedented
953 2906 33 35 in
1013 2906 64 33 the
1093 2902 167 45 sporting
1280 2900 187 35 calendar.
1514 2898 85 33 The

270 2974 128 24 owner
415 2962 44 34 of
478 2962 64 34 the
563 2968 100 25 mare
693 2955 141 35 hacked
855 2955 66 33 her
941 2965 44 21 on
1012 2953 61 33 the
1097 2950 89 35 28111
1205 2949 67 40 olt.
1292 2948 58 33 for
1367 2957 24 24 a
1410 2954 122 35 wager
1559 2942 45 35 of

269 3013 73 43 1)00
358 3011 167 45 guineas,
552 3013 37 28 to
608 3017 45 32 go
667 3005 48 35 50
733 3004 103 33 miles
852 3001 34 34 in
906 3001 100 37 three
1025 3000 107 41 hours
1152 2996 70 35 and
1240 3007 22 22 a
1279 2994 96 41 half,
1400 2993 74 34 this
1489 2991 110 44 being

272 3069 41 26 at
330 3060 61 33 the
405 3065 80 28 rate
503 3056 44 37 of
557 3054 129 44 nearly
709 3052 40 35 15
768 3051 104 39 miles
888 3060 45 24 an
948 3048 105 33 hour.
1106 3046 83 35 The
1213 3043 133 35 animal
1369 3045 96 31 went
1480 3039 54 34 off
1566 3038 34 33 in

274 3106 89 45 high
379 3104 189 37 condition
585 3112 46 22 on
650 3098 213 43 Thursday,
888 3107 46 28 on
957 3094 61 35 the
1039 3091 208 37 Woodford
1270 3089 120 43 Road,
1416 3087 70 40 nod
1507 3091 94 31 went

273 3156 119 34 above
412 3154 44 35 15
476 3152 103 33 miles
599 3146 132 35 within
748 3157 45 22 an
809 3146 93 33 hour
921 3149 39 28 at
976 3154 24 22 a
1015 3142 128 44 steady
1161 3144 72 41 trot
1233 3144 19 41 !
1277 3137 69 34 and
1357 3133 190 38 continued
1566 3139 38 27 to

275 3203 47 34 do
341 3202 60 34 the
420 3209 99 26 same
552 3198 35 37 in
617 3196 63 35 the
712 3200 89 30 next
834 3200 79 34 two
947 3191 130 34 hours:
1102 3188 64 35 the
1181 3185 177 44 difficulty
1380 3185 37 32 in
1441 3182 60 38 the
1521 3190 61 35 per-

276 3252 188 34 formance
483 3257 73 24 was
575 3244 64 40 the
666 3244 72 33 last
765 3242 70 37 five
855 3240 104 35 miles
987 3239 35 33 in
1051 3237 63 33 the
1149 3234 83 34 half
1257 3233 105 40 hour,
1390 3230 118 34 which
1532 3239 73 24 was

278 3295 246 38 nevertheless
539 3295 92 33 done
650 3292 37 34 in
700 3291 83 43 four
793 3288 155 34 minutes
964 3286 66 40 less
1039 3285 87 33 than
1142 3283 63 33 the
1219 3281 106 44 given
1341 3280 112 44 time;
1467 3276 141 43 betting

280 3356 74 25 was
372 3354 106 25 seven
496 3347 40 34 tq
552 3341 86 37 four
650 3338 72 37 and
738 3343 77 35 two
833 3343 39 28 to
891 3344 67 25 one
973 3334 144 44 against
1129 3330 64 39 the
1208 3339 113 25 mare.

330 3405 130 35 NEWS
481 3411 85 27 FOR
588 3400 207 37 VENISON
819 3393 189 38 EATERS.-
1007 3393 24 38 ,
1031 3393 142 38 --FrOM
1192 3390 63 34 the
1281 3386 161 45 severity
1474 3384 45 35 of
1546 3381 65 35 the

279 3454 77 35 late
374 3454 146 39 winter,
548 3449 61 41 the
627 3442 193 47 mortality
839 3454 135 34 among
991 3442 60 35 the
1069 3441 89 38 deer
1174 3437 228 44 throughout
1419 3433 63 34 the
1496 3441 90 26 coun-

281 3509 59 38 try
360 3502 63 33 has
442 3500 89 34 been
546 3502 148 39 greater
710 3494 87 34 than
816 3503 79 24 was
914 3501 85 25 ever
1018 3491 151 35 known.
1227 3485 35 40 it
1280 3485 28 33 is
1331 3480 182 48 supposed
1530 3480 83 33 tbat

281 3561 46 22 no
341 3550 70 33 less
428 3547 90 43 than
535 3544 97 46 from
650 3544 169 33 between
835 3539 86 35 four
937 3544 38 28 to
992 3539 71 34 five
1082 3533 162 39 hundred
1264 3531 90 34 have
1371 3529 85 35 died
1475 3528 34 33 in
1530 3526 63 34 Sal-

281 3608 71 33 cey
369 3595 113 51 forest
482 3595 20 51 !
530 3595 33 33 in
583 3593 64 33 the
669 3591 146 43 County
836 3587 44 34 of
894 3587 278 43 Northampton
1185 3581 97 37 since
1300 3570 211 44 NoveMber
1527 3575 85 33 last.

328 3645 185 34 HORRID
536 3634 456 45 MuanEß.—Thursday
1012 3631 182 44 morning,
1208 3628 53 33 'at
1278 3633 58 28 ten
1352 3625 261 39 o'clock,----

281 3692 206 39 Richards,
508 3691 87 41 Esq.
611 3689 164 34 Coroner
787 3684 60 35 for
857 3684 64 35 the
941 3681 143 44 County
1100 3678 44 34 of
1162 3676 130 39 Berks,
1312 3673 84 34 held
1413 3681 45 24 an
1474 3670 141 45 inquest
1631 3670 1 63 '

283 3746 41 31 at
343 3741 63 34 the
424 3739 111 44 Jolly
554 3735 201 47 Gardeners
755 3735 22 47 !
803 3731 189 40 Windsor,
1020 3730 35 32 in
1084 3728 63 34 the
1175 3720 130 39 Parish
1325 3720 45 34 of
1395 3719 150 40 Cluver,
1573 3726 45 22 on

287 3789 63 33 the
366 3788 102 44 body
496 3785 45 34 of
565 3783 117 35 Sarah
711 3780 177 45 Newton,
914 3789 24 25 a
965 3785 139 27 woman
1136 3772 43 39 of
1201 3772 60 33 the
1287 3777 117 28 town,
1431 3767 85 33 who
1545 3774 74 24 was

286 3835 112 35 found
416 3834 94 41 dead
529 3833 105 45 lying
653 3840 48 28 on
720 3830 64 33 her
803 3827 85 43 bed,
920 3826 85 33 with
1032 3824 65 33 her
1114 3819 144 38 cloaths
1276 3828 61 30 on,
1364 3817 165 40 between
1551 3811 70 34 five

285 3883 73 46 !Ind
379 3883 61 34 six
469 3881 151 35 o'clock
647 3889 46 22 on
724 3875 240 43 Wednesday'
977 3870 181 44 morning,
1185 3869 50 41 by
1263 3866 65 33 her
1351 3873 83 31 son,
1456 3870 22 25 a
1505 3859 116 47 youth

288 3933 119 35 about
428 3931 125 38 fifteen
573 3937 109 37 years
699 3926 41 41 of
764 3934 83 34 age,
879 3922 81 33 who
980 3930 74 25 was
1070 3917 111 45 going
1208 3921 38 27 to
1265 3912 54 34 his
1337 3909 102 45 daily
1457 3909 145 43 employ-

291 3984 97 31 ment
411 3990 39 25 as
477 3990 24 24 a
516 3972 248 53 bricklayer's
787 3973 176 35 labourer
978 3981 11 27 ;
1018 3969 59 39 he,
1103 3970 65 28 not
1188 3961 107 44 being
1313 3959 103 39 well,
1442 3956 119 35 called
1580 3965 45 22 on

294 4028 54 35 his
379 4026 144 37 mother
557 4025 58 37 for
645 4032 100 27 some
775 4018 194 47 halfpence
999 4020 37 27 to
1069 4017 60 40 get
1160 4011 76 37 him
1263 4017 98 37 some
1390 4002 239 48 peppermint

291 4076 132 45 drops.
482 4074 119 45 When
631 4072 47 33 be
693 4080 100 32 came
821 4075 39 27 to
895 4068 63 32 her
984 4067 228 41 apartment,
1238 4056 44 37 he
1305 4052 111 37 found
1442 4054 60 32 the
1530 4050 102 34 front

289 4133 45 27 an
348 4123 12 33 l
379 4124 100 33 back
510 4122 94 35 door
622 4128 112 37 open,
761 4117 63 33 sh'
854 4115 50 34 liv
913 4115 38 37 in
951 4115 20 37 .
999 4121 46 24 on
1076 4109 63 32 the
1155 4103 137 45 ground
1312 4102 97 45 floor
1427 4101 34 33 in
1478 4098 131 35 Cluver-

372 4185 24 27 *,
638 4167 70 37 :04
810 4165 66 32 ;111!
876 4165 13 32 .
889 4165 54 32 tc*:
1142 4169 6 7 •
1195 4165 46 34 og‘
1459 4149 43 44 be
1518 4152 12 39 I
1530 4152 12 39 t
1561 4143 70 35 and

1122 89 145 56 TIIE
1302 89 376 52 NATIONAL
1711 85 379 54 REGISTER.

1631 213 144 33 bruised
1807 214 34 31 in
1870 223 22 21 a
1916 211 96 33 cruel
2044 219 168 30 manner;
2244 209 63 32 the
2335 206 57 34 lad
2419 202 252 41 immediately
2701 200 157 33 alarmed
2889 201 66 33 the

1633 257 109 35 house
1759 259 72 35 and
1848 257 313 44 neighbourhood,
2190 254 86 34 who
2294 259 76 28 sent
2388 252 58 32 fur
2467 252 71 32 Mr.
2761 257 21 22 a
2799 257 155 32 surgeon

1632 306 43 33 of
1707 308 185 37 Windsor,
1915 306 67 33 and
2017 305 50 43 by
2096 304 63 32 the
2185 307 156 28 account
2367 299 44 33 of
2434 298 60 33 the
2520 296 109 33 other
2656 285 145 52 lodgers
2830 294 34 33 in
2890 293 64 32 the

1633 352 109 35 house
1768 354 70 33 and
1857 351 314 45 neighbourhood,
2196 348 87 44 they
2314 345 111 35 heard
2452 345 65 32 her
2544 344 72 33 call
2641 343 150 33 murder
2810 340 144 40 several

1635 400 102 33 times
1763 402 116 32 about
1903 400 60 33 the
1990 399 110 32 hours
2125 396 44 33 of
2190 402 76 28 two
2287 404 43 25 or
2348 394 104 33 three
2476 392 37 31 in
2538 391 60 32 the
2616 389 183 41 morning,
2826 387 125 33 which

1633 446 86 44 they
1737 446 207 45 frequently
1958 446 63 33 did
2033 450 39 28 at
2088 444 48 34 all
2159 446 120 30 hours.
2334 438 193 46 Suspicion
2545 437 61 33 fell
2623 446 98 34 upon
2740 445 65 22 one
2824 435 111 33 Bruin-

1636 494 90 40 hall,
1749 506 25 25 a
1802 494 229 39 rough-rider
2062 493 33 32 in
2122 491 59 33 the.
2203 489 124 38 Royal
2362 485 119 33 Horse
2499 485 142 32 einards
2669 481 167 45 (Blues),
2867 481 86 33 who

1633 541 96 35 lived
1749 543 91 32 with
1867 541 74 40 her,
1968 540 70 33 and
2066 539 69 32 had
2153 535 198 35 cohabited
2370 531 91 34 with
2481 531 65 33 her
2565 531 59 33 for
2642 530 71 32 five
2730 539 102 32 years
2845 540 13 28 $
2887 528 66 34 she

1635 589 63 33 has,
1724 591 90 32 been
1840 600 22 22 a
1891 586 156 35 married
2078 595 158 30 woman,
2265 582 71 34 and
2370 580 63 33 has
2460 578 65 34 left
2552 576 132 33 behind
2715 578 64 31 her
2809 574 145 35 several

1632 635 178 34 children.
1865 635 109 44 Upon
1990 634 64 34 the
2070 630 171 37 evidence
2269 630 126 33 before
2421 627 60 33 the
2511 624 168 35 Clroner
2698 622 86 44 they
2812 620 142 46 proved

1635 681 53 34 his
1706 683 207 45 frequently
1938 680 150 41 beating
2109 679 67 34 and
2199 677 40 34 ill
2263 676 142 34 treatinc
2405 676 19 34 ,
2440 674 80 39 her,
2548 670 189 35 therefore
2753 669 86 45 they
2862 669 91 44 paid

1631 741 46 22 no
1695 730 180 35 attention
1892 735 37 27 to
1949 728 63 33 her
2027 728 92 32 cries
2192 726 63 32 the
2274 724 89 33 time
2381 723 72 33 this
2474 717 194 46 happened
2686 729 9 25 ;
2725 717 61 33 but
2805 717 26 32 it
2851 725 103 24 came

1632 784 63 26 out
1715 780 33 31 in
1766 777 185 40 evidence,
1970 776 79 32 that
2075 772 187 34 Brumhall
2285 780 76 24 was
2378 769 67 33 left
2466 767 89 33 with
2577 765 64 33 her
2656 770 40 27 at
2715 770 76 26 two
2805 761 148 37 o'clock

1632 835 45 22 on
1700 824 226 43 Wednesday
1949 822 180 40 morning,
2153 820 66 33 and
2250 829 99 33 upon
2374 816 61 34 the
2460 811 286 41 corroborating
2766 810 189 38 evidence,

1631 872 69 34 and
1733 873 79 32 that
1847 870 41 33 of
1919 870 70 33 Mr.
2218 867 74 32 Mr.
2320 865 109 39 Dent,
2453 861 72 35 and
2559 860 72 33 Mr.
2656 857 175 39 Thomns,
2867 857 67 33 Sur-

1631 930 122 32 geons,
1782 918 86 35 who
1887 917 138 43 opened
2044 915 69 33 and
2131 912 196 37 examined
2348 911 60 33 the
2422 907 193 37 deceased,
2641 905 61 34 the
2722 904 93 44 Jury
2844 904 110 32 found

1631 976 24 22 a
1671 967 138 32 verdict
1827 965 41 33 of
1889 964 135 44 Wilful
2037 963 148 34 Murder
2194 959 236 44 against--
2441 954 191 35 Brumhall
2648 965 9 26 ;
2678 952 69 33 and
2760 952 195 43 ye-terday

1633 1015 168 43 moping
1815 1013 45 32 he
1877 1020 70 24 was
1963 1016 76 27 sent
2056 1009 54 34 off
2125 1015 35 27 to
2183 1007 170 41 Reading
2368 1004 102 44 gaol,
2498 1009 38 26 to
2556 1002 89 32 take
2666 999 54 32 his
2732 999 83 32 trial
2836 1004 35 26 at
2891 997 64 34 the

1633 1056 85 38 next
1742 1061 157 33 Assizes.
1950 1057 81 34 The
2060 1054 191 35 Coroner's
2283 1055 146 43 Inquest
2457 1055 53 28 sat
2541 1048 96 34 from
2665 1052 57 27 ten
2743 1045 143 34 o'clock
2919 1045 35 32 in

1633 1108 61 33 the
1715 1108 165 43 morning
1900 1104 54 34 till
1972 1114 70 25 one
2063 1108 38 30 at
2119 1103 115 43 night,
2263 1101 129 33 before
2408 1098 86 41 they
2516 1095 107 35 could
2649 1106 48 32 go
2717 1093 155 41 through
2894 1090 61 34 the

1631 1156 189 35 evidence,
1846 1153 66 35 and
1941 1150 200 34 determine
2166 1160 46 22 on
2238 1149 100 33 their
2362 1146 156 34 verdict.
2570 1143 79 33 The
2675 1140 172 34 deceased
2880 1149 76 21 was

1636 1202 133 34 kicked
1788 1202 71 33 and
1878 1198 142 37 bruised
2046 1198 91 33 from
2156 1196 58 33 the
2242 1202 67 37 top
2327 1194 45 33 of
2395 1194 63 33 her
2479 1191 93 34 head
2590 1189 52 34 all
2661 1196 92 26 over
2772 1186 63 34 her
2855 1187 99 43 body

1636 1256 35 26 to
1691 1250 64 33 her
1782 1248 90 43 feet,
1889 1247 66 34 and
1972 1254 100 26 some
2089 1244 43 33 of
2146 1243 63 33 her
2225 1243 78 33 ribs
2324 1243 155 33 broken.

1680 1297 188 44 Tuesday,
1878 1306 22 22 a
1915 1291 167 37 dreadful
2094 1297 111 28 storm
2216 1291 43 33 of
2270 1289 151 34 thunder
2434 1286 71 34 and
2523 1281 183 46 lightning
2724 1281 124 45 passed
2868 1289 91 25 over

1639 1344 151 35 Bristol.
1841 1343 80 34 The
1938 1339 131 34 flashes
2081 1348 98 25 were
2196 1348 86 32 very
2303 1336 59 33 viv
2368 1335 51 40 id,
2431 1333 70 33 and
2517 1333 61 33 the
2597 1331 104 44 peals
2713 1328 214 41 exceeding'
2936 1338 19 24 v

1635 1391 83 34 loud
1737 1390 70 35 and
1825 1400 98 26 near.
1974 1387 33 34 A
2027 1385 254 39 thunderbolt,
2298 1394 44 22 or
2359 1382 148 33 electric
2523 1376 215 46 explosion,
2756 1375 63 34 fell
2838 1376 35 33 in
2895 1374 64 33 the

1635 1439 102 34 office
1755 1439 45 33 of
1812 1439 61 33 the
1889 1434 135 37 Bristol
2044 1428 161 39 (
2205 1457 9 17 '
2065 1434 136 33 Lizette
2245 1431 67 33 but
2328 1430 60 34 the
2406 1428 91 33 door
2516 1427 107 40 being
2641 1434 112 34 open,
2773 1422 59 35 the
2858 1422 79 33 elec-

1635 1487 70 33 tric
1722 1491 133 30 matter
1866 1481 154 46 escaped
2037 1480 161 34 without
2213 1479 113 43 doing
2342 1487 70 32 any
2428 1475 141 34 serious
2587 1472 138 45 injury.
2760 1470 78 33 The
2857 1476 99 26 same

1633 1533 87 44 day,
1735 1533 63 34 the
1813 1532 148 34 electric
1978 1528 89 33 fluid
2085 1526 144 35 entered
2245 1525 63 34 the
2324 1524 168 40 chimney
2512 1519 44 34 of
2578 1530 24 24 a
2626 1520 111 31 house
2753 1522 37 26 at
2807 1517 39 32 W
2859 1517 79 32 hite-

1637 1580 91 41 hail,
1749 1580 156 39 Bristol,
1930 1576 197 43 belonging
2141 1578 38 30 to
2211 1573 74 33 Mr.
2303 1569 203 39 Cardwell,
2531 1567 69 33 and
2617 1563 183 38 shattered
2832 1564 26 31 it
2878 1563 35 32 in
2933 1572 22 22 a

1636 1632 92 30 most
1746 1626 223 43 astonishing
1997 1631 161 30 manner,
2192 1619 167 41 blowing
2375 1622 64 28 out
2464 1615 71 33 five
2554 1612 176 34 windows
2786 1610 51 32 ith
2856 1610 103 32 their

1636 1674 152 43 frames,
1800 1674 70 33 and
1885 1671 181 40 breaking
2082 1668 63 32 the
2159 1667 158 33 shutters
2336 1672 38 26 to
2394 1664 132 44 pieces.
2582 1661 32 33 It
2631 1659 91 33 took
2740 1669 20 24 a
2779 1658 180 33 direction

1636 1722 92 35 from
1756 1724 64 32 the
1844 1728 64 37 top
1928 1726 37 27 to
1984 1719 64 33 thu
2065 1717 138 32 bottom
2220 1714 45 34 of
2280 1713 61 34 the
2360 1711 125 39 house,
2516 1707 164 41 entering
2708 1706 60 33 the
2790 1704 167 44 parlour,

1637 1767 154 45 burning
1814 1774 85 39 part
1922 1766 43 34 of
1989 1765 63 33 the
2076 1768 130 35 carpet
2237 1765 40 31 to
2306 1770 24 22 a
2357 1757 138 39 cinder,
2530 1755 67 33 and
2628 1752 197 33 otherwise
2844 1750 111 43 doing

1636 1817 253 34 considerable
1903 1813 165 43 damage.
2119 1809 94 33 Two
2225 1808 125 34 horses
2369 1812 94 27 were
2477 1804 80 33 also
2576 1799 115 37 killed
2713 1809 81 22 near
2818 1800 90 33 Dow
2920 1808 19 21 v-

1637 1864 80 34 end.

2235 1961 56 43 CI
2297 1961 78 43 111,

1690 2076 163 46 Monday
1871 2076 34 33 la
1905 2076 18 33 ,
1923 2076 18 33 t
1955 2074 110 44 being
2083 2073 129 34 Easter
2232 2069 178 41 Monday,
2438 2065 63 34 the
2526 2062 96 37 Lord
2642 2061 137 35 Mayor
2796 2054 169 38 rereiyed

1644 2125 60 37 the
1723 2125 102 35 visits
1850 2124 44 33 of
1911 2122 138 34 several
2068 2121 43 32 of
2126 2119 59 34 the
2205 2115 196 35 Aldermen
2418 2113 69 34 and
2507 2112 96 34 their
2624 2109 149 39 Ladies,
2799 2105 169 44 together

1648 2173 89 34 with
1756 2184 25 24 a
1793 2172 149 34 number
1957 2169 45 34 of
2014 2169 107 33 other
2137 2161 265 46 distinguished
2428 2169 165 34 persons,
2615 2164 39 27 at
2672 2166 45 22 an
2734 2154 99 40 early
2858 2154 110 35 hour,

1645 2226 35 30 at
1697 2220 61 33 the
1778 2218 165 35 Mansion
1964 2216 139 38 House,
2132 2213 124 33 where
2272 2220 25 24 a
2315 2215 91 28 most
2422 2206 183 34 excellent
2627 2202 146 45 dejeune
2789 2209 74 28 was
2883 2207 64 34 pre-

1646 2267 112 45 pared
1776 2265 59 34 for
1847 2265 98 33 their
1959 2262 247 44 refreshment.
2262 2258 52 33 At
2329 2257 126 32 eleven
2469 2252 148 35 o'clock
2629 2251 65 34 the
2709 2250 90 43 boys
2818 2246 151 39 helong7

1648 2315 58 43 ing
1719 2322 37 25 to
1776 2311 155 34 Christ's
1961 2309 193 46 Hospital,
2186 2306 91 34 each
2295 2307 171 41 separate
2483 2302 91 33 class
2595 2298 106 41 being
2721 2293 176 47 preceded
2920 2293 54 39 by

1646 2363 98 33 their
1761 2366 133 34 tutors,
1917 2357 67 34 and
2003 2356 92 34 each
2114 2357 73 40 boy
2213 2352 155 40 bearing
2385 2357 97 25 some
2499 2344 235 37 emblematic
2754 2340 152 44 iwig•nia
2933 2337 44 33 of

1648 2412 63 32 the
1728 2408 137 34 branch
1884 2406 41 33 of
1938 2405 163 43 learning
2119 2408 38 28 to
2173 2398 123 38 which
2316 2398 56 32 his
2394 2395 105 43 study
2518 2404 99 25 more
2636 2388 248 43 immediately
2904 2396 48 30 ap-

1650 2456 117 46 plied,
1796 2454 142 34 walked
1956 2454 34 32 in
2010 2448 209 47 procession
2233 2453 38 28 to
2293 2445 63 33 the
2381 2443 164 34 Mansion
2569 2440 138 35 House,
2734 2437 124 38 where
2887 2433 89 43 they

1654 2515 96 24 were
1781 2507 92 30 most
1899 2500 129 43 kindly
2055 2494 183 37 received.
2290 2493 81 33 The
2402 2489 188 45 principal
2622 2489 207 30 Governors
2845 2480 44 33 of
2903 2480 73 33 thin

1651 2552 183 33 excellent
1863 2546 228 39 Institution,
2115 2543 64 35 the
2213 2539 97 34 Lord
2340 2541 148 40 Mayor,
2525 2533 165 39 Sheriffs,
2726 2530 69 35 &c.
2816 2530 83 32 then
2919 2537 60 22 ac,

1652 2596 221 46 companied
1890 2594 61 35 the
1968 2595 94 41 boys
2087 2598 37 26 to
2150 2585 156 39 Christ's
2326 2583 193 46 Hospital,
2550 2582 124 38 where
2702 2578 87 41 they
2820 2574 111 35 heard
2956 2585 25 20 a

1651 2656 144 27 sermon
1813 2642 181 47 preached
2014 2642 46 41 by
2081 2639 60 34 the
2165 2636 144 43 Bishop
2335 2633 43 34 of
2400 2630 164 40 Oxford,
2593 2628 84 33 who
2696 2626 109 33 chose
2825 2624 52 32 his
2897 2627 86 28 text

1656 2694 94 34 from
1769 2692 63 38 the
1852 2691 80 34 10th
1951 2688 115 44 chap.
2085 2685 43 34 of
2141 2687 56 31 St.
2222 2681 126 35 Paul's
2367 2678 145 45 Epistle
2530 2683 37 26 to
2587 2678 59 32 the
2665 2674 194 35 Hebrews,
2897 2669 83 41 MI?

1655 2744 69 32 and
1744 2739 83 37 I,lth
1848 2747 110 27 verse,
2013 2735 45 40 In
2069 2733 59 34 the
2144 2731 155 43 evening
2313 2730 59 32 the
2388 2735 97 25 same
2499 2733 198 34 company,
2712 2719 164 44 together
2889 2727 27 21 w

2928 2717 21 32 is
2962 2715 20 32 li

1656 2789 141 34 several
1812 2785 41 34 of
1867 2785 58 33 the
1942 2781 197 38 Ministers,
2157 2779 61 39 the
2238 2776 178 43 patriotic
2443 2771 217 45 Spaniards.
2675 2767 70 34 and
2773 2765 105 33 other

2890 2761 71 34 rmi-

1657 2841 59 31 ent
1744 2833 129 47 public
1891 2841 162 35 persons,
2080 2825 201 47 proceeded
2315 2829 35 27 to
2379 2822 60 33 the
2459 2820 163 32 Nlawion
2644 2817 31 32 If
2685 2825 83 21 owe
2786 2819 35 26 to
2839 2812 142 33 dienwr.

1709 2884 50 33 At
1775 2882 84 34 nine
1872 2893 20 20 o
1907 2878 106 35 clock
2033 2876 63 34 the
2118 2872 96 45 Lady
2238 2872 190 40 Mayoress
2456 2867 135 33 retired
2617 2872 25 24 h
2683 2865 58 30 the
2771 2861 216 31 ball-rooet.

1662 2931 79 35 The
1767 2929 78 34 ball
1881 2936 71 25 was
1971 2922 139 47 opened
2138 2924 47 40 by
2210 2919 61 35 the
2307 2919 100 40 Lady
2440 2915 191 41 Nlayoress
2656 2909 69 33 mid
2761 2908 58 31 she
2845 2904 84 34 Larl
2950 2902 41 33 +lf

1664 2980 165 37 Morton,
1865 2974 84 34 who
1964 2969 138 39 danced
2120 2980 21 24 a
2157 2965 164 47 graceful
2341 2965 132 32 minuet
2489 2973 11 27 ;
2529 2962 63 30 hot
2611 2959 58 32 the
2691 2955 73 38 hall
2777 2955 2 61 ,
2791 2963 99 24 room
2917 2962 22 18 ‘s
2949 2960 41 22 as

1662 3038 38 24 so
1723 3021 172 44 crowded
1912 3021 79 34 that
2010 3019 28 33 it
2060 3027 73 26 was
2147 3024 100 27 some
2265 3013 90 33 time
2374 3012 124 32 before
2519 3007 84 43 they
2623 3004 111 35 could
2753 3004 107 41 began
2878 3008 91 26 coon
2969 3008 24 26 ,

1663 3081 58 38 try
1736 3072 148 35 dances.

1926 3172 180 44 COURT
2127 3170 72 40 OF
2220 3164 233 41 COMMON
2486 3159 254 41 COUNCIL.

1716 3296 81 37 The
1830 3291 139 47 subject
1997 3299 73 26 was
2101 3282 213 46 introduced
2331 3282 50 40 by
2402 3280 74 33 Mr.
2499 3279 155 43 Deputy
2676 3275 330 34 GoonnEurnr,

1672 3345 35 35 in
1726 3356 24 24 a
1774 3340 131 48 speech
1930 3338 45 34 of
1988 3333 250 40 considerable
2264 3330 139 45 length,
2432 3327 35 33 in
2487 3326 64 32 the
2576 3334 130 22 course
2734 3321 46 34 of
2815 3319 119 35 which
2957 3318 47 31 he

1672 3390 185 38 reviewed
1877 3389 58 34 the
1951 3384 152 37 conduct
2118 3381 43 33 of
2173 3378 201 37 successive
2389 3371 334 40 administrations,
2740 3369 70 33 aid
2824 3369 60 32 the
2903 3371 105 27 votos

1674 3441 43 33 of
1729 3437 72 47 maj
1808 3436 125 35 orities
1951 3433 35 33 in
2009 3430 226 35 Parliament
2259 3423 143 45 subject
2424 3428 37 26 to
2487 3420 99 39 their
2606 3417 177 34 influence
2799 3426 12 25 ;
2845 3413 71 33 and
2949 3422 40 24 as-

1674 3468 128 56 serted'
1812 3485 61 33 the
1890 3481 97 45 right
2006 3476 122 37 which
2164 3476 61 32 the
2257 3469 250 38 Constitution
2543 3465 119 34 vested
2695 3464 37 33 in
2757 3462 61 34 the
2855 3459 156 45 ;lentil...,

1677 3534 137 45 legally
1833 3528 177 38 convened
2026 3539 11 30 ;
2063 3523 71 35 and
2153 3523 34 33 in
2207 3521 81 33 that
2306 3522 131 35 Court,
2454 3521 38 27 to
2512 3519 92 28 meet
2622 3511 70 33 anti
2708 3517 38 26 to
2760 3510 135 34 discus;
2913 3506 109 33 their.

1676 3583 223 43 grievances,
1924 3576 67 33 and
2033 3580 35 27 to
2102 3569 159 47 petition
2288 3566 92 37 each
2411 3573 41 24 or
2486 3561 52 34 all
2577 3561 63 33 the
2675 3559 176 38 hranches
2884 3553 44 33 of
2949 3553 65 32 the

1681 3630 224 45 Legislature
1915 3624 57 33 fur
1983 3622 150 33 redress.
2161 3617 60 35 Ile
2232 3611 178 38 adverted
2427 3617 38 27 to
2479 3609 152 33 various
2648 3608 175 34 instances
2837 3604 37 34 in
2891 3612 30 24 w
2955 3599 60 35 ich

1678 3677 184 46 questions
1880 3671 70 37 had
1977 3671 94 32 been
2105 3663 159 45 brought
2290 3658 164 38 forward
2492 3658 59 32 for
2585 3654 188 45 inquiring
2792 3654 76 32 into
2888 3648 133 46 public

1680 3728 144 37 abuses,
1848 3720 66 34 and
1933 3724 37 28 to
1990 3718 60 32 the
2062 3713 260 46 appointtneot
2340 3707 43 39 of
2400 3705 240 35 Committees
2659 3707 41 27 to
2719 3699 126 34 follow
2868 3707 48 33 up
2931 3694 89 34 such

1684 3771 175 47 inquiries
1874 3782 11 30 ;
1911 3768 64 38 hut
1993 3767 100 32 obset
2105 3761 81 41 ved,
2213 3758 81 34 that
2328 3752 223 40 Ministerial
2584 3750 181 34 influence
2783 3746 67 33 had
2871 3746 91 31 been
2982 3752 40 22 •eio

1683 3817 169 41 exerted,
1877 3827 35 22 as
1931 3820 37 27 to
1987 3810 125 37 divide
2135 3809 60 33 the
2215 3806 145 35 leaders
2392 3802 41 33 of
2460 3801 105 33 those
2597 3798 85 33 who
2713 3793 45 48 su
2758 3793 45 48 pp
2803 3793 45 48 or
2848 3793 22 48 t
2870 3793 46 48 ed
2936 3795 85 31 soon

1685 3869 172 40 motions,
1876 3862 67 34 and
1957 3866 38 28 to
2010 3857 123 34 defeat
2146 3855 60 34 the
2222 3852 198 47 operation
2432 3848 41 34 of
2486 3847 99 34 their
2597 3853 194 38 purposes.
2818 3841 83 37 The
2919 3837 113 34 re.ult

1690 3926 73 25 was
1781 3922 80 26 seen
1899 3911 33 32 in
1961 3909 63 32 the
2042 3904 119 35 defeat
2185 3901 41 34 of
2258 3909 113 33 every
2391 3896 107 34 effort
2525 3893 60 37 fur
2610 3893 61 33 the
2688 3891 135 37 reform
2842 3887 46 35 of
2903 3885 129 46 public

1690 3966 144 33 abuses,
1857 3958 69 34 and
1944 3956 61 33 the
2024 3951 183 38 detection
2225 3948 72 34 and
2315 3945 230 46 puuishment
2572 3939 45 37 of
2634 3938 130 47 public
2787 3935 247 45 delinquents.

1695 4012 58 34 He
1781 4005 184 37 therefore
2010 3998 214 41 conceived,
2262 3996 83 33 that
2388 4002 98 34 upon
2525 4000 46 28 no
2616 3986 174 41 occasion
2831 3994 100 24 were
2976 3981 64 33 the

1693 4058 135 35 thanks
1853 4054 44 33 of
1924 4050 71 35 this
2039 4049 182 41 Country,
2264 4054 43 31 or
2339 4041 43 33 of
2417 4041 85 33 that
2538 4035 197 43 Assembly
2745 4057 12 19 ,
2796 4042 102 24 more
2940 4029 81 40 deci-

1694 4106 111 44 dedly
1839 4098 118 37 called
1988 4097 78 39 for,
2098 4095 87 33 than
2239 4093 52 44 by
2331 4089 40 34 th
2372 4089 21 34 e
2433 4085 157 37 conduct
2619 4081 46 35 of
2711 4082 85 37 dust,
2831 4077 210 35 individual

1703 4152 163 41 NTernher
1886 4146 41 37 of
1961 4144 247 43 Parliament,
2236 4139 87 38 who
2349 4135 72 46 hu4
2445 4134 64 44 the
2529 4139 159 44 courage
2728 4133 38 32 to
2791 4128 151 48 arraign
2981 4126 65 37 de-

3407 0 64 17 In=

3418 90 31 48 I

3369 691 5 7 .
3433 691 5 7 .

3354 813 1 18 r
3377 813 5 18 '

3354 849 9 25 ;•'‘

3359 896 2 2 •

3354 1169 44 9 ...„

3370 1985 51 27 IM

3340 2595 12 31 ~k

3318 2652 96 91 91

3326 2745 65 24 =

3335 3117 21 18 Y~•.

3330 3286 2 18 I
3332 3286 4 18 ,

3306 3859 83 57 MI
