3472 4417
1101 118 150 54 THE
1286 107 389 61 NATIONAL
1741 98 390 59 REGISTER.

1068 273 196 31 VIENNA,
1292 267 155 30 mAncu
1466 255 67 35 .11.

261 333 441 46 PROCLAMATION
723 331 73 38 OF
814 330 112 38 THE
948 322 312 43 ARCHDUKE
1283 317 269 41 CHARLES.

338 403 84 38 We,
462 399 159 35 Charles
651 394 138 40 Lewis,
826 391 185 46 Imperial
1043 389 135 35 Prince
1196 386 43 34 of
1259 381 169 38 Austria.
1457 377 125 45 Royal

233 455 133 35 Irrince
386 450 44 34 of
461 450 181 41 Hungary
671 444 72 35 and
776 441 197 39 Bohemia,
1007 435 202 38 Archduke
1241 433 45 33 of
1310 428 172 43 Austria,
1511 424 73 35 and

228 498 293 40 Generalissimo
541 495 45 34 of
595 495 63 34 the
678 493 125 33 whole
821 488 181 45 Imperial
1023 485 70 34 and
1115 482 124 46 Royal
1259 481 131 44 Army.

338 549 80 34 Our
435 541 161 40 beloved
617 539 184 38 Monarch
819 547 183 25 summons
1016 535 50 33 all
1082 533 104 33 those
1195 529 44 35 of
1254 529 56 34 his
1323 526 159 47 subjects
1494 522 90 35 who

228 608 67 27 ere
318 604 63 27 not
398 596 52 44 by
468 595 76 34 law
565 589 151 38 obliged
735 592 40 31 to
803 585 130 46 repair
952 591 39 27 to
1012 583 61 33 the
1093 578 167 45 standing
1276 587 123 33 army,
1426 580 41 28 to
1483 570 103 37 unite

229 646 226 37 themselves
478 643 37 33 in
533 638 223 38 battalions,
784 635 37 33 in
839 634 109 34 order
963 637 40 30 to
1022 639 99 24 serve
1140 627 102 34 their
1258 630 158 39 country
1437 618 149 46 beyond

230 696 64 35 the
314 691 222 37 boandaries
554 686 46 34 of
615 687 61 33 the
691 683 215 44 hereditary
926 678 222 41 dominions,
1178 676 35 34 in
1231 684 86 24 case
1333 673 30 34 it
1389 667 135 40 should
1544 669 45 34 be

235 742 176 38 menaced
429 742 48 43 by
498 748 46 25 an
562 744 148 34 enemy.

345 790 118 34 When
478 787 37 34 iu
529 784 64 34 the
613 793 91 35 year
723 780 96 35 1500
834 780 61 32 the
914 780 161 39 country
1094 782 77 25 was
1193 772 37 33 in
1246 769 156 45 danger,
1428 768 19 35 I
1467 763 122 37 called

233 848 80 33 nut,
343 841 37 33 in
410 837 63 33 the
489 842 106 27 name
614 831 44 33 of
678 830 59 34 the
763 824 194 40 Monarch,
984 823 65 34 the
1080 822 226 35 Volunteers
1330 814 46 38 of
1403 813 187 39 Bohemih

231 889 74 34 and
330 883 189 40 Moravia.
574 878 220 37 Thousands
823 885 87 24 soon
939 870 125 35 united
1083 876 38 30 to
1139 868 96 35 form
1252 866 76 34 ale
1356 865 57 41 ion
1413 865 20 41 s
1467 874 26 22 w
1506 861 85 35 hica

234 939 94 33 bore
354 945 60 32 ms'
436 940 130 27 name;
593 927 71 34 and
696 925 73 35 this
784 925 60 43 leg
848 922 61 33 ion
932 920 125 34 would
1087 928 87 24 soon
1204 917 94 32 have
1317 922 130 34 grown
1478 915 39 28 to
1545 918 46 25 an

233 992 126 37 army,
386 981 34 35 if
445 991 24 24 a
495 977 138 37 sudden
652 983 117 38 peace
788 970 70 37 had
876 976 65 28 not
963 974 65 39 put
1055 978 44 22 an
1115 964 69 35 end
1205 969 39 28 to
1263 961 102 34 these
1382 958 204 37 exertions.

237 1035 41 34 It.
296 1035 30 33 is
344 1037 63 30 mit
424 1033 195 34 necos•zary
634 1029 39 27 to
691 1020 142 46 appeal
852 1025 38 28 to
907 1018 64 33 the
987 1020 79 30 acts
1095 1013 44 33 of
1154 1022 96 34 your
1265 1016 223 28 amcestors—
1507 1006 83 33 how

234 1093 112 25 many
381 1080 117 46 perils
527 1074 89 44 they
640 1067 201 39 withstood
875 1064 167 41 through
1069 1059 181 37 fortitude
1269 1057 71 35 and
1359 1054 231 51 patriotism.

237 1131 18 34 I
275 1127 139 50 appeal
437 1131 37 28 to
495 1119 227 51 yourselves.
782 1115 59 37 Ye
863 1126 67 24 are
947 1111 78 37 still
1058 1111 102 33 witat
1180 1119 46 34 ye
1245 1115 99 26 were
1367 1106 35 33 in
1420 1104 65 34 the
1504 1106 92 41 year

236 1180 112 35 1800.
399 1175 83 34 The
514 1179 100 26 same
647 1173 162 37 courage
841 1162 72 35 and
945 1160 215 47 patriotism
1183 1156 124 34 which
1336 1150 164 47 inspired
1519 1160 73 35 you

236 1228 106 38 then,
371 1222 139 45 inspire
523 1227 77 37 you
619 1225 98 24 now.
776 1208 7 37 1
783 1208 8 37 .
815 1212 139 33 reckon
974 1218 100 26 now,
1095 1218 38 24 as
1153 1204 104 43 then,
1271 1213 100 35 upon
1388 1207 97 39 your
1496 1208 94 24 arm.

345 1276 109 32 Some
467 1267 45 34 of
519 1276 74 38 you
611 1274 64 24 arc
689 1259 220 48 prohibited
925 1258 98 34 from
1035 1251 235 44 abandoning
1287 1260 94 34 your
1397 1246 182 43 dwelling
1583 1256 14 22 s

236 1324 40 34 in
295 1320 203 35 obedience
516 1322 39 27 to
574 1313 65 33 the
658 1311 107 33 voice
793 1307 43 34 of
860 1309 163 38 honour,
1051 1305 48 43 by
1117 1300 182 35 domestic
1322 1296 178 37 incidents
1525 1294 71 33 and

240 1375 256 31 occurrences.
553 1361 74 34 But
645 1358 105 35 these
769 1356 81 35 will
870 1355 77 34 still
969 1352 142 35 remain
1141 1350 60 33 for
1228 1346 63 34 the
1318 1344 214 47 protection
1559 1341 44 33 of

236 1420 67 34 the
325 1415 157 37 interior
497 1410 45 35 of
557 1409 64 35 the
653 1406 164 45 empire,
843 1403 65 34 the
935 1398 260 50 preservation
1221 1395 45 34 of
1292 1398 201 41 property,
1527 1389 70 37 and

241 1469 65 34 the
319 1466 249 33 maintenance
587 1455 44 34 of

652 1454 90 43 .!•ood
761 1453 125 34 order.

347 1514 73 34 But
441 1509 104 33 those
567 1505 85 33 who
667 1512 66 24 are
752 1508 66 27 not
837 1496 98 37 fixed
965 1504 44 28 to
1035 1495 99 35 their
1161 1491 171 48 paternal
1369 1486 152 37 hearths
1545 1485 52 37 by

237 1563 110 37 ether
364 1559 120 35 duties
500 1553 72 35 and
588 1551 194 39 relations,
802 1558 65 24 are
886 1554 37 26 to
943 1546 97 33 form
1052 1541 217 35 themselves
1285 1540 77 32 into
1380 1535 220 40 battalions,

235 1611 74 35 and
335 1619 86 25 may
456 1607 64 41 lay
550 1602 116 34 claim
698 1606 39 25 to
769 1596 54 34 all
841 1594 105 34 those
965 1593 226 35 advantages
1211 1586 122 34 which
1355 1594 67 26 our
1439 1583 161 35 beloved

240 1656 203 45 Sovereign
461 1654 65 33 has
543 1645 182 40 attached
743 1651 39 28 to
801 1643 74 37 this
891 1641 184 46 patriotic

237 1770 222 44 DECREE
482 1761 288 44 RELATIVE
789 1759 71 35 TO
887 1752 292 40 AMERICAN
1208 1748 172 44 SHIPS,
1411 1744 190 39 DATED

725 1817 314 40 FEBRUARY

288 1897 207 48 Napoleon
513 1892 65 35 the
599 1889 116 39 First,
746 1886 185 41 Emperor
951 1880 45 34 of
1015 1877 157 41 France,
1205 1876 105 44 King
1326 1872 44 35 of
1385 1871 122 46 Italy,
1534 1871 70 35 and

240 1950 206 37 Protector
463 1943 44 34 of
519 1943 66 33 the
602 1931 291 41 Confederation
911 1928 45 37 of
983 1928 63 34 the
1077 1926 136 40 Rhine,
1235 1925 94 32 have
1346 1920 172 40 decreed,
1537 1920 72 33 and

239 1998 51 35 do
308 1997 135 34 decree
461 2001 40 25 as
517 1988 151 35 follows
684 1996 64 21 :--

293 2044 107 35 Aar.
426 2039 37 35 1.
493 2039 84 33 The
599 2031 198 37 American
810 2026 103 45 ships
931 2021 171 37 detained
1117 2021 35 34 in
1172 2019 63 35 the
1251 2021 103 44 ports
1371 2015 45 35 of
1441 2015 64 37 the
1520 2016 61 34 Em-

240 2094 103 47 pire,
361 2092 35 33 in
415 2091 252 39 consequence
684 2078 89 45 only
793 2075 43 34 of
849 2078 60 31 the
933 2072 204 41 Embargo,
1155 2078 87 34 may
1260 2070 53 30 set
1331 2065 70 33 sail
1428 2070 39 28 to
1486 2070 124 27 return

242 2139 165 44 directly
426 2141 40 28 to
487 2134 61 33 the
567 2127 137 38 United
725 2127 137 37 States,
891 2122 66 33 but
978 2119 76 34 this
1081 2117 133 34 favour
1233 2114 30 34 is
1283 2121 60 26 not
1362 2119 38 26 to
1415 2111 137 35 extend
1573 2117 37 27 to

242 2189 138 37 vessels
394 2181 126 38 seized
541 2179 39 33 in
598 2181 249 38 consequence
863 2169 43 35 of
922 2167 184 41 irregular
1127 2173 136 35 papers
1281 2171 44 24 or
1343 2158 110 37 other
1468 2169 142 25 causes.

296 2233 61 38 1L
386 2231 84 35 The
487 2228 106 45 ships
620 2225 96 34 from
749 2219 119 35 which
888 2217 66 33 the
972 2215 188 41 Embargo
1181 2213 30 31 is
1230 2209 113 34 taken
1361 2207 93 33 shall
1478 2207 48 33 be
1545 2213 66 38 pot

243 2291 41 30 at
304 2283 64 35 the
385 2271 227 53 di-p►+sition
628 2271 44 34 of
697 2267 163 38 General
881 2264 233 40 Armstrong,
1143 2258 174 34 Minister
1339 2255 70 34 and
1597 2269 15 11 .

247 2330 164 41 tentiary
432 2327 94 33 from
547 2322 63 33 the
628 2317 141 38 United
789 2317 136 34 States,
957 2319 39 26 to
1026 2319 126 25 seeurc
1180 2306 66 34 the
1276 2304 119 34 direct
1428 2307 128 31 return
1574 2302 43 33 of

248 2382 106 33 those
386 2374 132 35 vessels
550 2376 41 28 to
613 2368 80 35 that
711 2367 171 38 country.
934 2357 123 37 Their
1076 2356 202 44 departure
1303 2350 93 34 shall
1430 2356 67 27 nut
1524 2350 90 33 take

247 2430 112 46 place
372 2424 58 35 till
450 2422 90 43 they
560 2418 97 34 have
673 2414 110 46 given
801 2408 181 44 security,
1003 2405 70 35 and
1090 2400 169 37 received
1278 2398 226 37 certificates
1517 2396 94 34 from

248 2485 72 26 our
345 2472 156 35 consuls,
534 2466 85 35 vice
634 2460 158 41 consuls,
820 2467 43 25 or
883 2461 128 39 agents
1030 2452 43 34 of
1095 2458 208 28 commerce
1322 2447 34 34 in
1382 2447 143 33 France
1539 2445 71 34 and

249 2520 197 39 America,
469 2517 81 33 that
570 2513 64 33 the
658 2509 80 37 said
758 2515 154 34 cargoes
941 2500 149 35 contain
1114 2499 66 33 but
1199 2494 207 35 territorial
1427 2504 44 24 or
1487 2503 103 25 manu-

250 2567 168 39 factured
433 2561 237 51 productions
691 2557 43 35 of
746 2565 70 25 our
836 2551 171 45 Empire,
1037 2546 69 35 and
1123 2546 83 33 that
1224 2544 107 33 there
1351 2544 28 32 i=
1398 2541 157 46 nothing
1577 2542 34 33 in

253 2621 103 34 them
371 2611 189 50 produced
576 2611 50 40 by
646 2607 63 35 the
728 2601 162 38 colonies
906 2610 44 22 or
964 2604 203 28 commerce
1185 2591 44 34 of
1245 2589 183 47 England.

306 2665 85 35 111.
423 2665 79 32 Our
520 2657 189 34 Ministers
724 2652 44 34 of
784 2647 161 44 Foreign
963 2644 194 35 Relations
1174 2650 67 25 are
1257 2639 162 45 charged
1435 2636 111 41 each,
1578 2636 37 34 in

249 2724 44 28 as
317 2711 105 37 much
454 2719 40 24 as
514 2707 27 34 it
567 2712 176 26 concerns
771 2699 90 38 him,
893 2694 91 33 with
1004 2692 61 34 the
1082 2688 201 35 execution
1302 2686 44 34 of
1359 2686 71 33 this
1454 2686 159 34 Decree.

254 2761 174 37 Another
448 2757 158 38 Decree,
633 2751 41 33 of
685 2751 63 32 the
762 2756 98 24 game
875 2743 105 40 date,
999 2738 163 37 contains
1182 2737 34 32 in
1232 2735 208 38 substance,
1459 2735 80 31 that
1553 2733 61 33 the

254 2805 223 41 confiscated
502 2800 198 35 American
722 2794 145 37 vescels,
902 2789 128 35 whose
1062 2787 74 33 sale
1156 2784 79 33 will
1256 2781 91 34 take
1367 2781 106 44 place
1491 2791 45 22 on
1556 2781 61 32 the

254 2863 87 43 part
365 2854 40 35 of
419 2855 63 32 the
504 2848 171 45 llapire,
694 2854 86 34 may
798 2843 45 32 be
862 2838 145 45 bought
1025 2845 45 24 ou
1087 2832 145 45 foreign
1258 2833 170 39 account,
1456 2837 46 25 on
1522 2838 71 34 pav-

260 2916 60 34 ing
339 2915 22 27 a
380 2904 90 40 duty
493 2900 43 33 of
546 2897 41 34 15
601 2895 120 34 francs
736 2901 70 35 per
819 2896 74 27 ton.

797 3019 292 43 IREL.IND.

570 3154 481 47 CARRICKFLEWUS
1078 3149 228 39 ASSIZES.

269 3250 51 27 PA
332 3247 58 26 Itt.
410 3244 58 27 Or
487 3236 279 34 11.1SSEREEN!
806 3236 33 22 v.
860 3228 17 30 G
876 3228 118 30 17011.0
994 3228 52 30 17,
1063 3226 175 31 DORAN,
1266 3224 90 26 AND
1376 3220 92 28 THE
1488 3219 135 27 corN-

560 3291 20 22 T
593 3289 65 24 F.SS
678 3287 56 24 OF
759 3278 312 32 NIASSCREENE,
1102 3274 74 26 HIS
1200 3272 137 26 WIFE.

563 3319 15 0 -
592 3319 63 0 ----
687 3319 5 0 -

317 3347 93 37 This
430 3343 209 46 important
665 3345 109 26 cause
802 3341 103 25 came
935 3339 48 24 on
1017 3333 38 28 to
1087 3328 44 33 be
1157 3325 99 35 tried
1291 3322 129 33 before
1439 3322 65 33 the
1524 3319 99 34 Hon.

267 3397 149 37 Juctice
436 3393 187 35 Osborne,
652 3384 71 35 and
746 3394 24 22 a
789 3381 96 45 Jury
904 3377 45 35 of
964 3378 63 34 the
1039 3376 146 44 County
1206 3371 44 34 of
1263 3371 167 40 Antrim,
1453 3380 46 22 en
1520 3369 81 33 Mon-

268 3449 92 33 day.
379 3442 65 34 the
461 3438 91 34 '2oth
568 3437 71 32 tilt.

319 3484 81 44 The
424 3484 176 39 Plaintiff
613 3478 159 38 claimed
793 3477 61 34 the
865 3478 119 31 estate
1003 3481 40 25 as
1059 3470 81 34 heir
1157 3476 39 27 at
1217 3469 76 33 law
1307 3467 43 34 of
1363 3467 61 33 the
1441 3467 78 32 late
1537 3462 90 35 Earl

273 3543 250 34 Ma,,ereene.
579 3531 80 33 The
689 3526 227 37 Defendants
932 3520 178 40 claimed,
1140 3519 115 33 under
1281 3516 63 33 the
1376 3514 80 32 will
1493 3511 44 33 of
1566 3509 63 34 the

268 3595 79 32 late
373 3587 90 34 Earl
481 3596 9 25 ;
520 3580 72 35 and
626 3578 61 33 the
707 3572 217 37 substantial
945 3568 170 46 question
1143 3573 39 26 to
1214 3566 45 32 be
1278 3561 228 35 determined
1539 3568 91 30 was,

269 3643 65 32 the
352 3635 124 35 sanity
495 3630 45 34 of
555 3630 63 32 the
639 3630 157 28 testator
813 3627 38 27 at
870 3622 61 31 the
947 3622 92 28 Cm?
1057 3614 43 33 of
1110 3614 155 41 making
1284 3613 44 31 it.
1384 3609 35 33 It
1434 3605 195 48 appeared

270 3689 98 33 from
390 3684 63 34 the
480 3677 180 38 evidence
678 3684 38 22 or
744 3670 92 34 both
855 3667 111 39 sides,
986 3669 83 30 that
1089 3664 59 32 the
1175 3663 77 32 late
1277 3658 96 35 Lord
1395 3659 236 33 Massareene

269 3744 80 34 was
366 3744 25 22 a
404 3739 84 26 man
506 3725 45 35 of
565 3733 91 34 very
676 3719 112 34 weak
798 3715 213 46 judgment,
1030 3712 66 32 and
1116 3712 84 31 that
1215 3709 56 33 his
1287 3706 157 34 conduct
1465 3715 45 24 on
1521 3712 109 25 many

269 3782 174 37 occasions
443 3782 20 37 ,
484 3785 78 25 was
592 3770 89 35 Filch
707 3777 40 24 as
769 3774 39 25 to
842 3761 154 35 exhibit
1030 3764 124 34 stronr
1181 3761 202 39 symptoms
1414 3752 46 33 of
1480 3755 150 31 lunacy.

269 3831 97 37 Tois
389 3827 87 37 trial
509 3813 298 45 lastelTACiatiVo
824 3811 107 44 tfa-y.
967 3807 25 37 -
992 3807 78 37 The
1098 3806 99 43 Jury
1222 3814 74 22 was
1323 3800 165 35 allowed
1512 3804 35 28 to
1565 3798 46 33 ad-

259 3881 99 46 joun
385 3883 39 28 to
449 3868 254 44 Wednesday,
739 3855 110 43 ihen
878 3859 92 45 they
990 3855 112 35 found
1127 3865 25 21 a
1176 3852 145 35 verdict
1338 3850 59 34 for
1416 3849 64 34 the
1506 3847 109 35 Plain-

270 3930 69 37 tiff.

319 3976 83 35 The
417 3967 219 39 following.
653 3970 109 32 arm?
762 3970 28 32 .
808 3957 109 34 other
934 3952 151 35 curious
1102 3948 191 39 evidf-oce,
1312 3945 178 35 (mimed

1090 3997 93 35 Lord
1205 3996 69 33 ond
1300 3994 100 44 Lady
1424 3994 213 33 Mascarene

1095 4046 106 34 ISO?.
1257 4043 73 33 She
1349 4039 222 37 recollected
1591 4049 46 24 an

1062 4096 59 32 the
1139 4093 112 34 death
1271 4090 43 34 of
1336 4101 22 24 a
1375 4090 87 43 dog.
1518 4088 120 33 When

1074 4142 91 34 took
1187 4141 30 32 it
1234 4144 64 28 out
1317 4139 33 32 in
1369 4149 24 21 a
1410 4137 172 41 carriage
1604 4136 35 32 in

1082 4192 84 33 then
1186 4186 163 45 brought
1365 4186 28 34 it
1410 4185 125 39 home,
1546 4183 94 33 took

1081 4238 63 38 Fad
1168 4234 256 38 lamentation.
1480 4233 126 35 Witine

1650 255 94 31 went
1759 250 35 33 in
1813 257 38 26 to
1871 250 112 33 know
2006 247 105 35 what
2130 255 76 26 was
2229 243 64 35 the
2303 246 163 35 matter;
2493 239 65 37 sbe
2572 237 136 37 beheld
2726 237 64 35 the
2806 236 74 44 dog
2895 237 109 45 lying

1646 309 48 25 on
1714 296 64 38 the
1787 304 150 40 carpet,
1959 296 100 45 Lady
2082 295 57 34 M.
2159 304 46 24 on
2230 291 66 35 her
2316 291 115 34 knees
2446 288 175 47 weeping
2636 296 93 24 over
2743 286 46 43 it,
2815 286 71 34 and
2906 285 98 35 Lord

1651 348 54 33 M.
1724 348 50 43 by
1789 346 72 37 her
1877 345 79 35 side
1980 343 194 44 consoling
2198 340 78 34 her.
2330 338 74 35 His
2426 334 183 47 Lordship
2628 335 87 33 then
2735 332 90 37 took
2849 334 64 33 the
2928 332 76 45 dog

1650 396 35 34 in
1701 394 57 34 his
1770 405 98 24 arms
1886 392 71 35 and
1987 390 151 37 carried
2169 389 27 34 it
2216 393 38 30 to
2270 394 47 26 tut
2343 393 97 38 open
2460 383 162 37 window
2641 389 39 27 to
2699 381 84 46 give
2804 381 28 33 it
2850 391 24 24 a
2900 376 110 39 little.

1648 441 210 38 air—after
1872 451 102 26 some
1991 441 90 33 time
2101 438 45 34 he
2164 435 161 45 brought
2348 433 30 34 it
2406 433 37 34 in
2467 431 71 37 and
2561 431 78 35 laid
2670 430 30 34 it
2726 430 111 44 again
2869 438 46 25 on
2939 428 65 34 the

1649 498 158 39 carpet;
1839 488 105 47 lady
1965 490 52 32 M.
2033 484 213 39 exclaimed
2258 483 65 34 the
2340 482 76 45 dog
2430 491 78 25 was
2523 480 118 46 dying
2657 477 91 43 fast,
2774 477 30 34 It
2831 485 77 26 was
2923 485 83 25 air..

1650 540 120 46 minty
1787 550 110 33 gone.
1951 537 70 34 His
2041 533 187 45 Lordship
2244 531 149 33 assured
2414 530 64 34 her
2497 528 83 35 that
2598 527 30 34 it
2646 535 74 26 was
2739 536 79 31 not,
2835 526 71 33 end
2927 523 78 34 told

1652 589 66 33 her
1735 589 84 33 that
1837 588 47 34 he
1904 586 71 33 had
1993 595 81 24 seen
2093 592 110 34 many
2223 579 137 50 people
2376 578 78 41 die,
2474 578 69 33 but
2565 575 84 34 that
2661 582 85 35 was
2763 578 63 30 not
2843 573 59 34 the
2919 580 89 37 way

1652 637 89 46 they
1759 635 85 34 died
1860 647 13 28 ;
1897 634 71 34 and
1989 633 34 34 in
2037 631 112 35 order
2165 635 39 27 to
2223 626 175 37 convince
2428 625 69 34 her
2513 625 81 32 that
2614 620 66 35 the
2700 621 74 44 dog
2789 630 74 26 was
2882 624 65 32 not
2962 626 44 28 so

1651 696 90 25 near
1757 683 110 35 death
1887 693 43 22 as
1955 680 61 34 she
2041 676 201 48 supposed,
2270 676 45 33 he
2343 672 128 35 wtoitd
2490 671 104 35 shew
2621 670 69 34 her
2706 669 65 34 the
2796 676 148 26 manner
2969 666 38 34 in

1656 733 137 34 which-
1806 731 141 46 people
1975 726 209 44 commonly
2198 723 84 37 died
2296 735 12 28 ;
2336 722 45 33 he
2401 722 84 33 then
2503 717 185 37 stretched
2708 715 152 35 himself
2872 723 47 26 on
2940 713 67 34 the

1652 787 146 40 carpet,
1824 776 197 39 continued
2048 774 107 47 quiet
2185 772 60 34 for
2271 782 24 24 a
2322 770 103 35 little
2452 769 106 40 time,
2582 767 89 33 then
2702 763 133 35 turned
2859 759 154 37 himself

1657 830 97 34 from
1780 828 79 34 side
1878 833 38 28 to
1935 826 92 40 side,
2053 826 118 40 began
2191 826 37 28 to
2244 820 132 33 distort
2411 817 57 34 his
2500 816 177 39 features,
2708 819 102 27 stare
2839 810 93 34 with
2953 809 58 35 his

1652 886 104 37 eves,
1783 878 122 33 throw
1933 874 116 33 about
2070 872 56 33 his
2145 880 111 28 arms,
2287 866 106 35 work
2414 863 154 34 himself
2582 865 78 32 into
2687 859 65 37 the
2769 866 242 39 appearance

1655 926 46 34 of
1728 922 248 40 convulsions,
2002 920 71 34 and
2106 918 87 35 then
2223 914 150 46 expire.
2426 913 94 34 This
2554 920 106 25 scene
2693 908 112 44 being
2824 907 110 41 done,
2962 904 50 34 he

1657 972 165 35 returned
1845 976 39 28 to
1909 969 98 46 Lady
2028 969 56 33 M.
2113 965 70 37 and
2206 964 61 34 the
2285 961 87 45 dog.
2424 960 84 34 The
2535 948 19 66 N
2571 948 19 66 1
2608 948 73 66 ..7;
2711 957 85 32 then
2823 948 66 40 left
2910 952 103 34 them

1656 1023 70 34 and
1746 1019 138 37 retired
1904 1025 40 27 to
1959 1017 63 33 her
2041 1026 86 24 own
2147 1023 118 25 room.
2321 1011 44 33 In
2385 1009 63 33 the
2466 1007 152 40 mornin,
2654 1007 65 31 'he
2741 1002 116 35 found
2875 1002 51 33 all
2947 999 66 34 the

1657 1070 130 44 family
1809 1068 35 33 in
1866 1072 168 27 extreme
2052 1064 165 37 distress,
2246 1059 59 33 for
2333 1059 65 32 the
2413 1056 74 44 dog
2507 1065 77 24 was
2610 1051 168 44 actually
2797 1050 119 38 dead;
2944 1048 66 34 the

1656 1126 150 28 carcase
1826 1126 76 24 was
1920 1111 154 35 fuliered
2094 1116 39 28 to
2150 1107 136 37 remain
2308 1115 103 24 some
2437 1104 91 33 time
2556 1103 35 33 in
2619 1101 63 34 the
2700 1098 311 44 drawing-roam,

1656 1166 70 37 and
1757 1165 164 33 towards
1941 1161 61 34 the
2020 1157 156 43 evening
2196 1165 73 26 was
2289 1152 148 38 carried
2458 1153 77 32 into
2556 1149 61 34 the
2635 1149 197 33 bed-room
2856 1144 44 34 of
2917 1144 90 33 Mrs.

1659 1214 46 37 O'
1715 1214 125 35 Duran
1857 1218 39 27 to
1911 1209 47 34 he
1976 1206 150 41 waked,
2152 1209 91 28 next
2254 1204 73 43 day
2344 1211 24 25 a
2382 1200 155 34 number
2554 1191 47 40 of
2611 1196 136 45 people
2766 1204 104 25 came
2889 1199 38 27 to
2947 1192 66 33 her

1659 1264 128 39 house,
1813 1269 136 33 among
1963 1256 124 35 whom
2109 1261 77 26 was
2210 1261 24 24 a
2251 1248 175 47 plumber
2457 1246 92 34 with
2582 1254 25 25 a
2634 1243 86 35 lead
2738 1241 105 34 coffin
2870 1239 61 34 for
2949 1238 65 34 the

1658 1312 89 43 dog,
1772 1307 70 35 and
1869 1318 26 22 a
1923 1307 200 41 carpenter
2153 1299 92 34 with
2264 1307 46 24 an
2330 1300 110 31 outer
2456 1293 110 34 shell.
2617 1291 84 34 The
2719 1287 206 47 plumber's
2948 1296 44 24 ac-

1658 1363 111 32 count
1789 1367 76 24 was
1883 1355 51 33 4/.
1964 1352 73 35 lls.
2094 1348 118 34 When
2235 1346 63 34 the
2324 1352 154 27 carcase
2503 1350 78 26 was
2601 1345 64 38 put
2694 1338 78 33 into
2800 1336 63 33 the
2889 1333 124 41 coffin,

1658 1420 24 22 a
1700 1417 66 25 car
1786 1415 73 24 was
1878 1398 182 48 procured
2094 1402 39 30 to
2160 1406 109 33 carry
2289 1394 32 33 it
2354 1398 39 27 to
2413 1389 149 37 Antrim
2595 1387 142 39 Castle,
2761 1384 71 33 and
2854 1382 162 44 positive

1662 1456 128 33 orders
1812 1460 98 25 were
1926 1449 105 44 given
2063 1446 83 35 that
2177 1443 80 44 fifty
2276 1441 91 44 dogs
2386 1437 131 34 shoal
2549 1434 126 35 attend
2711 1433 64 33 the
2802 1429 142 35 funeral
2978 1428 38 34 in

1664 1504 117 34 white
1799 1498 132 41 scarfs,
1948 1496 70 34 and
2037 1495 83 34 that
2138 1491 53 35 all
2219 1491 63 34 the
2308 1491 90 43 dogs
2417 1486 45 34 of
2483 1485 61 35 the
2571 1482 129 47 parish
2718 1479 133 38 should
2869 1475 80 37 also
2968 1478 32 39 be
3000 1478 17 39 .

1665 1554 159 44 present.

2001 1596 326 47 Cross-examined
2346 1599 52 44 by
2417 1596 76 37 Mr.
2516 1594 146 35 EGAN.

1713 1685 77 35 Mr.
1806 1680 206 44 E.—Pray
2024 1675 159 41 Ma'am,
2202 1671 20 35 I
2238 1670 125 41 think,
2376 1668 34 35 if
2426 1669 19 35 I
2465 1677 60 24 am
2541 1670 66 30 not
2623 1659 201 46 mistaken,
2844 1656 83 40 that
2942 1667 73 39 you

1667 1744 100 26 were
1785 1729 161 38 married
1965 1726 128 34 before
2111 1728 39 30 to
2170 1731 67 24 one
2256 1719 145 40 Kellie,
2419 1728 22 24 a
2463 1715 107 34 fidler
2585 1713 14 35 ?

1715 1782 92 34 Mrs.
1828 1774 174 40 S.—And
2022 1782 116 35 pray,
2170 1770 73 33 Mr.
2275 1767 118 43 Egan,
2427 1763 104 34 what
2559 1761 66 34 has
2659 1759 83 37 that
2776 1763 41 30 to
2850 1757 47 35 do
2927 1753 93 38 with

1667 1830 74 35 this
1760 1833 136 30 matter
1911 1824 14 34 ?
1981 1820 96 37 lam
2095 1822 65 32 not
2173 1814 175 38 ashamed
2367 1812 44 35 of
2426 1809 138 46 having
2583 1809 91 33 been
2693 1805 163 37 married
2884 1811 38 30 to
2944 1805 78 33 Mr.

1672 1877 141 37 Kellie.

1721 1928 72 32 Mr.
1817 1919 159 39 E.—Oh
1993 1922 64 32 not
2075 1917 37 33 in
2132 1915 60 33 the
2209 1909 109 41 least,
2339 1907 158 41 Ma'am,
2533 1906 30 34 it
2589 1904 67 35 has
2673 1902 184 45 certainly
2870 1899 157 44 nothing

1672 1981 38 30 to
1728 1974 47 38 do
1798 1972 34 33 in
1851 1970 73 34 this
1937 1972 136 28 matter
2085 1970 40 28 at
2144 1961 69 40 all,
2225 1962 63 32 but
2307 1968 100 25 some
2428 1956 85 34 how
2536 1964 43 24 or
2589 1954 111 33 other
2717 1952 28 33 it
2759 1961 91 34 very
2869 1945 163 38 foolish•

1672 2024 39 41 Iy
1729 2028 105 28 came
1856 2019 80 34 into
1955 2026 56 33 my
2031 2009 286 43 head,—Pray,
2349 2003 161 41 Ma'am,
2541 2011 85 34 may
2646 2001 21 34 I
2685 2000 91 34 take
2794 1998 63 37 the
2870 1998 157 41 liberty,

1678 2072 17 32 I
1716 2066 105 38 think
1845 2076 74 34 you
1945 2070 96 26 were
2060 2068 92 25 once
2180 2067 43 24 on
2250 2055 64 34 the
2347 2062 119 34 stage,
2492 2049 72 35 and
2595 2048 19 35 I
2643 2048 93 34 have
2753 2053 25 31 a
2794 2042 94 40 fuint
2908 2043 124 34 recol•

1668 2118 143 35 lection
1822 2114 45 34 of
1883 2122 96 34 your
1989 2105 198 38 theatrical
2206 2104 145 34 talents.

1724 2166 91 34 Mrs.
1838 2158 175 37 S.—And
2035 2156 105 34 what
2158 2158 135 30 matter
2309 2148 45 35 of
2375 2148 83 34 that
2477 2143 143 47 though
2641 2143 20 35 I
2680 2143 98 34 have
2790 2141 93 34 been
2902 2148 47 25 on
2965 2137 66 35 the

1675 2219 229 37 stage--you
1916 2217 64 24 are
1995 2215 92 33 very
2105 2210 113 37 gross.

1727 2261 73 33 Mr.
1821 2252 260 41 L.—indeed,
2100 2248 158 41 Ma'am,
2277 2242 21 38 I
2317 2249 96 31 must
2439 2239 144 38 confess
2602 2236 20 38 I
2640 2246 60 26 am
2720 2241 100 41 gross
2837 2229 53 40 all
2911 2241 92 27 over
3019 2243 13 26 ;

1676 2309 109 35 there
1800 2301 182 44 certainly
2006 2300 28 34 is
2065 2309 48 22 no
2132 2300 133 31 matter
2287 2291 171 37 whether
2476 2298 73 37 you
2569 2289 97 34 have
2682 2289 92 31 been
2791 2294 46 25 on
2852 2281 64 35 the
2931 2285 103 38 stage
3045 2281 2 64 •

1676 2367 45 25 or
1734 2361 89 34 not;
1850 2362 43 25 so
1913 2350 81 34 that
2011 2346 103 37 after
2133 2343 158 44 burying
2308 2341 65 34 the
2400 2339 122 39 fidler,
2555 2346 73 35 you
2649 2334 94 34 have
2765 2341 85 24 now
2871 2326 163 38 married

1676 2406 64 33 the
1755 2400 250 48 apothecary.
2061 2394 19 34 I
2101 2392 155 35 wonder
2275 2391 27 32 it
2323 2398 77 26 was
2427 2385 164 46 possible
2608 2381 85 35 that
2713 2388 72 37 you
2810 2376 111 35 could
2941 2376 97 33 have

1677 2448 207 50 persuaded
1905 2446 76 34 him
2001 2451 37 27 to
2061 2440 136 47 poison
2219 2438 60 33 the
2295 2435 99 46 dog;
2425 2435 67 33 but
2507 2441 103 37 upon
2628 2439 61 34 my
2708 2425 87 43 life,
2824 2422 158 37 Ma'atn.
3013 2422 19 33 I

1677 2499 110 34 think
1819 2494 34 35 if
1883 2504 74 35 you
1993 2490 71 37 had
2093 2494 65 27 not
2178 2484 143 47 quitted
2357 2485 64 32 the
2439 2487 99 38 stage
2538 2487 20 38 ,
2591 2478 63 34 the
2673 2473 112 37 death
2804 2472 46 35 of
2880 2472 61 34 the
2960 2469 78 45 4,;g

1680 2545 124 38 would
1821 2544 97 34 have
1937 2537 164 38 afforded
2115 2546 47 22 an
2178 2533 189 34 excellent
2391 2528 145 48 subjeet
2555 2528 59 34 for
2641 2535 26 25 a
2682 2524 145 41 drama,
2855 2520 37 35 in
2908 2518 126 37 which

1678 2606 80 37 you
1768 2593 122 46 might
1909 2590 93 34 have
2021 2584 107 37 made
2145 2590 93 38 your
2261 2581 162 33 fortune.

1728 2644 92 33 Mrs.
1839 2637 167 37 S.—Mr.
2030 2635 123 44 Egan,
2171 2630 100 33 what
2287 2627 51 35 do
2356 2637 76 35 you
2452 2634 106 25 mean
2572 2619 13 39 ?

1728 2704 76 33 Mr.
1824 2698 162 38 E.--Oh
2009 2694 157 40 Ma'am,
2186 2692 18 34 1
2226 2700 104 26 mean
2350 2687 155 44 nothing
2524 2691 40 27 at
2582 2682 70 41 all,
2679 2681 66 33 but
2765 2678 143 46 permit
2921 2683 59 26 me
2999 2678 40 31 to

1677 2764 48 34 go
1746 2761 46 24 on
1809 2754 37 30 to
1866 2746 169 35 describe
2068 2744 84 32 how
2173 2737 233 45 charmingly
2428 2735 64 33 the
2523 2743 104 24 scene
2648 2727 124 34 would
2806 2726 94 33 have
2921 2724 92 32 been
3032 2734 12 27 ;

1682 2802 106 32 there
1806 2807 58 25 we
1881 2794 123 34 would
2026 2793 97 32 have
2139 2789 72 33 had
2228 2786 61 34 the
2308 2784 92 34 dear
2419 2781 99 35 little
2537 2780 74 43 dog
2626 2778 105 44 lying
2745 2784 44 24 on
2810 2772 63 34 the
2890 2776 154 39 carpet,

1678 2848 72 37 and
1770 2844 102 45 Lady
1892 2843 234 33 Massareene
2143 2833 172 46 weeping
2333 2836 93 31 over
2440 2830 56 40 it;
2526 2828 86 34 then
2630 2835 57 24 we
2708 2819 128 38 would
2855 2819 96 34 have
2970 2817 72 34 had

1685 2894 97 37 lihrd
1805 2893 231 34 Mastiareene
2057 2885 172 44 weeping
2249 2891 91 25 over
2368 2878 104 45 Lady
2497 2877 53 34 M.
2569 2887 11 27 ;
2608 2880 90 27 nest
2719 2881 58 24 we
2797 2867 125 37 would
2944 2867 98 32 have

1669 2943 86 34 •had
1773 2941 64 35 the
1853 2937 155 44 waking
2024 2934 45 34 of
2098 2931 64 34 the
2178 2931 89 44 dog,
2291 2928 73 35 and
2396 2928 73 33 last
2487 2926 43 33 of
2544 2924 50 33 all
2617 2922 63 33 the
2701 2915 217 43 interesting
2933 2913 90 34 exhi-

1682 2992 119 34 bition
1819 2988 46 33 or
1889 2987 63 33 the
1967 2981 161 41 funeral,
2146 2978 171 35 attended
2339 2976 48 44 by
2406 2973 52 35 50
2476 2974 69 43 dog
2549 2982 14 21 s
2582 2970 35 33 in
2635 2968 117 32 white
2766 2962 117 38 scarfs
2898 2974 11 30 ;
2941 2961 105 34 what

1682 3051 22 24 a
1722 3038 78 37 rich
1819 3032 203 39 collection
2041 3030 44 34 of
2099 3027 176 35 incidents
2293 3024 77 34 this
2389 3021 128 35 would
2537 3020 94 33 have
2652 3020 107 30 been.

1667 3093 13 21 '
1733 3099 74 34 Mr.
1825 3094 169 38 S.—Mr.
2015 3093 128 44 Egan,
2160 3098 72 35 you
2252 3094 64 25 are
2333 3094 90 33 very
2444 3081 106 34 rude.

1735 3163 76 34 Mr.
1832 3156 216 44 E.—Upon
2079 3162 63 35 my
2172 3149 80 41 life,
2274 3145 159 43 Ma'am,
2457 3145 19 34 I
2504 3145 133 33 Cannot
2657 3141 87 44 help
2764 3138 45 40 it,
2837 3133 20 37 I
2880 3130 86 40 well
2987 3142 40 26 re-

1685 3211 136 34 collect
1840 3216 97 35 your
1956 3206 76 33 first
2049 3206 253 39 appearance.

1737 3270 89 33 Mrs.
1852 3267 142 35 S.—So
2009 3265 48 34 do
2081 3263 37 43 I,
2133 3261 76 43 sir,
2237 3257 106 34 when
2363 3265 76 38 yon
2459 3262 103 37 upon
2581 3261 21 24 a
2621 3249 141 35 certain
2778 3246 175 38 occasion
2972 3244 60 33 for
3032 3244 20 33 ,

1689 3327 61 38 not
1770 3328 96 35 your
1883 3343 21 19 12)

1741 3327 9 25 t
1881 3322 123 26 crown.

1689 3348 20 17 n

1741 3381 72 33 Mr.
1838 3378 32 34 E
1889 3373 110 35 ---Oh
2016 3381 78 37 yes,
2124 3367 158 40 Ma'am,
2309 3363 89 38 such
2420 3363 122 44 things
2559 3359 211 35 sometimes
2791 3358 164 44 happen,
2980 3352 72 37 and

1694 3438 57 24 we
1767 3428 47 32 do
1832 3426 120 33 really
1976 3422 91 34 wish
2100 3426 39 27 to
2169 3417 124 43 forget
2311 3415 98 32 them
2427 3424 12 27 ;
2466 3415 67 31 but
2572 3409 15 33 I
2627 3418 76 24 was
2725 3407 92 44 only.
2832 3403 221 45 expressing

1694 3485 60 33 my
1773 3480 119 38 regret
1912 3461 78 45 that
2014 3478 73 35 you
2106 3464 131 35 should
2270 3463 96 34 have
2385 3459 71 35 left
2473 3459 66 33 the
2557 3463 120 38 stage,
2704 3455 107 45 when
2832 3462 74 37 you
2934 3450 124 44 might

1695 3526 93 32 have
1807 3521 109 34 made
1932 3529 94 34 your
2044 3516 163 34 fortune.

1743 3585 91 33 Mrs.
1858 3578 189 41 S.—Yes,
2082 3576 76 39 Sir,
2193 3572 33 35 if
2255 3570 18 35 I
2303 3570 74 34 had
2393 3566 200 38 continued
2610 3576 47 24 on
2678 3565 64 33 the
2758 3569 104 35 stage
2881 3557 70 35 and
2968 3566 89 37 pos..

1694 3632 116 37 sensed
1832 3628 85 34 half
1941 3635 93 37 your
2052 3624 217 40 effrontery,
2301 3620 17 33 I
2341 3617 119 45 might
2481 3615 164 45 perhaps
2661 3613 97 33 have
2776 3609 110 33 otade
2900 3618 60 32 toy
2980 3604 79 34 fora

1696 3689 110 31 tune;
1834 3679 84 39 hut,
1955 3676 78 40 Sir,
2053 3669 109 38 Wbea
2181 3679 73 35 you
2272 3669 118 44 speak
2412 3665 45 33 of
2483 3676 60 32 my
2563 3661 138 33 former
2721 3657 167 35 husband
2916 3652 124 41 Kellie
3040 3652 21 41 f

1702 3731 14 33 I
1734 3731 93 31 must
1846 3725 67 34 tell
1933 3733 90 34 you,
2052 3720 87 34 that
2157 3717 189 34 whatever
2367 3711 202 44 hardships
2582 3707 176 35 attended
2778 3706 56 33 his
2851 3703 149 34 fortune
3020 3699 38 34 in

1697 3776 83 40 life,
1808 3774 14 34 I
1845 3769 209 45 cheerfully
2076 3769 94 32 have
2189 3763 132 37 shared
2337 3762 102 34 theta
2463 3759 93 33 with
2577 3758 92 33 him.

1749 3839 72 32 Mr.
1847 3831 272 39 L.—Madam,
2153 3836 73 34 yois
2262 3833 85 35 may
2367 3834 48 34 go
2433 3819 184 37 down-1
2653 3817 93 34 have
2765 3826 46 24 no
2830 3820 104 30 more
2952 3819 110 39 quel-

1702 3886 110 33 tiUlll.

1755 3999 90 39 The
1878 3993 215 51 following
2112 3985 234 44 Provincial
2367 3987 151 37 Towns
2548 3981 105 39 have
2689 3974 123 43 voted
2833 3972 169 43 Thanks
3022 3976 47 33 to

1704 4055 80 38 Mr.
1805 4049 164 43 Wardle
1985 4046 66 39 for
2067 4045 59 39 his
2148 4041 193 54 patriotic
2356 4036 210 43 exertions
2587 4032 146 51 during
2751 4032 70 37 the
2850 4028 198 47 investiga-

1704 4109 86 37 tion
1828 4104 50 39 Of
1909 4102 70 39 the
2016 4100 148 39 libuses
2198 4093 169 43 relative
2399 4096 46 35 to
2467 4088 178 51 military
2670 4083 257 56 promotions
2944 4095 11 27 ;
2988 4080 80 37 Vl7.

1707 4159 256 41 Gloucester,
1995 4152 97 41 with
2132 4149 70 40 the
2220 4146 185 40 freedom
2427 4142 51 41 of
2490 4142 92 39 that
2602 4144 83 35 city
2709 4155 17 28 t
2941 4131 100 43 Deal
3064 4144 18 26 ;•

1708 4212 74 41 and
1806 4206 194 47 Bedford,
2028 4205 98 43 Ivith
2152 4204 67 39 the
2237 4199 184 43 freedom
2439 4196 50 40 of
2506 4196 90 46 that
2619 4199 126 33 tosln,

326 4002 13 9 J
359 4002 39 6 lIU
417 4002 11 5 s
600 4002 18 7 ..•
768 4002 4 13 .
801 4007 7 7 .

320 4025 94 34 31r.t.
433 4022 111 34 Socve
620 4013 44 33 of
687 4010 105 37 Dubl
801 4007 51 39 in,
986 4002 78 32 that

267 4082 109 30 ctiatte
394 4077 39 28 to
456 4068 20 33 I'
510 4076 20 22 c
741 4067 64 34 *se
823 4054 117 33 ithe
973 4058 92 34 ye:sr

684 4094 39 18 ...-
768 4091 21 22 q

269 4129 18 30 f
287 4129 18 30 t
305 4129 92 30 atras
420 4110 47 34 ,-
516 4119 124 47 ,`
640 4119 63 47 i

625 4131 15 25 .\
732 4106 81 34 *tee
868 4111 14 24 s
915 4098 125 41 erting
1062 4098 5 58 t

976 4154 2 25 .
1010 4154 44 24 no

317 4221 19 19 A
365 4212 13 18 '
380 4212 53 18 414(
435 4183 2 59 '
555 4196 8 12 ..
566 4202 37 40 10“
602 4202 13 40 .
615 4202 13 40 •
737 4183 4 59 •
749 4194 20 39 ....
770 4196 45 37 et
833 4196 15 39 If
849 4208 28 14 "'
893 4200 7 4 '
907 4183 6 53 .
913 4183 6 53 4
919 4183 6 53 •
925 4183 13 53 1-
938 4183 33 53 ..„,.
978 4193 33 41 .f

1019 4193 44 32 ite

267 4232 69 26 ors.
444 4227 12 8 •

266 4256 14 28 i•
354 4237 7 44 1
361 4237 21 44 111
383 4237 7 44 -
390 4237 7 44 -
445 4225 4 59 '
475 4243 8 20 4
526 4228 14 48 t
540 4228 14 48 ,
554 4228 14 48 i
568 4228 14 48 t
593 4225 21 51 '
614 4225 21 51 4
635 4225 21 51 s
657 4225 21 51 7
711 4225 4 59 •
752 4244 12 7 '
783 4225 5 59 '
856 4225 22 5 -

671 4237 5 40 -
686 4256 20 20 -r
706 4256 11 20 ,
724 4261 7 14 f
776 4250 33 27 s•,*
827 4252 20 5 ••
854 4253 6 7 •
927 4237 51 37 Vf
993 4237 22 22 L

266 4277 34 35 Pt
321 4276 12 28 1
389 4286 9 7 •
417 4281 26 25 '..,
470 4266 30 45 1%
600 4273 52 24 -.
678 4269 13 12 ..
821 4251 4 61 •
865 4251 2 61 •
977 4259 39 21 •C
1041 4251 22 26 a

410 4274 4 128 '
477 4311 21 12 -
521 4274 4 128 '
535 4294 85 39 -.---:•—•
628 4300 12 6 -
690 4305 6 22 :
705 4274 89 128 :VA
795 4274 1 128 .
817 4289 25 13 -"'
879 4274 5 128 '
950 4280 34 21 --
1003 4285 7 30 1

387 4388 27 18 4.
429 4380 31 35 v
498 4391 6 5 •

547 4406 26 9 __
600 4382 5 33 ,
665 4385 45 25 <„,
728 4382 19 17 ..:

770 4381 39 30 ..„.

827 4395 7 20 t
834 4395 7 20 ,
850 4375 22 35 :.•
924 4369 78 46 liej.,

2844 2047 45 34 lot
2908 2044 124 33 recol•

2844 2148 39 27 en
2902 2148 47 25 on
2965 2137 66 35 the

2844 2229 46 40 all
2911 2241 92 27 over
3019 2243 13 26 ;

2852 2281 64 35 the
2931 2285 103 38 stage

2844 2341 6 24 r
2871 2326 163 38 married

2844 2376 77 35 ould
2941 2376 97 33 have

2844 2422 138 37 ita'atn.
3013 2422 19 33 1

2880 2472 61 34 the
2960 2469 78 45 tbg

2855 2520 37 35 in
2908 2518 126 37 which

2844 2678 64 32 mit
2921 2683 59 26 me
2999 2678 40 31 to

2844 2734 57 25 lye
2921 2724 92 32 been
3032 2734 12 27 ;

2844 2783 28 22 is
2890 2776 154 39 carpet,

2855 2819 96 34 have
2970 2817 72 34 had

2844 2867 78 34 ould
2944 2867 98 32 have

2844 2913 201 45 tingexhi-

2844 2962 39 35 rfii
2898 2974 11 30 ;
2941 2961 105 34 what

2844 3133 13 37 I
2880 3130 86 40 well
2987 3142 59 26 re-

2844 3246 109 38 !mina
2972 3244 80 33 for•

2844 3366 111 35 ppen,
2980 3352 72 37 and

2844 3403 209 45 expressing

2844 3462 63 37 you
2934 3450 124 44 might

3358 3952 5 5 •

2844 3570 18 22 e
2881 3557 70 35 and
2968 3566 89 37 pos..

2844 3609 41 32 de
2900 3618 60 32 my
2980 3604 79 34 for•

2844 3657 19 33 ,m
2876 3657 12 33 1

2851 3703 149 34 fortune
3020 3699 38 34 in

2844 3820 90 30 nore
2952 3819 110 39 quel-

2844 3972 158 43 Thanks
3022 3976 47 33 to

2850 4028 220 47 investiga-

2844 4083 84 37 ions
2944 4095 11 27 ;
2988 4080 80 37 Vl7•

2896 4150 15 30 k
2941 4131 100 43 Deal
3064 4144 18 26 ;.

2682 86 220 58 APRIL
2934 89 53 54 9.

3185 0 286 102 ~~

3263 374 8 38 i
