3472 4417
221 91 106 52 233

217 220 129 31 NOMA.
360 216 176 34 Kindelley,
548 216 100 33 Long,
670 211 63 31 and
758 211 84 32 Ifice,
865 207 197 38 Gray's-Inn;
1093 207 63 28 and
1181 206 61 28 Mr.
1267 203 112 31 Mudd;
1401 198 154 30 Needham-

219 256 131 34 market,
370 254 214 35 Nottingham.

257 294 137 28 Thomas
415 292 115 35 Bailey,
549 287 167 34 Edghaston
716 287 18 34 -
733 287 113 34 streA,
859 282 198 33 Birmingham
1057 282 20 33 ,
1091 279 31 30 vi
1122 279 15 30 c
1137 279 46 30 tua
1183 279 78 30 ller,
1276 276 86 37 April
1387 276 51 31 21,
1453 276 37 25 22
1492 293 9 13 ,
1514 270 61 27 and

223 333 77 34 May
309 333 52 32 26,
385 334 33 24 at
431 330 113 31 eleven,
557 331 32 24 at
599 327 54 27 the
672 324 105 30 White
791 324 76 28 Hart
881 322 69 32 Inn,
972 319 216 32 Birmingham.
1231 315 164 31 Attornies,
1422 313 58 26 Mr.
1492 311 83 27 Cote.

223 370 111 32 atahle,
345 365 162 39 Symond's
522 367 69 31 Ann,
602 361 262 35 Chancery-lane;
874 360 61 28 and
951 359 61 27 Mr.
1028 354 322 35 Siincox,Bull-Iting,
1361 347 213 34 Birmiughatn‘

267 406 123 28 Samuel
405 405 129 34 Horton,
543 400 220 34 Bitaniughatn,
777 400 119 34 draper,
908 397 87 35 April
1013 398 44 31 IS,
1069 398 50 31 25,
1139 398 32 24 at
1185 393 113 32 eleven,
1317 390 61 30 and
1395 387 70 35 May
1476 390 48 30 20,
1543 387 33 26 at

226 448 69 31 tot.,
304 448 32 24 at
348 441 170 30 Guildhall.
561 439 158 34 Attorney,
733 438 61 27 Mni
811 437 123 31 Parton,
946 435 194 31 Hare-court,
1152 430 137 35 Temple.

265 480 103 32 Jonah
378 478 148 35 Rylance,
539 477 187 33 Pi:kington,
737 474 193 33 Lancashire,
943 467 350 33 cotton-manufacturer,
1307 462 81 39 April
1403 463 104 32 17,15,
1517 459 59 27 acd

227 521 77 35 May
315 521 52 30 20,
378 522 31 21 at
422 520 72 31 two,
515 520 32 24 at
570 515 54 27 the
652 513 110 28 Palace
785 514 66 28 Inn,
866 510 201 28 Manchester.
1109 504 162 34 Attornies,
1297 504 61 26 Mr.
1376 500 94 34 Edge,
1494 497 81 28 Back

228 557 206 32 King-street,
449 553 210 32 Manchester;
678 550 61 27 and
754 550 60 27 Mr•
828 548 89 34 Ellis,
930 547 253 30 Cursitor-street,
1196 540 249 37 Chancery-lane.

270 595 63 27 Das
343 593 31 28 id
386 593 85 28 Law.
481 589 67 37 jun.
565 588 206 34 Manchester,
783 586 276 31 common-brewer,
1081 581 87 35 April
1187 583 50 31 26,
1256 582 50 30 2S,
1325 576 60 30 and
1402 576 70 33 May
1483 576 50 30 20,
1547 576 28 22 at

231 631 117 34 eleven,
361 634 32 22 at
406 630 51 27 the
472 627 113 38 Spread
599 627 98 33 Eagle
706 626 66 33 Ton,
787 624 202 30 Manchester.
1029 619 164 33 Attornies,
1205 619 59 27 Mr.
1276 613 132 34 Daniell,
1419 611 139 31 Manches-

231 673 72 31 ter;
318 667 63 28 and
394 669 124 28 hlessrs.
536 665 97 30 Milne
646 664 60 27 and
719 664 104 34 Parry,
833 660 139 37 Temple.

274 706 84 31 John
379 706 189 33 Davenport,
580 700 208 33 Manchester,
808 700 100 31 baker,
921 697 86 37 April
1024 697 106 31 21,95,
1142 693 60 27 and
1221 693 69 33 May
1302 693 48 28 20,
1362 690 31 25 at
1402 692 69 27 two,
1480 689 32 25 at
1526 685 53 28 the

236 742 107 35 King's
357 743 90 28 Head
471 742 131 31 Tavern,
626 738 204 30 Manchester.
872 735 164 32 Attornies,
1059 735 60 26 Mr.
1141 731 170 31 Edmunds,
1333 723 150 35 Lincoln's
1504 726 77 31 Inn;

236 783 63 28 and
314 782 64 28 I%lr.
389 780 109 32 Teale,
510 778 182 34 Ritig.etield,
711 775 200 30 Manchester.

276 819 143 28 William
433 816 91 28 Tubb
537 817 60 27 and
611 817 109 28 James
732 814 102 34 Henry
848 811 38 28 A.
902 811 98 28 Scott,
1015 804 203 37 King's-road,
1230 802 139 34 Pimlico,
1380 807 201 27 nurserymen,

237 856 91 35 April
344 857 50 32 15,
402 856 51 32 22,
459 855 60 27 and
535 855 73 34 May
620 855 52 31 20,
683 855 32 26 at
724 850 117 32 twelve,
852 853 32 24 at
896 847 169 30 CUildhall.
1107 843 163 33 Attornies,
1283 842 123 28 Messrs.
1414 839 93 28 Junes
1520 836 60 27 and

240 894 120 33 Roche,
373 892 248 33 Covent..garden
635 889 214 27 church-hard.

278 930 85 32 John
377 930 84 34 Bull,
472 930 98 28 Grove
586 928 99 37 place,
696 927 77 33 Dept
778 926 17 26 ti
800 926 54 32 trd,
865 933 13 18 s
886 924 37 27 let
928 921 105 33 nailer,
1046 918 86 37 April
1149 920 102 31 11,22,
1261 915 59 27 and
1339 915 70 32 May
1420 915 48 31 20,
1478 914 32 26 at
1520 914 63 31 ten,

239 972 33 27 at
283 967 171 28 Guildhall.
497 967 158 33 Attorney,
672 966 58 26 Mr.
745 963 111 33 Drake,
870 960 60 27 Old
947 959 185 30 Fish-street,
1143 952 326 31 Doctors'-Commons.

278 1005 85 31 John
379 1004 203 33 Sunderland,
607 1004 107 27 Lower
728 1002 122 31 Backer,
865 997 174 32 Yorkshire,
1050 993 198 32 corn-dealer,
1261 990 85 35 April
1361 992 48 28 20,
1421 992 31 22 at
1468 986 56 33 six,
1533 987 50 31 21,

239 1044 65 27 and
327 1043 74 35 May
415 1045 51 31 20,
477 1045 32 24 at
526 1042 117 32 eleven,
653 1043 33 24 at
696 1039 52 28 the
762 1038 105 28 White
878 1037 79 27 Hart
971 1036 65 31 inn,
1054 1031 181 31 'Wakefield.
1276 1025 163 34 Attornies,
1461 1026 120 26 Messrs.

243 1081 100 30 Swale
356 1080 63 28 add
431 1078 111 34 Htxlis,
559 1078 109 34 Staple
685 1078 65 26 Inn.

281 1117 85 31 John
383 1117 141 33 Burwell,
537 1116 221 28 Union-street,
772 1110 98 30 North
885 1109 133 33 Shields,
1029 1107 196 37 upholsterer,
1240 1102 85 37 April
1337 1103 48 31 25,
1397 1104 31 25 at
1439 1103 61 28 ten,
1513 1101 72 33 May

243 1156 34 32 3,
287 1155 61 27 aad
361 1157 51 31 43,
433 1157 32 24 at
484 1154 112 32 eleven,
620 1156 34 24 at
666 1152 51 28 the
733 1152 139 27 Crescent
901 1150 67 26 inn.
996 1144 93 28 North
1111 1143 98 26 Shield
1209 1143 17 26 ,
1226 1143 17 26 .
1284 1139 161 32 Attornies,
1465 1136 118 31 Messrs.

244 1192 178 37 Me4gisoit,
433 1189 257 38 Hatton-garden,
703 1188 155 33 Holborn;
875 1186 63 27 and
956 1186 59 26 Mr.
1029 1182 171 32 Ramshaw,
1217 1178 94 30 North
1328 1175 128 30 Shields.

787 1241 265 30 DIVIDENDS.

286 1298 76 34 May
372 1300 32 26 3.
425 1296 132 28 Thomas
570 1293 131 30 Plumhe
720 1292 59 28 and
803 1289 141 31 William
957 1286 129 34 Woods,
1108 1284 106 30 Orm‘k
1221 1283 54 33 irk,
1298 1281 172 32 Lancaster,
1482 1286 85 20 manu-

247 1332 162 35 facturer',
420 1339 31 21 at
462 1333 116 32 twelve,
589 1338 33 20 at
630 1332 53 27 the
694 1331 98 27 Globe
804 1330 131 30 Tavern,
947 1325 198 31 John-street,
1162 1320 165 35 Liverpool.

289 1372 76 35 July
383 1376 31 24 ‘‘.
433 1371 83 28 John
530 1371 132 32 Turner,
690 1368 162 33 Sweillia;,
863 1365 128 32 Suffolk,
1011 1363 118 34 draper,
1150 1363 32 25 at
1204 1359 113 31 eleven,
1337 1358 32 26 at
1380 1354 52 30 the
1444 1352 65 31 Bell
1525 1354 67 31 Inn,

249 1410 244 30 Saxmundham.

292 1449 74 33 May
379 1450 27 26 1.
426 1447 84 28 John
521 1444 128 33 Gillam,
671 1442 194 33 Cambridge,
878 1439 167 32 merchant,
1056 1442 30 22 at
1098 1436 115 31 eleven,
1226 1436 31 26 at
1267 1431 52 28 the
1338 1430 92 28 Black
1443 1428 69 28 Bull
1525 1428 70 30 Inn,

250 1485 196 35 Cambridge.

289 1522 73 33 May
376 1524 30 25 d.
428 1520 132 27 Thomas
573 1520 53 31 Bros
626 1520 13 31 -
639 1520 67 31 tr.r,
720 1515 171 35 Liverrol,
904 1514 156 27 qationer,
1072 1513 30 25 at
1115 1508 117 32 twolvo,
1243 1508 31 26 at
1286 1504 167 30 Guildhall.

289 1559 91 37 .April
393 1561 50 25 '29.
463 1558 81 28 John
560 1556 94 32 Pate,
667 1554 148 32 Bi.:hopszt
815 1554 14 32 ,
829 1554 150 32 e-m.ret•t,
991 1547 209 30 haberdasher,
1212 1552 30 21 at
1256 1553 66 21 one,
1331 1545 32 26 et
1380 1540 164 28 liiiildh;pll.

291 1598 85 28 June
386 1598 51 28 'it).
458 1596 116 26 Georr.:.
591 1593 156 28 Robinson
759 1593 60 26 and
833 1589 83 31 John
931 1587 165 32 Robinson,
1115 1586 257 27 Pateraost•Jr-roA
1409 1580 12 26 l
1421 1580 73 26 000.!•

253 1637 32 27 at
299 1635 122 32 twelve,
431 1637 33 25 at
475 1625 169 34 Guildhall.

293 1671 74 34 May
378 1674 32 26 9.
438 1669 161 38 Benjamin
628 1668 77 34 Hill,
735 1665 92 30 Little
849 1665 46 26 St.
911 1658 235 33 Martiti'..-lace,
1170 1656 78 30 maxi
1251 1663 154 24 --mercer,
1429 1657 31 25 at
1486 1656 63 30 ten,
1567 1654 32 25 at

293 1747 72 35 May
378 1748 30 27 fi.
429 1743 84 32 John
528 1742 167 32 Simmons,
717 1741 161 31 Leicester,
899 1735 148 34 drTzgist,
1067 1737 33 25 at
1119 1734 115 32 eleven,
1252 1734 31 25 at
1307 1727 142 32 Mantle's
1467 1730 133 28 Tavern,

254 1778 206 40 III;h-street,

295 1821 73 35 May
433 1820 118 32 Geom
563 1818 77 30 Kirk
652 1818 60 28 and
724 1815 84 31 John
817 1813 90 33 Ford,
919 1808 325 32 Grocer's-hall-Court,
1254 1805 180 32 merchants,
1443 1807 30 24 at
1486 1802 116 28 eleven.

254 1860 33 27 at
299 1858 174 30 Guildhall.

295 1896 73 35 May
381 1898 32 25 S.
435 1893 133 28 Thomas
578 1892 118 32 NVade,
709 1892 92 26 Great
813 1890 45 26 St.
870 1885 131 34 Helen's,
1011 1881 254 32 drat.'-merchant,
1276 1883 28 24 at
1317 1887 69 25 one,
1395 1883 30 24 at
1434 1877 165 30 Guildhall.

298 1933 76 35 May
384 1937 51 22 W.
456 1930 141 28 William
615 1930 103 34 Henry
733 1924 209 33 Itavenscroft,
967 1922 125 30 Michael
1121 1919 107 28 Edwin
1254 1918 76 32 Fell,
1341 1917 60 26 and
1415 1918 44 26 Ja1
1459 1918 14 26 ,
1473 1918 45 26 103
1539 1916 43 26 En-

257 1971 111 32 twisle.,
383 1968 206 34 Manchester,
605 1965 267 37 cotton-spinners,
901 1967 33 24 at
956 1969 69 25 two,
1042 1964 31 22 at
1097 1958 51 27 the
1168 1956 201 34 Brikewatcr
1394 1955 99 33 Arms,
1513 1954 67 27 Man-

259 2008 132 30 chester.

302 2047 73 34 May
387 2047 31 25 3.
441 2042 112 31 Robert
569 2042 67 28 Roe
651 2040 60 28 and
726 2036 195 38 Christopher
940 2036 115 32 Moore,
1068 2030 120 33 Bristol,
1207 2029 181 34 merchants,
1402 2031 30 25 at
1442 2031 35 25 tw
1483 2028 77 31 dye,
1572 2030 30 25 at

259 2082 54 31 the
325 2082 113 28 White
454 2080 74 28 Lion
540 2080 66 30 Inn,
619 2078 122 30 Bri‘tol.

304 2121 73 34 May
389 2122 32 25 3.
439 2117 85 31 John
536 2117 146 33 Jackson,
700 2114 168 37 Liverpool,
881 2109 167 32 merchant,
1068 2113 34 25 at
1114 2107 115 31 eleven,
1251 2108 32 24 at
1294 2104 52 28 the
1365 2102 96 28 Globe
1474 2102 132 32 Tavern,

262 2158 208 32 John-street,
489 2154 172 33 Liverpool.

304 2194 74 35 May
391 2197 31 25 '2.
444 2193 116 32 Geroge
574 2189 178 32 Newcomb,
767 2186 87 34 Bath,
863 2184 144 35 jeweller,
1015 2186 31 25 at
1056 2180 117 32 twelve,
1185 2181 32 25 at
1230 2177 168 32 Guildhall,
1411 2177 133 27 Lirolon.

304 2231 91 35 April
407 2232 46 26 11.
474 2229 81 32 John
570 2228 154 34 Cheyney,
735 2225 233 30 Oxford-street,
981 2220 150 27 linen-drt
1134 2226 63 27 per.
1209 2220 30 24 ct
1248 2218 118 27 twelve.
1378 2222 27 19 at
1420 2213 167 27 Guildhall.

391 2271 32 25 2.
444 2265 139 31 William
594 2265 117 37 Bryaii,
722 2263 105 28 White
840 2262 189 28 Lion-vourt,
1042 2256 220 30 Birchen-lane,
1274 2252 164 32 Inercltant,
1452 2257 27 21 at
1494 2258 69 26 one,
1576 2256 31 22 at

307 2343 73 35 May
393 2344 30 27 C.
445 2339 76 31 Paul
530 2337 104 32 Bache
646 2336 61 33 and
720 2336 131 32 Andrew
863 2333 112 32 Bache,
986 2328 288 34 Basinahall-street,
1286 2333 31 22 at
1330 2324 115 32 twelve,
1456 2327 30 27 at
1498 2323 92 31 Guild-

266 2380 76 28 hall.

308 2418 73 28 May
394 2419 30 24 S.
446 2415 104 28 James
569 2413 125 34 Doxon,
715 2408 202 32 Manchester,
930 2406 111 33 dealer,
1059 2409 30 24 at
1102 2407 63 27 ten,
1185 2406 31 24 at
1235 2402 48 27 the.
1296 2401 202 33 Bridgewater
1517 2399 91 28 Arms

267 2454 67 32 Inr,
334 2447 2 39 ,
356 2447 200 33 Manchester.

308 2492 73 35 hiay
393 2493 30 25 2.
444 2487 113 39 Joseph
569 2486 92 31 Allen
672 2485 146 34 Peacock,
829 2483 213 30 Broad-street,
1052 2477 151 34 Ratcliffe,
1211 2478 235 31 cheeseinow;er,
1453 2478 31 22 at
1492 2473 116 31 twelve.

267 2532 34 26 at
315 2526 171 31 Guildhall.

309 2565 91 35 April
420 2565 50 26 519.
498 2559 117 40 Joseph
625 2561 102 37 Hirst,
749 2558 210 33 Suffolk-lane,
983 2557 233 30 cannon-street,
1239 2552 117 32 broker,
1380 2552 32 26 at
1430 2549 118 34 twelve,
1576 2552 33 24 at

639 2643 235 27 CERTIFICA
883 2641 210 27 TF:S----APII
1104 2640 45 24 11.
1175 2630 60 32 42'-).

308 2701 86 33 John
405 2699 124 33 Hindle,
539 2695 143 31 William
694 2695 123 30 Hindle.
831 2695 39 26 Li
879 2700 112 20 wrenre
1149 2691 58 25 any;
1225 2689 110 27 Ashton
1349 2686 168 32 Stansfield,
1531 2687 59 26 Lan-

270 2744 110 28 caster,
390 2735 253 37 calico-printers.
663 2733 174 34 Thotuomon
849 2732 139 31 Pearson,
1003 2730 93 27 South
1111 2725 320 35 Sltteld:.:ltipu,riglit.
1454 2724 156 28 Joitathan

270 2774 172 34 Crawford,
465 2773 260 33 Charles-square,
751 2771 131 31 lioxtou,
905 2767 262 28 inouo‘-seri‘(•uct
1179 2783 9 8 .
1383 2763 46 31 friu
1429 2763 11 31 ,
1440 2763 35 31 :t,
1500 2760 94 26 South-

268 2817 143 33 ampton,
430 2812 113 27 dealer.
582 2806 169 32 Zechariah
778 2806 137 37 Skpiug,
939 2805 228 34 Lucklersbury,
1189 2806 167 33 carpcuter.
1394 2800 84 28 John
1504 2800 110 32 Astoc,

273 2851 208 33 Manchester,
490 2844 282 40 liquor-merchant.

325 2974 174 38 Extract
510 2968 50 40 of
572 2981 25 27 a
614 2969 139 39 Letter
768 2963 110 43 from
898 2966 143 38 Monte
1059 2961 144 46 Video,
1220 2959 119 40 dated
1359 2969 52 27 on
1428 2956 69 39 the
1519 2954 94 40 11th

276 3027 50 39 of
344 3022 227 45 December
585 3039 72 21 :

383 3093 84 34 The
483 3097 93 28 state
604 3090 46 34 of
676 3100 71 24 our
774 3091 156 39 country
960 3085 28 32 is
1007 3084 100 35 truly
1126 3080 193 39 afflicting.
1354 3077 81 35 The
1453 3077 143 33 Govern-

272 3146 98 31 ment
399 3141 45 34 of
471 3139 70 34 this
572 3139 141 40 Town,
748 3133 281 39 understanding
1054 3132 78 33 that
1163 3131 61 32 the
1254 3129 164 41 Viceroy
1455 3123 44 35 of
1518 3123 103 33 these

274 3190 215 46 provinces,
526 3187 157 41 Liniers,
713 3196 76 22 was
819 3182 196 44 suspected
1054 3178 45 34 of
1127 3177 222 43 disloyalty,
1390 3174 69 32 and
1487 3171 133 40 taking
1632 3171 1 65 •

278 3239 176 44 warning
476 3234 94 35 from
601 3235 65 33 the
684 3233 76 34 fate
780 3231 41 33 of
836 3230 73 35 Old
932 3229 130 41 Spain,
1098 3226 145 44 (whose
1258 3223 83 33 ruin
1361 3231 74 22 was
1460 3217 159 41 brought

276 3287 119 34 about
423 3285 52 43 by
489 3282 63 34 the
570 3282 216 44 incapacity
804 3278 44 34 of
855 3279 45 34 its
911 3276 106 34 chief
1035 3269 265 46 magistrates),
1315 3268 215 45 impeached
1547 3267 80 32 him.

279 3333 135 34 before
432 3333 61 33 the
514 3330 96 35 Real
626 3328 222 37 Audiencia.
899 3325 93 34 This
1024 3322 171 45 superior
1215 3317 177 37 Tribunal
1416 3327 74 21 was
1508 3313 112 34 found

272 3392 43 25 as
333 3385 159 40 corrupt
508 3389 40 25 as
565 3379 47 34 its
634 3377 110 40 head,
769 3374 71 35 and
872 3372 259 41 unanimously
1159 3367 110 33 voted
1304 3367 35 32 in
1370 3365 106 33 favor
1493 3361 45 33 of
1563 3360 63 34 the

276 3428 250 38 Frenchman.
579 3426 116 44 They
715 3424 86 33 then
821 3419 187 38 consulted
1028 3419 90 32 with
1139 3416 73 34 him
1226 3416 116 33 about
1359 3411 191 43 sacrificing
1551 3411 18 43 -
1586 3419 39 24 us

273 3485 43 26 to
333 3477 104 34 their
454 3483 222 34 vengeance,
705 3471 72 33 and
809 3471 210 33 endeavour
1046 3472 38 27 to
1098 3465 155 44 deprive
1273 3474 37 21 us
1331 3459 41 34 of
1387 3470 66 22 our
1470 3457 156 45 upright

272 3526 73 35 and
363 3523 131 34 honest
513 3522 248 44 magistrates,
780 3517 71 34 and
862 3514 163 46 adopted
1037 3513 107 34 other
1157 3517 90 28 most
1269 3509 133 34 hostile
1417 3516 180 25 measures

270 3574 237 41 whereupon
536 3570 66 34 the
621 3568 139 45 people
781 3565 87 34 here
898 3562 162 35 asserted
1078 3561 98 33 their
1195 3560 131 43 rights,
1355 3556 70 33 and
1460 3554 148 33 volunta-

270 3622 79 44 rily
369 3619 148 35 formed
533 3628 24 22 a
581 3617 122 37 Junta
717 3614 56 33 'of
787 3615 261 34 Government,
1065 3608 124 33 which
1206 3608 91 43 they
1315 3602 241 37 established,
1576 3602 35 32 in-

275 3667 216 46 dependent
517 3665 46 35 of
601 3665 69 34 the
699 3663 181 43 Viceroy.
950 3659 93 34 This
1072 3658 30 32 is
1134 3657 60 32 the
1230 3654 157 33 obvious
1419 3658 84 37 part
1537 3647 44 33 of
1606 3659 20 21 a

270 3717 94 37 civil
403 3726 94 26 war.
549 3713 35 38 A
612 3717 119 41 party
759 3718 135 32 among
928 3707 61 32 the
1019 3704 226 35 inhabitants
1276 3700 43 34 of
1346 3699 283 41 Ilueuos•Ay'res

278 3765 113 44 being
407 3763 129 34 misled
567 3764 50 31 by
648 3761 99 33 their
767 3757 159 38 leaders,
952 3754 69 34 and
1041 3752 133 41 having
1191 3762 99 22 some
1315 3749 122 33 forces
1467 3752 40 27 at
1533 3745 98 33 their

274 3813 190 47 disposal,
487 3809 237 37 entertained
755 3806 118 45 hopes
904 3803 46 33 of
972 3802 141 33 Success
1129 3802 34 31 in
1195 3797 98 34 their
1312 3797 204 43 iniquitous
1545 3803 67 33 pro-

267 3863 122 45 jects,
416 3862 67 33 but
502 3869 56 24 we
569 3855 230 37 confidently
822 3853 99 44 hope
939 3857 40 27 to
996 3849 123 33 defeat
1134 3848 97 32 their
1248 3841 273 48 expectation,
1543 3852 66 33 pru-

273 3911 135 43 dently
428 3908 158 41 waiting
604 3906 60 33 till
681 3904 64 34 the
761 3902 132 38 Court,
913 3905 40 28 to
973 3898 120 35 whom
1110 3905 73 26 our
1195 3894 163 45 disputes
1374 3902 63 24 are
1455 3889 176 39 referred,

278 3960 100 33 shall
410 3960 98 32 have
524 3957 110 43 given
647 3961 103 24 some
769 3948 183 35 decision.
1007 3945 43 34 In
1068 3945 64 33 the
1150 3954 100 24 mean
1271 3943 89 32 time
1380 3951 54 24 we
1460 3939 70 34 feel
1552 3939 80 32 that

276 4009 106 37 these
415 4003 244 48 proceedings
678 4000 87 32 here
784 4007 67 25 are
878 3992 182 37 shameful
1077 3996 41 30 at
1144 4002 24 22 a
1185 3992 89 40 time
1294 3990 106 33 when
1429 3987 202 43 European

280 4057 119 33 stain
420 4056 28 33 is
468 4064 41 22 so
526 4048 207 46 oppressed
746 4046 72 34 and
833 4042 163 38 afflicted
1013 4054 12 28 ;
1054 4042 63 32 hut
1130 4050 54 21 we
1205 4039 90 32 have
1316 4038 63 33 the
1394 4035 237 35 -satisfaction

268 4103 58 37 ot
339 4103 196 44 knowing,
563 4098 83 33 that
669 4106 59 25 we
746 4096 96 33 have
856 4104 46 22 no
920 4090 112 33 other
1048 4088 157 33 motives
1222 4097 41 21 or
1281 4085 165 34 interests
1465 4083 87 34 than
1572 4082 61 33 the

311 4152 118 34 -relief.
455 4148 45 34 of
526 4147 139 35 Ferdin
670 4156 22 21 a
694 4144 46 33 nd
776 4141 102 38 VII.
907 4139 72 34 and
1007 4137 64 33 the
1098 4136 157 45 Spaoish
1289 4133 157 37 nation.'
1485 4133 17 35 I
1535 4130 97 33 shall

274 4198 194 39 hereafter
483 4198 107 35 remit
602 4205 79 37 you
698 4192 154 37 various
869 4185 333 39 ducuuleida.rei,itt
1202 4185 18 39 .
1220 4185 38 39 tc
1270 4192 37 25 to
1317 4183 102 33 these
1435 4189 133 26 ateastu
1580 4189 52 25 es.

0 2580 139 443 V

1104 77 148 51 TIE
1289 61 379 64 NATIONAL
1706 52 383 63 REGISTER.

2665 41 220 54 APRIL
2926 47 52 46 9.

1690 190 107 35 EAST
1819 190 45 35 17.0
1864 190 11 35 .
1874 190 71 35 11:01A
1969 182 305 43 HOURS.--The
2298 180 213 52 following
2530 177 107 53 ships
2656 187 104 30 were
2778 176 93 39 thus
2898 180 64 35 sta-

1637 240 137 41 tioned
1792 239 81 41 and
1891 237 139 47 timed,
2050 236 80 40 viz.

1685 311 131 44 Henry
1835 308 226 44 Addington,
2080 305 162 47 Captain
2263 299 276 48 Kirkpatriek,
2559 299 139 43 Bengal
2718 293 136 47 direct,
2871 302 39 28 to
2928 296 50 35 be

1637 359 115 34 afloat
1768 359 64 33 the
1851 358 84 35 14th
1955 357 44 34 of
2014 357 130 44 April,
2161 354 66 33 sail
2265 360 38 26 to
2328 348 213 38 Gravesend
2565 348 61 33 the
2643 346 91 37 30th
2757 347 112 41 ditto,
2896 352 86 39 stay

1638 409 100 33 there
1757 407 48 34 30
1820 406 110 44 days,
1946 404 69 35 and
2035 406 46 32 be
2099 404 37 33 in
2156 403 59 32 the
2235 400 143 35 Downs
2395 400 63 32 the
2476 396 102 35 sixth
2598 394 44 35 of
2654 396 116 34 June.
2828 400 11 1 -

1687 455 198 38 Charlton,
1905 452 164 45 Captain
2091 450 120 34 Wood
2232 461 11 27 ;
2264 448 217 38 Windham,
2506 442 387 38 Stewart—Madeira
2907 441 74 35 and

1644 502 151 43 Bengal.
1851 501 103 45 Lady
1975 500 239 44 Lashingtoni
2233 496 203 40 Nicholls;
2466 491 118 35 Sarah
2606 491 234 39 Christiana,
2872 491 81 32 Mac-

1641 550 107 33 keson
1766 562 12 28 ;
1804 550 168 32 William
1988 548 102 39 Pitt,
2109 544 182 39 Crowder
2307 556 12 28 ;
2354 543 57 33 Sir
2435 541 169 34 William
2629 540 200 43 Pulteney,
2849 539 112 34 Chris-

1641 596 325 46 topher—Bengal
1984 596 132 33 direct.
2172 593 139 39 Union,
2344 589 170 34 Gaillard
2533 600 11 26 ;
2574 587 299 44 Northampton,
2890 587 71 33 San-

1641 645 305 35 ders—Madeira
1959 644 71 34 and
2050 641 182 44 Bombay:
2283 639 58 34 To
2365 639 45 32 be
2427 637 119 34 afloat
2568 634 64 37 the
2646 626 90 44 SOth
2757 631 131 47 April,
2906 633 76 34 sail

1643 700 37 26 to
1709 693 210 34 Gravesend
1950 692 60 34 the
2041 680 86 45 11th
2152 689 43 34 of
2224 687 109 45 May,
2362 691 84 40 stay
2466 683 104 35 there
2585 684 50 33 20
2646 683 109 44 days,
2773 684 69 32 avid
2869 684 45 32 be
2944 681 39 33 in

1644 743 60 33 the
1726 742 143 34 Downs
1885 741 60 33 the
1959 739 64 35 9th
2043 738 44 33 of
2096 738 111 33 June.

1694 800 84 39 The
1795 798 115 39 three
1929 797 220 53 regiments
2166 794 48 40 of
2229 795 107 38 Foot
2354 791 161 40 Guards
2533 804 83 32 are,
2636 790 53 51 by
2711 788 124 40 order
2854 784 51 39 of
2920 784 63 40 Sir

1646 852 125 40 David
1796 850 177 45 Dundas,
1994 850 69 39 the
2078 862 85 26 new
2183 844 273 44 Commander
2471 844 40 39 in
2528 843 130 45 Chief,
2681 847 43 34 to
2739 841 50 40 be
2804 839 177 40 reduced

1645 912 40 34 to
1719 905 104 39 their
1844 902 171 53 original
2049 898 278 57 complement
2357 898 50 40 of
2428 898 61 40 six
2523 885 201 51 thousand
2758 907 89 26 men
2865 908 12 30 ;
2908 892 72 41 the

1644 958 220 40 battalions
1880 956 125 40 which
2028 969 70 25 are
2117 954 124 52 doing
2268 952 100 51 duty
2385 957 45 34 at
2448 951 221 43 Chatham;
2687 948 74 39 &c.
2784 960 67 25 are
2867 951 45 33 to
2933 945 53 39 be

1646 1011 124 41 called
1791 1011 57 41 in,
1869 1010 73 40 and
1964 1009 180 39 likewise
2160 1006 50 39 all
2228 1005 223 52 recruiting
2472 1003 167 53 parties,
2660 1002 76 38 and
2757 1002 71 37 the
2848 998 132 39 whole

1646 1078 113 40 corps
1780 1063 31 40 is
1831 1064 39 41 in
1890 1064 137 40 future
2044 1065 46 35 to
2106 1062 51 39 be
2176 1058 203 44 confined,
2398 1071 44 25 as
2457 1057 45 39 to
2518 1057 116 52 duty,
2655 1061 44 33 to
2724 1052 168 40 London
2904 1051 81 40 and

1648 1117 198 39 Windsor.

1700 1168 172 40 General
1889 1168 178 46 Brenier,
2087 1166 92 40 who
2199 1178 80 26 was
2297 1163 124 39 taken
2441 1161 181 54 prisoner
2644 1160 38 39 in
2700 1160 69 38 the
2787 1156 129 39 battle
2946 1156 52 39 of

1654 1224 189 44 Vimiera,
1876 1221 30 39 is
1922 1221 129 40 either
2072 1233 123 40 gone,
2223 1228 50 28 or
2290 1218 32 39 is
2340 1218 131 37 about
2502 1221 41 33 to
2578 1214 98 39 take
2696 1213 61 38 his
2777 1212 217 51 departure

1651 1277 64 39 for
1744 1278 163 37 France.
1963 1274 87 39 The
2080 1272 208 51 exchange
2314 1270 51 38 of
2396 1267 176 41 General
2591 1265 293 41 Abercrombie
2922 1264 73 37 has

1654 1335 84 40 not,
1762 1341 60 26 we
1844 1325 171 47 believe,
2044 1326 103 39 been
2174 1329 69 48 yet
2270 1323 184 43 effected,
2484 1319 156 52 though
2670 1318 118 38 there
2815 1317 30 37 is
2878 1329 115 25 some

1654 1381 155 51 ground
1832 1382 65 39 for
1911 1381 149 51 hoping
2081 1380 89 38 that
2189 1378 65 39 the
2271 1375 256 56 proposition
2539 1378 44 33 to
2597 1371 211 52 exchange
2829 1368 83 39 him
2927 1368 66 38 fo.ii

1656 1436 162 39 Brenier
1834 1434 80 39 will
1933 1434 48 38 he
2002 1430 206 53 accepted.
2258 1428 171 41 General
2461 1424 273 44 Abercombie
2772 1436 31 25 is
2831 1435 91 25 now
2952 1426 45 34 at

1659 1489 176 43 Verdun,
1867 1501 43 24 as
1928 1487 72 38 has
2016 1488 99 35 been
2135 1483 129 39 stated
2285 1482 38 40 in
2344 1487 106 34 most
2470 1480 51 40 of
2530 1479 69 43 the
2621 1489 155 39 papers.
2836 1476 61 38 Ile
2917 1487 80 24 was

1658 1540 175 40 arrested
1863 1540 38 38 in
1926 1540 156 51 pas.ing
2118 1535 178 50 through
2326 1537 168 43 France,
2523 1537 41 33 at
2597 1534 67 35 the
2686 1528 137 53 period
2846 1527 47 40 of
2926 1527 72 39 the

1659 1594 71 50 last
1755 1598 183 47 rupture,
1969 1593 72 38 but
2070 1593 51 37 he
2135 1590 70 39 has
2235 1590 102 39 been
2353 1587 65 39 for
2440 1583 152 43 several
2614 1596 117 43 years
2751 1583 38 37 in
2811 1579 188 53 England

1659 1662 48 25 on
1730 1646 57 38 his
1806 1645 152 52 parole.

1713 1698 146 52 Yearly
1881 1698 71 38 the
1981 1696 133 40 whole
2134 1695 48 39 of
2209 1695 71 39 the
2309 1691 244 40 foundation
2575 1689 47 39 of
2652 1690 67 38 the
2741 1687 79 39 late
2854 1689 143 48 Drury

1661 1755 106 37 Lane
1787 1753 178 37 Theatre
1985 1750 175 39 remains
2181 1748 170 52 perfect,
2382 1746 79 39 and
2480 1746 71 38 the
2576 1743 195 39 immense
2789 1741 211 50 archways

1661 1819 69 25 are
1744 1802 228 50 uninjured,
1994 1802 130 39 which
2147 1801 77 38 will
2251 1802 50 37 be
2321 1812 24 26 a
2374 1812 99 38 very
2494 1794 280 41 considerable
2794 1793 143 50 saving
2960 1802 39 27 in

1661 1860 69 37 the
1747 1863 122 34 event
1886 1857 48 38 of
1948 1854 69 40 the
2028 1854 248 51 re-building
2293 1866 22 25 a
2329 1865 86 26 new
2437 1851 193 38 Theatre.
2688 1846 89 39 The
2797 1843 207 41 materials

1663 1925 86 25 now
1770 1924 52 26 on
1845 1910 70 38 the
1932 1906 158 54 ground
2109 1920 67 25 are
2196 1904 214 41 estimated
2431 1906 45 35 to
2494 1903 51 38 be
2561 1900 130 39 worth
2721 1902 176 40 12,000/.
2921 1897 81 38 and

1663 1965 69 39 the
1759 1963 209 39 workmen
2006 1974 70 25 are
2109 1959 168 52 making
2314 1962 120 47 great
2466 1968 187 41 progress
2689 1954 40 38 in
2764 1950 129 54 piling
2929 1949 74 41 the

1667 2017 135 39 bricks
1815 2015 80 41 and
1916 2015 209 51 removing
2145 2017 69 34 the
2233 2010 183 40 rubbish.

2216 2153 207 40 POLICE.

1716 2225 65 37 Ms
1793 2236 22 25 tt
1828 2222 346 40 T.nostottotr-STa
2215 2219 146 37 ET.—A
2383 2229 83 24 man
2484 2216 45 35 of
2544 2216 162 40 fashion,
2739 2212 126 34 whose
2898 2218 109 28 name

1668 2277 27 33 it
1717 2276 142 39 would,
1880 2275 175 45 perhaps,
2086 2271 48 33 be
2165 2268 210 44 imprudent
2407 2274 40 26 at
2487 2269 144 40 present
2667 2269 38 26 to
2737 2261 177 37 meution,
2944 2257 65 33 has

1668 2326 89 32 been
1773 2323 145 33 'several
1936 2322 90 41 days
2044 2322 35 31 in
2098 2319 257 38 confinement,
2383 2327 45 20 on
2445 2313 63 33 the
2525 2311 133 44 charge
2678 2309 45 34 of
2750 2308 135 38 having
2913 2304 96 34 been

1667 2373 119 43 guilty
1817 2369 45 33 of
1874 2381 21 21 a
1915 2369 202 43 disgusting
2144 2365 115 34 crime
2287 2363 34 32 in
2349 2362 61 33 the
2433 2361 123 38 Park,
2585 2361 118 31 about
2721 2362 59 27 ten
2815 2355 90 41 days
2920 2363 91 32 ago.

1672 2421 57 32 He
1754 2419 195 44 yesterday
1971 2415 216 34 underwent
2209 2422 25 22 a
2250 2408 129 37 second
2398 2408 273 34 examination.
2726 2405 80 33 The
2826 2402 187 33 witnesses

1667 2467 139 41 against
1830 2465 77 34 him
1926 2473 97 25 were
2042 2470 77 26 two
2140 2470 146 35 persons
2306 2456 45 37 of
2378 2456 96 45 good
2505 2456 213 38 character,
2748 2451 84 35 who
2850 2459 76 24 saw
2946 2447 67 33 the

1669 2513 241 34 transaction.
1962 2511 32 34 A
2022 2511 139 33 soldier
2187 2506 196 44 belonging
2409 2510 39 28 to
2476 2504 64 32 the
2565 2500 143 35 Guards
2740 2509 74 24 was
2841 2497 64 34 the
2931 2496 87 44 pri-.

1668 2562 133 34 soner's
1819 2561 222 44 companion
2057 2565 39 26 at
2125 2556 64 34 the
2212 2556 90 32 time
2320 2552 45 34 of
2396 2552 56 33 his
2469 2551 188 33 detection
2672 2562 12 27 ;
2714 2549 65 31 but
2799 2545 59 37 the
2872 2543 143 35 former

1670 2610 154 45 escaped
1844 2621 24 19 %k
1880 2609 52 32 ith
1950 2607 61 34 the
2024 2606 63 35 aid
2104 2604 45 33 of
2163 2615 25 21 a
2199 2602 184 43 bludgeon
2405 2601 44 32 he
2470 2598 84 33 held
2576 2598 33 32 in
2628 2596 56 34 his
2704 2594 110 34 hand.
2833 2591 81 35 The
2931 2591 84 44 pri.

1668 2668 104 24 sinter
1791 2656 181 41 carefully
1993 2655 59 33 hid
2074 2654 56 33 his
2153 2650 93 39 face,
2282 2650 215 43 yesterday,
2515 2646 130 41 during
2673 2644 53 32 his
2744 2640 269 35 examination

1672 2718 27 21 w
1711 2706 51 33 ith
1781 2715 22 22 a
1824 2700 273 37 handkerchief
2120 2701 45 32 he
2202 2698 80 34 held
2317 2696 146 44 against
2498 2694 56 34 his
2585 2689 196 39 forehead,
2809 2699 38 22 so
2865 2687 85 33 that
2969 2695 47 24 no

1672 2764 66 24 one
1755 2753 109 33 could
1885 2751 159 44 possibly
2065 2746 157 44 identify
2244 2746 54 33 his
2311 2754 144 34 person.
2513 2741 60 34 He
2594 2750 76 24 was
2688 2734 227 38 committed.

3041 2770 4 4 •

1720 2813 170 37 Another
1907 2813 132 39 charge
2054 2809 47 37 of
2113 2822 22 21 a
2153 2807 169 34 different
2337 2811 132 28 nature
2489 2813 76 24 was
2583 2800 112 34 heard
2714 2809 24 24 a
2753 2798 71 34 few
2838 2797 93 41 days
2946 2804 73 34 ago

1677 2863 119 34 which
1818 2861 80 34 will
1916 2861 136 32 furnish
2082 2863 133 28 matter
2233 2856 59 33 for
2311 2864 24 22 a
2361 2852 117 43 Jury,
2504 2850 133 45 highly
2656 2844 223 47 disgraceful
2898 2850 40 27 to
2955 2843 66 34 the

1675 2910 168 34 accused.
1894 2910 80 33 The
1993 2907 139 43 charge
2148 2904 27 32 is
2193 2903 148 44 against
2357 2911 24 22 a
2400 2909 133 34 person
2556 2898 37 32 in
2616 2895 96 45 good
2732 2895 287 32 circumstances

1677 2960 57 33 for
1752 2957 187 39 violating
1954 2956 60 33 the
2027 2953 183 43 daughter
2228 2950 43 33 of
2283 2950 54 32 his
2357 2948 136 40 friend,
2507 2956 25 24 a
2544 2944 102 35 child
2662 2943 137 33 twelve
2815 2950 107 33 years
2941 2937 83 39 old,

1676 3006 67 34 and
1760 3007 35 32 in
1815 3006 63 32 the
1897 3004 109 33 lonise
2019 3001 45 33 of
2081 3002 64 32 her
2161 3002 144 40 parent.
2357 2995 80 34 The
2458 2993 167 35 offender
2652 2991 30 33 is
2699 2989 64 39 the
2784 2986 132 37 child's
2933 2986 70 43 god-

1678 3054 136 39 father,
1828 3064 24 24 a
1861 3052 266 34 circumstance
2147 3046 120 34 which
2287 3043 91 37 adds
2394 3050 40 28 to
2451 3044 64 32 the
2531 3039 184 44 enormity
2732 3035 46 34 of
2789 3035 61 34 the
2868 3034 155 34 offence.

1727 3119 402 39 Bow-STREET.--A
2161 3126 143 24 woman
2324 3115 63 34 has
2417 3113 94 32 been
2542 3111 37 34 in
2610 3106 157 44 custody
2797 3105 58 34 for
2880 3102 148 37 several

1680 3172 105 39 days,
1812 3182 47 22 on
1878 3182 24 22 a
1917 3170 131 41 charge
2067 3165 46 34 of
2133 3165 159 40 uttering
2308 3158 223 39 counterfeit
2548 3158 184 39 shillings,
2748 3159 40 28 at
2810 3152 119 35 Ilford
2949 3151 74 33 and

1681 3221 46 33 its
1755 3216 304 45 neighbourhood
2075 3228 9 27 ;
2114 3213 70 35 and
2207 3210 99 35 after
2323 3208 226 44 undergoing
2581 3204 141 33 several
2737 3200 292 39 examinations,

1681 3269 64 33 she
1762 3266 185 37 confessed
1977 3263 80 34 that
2092 3262 67 33 she
2176 3261 154 33 became
2346 3256 189 46 possessed
2559 3253 46 34 of
2619 3255 98 31 them
2735 3252 48 33 by
2807 3249 221 44 purchasing

1684 3315 96 34 them
1812 3314 46 35 of
1881 3325 24 22 a
1935 3321 79 24 man
2031 3309 46 34 of
2089 3308 65 35 the
2171 3318 103 25 name
2293 3306 46 34 of
2357 3304 165 40 Bowles,
2550 3302 84 32 who
2653 3299 142 35 resided
2816 3299 33 32 in
2867 3296 142 43 George-

1683 3367 124 37 street,
1839 3360 304 43 Bethnal-green,
2169 3361 39 28 at
2226 3356 65 34 the
2306 3359 80 28 rate
2396 3351 45 34 of
2458 3352 76 33 10s.
2559 3348 58 33 for
2639 3347 44 34 11.
2700 3360 11 27 ;
2743 3347 69 33 and
2833 3345 27 33 it
2880 3343 111 44 being
3006 3351 25 24 a

1685 3411 187 45 principal
1890 3410 123 43 object
2031 3406 92 33 with
2148 3405 72 34 Mr.
2245 3400 148 40 Towel,
2413 3400 65 32 the
2509 3397 178 35 Solicitor
2704 3393 46 34 of
2764 3393 64 34 the
2846 3391 116 40 Mint,
2991 3396 44 27 to

1685 3459 113 32 admit
1821 3458 66 33 her
1903 3467 45 24 an
1958 3455 177 34 evidence
2151 3452 59 38 for
2224 3451 63 33 the
2308 3450 152 38 Crown,
2481 3445 46 34 he
2544 3443 202 46 employed
2783 3439 244 45 Humphreys

1691 3506 229 40 Limberick,
1949 3504 70 32 and
2053 3502 132 38 Jones,
2212 3504 40 28 to
2281 3497 66 41 lay
2378 3507 25 22 a
2426 3495 148 33 scheme
2603 3482 91 44 with
2715 3490 64 33 the
2805 3497 143 25 woman
2993 3491 40 26 to

1685 3554 246 33 corroborate
1957 3550 65 33 her
2039 3549 196 41 testimony
2254 3546 143 44 against
2420 3543 164 39 Bowles,
2613 3537 126 35 which
2773 3536 87 44 they
2880 3531 158 35 accord.

1689 3602 100 43 iogly
1822 3602 79 32 did.
1954 3599 105 33 They
2086 3607 96 33 gave
2211 3596 64 32 her
2310 3599 57 27 ten
2383 3589 170 43 shillings
2582 3588 91 33 with
2706 3586 124 33 marks
2855 3593 46 24 on
2920 3581 119 39 them,

1689 3651 48 43 by
1759 3648 128 34 which
1922 3647 86 43 they
2026 3645 110 34 could
2167 3639 158 46 identify
2359 3640 116 38 them,
2500 3635 69 35 and
2589 3641 74 27 sent
2694 3634 65 33 her
2794 3638 38 26 to
2855 3628 183 45 purchase

1691 3704 138 37 twenty
1844 3693 222 37 counterfeit
2092 3691 185 44 shillings,
2297 3699 47 22 on
2379 3686 187 41 Saturday
2598 3683 171 40 evening,
2794 3684 39 28 to
2856 3674 183 38 Bowles's

1693 3746 124 33 house.
1869 3745 80 32 The
1967 3742 142 33 officers
2124 3738 138 33 waited
2285 3746 46 24 on
2348 3735 64 35 the
2430 3732 144 34 outside
2593 3730 45 33 of
2649 3730 61 33 the
2725 3729 90 39 house
2815 3729 18 39 s
2832 3729 19 39 ,
2876 3725 89 39 and,
2991 3732 51 25 on

1695 3795 63 31 her
1785 3791 148 39 coming
1964 3797 79 31 out,
2074 3788 69 34 and
2179 3784 165 41 learning
2363 3784 79 32 that
2461 3782 66 32 she
2546 3778 66 33 had
2633 3777 106 33 made
2753 3774 66 34 her
2836 3771 204 47 purchase,

1693 3843 87 40 they
1802 3837 169 37 knocked
1990 3843 38 26 at
2044 3837 66 32 the
2130 3835 109 38 door,
2272 3830 70 34 and
2375 3828 138 44 having
2530 3826 131 45 gained
2676 3823 249 37 admittance,.
2948 3819 93 44 they

1693 3888 174 34 searched
1907 3886 144 34 Bowles
2085 3883 71 33 and
2192 3882 54 33 his
2277 3878 103 41 wife,
2412 3876 72 34 and
2518 3872 112 37 found
2665 3882 102 34 upon
2796 3870 64 32 her
2889 3869 63 33 the
2982 3872 60 28 ten

1694 3934 154 35 marked
1869 3934 180 40 shillings,
2085 3931 123 33 which
2228 3930 63 33 the
2313 3927 145 33 woman
2480 3922 71 32 had
2581 3921 85 45 paid
2699 3921 59 31 for
2776 3918 60 33 the
2856 3914 188 46 purchase

1694 3986 40 31 of
1750 3984 61 32 the
1839 3981 223 35 .counterfeit
2093 3978 183 39 shillings,
2306 3973 71 35 and
2407 3972 70 38 160
2509 3967 223 38 counterfeit
2748 3965 183 41 snillings.
2983 3961 61 33 On

1682 4011 4 54 .
1700 4032 146 33 Bowles
1869 4039 97 25 were
1984 4028 111 35 found
2122 4025 144 37 several
2297 4019 221 41 counterfeit
2554 4017 182 41 shillings,
2789 4013 40 33 In
2848 4013 61 32 the
2931 4011 115 34 house

1697 4091 73 22 was
1788 4078 113 33 found
1922 4078 60 32 the
2007 4084 148 37 copper
2172 4071 203 44 trimmings
2402 4068 45 34 of
2472 4068 64 33 the
2569 4065 187 37 shillings,
2772 4061 69 33 and
2859 4069 124 25 cream
3004 4055 46 35 of

1695 4135 117 27 tartar
1843 4127 38 33 in
1915 4136 44 21 an
1975 4126 155 32 earthen
2148 4121 112 34 vessel
2284 4126 40 26 to
2356 4116 132 34 colour
2507 4121 6 5 '

1698 4186 97 27 were
1812 4172 198 38 examined
2027 4170 133 38 before
2172 4169 77 37 Mr.
2285 4166 124 44 Read,
2426 4174 60 27 any

3449 84 22 53 J

3450 184 21 14 qii

2490 4106 1 46 •
2507 4110 228 39 them.--On
2765 4107 169 44 Tuesday
2957 4106 89 46 they
3441 4106 31 5 ~,

2490 4163 9 35 I
2512 4160 216 39 coutatitted
2744 4156 59 37 fur
2816 4165 12 25 t
2833 4154 89 37 60.
3441 4133 30 24 l4

3435 4180 37 34 PI
