3472 4417
715 206 130 76 ebe
867 204 242 81 pulpit.

418 364 83 35 The
523 364 149 45 Pulpit.
697 364 203 43 therefore,
927 365 73 35 and
1023 365 17 37 I
1057 373 104 28 name
1181 365 31 33 it
1225 363 102 39 ljlled

419 411 109 33 With
547 415 137 32 snleinn
700 423 100 30 awe,
827 412 84 37 that
927 415 85 37 bids
1029 424 56 22 me
1115 411 81 35 weil
1215 415 151 32 beware

419 459 109 34 With
550 461 102 38 what
674 462 116 34 intent
811 461 20 39 I
852 463 115 37 touch
989 461 81 38 that
1090 462 90 44 holy
1193 461 106 44 thing

482 614 283 45 LECTURES
795 618 71 40 ON
896 619 117 44 THE
1044 618 269 47 LITURGY,

591 698 63 39 By
679 699 47 37 G.
745 698 332 46 ANDREWES,
1109 699 109 38 DID.

873 771 59 27 op

385 824 66 35 Sr.
477 822 89 38 .1.11
567 822 128 38 IIES's
718 823 241 44 CHURCII,
989 835 50 26 lY

554 933 328 33 ritELININARY
926 934 327 31 REFLECTIONS.

281 985 150 46 MAE
459 984 72 44 the
560 991 353 38 commencement
932 985 46 39 of
997 998 66 39 my
1098 985 168 41 clerical
1303 985 228 46 Criticisms,

228 1036 111 43 have
367 1037 240 52 repeatedly
626 1037 233 39 considered
891 1037 73 40 the
981 1038 90 40 title
1090 1037 51 54 by
1175 1037 132 46 which
1344 1038 92 51 they
1476 1050 104 28 were

229 1091 87 44 first
333 1089 242 57 designated
595 1106 11 30 ;
637 1089 94 47 and,
754 1090 174 41 anxious
941 1097 47 38 to
1007 1103 167 27 remove
1193 1103 124 40 every
1350 1089 229 52 objection,

227 1143 15 38 1
267 1156 66 26 am
352 1156 92 27 now
456 1142 171 45 induced
645 1148 43 33 to
704 1142 105 40 alter
822 1142 46 40 It.
900 1144 91 43 The
1007 1144 129 41 words
1153 1146 178 47 Popular
1343 1144 235 45 Preachers,

224 1196 161 52 though
406 1194 198 60 perfectly
622 1195 233 52 significant
874 1196 51 40 of
959 1211 66 38 my
1048 1194 177 54 original
1245 1196 97 50 aim,
1371 1199 17 40 I
1422 1195 94 43 wish
1535 1202 43 33 to

224 1250 215 51 exchange
457 1247 65 40 for
544 1248 113 45 those
678 1248 51 44 of
745 1252 79 37 The
847 1250 149 48 Pulpit,
1016 1263 43 32 a$
1077 1251 222 52 admitting
1315 1248 50 39 of
1377 1248 200 41 extended

224 1303 81 39 and
337 1302 227 51 ,extending
582 1299 300 56 applicability,
913 1304 79 38 and
1013 1316 44 27 as
1088 1303 215 53 obviating
1332 1302 71 40 the
1422 1302 130 53 impro-

222 1355 137 54 priety
391 1355 129 41 which
540 1365 129 30 seems
699 1367 43 27 to
777 1356 157 46 attach,
966 1357 136 52 owing
1135 1359 47 35 to
1220 1368 194 30 common
1435 1369 139 38 usage,

222 1415 47 32 to
305 1408 69 47 the
403 1409 113 39 word
555 1407 187 54 popular.
803 1408 109 53 Holy
933 1408 137 53 things
1088 1408 176 40 demand
1285 1408 94 52 holy
1416 1409 128 39 words
1563 1424 11 30 ;

223 1460 79 44 and
333 1461 209 45 therefore
575 1460 146 45 words,
752 1474 56 26 no
829 1461 72 41 less
920 1461 100 39 than
1057 1474 105 32 men,
1200 1460 163 45 should,
1391 1461 156 43 whenso-

222 1526 97 30 ever
340 1513 78 46 this
438 1513 46 39 is.
490 1512 266 53 practicable,
778 1514 48 41 be
842 1520 60 38 set
922 1520 122 52 apart
1064 1514 63 40 for
1146 1513 72 40 the
1232 1526 67 32 use
1318 1513 47 39 of
1374 1513 69 40 the
1461 1526 90 27 sanc-

220 1572 141 46 tuary,
390 1565 80 40 and
506 1566 263 41 consecrated
801 1572 44 35 to
875 1567 53 39 its
959 1566 164 41 service.
1181 1570 18 37 1
1233 1566 174 54 proceed
1426 1571 45 35 to
1502 1565 70 41 the

217 1620 163 50 subject
396 1619 143 38 before
555 1631 59 26 us.

274 1675 169 51 Prayer,
476 1670 231 56 presenting
725 1672 70 40 the
815 1671 86 41 sole
932 1672 180 40 medium
1147 1671 52 41 of
1220 1672 248 41 intercourse
1501 1671 47 40 be-

216 1730 136 35 tween
381 1726 73 44 the
494 1727 195 40 Creature
717 1724 79 40 and
827 1726 63 39 his
925 1727 184 46 Creator,
1140 1726 181 45 between
1351 1724 215 53 humanity

216 1780 83 40 and
317 1778 193 54 divinity,
537 1776 129 43 forms
681 1789 79 28 one
796 1778 52 40 of
876 1778 70 41 the
978 1785 105 34 most
1110 1779 226 59 important
1363 1776 136 41 offices
1530 1778 37 40 in

217 1831 132 44 which
371 1831 71 41 the
463 1843 92 30 race
593 1831 48 38 of
671 1844 92 27 man
791 1845 73 27 can
894 1832 178 53 possibly
1103 1844 176 47 engage.
1337 1833 230 39 Numerous

216 1898 72 26 are
307 1885 72 45 the
396 1881 260 43 formularies
686 1884 52 39 of
751 1884 235 46 devotional
1019 1885 276 46 intercession,
1325 1883 180 41 national
1526 1897 44 26 as

219 1937 90 40 well
330 1951 45 28 as
392 1936 242 47 individual,
666 1937 158 39 written
856 1937 54 52 by
931 1937 136 43 divers
1085 1937 116 52 pious
1234 1950 181 38 persons,
1439 1936 128 40 which

217 1990 110 41 have
366 1988 261 53 accordingly
667 1989 203 52 appeared
918 1990 40 39 in
1000 1990 65 39 aid
1102 1989 50 44 of
1181 1989 191 52 religious
1406 2002 161 39 prayer.

220 2042 263 52 Christianity
516 2041 71 39 has
607 2042 102 39 been
736 2042 220 53 eminently
979 2042 239 53 productive
1256 2041 53 43 of
1326 2041 96 41 such
1456 2054 92 28 coin

215 2096 214 53 positions.
506 2096 124 50 Many
678 2095 51 41 of
755 2108 77 28 our
868 2101 106 35 most
999 2094 294 56 distinguished
1338 2094 231 40 characters

224 2163 154 39 among
402 2148 70 39 the
494 2146 115 54 laity,
659 2163 43 26 as
737 2148 154 53 clergy,
922 2148 40 39 in
1002 2154 105 34 state
1134 2163 43 26 as
1206 2147 39 39 in
1266 2146 169 46 church,
1465 2147 105 40 have

216 2200 257 56 bequeathed
510 2204 45 40 to
593 2212 46 27 us
654 2202 256 48 inestimable
938 2202 209 53 examples
1179 2202 53 39 of
1247 2203 116 51 pious
1383 2211 182 43 prayers.

216 2257 58 38 As
311 2261 44 33 to
383 2255 79 38 this
502 2257 91 47 part
620 2254 50 39 of
692 2254 183 41 national
914 2254 213 47 devotion,
1168 2265 196 28 common
1390 2258 177 48 'prayer,

215 2307 34 41 it
280 2306 31 43 is
343 2306 171 43 difficult
533 2311 43 35 to
593 2308 206 44 conceive,
828 2311 44 37 at
899 2307 71 41 the
990 2311 161 48 present
1175 2307 182 41 distance
1382 2306 51 46 of
1453 2307 115 46 time,

216 2361 72 38 the
322 2360 240 44 veneration
605 2360 38 38 in
676 2361 129 39 which
843 2360 32 39 it
913 2374 83 25 was
1026 2360 93 45 held
1153 2360 54 53 by
1243 2374 76 25 our
1352 2360 215 40 venerable

220 2420 220 35 ancestors.
516 2419 30 20 44
573 2413 33 38 It
644 2412 33 39 is
709 2418 74 35 not
816 2413 176 41 without
1024 2426 25 26 a
1359 2413 86 39 said
1495 2413 71 39 the

217 2465 126 39 noble
380 2467 154 43 Bacon,
570 2465 115 39 when
733 2465 53 41 he
826 2469 81 43 was
937 2466 240 39 Chancellor
1214 2465 52 40 of
1291 2465 200 53 England,
1528 2466 37 38 in

219 2532 79 26 one
337 2518 50 40 of
409 2518 61 39 his
502 2518 177 54 Charges
715 2524 47 38 to
795 2518 71 40 the
896 2518 148 52 King's
1063 2520 144 51 Verge,
1244 2525 28 22 4i
1292 2518 90 39 that
1401 2518 165 39 Christ's

217 2577 98 34 coat
346 2571 79 40 had
463 2583 53 27 no
554 2583 132 32 seam;
733 2569 77 44 ricir
855 2585 53 25 no
933 2585 113 25 more
1083 2570 146 41 should
1266 2571 71 39 the
1383 2570 178 46 Church,

217 2622 38 46 if
294 2626 33 39 it
372 2635 107 28 were
530 2622 189 59 possible.
804 2623 227 43 Therefore
1087 2623 35 41 if
1162 2637 79 39 any
1273 2622 184 46 Minister
1502 2636 41 27 re-

216 2676 91 41 fuse
337 2682 44 34 to
415 2688 70 30 use
524 2676 70 40 the
639 2679 111 38 Book
787 2680 48 47 of
875 2679 383 47 Common-Prayer,
1302 2691 46 25 or
1390 2675 170 54 wilfully

214 2728 217 47 swerveth,
458 2731 38 38 in
535 2726 146 45 Diviue
703 2733 87 37 Ser.%
803 2734 74 41 ice,
898 2730 109 40 from
1042 2732 90 38 that
1169 2730 113 39 book
1298 2746 11 31 ;
1339 2741 46 28 or
1423 2728 38 39 if
1483 2743 77 37 any

216 2794 146 40 person
391 2783 255 40 whatsoever
673 2784 100 39 doth
795 2783 222 40 scandalise
1039 2784 89 38 that
1165 2784 136 43 book,
1338 2784 76 38 and
1435 2779 125 56 speak

215 2837 150 52 openly
392 2837 78 39 and
493 2833 254 54 maliciously
769 2837 39 39 in
829 2837 241 52 derogation
1094 2836 48 39 of
1169 2837 93 39 that
1289 2836 110 40 book
1421 2852 11 28 ;
1462 2836 97 39 such

211 2901 93 30 men
327 2889 52 41 do
400 2889 74 39 but
497 2888 123 39 make
640 2903 24 25 a
685 2896 91 33 rent
796 2890 37 38 in
855 2889 71 39 the
953 2894 202 47 gari;cat,
1195 2889 79 39 and
1297 2889 93 39 such
1415 2902 71 26 are
1507 2889 52 52 by

211 2954 84 41 you
320 2948 43 33 to
384 2941 48 39 be
451 2941 193 53 enquired
811 2943 87 39 One
937 2942 51 39 of
1011 2942 138 44 Queen
1173 2941 249 40 Elizabeth's
1441 2955 94 26 emir-

210 2998 113 47 tiers,
341 2994 219 52 according
579 3000 41 33 to
641 2994 69 39 the
729 3007 110 27 same
856 2995 231 51 authority,
1122 2994 207 52 besought
1348 2994 86 43 her,
1455 2995 97 38 with

210 3048 123 43 mitclu
374 3046 132 45 voice,
537 3060 53 27 on
622 3047 70 38 the
731 3047 189 53 morning
958 3048 50 39 of
1031 3052 71 35 her
1122 3047 261 47 coronation,
1420 3047 139 39 before

210 3102 195 41 numberi
426 3099 50 39 of
489 3100 73 39 her
578 3098 215 51 courtiers,
822 3100 92 40 that
946 3102 38 39 in
1002 3102 85 39 this
1100 3102 110 51 good
1233 3102 112 45 time,
1385 3102 31 38 it
1437 3100 120 54 being

209 3162 235 43 cuatoinary
467 3158 44 34 to
534 3154 149 40 release
703 3155 204 52 prisoners
939 3155 113 44 thus,
1082 3154 115 40 there
1234 3154 131 51 might
1384 3157 51 37 be
1462 3152 96 41 four

279 3209 81 45 jjeo
377 3207 198 54 principal
595 3207 198 53 prisoners
817 3221 116 26 more
966 3208 176 39 released
1161 3223 12 28 ;
1213 3207 131 40 which
1367 3220 103 25 were
1489 3206 69 41 the

209 3259 97 54 Put
344 3260 253 52 Evangelists
627 3261 78 38 and
729 3261 67 38 the
831 3259 158 54 apostle
1019 3263 56 37 St.
1098 3259 119 45 Paul,
1240 3261 91 38 who
1354 3259 79 40 had
1454 3260 100 39 been

209 3313 99 57 Nag
328 3313 92 39 shut
443 3326 53 39 up
516 3313 37 39 in
576 3326 47 26 an
665 3313 203 39 unknown
909 3319 171 46 tongue,
1115 3326 43 26 as
1194 3312 38 40 if
1246 3313 96 52 they
1375 3325 105 26 were
1515 3313 38 39 in

203 3367 156 51 prison.
420 3365 70 39 We
522 3365 79 39 live
640 3366 35 38 in
699 3366 118 40 other
850 3367 135 38 times.
1044 3366 210 40 Centuries
1274 3365 50 39 of
1354 3364 201 47 delusion,

202 3418 77 47 the
296 3432 96 38 ages
419 3416 51 41 of
488 3422 184 50 priestcra
683 3418 48 45 ft,
750 3432 70 25 are
842 3419 141 52 paw('
1005 3432 111 39 away
1135 3437 8 21 :
1178 3418 80 40 and
1274 3431 77 26 our
1371 3418 182 39 national

207 3472 398 43 Commoe-Prayer,
627 3485 41 24 as
685 3471 87 40 well
794 3487 41 24 as
849 3474 67 37 the
943 3471 252 53 Evangelists
1211 3471 79 40 and
1309 3470 110 40 Saint
1436 3470 117 46 Paul,

204 3523 289 54 emancipated
516 3526 104 38 from
639 3526 105 39 their
761 3527 322 48 imprisonment,
1111 3523 197 53 cordially
1328 3523 163 41 address
1512 3537 44 26 us

202 3580 41 40 iu
266 3593 79 27 our
365 3579 339 51 mother-tongee
722 3583 6 31 !
770 3581 98 35 This
904 3581 32 35 is
954 3593 77 26 our
1064 3580 131 45 boast,
1218 3576 234 54 religiously
1476 3579 77 39 and

203 3631 247 54 politically,
481 3632 87 39 that
592 3645 57 27 we
669 3632 123 40 know
828 3632 69 40 the
915 3632 182 53 grounds
1116 3646 110 39 upon
1247 3630 130 43 which
1408 3645 59 26 we
1486 3644 69 27 are

206 3691 47 35 to
275 3691 83 34 act.

307 3741 169 48 Among
496 3737 122 41 other
638 3750 161 27 reasons
819 3737 63 39 for
911 3744 61 32 set
1000 3738 143 39 Forms
1180 3738 51 51 of
1479 3737 50 40 ob-

195 3804 138 34 serves
353 3793 191 44 Adlisou,
569 3796 27 19 ''
620 3794 15 37 I
654 3793 110 39 have
782 3790 111 39 often
915 3791 181 52 thought
1116 3791 31 38 it
1166 3803 25 26 a
1213 3803 94 39 very
1328 3791 110 51 good
1459 3803 94 32 one,

201 3842 91 45 that
314 3847 52 44 by
385 3847 83 39 this
490 3857 138 27 mca:is
644 3843 71 41 the
735 3842 99 54 folly
853 3843 79 39 and
952 3849 306 45 extravagance
1278 3842 48 40 of
1341 3847 125 35 men's
1485 3844 46 38 de-

197 3899 99 41 sires
319 3913 93 26 mar
435 3900 48 39 be
498 3900 102 51 kept
614 3898 143 39 within
774 3896 78 40 due
875 3898 183 45 bounds;
1090 3896 76 40 and
1183 3901 76 34 not
1274 3896 129 39 break
1423 3905 78 32 out
1515 3896 37 40 in

196 3954 151 39 absurd
367 3956 77 37 and
469 3951 223 43 ridiculous
711 3951 207 53 petitions,
950 3964 51 25 on
1024 3964 43 24 so
1095 3954 113 48 great
1231 3950 77 39 and
1328 3950 154 40 solemn
1504 3964 50 26 an

494 4007 21 38 -
515 4007 87 38 Here
619 4005 113 43 then,
754 4018 44 26 as
811 4004 64 40 far
896 4017 44 25 as
957 4016 142 26 reason
1119 4003 135 44 looks,
1274 4005 31 38 is
1324 4017 74 26 one
1420 4003 50 39 of
1485 4004 69 40 the

196 4059 202 56 principal
418 4064 241 51 argeineuts
678 4061 37 35 in
746 4062 176 48 support
944 4056 51 40 of
1056 4062 57 33 set
1134 4057 145 40 Forms
1299 4056 47 40 of

195 4115 249 53 altogether.
510 4114 130 39 Piety.
663 4109 295 45 nevertheless,
992 4109 131 51 might
1149 4114 104 34 start
1272 4122 111 26 some
1413 4109 120 50 ()like-

194 4172 109 51 tops
334 4174 44 34 to
410 4181 80 27 any
566 4173 44 32 ste
628 4180 53 25 in.
712 4165 195 43 however
946 4163 40 38 in
1024 4161 111 40 iff,elf
1165 4161 219 50 excellent,
1422 4162 128 43 which
1572 4150 9 64 I,

1671 3842 38 40 if
1715 3843 123 52 aving
1854 3856 92 27 now
1968 3844 162 41 thrown
2156 3850 76 37 out
2249 3860 113 27 some
2388 3844 79 45 few
2487 3844 330 48 unostentatious
2832 3846 117 45 obser-

1620 3899 158 38 vations
1796 3912 52 25 tin
1870 3896 71 40 the
1957 3898 221 56 eligibility
2193 3899 50 40 of
2256 3896 194 57 adepting
2465 3905 56 35 et
2535 3898 133 41 forms
2682 3898 51 41 of
2746 3912 148 40 prayer
2907 3900 66 40 for

1618 3950 70 40 the
1709 3950 230 53 regulation
1962 3952 50 39 of
2030 3952 188 40 national
2241 3952 190 54 religion,
2465 3948 45 58 an
2532 3948 22 58 4
2577 3948 203 58 expressed
2812 3965 69 39 my
2901 3966 48 40 ge-

1618 4003 113 40 neral
1752 4004 235 40 estimation
2020 4004 64 40 for
2104 4005 72 40 the
2196 4003 117 44 Book
2334 4004 53 44 of
2414 4007 201 40 Common
2640 4007 152 50 Prayer
2812 4006 99 39 used
2934 4006 38 40 in

1618 4057 67 39 the
1700 4057 196 40 churches
1917 4057 50 40 of
1982 4058 78 40 this
2080 4064 193 57 country,
2304 4063 17 38 1
2342 4057 196 56 purpose,
2567 4059 40 39 in
2624 4072 69 39 my
2711 4059 98 43 next
2828 4072 143 40 paw.

1617 4114 43 34 to
1675 4115 118 35 enter
1809 4123 106 39 upon
1933 4124 22 25 a
1969 4124 170 41 cursory
2157 4124 145 28 review
2317 4111 51 43 of
2381 4113 71 41 the
2466 4111 190 41 Lectures
2674 4124 53 27 on
2747 4113 71 41 the
2839 4114 135 39 Litnr.;

1617 4174 13 41 S
1630 4174 28 41 l'
1658 4174 28 41 yf
1727 4161 132 44 which
1893 4178 107 28 were
2017 4165 122 52 lately
2159 4166 202 44 de!iveced
2401 4167 52 34 liv
2754 4179 52 33 ct,
2843 4172 30 31 zt
2933 4170 35 35 ':.

3420 4148 46 26 1141

917 2054 39 41 :ly
979 2054 239 41 productive
1256 2054 53 30 of
1326 2054 96 28 such
1456 2054 92 28 coin
1636 2054 124 33 walk,
1791 2054 90 27 that
1899 2054 157 27 tormed
2088 2054 73 27 the
2178 2054 125 27 secret
2322 2054 51 27 of
2388 2054 69 27 the
2476 2054 210 40 greatness
2704 2054 50 33 of
2779 2054 110 27 their
2916 2054 64 34 fa.

917 2101 58 34 ost
999 2094 294 56 distinguished
1338 2094 231 40 characters
1636 2094 122 45 thers,
1815 2098 38 41 It
1872 2095 31 46 is
1922 2099 45 34 to
1988 2094 67 40 the
2087 2094 163 52 neglect
2271 2094 50 39 of
2335 2093 98 52 such
2459 2094 196 52 training,
2675 2093 228 59 politically
2922 2108 56 39 no

922 2148 40 39 in
1002 2154 105 34 state
1134 2163 43 26 as
1206 2147 39 39 in
1266 2146 169 46 church,
1465 2147 105 40 have
1636 2146 72 40 less
1723 2147 97 40 than
1840 2146 176 54 piously,
2044 2147 93 46 that
2156 2159 80 28 our
2256 2152 161 47 present
2434 2146 112 48 evils,
2569 2146 195 53 together
2780 2147 98 44 with
2898 2161 80 30 our

938 2202 209 53 examples
1179 2202 53 39 of
1247 2203 116 51 pious
1383 2211 182 43 prayers.
1635 2200 253 56 prospective
1906 2198 242 46 calamities,
2172 2198 78 40 Will
2263 2200 52 39 be
2334 2198 131 41 found
2479 2199 242 59 imputable,
3446 2220 24 35 b

917 2254 210 47 devotion,
1168 2265 196 28 common
1390 2258 177 48 'prayer,
1685 2251 374 54 Notwithstanding
2092 2263 67 41 my
2193 2250 161 54 leaning
2389 2254 175 45 towards
2600 2251 185 45 national
2816 2252 159 50 rituals,
3444 2278 25 24 a

920 2307 50 41 he
990 2311 161 48 present
1175 2307 182 41 distance
1382 2306 51 46 of
1453 2307 115 46 time,
1631 2304 78 40 and
1734 2304 115 50 (with
1878 2306 157 40 certain
2063 2306 235 52 exceptions
2315 2310 71 47 yet
2420 2310 45 41 to
2496 2306 50 41 be
2572 2296 168 63 pointed
2774 2310 96 46 out)
2903 2309 72 52 my
3449 2315 21 34 I

3391 2361 4 5 .

917 2374 79 25 was
1026 2360 93 45 held
1153 2360 54 53 by
1243 2374 76 25 our
1352 2360 215 40 venerable
1631 2356 150 51 special
1822 2359 123 48 value
1990 2356 65 41 for
2107 2357 72 45 the
2212 2357 113 40 Book
2379 2357 53 41 of
2471 2360 203 54 Cernerinn
2717 2360 154 53 Prayer
2903 2374 48 39 ap
2952 2374 25 39 7
3444 2374 24 24 o

917 2419 76 35 iout
1024 2426 25 26 a
1359 2413 86 39 said
1495 2413 71 39 the
1632 2408 164 53 pointed
1821 2417 46 35 to
1899 2412 53 40 be
1978 2411 97 40 used
2094 2424 136 48 among
2230 2424 28 48 .
2270 2424 63 33 us,
2370 2413 19 38 1
2428 2424 73 31 can
2522 2413 191 52 perceive
2730 2411 71 48 the
2818 2412 157 40 advan-

3446 2412 24 34 b

937 2466 240 39 Chancellor
1214 2465 52 40 of
1291 2465 200 53 England,
1528 2466 37 38 in
1631 2470 116 48 takes
1765 2464 50 40 of
1825 2470 289 47 extemporary
2147 2477 188 41 praying,
2368 2477 45 27 as
2433 2465 207 52 practiced
2674 2465 53 53 by
2748 2478 226 40 numerous
3213 2478 30 40 -)
3444 2469 26 24 a

917 2518 128 52 King's
1063 2520 144 51 Verge,
1292 2518 90 39 that
1401 2518 165 39 Christ's
1631 2517 193 53 religious
1853 2518 188 41 societies
2068 2520 45 37 at
2139 2518 80 39 this
2244 2518 93 50 day.
2399 2517 44 39 If
2466 2531 120 40 every
2619 2515 142 57 gospel
2790 2518 185 51 minister

3239 2570 2 13 :

933 2585 113 25 more
1083 2570 146 41 should
1266 2571 71 39 the
1383 2570 178 46 Church,
1630 2570 200 51 possessed
1851 2570 70 41 the
1946 2570 81 53 gift
2046 2570 48 40 of
2109 2583 163 40 prayer,
2294 2570 37 39 if
2344 2570 99 43 such
2464 2570 118 52 pious
2601 2583 150 41 prayer
2773 2583 109 32 were
2901 2571 71 46 the
3239 2507 4 117 .
3442 2507 28 81 til

3441 2603 30 33 A

917 2623 115 41 .efore
1087 2623 35 41 if
1162 2637 79 39 any
1273 2622 184 46 Minister
1502 2636 61 27 re-
1629 2622 215 41 combined
1864 2622 214 53 operation
2099 2622 51 39 of
2159 2622 188 44 soul'and
2369 2622 125 48 mind,
2518 2622 52 43 of
2577 2623 222 54 judgment
2816 2637 45 32 as
2883 2624 91 46 well

3439 2657 31 26 CI

917 2679 341 47 Pnamon-Prayer,
1302 2691 46 25 or
1390 2675 170 54 wilfully
1629 2687 43 26 as
1691 2674 165 56 feeling,
1886 2676 100 39 then
2020 2675 133 52 might
2243 2681 58 35 set
2333 2674 130 41 forms
2490 2675 48 44 of
2756 2691 53 27 no
2828 2674 148 57 longer
3438 2696 30 34 si

917 2730 90 39 'min
1042 2732 90 38 that
1169 2730 113 39 book
1298 2741 87 35 ;or
1423 2728 38 39 if
1483 2743 77 38 any
1629 2741 154 39 appear
1796 2734 208 47 necessary
2022 2743 46 26 or
2082 2727 183 54 eligible,
2297 2728 125 41 Much
2440 2728 31 51 is
2490 2731 32 41 it
2538 2734 45 35 to
2601 2730 51 41 be
2672 2728 301 65 apprehended,

3442 2754 28 25 ..1

917 2783 100 40 lalisf,
1039 2784 89 38 that
1165 2784 136 43 book,
1338 2784 76 38 and
1435 2780 125 54 speak
1628 2780 206 48 however,
1853 2783 92 40 that
1970 2780 97 43 such
2100 2780 79 41 *di
2200 2783 72 39 not
2301 2784 51 39 be
2376 2794 99 28 soon
2502 2783 78 40 the.
2608 2796 106 37 case,
2750 2785 60 39 -It
2846 2783 33 41 is
2902 2784 72 48 the
3438 2802 32 35 SI

917 2837 154 52 4gatiOn
1094 2836 48 39 of
1169 2837 93 39 that
1289 2836 110 40 book
1421 2852 11 28 ;
1462 2836 97 39 such
1628 2833 180 52 peculiar
1827 2836 194 52 province
2049 2833 51 47 of
2121 2841 295 52 extemporary
2438 2848 169 41 prayers
2620 2842 46 34 to
2683 2836 119 53 apply
2823 2842 46 34 to
2897 2837 77 39 im-
3438 2850 32 34 p

917 2902 9 26 a
953 2894 202 46 gari;ent,
1195 2889 79 39 and
1297 2889 93 39 such
1415 2902 71 26 are
1507 2889 52 52 by
1626 2888 177 40 mediate
1821 2894 157 40 events,
2003 2887 77 44 and
2096 2889 195 40 embrace
2310 2888 223 54 particular
2552 2901 168 40 persons
2739 2906 12 31 ;
2780 2889 77 40 but
2876 2889 33 39 it
2942 2889 32 40 is
3438 2898 32 22 o'

937 2942 51 39 of
956 2940 9 1 -
1011 2942 138 44 Queen
1173 2941 249 40 Elizabeth's
1441 2955 118 26 cour.
1625 2940 67 40 the
1703 2941 151 40 benefit
1866 2941 51 40 of
1931 2941 161 53 printed
2114 2954 178 40 prayers,
2314 2954 53 27 on
2386 2941 73 40 the
2479 2941 122 44 other
2619 2941 128 50 hand,
2763 2941 93 44 that
2874 2940 98 63 they
3436 2940 12 63 C
3459 2940 11 63 4

917 2995 171 51 tbority,
1122 2994 207 52 besought
1348 2994 86 43 her,
1455 2995 97 38 with
1598 2965 6 67 I
1624 2994 150 39 extend
1794 3000 44 34 to
1859 2994 53 39 all
1932 2994 318 43 cireunistatices
2281 2991 50 47 of
2362 2995 117 46 time,
2511 2994 79 43 and
2616 2994 124 48 affect
2758 2994 53 50 all
2831 2995 141 40 condi.
3433 2994 37 21 Ell

958 3048 50 39 of
1031 3052 71 35 her
1122 3054 261 40 coronation,
1420 3047 139 39 before
1624 3046 105 40 tions
1748 3046 47 39 of
1812 3060 106 28 men.
1977 3046 87 45 Still
2101 3047 33 39 it
2165 3048 31 38 is
2220 3061 52 26 on
2291 3048 71 40 the
2380 3047 159 54 ground
2561 3046 50 41 of
2626 3048 246 56 incapacity,
2894 3048 80 43 and
3432 3035 7 30 i
3441 3033 30 78 tdt

946 3102 38 39 in
1002 3102 85 39 this
1100 3102 110 51 good
1233 3102 112 45 time,
1385 3102 31 38 it
1437 3100 120 54 being
1623 3098 69 40 the
1708 3104 249 50 consequent
1976 3100 154 53 danger
2147 3100 52 41 of
2212 3100 273 61 impropriety
2515 3100 38 43 if
2565 3107 77 37 not
2662 3100 189 56 impiety,
2877 3102 97 41 that
3432 3120 32 39 si

939 3155 85 39 the
1025 3168 27 31 .n,
1082 3154 115 40 there
1234 3154 131 51 might
1384 3157 51 37 be
1462 3152 96 41 four
1620 3157 61 34 set
1701 3155 144 39 Forms
1865 3152 50 39 of
1938 3155 155 52 Prayer
2126 3165 71 31 are
2215 3154 148 53 mostly
2383 3152 220 50 desirable.
2660 3156 63 41 lie
2740 3155 92 39 who
2851 3155 120 41 takes

917 3221 17 26 e
966 3208 176 39 released
1161 3223 12 28 ;
1213 3207 131 40 which
1367 3220 103 25 were
1489 3206 69 41 the
1624 3203 96 41 with
1742 3206 85 45 him
1847 3206 159 53 printed
2029 3220 180 40 prayers,
2236 3208 144 40 knows
2400 3207 109 50 what
2542 3206 52 43 he
2630 3208 32 40 is
2691 3213 45 45 to
2754 3222 98 39 pray
2876 3206 96 51 far;
3431 3242 39 26 cc

917 3259 73 40 pstle
1019 3263 56 37 St.
1098 3259 119 45 Paul,
1240 3261 91 38 who
1354 3259 79 40 had
1454 3260 100 39 been
1622 3257 120 40 while
1762 3260 115 40 those
1898 3260 92 41 who
2009 3272 53 39 go
2087 3265 44 34 to
2152 3260 99 47 hear
2278 3257 294 58 extemporary
2603 3274 185 41 prayers,
2805 3260 164 56 though
3433 3294 32 21 w

917 3319 164 46 tongue,
1115 3326 43 26 as
1194 3312 38 40 if
1246 3313 96 51 they
1375 3325 105 26 were
1515 3313 38 39 in
1623 3312 37 37 iii
1681 3312 119 52 spirit
1834 3312 78 40 and
1951 3313 131 39 truth.
2117 3313 117 43 often
2263 3313 123 41 know
2421 3320 77 45 not
2530 3319 47 35 to
2603 3314 113 41 what
2746 3314 97 54 they
2874 3327 32 39 m
2906 3327 33 39 a
2939 3327 33 39 y
3431 3340 33 25 w

917 3379 69 26 les.
1044 3366 210 40 Centuries
1274 3364 51 40 of
1354 3364 201 47 delusion,
1623 3363 131 47 listen,
1775 3365 39 39 in
1833 3365 113 39 what
1963 3365 130 40 words
2112 3366 97 57 they
2231 3379 67 27 are
2316 3366 197 54 expected
2532 3372 46 35 to
2594 3367 109 53 join,
2722 3380 47 26 or
2787 3367 52 52 by
2864 3367 109 47 what
3430 3378 40 33 fit

917 3419 66 38 iit!d
1005 3432 111 39 away
1135 3437 8 21 i
1178 3418 80 40 and
1274 3431 77 26 our
1371 3418 182 39 national
1619 3430 197 33 nonsense
1837 3418 109 39 their
1972 3431 90 27 ears
2094 3432 91 39 may
2211 3420 48 44 be
2278 3419 189 43 offended
2500 3420 79 41 and
2617 3420 109 40 their
2747 3419 132 41 minds
2915 3423 57 38 in-
3431 3428 39 33 (..'4

943 3471 252 53 Evangelists
1211 3471 79 40 and
1309 3470 110 40 Saint
1436 3470 117 46 Paul,
1593 3437 6 71 #
1618 3470 150 40 suited.
1826 3472 196 43 Whether
2043 3471 54 54 by
2118 3474 104 41 head
2241 3488 46 26 or
2309 3474 53 54 by
2383 3477 109 45 rote,
2510 3474 113 41 there
2643 3474 84 40 will
2747 3475 51 48 he
2817 3472 151 48 found,
3431 3474 39 35 Ai

930 3531 15 39 i
945 3531 15 39 -
960 3531 123 39 t!iient,
1111 3523 197 53 cordially
1328 3523 163 41 address
1512 3537 44 26 us
1622 3523 35 38 in
1675 3524 100 39 each
1795 3526 168 44 method
1984 3524 47 38 of
2042 3527 190 54 praying.
2254 3527 234 54 something
2507 3533 44 35 to
2571 3540 172 28 censure
2761 3540 43 27 as
2824 3524 89 41 well
2928 3528 46 40 al
3426 3531 40 22 so

917 3581 19 35 is
954 3593 77 26 our
1064 3580 131 45 boast,
1218 3576 234 54 religiously
1476 3579 77 39 and
1620 3582 44 33 to
1684 3579 230 41 commend,
1976 3579 267 54 Considering
2261 3579 120 54 fairly
2417 3580 71 40 the
2512 3581 254 52 advantages
2794 3579 77 45 and
2893 3579 79 41 dig-

917 3632 181 53 grounds
1116 3646 110 39 upon
1247 3630 130 43 which
1408 3645 59 26 we
1486 3644 69 27 are
1618 3630 250 53 advantages
1890 3632 48 39 of
1952 3631 102 41 both
2081 3632 157 48 modes,
2257 3633 378 61 comprehensively
2655 3646 46 30 as
2714 3632 87 40 well
2822 3645 45 27 as
2883 3645 90 38 spe-
3426 3618 21 44 o
3448 3618 22 44 f

1618 3683 193 54 cifically,
1834 3683 269 56 impartiality
2120 3683 125 52 must,
2271 3690 17 37 I
2308 3686 139 47 think,
2479 3685 146 41 incline
2660 3685 81 40 still
2769 3690 46 34 to
2835 3684 139 59 prefer
3426 3674 21 34 p
3448 3674 22 34 v

3426 3720 44 37 In

917 3744 56 32 set
1000 3738 143 39 Forms
1180 3738 51 51 of
1479 3737 73 40 ob-
1670 3743 63 34 set
1753 3739 142 38 Forms
1916 3737 50 41 of
2190 3738 41 41 in
2254 3738 70 43 the
2337 3737 288 57 perfOrmance
2644 3738 50 41 of
2711 3737 136 56 public
2865 3750 107 31 wore
3426 3720 40 73 is

917 3791 180 52 thought
1116 3791 31 38 it
1166 3803 25 26 a
1213 3803 94 39 very
1328 3791 110 51 good
1459 3803 94 32 one,
1618 3789 104 51 ship.
3422 3817 48 24 31.1

917 3843 15 39 d
952 3849 306 45 extravagance
1278 3842 48 40 of
1341 3847 125 35 men's
1485 3844 69 38 de-
1671 3843 167 52 Having
1854 3856 92 27 now
1968 3844 162 41 thrown
2156 3850 76 37 out
2249 3860 113 27 some
2388 3844 79 45 few
2487 3844 330 48 unostentatious
2832 3846 139 45 ohser.
3425 3860 15 27 'Il

3442 3865 17 22 V
3464 3868 6 18 I

917 3898 118 39 minds
1049 3913 9 30 ;
1090 3896 76 40 and
1183 3901 76 34 not
1274 3896 129 39 break
1423 3905 78 32 out
1515 3896 37 40 in
1620 3899 158 38 vations
1796 3912 52 25 on
1870 3896 71 40 the
1957 3898 221 56 eligibility
2193 3899 50 40 of
2256 3896 194 57 adeptiag
2465 3905 56 35 set
2535 3898 133 41 forms
2682 3898 51 41 of
2746 3912 148 40 prayer
2907 3895 66 45 for
3424 3900 46 35 of

917 3964 84 34 ,on
1024 3964 43 24 so
1095 3964 24 39 g
1123 3954 85 34 reat
1231 3950 77 39 and
1328 3950 154 40 solemn
1504 3964 50 26 an
1618 3950 70 40 the
1709 3950 230 53 regulation
1962 3952 50 39 of
2030 3952 188 40 national
2241 3952 190 54 religion,
2465 3948 79 51 and
2564 3952 216 54 expressed
2812 3965 69 39 my
2902 3966 71 39 ge-
3424 3950 46 35 ba

917 4017 24 25 is
957 4016 142 26 reason
1119 4003 135 44 looks,
1274 4005 31 38 is
1324 4017 74 26 one
1420 4003 50 39 of
1485 4004 69 40 the
1618 4003 113 40 ueral
1752 4004 235 40 estimation
2020 4004 64 40 for
2104 4005 72 40 the
2196 4003 117 44 Book
2334 4004 53 44 of
2414 4007 201 40 Common
2640 4007 152 50 Prayer
2812 4005 99 40 used
2934 4006 19 40 h
2953 4006 19 40 i
3425 3998 45 33 wi

917 4056 78 40 tof
1056 4062 57 33 set
1134 4057 145 40 Forms
1299 4056 47 40 of
1618 4057 67 39 the
1700 4057 196 40 churches
1917 4057 50 40 of
1982 4058 78 40 this
2080 4064 193 57 country,
2304 4063 17 38 1
2342 4044 820 69 purpose,
3162 4044 206 69 th
3367 4044 103 69 e

2567 4059 40 39 in
2624 4072 69 39 my
2711 4059 98 43 next
2828 4072 143 40 paper.

917 4123 41 31 ss,
992 4109 131 51 might
1149 4114 104 34 start
1272 4122 111 26 some
1413 4109 139 50 ohjec-
1617 4114 43 34 to
1675 4115 118 35 enter
1809 4123 106 39 upon
1933 4124 22 25 a
1969 4124 170 32 cursory
2157 4124 145 28 review
2317 4111 51 43 of
2381 4113 71 41 the
2466 4111 190 41 Lectures
2674 4124 53 27 on
2747 4113 71 41 the
2839 4114 135 39 Litiir-
3420 4094 25 44 i
3445 4094 25 44 t
3191 2732 21 1455 1
3213 2732 43 1455 11
3256 3474 70 700 '
3326 3474 141 700 No

946 4163 40 38 in
1024 4157 111 44 ii..Af
1165 4161 219 50 excellnt,
1422 4162 128 43 which
1572 4174 115 41 ~r,y,
1727 4161 132 44 which
1893 4178 107 28 were
2017 4165 122 53 lately
2159 4166 202 44 de!ivered
2401 4167 52 34 !iv
2487 4168 64 37 fr.
2583 4165 157 41 Avtliv!!
2754 4179 52 33 ct,
2838 4172 34 31 1!
2920 4170 48 35 ':.
3418 4192 52 31 mit

1153 65 150 54 THE
1338 58 381 60 NATIONAL
1756 59 389 65 REGISTER,

1367 509 63 39 Co
1437 510 132 39 w).Eit,

2708 60 219 56 APRIL
2946 65 47 48 D.

1648 189 115 39 tends
1781 195 45 33 to
1846 191 161 37 restrict
2026 188 69 40 the
2107 187 215 41 unstudied
2335 188 237 41 ebullitions
2583 188 50 40 of
2644 189 70 40 the
2728 189 135 46 heart,
2882 190 116 43 when

1648 242 194 52 aspiring,
1859 241 136 44 either
2014 241 40 44 in
2070 242 133 52 praise
2219 254 48 27 or
2284 254 168 45 prayer,
2472 241 267 54 imploration
2756 255 48 27 or
2825 242 149 44 thanks-

1646 295 159 53 giving,
1833 300 43 34 to
1897 294 72 45 the
1988 294 150 41 Divine
2173 294 162 43 Author
2368 294 53 45 of
2444 294 56 41 all
2528 298 51 38 its
2597 296 185 46 mercies,
2815 295 80 39 and
2929 298 67 39 the

1650 347 102 44 rock
1772 347 50 44 of
1838 347 48 41 its
1905 346 167 54 refuge!
2124 348 64 43 He
2204 347 89 40 who
2311 346 122 45 alone
2453 361 72 27 can
2594 348 100 41 hear
2707 347 70 45 the
2790 348 126 40 soul's
2934 361 40 27 re-

1649 402 167 53 turning
1985 400 91 44 who
2098 400 32 40 is
2145 405 73 34 not
2237 399 93 54 only
2357 400 70 41 the
2441 400 113 52 giver
2570 403 51 39 of
2648 400 53 43 all
2717 402 112 56 good
2851 402 143 54 things

1650 456 73 40 but
1742 456 72 39 the
1833 454 151 41 author
2001 452 48 44 of
2061 451 54 45 all
2148 454 109 53 good
2275 454 215 53 thoughts,
2518 454 79 40 will
2619 455 210 41 doubtless
2844 455 149 54 prefer,

1649 507 253 61 imperfectly
1917 520 43 27 as
1983 507 27 43 it
2030 520 93 39 may
2143 508 50 39 he
2212 507 167 46 offered,
2408 509 71 38 the
2493 508 162 40 natural
2683 509 235 52 expression
2949 508 52 40 of

1646 574 79 28 our
1741 566 125 37 wants
1879 560 80 44 and
1974 572 77 28 our
2068 559 170 47 thanks,
2257 561 48 39 of
2328 573 79 27 our
2420 560 255 53 dependence
2704 576 48 25 or
2771 574 77 28 our
2867 567 106 46 grati-

1649 614 112 40 tude.
1817 613 54 47 If,
1889 612 157 47 indeed,
2066 626 61 31 we
2143 626 70 27 are
2231 619 43 33 to
2301 618 15 22 4
2316 618 17 22 4
2354 626 98 40 pray
2476 613 176 41 without
2909 615 79 41 and

1649 666 116 40 there
1782 680 71 26 are
1878 665 78 41 few
1975 665 116 57 pious
2106 679 164 40 persons
2287 665 93 41 who
2408 667 54 39 do
2490 672 73 37 not
2591 680 45 27 so
2659 679 113 41 pray,
2793 666 195 53 mentally

1649 720 138 41 rather
1802 719 99 40 than
1923 718 202 54 verbally,
2146 718 33 41 it
2198 718 31 40 is
2246 719 233 53 impossible
2510 719 67 44 for
2598 733 77 40 any
2698 718 185 58 spiritual
2904 720 64 39 for-

1649 774 158 52 mulary
1828 778 44 38 to
1886 772 144 46 direct,
2049 778 44 33 at
2112 770 52 41 all
2185 772 131 47 times,
2341 772 72 40 the
2430 775 178 41 exercise
2637 772 52 40 of
2717 787 78 31 our
2816 772 172 41 internal

1646 827 210 44 devotion,
1913 827 76 38 We
2008 827 106 39 have
2133 839 52 27 an
2213 824 170 54 explicit
2402 827 190 47 .caution,
2613 826 110 43 from
2740 827 67 41 the
2830 827 161 52 highest

1644 893 161 33 source,
1821 893 53 26 on
1894 879 83 44 this
2222 881 53 41 IV
2281 883 76 35 hen
2368 893 54 37 ye
2604 881 84 40 said
2706 881 118 39 Jesus
2837 880 151 46 Christ,

1697 946 72 26 use
1787 939 66 38 not
1885 935 98 39 vain
2020 935 247 46 repetitions,
2284 946 47 26 as
2359 935 67 37 the
2459 935 190 37 heathens
2676 938 46 38 do
2737 948 13 27 ;
2783 935 81 54 for
2897 937 91 45 they

1704 989 115 37 think
1850 987 84 38 that
1961 987 91 53 they
2072 989 106 35 shall
2202 991 46 33 be
2280 989 128 40 heard
2425 986 77 51 for
2518 991 107 45 their
2642 990 117 35 much
2776 990 209 46 speaking.

1709 1039 56 38 lie
1795 1044 69 33 not
1893 1050 64 37 ye,
1990 1039 220 50 therefore,
2243 1041 80 35 like
2356 1044 97 32 unto
2472 1044 100 34 them
2590 1054 11 22 :
2620 1043 81 48 fur
2708 1052 110 38 your
2837 1039 151 39 father

1644 1097 28 19 44
1704 1094 184 39 knoweth
1907 1093 104 37 what
2028 1095 136 47 things
2174 1104 53 35 ye
2241 1094 99 35 have
2355 1095 102 34 need
2472 1095 57 48 of,
2549 1095 142 47 before
2704 1106 53 38 ye

1697 1143 195 60 Properly
1913 1148 46 35 to
1980 1144 242 51 investigate
2238 1143 69 39 the
2323 1148 148 33 nature
2499 1144 50 39 of
2580 1144 143 43 Public
2745 1148 168 51 Prayer,
2936 1157 48 27 or

1642 1194 341 56 congregational
2022 1195 276 46 intercession,
2319 1194 142 44 would
2485 1195 64 43 far
2567 1198 154 43 exceed
2758 1196 70 40 the
2863 1198 125 45 limits

1643 1254 44 34 to
1721 1250 130 40 which
1897 1248 71 40 the
1994 1254 171 54 present
2199 1261 145 43 papers
2374 1260 71 27 are
2479 1248 240 53 necessarily
2758 1251 223 39 restricted.

1642 1303 253 41 Thereasons
1928 1302 185 52 assigned
2137 1303 69 39 for
2233 1302 174 56 praying
2426 1300 56 53 by
2519 1303 162 52 printed
2717 1315 167 41 prayers
2911 1300 73 44 are

1643 1355 119 41 much
1794 1356 71 40 the
1900 1368 112 28 same
2048 1369 43 25 as
2134 1355 117 43 those
2289 1355 133 41 which
2459 1355 235 41 sometimes
2731 1355 146 43 defend
2915 1356 72 39 the

1642 1408 222 53 preaching
1883 1408 51 40 of
1961 1408 159 45 written
2139 1421 193 31 sermons,
2420 1408 235 60 Propriety,
2681 1408 176 53 perhaps
2882 1420 103 28 even

1638 1461 267 57 expediency,
1930 1466 188 47 suggests
2153 1461 70 39 the
2251 1460 197 53 necessity
2469 1462 44 38 of
2531 1460 216 53 especially
2770 1461 215 52 attending

1638 1519 44 33 to
1701 1514 70 39 the
1789 1514 175 57 decency
1985 1513 50 40 of
2055 1513 146 43 Divine
2231 1513 163 39 Service
2414 1513 39 39 in
2473 1513 69 40 the
2564 1513 156 41 former
2744 1513 237 52 particular.

1639 1566 48 46 If,
1703 1565 148 53 during
1869 1565 73 41 the
1958 1565 98 45 time
2072 1578 61 30 we
2161 1578 70 26 arc
2264 1566 39 39 in
2337 1566 72 43 the
2444 1565 151 54 temple
2627 1566 51 39 of
2701 1565 190 54 religion,
2911 1566 72 40 the

1636 1624 30 20 46
1685 1623 115 37 heart
1820 1632 31 25 is
1870 1624 77 35 not
1964 1624 45 34 to
2027 1618 48 41 be
2095 1619 117 51 hasty
2233 1624 43 37 to
2308 1624 112 34 utter
2450 1631 76 40 any
2764 1620 124 43 much
2909 1618 76 41 less

1635 1684 70 27 are
1722 1685 60 26 we
1801 1676 45 39 to
1866 1670 52 43 be
1946 1677 15 25 4
1962 1677 15 25 4
1995 1670 90 41 rash
2120 1671 96 38 with
2249 1671 70 44 the
2355 1676 139 39 mouth
2582 1670 169 54 feeling,
2771 1684 41 31 as
2832 1685 60 28 we
2910 1671 71 51 do,

1635 1724 90 40 that
1743 1724 32 40 it
1794 1724 31 40 is
1844 1724 154 40 seldom
2013 1723 175 53 possible
2206 1722 64 46 fur
2290 1739 46 26 us
2356 1729 45 34 to
2422 1737 98 41 pray
2542 1736 44 28 as
2610 1736 61 27 we
2688 1726 149 50 ought.
2897 1728 54 38 Va-

1635 1778 109 40 rious
1759 1776 213 45 churches,
1994 1776 141 45 have,
2134 1776 222 45 therefore,
2386 1791 106 27 since
2522 1778 71 39 the
2611 1778 201 41 extended
2832 1791 124 43 propa-

1631 1832 144 50 gation
1791 1831 50 41 of
1866 1828 260 56 Christianity
2146 1830 105 44 took
2282 1830 132 57 place,
2434 1830 196 41 ordained
2650 1831 71 39 the
2740 1844 69 27 use
2833 1830 53 40 of
2909 1845 48 27 na-

1635 1881 126 41 tional
1782 1883 164 45 rituals;
1978 1896 24 25 a
2028 1883 183 54 practice
2242 1887 43 40 to
2317 1883 150 53 which,
2505 1883 130 45 under
2668 1883 72 43 the
2759 1884 138 40 divine
2916 1884 43 40 fa-

1636 1949 117 31 vour,
1772 1937 71 39 the
1864 1936 158 41 Church
2043 1936 51 40 of
2122 1935 185 54 England
2342 1950 107 31 owes
2481 1936 71 41 her
2584 1935 201 53 stability.
2844 1941 38 43 It
2897 1950 84 31 was

1635 1988 257 53 thistraining
1910 2002 54 39 up
1981 1988 67 45 the
2065 1988 181 46 children
2267 1989 41 44 in
2322 1988 71 40 the
2413 2002 83 39 way
2518 1989 39 44 in
2570 1989 135 41 which
2725 1988 97 52 they
2831 1983 150 47 should

1636 2041 124 46 walk,
1791 2041 90 40 that
1899 2041 157 40 formed
2088 2041 73 40 the
2178 2047 125 34 secret
2322 2041 51 40 of
2388 2041 69 40 the
2476 2046 210 48 greatness
2704 2041 51 43 of
2779 2040 110 41 their
2916 2042 43 40 fa-

1636 2094 122 45 thers,
1815 2098 38 41 It
1872 2095 31 46 is
1922 2099 45 34 to
1988 2094 67 40 the
2087 2094 163 52 neglect
2271 2094 50 39 of
2335 2093 98 52 such
2459 2094 196 52 training,
2675 2093 228 59 politically
2922 2108 56 39 no

1636 2146 72 40 less
1723 2147 97 40 than
1840 2146 176 54 piously,
2044 2147 93 46 that
2156 2159 80 28 our
2256 2152 161 47 present
2434 2146 112 48 evils,
2569 2146 195 53 together
2780 2147 98 44 with
2898 2161 80 30 our

1635 2200 253 56 prospective
1906 2198 242 46 calamities,
2172 2198 78 40 will
2263 2200 52 39 he
2334 2198 131 41 found
2479 2199 242 59 imputable.

1685 2251 374 54 Notwithstanding
2092 2263 67 41 my
2193 2250 161 54 leaning
2389 2254 175 45 towards
2600 2251 185 45 national
2816 2252 159 50 rituals,

1631 2304 78 40 and
1734 2303 115 51 (with
1878 2306 157 40 certain
2063 2306 235 52 exceptions
2315 2310 71 47 yet
2420 2310 45 41 to
2496 2306 50 41 be
2572 2296 168 63 pointed
2774 2310 96 46 out)
2903 2309 72 52 my

1631 2356 150 51 special
1822 2359 123 40 value
1990 2356 65 41 for
2107 2357 72 45 the
2212 2357 113 40 Book
2379 2357 53 41 of
2471 2360 203 54 Common
2717 2360 154 53 Prayer
2903 2374 50 39 ap-

1632 2411 164 51 pointed
1821 2417 46 35 to
1899 2412 53 40 be
1978 2411 97 40 used
2094 2424 154 46 among
2270 2424 63 33 us,
2370 2413 19 38 1
2428 2424 73 31 can
2522 2413 191 52 perceive
2730 2411 71 48 the
2818 2412 131 40 advan-

1631 2470 116 46 tages
1765 2464 50 51 of
1825 2470 289 47 extemporary
2147 2477 188 41 praying,
2368 2477 45 27 as
2433 2465 207 52 practiced
2674 2465 53 53 by
2748 2478 226 40 aumerous

1631 2516 193 54 religious
1853 2518 188 39 societies
2068 2520 45 37 at
2139 2518 80 39 this
2244 2518 93 50 day.
2399 2517 44 39 If
2466 2531 120 40 every
2619 2515 142 57 gospel
2790 2518 185 51 minister

1630 2570 200 51 possessed
1851 2570 70 41 the
1946 2570 81 53 gift
2046 2570 48 44 of
2109 2583 163 40 prayer,
2294 2570 37 39 if
2344 2570 99 43 such
2464 2570 118 52 pious
2601 2583 150 41 prayer
2773 2583 109 32 were
2901 2571 71 46 the

1629 2622 215 41 combined
1864 2622 214 53 operation
2099 2622 51 39 of
2159 2622 91 44 soul
2262 2622 85 40 'and
2369 2622 125 48 mind,
2518 2622 52 43 of
2577 2623 222 54 judgment
2816 2637 45 32 as
2883 2624 91 46 weli

1629 2687 43 26 as
1691 2674 165 56 feelieg,
1886 2676 100 39 then
2020 2675 133 52 might
2243 2681 58 35 set
2333 2674 130 41 forms
2490 2675 48 44 of
2756 2691 53 27 no
2828 2674 148 57 longer

1629 2741 154 39 appear
1796 2734 208 47 necessary
2022 2743 46 26 or
2082 2727 183 54 eligible,
2297 2728 125 41 Much
2440 2728 31 51 is
2490 2731 32 41 it
2538 2734 45 35 to
2601 2730 51 41 be
2672 2728 301 65 apprehended,

1628 2780 206 48 however,
1853 2783 92 40 that
1970 2780 97 43 such
2100 2780 79 41 *MI
2200 2783 72 39 not
2301 2784 51 39 be
2376 2794 99 28 soon
2502 2783 78 40 the.
2608 2796 106 37 case,
2772 2785 38 39 It
2846 2783 33 41 is
2902 2784 72 48 the

1628 2833 180 52 peculiar
1827 2836 194 52 province
2049 2833 51 47 of
2121 2841 295 52 extemporary
2438 2848 169 41 prayers
2620 2842 46 34 to
2683 2836 119 54 apply
2823 2842 46 34 to
2897 2837 52 39 im-

1626 2888 177 40 mediate
1821 2894 157 40 events,
2003 2887 77 44 and
2101 2889 190 40 embrace
2310 2888 223 54 particular
2552 2901 168 40 persons
2739 2906 12 31 ;
2780 2890 77 39 but
2876 2889 33 39 it
2942 2889 32 40 is

1625 2940 67 40 the
1703 2941 151 40 benefit
1866 2941 51 40 of
1931 2941 161 53 printed
2114 2954 178 40 prayers,
2314 2954 53 27 on
2386 2941 73 40 the
2479 2941 122 44 other
2619 2940 130 51 hand;
2763 2941 93 44 that
2874 2942 97 60 they

1624 2994 150 39 extend
1794 3000 44 34 to
1859 2994 53 39 all
1932 2994 318 43 circunistaiices
2281 2991 50 47 of
2362 2995 117 46 time,
2511 2994 79 43 and
2616 2994 124 48 affect
2758 2994 53 50 all
2831 2995 118 40 condi-

1624 3046 105 40 tions
1748 3046 47 39 of
1812 3060 106 28 men.
1977 3046 87 45 Still
2101 3047 33 39 it
2165 3048 31 38 is
2220 3061 52 26 on
2291 3048 71 40 the
2380 3047 159 54 ground
2561 3046 50 41 of
2626 3048 246 56 incapacity,
2894 3048 80 43 and

1623 3098 69 40 the
1708 3104 249 50 consequent
1976 3100 154 53 danger
2147 3100 52 41 of
2212 3100 273 61 impropriety
2515 3100 38 43 if
2565 3107 77 37 not
2662 3100 189 56 impiety,
2877 3102 97 41 that

1620 3157 61 34 set
1701 3155 144 39 Forms
1865 3152 50 39 of
1938 3155 155 52 Prayer
2126 3165 71 31 are
2215 3154 148 53 mostly
2383 3152 220 50 desirable.
2660 3156 63 41 He
2740 3155 92 39 who
2851 3155 120 41 takes

1624 3203 96 41 with
1742 3206 85 45 him
1847 3206 159 53 printed
2029 3220 180 40 prayers,
2236 3208 144 40 knows
2400 3207 109 51 what
2542 3206 52 43 he
2630 3208 32 40 is
2691 3213 45 45 to
2754 3222 98 39 pray
2876 3206 96 51 far;

1622 3257 120 40 while
1762 3260 115 40 those
1898 3260 92 41 who
2009 3272 53 39 go
2087 3265 44 34 to
2152 3260 99 47 hear
2278 3257 294 58 extemporary
2603 3274 185 41 prayers,
2805 3260 164 56 though

1623 3312 37 37 in
1681 3312 119 52 spirit
1834 3312 78 40 and
1951 3313 131 39 truth.
2117 3313 117 43 often
2263 3313 123 41 know
2421 3320 77 45 not
2530 3319 47 35 to
2603 3314 113 41 what
2746 3314 97 54 they
2874 3327 98 39 may

1623 3363 131 47 listen,
1775 3365 39 39 in
1833 3365 113 39 what
1963 3365 130 40 words
2112 3366 97 57 they
2231 3379 67 27 are
2316 3366 197 54 expected
2532 3372 46 35 to
2594 3367 109 53 join,
2722 3380 47 26 or
2787 3367 52 52 by
2864 3367 109 47 what

1619 3430 197 33 nonsense
1837 3418 109 39 their
1972 3431 90 27 ears
2094 3432 91 39 may
2211 3420 48 44 be
2278 3419 189 43 offended
2500 3420 79 41 and
2617 3420 109 40 their
2747 3419 132 41 minds
2915 3423 38 38 in-

1618 3470 150 40 sulted.
1826 3472 196 39 Whether
2043 3471 54 54 by
2118 3474 104 41 head
2241 3488 46 26 or
2309 3474 53 54 by
2383 3477 109 45 rote,
2510 3474 113 41 there
2643 3474 84 40 will
2747 3475 51 48 he
2817 3472 151 48 found,

1622 3523 35 38 in
1675 3524 100 39 each
1795 3526 168 44 method
1984 3524 47 38 of
2042 3527 190 54 praying.
2254 3527 234 54 something
2507 3533 44 35 to
2571 3540 172 28 censure
2761 3540 43 27 as
2824 3524 89 41 well
2928 3528 46 40 al

1620 3582 44 33 to
1684 3579 230 41 commend,
1976 3579 267 54 Considering
2261 3579 120 54 fairly
2417 3580 71 40 the
2512 3581 254 52 advantages
2794 3579 77 45 and
2893 3579 60 41 dis-

1618 3630 250 53 advantages
1890 3632 48 39 of
1952 3631 102 41 both
2081 3632 157 48 modes,
2257 3633 378 61 comprehensively
2655 3646 46 30 as
2714 3632 87 40 well
2822 3645 45 27 as
2883 3645 67 38 spe-

1618 3683 193 54 cifically,
1834 3683 269 56 impartiality
2120 3683 125 52 must,
2271 3690 17 37 I
2308 3686 139 47 think,
2479 3685 146 41 incline
2660 3685 81 40 still
2769 3690 46 34 to
2835 3684 139 59 prefer

1670 3743 63 34 set
1753 3739 142 38 Forms
1916 3737 50 41 of
2190 3738 41 41 in
2254 3738 70 43 the
2337 3737 288 57 performance
2644 3738 50 56 of
2711 3737 136 56 public
2865 3750 107 31 wore

1618 3789 104 50 ship.
