3472 4417
387 102 358 128 THE
862 104 879 115 NATIONAL
1848 97 931 120 RWISTER.

1528 61 19 11 ..
1609 60 11 7 .

1720 58 14 9 .
1762 58 5 13 •
1775 60 9 8 •
1807 60 7 11 t

2897 46 1 2 •

3433 0 38 19 WI

3422 102 38 26 N.4h

1129 359 13 31 '
1142 359 27 31 ll
1182 361 52 37 ur
1256 348 132 59 tinig,
1410 353 332 47 Canittitutian,
1762 353 91 44 anb
1876 348 169 51 tatn.

992 511 443 66 SUNDAY,
1496 513 306 54 APRIL
1840 511 53 63 9,
1944 509 138 56 1809

2662 498 185 56 PRICE
2914 506 52 53 a.

236 506 111 57 No.
373 506 92 58 67.

804 566 32 31 ;tt
855 574 8 20 I

471 673 356 54 POLITICAL
855 683 471 52 DISQUISITION.

661 807 185 38 AUMBER
876 816 274 27 SIXTY-FIVE.

821 872 175 32 -64111%.

776 917 157 48 IiEFO
980 930 52 34 M:

334 1036 107 34 eott`it
449 1030 103 50 ptiot)
562 1031 44 35 of
614 1032 64 35 the
691 1031 78 35 best
781 1028 119 45 things
913 1031 102 41 gives
1026 1028 70 37 rise
1109 1029 37 35 to
1159 1020 64 44 the
1239 1024 243 40 *oisteLL-lii7

292 1133 40 38 It
360 1135 31 35 is
415 1146 24 25 a
469 1133 227 35 lamentable
720 1131 115 43 truth,
862 1131 83 33 that
976 1131 265 43 governments,
1266 1127 221 47 practically
1506 1126 63 37 the

236 1186 103 48 best,
365 1191 70 35 and
470 1191 63 34 the
549 1193 96 32 most
663 1187 233 46 enlightened
915 1187 37 34 in
970 1187 198 45 principle,
1194 1187 93 33 have
1299 1183 193 46 gradually
1508 1185 43 32 de-

241 1248 200 41 generated
474 1246 78 37 into
582 1243 64 39 the
663 1243 109 39 vilest
790 1244 67 35 and
879 1248 94 30 most
990 1243 219 35 intolerable
1226 1243 214 45 despotism.
1491 1240 83 35 The

242 1305 81 35 first
351 1307 131 33 abuses
503 1313 113 27 were,
643 1302 39 46 in
709 1305 250 43 appearance.
986 1302 60 33 too
1063 1299 155 45 trifling,
1241 1297 70 35 and
1329 1298 96 35 their
1440 1294 115 46 'grada-

243 1363 79 32 tion
341 1368 65 30 too
426 1359 305 47 imperceptible,
751 1364 34 27 to
803 1357 125 35 excite
941 1357 117 34 alarm
1076 1369 11 27 ;
1113 1357 64 33 but
1195 1355 90 35 they
1297 1354 177 45 operated
1487 1362 67 34 pro-

242 1419 219 45 gressively,
483 1417 91 35 until
591 1414 219 47 crirrnption
828 1422 76 27 was
920 1417 41 30 to
980 1414 136 44 widely
1129 1410 272 41 disseminated,
1417 1409 80 35 that
1517 1420 39 22 re-

243 1475 142 35 medies
402 1476 86 45 only
516 1474 126 35 served
665 1472 40 35 to
732 1472 144 34 irritate
895 1469 65 35 the
978 1470 102 40 evil;
1103 1465 69 39 aild
1189 1465 135 38 reform
1342 1468 146 33 became

243 1532 247 46 practicable.
547 1526 180 40 Between
744 1530 72 37 this
834 1526 133 48 period
981 1526 70 35 and
1068 1526 65 34 the
1149 1524 208 35 extinction
1375 1522 43 33 of
1429 1522 61 34 the
1506 1522 70 33 last

242 1594 122 35 forms
393 1594 45 33 of
452 1592 141 39 freedom
593 1592 20 39 .
613 1592 20 39 ,
660 1592 63 34 the
742 1589 157 37 interval
919 1598 78 24 was
1018 1584 96 38 filled
1135 1597 47 35 up
1202 1585 93 34 with
1315 1583 260 46 conspiracies,

246 1648 291 51 proscriptions,
569 1650 91 35 civil
693 1644 115 46 %Sari,,
835 1645 70 35 and
921 1655 115 34 every
1055 1643 111 37 Crime
1181 1642 124 35 which
1325 1641 64 33 the
1416 1641 163 34 maddest

244 1709 201 40 ambition,
679 1703 102 46 fury,
797 1702 150 46 general
965 1701 288 38 licentiousness,
1266 1697 210 45 systematic
1491 1701 89 32 eon=

242 1763 124 47 tempt
374 1763 45 35 of
429 1762 115 35 moral
556 1761 239 45 obligations,
808 1757 69 37 and
888 1756 97 48 legal
999 1757 7 33 i
1013 1756 182 46 mpttnity,
1204 1761 65 28 are
1279 1754 155 43 capable
1444 1752 44 34 of
1495 1763 64 33 per-

246 1820 203 48 petrating.
498 1815 81 38 The
596 1817 222 44 community
847 1813 110 41 sank,

969 1811 50 46 .at
1035 1814 83 40 last,
1135 1822 46 24 ex
1191 1809 246 40 hausted,and

246 1879 178 47 mentally
443 1878 204 46 depraved,
663 1881 43 31 at
724 1871 58 40 the
800 1874 74 34 feet
891 1873 47 35 of
946 1867 65 41 the
1028 1878 111 30 worst
1156 1871 71 37 and
1243 1874 91 30 Must
1346 1869 183 37 ferbcious
1541 1869 45 33 of

247 1941 47 32 Its
312 1939 189 33 members.
536 1933 104 37 Then
661 1933 116 46 began
795 1930 122 47 along
933 1930 70 35 and
1019 1930 148 45 gloomy
1186 1928 105 44 night
1306 1926 45 33 of
1365 1926 132 33 human
1514 1925 45 33 mi-

1278 1985 44 40 it,
1341 1982 150 45 ptivate

1299 2033 175 50 punishid
1493 2033 92 37 with

249 2107 91 34 Such
360 2105 167 35 sttidiout
543 2104 170 41 cruelty;
742 2100 96 40 that,
855 2099 38 34 in
912 2098 146 44 wading
1076 2094 158 45 through
1253 2088 81 39 that
1351 2087 236 40 abtiMinable

262 2167 136 40 ,erind,
417 2176 57 25 we
490 2174 65 25 are
569 2161 175 35 doubtful
761 2161 120 33 which
901 2166 39 28 to
956 2164 177 31 execrate
1149 2153 222 45 most,--the
1394 2154 76 34 vile
1499 2152 87 34 herd

252 2224 128 34 which
412 2220 253 43 italifferently
700 2230 28 22 w
742 2217 167 39 itnessed,
935 2228 44 24 or
998 2217 60 33 the
1088 2219 126 38 want
1234 2207 85 38 who
1335 2209 252 46 perpetrated,

254 2282 65 37 the
334 2275 182 50 atrocity.
569 2277 96 34 Such
686 2276 45 41 is,
751 2269 131 50 briefly
898 2274 70 34 and
986 2265 182 50 literally,
1187 2270 63 34 the
1266 2269 139 43 history
1419 2264 41 35 of
1475 2276 111 33 every

252 2342 80 35 free
351 2341 139 46 people
510 2341 35 33 in
562 2340 164 39 ancient,
751 2337 70 33 and
839 2334 43 35 of
894 2334 100 35 some
1011 2334 34 34 in
1059 2331 162 40 modern,
1241 2330 119 34 times.

301 2411 119 38 'What
445 2422 45 24 an
510 2409 214 35 instructive
746 2406 69 35 and
834 2404 131 37 'lvan!
986 2404 174 45 example
1179 2408 39 28 to
1234 2401 143 35 nations
1398 2396 184 47 possessed

255 2472 45 35 Of
313 2466 133 40 liberal
465 2467 229 35 institutions
712 2464 8 35 !
751 2465 71 34 But
842 2470 39 28 to
901 2461 73 35 this
992 2460 171 44 country,
1195 2459 34 33 in
1251 2457 219 45 particular,
1488 2447 104 41 what

256 2544 25 22 a
298 2532 164 33 salutary
480 2528 152 45 caution
647 2523 87 35 does
750 2524 27 33 it
791 2520 141 37 fuhish
952 2533 9 26 ;
992 2520 137 39 which.,
1148 2520 96 33 from
1261 2517 63 34 the
1341 2526 89 33 very
1446 2515 94 34 form
1553 2515 44 33 of

257 2590 47 33 its
322 2588 250 45 governalent,
599 2582 72 34 and
691 2581 61 33 the
769 2584 131 30 nature
924 2577 45 34 of
981 2578 46 33 its
1046 2575 175 50 pursuits;
1244 2575 30 34 is
1299 2571 209 47 itectiliarly
1525 2580 70 26 ex.

261 2644 111 47 posed
391 2649 38 28 to
446 2642 64 34 the
537 2640 138 45 danger
692 2637 69 34 and
780 2639 128 32 abuse*
934 2635 56 35 we
1007 2636 93 33 have
1122 2630 208 35 described.
1382 2627 38 37 It
1437 2628 64 34 has
1520 2626 56 34 suf-

260 2702 103 34 fered
397 2699 48 35 all
467 2694 64 38 the
549 2696 123 33 t:troes
686 2694 71 34 and
781 2692 148 34 horrors
945 2691 188 44 attending
1149 2689 64 33 the
1230 2687 100 34 birth
1348 2686 43 33 of
1402 2683 190 38 freedom;

262 2760 81 33 wit
373 2764 76 28 was
476 2766 22 22 a
524 2750 102 47 long,
652 2763 25 22 a
706 2748 182 43 dreadful,
907 2748 71 33 and
994 2758 24 22 a
1035 2746 220 44 sanguinary
1276 2743 144 46 period.
1470 2743 69 33 Let
1556 2743 40 33 us

262 2820 152 34 beware
448 2816 63 33 the
542 2810 229 37 convulsions
791 2807 200 46 preceding
1007 2807 46 32 its
1071 2799 151 40 decease
1240 2803 142 33 !—The
1403 2799 195 35 charactei

262 2875 72 37 and
352 2874 112 46 spirit
481 2871 44 34 of
539 2871 61 33 the
615 2869 71 43 age
705 2867 40 33 fit
763 2859 174 39 mankind
965 2862 58 33 fur
1046 2861 60 34 the
1134 2859 256 46 perpetration
1402 2855 44 37 of
1459 2851 119 40 atroci-

265 2930 87 44 ties,
379 2926 200 50 compared
595 2930 41 28 to
670 2919 122 39 which
809 2920 63 35 the
886 2920 152 39 former,
1065 2916 228 38 tremendous
1310 2916 37 33 as
1364 2914 86 44 they
1482 2919 116 33 were,

262 2991 130 34 -would
412 2989 46 32 be
475 2983 247 46 insignificant
741 2980 34 34 in
793 2978 174 35 duration
984 2975 67 34 and
1070 2974 165 35 Violence
1253 2973 7 34 !
1294 2972 107 35 These
1414 2967 184 48 produced

262 3056 26 27 to
308 3044 154 45 healthy
491 3043 72 33 and
594 3041 172 43 vigorous
784 3034 176 45 (airing
976 3044 11 30 ;
1017 3032 97 40 ►ehn,
1147 3034 39 31 at
1221 3031 45 35 he
1283 3031 100 43 grett
1415 3037 65 34 up,
1498 3025 104 33 made

266 3115 116 25 more.
398 3102 86 34 than
503 3098 126 45 ample
654 3094 146 35 amends
823 3092 59 33 for
900 3091 60 33 the
978 3098 110 37 pangs
1104 3087 189 43 attending
1320 3085 64 34 the
1415 3081 185 45 delivery.

269 3159 78 35 But
376 3159 63 33 the
456 3158 112 32 latter
588 3151 125 35 would
728 3146 105 38 leave
850 3146 136 39 behind
1002 3156 22 24 a
1050 3142 109 37 fCitid
1175 3150 163 31 ctscuse,
1365 3141 123 34 Whose

1502 3135 85 37 efttu-

269 3219 64 33 via
369 3206 126 45 Would
513 3210 248 34 contaminate
777 3206 64 34 the
869 3203 73 40 air,
963 3202 92 33 blast
1072 3210 111 34 every
1206 3207 174 35 generous
1400 3196 116 44 plant,
1534 3193 70 33 and

269 3273 131 37 render
437 3270 61 33 the
531 3265 71 38 soil
637 3259 161 52 capable
831 3261 44 35 of
901 3257 213 48 generating
1147 3253 86 48 only
1254 3254 124 37 rancid
1398 3249 117 38 weeds
1534 3247 71 37 and

270 3330 194 35 monsters.

321 3400 137 39 States,
487 3394 79 35 like
583 3403 97 31 men,
712 3391 96 34 have
842 3389 98 33 their
958 3383 131 50 perlod
1109 3381 43 35 of
1178 3374 168 50 infancy,
1363 3374 131 50 youth,
1512 3378 99 31 man:-

273 3456 115 41 hood,
415 3454 71 34 and
519 3452 135 33 define.
711 3449 105 43 They
833 3448 65 32 arc
922 3443 135 34 mortal
1090 3439 79 34 like
1189 3438 117 39 them,
1324 3435 66 35 and
1411 3426 144 41 receive
1569 3435 51 38 at.

273 3516 100 34 their
390 3511 200 35 formation
620 3507 105 35 seeds
742 3506 43 33 of
795 3502 184 39 disorder,
999 3498 118 34 which
1134 3495 169 35 occasion
1322 3493 96 34 their
1436 3488 86 38 final
1541 3487 71 34 dis.

273 3572 178 37 solution.
520 3568 109 33 Some
653 3563 110 40 hive,
791 3560 194 39 likewise,
1018 3567 21 24 a
1071 3553 157 37 sounder
1260 3546 240 39 constitution
1527 3544 87 33 than

278 3630 128 34 others
424 3640 11 26 ;
462 3622 85 41 and,
579 3620 34 35 if
626 3632 21 24 a
674 3630 142 37 proper
834 3617 162 43 regimen
1012 3605 69 43 and
1106 3609 178 35 suffici•'nt
1296 3602 167 38 exercise
1478 3602 46 34 he
1541 3604 46 31 eta
1587 3604 15 31 .
1603 3604 15 31 .

276 3681 158 51 iiloyed,
469 3691 84 33 may
582 3678 112 46 enjoy
713 3686 22 22 a
755 3670 213 50 protracted
986 3669 69 34 and
1075 3665 170 46 vigorous
1259 3661 201 37 existence.
1513 3657 106 35 None

276 3752 67 25 are
376 3737 187 37 immortal
586 3748 9 28 ;
625 3733 89 41 and,
746 3732 175 34 however
937 3724 200 48 agoniring
1150 3720 64 34 the
1234 3719 84 34 idea
1344 3717 28 35 is
1384 3720 40 31 to
1441 3715 64 34 the
1521 3711 98 35 mind

278 3798 46 35 of
353 3797 65 34 the
439 3794 159 48 patriot,
627 3793 56 32 his
699 3795 151 37 country
869 3794 65 26 too
952 3785 94 32 must
1062 3778 132 35 suhinit
1212 3782 40 28 to
1272 3775 59 34 the
1361 3777 165 31 common
1545 3769 76 35 fate

287 3856 45 34 of
347 3854 204 41 sublunary
570 3844 392 47 thinp,--extinction
981 3842 8 31 1
1019 3839 53 33 To
1093 3837 63 32 her
1169 3843 97 30 sons,
1291 3831 32 34 if
1338 3831 87 41 they
1436 3839 65 24 are
1520 3823 85 47 high-

288 3909 167 41 minded,
472 3909 73 33 this
562 3905 259 47 presentiment
842 3912 27 24 a
881 3900 40 33 ill
950 3901 63 30 rot
1025 3901 103 27 cause
1141 3888 110 37 much
1261 3886 281 46 despondency;
1566 3880 59 37 for

280 3964 30 38 it
331 3969 28 33 i=
379 3969 37 33 in
433 3967 97 34 their
548 3965 128 45 powt.t.r
691 3967 37 28 to
744 3959 124 35 render
880 3956 64 35 the
959 3952 65 37 life
1038 3950 43 37 of
1090 3950 60 34 the
1168 3943 130 51 patent
1306 3945 98 44 long,
1421 3938 204 48 respecte;li

287 4028 71 37 and
378 4028 182 45 glorious.

341 4085 125 45 Every
500 4093 85 25 one.
614 4081 87 33 who
730 4077 63 35 has
810 4069 144 41 studied
989 4067 60 38 the
1074 4065 135 41 theory
1227 4062 45 37 of
1292 4070 69 26 our
1377 4055 253 39 constitution,

294 4141 161 35 admires
476 4141 41 34 its
533 4137 216 46 excellercy
764 4146 12 26 ;
802 4133 65 32 hut
882 4129 80 34 that
978 4135 22 24 a
1017 4129 103 40 great
1133 4120 71 38 and
1221 4119 182 41 alarming
1421 4111 208 39 relaxation

292 4193 34 40 h
347 4198 132 34 visible
497 4196 34 33 in
550 4194 63 35 the
633 4189 181 50 practical
834 4182 239 50 application
1090 4179 41 35 of
1157 4169 35 70 it
1211 4169 17 70 4
1245 4169 191 70 ittincipka.
1469 4169 78 40 hs.4,
1579 4176 52 22 %%e

347 4269 90 38 Ful.
699 4251 178 51 LXI7II.

248 2006 85 34 sery
360 1994 71 34 and
450 1988 267 50 degradation;
741 1988 133 45 during
894 1985 125 35 which
1036 1984 142 46 genins,
1194 1994 73 28 ntry

249 2059 78 30 tue.
344 2047 74 39 astd
446 2049 89 41 loge
559 2046 47 35 of
631 2047 174 40 etiontey,
823 2052 102 27 were
954 2026 215 60 persecuted
1193 2039 73 34 and

1624 674 175 34 suppose,
1827 676 110 25 takver
1956 669 90 32 been
2074 666 183 41 seriously
2284 664 148 38 denied,
2460 661 59 33 for
2548 661 63 32 the
2636 660 70 32 last
2738 660 84 41 fifty
2851 658 115 44 yeari

1625 720 47 41 by
1691 731 150 33 persons
1859 728 87 28 most
1964 722 196 35 interested
2186 720 37 33 in
2241 718 244 41 maintaining
2504 717 41 34 it.
2597 715 93 34 This
2708 715 138 41 change
2876 713 31 33 is
2924 720 39 27 to

1626 776 43 31 be
1687 778 203 33 attributed
1907 776 223 48 principally
2151 783 37 27 to)
2205 776 59 34 the
2278 772 190 38 increased
2484 765 70 40 aid
2571 770 202 44 incretteng
2786 764 182 41 influence

1626 831 43 33 of
1697 834 63 32 the
1786 844 138 32 crown,
1948 835 70 34 and
2049 837 38 30 to
2118 833 61 33 the
2203 836 157 39 corrupt
2388 834 97 31 state
2512 827 44 34 of
2582 826 61 35 the
2669 826 298 45 representative

1626 896 145 35 system.
1828 878 39 46 if
1897 891 59 33 the
1990 888 137 34 foran'er
2161 891 28 32 is
2223 894 38 27 to
2290 883 46 38 he
2369 880 165 40 confined
2571 882 132 34 within
2732 881 93 35 the
2825 880 143 35 boundi

1630 944 207 45 Prescribed
1856 947 46 43 by
1920 947 64 33 the
2002 946 239 34 constittition
2257 941 11 40 ;
2297 943 61 33 the
2373 939 113 37 latter
2506 934 91 39 ninsi
2617 938 158 43 undergo
2799 930 20 41 ,
2819 930 149 41 radical

1630 998 149 44 reform.
1835 999 138 38 Atiuses
2003 1003 34 32 iii
2066 997 113 38 every
2211 999 137 34 branch
2380 991 44 41 of
2453 997 63 35 the
2544 990 298 39 adniinistratlon
2872 992 98 35 have

1630 1050 227 52 murtiplied,
1885 1061 33 32 in
1946 1069 24 24 a
2006 1054 285 48 proportionate
2323 1052 126 41 ratio,.
2477 1052 91 33 With
2603 1046 63 38 the
2696 1049 273 44 accumulating

1632 1113 273 45 imperfections
1922 1114 44 33 of
1975 1113 61 35 the
2056 1104 312 52 represehlation,
2383 1098 72 45 and
2474 1108 60 35 the
2554 1110 201 30 monstrous
2766 1102 207 46 patronage

1632 1170 40 33 of
1685 1174 260 40 government;
1971 1169 71 34 and
2063 1169 28 34 It
2111 1170 30 33 is
2153 1163 187 40 ludicrous
2354 1173 39 28 to
2413 1165 158 45 imagine
2600 1163 81 34 that
2699 1172 72 34 any
2787 1159 116 43 solid,
2929 1155 47 39 ois

1636 1230 227 44 permanent,
1878 1230 220 45 advantage;
2121 1239 65 22 can
2206 1221 113 40 reitult
2347 1221 39 39 to
2414 1225 64 34 the
2497 1222 152 46 people,
2675 1232 40 24 as
2732 1222 85 43 long
2832 1231 40 24 as
2897 1220 74 34 Mi...

1635 1283 128 38 niters
1786 1296 66 25 are
1867 1283 139 38 certain
2034 1284 43 34 of
2101 1284 133 44 having
2251 1294 25 22 a
2293 1272 181 56 Majority
2493 1279 44 34 of
2562 1280 64 33 the
2646 1278 128 34 House
2797 1276 44 34 of
2862 1278 85 33 Com-

1636 1348 99 27 mons
1767 1341 35 35 in
1835 1341 136 37 favour
1997 1341 45 35 of
2072 1337 98 38 their
2202 1341 197 39 nieasures,
2440 1335 176 37 hastrever
2643 1331 331 38 unconstitutional

1636 1397 100 35 their
1754 1398 201 46 principle,
1972 1407 44 25 or
2034 1398 149 33 ruinous
2202 1396 99 34 their
2319 1393 194 46 tendency;
2564 1390 96 35 That
2681 1390 87 44 they
2790 1390 94 34 have
2903 1388 76 34 had

1637 1455 72 33 this
1730 1453 193 46 majority,
1951 1453 91 35 with
2057 1457 94 38 two,
2178 1452 43 35 or
2237 1446 105 40 thia4
2354 1447 156 46 solitary
2529 1446 236 46 exceptions,
2792 1444 90 46 (and
2903 1444 28 33 it
2947 1444 31 33 is

1641 1511 142 44 painful
1817 1517 38 28 to
1885 1496 144 47 remark
2061 1507 80 35 that
2173 1507 63 35 the
2268 1505 184 37 fitenSures
2479 1504 85 34 then
2593 1502 185 46 proposed
2809 1512 102 24 were
2936 1500 47 33 of

1637 1567 149 44 general
1817 1558 143 52 titility;
1989 1567 66 33 but
2079 1561 176 46 crintrary
2272 1563 41 34 to
2344 1561 64 34 the
2434 1558 130 37 wishes
2585 1558 44 35 of
2737 1554 146 46 crown)
2915 1557 60 33 for

1642 1623 59 33 the
1719 1623 71 33 last
1814 1622 118 45 thirty
1959 1619 124 47 years;
2109 1620 32 33 is
2166 1615 157 39 obvious
2347 1624 39 28 to
2413 1618 113 41 every
2557 1618 67 30 erne
2644 1613 84 34 who
2760 1607 219 39 remembers

1641 1680 63 34 the
1729 1675 239 48 lorneeiMings
1984 1678 45 33 of
2054 1671 229 40 Parliaifient
2309 1670 133 47 during
2469 1672 79 33 that
2569 1672 171 33 interval.
2792 1669 105 35 That
2916 1670 64 32 the

1642 1737 176 41 integrity
1850 1729 70 39 and
1952 1734 136 33 talents
2121 1730 45 35 of
2191 1731 64 34 the
2290 1726 242 45 Inclividilnls,
2567 1728 85 32 who
2685 1727 201 44 composed
2916 1726 65 34 the

1645 1787 204 48 respective
1879 1785 331 44 aaidlinistrations;
2245 1782 131 47 during
2409 1785 83 34 that
2526 1781 146 47 period,
2707 1781 130 34 should
2865 1782 47 33 be
2939 1782 41 31 so

1645 1840 318 43 uncontaminated
2003 1845 72 34 and
2118 1838 260 52 conspicuous;
2409 1843 83 33 that
2532 1840 97 33 their
2661 1835 155 38 condtict
2852 1838 130 37 Would

1645 1904 104 34 Stand
1774 1902 63 34 the
1866 1904 159 31 severest
2055 1894 72 40 test
2158 1900 45 34 of
2225 1894 272 43 examinati3n,
2518 1897 46 41 is;
2584 1889 54 41 we
2655 1904 65 26 are
2737 1894 89 34 bold
2844 1899 39 30 to
2901 1905 102 41 say,,.

1646 1969 70 26 one
1741 1945 30 48 of
1770 1945 15 48 ;
1808 1959 63 33 the
1889 1956 89 37 mist
1995 1945 289 56 extratirtlittary
2306 1956 230 44 phenoMena
2551 1955 87 34 ever
2659 1951 176 34 recorded
2859 1951 38 33 in
2921 1948 64 37 the
3014 1943 4 58 •

1649 2015 135 35 world.
1801 2013 103 37 That
1919 2011 91 38 even
2026 2013 99 34 their
2140 2010 171 41 Motives,
2329 2011 154 41 leaving
2499 2008 98 35 their
2619 2007 142 34 actions
2778 2013 64 27 out
2865 2006 45 33 of
2923 2007 73 32 the.

1649 2063 266 53 question,(for
1931 2080 24 24 a
1971 2068 167 44 ministry
2156 2066 113 45 thight
2287 2056 107 45 think
2415 2065 182 44 honestlji,
2613 2063 69 33 kind
2701 2067 57 30 rtrt
2772 2059 215 47 foolishly);

1649 2127 132 34 should
1814 2128 94 32 have
1935 2134 47 25 no
1997 2126 110 32 Other
2120 2118 124 51 oliject
2261 2122 63 33 but
2337 2122 61 33 the
2430 2120 129 45 public
2576 2121 110 43 good;
2719 2111 60 40 wlt
2787 2120 89 37 hoot
2910 2127 76 32 any

1651 2184 189 34 reference
1879 2186 39 30 te
1948 2181 102 33 their
2079 2191 85 24 own
2202 2179 180 33 exeluque
2406 2177 221 40 advantage,
2662 2186 46 22 or
2741 2177 78 31 that
2850 2173 46 34 of
2927 2176 61 31 the

1650 2236 299 39 crown---:-Would
1965 2236 119 35 afford
2098 2246 24 24 a
2138 2232 116 48 proof
2275 2233 45 34 Of
2346 2233 237 33 itemaculate
2598 2232 105 33 IllitliS
2713 2228 100 35 tetin!
2837 2230 146 44 purity,

1656 2296 120 34 whith
1812 2295 63 34 has
1897 2298 45 28 no
1972 2293 161 46 parallel
2153 2293 35 34 in
2207 2291 67 34 our
2301 2297 100 33 otNo,
2428 2293 45 31 or
2492 2283 61 39 the
2572 2288 142 43 history
2731 2285 43 34 of
2786 2289 65 39 a:1)
2872 2280 92 39 other
2965 2280 19 39 s

1651 2350 170 45 country.
1880 2349 52 41 if,
1956 2360 46 24 on
2022 2350 61 33 the
2100 2342 188 48 contrary;
2309 2347 100 33 their
2432 2346 184 38 nieasdres
2629 2344 129 39 during
2779 2344 78 31 that
2889 2341 105 40 (law,

1656 2409 97 33 have
1782 2409 92 33 been
1905 2401 209 52 prortiinent
2150 2405 58 33 for
2239 2402 221 40 telfisltness,
2479 2398 189 46 disregard
2695 2398 44 34 of
2769 2398 63 33 the
2867 2399 131 44 pithlic

1651 2465 113 43 good,
1786 2470 31 30 of
1822 2461 170 41 ealtuess,
2013 2456 70 39 and
2114 2457 273 47 infringethents
2415 2470 46 22 on
2480 2457 64 34 the
2562 2456 120 46 rights
2694 2446 41 43 of
2748 2453 59 35 the
2829 2450 138 50 peiqle
2986 2465 11 28 ;

1657 2522 27 32 it
1702 2526 92 28 must
1809 2520 87 33 then
1909 2516 47 38 be
1971 2513 293 46 acknowledged
2285 2516 80 33 that
2389 2516 64 31 the
2466 2512 176 47 majority
2656 2511 45 34 of
2712 2510 59 34 the
2786 2509 213 44 Corinnons,

1657 2577 85 34 who
1760 2574 211 45 invariably
1990 2572 214 35 sanctioned
2219 2572 52 33 all
2291 2571 97 34 their
2412 2570 252 45 proceedings;
2680 2572 94 31 most
2787 2567 96 34 have
2901 2577 100 22 coni.

1656 2634 144 45 pletely
1819 2633 73 33 lbst
1919 2629 97 47 sight
2040 2628 43 35 of
2114 2628 64 34 the
2200 2626 204 46 principle;
2424 2635 46 24 on
2492 2620 122 40 which
2640 2614 246 44 liarliaments
2902 2631 98 25 were

1658 2688 216 39 instituted;
1899 2686 69 35 and
1988 2686 97 34 have
2101 2685 91 34 been
2212 2687 100 30 mdre
2329 2683 162 33 anxious
2510 2689 37 26 to
2568 2686 172 39 promote
2752 2680 63 33 the
2833 2678 168 46 partial:

1657 2747 59 34 lar
1735 2745 113 35 views
1871 2743 41 35 of
1935 2744 63 34 the
2019 2735 228 46 EiecutiVe,
2261 2739 87 35 than
2369 2739 39 34 to
2434 2741 158 41 support
2613 2739 61 32 the
2696 2735 116 46 rights
2824 2730 73 40 and
2911 2735 92 33 inter

1659 2810 90 28 rests
1763 2802 44 34 of
1821 2802 64 33 the
1899 2800 155 46 people.
2108 2797 41 35 If
2174 2796 63 34 the
2255 2796 135 46 period
2408 2794 131 34 should
2558 2803 86 25 ever
2662 2793 124 34 arrive
2807 2791 109 35 when
2935 2790 64 35 the

1663 2864 164 40 persons,
1848 2857 79 33 who
1946 2865 65 24 are
2024 2846 119 41 called
2164 2852 61 33 the
2242 2849 309 47 reptesentaties
2570 2849 40 34 of
2622 2850 59 32 the
2702 2848 151 46 people,
2876 2846 129 45 repre-:

1662 2920 76 28 sent
1755 2914 103 34 theni
1876 2910 84 47 only
1981 2911 35 33 in
2033 2919 122 33 name,
2173 2909 63 33 but
2250 2908 64 33 nut
2339 2901 35 39 in
2395 2902 161 50 reality;
2585 2906 109 33 When
2713 2906 86 43 they
2819 2913 67 25 are
2914 2902 76 34 loll-

1663 2975 119 34 citoes
1814 2973 39 35 tEI
1871 2973 124 44 aspire
2014 2978 39 27 to
2069 2966 74 39 this
2171 2966 206 35 honorable
2393 2965 215 35 distinction
2639 2962 63 34 for
2720 2974 46 22 no
2784 2962 111 34 other
2914 2956 67 52 pur-

1665 3040 90 35 pose
1767 3030 90 34 than
1869 3035 37 26 to
1922 3030 168 46 promote
2105 3025 98 34 their
2218 3034 83 22 own
2316 3019 206 39 individual
2536 3018 207 46 advantage
2756 3022 37 32 to
2805 3021 64 32 the
2884 3009 106 43 Anted-

1668 3093 155 37 vantage
1832 3085 41 34 of
1881 3084 93 34 their
1989 3078 318 39 constitiwnts--lit
2321 3077 263 37 seouldthenbe
2597 3074 59 37 the
2674 3072 129 48 height
2818 3069 167 41 ofextia-

1670 3146 159 41 vagance
1853 3148 34 28 to
1907 3141 156 44 imagine
2087 3137 83 35 that
2191 3146 73 34 any
2284 3131 185 48 praCtical
2486 3133 98 45 good
2603 3126 124 40 would
2756 3130 116 35 result
2890 3136 43 28 to
2949 3130 65 34 the

1665 3198 228 45 community
1905 3196 98 35 from
2015 3185 89 45 such
2114 3203 47 24 an
2174 3193 231 39 institution;
2427 3191 32 33 it
2478 3188 138 44 would,
2629 3198 46 25 en
2691 3189 63 33 the
2765 3195 194 37 contrary,
2969 3182 47 44 he

1669 3270 22 24 a
1709 3257 174 37 manifest
1899 3257 196 39 nuisance;
2124 3254 60 35 for
2211 3257 255 39 government,
2485 3249 162 45 throdgh
2665 3248 65 34 the
2747 3244 163 37 Medium
2929 3246 44 33 of
2995 3249 26 31 al

1672 3315 223 46 prostituted
1915 3314 241 45 parliament;
2177 3308 133 43 could,
2337 3308 96 34 with
2454 3307 201 44 impunity,
2678 3307 46 31 he
2740 3305 122 44 g,dilty
2883 3304 43 33 of
2942 3304 47 58 act
3005 3304 15 58 4

1670 3373 47 35 of
1730 3372 183 40 violence.,
1932 3369 141 41 which,
2091 3367 70 34 had
2199 3366 28 33 it
2258 3367 91 32 been
2381 3364 136 45 purely
2533 3363 188 45 despotic,
2746 3361 27 33 it
2805 3360 124 33 would
2959 3363 65 31 not

1675 3436 150 31 venture
1853 3435 38 28 to
1922 3426 163 37 commit;
2139 3424 93 35 This
2251 3428 76 30 was
2347 3419 155 38 verified
2518 3418 131 46 during
2665 3420 66 33 the
2760 3416 263 47 tinauspiciaui

1677 3488 119 45 reigns
1814 3485 44 37 of
1867 3484 126 45 Henry
2007 3477 130 41 VIII.
2164 3478 125 41 queen
2308 3480 130 46 Mary,
2463 3480 72 33 and
2552 3477 157 35 Charles
2730 3475 61 37 11.

1728 3552 112 40 After
1866 3567 22 24 a
1910 3554 85 45 long
2014 3552 159 37 interval
2192 3550 45 34 of
2251 3550 139 35 sllenee
2415 3549 71 34 and
2510 3546 328 45 indifference,the
2848 3550 176 37 country,

1678 3619 39 30 at
1736 3615 85 40 last;
1840 3611 124 45 begins
1993 3617 38 27 to
2048 3617 104 38 grow
2180 3608 161 34 sensible
2370 3606 45 35 of
2446 3605 63 35 the
2525 3605 236 44 inadequacy
2780 3602 44 38 of
2850 3601 66 34 the
2942 3599 85 46 pre=

1682 3681 78 30 sent
1793 3673 106 35 mode
1930 3671 45 35 of
2000 3665 313 51 represeothtion;
2347 3673 40 27 to
2422 3670 97 32 meet
2554 3665 63 34 the
2644 3661 161 46 original
2841 3657 191 51 principle

1684 3732 46 34 of
1765 3732 47 33 its
1850 3728 255 39 institution..
2124 3726 92 34 This
2248 3725 32 34 IS
2306 3733 72 25 one
2411 3722 45 34 Of
2493 3723 65 34 the
2590 3723 162 44 greatest
2789 3719 154 33 benefits
2975 3720 57 31 re;

1684 3780 137 52 suiting
1839 3783 94 37 froth
1954 3784 72 34 Mr.
2046 3772 184 45 N'fardle's
2248 3781 168 40 Motion;
2444 3780 89 38 and,
2558 3788 58 24 we
2636 3778 93 33 have
2753 3778 45 32 no
2816 3777 116 32 doubt
2950 3776 113 32 titat•-
3077 3772 4 59 •

1689 3843 33 34 if
1746 3844 63 33 the
1827 3841 128 47 public
1984 3852 65 22 are
2075 3840 215 33 unanimous
2319 3839 73 32 and
2424 3834 253 47 perseVering,
2713 3833 86 34 they
2833 3831 84 33 will

1689 3900 142 45 mately
1870 3896 164 46 triumph
2075 3898 91 32 over
2207 3894 163 44 intrigue
2405 3901 46 26 or
2489 3891 204 46 prejudice.
2764 3886 164 46 Nobody
2957 3885 80 35 will

1690 3958 89 34 dare
1809 3951 191 43 maintain,
2029 3959 63 27 not
2119 3957 93 28 eves
2229 3950 63 34 the
2319 3956 94 27 most
2434 3944 169 39 besotted
2631 3956 44 24 or
2702 3941 138 45 selfish;
2869 3944 80 34 that
2968 3950 74 37 any

1690 4010 266 46 disadvantage
1985 4020 67 24 can
2079 4018 111 24 occur
2210 4015 38 26 to
2269 4002 63 39 the
2365 4005 156 35 CroWn,
2552 4007 98 31 Were
2685 4003 63 33 the
2779 4002 141 45 people
2942 4000 102 35 more

1691 4070 196 44 faithfully
1929 4067 247 44 represented.
2231 4059 191 39 Whoever
2463 4057 181 39 advances
2685 4071 40 21 so
2761 4067 206 26 monstrous
2998 4067 47 24 an

1694 4127 171 45 opinion,
1892 4131 90 27 must
2010 4124 159 43 imagine
2184 4123 80 32 that
2284 4120 63 34 the
2373 4120 169 34 interests
2561 4116 43 34 of
2619 4117 63 33 the
2701 4117 137 44 people
2857 4115 71 33 and
2944 4115 51 32 the

1697 4183 111 35 kjthe
2039 4191 65 25 are
2124 4178 148 37 di•itiott
2289 4178 71 34 and
2379 4174 226 47 coraplewly
2624 4180 39 27 at
2676 4166 201 45 s'ariauce..
2907 4170 37 35 It
2962 4178 85 35 tual

3317 3243 5 43 '
3334 3243 7 8 '
3389 3262 9 24 5

3409 3249 4 37 '
3378 3262 24 24 ,
3402 3249 15 14 eg,

3364 3381 5 11 t

3445 3531 4 8 '

3400 3553 11 19 4
3465 3559 6 6 •

3458 3741 13 30 .1

3302 3869 7 94 f
