3472 4417
338 150 222 56 APRIL
596 151 51 47 9.

335 289 81 33 also
437 289 64 30 the
517 285 146 38 seconil,
692 285 59 33 for
781 286 63 32 the
870 283 261 44 appointment
1149 283 43 33 of
1206 291 76 26 two

1299 285 19 44 .
1318 285 174 44 Assistant
1509 291 143 30 Secreta-

340 335 73 33 ries
439 335 37 32 in
504 333 63 33 the
598 332 115 35 Office
732 331 44 33 of
789 332 60 33 the
870 331 261 35 Esaminator.

391 381 81 33 The
507 380 69 34 last
613 379 219 34 RCSOILII4III
863 389 79 24 was
966 379 83 33 then
1083 383 67 39 put
1183 377 92 35 from
1311 378 64 34 the
1408 377 129 41 Chair,
1564 379 109 33 when

340 428 77 34 Mr.
451 428 20 32 3
482 428 138 32 ackson
656 426 184 44 propp=ed
872 436 46 24 an
950 425 255 41 Amendment,
1251 426 59 32 for
1344 428 65 32 the
1444 436 157 32 purpose
1637 428 41 32 of

340 475 155 41 making
519 475 31 32 it
579 474 151 41 binding
749 484 45 26 on
813 474 155 33 Colonel
990 472 149 43 Mudge,
1174 480 37 26 to
1246 472 130 33 render
1393 482 44 22 an
1462 478 156 27 account
1646 482 26 24 it

340 523 93 32 least
454 531 90 21 once
560 531 24 22 a
618 531 92 22 rear
745 526 37 27 to
802 521 61 32 the
883 522 118 33 Court
1020 520 43 32 of
1085 520 202 39 Director,,
1315 519 45 33 of
1368 520 61 32 the
1448 530 165 32 progress
1637 519 41 33 of

341 570 65 31 the
441 569 124 43 pupils
591 557 45 44 of
667 568 61 34 the
765 578 79 24 new
873 567 213 34 seminaries
1115 567 34 33 in
1175 566 98 33 their
1306 567 203 43 cespective
1527 567 148 40 studies,

344 617 143 39 whicb,
515 615 172 44 together
715 615 91 33 wtth
827 615 63 33 the
908 615 158 41 original
1091 614 156 39 motion,
1272 613 100 33 after
1390 624 94 24 some
1504 615 152 32 observa-

344 664 96 32 tions
459 663 93 33 from
576 664 72 33 Mr.
689 663 194 39 Lowndes,
911 661 73 33 Mr.
1017 661 189 44 Twining,
1233 661 76 33 Mr.
1335 661 123 41 Rock,
1495 660 72 33 and
1600 661 73 33 Mr.

348 712 120 38 Scott,
500 720 72 22 was
586 710 145 35 carried
749 710 274 43 unanimously.

394 759 83 32 The,.
495 759 171 43 question
692 758 43 32 of
758 756 233 46 adjourineut
1013 767 73 22 was
1102 755 84 34 then
1202 759 80 39 put,
1312 755 106 33 when

394 806 78 34 Mr.
498 806 119 40 hock,
645 806 120 33 called
787 806 60 33 the
876 804 182 33 attention
1085 803 41 33 of
1153 803 63 32 the
1233 803 116 33 Court
1380 809 37 26 to
1430 801 65 34 the
1517 802 162 34 Reiolu-

345 854 98 33 Cons
459 853 150 34 entered
630 853 78 33 into
726 853 50 43 by
794 852 63 34 the
878 852 122 33 Court
1012 862 97 21 some
1128 850 35 43 da
1163 850 18 43 .
1181 850 35 43 vs
1234 852 98 32 since
1349 849 89 33 with
1469 859 141 35 respect
1639 857 37 25 to

347 901 81 43 Mr,.
445 900 392 34 Thelluson.—There
857 908 77 24 was
944 908 67 22 one
1028 908 132 33 among
1179 896 102 33 those
1300 896 234 33 Resolutions
1556 896 120 33 which

348 948 72 34 had
452 948 105 33 made
588 958 22 22 a
637 953 106 38 great
782 947 223 44 Impression
1026 956 96 35 upon
1143 945 52 33 his
1214 945 112 32 mind.
1383 944 57 33 Ile
1459 951 119 25 meant
1600 944 78 33 that

348 996 123 34 which
504 994 141 33 related
680 1002 37 25 to
748 994 64 33 the
840 994 261 44 appointment
1135 991 44 33 of
1206 992 139 33 several
1384 1002 118 32 young
1532 1002 79 21 men
1639 1002 39 21 as

351 1044 141 38 cadets,
523 1042 123 34 which
669 1042 71 32 had
771 1043 89 32 been
880 1041 172 33 obtained
1074 1041 48 41 by
1140 1049 22 22 a
1183 1041 137 32 certain
1342 1038 190 38 influence,
1559 1048 37 22 as
1612 1048 44 34 ap-

350 1091 138 45 peared
506 1100 45 24 on
570 1090 63 33 the
651 1090 174 33 evidence
844 1090 129 31 before
987 1088 63 33 the
1068 1088 122 32 Select
1207 1087 231 34 Committee.
1463 1087 59 32 lie
1541 1085 137 33 wished

345 1139 39 32 to
420 1139 110 32 know
554 1135 168 35 whether
746 1137 59 32 the
833 1137 194 33 Directors
1055 1140 119 27 meant
1195 1141 37 24 to
1248 1144 103 21 come
1377 1142 34 22 to
1429 1143 70 21 any
1524 1133 135 32 Resolu-

348 1187 78 32 tion
451 1196 98 33 upon
565 1185 80 34 that
664 1183 155 45 subject,
846 1183 70 33 and
938 1182 165 33 whether
1123 1182 79 32 that
1224 1181 148 32 Hesolut
1381 1181 57 32 ion
1455 1179 122 33 would
1592 1179 86 32 take

347 1233 105 35 effect
491 1234 157 32 without
670 1232 214 38 submitting
915 1231 63 32 the
1006 1230 195 43 propriety
1230 1227 45 33 of
1296 1228 86 33 such
1408 1239 24 21 a
1452 1235 167 25 measure
1642 1232 38 27 to

348 1281 60 33 the
428 1280 254 45 approbation
698 1279 41 33 of
752 1280 63 32 the
830 1280 119 32 Court
967 1277 43 33 of
1029 1277 248 43 Proprietors.

398 1328 80 34 The
506 1328 187 34 President
717 1333 63 26 not
803 1328 126 41 giving
954 1335 70 32 any
1046 1323 235 34 information
1302 1332 97 33 upon
1427 1320 70 33 this
1525 1318 155 46 subject,

351 1376 74 35 Mr.
452 1375 190 40 Lowndes,
674 1375 71 32 Mr.
770 1376 118 35 Scott,
919 1374 71 32 Mr.
1013 1372 183 38 Twining,
1233 1371 70 31 Mr.
1320 1370 178 35 Jackson,
1521 1369 69 32 and
1610 1367 69 33 Nlr.

352 1422 45 35 El
407 1423 207 43 phinstone,
632 1422 187 33 severally
836 1420 197 45 expressed
1054 1422 25 30 it
1098 1430 39 21 as
1159 1417 97 37 their
1272 1417 169 41 opinion,
1460 1417 81 32 that
1561 1416 25 31 it
1611 1424 72 22 was

351 1472 248 41 incompetent
619 1469 59 33 for
698 1470 60 33 the
775 1470 115 33 Court
911 1473 37 27 to
980 1474 210 35 pronounce
1222 1474 70 33 any
1315 1463 161 32 decision
1496 1473 97 33 upon
1613 1462 69 32 this

346 1517 145 45 tatbject
511 1524 35 26 at
568 1522 159 39 present,
750 1515 169 33 deficient
938 1526 40 25 as
998 1514 22 31 it
1048 1522 73 22 was
1152 1512 34 32 in
1215 1511 59 32 the
1300 1520 187 32 nece-sary
1509 1509 150 32 iuforma-

348 1566 78 34 tiou
449 1564 89 33 with
565 1571 143 37 respect
726 1569 38 26 to
783 1563 60 32 the
861 1564 128 31 abuses
1003 1559 234 44 complained
1254 1556 53 34 of.
1362 1557 102 44 They
1483 1567 45 21 ex
1539 1557 141 41 pressed

351 1613 99 33 their
467 1612 304 37 determination,
803 1610 191 37 however,
1024 1615 38 26 to
1080 1607 135 33 discuss
1244 1606 59 31 the
1338 1609 132 28 matter
1496 1603 98 44 fully
1613 1604 67 32 and

348 1661 119 43 fairly
488 1669 44 25 nu
553 1659 61 34 the
631 1659 149 33 earliest
798 1657 246 44 opportunity
1063 1655 81 32 that
1165 1654 188 44 presented
1375 1650 109 35 itielf.

400 1710 81 34 The
503 1708 115 35 Court
635 1706 201 46 adjourned
854 1711 38 27 at
911 1706 105 32 three
1035 1701 162 35 o'clock.

1220 150 148 52 THE
1401 152 377 52 NATIONAL
1814 154 384 51 REGISTER;

745 1834 211 34 EASTER
984 1832 301 35 HOLIDAYS.

394 1896 84 37 The
494 1898 122 41 sports
633 1893 45 33 of
691 1892 74 34 this
784 1891 145 35 festival
950 1889 230 35 commenced
1213 1887 180 38 Monday,
1411 1885 66 35 and
1511 1883 63 34 the
1586 1878 81 43 Ispm-

348 1946 63 34 bre
426 1944 144 33 sadness
589 1942 41 33 of
653 1941 151 34 Passion
827 1938 122 33 Week
966 1946 73 24 was
1057 1935 200 34 succeeded
1276 1936 50 39 by
1346 1933 61 33 the
1424 1944 65 31 gas
1515 1932 118 31 hustle
1652 1928 41 33 of

351 1991 156 41 holiday
522 1990 113 39 folks,
653 1989 60 32 the
728 1985 158 46 opening
898 1985 44 33 of
952 1985 60 33 the
1029 1985 164 31 Summer
1207 1982 197 38 Theatres,
1422 1980 67 33 and
1506 1990 22 21 a
1543 1977 143 33 variety

348 2040 45 32 of
405 2044 209 35 customary
626 2044 137 28 scenes,
781 2034 124 34 which
924 2042 66 28 are
1006 2030 124 34 hailed
1150 2029 90 35 with
1252 2028 170 47 pleasure
1441 2029 46 40 by
1502 2026 63 33 the
1585 2023 81 34 iuha-

351 2093 98 27 tants
468 2086 44 32 of
524 2095 70 21 our
612 2082 234 45 metropolis.
927 2081 5 46 •

404 2135 176 33 EPPING
598 2131 64 34 HU
673 2127 348 43 NT.—Yesterday,
1046 2130 39 31 at
1108 2135 46 22 an
1172 2125 103 34 early
1299 2124 107 38 hour,
1434 2122 63 32 the
1515 2119 151 34 industri-

348 2192 66 24 ous
433 2191 81 24 sons
531 2179 44 33 of
589 2177 242 45 Spitaltields,
869 2174 157 35 Bethnal
1044 2174 137 39 Green,
1206 2172 70 34 and
1306 2169 282 44 Whitechapel,
1618 2167 53 32 dis-

348 2230 156 40 daining
521 2228 63 32 the
611 2225 165 38 semnific
802 2233 165 34 powers,
994 2233 78 22 rose
1091 2228 39 26 at
1149 2220 63 33 the
1231 2220 104 33 blush
1355 2218 41 33 of
1422 2216 165 38 Aurora,
1620 2213 66 33 and

351 2275 185 45 prepared
555 2274 59 34 for
631 2272 64 33 the
711 2271 198 34 far-famed
932 2269 151 45 Epping
1104 2269 117 38 Hunt,
1256 2267 64 43 big
1355 2265 91 34 with
1478 2263 61 32 the
1558 2262 74 33 fate
1651 2261 44 33 of

350 2324 210 34 Cockneys.
613 2320 83 33 The
730 2319 90 34 road
855 2319 96 35 from
986 2322 99 28 town
1119 2321 39 28 to
1188 2316 61 32 the
1278 2313 169 44 sportive
1476 2319 106 25 scene
1613 2319 74 24 was

351 2370 181 45 throriged
568 2369 47 41 by
637 2368 149 33 hunters
801 2365 44 34 of
867 2374 113 33 every
999 2362 241 44 description.
1292 2362 107 33 Some
1422 2368 94 24 were
1538 2356 150 43 heavily

353 2417 161 41 dressed,
539 2415 69 33 and
628 2414 124 33 others
781 2424 39 24 as
846 2414 90 32 hare
967 2409 44 34 of
1037 2409 178 43 covering
1237 2418 40 24 as
1307 2407 190 35 Meleager
1517 2404 106 32 when
1645 2404 40 31 le.

353 2465 119 35 killed
493 2464 63 33 the
579 2461 228 34 Celedonian
835 2461 106 33 hoar.
993 2458 80 33 The
1106 2458 142 44 gallant
1280 2460 112 38 troop
1411 2450 196 47 displayed
1637 2452 48 31 all

354 2515 63 32 the
433 2512 149 34 colours
598 2509 45 33 of
656 2520 73 33 gay
750 2509 84 40 Iris,
844 2507 69 33 and
933 2507 102 32 sable
1052 2505 168 41 bearings
1239 2503 43 32 of
1294 2515 22 19 a
1333 2502 356 40 chimney-sweeper

359 2570 98 22 were
475 2559 102 33 often
594 2556 183 35 blazoned
793 2557 47 31 by
859 2555 64 32 the
941 2554 234 45 powderings
1189 2550 43 33 of
1243 2546 168 35 barber's
1423 2556 132 35 apron.
1610 2545 79 33 The

354 2609 118 32 cattle
491 2616 97 24 were
604 2604 197 43 composed
830 2603 44 33 of
898 2603 141 35 horses,
1072 2608 110 31 asses,
1214 2598 67 32 and
1304 2596 128 37 mules,
1463 2594 50 33 all
1538 2591 85 41 high
1652 2593 34 32 in

354 2657 112 38 bone,
493 2654 70 34 and
580 2652 74 33 low
683 2652 34 35 in
743 2652 87 33 flesh
848 2662 11 28 ;
885 2649 70 34 and
974 2650 61 32 the
1064 2647 97 44 pack
1189 2642 198 46 displayed
1404 2652 111 32 every
1535 2640 92 33 class
1652 2639 41 32 of

354 2704 64 32 the
441 2704 128 33 canine
586 2699 155 44 species,
767 2698 93 34 from
880 2698 63 32 the
973 2695 74 34 hull
1069 2702 37 25 to
1126 2694 61 32 the
1205 2692 171 44 lapdog.
1428 2687 110 35 After
1556 2687 136 43 having

354 2750 151 44 regaled
528 2748 90 34 with
632 2748 155 41 copious
804 2746 177 33 libations
1000 2743 41 38 of
1055 2751 156 34 genera,
1241 2741 59 32 the
1324 2735 133 44 motley
1476 2744 139 34 groups
1632 2743 40 24 ar-

356 2798 104 35 rived
480 2802 39 30 at
536 2796 60 34 the
611 2794 132 43 Eagle,
765 2791 269 43 Snaresbrook,
1062 2789 71 33 and
1149 2789 105 32 other
1273 2787 130 32 houses
1419 2783 216 43 contiguous
1655 2787 37 27 to

354 2848 64 33 the
437 2845 126 34 forest.
615 2842 35 33 A
669 2841 69 35 fine
756 2846 80 39 stag
861 2839 71 34 had
953 2841 87 32 been
1063 2835 211 46 previously
1294 2833 143 33 carried
1456 2831 96 32 from
1569 2839 24 22 a
1619 2833 57 27 sta-

354 2895 78 32 ble.
490 2893 69 39 Hi?,
576 2890 110 34 horns
703 2900 98 28 were
817 2887 124 35 sawed
960 2885 60 39 off,
1055 2894 40 24 as
1119 2883 120 40 usual,
1265 2884 137 39 except
1420 2878 60 33 the
1499 2878 98 33 front
1613 2881 59 27 ant-

354 2943 91 38 lers,
472 2939 124 39 which
619 2947 97 25 were
735 2935 151 35 braided
907 2934 91 34 with
1020 2930 185 40 ribbands,
1235 2929 67 34 and
1326 2928 44 32 he
1393 2936 71 21 was
1482 2923 126 34 turned
1631 2928 60 27 out

357 2996 41 26 to
415 2991 64 32 the
498 2996 120 33 mercy
639 2983 44 34 of
707 2985 56 34 his
782 2993 185 37 pursuers,
1000 2989 86 25 near
1107 2975 266 37 Buckets-hill.
1426 2972 159 41 Finding
1604 2970 69 33 him-

356 3037 77 32 self
451 3043 40 26 at
509 3035 158 41 liberty,
683 3034 45 33 he
742 3032 133 37 dashed
894 3032 79 32 into
993 3026 210 37 Fair-maid
1228 3024 165 38 Bottom,
1408 3021 67 32 and
1492 3018 131 44 sought
1639 3028 37 21 re-

354 3084 89 37 feee
463 3084 35 32 in
517 3084 61 32 the
602 3083 145 34 Forest.
800 3080 81 34 The
894 3083 98 30 scent
1013 3085 72 22 was
1110 3074 84 33 then
1209 3073 123 41 givea,
1359 3070 71 32 and
1448 3067 54 33 off
1518 3072 98 30 went
1636 3064 60 33 the

673 3131 92 34 Like
788 3128 94 33 wind
901 3126 70 33 and
992 3124 74 33 tide

366 3180 38 32 In
424 3190 24 21 a
465 3178 71 33 few
557 3187 175 25 moments
751 3178 60 33 the
828 3172 142 46 ground
993 3181 72 25 was
1084 3168 156 37 covered
1261 3164 90 34 with
1382 3164 94 41 hats,
1495 3162 109 44 wigs,
1628 3157 70 35 and

359 3227 63 32 the
442 3226 129 33 bodies
588 3227 45 33 of
646 3228 54 32 fat
718 3224 176 35 Citizens.
954 3220 132 34 Riders
1115 3224 97 26 were
1240 3224 81 24 seen
1339 3211 154 39 looking
1511 3210 61 33 for
1600 3207 98 33 their

361 3274 137 41 horses,
517 3274 69 33 and
607 3275 125 34 horses
751 3272 58 34 for
829 3270 98 34 their
945 3268 128 34 riders.
1124 3265 83 33 The
1225 3261 150 35 venders
1394 3259 41 33 of
1447 3260 59 41 gin
1526 3255 70 35 and
1620 3260 60 27 eat-

360 3322 122 44 ahles,
504 3333 22 27 v,
543 3322 45 37 ho
605 3322 105 33 stood
732 3318 184 47 prepared
952 3317 59 33 for
1042 3314 63 33 the
1137 3321 118 27 scene,
1287 3305 252 43 immediately
1571 3301 129 34 rushed

361 3369 38 34 in
417 3374 40 28 to
474 3369 146 44 dispose
640 3369 43 33 of
696 3369 98 33 their
816 3374 113 31 ware,
954 3361 71 35 and
1043 3361 133 43 glasses
1199 3357 43 33 of
1266 3356 143 33 coreial
1437 3348 171 38 consoled
1641 3348 59 32 the

360 3418 190 32 downcast
572 3418 146 32 hunters
733 3415 58 34 for
808 3415 141 38 bruises
977 3410 69 33 and
1071 3409 103 45 pain.
1228 3404 146 34 Several
1398 3402 191 34 Nimrods,
1619 3396 81 32 who

361 3467 71 32 had
456 3467 154 43 pursued
628 3465 59 35 the
702 3469 105 37 sport
827 3459 43 33 of
879 3461 63 34 the
954 3458 73 43 day
1046 3457 33 34 in
1098 3454 111 37 taxed
1228 3459 111 26 carts,
1357 3459 93 22 tvere
1465 3444 236 35 overthrown

364 3513 94 34 with
480 3513 61 33 the
559 3514 70 33 loss
648 3511 44 33 of
707 3511 97 33 their
821 3508 154 38 wheels,
990 3507 69 33 and
1080 3504 60 33 the
1157 3500 189 37 coufti-ioa
1371 3495 117 33 which
1509 3491 191 47 prevailed

365 3562 185 45 produced
570 3559 262 40 coesiderable
848 3556 130 38 mirth,
994 3559 38 27 at
1056 3553 61 32 the
1133 3560 46 24 ex
1189 3557 109 35 pence
1326 3546 44 32 or
1394 3544 142 38 tailors,
1554 3540 65 33 tali
1629 3549 52 20 ow
1690 3555 12 5 -

363 3608 211 40 chandlers,
596 3618 180 30 weavers,
791 3604 70 34 and
879 3601 269 45 soap-boilers,
1176 3596 84 33 who
1280 3594 70 33 had
1372 3599 58 26 not
1449 3591 91 32 been
1556 3587 85 34 able
1667 3591 37 27 to

365 3658 157 33 restrain
541 3657 63 34 the
632 3656 86 44 fury
750 3654 43 34 of
819 3652 98 34 their
946 3650 141 34 vicious
1122 3645 154 43 kicking
1305 3640 181 41 donkeys,
1517 3635 71 33 and
1622 3643 67 24 tins-

361 3705 180 40 chievous
557 3703 237 40 cart-horses.
846 3700 81 33 The
943 3707 96 30 stag,
1064 3705 40 25 as
1121 3692 118 35 usual,
1254 3686 157 46 escaped
1430 3684 93 34 from
1544 3683 63 33 the
1620 3680 80 43 fury

364 3754 44 32 of
423 3754 45 32 its
484 3751 224 45 unqualified
730 3757 182 38 pursuers,
928 3746 72 33 and
1022 3752 107 33 many
1144 3741 43 34 of
1200 3739 61 33 the
1277 3739 148 32 hunters
1444 3732 83 33 who
1548 3728 72 34 had
1636 3728 69 33 lost

364 3800 102 34 their
485 3801 123 33 horses
622 3798 169 34 returned
806 3807 45 22 on
869 3794 80 34 foot
967 3800 38 26 to
1024 3791 61 33 the
1108 3784 221 39 Bald-faced
1350 3784 102 40 Stag,
1465 3785 38 27 to
1517 3777 188 34 celebrate

363 3848 103 34 their
500 3848 115 45 lucky
647 3855 133 35 escape
821 3843 94 34 from
953 3841 61 34 the
1031 3837 112 46 perils
1156 3834 43 35 of
1208 3833 60 34 the
1283 3831 130 34 chace.
1465 3824 111 35 After
1592 3824 94 33 sacri-

353 3894 74 44 .ing
445 3901 40 28 at
506 3896 60 33 the
583 3894 123 35 shrine
726 3893 45 33 of
784 3892 60 33 the
862 3889 111 44 Jolly
989 3886 100 41 God,
1109 3885 86 41 they
1215 3878 171 38 returned
1404 3883 38 26 to
1469 3881 117 26 town.

413 3944 279 33 Gaer.sityleu
711 3941 57 33 Pi
778 3937 210 38 RlC—The
1007 3934 90 34 Fair
1113 3937 38 30 at
1165 3925 239 39 Greenwich,
1417 3922 69 34 and
1506 3920 64 34 the
1587 3917 118 40 Park,

364 3991 197 45 displayed
580 4002 22 21 a
621 3999 193 25 numerous
831 3984 228 41 assemblage
1078 3979 45 34 of
1133 3989 73 33 gay
1227 3974 152 40 holiday
1398 3971 77 34 lads
1492 3969 72 33 and
1583 3969 122 32 lasses.

364 4041 64 32 hut
451 4039 61 32 the
530 4042 112 38 sear')
659 4036 159 44 easterly
841 4033 97 34 wind
958 4028 137 48 proved
1115 4038 24 22 a
1154 4020 208 39 drawback
1384 4025 35 27 to
1439 4018 63 33 the
1521 4016 184 44 pleasures

364 4085 43 33 of
425 4087 119 32 Roles(
565 4087 94 39 Poles
659 4087 19 39 .
678 4087 20 39 ,
716 4084 70 34 and
808 4084 104 32 those
922 4088 137 28 scenes,
1072 4077 34 32 in
1121 4083 97 34 open
1235 4071 72 39 air,
1332 4065 118 34 which
1469 4067 138 32 attract
1620 4061 83 40 City

365 4134 30 34 A
407 4142 131 35 pprent
550 4134 41 33 ice
653 4131 70 34 and
752 4127 269 45 good-natured
1055 4123 184 34 l'emalOs.
1294 4119 41 33 In
1372 4114 64 34 the
1462 4110 158 41 evening
1648 4109 59 30 the

364 4182 167 33 votaries
561 4182 44 30 Or
635 4180 167 38 Bacchus
833 4174 154 35 enlisted
1016 4170 112 35 under
1152 4169 64 33 the
1239 4167 162 33 Banners
1428 4159 44 34 of
1499 4160 115 38 Mars,
1636 4155 71 34 and

363 4238 78 37 rua.n
441 4238 15 37 .
456 4238 17 37 y
491 4239 24 25 a
541 4225 293 39 well-contested
853 4224 118 34 battle
990 4231 70 25 was
1075 4217 129 45 fought
1222 4225 46 24 on
1283 4212 63 34 the
1367 4204 222 41 Kent-road.

2167 298 151 33 ANNA
2346 294 243 35 SEWARD.

2969 150 96 46 2SI

1789 398 90 34 This
1896 399 89 43 lady
2009 398 89 44 paid
2124 396 60 34 the
2211 406 163 24 common
2393 394 86 32 debt
2498 392 43 33 of
2557 391 131 35 human
2707 393 144 34 nature,
2868 387 172 33 onSatur-

1742 446 70 43 day
1834 446 125 33 March
1980 446 61 38 `?5,
2066 446 98 32 after
2180 455 20 21 a
2219 442 177 41 lingering
2413 441 133 39 decay,
2571 446 34 25 at
2631 437 208 38 Litchfield,
2863 435 123 33 where
3000 436 65 32 she

1743 494 221 43 principally
1980 493 152 33 resided.
2187 491 71 33 She
2272 489 92 35 lived
2389 488 124 33 rather
2532 494 59 25 too
2611 485 85 41 long
2711 484 57 32 for
2786 484 65 32 her
2865 481 113 41 fame,
2998 482 66 33 but

1741 546 59 25 not
1820 540 84 44 long
1916 540 139 44 enough
2070 539 59 33 for
2150 539 64 32 her
2229 536 150 33 friends.

1789 599 87 33 Miss
1894 599 150 34 Seward
2065 609 76 20 was
2156 595 176 43 daughter
2354 593 43 33 of
2406 592 60 33 the
2489 592 92 34 Rev.
2606 591 69 35 Dr.
2692 589 164 35 Seward,
2887 588 84 33 who
2986 587 59 34 for-

1743 647 112 41 merly
1870 646 81 33 held
1976 645 249 34 considerable
2249 643 146 32 cleric;d
2419 638 231 46 preferineht.
2708 638 70 32 Mr.
2802 635 150 33 Seward
2976 635 87 41 paid

1743 703 85 34 very
1843 694 154 32 anxious
2008 692 178 33 attention
2200 697 34 26 to
2249 689 53 32 his
2313 685 210 44 daughter's
2541 684 223 34 intellectual
2781 683 281 44 improvement,

1744 739 133 44 having
1900 739 211 39 conceived,
2141 749 89 31 very
2241 735 133 45 justly,
2412 733 61 33 the
2503 737 87 27 most
2617 730 220 34 favourable
2855 729 158 41 opinioa
3026 728 43 33 of

1743 785 64 34 her
1821 788 128 32 mental
1970 797 159 33 powers.
2184 785 70 32 She
2276 793 70 24 was
2366 783 104 35 born,
2490 780 115 33 about
2624 780 61 31 the
2735 787 63 24 ear
2820 775 100 40 1743,
2947 781 35 27 at
3005 775 61 33 the

1744 834 130 41 village
1894 834 44 32 of
1955 835 130 35 Evam,
2112 831 34 33 in
2176 829 243 37 Derbyshire.
2447 826 44 34 of
2518 826 124 33 which
2665 826 63 32 her
2745 822 120 34 father
2885 833 74 22 was
2980 822 84 33 then

1743 887 132 27 rector.
1929 881 58 33 lie
2004 881 150 32 became
2177 878 220 33 afterwards
2432 873 233 44 Prebendary
2686 870 43 33 of
2760 870 206 43 Salisbury,
2994 870 73 32 and

1744 928 162 33 Cannon-
1917 927 254 41 Residentiary
2187 924 41 34 of
2249 922 207 33 Litchfield.
2511 922 13 32 I
2537 926 8 26 t
2571 930 72 21 was
2668 928 44 20 on
2741 918 58 31 the
2819 917 110 33 latter
2943 915 41 33 of
3000 917 67 32 her

1743 973 150 34 father's
1912 974 240 44 promotions,
2179 972 80 32 that
2278 971 102 32 :Vino
2412 966 150 35 Seward
2597 964 169 35 removed
2796 970 38 26 to
2857 963 210 40 Litchfield,

1746 1033 26 20 w
1783 1023 81 32 here
1880 1022 60 32 she
1959 1020 190 33 (.0110110e:I
2174 1025 39 26 to
2233 1017 128 39 reside,
2387 1016 94 32 since
2503 1016 64 31 her
2594 1010 201 37 thirteenth
2817 1020 104 33 year,
2950 1012 33 31 in
3005 1011 60 30 the

1749 1069 169 43 Bishop's
1936 1069 146 33 Palace.
2137 1067 70 33 She
2222 1067 145 31 became
2386 1058 198 46 originall'y
2603 1059 174 35 emitamt,
2802 1068 40 22 as
2859 1067 67 24 one
2946 1056 41 32 of
3002 1057 63 32 the

1744 1116 131 34 female
1896 1121 102 38 poets
2017 1115 41 32 of
2072 1124 67 22 our
2165 1114 118 34 times,
2298 1111 47 43 by
2362 1110 64 32 her
2440 1110 122 41 poetic
2582 1107 104 32 novel
2705 1106 151 33 entitled
2874 1104 12 18 6
2903 1101 163 37 Louisa.'

1750 1163 74 32 Her
1841 1165 105 32 other
1972 1160 246 46 publications
2249 1157 89 33 hate
2357 1157 104 37 beet,
2550 1155 126 32 Poems
2709 1154 32 32 in
2781 1152 99 34 Lady
2906 1150 158 33 Miller's

1750 1209 91 33 !lath
1870 1212 131 32 E•iston
2023 1205 184 41 Volume,'
2229 1217 44 20 an
2331 1205 116 40 Elegy
2466 1214 41 20 on
2526 1204 112 39 rapt.
2661 1198 138 41 Coo!:,'
2825 1209 21 21 a
2901 1198 165 33 Monody

1744 1269 45 20 nu
1824 1256 123 46 Major
1965 1254 152 37 Andre,'
2144 1264 45 22 an
2252 1251 113 43 Elegy
2385 1258 44 24 on
2454 1248 84 43 (her
2557 1247 135 41 friend)
2718 1246 97 43 Lady
2832 1243 158 40 Miller,'
3021 1256 46 22 an

1778 1304 78 33 Ode
1874 1315 35 21 to
1933 1302 150 33 General
2252 1298 81 33 who
2357 1307 71 20 was
2441 1294 222 33 afterwards
2683 1294 99 31 made
2807 1293 92 33 Lord
2926 1293 8 31 I
2947 1294 7 30 I
2963 1292 93 52 eath-
3057 1292 19 52 t

1748 1351 97 39 field,
1877 1352 63 31 her
1958 1361 105 32 poem
2083 1346 41 34 of
2178 1346 206 39 Llangollen
2420 1343 123 38 Vale,'
2617 1339 177 40 Sonnets,'
2830 1339 69 33 acd
2923 1339 142 33 several

1750 1398 163 33 Poetical
1935 1396 259 35 Miscellanies,
2213 1393 163 43 together
2523 1401 17 20 r.
2577 1390 107 31 letter
2711 1398 45 21 on
2787 1388 61 31 the
2874 1387 69 32 Sch
2950 1388 59 31 (MI
3025 1384 47 34 of

1749 1446 177 44 Southey,
1946 1442 152 35 inserted
2117 1443 33 31 in
2176 1441 71 31 Mr.
2270 1435 243 46 Davenport's
2572 1435 161 33 Poetic::l
2994 1433 72 32 She

1748 1492 74 32 also
1845 1496 112 27 wrote
1972 1498 99 25 some
2132 1487 174 34 Memoirs
2320 1496 19 21 o
2347 1485 14 32 f
2378 1485 167 33 Erasmus
2568 1480 181 37 Darwin.'
2802 1481 77 33 lier
2903 1479 141 38 Monody
3044 1479 24 38 .

1750 1548 41 24 oil
1817 1538 120 44 Major
1952 1535 124 37 Andre
2102 1537 30 32 is
2148 1545 66 21 one
2233 1533 41 32 of
2290 1531 60 33 her
2368 1532 74 32 best
2461 1530 159 44 poetical
2644 1530 250 41 productions.
2913 1528 69 31 and
3002 1527 65 33 her

1755 1589 169 31 •demoirs
1944 1585 40 31 of
2002 1586 167 31 Lraonos
2251 1580 91 32 rwin
2362 1581 59 28 the
2441 1579 85 30 least
2545 1577 200 32 eretlitalik
2771 1574 43 33 of
2835 1576 63 31 her
2917 1574 146 41 prosaic

1747 1635 136 32 efforts.
1939 1633 77 32 Her
2047 1631 167 32 Literary
2242 1625 315 44 Correspondence
2587 1633 72 22 was
2695 1622 132 44 widely
2857 1622 207 39 extensive,

1750 1681 66 32 and
1835 1680 128 45 highly
1983 1675 241 48 respectable.

1800 1740 103 33 Anna
1929 1739 146 34 Seward
2100 1748 72 21 was
2194 1744 89 24 once
2300 1739 38 27 as
2363 1731 163 33 admired
2555 1729 56 33 for
2629 1728 60 33 the
2714 1727 195 41 splendour
2930 1726 44 34 of
3000 1728 65 33 her

1749 1788 126 33 sexual
1897 1787 176 40 beauties,
2087 1796 40 24 as
2146 1783 57 33 for
2226 1783 60 31 the
2306 1781 172 31 lit-Oh:toe
2478 1781 18 31 ,
2525 1778 40 31 of
2583 1780 60 28 h,o-
2662 1778 151 39 liter,try
2837 1776 226 40 reputation.

1755 1835 69 33 she
1844 1846 73 21 was
1948 1833 123 44 highly
2092 1828 269 44 accomplished
2379 1839 9 26 ;
2415 1828 66 31 an,i
2505 1825 102 31 morn
2626 1832 21 22 e
2647 1832 21 22 ,
2668 1832 109 22 ;eeme
2822 1821 58 33 f-r
2906 1824 59 30 the
2983 1833 64 21 sua-

1753 1883 77 41 vity
1850 1881 44 33 of
1917 1881 61 31 her
2007 1889 175 28 manners,
2200 1887 39 20 as
2272 1876 78 32 well
2372 1885 38 22 as
2428 1874 61 32 the
2520 1871 208 34 imeiestin::
2756 1871 161 31 vivacity
2937 1869 45 33 of
3001 1870 65 32 h.er

1750 1928 266 34 convetsation.
2070 1928 70 32 Sae
2159 1923 111 37 lived,
2293 1923 187 34 however,
2497 1919 57 32 till
2570 1920 100 30 there
2685 1916 103 32 could
2802 1915 44 32 bi-
2868 1926 80 20 very
2970 1915 99 33 little

1753 1984 37 24 to
1808 1977 59 31 her
1886 1974 178 34 desirable
2081 1975 34 31 in
2133 1971 78 34 life.
2272 1967 183 45 Departed
2471 1967 148 38 friends,
2631 1965 145 31 dissolvi
2791 1963 19 31 d
2831 1964 237 38 connexions,

1765 2022 169 34 iiienaterl
1959 2021 201 38 aliretions,
2189 2017 229 41 augmenting
2515 2014 64 31 mil
2588 2013 81 38 ties,
2708 2016 87 28 must
2829 2010 129 32 render
2998 2009 71 33 I;iis

1757 2070 131 39 e.orld,
1915 2068 201 45 especially
2137 2072 37 26 to
2199 2065 162 35 females,
2386 2062 96 32 little
2507 2067 35 26 to
2571 2061 45 30 be
2635 2057 130 33 valued
2787 2065 39 27 at
2852 2057 60 33 the
2941 2067 69 27 age
3032 2054 46 34 of

1752 2119 176 43 sixty-six
1952 2126 116 25 years.
2124 2109 217 37 Considered
2365 2109 87 32 with
2474 2119 27 21 r'
2517 2108 141 31 ference
2676 2112 34 25 to
2727 2106 63 31 lror
2805 2104 158 44 poetical
2983 2104 59 32 dm-

1754 2172 133 32 meter,
1907 2165 34 32 iu
1964 2163 120 33 which
2109 2161 85 40 only
2215 2159 63 31 she
2295 2167 64 21 can
2388 2166 80 22 now
2491 2157 87 34 live,
2602 2154 102 32 Anna
2727 2152 146 33 Seward
2897 2161 73 20 was
2992 2150 77 33 for-

1753 2219 122 27 Innate
1894 2211 137 35 enough
2053 2215 37 26 to
2114 2212 131 28 attract
2268 2215 103 31 many
2389 2202 200 39 admirers;
2616 2202 85 38 and,
2727 2209 132 32 among
2880 2198 109 32 other
3015 2197 38 32 in-

1750 2267 137 26 stances
1906 2259 40 32 of
1963 2257 152 41 homage
2143 2261 35 25 to
2200 2254 63 32 Iser
2282 2252 141 34 talents,
2445 2250 72 32 Mr.
2537 2246 131 35 }'ark's
2686 2246 158 40 poetical
2859 2244 210 34 dedication

1752 2307 44 33 of
1809 2307 54 32 his
1881 2306 124 33 Poems
2023 2309 34 26 to
2076 2304 59 30 her
2152 2302 28 32 is
2198 2306 65 27 not
2278 2298 57 33 the
2350 2298 91 33 least
2454 2295 189 44 deserving
2661 2293 44 33 of
2718 2293 223 33 distinction.

1801 2368 112 41 April
1931 2366 34 40 1,
1982 2363 103 34 Mil.

2815 2352 208 33 MENTOR.

1753 2490 69 35 TO
1848 2487 109 34 THE
1984 2479 333 40 VESTRY7IIEN
2349 2476 71 34 OF
2446 2477 110 33 THE
2589 2474 197 34 PA.RIST-1
2816 2472 71 35 OF
2914 2471 163 37 SAINT

2030 2539 261 43 MATIJEW,
2316 2536 254 37 BEHINAL
2593 2533 201 35 GREEN.

1802 2665 467 41 Cr.NTLEstEN,—Allow
2304 2670 53 22 me
2392 2666 37 25 to
2464 2662 120 28 return
2614 2666 72 33 you
2722 2666 58 33 my
2817 2657 90 31 most
2939 2654 142 33 sincere

1755 2721 146 37 thanks,
1928 2717 58 33 for
2017 2718 60 31 the
2113 2722 84 33 very
2217 2709 131 34 liberal
2383 2705 67 34 and
2472 2704 157 44 friendly
2663 2707 156 40 support
2858 2701 17 34 I
2911 2700 169 34 received

1755 2767 93 34 from
1869 2776 71 25 von
1955 2774 45 22 on
2030 2761 159 41 Monday
2207 2760 85 34 last,
2321 2756 102 33 when
2441 2763 21 22 a
2494 2750 50 35 nai
2544 2750 17 35 ,
2561 2750 119 35 :!rabte
2696 2756 156 35 attempt
2885 2758 73 24 was
2976 2748 105 33 made

1756 2822 37 27 to
1811 2823 141 35 oppose
1967 2822 60 32 my
2059 2807 183 38 Election,
2269 2815 38 21 as
2326 2811 93 34 pin-
2458 2800 128 40 Vestry
2615 2797 76 33 (let
2705 2797 38 35 k,
2771 2797 56 32 for
2846 2794 60 33 the
2940 2802 146 37 present

1757 2872 104 28 vear,
1887 2859 96 33 after
2016 2856 132 41 having
2163 2856 90 31 been
2288 2850 57 33 fur
2379 2852 135 37 twenty
2548 2854 103 34 years
2681 2843 128 34 before
2828 2843 255 43 unanimously

1761 2909 148 35 Elected
1930 2906 133 33 —Had
2083 2911 69 33 any
2172 2901 148 38 charges
2352 2897 89 30 been
2460 2893 154 39 brought
2644 2891 141 43 against
2820 2901 52 22 me
2903 2890 74 32 that
3002 2898 84 33 pos•

1757 2957 111 33 seised
1890 2956 63 32 the
1983 2953 91 37 least
2101 2954 231 38 appearance
2362 2943 43 32 of
2433 2939 247 45 probal)ility,
2711 2939 15 32 I
2754 2937 128 33 should
2901 2936 185 44 certainly

1761 3007 91 30 have
1867 2999 190 37 entreated
2078 3008 92 32 your
2189 2992 214 47 permission
2422 2988 92 34 fully
2537 2995 35 26 1,0
2590 2985 154 44 exylain
2763 2985 96 32 them
2878 2983 126 33 befcre
3022 2982 66 34 the

1763 3051 183 39 Election,
1974 3048 66 33 but
2068 3044 85 33 such
2186 3052 39 22 as
2246 3048 92 24 were
2370 3034 182 45 produced
2591 3043 96 22 were
2720 3043 39 21 so
2787 3031 142 39 foreign
2961 3038 35 24 to
3015 3039 76 34 any

1761 3100 104 40 thing
1883 3098 79 32 that
1981 3092 138 35 related
2141 3096 37 27 to
2213 3099 58 31 my
2293 3085 126 46 public
2448 3084 206 37 character,
2689 3078 79 34 that
2792 3079 14 33 1
2825 3079 60 32 did
2907 3083 59 26 not
2983 3078 107 32 deem

1763 3148 26 32 it
1809 3154 189 26 necessary
2017 3148 37 26 to
2073 3139 107 33 make
2210 3146 70 33 any
2310 3130 203 46 particular
2531 3128 106 43 reply
2672 3131 38 28 to
2737 3126 115 33 them.
2906 3125 164 41 Indepen-

1761 3194 125 33 dently
1906 3190 43 34 of
1962 3190 63 33 the
2039 3185 247 45 gratification
2308 3182 9 31 I
2337 3189 78 22 !ere
2425 3178 30 31 iv
2464 3176 40 32 cd
2519 3174 92 33 from
2630 3162 459 46 yonruna.nirnouschoice
3090 3162 22 46 .

1763 3240 44 33 of
1820 3250 54 22 me
1904 3248 40 25 as
1965 3244 92 27 your
2095 3234 129 40 Vestry
2245 3228 128 35 Clerk.
2404 3224 17 33 I
2441 3224 93 31 have
2569 3221 141 33 further
2737 3228 38 25 to
2791 3219 112 34 thank
2930 3230 70 22 you
3032 3217 60 34 fur

1763 3289 63 32 the
1844 3296 89 33 very
1950 3283 195 34 handsome
2163 3286 148 25 manner
2329 3276 32 27 in
2447 3270 56 33 ;eh
2519 3280 70 24 you
2604 3268 125 44 pa•scd
2747 3279 19 21 a
2787 3275 84 25 NOiC
2885 3265 43 33 of
2944 3266 148 41 thanks,

1763 3335 70 34 and
1859 3330 252 48 approbation
2128 3325 43 34 of
2185 3335 58 31 toy
2276 3322 69 33 otlo
2360 3324 18 28 i;
2399 3319 11 34 I
2445 3317 152 34 conduct
2627 3315 129 40 daring
2777 3315 59 32 the
2854 3314 21 33 l
2875 3314 22 33 i
2897 3314 45 33 me
2965 3313 13 33 I
3002 3315 24 32 h
3026 3315 73 32 ave

1766 3386 90 31 been
1885 3381 34 32 in
1951 3387 92 35 your
2076 3374 168 44 employ,
2281 3374 56 27 all
2337 3370 8 27 :I
2385 3372 81 26 tont
2500 3373 74 34 you
2608 3361 213 33 con,ideted
2857 3361 60 33 the
2944 3361 156 41 charges

1767 3428 159 45 brought
1952 3426 144 43 against
2114 3430 54 24 me
2202 3430 38 22 as
2271 3417 60 31 irk
2346 3416 103 39 otooq
2476 3412 45 33 an
2520 3412 24 33 d
2575 3409 83 34 vexa
2657 3407 321 38 tious.--This
2996 3413 80 35 vote
3077 3413 21 35 ,

1769 3478 223 33 Gentlemen,
2022 3474 28 31 is
2069 3472 48 39 by
2150 3476 92 35 your
2271 3465 123 31 ordoN
2428 3458 145 34 entered
2597 3458 74 32 into
2692 3467 93 26 .our
2804 3457 133 41 Vestry
2963 3455 105 34 Bonk
3087 3467 13 26 ;

1766 3524 69 34 and
1860 3524 12 33 1
1887 3523 91 33 shall
1993 3528 107 25 never
2112 3516 83 33 read
2212 3514 26 31 it
2258 3513 58 31 wit
2326 3511 85 32 hotti
2433 3508 132 40 feeling
2585 3507 60 31 the
2665 3509 177 35 stron;est
2861 3504 181 33 emotion'
3061 3500 44 35 of

1768 3572 178 44 gratitude
1961 3569 59 32 for
2034 3566 58 31 the
2108 3560 203 43 friemlship
2342 3557 15 33 r
2374 3560 91 31 have
2486 3552 167 35 received
2672 3559 39 25 at
2726 3561 92 33 your
2836 3552 109 32 bands
2974 3561 24 22 w
3013 3550 86 33 hick

1770 3620 78 33 will
1864 3618 86 44 only
1982 3609 175 38 stimulate
2157 3609 20 38 .
2192 3615 56 25 the
2282 3613 37 25 to
2337 3612 144 31 grcater
2507 3601 206 35 exertions,
2741 3599 35 32 in
2800 3598 111 32 order
2930 3604 39 26 to
2992 3596 111 33 merit

1770 3669 59 32 the
1848 3665 235 34 continuance
2113 3657 41 34 of
2207 3665 65 21 our
2291 3653 163 33 favours.
2509 3645 129 37 Altho'
2674 3645 18 35 I
2712 3645 66 33 felt
2797 3656 24 21 a
2837 3645 270 33 consciousness

1769 3715 41 33 of
1828 3724 56 31 any
1918 3713 206 33 innocence,
2151 3703 74 33 still
2256 3702 70 32 this
2357 3694 293 50 unprecedented
2670 3692 220 45 oppositiun
2913 3693 63 32 has
2994 3703 21 31 g
3021 3692 83 32 iven

1770 3772 53 21 me
1850 3769 97 24 some
1978 3755 223 37 uneasiness;
2231 3748 67 34 and
2337 3749 102 31 when
2476 3746 18 33 I
2526 3742 169 34 consider
2728 3742 63 31 the
2825 3739 152 33 channel
3007 3737 100 35 from

1772 3807 123 35 which
1913 3806 72 33 this
2000 3801 219 43 conspiracy
2237 3795 139 44 against
2407 3803 60 34 my
2497 3791 106 33 chara
2603 3791 21 33 -
2624 3791 65 33 ler
2709 3785 119 46 procee
2829 3785 20 46 ,
2849 3785 80 46 !ed,
2961 3785 15 33 I
2999 3785 109 33 think

1770 3857 22 32 it
1817 3866 56 26 my
1903 3854 87 35 duty
2010 3856 38 26 to
2067 3847 89 33 take
2185 3854 99 25 some
2302 3850 96 37 steps
2418 3848 37 26 to
2487 3839 107 41 bring
2628 3836 60 33 the
2707 3836 154 31 authors
2885 3840 37 26 to
2957 3831 129 45 punish-

1770 3909 107 32 ment,
1906 3902 59 30 hut
1988 3896 37 33 ins
2040 3895 72 32 this
2140 3904 38 22 as
2198 3893 35 32 in
2251 3901 71 22 any
2342 3891 109 32 other
2471 3896 81 24 case
2582 3883 120 33 which
2720 3882 61 35 has
2799 3891 72 32 any
2891 3880 158 33 relation
3069 3885 41 28 to

1770 3961 19 21 ,
1789 3961 38 21 ov
1844 3947 122 46 public
1987 3944 208 37 character,
2229 3938 18 35 1
2280 3938 92 33 shall
2392 3934 182 41 certainly
2595 3932 44 32 he
2673 3928 135 46 guided
2828 3928 48 43 by
2897 3928 63 32 the
2976 3925 137 37 advice

1766 4009 30 26 •
1827 4007 58 33 my
1906 3992 146 35 friends.

2053 4038 18 33 I
2095 4037 92 32 have
2206 4033 61 33 the
2287 4033 143 33 honour
2448 4035 37 27 to
2500 4029 59 38 he,
2591 4025 229 39 Gentlemen,

2111 4084 102 33 With
2226 4093 112 32 every
2356 4080 190 34 sentimeet
2568 4072 44 33 of
2626 4071 130 43 regard
2776 4069 70 34 and
2864 4072 152 40 esteem,

1770 4152 58 40 10,
1851 4140 415 45 Bethnal-gr-en-road,
2415 4133 115 39 Your
2546 4128 157 38 faithful
2725 4127 150 34 humble
2902 4127 177 40 servant,'

1863 4207 168 46 .4615,
2055 4204 105 35 lion.
2765 4187 178 37 JAMES
2970 4180 129 48 41Ale
