3472 4417
317 65 219 59 APRIL
568 66 50 48 9.
621 65 5 59 .

307 215 67 25 nce
417 202 32 33 is
458 200 79 45 felt
555 198 43 44 by
614 198 59 33 the
686 207 136 33 person
839 198 197 43 primarily
1051 198 149 44 giving,
1219 207 40 24 or
1277 198 47 43 by
1344 196 63 33 the
1424 206 129 34 person
1565 195 85 32 ulti-

315 259 143 44 Mately
474 254 187 43 receiving
810 252 164 47 Equally
992 254 102 39 vain,
1110 253 200 43 therefore,
1331 254 27 32 is
1378 252 70 34 Mr.
1461 250 193 35 Jackson's

317 311 197 50 suggested
529 313 213 43 preventive
761 309 48 46 of
819 311 123 32 stirred
958 312 191 43 swearing.
1204 309 126 43 Seeing
1348 309 81 33 how
1442 309 117 43 things
1574 317 79 32 are,

376 373 30 33 it
438 379 70 25 can
543 376 110 26 never
677 369 47 33 be
1011 365 234 46 judiciously
1274 366 154 34 observe
1443 366 65 33 the
1538 365 118 33 Select

317 428 241 39 Committee,
632 430 38 30 to
683 425 73 34 add
776 435 79 24 new
887 425 155 40 °fences
1069 430 38 27 to
1124 424 60 33 the
1201 423 83 44 long
1299 422 193 45 catalogue
1505 420 151 45 already

319 483 239 39 enumerated
587 482 48 45 in,
653 482 64 34 the
738 483 109 43 penal
869 485 151 31 statutes
1037 494 12 28 ;
1076 491 66 22 nor
1168 482 31 32 is
1226 483 30 30 it
1272 482 77 31 wise
1368 485 34 27 to
1421 480 165 33 diminish
1599 481 58 31 the

320 544 162 41 sanctity
495 541 48 44 of
554 542 104 32 oaths
673 541 48 43 by
737 541 183 43 resorting
928 544 38 30 to
981 540 97 32 them
1093 548 98 35 upon
1205 537 50 33 all
1271 539 200 32 occasions.
1527 537 131 32 Where

320 604 137 32 solemn
470 598 243 34 declarations
741 598 89 32 hace
848 598 85 32 been
964 596 200 43 habitually
1181 593 248 44 disregarded,
1455 593 91 34 little
1574 593 66 32 reli-

322 670 87 22 ance
428 669 65 22 can
513 658 39 33 be
565 652 128 46 placed
711 666 96 32 upon
830 656 59 31 the
907 656 162 31 sanction
1088 653 45 43 of
1153 661 67 33 any
1252 653 103 32 other
1370 652 130 41 species
1513 648 44 46 of
1569 661 77 21 a.sse-

592 715 214 35 Gentlemen
827 711 193 34 Directors
1037 710 165 34 !—what
1218 711 28 34 is
1263 720 94 34 your
1375 718 139 25 answer
1533 713 38 27 to
1589 706 72 34 this

321 776 201 30 ttatement
541 772 12 33 ?

378 828 194 43 Seriously
592 827 158 44 wishing
776 837 72 33 you
867 826 119 33 better
1011 824 89 33 than
1127 834 72 34 you
1218 834 143 35 appear
1376 827 39 30 to
1433 820 92 35 wish
1551 830 110 34 your-

326 886 133 41 selves,
484 885 122 43 .what,
633 885 51 33 let
712 893 57 24 me
794 883 83 39 ask,
904 882 107 34 could
1038 882 130 33 induce
1194 881 67 34 five
1279 881 45 33 of
1346 891 89 34 you,
1461 878 85 34 who
1566 888 97 22 were

327 948 65 28 not
410 943 211 44 absolutely
644 941 214 43 inculpated
881 940 50 41 by
952 939 60 33 the
1036 938 144 45 Report
1199 938 41 33 of
1266 937 59 34 the
1346 935 118 35 Select
1485 935 152 34 Commit-

328 1007 60 28 tee
405 1000 156 43 already
575 1009 97 32 seen,
691 1004 38 27 to
744 998 110 33 make
865 1006 165 24 common
1043 1006 152 22 concerti
1213 1007 25 20 w
1250 994 52 33 ith
1316 993 60 34 the
1391 992 102 35 sixth
1507 993 157 32 member

330 1058 45 34 of
405 1068 97 34 your
528 1057 98 44 body
643 1056 81 34 ?Is
754 1056 76 32 Mr.
928 1054 59 32 W.
1011 1052 216 40 Thelluson,
1252 1061 41 25 as
1324 1061 60 33 my
1415 1049 96 35 Lord
1540 1049 123 33 Ellen-

330 1114 171 44 borough
534 1122 74 26 was
635 1114 34 33 in
699 1110 159 35 another
888 1111 122 44 place,
1043 1108 263 45 indkpeniahle
1331 1113 40 30 at
1395 1117 93 34 your
1504 1106 159 34 council-

330 1172 105 33 table
448 1170 11 33 ?
489 1170 109 33 Take
625 1168 150 40 breath,
800 1166 69 34 and
894 1165 91 34 look
1016 1165 112 34 about
1143 1178 12 27 ;
1183 1165 132 33 before
1338 1170 74 38 you
1437 1162 103 34 settle
1567 1170 98 35 upon

330 1230 227 40 swimming,
583 1237 43 24 or
638 1226 167 43 sinking,
835 1222 185 46 together.
1076 1222 111 43 Light
1204 1222 125 33 bodies
1344 1231 64 25 are
1427 1219 110 34 found
1557 1222 35 30 to
1620 1218 46 33 be

331 1290 96 31 most
446 1285 182 43 buoyant.
683 1281 43 35 If
756 1292 72 34 you
852 1280 120 34 would
986 1280 94 32 float
1096 1278 105 44 surce
1201 1278 21 44 ,
1222 1278 128 44 4ully,
1376 1284 57 37 try
1455 1276 61 34 the
1533 1284 131 25 stream

333 1342 45 34 of
405 1341 128 45 public
552 1339 171 45 opinion.
776 1338 124 34 There
920 1337 46 40 i,
990 1346 40 24 as
1050 1336 17 33 1
1096 1335 130 34 before
1245 1333 171 34 ventured
1435 1341 37 26 to
1502 1333 92 39 hint,
1622 1342 45 24 an

333 1398 175 41 atnazing
534 1395 262 45 magnanimity
828 1395 33 32 in
892 1403 93 34 your
1017 1393 252 45 proceedings.
1324 1393 40 31 %V
1376 1390 72 34 bile
1474 1389 194 44 Napoleon

334 1455 222 43 Bonaparte
599 1453 28 34 is
661 1452 191 43 menacing
880 1460 93 35 your
1006 1449 234 44 possessions,
1284 1449 145 41 George
1463 1444 204 33 Woodford

337 1512 206 34 Thelluson
575 1506 109 37 alone
716 1517 185 34 engrosses
943 1517 94 33 your
1068 1506 181 33 attention
1266 1504 155 40 !--Yes,
1457 1502 213 34 Gentlemen

338 1569 211 39 Directors,
568 1567 78 33 that
666 1566 143 45 mighty
830 1569 174 33 monster,
1024 1563 79 33 that
1119 1572 204 34 conqueror
1338 1559 44 34 of
1396 1559 59 33 the
1473 1558 197 40 continent,

335 1628 84 32 that
438 1626 122 32 destro
591 1633 40 24 er
644 1622 45 33 of
707 1620 202 45 dynasties,
926 1620 80 33 that
1026 1619 222 44 monopolist
1267 1615 43 35 of
1324 1615 187 40 mankind,
1537 1615 107 44 Napo-

338 1683 86 32 leon
457 1681 228 45 Bonaparte,
717 1678 83 32 who
829 1677 63 32 has
918 1676 86 43 long
1030 1681 74 27 cast
1131 1672 162 34 towards
1329 1682 93 34 your
1447 1671 139 44 empire
1617 1670 56 33 his

338 1739 150 43 longing
503 1747 103 33 eyes,
633 1736 27 33 is
678 1733 239 43 accordingly
935 1731 202 44 intriguing
1155 1729 138 41 against
1315 1740 72 32 you
1406 1729 33 33 in
1457 1739 69 24 one
1544 1727 43 34 of
1611 1726 63 34 the

338 1800 97 28 most
446 1793 210 35 vulnerable
674 1791 122 45 points
811 1788 44 33 of
865 1796 93 37 your
969 1794 142 26 eastern
1123 1792 197 38 greatness.
1356 1785 206 40 Recollect,
1579 1783 19 34 I
1612 1792 43 25 en-

338 1856 99 27 treat
463 1861 91 32 you,
583 1848 89 33 with
687 1846 128 34 whose
830 1854 161 34 prowess
1011 1853 72 34 you
1096 1853 64 22 are
1174 1843 81 33 thus
1273 1843 122 43 likely
1413 1846 38 27 to
1461 1844 215 30 encounter.

343 1905 239 41 Resembling
599 1905 34 33 in
652 1904 73 33 this
745 1907 144 37 respect
906 1911 22 22 a
946 1907 84 25 true
1048 1900 203 39 Scotsman,
1280 1898 228 43 Bonaparte,
1537 1894 33 33 if
1587 1905 91 22 once

343 1964 48 31 he
423 1968 72 27 sets
522 1962 77 32 foot
626 1970 98 34 upon
751 1958 97 43 good
874 1956 155 44 ground,
1061 1956 77 32 will
1168 1959 78 34 not,
1272 1963 90 24 even
1390 1958 39 28 to
1461 1954 130 44 please
1618 1950 73 35 the'

341 2019 116 35 Devil
483 2016 159 41 himself,
669 2017 46 31 be
743 2014 151 34 induced
914 2019 38 27 to
974 2014 86 43 give
1080 2022 48 34 up
1148 2010 57 34 his
1224 2011 154 41 footing.
1429 2008 123 44 Might
1571 2008 30 33 it
1618 2013 64 28 not

340 2075 99 33 have
463 2075 92 33 been
580 2083 40 24 as
647 2070 103 39 well,
777 2070 230 41 considering
1031 2069 52 33 all
1111 2067 296 40 circumstances,
1446 2065 34 33 if
1502 2075 72 33 you
1610 2065 73 34 had

344 2132 201 45 permitted
561 2143 25 21 a
601 2130 142 34 certain
768 2128 182 41 Marquis,
974 2135 100 24 some
1091 2122 73 35 few
1186 2134 104 34 years
1313 2122 112 39 since,
1450 2127 39 28 to
1517 2120 56 34 rid
1592 2130 39 24 us
1646 2121 44 33 of

346 2189 143 32 British
515 2186 118 39 India,
659 2194 40 24 as
724 2184 60 33 far
800 2194 39 22 as
865 2181 61 33 the
954 2181 65 33 toil
1049 2179 47 34 of
1114 2179 201 43 governing
1338 2177 71 34 and
1436 2174 196 46 defending
1658 2176 27 33 it

345 2255 102 34 goes,
475 2246 47 40 by
552 2244 102 32 there
679 2242 135 39 s4‘tting
834 2250 47 34 up
911 2239 58 33 for
998 2236 171 34 him,elf?
1205 2235 165 45 England
1391 2241 115 27 wants
1521 2243 46 24 no
1585 2242 102 25 more

643 2298 115 32 about
782 2296 61 32 her
862 2296 107 33 neck.

398 2357 85 33 Still
510 2366 73 33 :still
611 2365 43 24 eN
665 2355 47 31 u:t
723 2379 8 12 ,
763 2352 79 45 they
873 2362 81 32 say,
984 2350 96 39 that,
1106 2348 219 43 concerning
1344 2357 73 33 any
1435 2344 254 46 malpractises

347 2415 118 41 lately
483 2412 228 40 discovered,
743 2412 26 15 46
794 2421 41 21 nu
856 2419 64 22 one
952 2419 78 21 case
1057 2407 45 43 of
1129 2407 208 41 corruption
1371 2415 40 21 or
1439 2404 105 32 abuse
1559 2400 130 46 affect,.

352 2485 72 30 any
442 2473 159 34 Member
618 2472 45 37 o/•
697 2481 66 22 our
781 2469 110 33 Court
974 2477 58 31 or,
1059 2466 83 34 that
1169 2466 103 33 there
1293 2465 28 31 is
1350 2461 109 34 found
1539 2461 154 44 nothing

353 2531 124 33 which
497 2536 118 27 traces
644 2539 71 33 any
733 2537 70 22 one
829 2525 45 33 of
889 2526 100 32 these
1012 2530 158 37 corrupt
1191 2533 43 21 or
1253 2524 190 41 improper
1461 2520 174 41 bargains
1652 2523 39 28 to

350 2598 74 33 any
750 2583 130 38 What,
909 2583 189 38 however,
1140 2580 47 32 do
1220 2580 61 32 the
1316 2577 118 33 Select
1472 2574 223 35 Committee

352 2655 124 30 mean,
506 2644 120 37 when,
652 2649 33 25 r:t
711 2641 61 33 the
806 2649 98 24 same
934 2639 104 39 time,
1068 2637 87 41 they
1187 2634 188 45 complain
1402 2643 38 22 as
1461 2637 39 27 to
1572 2630 106 46 defici-

353 2713 86 31 ency
457 2701 45 43 of
513 2699 115 44 proof
738 2698 61 32 Let
816 2706 38 24 us
874 2704 56 26 try
946 2693 156 34 another
1117 2692 117 45 point.
1279 2691 89 34 You
1390 2691 93 32 have
1552 2693 64 27 not
1633 2686 63 33 the

354 2757 118 34 detail
495 2756 44 34 of
554 2758 59 31 the
856 2751 73 34 laid
961 2748 128 33 before
1120 2759 90 35 you,
1235 2748 70 33 and
1337 2745 184 35 therefore
1543 2754 73 34 you
1632 2753 65 24 are

356 2819 65 27 not
437 2813 87 33 able
540 2818 35 27 to
594 2811 92 33 form
703 2820 71 32 any
791 2807 211 41 conclusion
1023 2804 206 46 respecting
1248 2804 70 34 Mr.
1337 2802 215 34 Thellnson.
1580 2799 117 41 Now,

360 2870 219 34 Gentlemen
600 2864 216 38 Directors!
843 2864 87 33 does
946 2864 60 31 the
1024 2861 165 45 digested
1208 2859 67 33 and
1292 2857 176 35 recorded
1486 2857 154 43 opinion
1661 2854 44 34 of

361 2937 24 22 a
407 2927 119 33 Select
544 2924 222 33 Committee
788 2920 44 34 of
846 2921 61 32 the
928 2917 142 35 British
1089 2920 144 38 Senate,
1259 2914 176 44 solemnly
1453 2910 248 41 asseverated,

360 2995 48 33 go
428 2983 60 33 for
506 2981 151 43 nothing
673 2991 136 26 among
826 2988 76 34 you
918 2979 12 31 ?
985 2976 135 43 Really
1144 2975 72 33 this
1239 2972 177 34 furnishes
1434 2981 46 22 an
1496 2969 111 34 admit
1617 2969 85 33 able

358 3041 187 43 specimen
563 3038 44 34 of
631 3038 63 32 the
713 3038 163 40 modesty
900 3033 45 34 of
969 3032 61 33 the
1049 3031 155 35 Cabinet
1230 3030 43 33 of
1299 3022 381 46 Leaden-liall,—per-

360 3097 204 33 adventure
598 3094 60 33 the
677 3093 90 43 only
783 3091 163 43 exhting
965 3089 146 34 cabinet
1135 3087 79 33 that
1243 3085 120 34 would
1383 3091 164 37 presume
1565 3089 37 26 to
1628 3081 74 33 slur

359 3154 69 32 the
448 3154 126 33 honest
598 3151 142 43 Report
758 3148 45 34 of
827 3158 24 22 a
883 3148 118 33 Select
1020 3144 220 35 Committee
1259 3141 43 35 of
1324 3151 67 24 our
1416 3138 175 45 Imperial
1611 3137 71 37 Par-

360 3208 156 35 liament
535 3209 7 30 !

418 3266 34 34 It
474 3267 28 32 is
519 3263 162 46 painfill.
709 3263 216 33 Gentlemen
947 3260 195 34 Directors
1157 3255 8 35 !
1194 3254 98 35 after
1324 3252 85 37 such
1430 3250 178 46 practical
1628 3252 61 32 evi-

363 3322 115 35 dence
503 3322 45 33 of
561 3321 61 34 the
643 3328 81 26 true
744 3320 93 45 light
859 3321 34 32 la
915 3318 123 34 which
1065 3326 72 33 you
1156 3314 248 41 contemplate
1423 3309 63 34 the
1505 3309 139 43 Report
1671 3307 45 43 of

365 3380 61 35 the
448 3381 209 33 Committee
678 3378 46 44 of
743 3380 58 31 the
822 3378 124 32 llqnse
980 3376 46 44 of
1052 3374 203 35 Commons,
1280 3376 38 26 to
1344 3369 37 33 fet
1383 3379 19 21 i
1406 3369 9 31 d
1446 3376 69 26 sou
1534 3365 175 41 asserting

366 3441 84 32 that
469 3446 73 35 you
555 3435 74 35 still
650 3433 176 39 conceive
847 3433 27 33 it
894 3441 38 26 to
948 3432 45 33 be
1070 3428 183 43 naturally
1266 3424 152 35 entitled
1434 3431 37 25 to
1491 3423 61 33 the
1571 3426 141 39 respect

366 3495 73 33 and
454 3493 209 35 confidence
690 3490 45 33 of
751 3491 63 32 the
833 3489 185 33 Memhcrs
1048 3485 43 33 of
1121 3485 60 33 the
1214 3484 116 33 Court
1361 3481 41 32 of
1668 3494 46 6 —

371 3552 46 34 AY
428 3553 61 32 hat
503 3552 136 43 !—you
666 3549 110 44 place
802 3552 144 39 tespect
966 3544 73 33 and
1069 3542 209 35 confidence
1304 3541 32 31 in
1357 3537 71 33 this
1461 3536 157 44 Report,
1648 3535 64 32 but

370 3619 66 37 yet
456 3611 120 35 refuse
611 3617 35 27 to
672 3609 123 44 adopt
823 3609 47 33 its
899 3606 156 45 opinion
1070 3604 7 33 !
1135 3601 46 34 If-
1207 3602 61 32 the
1289 3599 221 35 Committee
1540 3596 110 38 have,
1677 3604 39 24 as

370 3669 217 46 yourselves
619 3677 103 31 own,
1082 3658 176 47 enquired
1294 3658 76 31 into
1406 3654 63 34 the
1494 3650 164 47 disposal
1677 3648 43 34 of

372 3724 228 35 East-India
635 3724 231 43 Patronage,
894 3720 66 33 and
984 3720 93 33 have
1108 3718 70 33 had
1198 3728 22 21 a
1239 3719 100 37 great
1369 3712 79 33 deal
1480 3710 43 34 of
1543 3707 175 38 evidence

372 3783 135 34 before
527 3788 98 28 them
659 3793 47 24 on
725 3780 84 33 that
842 3776 18 44 ~
860 3776 35 44 ,u
1052 3787 44 21 rue
1114 3776 25 37 i,
1168 3778 170 39 purartut
1370 3777 35 25 to
1440 3767 85 34 such
1559 3765 158 44 enquiry

372 3840 71 33 and
459 3840 89 33 such
562 3839 190 39 evidence,
783 3835 227 34 recommend
1031 3843 72 34 you
1175 3840 35 22 to
1230 3827 128 35 cartail
1381 3826 60 32 the
1461 3830 202 38 patronage
1681 3820 43 34 of

374 3896 105 33 those
501 3896 125 33 whose
644 3895 185 41 diligence
860 3892 64 33 hai
948 3891 92 33 been
1070 3885 240 38 uwaiccessfal
1344 3883 33 32 in
1410 3879 219 46 preventinr.,
1659 3879 61 33 the

704 3951 27 34 is
752 3951 44 39 it,
811 3948 90 34 with
922 3947 99 34 these
1041 3946 120 43 things
1179 3943 126 33 before
1322 3938 174 46 you,antl
1518 3935 112 35 while
1650 3945 71 34 you

378 4009 170 45 publicly
566 4006 274 44 acknowledge
859 4005 81 33 that
1018 4003 103 32 there
1139 4009 162 35 appear,:
1332 4004 37 26 to
1397 3996 91 32 have
1513 3994 89 33 been
1619 4003 25 22 a
1661 3992 41 33 de-

377 4076 87 35 gree
483 4067 44 37 of
540 4067 215 45 negligence
772 4064 70 33 and
873 4061 220 35 inattention
1111 4069 47 24 on
1181 4058 58 32 the
1259 4061 85 39 part
1376 4052 41 33 of
1435 4052 76 34 Mr,
1535 4051 187 33 Theduson

516 4133 165 34 ..n2;:uutr
1029 4117 54 34 his
1404 4109 83 34 bow
1522 4107 27 35 is
1585 4107 46 45 it,
1657 4114 69 26 °he

2927 38 98 51 227

2004 190 96 39 asks,
2128 189 93 40 that,
2250 190 13 15 6
2263 190 13 15 6
2296 189 111 30 under
2427 185 97 33 these
2543 185 289 34 circumstances,
2852 181 59 32 the
2929 189 104 22 name

1716 244 41 33 of
1772 246 72 34 Mr.
1857 244 198 35 Theiluson
2075 247 28 32 is
2335 244 47 33 by
2401 252 86 33 you,
2551 241 33 32 in
2603 241 61 31 tin•
2687 235 343 35 Recanunendation

1717 302 143 43 usually
1872 301 197 35 submitted
2087 307 39 27 to
2153 301 61 32 the
2231 300 235 43 Proprietors
2483 298 32 32 in
2532 295 133 34 favour
2682 294 44 33 of
2739 295 60 31 the
2819 291 213 34 re-election

1720 356 41 33 of
1775 356 60 35 the
2256 356 109 33 What
2393 364 65 22 are
2479 363 56 22 we
2555 358 38 26 to
2611 350 104 33 think
2746 348 45 33 of
2813 348 50 33 all
2884 348 70 31 this
2969 347 66 31 ?

1723 413 337 44 Notwithstanding
2158 415 104 41 great
2277 412 81 33 deal
2376 410 47 44 of
2439 407 161 34 evidence
2626 407 63 31 has
2707 406 80 33 been
2815 402 221 46 p:•oi:'aced,"

1722 474 70 33 still
1811 485 71 33 you
1904 474 79 34 talk
2002 472 43 33 of
2112 472 269 33 condemnation
2398 470 146 32 without
2558 462 20 37 e
2585 461 70 38 ride
2663 477 57 21 nee
2805 464 69 33 ;Ind
2897 462 139 41 though

1722 531 59 32 the
1798 530 221 34 Committee
2036 529 44 34 of
2093 529 60 34 tile
2179 528 124 34 House
2319 526 43 33 of
2396 526 195 34 Commons
2609 521 61 33 tell
2692 531 72 33 you
2792 523 27 15 `•
2838 523 26 30 't
2883 529 155 33 appcos.s

1723 589 59 30 not
1800 587 254 33 unreasonable
2070 591 37 27 to
2126 585 133 33 curtail
2283 583 57 33 the
2369 585 208 40 patronage
2596 578 46 44 of
2666 578 98 32 those
2783 578 74 32 who
2876 578 83 31 have
2974 578 65 30 not

1723 643 80 33 !icen
1820 644 213 45 sufficiently
2047 643 172 41 watchful
2237 643 35 30 in
2289 640 58 32 the
2373 635 158 43 disposal
2555 634 46 41 of
2711 638 60 37 yet
2800 643 18 21 y
2826 643 44 20 ou
2888 630 154 41 cyavely

1722 710 119 24 aisure
1858 710 52 31 us,
1939 700 34 32 in
1993 699 58 32 the
2081 707 98 24 same
2209 696 144 40 breath,
2381 693 81 34 that
2490 694 24 13 `•
2533 692 25 30 it
2583 689 119 32 would
2722 689 45 32 be
2796 687 167 32 manifest
2989 687 35 30 in-

1906 761 37 28 to
1976 755 72 34 Mr.
2066 754 230 39 Thellusson,
2322 750 70 35 and
2477 748 148 43 against
2652 746 57 32 the
2743 746 149 39 opinion
2917 743 46 43 of
2986 744 59 30 the

1727 810 204 35 committee
1950 811 46 44 of
2017 813 57 32 the
2095 811 56 33 fit.
2160 821 57 21 use
2235 810 44 41 of
2563 801 32 33 if
2606 811 69 32 )on
2696 810 94 21 were
2811 809 78 22 now
2910 804 34 27 to
2963 810 63 21 cur-

1726 870 66 32 tail
1820 870 58 32 his
1905 873 221 39 patronage,
2157 867 99 39 who,
2281 876 38 21 as
2349 873 72 34 you
2448 872 78 31 say,
2555 857 210 33 discovered

1727 926 70 33 and
1812 926 217 33 inattention
2055 926 35 31 in
2361 922 41 32 it.
2457 917 143 33 Cannot
2629 924 89 33 you,
2746 912 211 34 Gentlemen
2981 911 45 34 Di-

1729 989 148 33 rectors,
1903 981 132 32 favour
2053 979 60 34 the
2133 978 117 34 world
2269 977 86 33 with
2374 983 99 25 some
2491 980 78 25 new
2589 976 131 37 system
2739 967 44 34 of
2798 969 97 43 logic
2909 967 13 32 ?

1774 1052 117 44 Apra
1905 1050 38 43 7,
1964 1050 106 34 1809.

1969 1200 293 48 FOREIGN
2297 1192 514 51 INTELLIGENCE.

2015 1345 159 40 FROM
2192 1344 113 39 THE
2323 1339 190 40 I)UTCH
2537 1335 228 41 P.IPERS.

2907 1035 139 34 Homo.

1781 1491 155 40 PARIS,
1954 1491 163 33 MARCH
2134 1485 195 38 28.—The
2343 1482 97 34 Staff
2448 1480 41 33 of
2503 1480 61 32 the
2578 1479 74 32 late
2668 1475 155 44 Spanish
2837 1474 162 43 garrison
3019 1473 44 34 of

1735 1539 211 41 Saragossa,
1972 1535 195 43 consisting
2181 1535 43 32 of
2237 1533 70 33 five
2322 1530 188 37 Generals,
2536 1526 70 33 and
2624 1535 102 22 semi
2746 1535 40 20 or
2804 1522 98 44 eight
2922 1521 115 44 Adjut-

1731 1585 275 39 ant-Generals,
2030 1583 149 34 arrived
2194 1581 34 33 in
2251 1581 175 40 Bayonne
2445 1587 43 20 on
2503 1574 60 33 the
2584 1573 83 32 13th
2687 1572 81 33 init.

1785 1646 56 33 ?A
1850 1655 26 25 It
1884 1654 53 31 IS,
1964 1645 162 33 MARCH
2156 1641 231 34 29.—Count
2405 1636 45 32 de
2473 1633 155 34 roentes
2643 1633 80 30 died
2743 1631 116 32 lately
2890 1635 37 27 at
2947 1630 90 31 Sara-

1734 1706 103 33 gossa
1852 1693 45 33 of
1919 1703 25 22 a
1977 1693 201 40 malignant
2210 1687 115 38 fever,
2355 1683 119 33 which
2506 1683 43 31 he
2576 1680 132 44 caught
2735 1680 34 32 in
2806 1678 59 32 the
2897 1680 165 39 dungeou

1741 1743 119 32 where
1880 1741 44 32 he
1943 1749 73 22 was
2033 1735 164 37 confined
2216 1737 47 40 by
2283 1733 61 33 the
2366 1731 213 41 insurgents.

1783 1802 81 33 The
1885 1801 103 41 King
2006 1798 41 34 of
2056 1796 116 45 Spain
2192 1795 60 33 has
2283 1791 167 37 received
2467 1800 44 22 an
2537 1788 151 33 Address
2702 1786 93 33 from
2816 1783 58 33 the
2893 1783 115 33 Junta
3025 1781 45 34 of

1743 1851 168 43 Arragon
1951 1846 70 34 and
2052 1846 213 39 Saragossa,
2309 1839 174 40 whereby
2512 1835 89 43 they
2635 1843 118 25 assure
2799 1833 72 31 him
2904 1831 40 32 of
2967 1830 99 33 their

1741 1897 98 34 loyal
1856 1894 244 37 attachment;
2130 1890 69 34 and
2217 1890 60 32 the
2302 1890 25 31 A
2336 1893 190 34 rragonese
2546 1881 70 33 had
2636 1881 130 38 issued,
2797 1880 60 31 the
2881 1887 93 22 same
2992 1878 74 34 day

1743 1935 103 44 when
1865 1944 63 32 the
1944 1942 119 33 above
2080 1939 145 33 address
2244 1933 65 34 left
2327 1936 211 39 Saragossa,
2564 1941 21 21 a
2617 1930 138 32 Decree
2777 1925 152 34 relative
2948 1930 38 26 to
3005 1924 63 32 the,

1744 1998 180 26 measures
1943 1987 119 34 which
2083 1987 56 32 his
2171 1980 157 48 Majesty
2352 1982 64 30 has
2433 1977 159 44 adopted
2622 1982 38 26 to
2680 1976 128 41 repair
2824 1974 59 32 ti►:
2901 1967 169 47 d:Lmages

1743 2039 67 35 and
1830 2039 112 35 losses
1959 2034 122 35 which
2100 2033 64 34 the
2179 2041 78 24 war
2276 2030 63 33 has
2356 2026 215 34 occasioned
2589 2026 33 32 in
2643 2021 208 44 Saragossa.

1795 2101 289 33 RovrEaDAM,
2113 2095 115 33 Apan
2228 2095 30 33 ,
2275 2089 230 35 4,—Letters
2535 2085 92 34 from
2662 2085 184 40 Germany
2880 2092 80 32 Viy,
2987 2080 84 33 that

1748 2159 20 22 a
1799 2148 178 41 Congress
1997 2145 27 32 is
2060 2150 37 26 to
2131 2143 45 33 be
2198 2139 78 34 held
2296 2147 45 21 on
2375 2137 64 32 the
2471 2133 124 34 Banks
2615 2131 41 33 of
2674 2131 59 32 the
2754 2128 83 40 Inn,
2868 2139 22 21 s
2904 2130 85 31 here
3008 2126 64 33 the

1754 2196 197 43 Emperors
1975 2190 149 37 Francis
2148 2187 69 34 and
2250 2183 196 45 Napoleon
2479 2181 122 32 intend
2631 2185 35 26 to
2686 2184 106 27 meet.
2819 2176 67 32 and
2907 2176 74 32 that
3013 2176 61 31 the

1755 2236 137 40 French
1920 2246 139 35 troops,
2087 2236 86 34 who
2193 2243 96 25 were
2308 2229 190 44 marching
2531 2226 155 44 through
2720 2224 154 41 Suabia,
2901 2223 92 32 have
3020 2231 39 22 re-

1749 2289 124 34 ceived
1893 2288 124 33 orders
2033 2291 37 27 to
2088 2285 94 32 halt.

1753 2327 6 0 •

1800 2352 32 32 Al
1845 2360 21 24 A
1877 2357 125 30 DRID,
2029 2347 163 33 MARCH
2215 2337 189 38 IS.—The
2425 2337 115 33 Court
2558 2335 152 33 Gazette
2725 2331 164 33 contains
2916 2328 63 34 the
3006 2327 56 35 fol-

1750 2399 138 40 lowing
1902 2395 133 34 article
2049 2405 9 22 :

1859 2445 67 32 We
1950 2443 72 33 this
2040 2443 155 32 moment
2213 2433 164 35 received
2401 2431 233 41 intelligence
2659 2427 93 33 from
2776 2424 162 34 Marshal
2960 2422 124 41 Soult,

1756 2492 122 35 which
1897 2494 128 34 states,
2050 2489 81 32 that
2152 2486 60 32 the
2228 2485 118 39 Corps
2362 2477 235 38 continauded
2617 2477 44 41 by
2688 2476 180 34 Romana,
2893 2471 66 33 and
2975 2481 77 21 com-

1756 2541 109 45 posed
1884 2538 44 34 of
1952 2537 64 35 the
2035 2533 154 35 remains
2216 2530 41 33 of
2368 2538 33 21 at
2414 2536 74 31 my,
2513 2526 71 31 and
2602 2533 22 21 a
2642 2524 97 38 large
2758 2520 151 32 number
2928 2519 40 32 of
2996 2528 65 34 pea-

1754 2594 111 32 :;ants,
1892 2595 76 24 was
1989 2580 223 46 completely
2246 2583 61 38 put
2344 2581 37 25 to
2400 2574 64 32 the
2493 2577 83 27 rout
2595 2581 45 22 on
2667 2569 58 32 the
2756 2568 66 34 7th
2843 2567 79 33 inst.
2949 2577 45 21 on
3022 2565 65 32 the

1759 2635 172 35 frontiers
1948 2630 45 34 of
2009 2629 196 43 Portugal,
2222 2626 66 32 and
2308 2623 97 33 5000
2425 2630 93 21 were
2537 2619 110 33 taken
2669 2617 197 43 prisoners.
2916 2613 79 33 The
3014 2611 57 33 far-

1757 2685 79 32 ther
1858 2679 221 44 particulars
2092 2687 63 22 arc
2172 2683 46 22 ex

1805 2731 80 32 The
1910 2726 184 35 Bavarian
2114 2730 126 33 troti:ni
2258 2728 63 24 are
2355 2713 197 35 assemi4led
2576 2713 163 31 between
2759 2709 65 33 the
2844 2708 65 32 Inn
2936 2706 70 33 rind
3027 2706 61 33 the

1765 2779 91 37 Iser,
1885 2777 138 37 where,
2048 2781 39 24 as
2101 2771 30 33 it
2152 2779 76 33 all;
2232 2776 94 30 ears,
2354 2765 89 39 they
2466 2761 74 33 will
2563 2761 43 31 be
2616 2757 128 45 joined
2765 2758 47 43 by
2837 2757 60 35 the
2916 2754 39 31 W

2965 2756 109 31 irteta-

1761 2828 85 41 berg
1864 2822 70 35 and
1958 2818 214 37 Darmstadt
2190 2815 237 41 contingents,
2452 2819 39 21 as
2507 2807 78 33 also
2604 2807 47 43 by
2665 2806 57 33 the
2741 2803 142 35 French
2901 2811 109 34 corps
3027 2811 43 22 ud-

1761 2874 61 32 der
1839 2870 157 34 General
2017 2865 184 37 Oudinot..

1808 2920 84 33 The
1913 2917 181 34 Ilavarian
2125 2908 155 37 General
2302 2904 136 34 Wrede
2466 2898 149 37 arrived
2635 2909 44 22 on
2708 2898 63 33 the
2796 2897 80 34 21st
2906 2901 38 27 at
2974 2893 94 35 Land-

1761 2968 81 33 shut
1858 2978 9 27 ;
1896 2965 69 33 and
1983 2974 39 22 as
2039 2970 87 24 soon
2156 2968 40 22 as
2215 2957 61 32 the
2295 2961 128 34 troops
2456 2950 111 33 under
2587 2948 54 33 his
2668 2944 189 34 command
2881 2942 90 34 shall
3000 2942 94 32 have

1763 3014 142 34 formed
1924 3022 46 22 an
1989 3020 120 26 army,
2137 3006 61 33 the
2225 3001 211 41 hereditary
2466 2998 131 33 Prince
2628 2995 28 32 Is
2673 2991 196 45 expected.
2920 2989 80 33 The
3022 2989 50 33 Ba-

1766 3064 126 32 varian
1911 3069 107 33 corps
2033 3058 165 31 between
2212 3051 60 33 the
2297 3050 61 32 Inn
2378 3045 69 34 and
2461 3045 59 32 the
2544 3044 92 37 Iser,
2665 3041 92 38 will,
2785 3048 58 22 we
2859 3047 63 22 are
2934 3037 164 37 assured,

1767 3115 43 27 he
1827 3105 215 41 augmented
2056 3111 35 25 to
2104 3099 137 43 80,000
2257 3106 91 22 men.
2407 3093 30 33 It
2456 3094 25 30 is
2499 3102 79 24 now
2601 3086 175 35 c:iutoned
2791 3087 164 32 between
2970 3085 107 32 Strau-

1768 3155 163 44 bingand
1956 3151 196 38 Landshut,
2179 3146 67 33 and
2268 3146 165 28 between
2452 3141 58 32 the
2536 3138 110 33 latter
2666 3137 106 41 place
2789 3133 71 33 and
2890 3129 207 38 Muhldorf.

1769 3206 77 32 Tete
1870 3201 282 43 head-quarters
2167 3194 44 33 of
2236 3189 154 37 General
2411 3187 164 33 Oudinot
2611 3183 76 32 will
2720 3189 93 25 next
2842 3180 103 32 week
2979 3180 47 32 be
3044 3188 38 22 re-

1769 3250 124 34 moved
1924 3256 39 26 to
1984 3244 163 40 Munich,
2173 3240 71 35 and
2272 3239 102 32 those
2394 3234 44 34 of
2452 3234 59 33 the
2546 3230 163 34 Marshal
2731 3228 117 35 Duke
2872 3226 44 35 of
2936 3226 168 34 Dantzic

1796 3309 35 24 re
1846 3294 182 47 expected
2042 3299 39 28 at
2098 3286 234 47 Augsburgh.

1825 3346 57 34 On
1916 3343 65 34 the
2003 3343 64 33 Inn
2093 3339 67 33 and
2198 3347 45 21 on
2268 3335 61 30 the
2360 3328 132 41 Tyrol,
2518 3327 105 33 there
2641 3334 63 24 are
2720 3324 69 32 but
2819 3321 71 34 few
2926 3319 177 35 Austrian

1773 3402 141 35 troops.
1967 3390 79 33 The
2074 3390 174 31 accounts
2264 3381 93 32 from
2381 3376 197 37 Carinthia
2603 3371 115 45 speak
2739 3370 45 33 of
2806 3371 64 32 the
2887 3366 221 43 assembling

1772 3441 41 34 of
1827 3451 46 22 an
1892 3448 104 25 army
2017 3437 34 32 in
2081 3433 61 33 the
2165 3429 122 38 Circle
2302 3426 41 33 of
2357 3424 64 33 the
2445 3423 66 41 Lay
2524 3420 109 35 bach,
2661 3417 123 35 which
2806 3428 56 21 we
2880 3425 61 24 are
2956 3415 152 33 assured

1778 3489 76 33 will
1879 3489 45 31 be
1937 3481 233 39 commanded
2191 3480 46 41 by
2268 3475 60 34 the
2348 3470 202 35 Archduke
2583 3467 167 35 Charles.
2804 3464 80 34 The
2902 3462 209 35 Archduke

1780 3531 207 39 Ferdinand
2006 3530 76 34 will
2112 3523 184 37 command
2316 3520 64 34 the
2407 3528 102 32 army
2531 3519 33 31 in
2583 3516 158 33 Gallicia
2756 3526 11 27 ;
2798 3513 86 34 who
2916 3523 24 21 w
2954 3511 39 32 ill
3015 3509 94 32 have

1778 3587 57 31 the
1852 3578 190 39 command
2061 3578 33 32 in
2121 3572 194 38 Bohemia,
2334 3568 28 34 is
2381 3573 63 27 not
2464 3565 148 33 known.

1821 3626 126 38 There
1959 3630 28 31 is
2004 3637 20 22 a
2047 3630 125 39 report
2189 3620 83 33 that
2293 3628 22 21 a
2340 3619 105 38 great
2460 3621 103 33 army
2583 3609 44 33 of
2640 3617 145 26 reserve
2805 3605 79 35 will
2903 3606 44 33 be
2966 3600 145 38 formed

1779 3680 33 32 in
1830 3677 63 34 the
1911 3676 111 33 circle
2041 3671 41 35 of
2113 3670 156 35 Vienna,
2302 3661 125 37 which
2465 3659 74 34 will
2557 3658 44 33 be
2610 3656 131 46 joined
2779 3656 48 41 by
2849 3665 24 22 a
2890 3659 84 39 part
2992 3651 43 34 of
3051 3651 61 34 the

1781 3724 217 44 Ilungariau

1827 3787 294 35 FRANKFORT,
2152 3778 162 33 MARCH
2331 3761 110 61 26.—1
2463 3761 20 61 t
2504 3761 41 61 is
2572 3764 219 38 ui.slerstood
2825 3763 81 34 that
2940 3761 63 34 the
3028 3771 70 24 con

1781 3837 138 41 tingent
1937 3831 45 32 of
2010 3831 60 31 the
2094 3826 135 35 Prince
2263 3823 40 33 of
2337 3822 143 33 Nassau
2517 3816 77 33 will
2629 3814 123 33 arrive
2781 3813 35 32 in
2843 3823 22 21 a
2883 3810 70 32 few
2973 3810 91 41 days
3080 3808 38 32 in

1787 3878 219 39 Franconia.
2057 3875 81 34 The
2157 3879 129 37 troops
2303 3869 43 34 of
2360 3869 61 32 the
2440 3865 122 33 Grand
2584 3863 110 33 Duke
2711 3860 43 33 of
2773 3857 253 41 NVartzburgh
3046 3866 66 24 are

1781 3930 200 44 complete,
2009 3925 59 32 bai
2087 3919 177 37 cantoned
2296 3917 33 34 in
2352 3911 273 41 Wortzburgh,
2650 3908 66 33 and
2746 3908 113 39 along
2896 3906 59 32 the
2978 3904 142 38 Maine,

1781 3979 66 33 and
1864 3974 151 40 nothing
2035 3973 26 31 is
2081 3976 63 27 yet
2171 3969 135 32 known
2335 3964 45 33 of
2394 3961 96 33 their
2505 3958 143 34 further
2665 3956 222 33 destination
2955 3948 168 37 Detach•

1783 4032 112 27 ments
1912 4020 44 34 of
1970 4020 91 33 from
2075 4019 25 33 2
2135 4022 39 28 to
2193 4015 70 34 SOO
2282 4023 78 24 men
2378 4011 125 33 arrive
2531 4013 39 26 at
2594 4005 119 33 Mentz
2733 4003 131 32 almost
2881 4000 117 41 daily,
3027 3998 93 32 from

1782 4072 183 33 ci-devant
1990 4067 182 43 Belgium,
2198 4062 67 35 and
2287 4069 102 25 inure
2418 4065 63 27 are
2491 4051 21 47 -
2512 4051 171 47 expected
2700 4050 99 35 from
2828 4049 61 35 the
2907 4046 164 35 di3trik.s
3086 4041 45 39 of

2146 4110 69 35 util
2236 4109 123 44 Liege.

1183 61 144 51 THE
1362 61 377 53 NATIONAL
1776 59 376 52 REGISTER.
