3472 4417
1077 107 151 61 TH4
1264 91 386 61 NATIONAL
1685 81 390 60 REGISTER.

180 133 99 34 1..Y3

276 272 72 35 TO
379 270 119 35 OUR
531 265 377 41 SUBSCRIBERS
947 260 118 38 AND
1093 259 115 38 THE
1243 250 216 48 PUBLIC.

234 369 87 40 The
359 367 244 45 Proprietors
618 365 97 35 have
741 364 94 34 beep
870 358 202 41 informed,
1106 356 85 41 that
1222 361 100 30 some
1349 357 99 37 gross
1476 347 45 33 im-

183 428 188 47 positions
399 425 96 34 have
523 424 91 39 been
651 419 190 47 practised
870 428 48 25 on
948 416 64 34 the
1050 412 165 39 Readers
1244 407 45 39 of
1328 405 98 35 Tilt;
1462 402 32 37 N

193 485 143 37 lIONA
348 493 22 24 L
409 482 228 38 REGMER
661 477 150 43 ;—such
868 485 41 24 as
948 472 248 33 exhorbitant
1241 467 70 39 and
1354 464 195 43 improper

185 542 157 43 charges
363 539 138 45 having
519 539 91 38 peep
626 531 206 43 demanded
850 531 61 39 for
943 531 60 34 the
1033 529 195 37 Portraits
1247 522 72 35 and
1337 521 211 34 Monument

184 599 118 37 which
320 598 91 32 have
431 596 86 37 been
533 593 123 37 issued
674 592 92 34 with
785 592 64 32 the
865 591 125 43 Paper
1009 591 39 32 to
1062 585 53 34 all
1127 583 64 33 the
1209 581 197 41 Newsmen
1426 576 71 34 and
1512 581 37 28 to

183 656 67 35 the
270 654 163 44 Public;
461 651 70 38 and
549 652 80 47 that
646 659 99 25 some
767 648 156 35 Per:olls
940 641 188 40 extended
1146 639 99 34 their
1267 633 224 48 Imposition
1509 643 40 25 so

189 712 61 43 far
262 722 40 25 as
317 716 38 30 to
369 712 99 33 litter
482 709 61 45 the
561 707 110 38 Price
689 706 44 34 of
746 705 64 37 the
827 704 124 45 Paper
967 716 12 25 4
1007 700 56 35 all
1083 696 124 37 which
1227 694 132 37 abuses
1372 691 63 35 the
1459 691 71 33 Pro-

188 770 172 60 prietors
374 767 73 37 had
468 772 61 28 not
546 767 63 33 the
627 765 94 33 least
739 759 222 44 knowledge
981 756 46 34 of
1050 755 94 35 until
1163 754 65 37 the
1247 749 210 37 intimation
1475 758 25 21 w
1517 756 38 24 as

190 829 111 46 given
319 824 161 46 through
498 834 25 24 a
535 821 231 37 Subscriber.
820 819 52 34 As
889 811 31 45 it
938 817 31 32 is
980 815 64 33 the
1062 811 181 40 intention
1259 807 43 34 of
1315 806 63 35 the
1395 806 137 43 Propri-

193 888 113 39 ietors
318 888 39 30 to
369 882 196 35 distribute
579 880 70 35 GR
665 878 59 35 &T
735 878 41 33 IS
789 876 52 33 all
850 875 58 34 the
925 872 191 34 Portraits
1126 867 44 44 of
1178 866 64 34 the
1257 865 97 40 Ircle
1372 862 183 35 Beaparhes

196 943 48 44 of
255 943 59 33 the
335 941 123 40 Royal
481 938 155 41 Family,
652 935 69 33 &e.
741 934 89 41 they
847 928 122 33 would
981 930 46 32 be
1046 925 86 45 glad
1150 932 38 26 to
1206 924 46 37 be
1269 920 155 40 advised
1436 918 43 34 of
1495 918 61 34 the

198 1000 142 40 liairtes
359 996 45 34 of
416 994 64 35 the
511 993 156 40 Perstins
689 991 89 37 who
809 989 94 35 have
925 981 189 52 practised
1131 980 87 35 such
1240 977 260 47 Impositions,
1517 985 40 22 so

198 1058 85 34 that
315 1063 142 38 proper
485 1059 183 33 measures
690 1057 87 34 may
811 1046 46 39 be
875 1041 170 56 adopted
1067 1046 39 28 to
1126 1043 157 43 prevent
1299 1048 22 24 a
1341 1042 216 35 recurrence

200 1114 46 35 of
256 1111 89 37 such
365 1108 237 37 misconduct.

252 1172 38 34 A
313 1167 172 52 Portrait
504 1165 41 38 of
570 1165 56 37 his
654 1161 128 44 Royal
819 1157 187 41 !Ugliness
1024 1156 65 43 the
1119 1153 159 38 DUKE.
1299 1150 72 46 OF
1393 1147 168 40 KENT,

201 1226 188 46 engraved
407 1226 51 44 by
488 1224 129 38 Scary
631 1230 73 30 Eti,
731 1218 91 34 from
842 1227 22 25 a
887 1215 155 33 Picture
1071 1214 34 33 in
1126 1211 64 35 the
1209 1208 202 47 possei:•ion
1430 1205 45 35 of
1500 1204 61 35 the

206 1285 172 46 Princeis
398 1281 164 39 Amelia,
591 1278 80 34 will
690 1277 46 32 he
749 1273 182 34 delivered
948 1281 148 26 art.4rts
1114 1279 47 24 on
1180 1267 168 44 Sunday,
1375 1264 111 45 April
1501 1264 60 34 23.

253 1342 84 35 The
359 1339 167 37 Portrait
543 1336 44 34 of
604 1336 64 33 the
689 1328 159 41 DUKE
867 1330 73 44 OF
963 1328 183 41 GLARE
1153 1328 14 39 -
1167 1328 15 39 4
1193 1328 70 34 CI;
1283 1325 83 38 will
1387 1323 48 38 be
1453 1323 112 44 given

206 1401 39 46 in
260 1398 63 34 the
340 1406 130 33 course
485 1394 45 35 of
544 1394 60 33 the
622 1391 151 44 ensuing
795 1385 148 48 Month.

253 1465 60 34 To
338 1473 130 26 secure
484 1460 105 44 early
621 1457 73 35 and
728 1456 91 43 Fine
839 1452 252 47 'lmpressions
1108 1450 45 34 of
1178 1450 66 34 the
1264 1449 144 39 Plates,
1434 1446 110 35 imine-

237 1522 74 33 iate
330 1520 141 35 Orders
491 1517 132 38 should
645 1517 48 39 be
713 1520 79 31 sent
817 1517 39 30 to
883 1512 65 35 the
976 1511 137 39 Office,
1147 1508 76 34 No.
1246 1507 59 41 11,
1343 1504 202 39 Catherine-

207 1585 131 33 street,
354 1574 149 40 Strand,
515 1583 43 35 or
567 1572 111 45 given
698 1576 38 43 to
752 1570 64 35 the
829 1569 215 46 Newsmen,
1055 1566 64 34 the
1135 1564 137 35 Clerks
1290 1561 44 35 of
1346 1561 64 43 the
1422 1560 144 47 Roads.

209 1635 71 38 and
304 1631 255 40 Booksellers,
586 1628 240 53 throughout
840 1626 64 33 the
922 1623 143 37 United
1085 1620 203 47 Kingdocu.

259 1757 39 33 It
319 1755 78 34 will
413 1755 47 32 be
474 1762 83 37 seen
572 1752 51 46 hy
645 1750 63 40 the
739 1750 129 45 Paper
887 1748 44 37 of
946 1747 74 33 thi;
1045 1746 92 45 day,
1166 1742 85 41 that
1269 1753 24 34 a
1309 1741 260 43 rowsicizrable

213 1806 276 46 improvement
506 1801 169 40 Ivpheen
689 1800 106 31 made
815 1799 46 43 by
883 1798 63 32 the
972 1795 177 40 insertion
1168 1791 44 34 of
1232 1789 37 45 I,
1269 1789 111 45 loyd's
1401 1785 78 38 List
1498 1789 71 33 and

210 1856 67 35 the
300 1851 154 39 Loutlop
475 1848 188 48 114rkets,
697 1846 125 35 which
843 1844 77 35 will
947 1844 63 41 he,
1029 1843 57 33 for
1111 1841 64 33 the
1209 1838 139 44 future,
1380 1838 189 44 regularly

214 1896 175 41 iwerted.

335 2026 170 54 THE
546 2019 436 59 NATIONAL
1023 2014 430 57 REGISTER.

772 2192 261 63 Lotlban,

567 2289 239 47 SUNDAY,
844 2287 171 50 APRIL
1046 2291 41 38 ft,
1127 2289 71 37 180
1198 2289 48 37 a.

493 2413 229 41 frOLMCd;.
750 2414 177 34 EVENTS
956 2413 53 25 OF
1036 2411 96 28 THE
1166 2409 151 28 WEEK.

279 2535 41 38 it
347 2532 32 38 is
398 2526 249 65 confidentll•
669 2525 131 47 stated
819 2525 93 47 that
932 2524 71 40 the
1023 2520 157 56 French
1201 2533 115 44 army
1337 2522 37 50 in
1397 2524 191 43 Gallicia*

252 2581 246 47 ommanded
531 2581 52 51 by
620 2578 133 53 Sonit,
785 2578 33 39 is
856 2578 227 48 retreating
1121 2576 109 38 from
1256 2576 91 40 that
1368 2580 215 50 province.

229 2639 40 48 It
306 2640 32 38 is
369 2630 215 59 supposed,
613 2633 94 45 that
729 2630 123 47 'their
882 2629 136 44 whole
1051 2629 130 45 force,
1213 2629 37 38 in
1276 2630 67 38 the
1380 2631 129 39 North
1544 2634 51 40 of

231 2692 138 53 Spain,
403 2687 79 40 will
519 2686 98 53 take
638 2699 26 25 a
684 2683 206 45 defensive
909 2681 177 56 position
1111 2682 37 38 in
1172 2680 167 50 C4s.tille
1356 2698 11 12 •
1398 2683 79 39 and
1500 2685 90 41 that

229 2758 58 28 no
308 2741 195 45 offensive
523 2738 236 54 operations
778 2735 79 41 will
878 2735 52 40 be
948 2734 278 51 undertaken,
1257 2735 86 40 unti
1351 2735 8 39 l
1469 2746 125 34 event

231 2797 52 40 of
296 2797 71 39 the
387 2792 191 44 Austrian
598 2803 87 27 war
702 2791 52 41 be
772 2789 182 51 decided.
999 2780 99 53 This
1110 2792 221 39 statement
1342 2791 249 52 completely

229 2850 159 40 refutes
425 2841 70 45 the
515 2848 191 41 account,
737 2842 219 46 contained
977 2839 39 45 in
1039 2837 69 43 the
1127 2841 152 41 French
1306 2844 168 50 Papers,
1505 2845 51 40 of
1571 2859 25 26 a

231 2901 130 57 s;glial
397 2898 139 41 defeat
565 2897 204 43 sustained
794 2898 51 43 by
866 2896 71 39 the
969 2894 185 51 Marquis
1173 2894 50 39 de
1259 2887 207 56 Humana,
1496 2898 97 40 with

229 2957 74 38 the
343 2955 78 40 loss
441 2952 51 40 of
515 2955 107 37 5000
641 2963 90 26 men
754 2948 74 43 left
844 2947 105 45 dead
970 2960 57 35 on
1050 2947 71 43 the
1141 2946 111 44 field.
1315 2949 155 39 Letters
1486 2952 109 39 from

231 3009 76 39 the
330 3007 327 50 head-quarters
671 3002 51 39 of
736 3004 71 38 the
829 3000 185 53 Marquis
1036 3012 129 39 prove
1183 3000 94 40 that
1294 3000 63 39 his
1376 3015 116 41 army
1518 3018 79 26 was

239 3067 77 34 120
334 3060 116 41 miles
478 3058 109 50 from
618 3057 71 53 op
717 3069 119 40 scene
853 3054 27 50 w
880 3054 109 50 here
1010 3053 72 40 the
1102 3054 139 45 action
1272 3053 31 39 is
1323 3056 87 45 said
1426 3061 45 35 to
1487 3057 112 41 have

239 3116 131 38 taken
391 3112 131 53 place.

328 3180 305 40 iloN,-MArtc“
821 3176 89 35 Don
926 3172 126 44 Pedro
1072 3174 180 37 Zulaiber
1269 3175 65 35 has
1348 3178 73 33 this
1439 3180 162 34 moment

235 3230 174 40 received
428 3240 25 22 a
469 3228 109 37 letter
591 3224 98 35 from
709 3224 56 33 his
777 3226 174 39 brother,
969 3222 65 33 the
1054 3222 120 35 ()thee'
1174 3222 18 35 .
1209 3226 34 32 in
1261 3226 164 41 Oviedo,
1447 3227 133 34 inform-

320 3278 76 34 him
424 3276 83 33 that
526 3276 71 32 last
617 3272 105 46 night
738 3272 151 34 arrived
909 3270 107 39 there
1036 3280 24 24 a
1080 3272 156 44 captain
1256 3272 46 33 of
1329 3274 51 39 14
1398 3274 203 35 Rom:ma's

252 3338 112 30 :rrnv,
381 3335 25 24 a
433 3322 161 34 division
622 3321 45 33 of
694 3319 125 34 which
849 3317 125 41 would
1011 3317 83 35 halt
1111 3319 72 33 last
1205 3320 105 41 night
1333 3322 33 33 in
1389 3322 150 43 Congas
1558 3324 44 32 de

237 3369 44 46 V.
281 3369 87 46 0.4,
387 3371 161 39 another
565 3365 47 38 of
630 3369 81 38 18,6
711 3369 41 38 C(
780 3378 80 24 men
878 3371 40 31 at
938 3364 244 37 Villafranea
1200 3367 57 34 del
1287 3369 146 39 Ilierro,
1453 3371 71 33 and
1541 3372 61 32 the

235 3423 74 37 Tost
331 3423 46 33 of
391 3419 84 37 said
493 3428 107 33 army
620 3426 80 25 was
725 3415 71 35 left
815 3420 38 30 at
888 3416 119 41 Lugo,
1028 3425 45 22 or
1089 3425 90 24 near
1199 3415 46 41 it,
1265 3417 124 34 where
1407 3419 26 32 it
1456 3419 71 32 had
1548 3420 37 33 in-

235 3468 198 48 tcreepted
454 3467 65 35 the
539 3465 123 40 whole
681 3463 157 45 plunder
855 3464 44 33 of
913 3456 183 50 Gallicia,
1127 3463 124 34 which
1281 3465 63 33 the
1377 3475 130 34 enemy
1530 3478 76 21 was

235 3520 164 47 Tetiring
426 3511 109 39 with.
592 3511 85 56 'The
700 3517 139 40 Tetreat
859 3510 45 35 of
930 3510 57 39 the
986 3510 19 39 !
1029 3511 144 35 French
1204 3514 100 33 from
1324 3514 81 34 that
1423 3516 181 44 province

236 3568 112 57 pin*
1235 3562 2 63 •

293 3679 139 41 Every
451 3671 377 50 communication,
856 3670 125 54 lately
1006 3672 184 41 received
1213 3672 107 43 from
1342 3674 136 50 Spain,
1498 3674 81 39 whe-

234 3733 97 40 ther
345 3731 53 41 of
415 3743 27 28 a
468 3731 181 52 private,
670 3731 58 34 'or
750 3738 25 26 a
808 3724 157 52 public,
997 3733 149 32 nature
1179 3726 89 39 •has
1298 3739 25 27 a
1342 3726 201 40 tendency
1563 3733 45 33 to

231 3785 196 48 rekindle
457 3785 72 38 the
549 3784 131 50 hopes
699 3776 131 40 which
853 3780 73 39 the
946 3780 91 39 first
1051 3782 210 38 exertions
1276 3778 50 40 of
1338 3780 91 39 that
1449 3781 158 53 gallant

233 3839 156 56 peopie
407 3852 47 26 so
485 3833 210 57 generally
717 3829 171 54 diffused
896 3859 9 11 .
966 3831 120 54 They
1109 3844 105 27 ner?
1235 3834 172 46 4tinned
1426 3834 51 50 by
1501 3835 107 39 their

231 3894 18 41 1
268 3907 58 46 pf.
354 3904 197 32 reverses,
579 3888 136 38 which
741 3896 113 28 were
875 3896 46 31 al
951 3898 142 28 severe
1129 3899 45 27 as
1201 3888 261 50 .unexpected
1482 3904 12 27 ;
1530 3889 78 38 and

230 3950 79 38 the
328 3945 216 51 treachery
578 3939 53 43 of
656 3952 112 38 Sfylflr
785 3938 48 40 of
857 3938 111 40 their
987 3935 126 51 leader
1114 3935 64 51 4,,
1192 3941 195 47 together
1408 3940 96 40 with
1537 3943 73 38 the

231 3999 244 54 meapanity
513 3993 83 53 and
622 3992 235 54 cowardice
896 3989 50 48 of
979 3992 159 43 others,
1149 3989 4 65 .
1167 3994 182 53 snapped
1381 3993 71 46 the
1486 4000 122 45 great

230 4055 27 44 c
257 4055 28 44 h
300 4055 56 38 pin
378 4051 51 53 of
441 4049 145 47 union,
615 4046 137 51 which
768 4043 125 48 could
921 4043 126 50 alone
1062 4048 96 48 give
1175 4045 113 39 thent
1307 4059 77 39 arty
1404 4046 202 48 eertr4intv

313 4106 190 52 reOitlg
523 4110 79 41 ,tne
621 4098 317 52 accumulating
973 4097 195 47 forctt•of
1185 4098 107 53 ttie,:
1292 4098 18 53 4
1310 4098 164 53 nvatiPrs.
1505 4120 18 25 .!
1539 4103 72 35 Vie

235 4161 228 51 prldiotad,
485 4159 124 44 sitoorne
628 4150 170 44 rnonthv
831 4165 102 40 ago,
960 4153 123 46 when
1116 4159 126 46 every
1284 4154 109 37 week
1429 4153 178 40 terrified

416 4209 116 51 S6itlC
557 4212 111 41 fres4
681 4213 183 40 at,:ouht
887 4204 52 45 of
953 4207 71 44 the
1043 4207 191 45 dis:Wery
1256 4204 90 54 6,1
1377 4207 233 47 Instairked,

268 4310 15 21 7

1235 4281 8 27 ;

2646 69 309 59 APRILS.

1607 224 92 39 that
1719 220 161 53 though
1898 219 109 40 their
2026 214 152 43 armies
2194 210 135 53 might
2349 209 53 39 be
2430 204 222 60 dispersed,
2669 200 109 45 their
2791 206 146 52 provin-

1610 289 65 27 ces
1693 286 197 38 overrun,
1919 270 79 40 and
2035 268 107 52 their
2173 266 117 40 cities
2323 261 124 43 razed
2483 266 46 34 to
2556 260 71 39 the
2646 257 178 52 „e-round,
2856 257 111 39 their

1613 330 79 39 will
1711 327 132 40 would
1874 324 155 41 remain
2047 317 235 48 inyincible,
2310 317 77 39 and
2411 314 109 41 their
2533 309 145 44 hatred
2696 311 47 39 of
2759 309 71 40 the
2848 309 94 39 inva-

1613 385 89 37 ders
1733 378 257 44 unsubdued.
2065 376 77 41 We
2173 373 106 39 have
2324 376 77 33 not
2435 369 99 38 been
2572 361 328 43 mistaken—for
2939 376 27 31 a

1615 433 159 54 people,
1795 433 92 39 who
1907 444 71 27 are
1998 428 248 41 unanimous
2274 424 39 37 in
2344 420 106 44 their
2472 419 217 40 resistance
2722 416 76 40 and
2820 415 148 41 hatred

1616 495 43 33 to
1680 501 50 26 an
1744 498 163 40 enemy,
1937 482 169 53 imbibe,
2126 481 43 38 in
2199 476 248 56 proportion
2478 478 46 33 to
2541 471 104 40 their
2667 482 195 34 reverses,
2880 467 91 41 new

1615 542 237 39 sentiments
1869 537 52 50 of
1936 537 255 39 abhorrence
2207 548 13 30 ;
2252 529 78 40 and
2349 535 46 34 to
2431 527 51 40 be
2511 523 206 45 subdued,
2744 524 96 51 they
2857 520 113 43 must

1617 596 65 43 be,
1711 595 40 38 in
1779 607 25 24 a
1835 595 118 50 great
1971 574 4 71 *
1993 599 203 31 measure,
2224 581 318 43 exterminated.
2597 576 130 40 What
2743 574 222 56 appeared,

1617 652 43 37 at
1693 648 86 43 first
1798 645 111 52 sight
1942 656 25 27 a
1998 639 215 44 calamity,
2243 635 193 40 afforded.
2454 632 72 41 the
2559 630 99 52 only
2694 633 189 48 prospect
2919 626 52 41 of

1617 713 154 27 success
1788 693 315 53 ;—deprived
2148 691 51 50 of
2239 690 70 39 the
2356 697 191 44 presence
2595 681 81 47 and
2709 680 183 40 councils
2926 679 52 46 of

1618 752 107 41 their
1762 750 126 43 rulers
1917 750 94 51 they
2046 758 110 31 were
2181 741 143 53 forced
2343 746 46 40 to
2409 741 107 41 have
2544 746 191 33 recourse
2764 741 46 33 to
2839 733 113 39 them-
2953 733 24 39 ,

1618 806 152 45 selves;
1817 819 45 26 so
1899 803 92 39 that
2023 811 128 40 every
2187 796 183 43 member
2407 795 41 44 in
2489 793 71 39 the
2595 788 261 51 community
2885 798 67 26 wa

1620 860 182 56 bronght
1817 863 45 34 to
1880 859 242 48 co-operate
2148 865 40 25 in
2211 863 24 26 a
2255 861 137 34 cause,
2413 844 130 40 which
2563 843 102 39 then
2676 842 168 38 became
2859 836 102 56 truly-

1622 911 195 43 national.
1890 909 115 39 Thus
2041 919 25 25 a
2096 902 259 53 community
2379 901 77 40 less
2474 895 190 46 addicted
2696 895 45 38 to
2760 891 102 46 war,
2893 889 85 53 aud

1623 965 96 40 with
1757 976 113 28 more
1891 956 317 47 circumscribed
2228 966 208 28 resources
2469 951 97 40 than
2598 961 80 40 any
2708 947 117 39 other
2857 943 24 56 g
2881 943 24 56 r
2904 943 74 56 eat

1623 1023 105 35 state
1765 1030 53 26 on
1853 1015 72 40 the
1946 1012 228 46 continent,
2218 1007 79 40 had
2331 1003 182 56 opposed
2549 1015 52 26 an
2635 998 190 45 effectual
2861 997 117 46 resisl

1625 1077 132 45 lance,
1792 1068 97 44 hail,
1919 1069 40 38 in
1980 1067 102 43 fact,
2113 1061 146 46 baffled
2281 1059 70 40 the.
2383 1059 202 48 intrigues
2622 1050 80 44 and
2722 1054 69 39 the
2812 1055 169 38 utmost

1625 1126 204 39 exertions
1843 1121 47 39 of
1907 1134 25 25 a
1951 1133 112 27 man,
2083 1117 107 40 who,
2212 1114 97 43 with
2348 1111 70 40 the
2456 1110 119 43 effect
2611 1109 79 40 and
2726 1106 175 57 rapidity
2934 1104 52 39 of

1626 1178 70 39 the
1720 1174 240 45 whirlwind,
1980 1168 223 61 dissipated
2226 1165 67 43 the
2313 1165 150 40 armies
2481 1161 78 41 and
2580 1159 182 43 subdued
2781 1157 72 39 the
2880 1160 103 56 pro-'

1629 1231 136 50 vinces
1782 1230 47 44 of
1844 1226 164 43 Austria
2036 1222 80 39 and
2140 1220 319 45 Prussia,--two
2480 1219 115 51 great
2633 1212 177 52 military
2839 1214 141 41 states,

1628 1281 221 54 supported
1869 1281 53 51 by
1943 1280 70 38 the
2033 1286 213 34 resources
2262 1270 50 45 of
2324 1270 72 48 the
2425 1269 175 40 Russian
2621 1264 170 53 empire.
2849 1258 137 44 These

1628 1336 208 48 countries
1851 1332 70 40 fell
1942 1344 51 34 an
2011 1343 94 38 easy
2130 1339 116 40 prey,
2264 1326 174 38 because
2458 1322 71 45 the
2549 1318 254 41 inhabitants
2822 1313 167 43 looked'

1631 1403 53 39 up
1702 1394 44 35 to
1767 1389 69 39 the
1856 1385 169 40 wisdom
2046 1381 80 48 and
2147 1391 152 40 energy
2320 1376 51 41 of
2385 1376 107 39 their
2504 1372 313 54 toverninents,
2846 1372 46 35 to
2913 1370 72 37 or.;

1629 1443 143 51 divary
1791 1439 237 54 expedients
2062 1439 39 39 in
2139 1446 26 26 a
2196 1444 91 34 case
2321 1429 51 43 of
2400 1426 317 50 extraordinary
2737 1431 247 41 emergency

1629 1495 168 40 —when
1817 1491 113 41 these
1946 1502 105 27 were
2089 1486 130 43 found
2252 1479 250 52 ineffectual,
2536 1479 96 60 they
2667 1475 83 47 had
2776 1472 56 51 no
2864 1473 120 40 other

1633 1560 185 28 resource
1840 1547 41 40 in
1900 1556 157 32 reserve
2078 1558 19 37 ;.
2122 1539 79 41 and
2219 1538 94 51 they
2335 1532 241 44 submitted,
2608 1543 40 39 to
2691 1528 104 45 *ilent'
2807 1527 149 54 despon-

1631 1602 144 52 dency,
1796 1605 45 43 to
1861 1610 25 28 a
1903 1596 214 52 calamity,
2157 1590 132 43 which
2311 1589 109 39 their
2439 1583 178 45 vaunted
2637 1581 346 43 establishments,

1633 1654 195 53 formerly
1846 1652 105 46 their
1980 1648 116 57 pride
2127 1646 80 40 and
2241 1642 195 53 security,
2464 1639 83 46 bad
2572 1641 79 37 not
2675 1635 103 43 been
2813 1631 93 51 able
2940 1637 50 34 to

1633 1711 131 43 avert.

1688 1761 87 38 The
1795 1753 231 65 Spaniards,
2048 1753 137 40 whose
2206 1749 177 51 military
2413 1744 117 51 force
2546 1755 85 30 was
2656 1737 248 57 completely
2926 1737 41 39 in-

1636 1815 235 52 competent
1902 1809 64 39 for
1985 1808 111 39 their
2117 1804 184 46 defence,
2323 1814 24 27 a
2362 1792 280 50 considerable
2662 1793 93 54 part
2767 1793 48 41 of
2841 1791 150 47 which,

1637 1864 182 54 through
1838 1863 71 41 the
1928 1856 226 54 imbecility
2176 1856 51 45 of
2258 1856 106 39 their
2402 1853 156 50 former
2585 1850 265 52 government
2850 1850 27 52 ,
2906 1844 27 41 h
2933 1844 28 41 a
2961 1844 28 41 d
2993 1844 5 74 •

1641 1920 98 39 been
1757 1915 200 44 detached
1983 1920 43 33 to
2057 1915 193 51 promote
2268 1909 71 45 the
2370 1906 125 41 views
2515 1902 46 41 of
2587 1902 73 52 the
2692 1912 163 40 enemy,
2885 1909 111 27 were

1641 1970 142 46 forced
1802 1975 45 40 to
1877 1968 129 51 adopt
2026 1967 123 45 other
2185 1954 242 61 expedients
2461 1963 46 35 to
2544 1954 112 58 repel
2686 1954 72 45 the
2789 1950 206 43 invasion.

1643 2026 98 39 This
1761 2021 224 43 resolution
2006 2019 80 46 and
2117 2016 84 41 this
2232 2011 197 53 necessity
2456 2010 109 45 have
2595 1998 175 59 enabled
2799 2006 115 39 them
2946 2008 53 34 to

1646 2074 111 43 resist
1778 2070 69 45 the
1865 2078 155 37 utmost
2047 2080 187 45 pressure
2254 2067 47 41 of
2316 2066 72 40 the
2413 2065 181 52 enemy's
2611 2057 202 54 strength.
2869 2056 131 40 Their

1646 2128 280 54 preparations
1946 2127 115 47 have`
2070 2130 76 33 not
2161 2120 21 46 -
2183 2120 152 46 abated,
2350 2118 112 51 their
2494 2113 236 56 confidence
2740 2112 50 45 in
2807 2109 73 41 the
2898 2108 78 45 Ohl.
2976 2108 20 45 ?

1649 2189 107 34 mate
1775 2193 155 27 success
1950 2180 48 38 of
2021 2177 109 40 their
2157 2174 211 44 exertions
2405 2171 74 50 has
2513 2166 223 45 increased,
2763 2161 161 52 instead
2953 2161 53 40 of

1648 2236 152 54 having
1818 2231 243 46 diminished
2079 2246 13 33 ;
2113 2229 96 45 and,
2236 2228 109 39 from
2366 2216 81 48 one
2463 2220 222 52 extremity
2704 2217 51 40 of
2769 2216 69 40 the
2851 2215 152 40 Penin-:

1649 2290 86 39 sula
1756 2293 41 33 to
1818 2288 71 39 the
1907 2285 137 44 other,
2060 2285 72 37 the
2148 2280 157 40 natives
2323 2290 73 28 are
2409 2275 170 52 making
2593 2272 76 52 the
2683 2275 105 39 most
2804 2269 198 57 virroutt

1654 2342 278 54 preparations
1951 2344 41 33 to
2011 2348 142 27 secure
2177 2334 77 39 this
2269 2328 200 51 desirable
2487 2326 151 52 object:
2774 2331 54 12 .•
2846 2326 4 71 .
3002 2326 4 71 •

1704 2396 73 37 We
1798 2394 104 45 have
1920 2404 91 26 sum
2031 2402 21 26 a
2070 2388 124 43 letter
2211 2383 107 51 from
2331 2382 182 47 Alicaut,
2531 2376 162 53 though
2709 2378 73 41 not
2797 2374 51 43 of
2861 2387 26 28 a
2904 2385 99 41 very

1654 2453 136 35 recent
1805 2447 93 38 dale
1920 2446 91 48 (the
2031 2444 96 40 15th
2148 2435 51 43 of
2224 2438 122 50 Feb.)
2368 2434 132 41 which
2516 2433 202 46 increases
2735 2430 50 40 its
2802 2428 200 47 interest;

1656 2504 33 37 it
1708 2500 115 53 gives
1857 2499 73 38 the
1967 2489 110 47 most
2108 2491 259 53 satisfactory
2401 2490 180 46 account
2595 2483 70 43 ..of
2691 2481 71 39 the
2804 2481 202 52 vigorous

1654 2551 282 54 preparations
1955 2549 116 40 made
2089 2546 53 56 by
2166 2545 91 40 that
2275 2544 103 51 city,
2396 2542 48 43 in'
2456 2525 313 58 common•with
2786 2533 123 52 every
2919 2532 91 53 city

1655 2607 77 38 and
1752 2613 109 32 town
1893 2604 40 44 in
1962 2603 71 39 the
2052 2598 138 53 south.
2250 2598 133 50 EVecy
2405 2606 115 33 man,
2549 2588 193 57 capable'
2756 2585 48 41 of
2830 2585 175 53 bearing

1656 2673 123 31 arms,
1796 2670 80 26 was
1896 2653 228 53 constantly
2143 2646 233 58 exercising
2391 2644 168 54 himself
2571 2644 40 39 in
2631 2642 73 40 the
2721 2644 71 37 use
2811 2640 52 40 of
2874 2639 131 40 them.

1657 2714 87 38 The
1762 2712 167 41 citizens
1959 2708 80 51 had
2060 2705 169 53 already
2248 2701 162 41 formed
2430 2713 26 27 a
2472 2696 185 52 well-org
2662 2693 136 43 anised
2828 2704 117 43 corps
2963 2689 53 41 of

1658 2771 104 35 3000
1782 2774 109 35 men,
1923 2761 149 45 which,
2104 2771 111 26 were
2244 2758 32 41 it
2291 2760 92 39 •not
2415 2752 67 41 for
2503 2764 25 26 a
2557 2750 80 41 defi
2641 2748 143 51 ciency
2802 2746 50 40 of
2882 2753 126 38 arms,

1659 2817 133 41 would
1814 2818 105 38 have
1937 2815 103 40 been
2062 2812 122 39 much
2216 2820 116 28 more
2349 2811 237 37 numerous.
2646 2800 116 57 They
2785 2797 100 47 look
2906 2810 80 27 anx-

1659 2870 129 56 iously
1809 2870 66 50 for
1894 2881 25 26 a
1938 2867 132 52 supply
2070 2867 22 52 ,
2111 2865 111 39 from
2254 2856 81 46 this
2369 2859 175 51 country
2561 2872 13 33 ;
2587 2854 2 72 •
2602 2854 83 43 and
2699 2859 63 35 'as

1661 2926 128 51 plaint
1817 2923 73 47 has
1911 2924 99 35 been
2031 2915 230 56 frequently
2287 2911 211 57 repeated,
2536 2923 43 26 as
2596 2908 35 40 it
2659 2907 76 40 has
2759 2906 104 39 been
2868 2903 24 41 -
2891 2903 123 41 heard

1661 2978 65 39 for
1741 2978 112 45 these
1872 2975 117 39 three
2010 2972 165 40 months
2194 2973 105 48 past,
2319 2967 34 40 it
2367 2967 32 40 is
2431 2968 110 41 most
2570 2956 332 47 unaccountable
2919 2957 98 39 that

1662 3030 282 52 preparations
1961 3021 78 51 had
2057 3031 73 32 not
2151 3024 103 39 been
2272 3033 148 28 sooner
2435 3017 118 41 Made
2567 3015 151 58 Ily•our
2733 3012 283 48 Goverliment

1662 3089 45 44 to
1724 3081 163 53 Comply
1907 3079 98 41 with
2022 3092 46 30 so
2088 3074 24 46 ~
2112 3074 24 46 :
2135 3074 189 46 msonable
2342 3086 26 27 a
2383 3070 189 51 demand.
2620 3070 1 65 •

1717 3130 87 45 The
1821 3137 194 41 accounts
2029 3131 110 39 from
2164 3128 190 41 Valencia
2372 3124 169 41 contain
2561 3118 265 54 intelligence
2842 3115 172 58 equally

1664 3188 260 51 satisfactory
1944 3184 50 41 of
2013 3185 73 39 the
2111 3181 286 54 preparations
2425 3177 120 43 made
2572 3176 39 38 in
2634 3174 94 38 that
2763 3172 100 53 city.
2922 3170 94 40 The

1664 3242 116 50 spirit
1809 3240 46 39 of
1881 3242 70 47 the
1970 3239 170 41 citizens
2159 3236 32 38 is
2224 3247 43 31 as
2298 3230 209 47 unabated
2542 3241 47 30 as
2613 3227 118 38 when
2758 3224 96 53 they
2872 3223 149 41 forced

1669 3296 187 41 Moneey
1877 3296 44 38 to
1941 3293 52 51 fly
2013 3286 286 57 precipitately
2317 3286 107 39 from
2448 3282 107 40 their
2585 3279 129 41 walls.
2770 3278 113 51 They
2906 3291 111 26 seem

1667 3346 250 43 determined
1950 3350 45 43 to
2014 3343 159 40 imitate
2206 3341 71 46 the
2295 3339 187 54 glorious
2497 3332 191 63 example
2720 3332 120 53 given
2874 3331 53 53 by
2949 3330 73 40 the

1670 3404 276 47 Saragossans.

1720 3454 130 39 When
1872 3464 60 27 we
1952 3449 99 47 look
2082 3454 45 44 to
2152 3446 72 46 the
2243 3445 150 45 North,
2426 3456 60 26 we
2519 3441 79 40 find
2622 3441 71 46 the
2714 3449 110 32 same
2844 3435 177 46 motives

1670 3506 50 39 of
1734 3507 107 51 hope
1861 3504 79 40 and
1964 3504 372 47 encouragement.
2392 3498 91 41 The
2503 3495 214 41 Asturians
2735 3493 103 39 have
2858 3488 170 52 already

1669 3561 158 48 quitted
1848 3557 106 39 their
1971 3561 252 37 mountains,
2241 3553 77 40 and
2334 3552 106 40 have
2469 3548 78 40 had
2558 3560 122 33 .some
2696 3540 217 48 successful
2935 3552 74 31 rect.
3009 3552 15 31 !

1671 3617 189 35 counters
1881 3611 97 39 with
2011 3609 73 39 the
2113 3620 165 26 enemy.
2335 3604 92 41 The
2457 3600 226 48 Gallicians
2709 3611 70 27 are
2807 3593 213 51 imitating;

1674 3666 67 38 the
1761 3663 163 53 general
1954 3661 208 53 example,
2181 3652 77 48 and
2281 3658 105 39 have
2405 3661 72 34 cut
2502 3659 44 37 to
2575 3654 136 51 pieces
2730 3647 156 45 several
2906 3645 120 41 small

1671 3719 285 39 detachments
1972 3715 48 39 of
2046 3715 106 40 their
2174 3712 202 41 invaders.
2435 3711 164 48 Among
2620 3706 73 39 the
2722 3703 122 44 latter
2863 3715 25 27 a
2919 3703 110 44 most

1675 3771 227 53 malignant
1920 3770 113 41 fever
2056 3769 31 41 is
2114 3767 86 46 said
2238 3771 45 34 to
2304 3763 123 44 make
2446 3758 188 50 dreadful
2657 3768 170 43 ravages
2843 3771 13 28 ;
2885 3752 79 45 and
2985 3765 46 32 so

1674 3839 97 38 very
1793 3826 63 38 far
1876 3823 107 41 from
2001 3823 123 52 being
2156 3819 92 41 able
2267 3824 45 33 to
2331 3820 177 37 execute
2529 3814 105 43 their
2654 3807 240 48 threatened
2915 3807 94 39 inva-

1674 3880 84 37 sion
1789 3878 48 38 of
1856 3869 215 57 Portugal,
2104 3874 98 59 they
2224 3883 69 27 are
2320 3870 152 48 almost
2491 3865 180 53 unequal
2700 3869 46 34 to
2774 3862 72 40 the
2862 3859 96 47 task
2986 3857 52 46 of

1676 3931 187 52 keeping'
1887 3928 223 59 possession
2135 3927 43 46 of
2215 3922 189 53 Gallieia.
2461 3922 63 40 On
2555 3919 71 40 the
2653 3917 196 45 frontiers
2874 3912 52 41 of
2952 3911 84 45 this

1676 3998 97 38 prob
1785 3983 104 51 ince,
1925 3984 30 39 It
1965 3994 118 38 on,v4
2140 3981 32 38 is
2190 3976 206 46 stationed
2432 3973 97 43 with
2563 3985 24 26 a
2620 3963 280 54 considerable
2919 3963 123 43 force

1677 4038 119 50 ready
1834 4043 45 32 to
1915 4033 100 43 take
2044 4035 150 45 aclvan'
2311 4030 50 39 of
2469 4020 43 45 •f
2511 4020 21 45 -
2643 4023 99 41 'able
2778 4030 255 40 occurrence

1677 4091 130 39 which
1828 4102 92 40 may
1946 4089 118 40 otter.
2120 4087 72 39 Th,

1677 4146 35 37 in
1736 4146 90 37 that
1848 4144 219 46 direction,
2098 4140 90 44 %chi,

2180 4037 103 44 Itage
2311 4036 50 33 of
2394 4041 80 40 any
2494 4036 248 32 favourable
2778 4036 255 34 o,ccurrence

2180 4098 31 27 le
2233 4087 257 48 Portuguese
2507 4081 107 39 have
2634 4076 87 41 also
2737 4089 25 28 a
2779 4075 116 52 large
2914 4069 125 54 Corps,

2180 4139 51 53 ich
2264 4139 31 46 is
2313 4136 110 54 daily
2444 4133 227 57 increasing
2698 4131 39 39 in
2753 4126 185 57 strength
2957 4123 81 41 and

2413 4241 4 4 •

0 2719 139 497 V
