3472 4417
340 84 222 58 APRIL
598 83 51 54 9.

344 222 174 39 James's
539 219 180 44 Church,
736 219 39 38 in
795 219 229 53 Piccadilly.
1082 220 113 39 Since
1211 220 77 40 the'
1298 227 155 46 present
1473 234 18 24 v
1499 221 188 39 enerable

347 274 79 38 and
454 270 202 41 excellent
676 270 150 52 Bishop
844 269 48 41 of
922 272 169 39 London
1114 273 195 39 ascended
1328 272 67 40 the
1411 276 112 37 sane
1543 273 143 54 pulpit,

346 326 100 39 with
469 325 70 39 the
563 337 112 27 same
696 325 100 38 view
819 328 44 34 to
880 322 53 40 do
956 325 102 52 good
1057 325 26 52 ;
1101 338 76 28 our
1199 326 162 39 Church
1387 327 70 38 has
1476 326 210 51 produced

346 379 178 52 nothing
559 378 47 39 of
647 378 99 38 snch
780 383 198 47 apparent
1010 378 254 52 importance
1297 391 41 27 as
1354 379 70 40 Dr.
1440 380 247 39 Andrewes's

345 431 248 40 illustration
612 431 79 38 and
716 429 247 40 vindication
985 431 51 38 of
1062 431 72 39 her
1153 430 184 53 Liturgy.
1378 432 70 39 His
1465 432 220 39 discourses

345 483 162 41 excited
530 482 203 41 universal
755 483 295 40 consideration
1070 484 39 38 in
1128 484 70 39 the
1213 484 250 53 metropolis,
1483 484 80 39 and
1583 497 102 26 were

347 535 255 54 fashionably
624 536 79 39 and
724 535 260 56 numerously
1003 536 201 40 attended.

372 589 4 47 •
402 589 94 41 Feb.
516 595 39 41 8,
589 592 116 37 lieos.

1390 591 240 40 ONESIMCS.

795 718 74 38 110
878 718 111 38 I'AL
1030 718 202 39 CIRCU,s;

798 785 184 47 (EASTER
1013 784 219 47 MONDAYS)

604 862 378 28 SVPERINTENDED
1011 862 47 27 B)
1097 862 76 27 MR.
1205 859 224 31 ELLI.STON.

664 954 115 34 Your
797 946 210 53 Pattonage
1024 954 30 32 is
1064 963 71 24 our
1147 953 183 46 Support.

875 1015 117 33 Motto
1010 1013 183 33 exhibited
1206 1015 41 44 by
1265 1016 58 33 the
1343 1012 120 38 Circus
1482 1012 200 48 Company,

394 1136 61 46 I'o
483 1144 103 34 enter
614 1142 161 34 Sadler's
813 1141 130 44 Wells,
967 1153 43 24 or
1037 1140 159 46 Astley's
1222 1141 304 45 Amphitheatre,
1552 1152 45 25 or
1622 1142 59 34 the

348 1187 129 48 Itoyal
511 1192 144 40 Circus,
683 1191 202 45 especially
921 1201 44 22 on
997 1191 99 33 what
1131 1194 61 28 ate
1219 1189 118 34 called
1375 1191 184 44 holidays,
1587 1191 28 32 is
1644 1196 37 27 to

347 1246 104 27 enter
472 1238 77 35 into
567 1239 63 34 the
658 1240 137 41 temple
815 1237 44 35 of
874 1237 151 46 English
1059 1238 178 44 pastime;
1264 1238 72 33 and
1356 1237 43 33 he
1419 1238 87 33 who
1541 1239 139 41 repairs

345 1286 157 43 thither,
528 1297 47 32 go
591 1286 104 33 when
717 1286 40 33 he
772 1297 102 35 may,
901 1285 129 34 should
1050 1285 106 34 make
1176 1296 48 33 up
1241 1285 54 33 his
1315 1285 93 34 mind
1426 1291 37 27 to
1480 1286 45 32 be
1539 1284 58 34 for
1616 1296 65 22 one

346 1332 104 45 night
471 1344 44 22 an
535 1333 250 40 Englitliman.
841 1332 83 34 Full
940 1332 43 33 of
997 1333 61 32 the
1078 1332 93 46 good
1188 1333 59 32 Old
1265 1332 273 44 good-humour
1554 1332 46 33 of
1628 1332 52 34 his

345 1382 237 40 forefathers,
598 1382 43 33 he
659 1388 89 26 most
762 1382 110 41 laugh
886 1393 27 20 vr
925 1381 51 32 ith
997 1381 104 33 those
1114 1381 81 33 who
1215 1378 283 45 laugh,chuckle
1518 1385 39 27 at
1577 1391 102 32 many

346 1441 25 21 a
391 1429 112 40 rough
511 1428 113 46 joke,
656 1429 204 44 pleasantly
878 1430 180 32 overhear
1076 1427 60 34 the
1154 1427 250 34 observations
1419 1427 105 33 made
1545 1429 135 32 around

348 1475 92 40 him,
469 1479 65 31 and
559 1481 64 39 put
638 1487 51 32 up
710 1475 89 34 with
819 1476 207 32 occasional
1044 1475 217 40 elbnwings,
1287 1475 169 41 together
1473 1475 92 33 with
1584 1486 97 22 some

347 1522 72 33 few
442 1524 120 33 treads
580 1534 44 21 co
645 1524 53 32 his
719 1530 89 27 toes.
842 1522 38 33 If
898 1524 43 32 he
958 1528 131 28 cannot
1108 1522 46 32 do
1173 1522 85 40 this,
1287 1521 43 33 he
1349 1521 17 34 .
1365 1521 102 34 .voule
1486 1521 47 33 do
1554 1522 117 33 better

347 1578 38 28 to
404 1571 190 35 reuraia,at
612 1571 122 34 home.
788 1570 223 34 Affectation
1028 1570 89 33 finds
1136 1571 83 32 here
1234 1580 44 24 wo
1298 1569 227 44 indulgence.
1580 1570 100 33 Here

345 1618 122 43 teigns
490 1618 61 33 the
569 1616 161 46 majesty
756 1617 46 33 of
815 1617 61 34 the
894 1618 151 44 people,
1076 1617 136 38 which,
1227 1617 32 33 if
1279 1613 189 46 judicious
1488 1616 191 35 deference

346 1664 47 33 be
413 1665 91 44 pain
533 1669 38 30 to
591 1665 43 41 it,
663 1665 28 33 is
710 1665 182 43 infinitely
906 1675 100 24 more
1038 1665 182 32 tolerable
1239 1664 87 33 than
1355 1675 104 32 many
1479 1665 109 32 other
1619 1665 40 32 de-

345 1713 202 45 scriptions
567 1710 43 37 of
638 1711 172 47 majesty.
866 1711 99 43 Yes;
993 1723 69 24 one
1082 1717 91 28 must
1191 1713 102 34 learn
1310 1717 38 27 to
1368 1713 102 41 bear,
1491 1711 35 33 in
1556 1711 86 34 such
1658 1722 20 25 a

345 1773 129 46 place*

1032 1820 83 34 The
1139 1820 126 34 smoke
1291 1818 44 35 of
1355 1819 136 45 lamps,

539 1860 80 44 The
647 1873 155 40 pent-up
821 1867 131 35 breath
984 1867 46 34 of
1056 1880 45 21 an
1130 1878 180 33 unsavory
1338 1867 128 45 throng

348 1915 125 44 More,
515 1916 191 41 however,
733 1916 157 37 remains
919 1924 34 25 to
990 1916 46 33 be
1065 1915 105 33 done.
1225 1916 79 33 One
1323 1919 107 35 must,
1454 1925 40 24 as
1522 1913 87 37 well
1642 1925 39 24 as

346 1962 39 21 "'
402 1958 64 40 the
482 1963 326 45 self-complacent
984 1963 150 34 himself
1155 1962 143 43 delight
1317 1970 37 25 to
1371 1964 110 43 enjoy

537 2011 81 34 The
634 2011 107 44 slope
767 2010 43 34 of
821 2011 115 41 faces,
965 2010 93 33 from
1075 2010 61 33 the
1154 2010 91 33 floor
1263 2017 39 25 to
1317 2010 60 33 the
1396 2009 98 43 rolf,

540 2059 53 34 As
612 2059 33 33 if
657 2069 69 22 one
739 2065 133 27 master
886 2057 126 45 spring
1029 2056 206 34 controul'd
1257 2057 97 33 them
1371 2056 51 44 all
1422 2056 18 44 ►

541 2105 164 37 Itelax'd
725 2107 76 33 into
815 2117 45 22 an
880 2105 181 34 universal
1077 2105 115 44 grim!

393 2160 92 40 This
527 2164 183 45 evening's
742 2167 296 32 entertainments
1082 2165 200 45 (Monday,
1324 2163 110 46 April
1460 2164 41 45 3)
1548 2164 133 45 having

345 2213 94 34 keen
469 2213 210 35 announced
710 2223 39 22 as
767 2218 61 37 got
849 2223 46 35 up
979 2212 128 34 Under
1123 2212 61 34 the
1202 2212 211 33 immediate
1428 2213 233 44 superintend-

345 2271 91 24 ance
454 2262 70 33 and
541 2262 183 33 direction
757 2259 43 33 of
824 2261 76 33 Mr.
919 2261 175 43 Elliston,
1121 2255 41 39 of
1185 2259 63 35 the
1265 2259 74 34 late
1358 2259 321 44 Theatre•Royal,

350 2307 148 46 Drury.
672 2308 168 34 numbers
868 2308 44 33 of
938 2317 150 34 persons
1115 2307 172 35 crowded
1319 2308 103 43 early
1441 2314 39 27 to
1499 2308 63 33 the
1580 2317 102 24 scene

345 2350 48 39 of
416 2356 230 39 exhibition,
672 2356 70 33 and
762 2355 61 33 the
842 2355 57 45 pit
915 2356 69 33 and
1010 2356 170 44 galleries
1211 2363 99 25 were
1329 2356 223 43 completely
1584 2355 96 34 filled

348 2402 133 35 before
495 2404 58 34 six
570 2402 163 34 o'clock.
788 2401 33 34 A
833 2413 79 24 new
935 2404 283 33 Pantomimienl
1240 2402 196 43 Prologue,
1454 2402 233 44 containing,,

347 2461 137 33 among
528 2451 107 34 other
680 2456 165 34 matters,
886 2451 307 44 complimentary
1224 2450 176 33 allusions
1430 2454 37 28 to
1502 2450 65 33 the
1599 2460 76 24 new

348 2499 64 46 Man
412 2499 21 46 .
433 2499 109 46 lger,
568 2499 116 44 badly
700 2498 189 34 delivered
917 2499 47 32 by
997 2499 91 33 Mrs.
1111 2498 157 40 Hatton,
1286 2497 209 34 introduced
1517 2507 56 30 us,
1591 2507 86 34 very

537 2552 38 28 to
592 2542 67 37 our
678 2546 60 33 old
757 2545 161 33 favorite
941 2535 70 44 51r.
1031 2548 207 32 Johannot.
1291 2545 71 33 Ilis
1377 2555 89 34 song
1479 2543 45 34 of
1554 2545 126 33 Easter

345 2594 176 43 Monday,
547 2604 44 22 or
613 2593 128 45 Dicky
764 2593 118 34 Awl's
912 2594 76 44 trip
1006 2598 39 28 to
1075 2593 235 41 Greenwich,
1337 2602 74 24 was
1443 2593 107 44 aptly
1590 2604 67 21 colt-

345 2642 148 41 teived,
530 2641 71 34 and
627 2646 93 31 most
749 2640 235 45 successfully
1018 2641 110 44 given
1156 2642 48 43 by
1239 2642 73 33 this
1352 2641 185 33 excellent
1565 2641 117 33 comic

345 2688 136 43 singer.
533 2689 57 33 Of
617 2692 65 30 the
710 2689 298 33 meto•dratnatic
1046 2692 185 41 spectacle
1256 2688 154 33 entitled
1443 2688 136 33 Albert
1613 2688 70 33 and

348 2738 37 34 .4
391 2739 94 39 dela,
516 2737 120 33 which
657 2746 73 25 was
750 2741 89 27 next
859 2735 187 45 presented
1076 2741 39 27 to
1134 2737 110 41 view,
1272 2737 31 32 it
1322 2734 28 34 is
1375 2740 61 28 not
1461 2734 163 45 possible
1644 2741 35 26 to

345 2785 119 44 speak
498 2785 35 33 in
563 2789 107 31 terms
686 2785 44 33 of
744 2784 86 43 high
848 2784 306 34 commendation.
1208 2784 124 34 There
1362 2783 31 33 is
1415 2783 208 44 something
1645 2783 41 34 of

346 2832 102 45 plot,
488 2832 71 33 and
591 2838 92 27 even
709 2832 229 45 nnder-plot,
978 2832 117 33 about
1124 2831 70 34 this
1228 2831 128 45 piece:
1400 2830 79 41 hut,
1506 2831 176 44 perhaps,

347 2881 128 44 owing
504 2888 37 26 to
572 2882 61 32 the
663 2881 227 33 restrictions
907 2884 39 28 to
965 2878 126 35 which
1111 2878 193 34 theatrical
1336 2878 293 44 representation
1655 2878 27 33 is

345 2928 169 34 confined
530 2934 38 27 at
588 2929 99 33 these
710 2928 137 44 places,
882 2928 28 33 it
932 2927 116 33 failed
1067 2934 39 27 to
1126 2928 145 33 interest
1290 2926 63 34 the
1369 2926 151 44 feelings
1551 2924 45 33 of
1618 2924 63 34 the

344 2976 202 39 audience;
576 2976 87 39 and,
692 2975 176 33 however
883 2974 167 46 splendid
1083 2976 34 32 in
1135 2983 167 34 scenery,
1330 2973 162 44 scarcely
1515 2970 167 37 retained

346 3024 103 33 their
482 3024 183 34 uttentioa
698 3034 38 22 as
764 3028 216 39 spectators.
1033 3021 54 34 Its
1111 3024 76 32 best
1219 3024 110 32 merit
1362 3020 177 35 consisted
1573 3021 34 33 in
1637 3021 45 33 its

344 3071 242 45 developing,
606 3071 137 44 though
763 3077 64 27 not
856 3071 89 33 with
963 3069 176 37 sufficient
1157 3067 117 41 force,
1293 3070 178 46 practices
1488 3067 45 35 of
1552 3067 109 45 Inqui-

345 3113 112 39 sition
478 3119 216 33 Tribunals.
749 3119 115 45 Many
886 3117 43 35 of
945 3118 44 34 its
1007 3118 229 45 processions
1259 3128 97 24 were
1369 3116 117 44 really
1504 3116 175 45 striking.

397 3180 183 34 Whether
596 3182 74 33 this
705 3189 77 25 was
809 3180 217 37 occasioned
1044 3181 51 43 by
1115 3178 60 37 the
1192 3181 85 33 mob
1309 3180 34 34 in
1365 3180 63 33 the
1456 3178 115 43 Ride,
1597 3178 84 34 who

345 3228 111 33 could
488 3228 90 33 with
607 3228 180 44 difficulty
821 3228 126 34 crowd
974 3228 216 33 themselves
1219 3237 98 34 upon
1348 3227 63 35 the
1441 3233 117 39 stage.
1585 3237 40 22 so
1655 3227 27 33 it

347 3286 91 30 was,
459 3275 193 41 however,
674 3276 86 33 that
824 3276 63 35 the
905 3275 94 46 good
1208 3282 100 26 were
1332 3279 63 30 not
1408 3274 96 45 fully
1519 3273 162 35 satisfied

346 3322 94 34 with
470 3324 63 33 the
554 3325 291 43 Horsemanship
873 3322 40 35 of
931 3321 60 37 the
1010 3324 118 43 night.
1182 3322 34 34 It
1237 3333 76 24 was
1328 3321 204 40 contrived,
1563 3321 100 34 there-

345 3371 98 40 fore,
472 3371 48 41 by
542 3380 123 25 means
681 3371 45 34 of
739 3381 22 24 a
778 3372 102 44 truly
898 3372 118 34 Comic
1036 3373 100 41 Song
1149 3373 37 32 in
1206 3372 210 39 Character,
1441 3380 44 22 or
1501 3370 64 33 the
1584 3369 97 35 Irish

347 3418 137 40 Cabin,
511 3419 48 43 by
594 3419 76 34 Mr.
693 3419 161 39 Nessus,
874 3426 41 27 to
944 3419 97 46 keep
1072 3428 48 37 up
1146 3419 60 33 the
1234 3419 89 44 play
1349 3417 44 34 of
1421 3418 129 33 mirth.
1603 3418 79 34 The

347 3465 159 35 Musical
534 3465 260 46 Department,
811 3472 38 28 to
867 3477 65 34 say
952 3467 115 39 truth,
1087 3467 139 34 reflects
1243 3467 119 34 credit
1377 3475 44 24 on
1435 3465 73 35 Mr.
1527 3465 135 34 Sander-

345 3521 90 32 son;
464 3515 87 34 who
570 3517 28 30 is
631 3516 87 32 here
738 3516 221 44 Composer,
978 3515 69 34 and
1062 3515 142 34 Leader
1219 3514 46 34 of
1277 3515 64 32 the
1362 3511 113 35 Band.

396 3562 99 34 Now
511 3569 105 28 came
633 3562 64 34 the
710 3562 150 46 display
880 3562 43 34 of
933 3561 237 46 Harlequin's
1181 3562 176 33 &source
1369 3572 13 27 ;
1408 3569 44 26 or
1468 3561 74 34 The
1561 3561 120 34 Witch

346 3608 47 46 of
411 3611 175 35 Ludlam.
643 3608 243 46 Considering
902 3609 74 35 this
996 3609 222 46 pantomime
1233 3620 43 22 as
1339 3609 125 44 partly
1481 3618 104 32 new,
1613 3608 69 34 and

346 3659 130 44 partly
495 3658 228 45 comprising
741 3658 63 34 the
836 3666 94 26 most
953 3658 165 34 favorite
1319 3654 44 37 of
1376 3663 78 28 two
1483 3657 200 44 preceding

346 3706 262 43 pantomimes,
635 3706 48 33 ice
712 3706 247 46 composition
990 3706 28 33 is
1046 3705 63 34 far
1141 3705 92 34 from
1265 3705 255 44 di:reputable
1552 3712 39 26 to
1622 3704 60 35 the

347 3754 135 33 taleuts
501 3755 43 33 of
567 3757 72 32 Mr.
664 3755 159 33 Giroux.
850 3755 96 35 Jun,
999 3754 35 34 It
1072 3764 74 22 was
1180 3754 85 33 here
1294 3762 54 24 we
1382 3761 76 25 saw
1485 3752 77 33 Mr.
1583 3752 103 33 Eller

344 3800 72 33 said
452 3803 76 32 Mr.
566 3796 257 51 Montgomery
849 3806 38 31 to
912 3802 97 34 their
1037 3801 70 34 full
1139 3801 230 44 advantages
1396 3800 90 34 both
1515 3798 45 35 of
1587 3800 97 33 them

347 3853 102 28 were
475 3859 41 24 as
550 3849 233 45 deservedly,
808 3861 40 22 as
867 3849 235 46 repeatedly,
1128 3848 228 45 applauded,
1408 3843 79 39 The
1504 3847 181 34 admirers

346 3894 46 34 of
409 3895 155 46 kicking
580 3899 72 32 and
678 3898 196 44 thumping
901 3899 35 32 in
967 3896 364 46 particular—when
1356 3894 155 46 applied
1539 3902 40 26 to
1610 3904 73 35 any

346 3943 99 34 back
474 3954 43 25 or
552 3945 133 35 breach
704 3947 128 43 saving
850 3947 100 32 their
966 3956 84 25 own
1068 3945 159 34 !--awere
1245 3943 209 45 frequently
1487 3943 196 34 convulsed

350 3991 92 32 with
475 3993 227 39 merriment,
735 3993 70 33 and
833 3993 207 33 sometiifies
1069 3993 138 44 gaping.
1234 3992 91 32 with
1358 3990 265 34 astonishment
1645 3994 39 30 at

347 4038 63 32 the
428 4039 156 34 athletic
608 4041 70 34 and
702 4042 191 44 pugilistic
920 4041 91 33 feats
1036 4041 46 33 of
1113 4039 222 40 Pantaloon,
1361 4039 69 32 and
1465 4039 60 33 the
1545 4039 137 35 clown.

458 4088 142 34 Girtmx
619 4090 76 33 still
717 4095 116 28 wants
848 4089 105 34 effect
971 4098 40 24 as
1031 4089 240 35 Columbine:
1302 4087 66 33 her
1383 4091 223 27 movements
1623 4095 61 25 are

346 4140 64 26 'mot
432 4134 219 48 sufficiently
672 4136 193 46 s)lphiad,
891 4136 71 35 and
978 4136 67 34 her
1059 4136 137 46 agility
1214 4134 66 35 boi
1297 4139 65 31 too
1380 4135 105 34 mach
1506 4133 158 37 avrkard-

347 4186 91 30 /tins.

1209 81 149 58 THE
1393 83 380 59 NATIONAL
1808 87 379 57 IMGISTER.

1799 227 97 46 Why
1910 229 61 32 did
1990 237 61 25 not
2073 230 73 33 Mr.
2170 230 158 34 Elliston
2354 233 170 32 contrive
2541 236 37 28 to
2606 241 164 35 appear,
2802 241 46 22 on
2867 230 73 33 this
2956 230 119 45 night,

1748 273 35 33 in
1807 276 155 41 phopria
1993 279 198 40 persona'?
2229 278 191 44 Certainly
2445 278 44 34 he
2516 278 116 44 might
2662 279 96 33 have
2776 278 188 37 delivered
2978 287 103 26 some

1747 321 142 44 species
1904 321 45 34 of
1963 322 254 45 introdoctory
2236 326 198 43 prologue,
2463 326 135 34 instead
2628 326 45 33 bf
2699 327 63 32 the
2798 325 279 44 pantotnimical

1748 370 177 43 prologue
1955 371 120 33 which
2099 381 73 24 was
2191 372 157 41 recited;
2368 372 177 40 without,
2569 381 40 25 as
2627 381 58 25 we
2706 372 124 40 think,
2856 380 69 35 any
2946 372 132 43 degra:

1747 417 125 33 dation
1891 417 44 34 df
1945 418 54 33 his
2016 419 184 34 dramatic
2217 419 209 34 char:Atter.
2480 419 67 33 Let
2565 418 72 34 him
2669 425 64 28 not
2757 419 111 44 slight
2887 419 73 33 this
2979 419 96 34 hint.

1748 463 136 37 Shrfuld
1904 465 28 33 it
1954 467 45 31 he
2015 465 113 34 found
2145 468 98 40 that,
2269 465 110 34 While
2399 467 46 33 he
2463 465 86 35 does
2568 471 60 30 not
2647 467 144 34 disdain
2809 472 35 28 to
2870 468 120 32 solicit
3014 468 63 33 the

1747 513 124 41 public
1903 514 102 40 cash,
2034 511 44 34 he
2094 519 135 30 cannot
2256 511 223 38 condescend
2498 519 38 27 to
2554 509 139 39 consult
2712 514 63 34 the
2799 514 126 46 public
2947 515 130 41 whim,

1831 560 157 45 reccipti
2008 560 44 34 of
2074 562 64 33 the
2164 554 123 52 Royal
2308 562 133 33 Circus
2465 561 77 34 will
2561 573 85 22 soon
2665 562 99 33 whew
2785 561 73 34 him
2889 561 60 34 the
2967 562 109 34 effect

1747 606 43 32 of
1807 608 159 44 popular
1984 608 168 44 opi9ion.
2254 608 120 34 Those
2395 604 91 38 whti
2502 607 73 34 live
2588 617 37 25 to
2641 608 125 45 please
2944 620 38 21 as
3005 609 70 33 Dr.

1747 654 19 32 .1
1779 654 132 33 ohnson
1936 656 177 44 formerly
2152 661 131 38 wrote,
2308 657 70 33 and
2401 666 43 24 as
2471 654 90 35 Mrs.
2587 657 148 34 Hatton
2765 656 93 43 said,

1891 702 32 32 if
1936 703 89 43 they
2044 693 91 44 wish
2206 707 35 30 to

1795 750 79 34 The
1906 748 154 35 inlerior
2093 752 45 32 of
2158 752 60 32 the
2255 746 122 50 :loyal
2409 749 132 35 Circus
2558 750 30 34 is
2603 750 261 44 considerably
2885 749 193 45 iMprofed

1747 797 67 32 and
1834 797 196 34 beautified
2048 810 12 27 ;
2086 798 86 41 and,
2203 810 25 22 w
2241 798 51 34 lib
2304 797 188 45 judicipus
2507 798 178 33 attention
2706 803 38 27 to
2773 797 45 33 its
2843 797 145 33 various
3015 810 41 20 ar-

1747 849 226 39 rangement,
2001 844 59 33 the
2091 849 143 41 present
2254 847 195 43 Manager,
2480 846 77 33 1611
2578 846 71 33 find
2686 846 30 32 it
2746 854 45 22 no
2830 846 248 43 unprofitable

1744 892 243 44 speculation.
2057 894 107 34 Since
2184 895 74 33 Ms%
2278 895 154 33 Ellirton
2452 902 154 35 engages
2622 892 152 34 himself
2784 889 59 35 for
2869 893 60 32 the-

1900 940 46 32 of
1975 941 46 32 its
2037 941 289 45 performances,
2354 941 27 32 it
2412 941 30 32 is
2472 947 37 26 to
2530 941 19 33 b
2554 950 19 24 e
2590 939 202 45 regretted,
2820 940 44 33 he
2885 939 78 34 will
2980 951 91 28 soon

1747 986 115 40 learn,
1881 986 81 34 that
1981 999 97 21 some
2095 997 120 25 means
2235 999 64 24 are
2328 993 61 28 not
2411 986 94 34 tried
2537 994 37 26 to
2590 987 148 33 exclude
2756 989 58 31 the
2832 989 122 31 lowest
2973 987 105 32 order

1746 1035 47 44 of
1812 1037 230 39 prostitutes,
2068 1036 279 44 accompanied,
2374 1043 39 26 as
2447 1037 86 41 they
2552 1045 78 32 are,
2650 1036 48 43 by
2732 1033 64 33 the
2816 1035 165 43 sharpers
3006 1035 73 34 and

1742 1083 233 40 pickpockets
2007 1083 83 32 who
2108 1083 150 34 cohabit
2283 1083 90 33 with
2393 1083 122 34 them!
2533 1082 8 34 I
2692 1081 78 34 Are
2786 1088 63 28 not
2869 1083 94 32 these
2980 1085 98 39 pests

1742 1129 175 40 admitted
1937 1131 129 43 'nosily
2082 1126 41 48 by
2138 1130 137 41 orders,
2301 1130 70 34 and
2396 1130 51 45 by
2467 1130 123 33 orders
2603 1129 87 45 only

2867 1176 204 37 THEsrit.

1965 1271 308 43 TUESDAY'S
2295 1273 246 39 LONDON
2569 1269 285 48 GAZerrigi

2114 1402 301 27 BANKRUPTCY
2447 1401 256 30 ENLARGED.

2113 1449 269 35 lAmp.tead-road,
2427 1449 131 34 ietualler
2558 1449 15 34 )
2595 1449 78 30 front
2695 1450 91 37 April
2800 1452 61 30 ItO
2875 1447 90 41 April
2980 1454 44 34 IS,
3044 1450 34 32 it

1778 1447 137 28 William
1926 1444 144 38 HorgElll,

1741 1488 32 25 to
1817 1489 31 25 at
1860 1486 168 28 Guildhall.

2268 1533 278 26 BANKRUPTS.

1781 1579 84 27 Luke
1878 1578 141 34 Feather;
2031 1578 211 34 Nottinghain;
2256 1580 111 32 dealer,
2375 1584 31 22 to
2432 1580 157 28 surrender
2608 1576 85 40 April
2718 1580 46 34 111;
2773 1573 50 41 11;
2833 1584 32 26 dt
2883 1583 117 34 twelve,
3013 1581 63 31 and

1747 1617 67 34 May
1830 1619 43 30 16,
1885 1619 31 25 at
1926 1619 63 30 ten,
2002 1619 27 24 at
2042 1616 52 28 the
2108 1617 103 28 Punch
2226 1617 94 33 Bowl,
2335 1617 210 34 Nottingham.
2583 1618 164 33 Attornies,
2763 1619 117 27 Messrs:
2894 1619 181 30 Blakeclock

1741 1654 61 26 and
1815 1654 171 32 Makinson,
2001 1654 181 34 Ehn-court,
2192 1655 141 34 Temple,
2346 1655 149 34 London;
2510 1655 59 27 and
2584 1656 58 27 Mr.
2656 1654 161 35 Saunders,
2833 1657 204 33 Nottingham.

1779 1690 131 28 Edward
1922 1690 139 33 Jenkins,
2073 1690 227 34 Twickenham,
2313 1691 171 35 innkeeper,
2496 1691 99 28 dealer
2608 1693 33 33 ,A
2647 1693 56 34 pril
2717 1695 45 30 15,
2778 1697 31 22 at
2824 1695 116 33 twelve,
2949 1697 50 32 ‘2.:,
3009 1696 61 27 and

1744 1728 67 34 May
1832 1730 44 31 16;
1887 1730 32 25 at
1936 1736 70 24 one.
2013 1731 31 25 at
2055 1728 168 32 Guildhall&
2263 1729 141 34 Attorney
2404 1729 18 34 *
2444 1729 61 27 Mr.
2520 1711 125 51 Griffith,
2659 1730 138 34 Temple:

1780 1765 131 28 Edward
1923 1763 110 32 Deare,
2041 1763 171 37 Liverpool,
2225 1766 165 33 merchant,
2413 1765 90 37 April
2515 1769 47 30 is,
2650 1767 60 27 and
2727 1768 70 27 Mav
2813 1763 14 39 l
2842 1763 14 39 6
2870 1763 30 39 at
2911 1769 113 33 eleven,
3038 1772 34 26 at

1743 1800 175 37 Lillytnaa's
1930 1802 102 32 Hotel,
2044 1802 168 35 Liverpool.
2254 1802 162 33 Attornie.4,
2428 1802 63 28 Mr.
2507 1804 107 33 Wiatt,
2627 1795 177 44 Liverpool;
2823 1806 59 27 and
2903 1807 60 27 Mr.
2980 1807 34 27 I%
3025 1808 46 26 in.;

1742 1838 269 35 tile,slohni.street,
2026 1839 217 34 Bedford-row,
2256 1840 138 27 London:

1785 1877 85 34 Mary
1884 1876 175 34 Sherwood,
2069 1876 178 35 Doncaster,
2256 1876 126 40 jeweller
2382 1876 17 40 ;
2420 1877 90 35 April
2532 1879 31 31 15
2563 1879 15 31 4
2597 1879 45 31 IS,
2667 1877 59 27 and
2744 1879 69 33 May
2835 1879 45 32 16,
2901 1881 32 25 at
2954 1886 67 27 one,
3044 1880 34 28 at

1743 1912 167 28 Guildhall.
1952 1912 163 33 Attornies,
2133 1915 124 28 Mensre.
2272 1913 99 28 Dixon
2385 1913 61 28 and
2461 1915 100 31 Allen,
2575 1915 274 32 Pdternomer-row,
2868 1917 12 26 f
2890 1916 110 30 onion.

1783 1950 136 28 William
1935 1950 142 34 M`Leod,
2092 1951 104 34 Upper
2210 1952 224 32 Crown-street,
2447 1950 217 34 Westmin.ter,
2680 1958 83 27 army
2786 1958 98 27 agesti,
2908 1955 85 33 April
3005 1956 30 31 5;
3045 1954 33 27 at

1742 1987 118 33 twelve,
1871 1988 46 33 15,
1928 1989 33 25 at
1971 1994 67 26 one,
2048 1989 63 27 and
2125 1990 72 34 May
2211 1988 45 35 16,
2265 1991 32 25 at
2309 1989 117 34 twelve,
2437 1993 34 25 at
2484 1989 164 34 Guildhall,
2661 1989 142 28 Loudon.
2843 1988 155 40 Attorney,
3012 1991 64 27 Mu

1746 2023 161 35 Toulmau,
1922 2023 249 38 Aldermanhury.

1783 2075 131 27 Edward
1929 2075 115 28 Clewer
2052 2076 138 33 Wtonal,
2203 2072 131 39 Claines,
2344 2076 187 33 Worcester,
2549 2076 106 33 miller,
2675 2076 113 34 dealer,
2803 2078 84 34 April
2897 2080 50 32 27,
2960 2081 46 30 24,
3018 2072 61 35 and

1748 2113 71 34 May
1833 2115 45 31 16,
1886 2115 31 25 at
1930 2113 115 33 eleven,
2061 2117 32 25 at
2107 2114 223 34 Diglig-Greer,
2347 2114 184 28 IVorcester,
2574 2115 161 31 Attornies
2756 2115 60 27 Mr:
2828 2115 109 33 !lecke,
2963 2117 32 27 11
3006 2117 52 27 and

1743 2150 180 35 robe-place;
1938 2148 136 30 Doctors'
2089 2151 178 35 Commons;
2287 2151 59 28 and
2367 2152 59 28 Mr.
2444 2152 100 33 Allen,
2557 2152 183 27 Worcester.

1780 2186 83 28 John
1877 2186 144 33 Holland,
2033 2186 180 37 Cheapside,
2223 2186 213 35 haberdasher,
2458 2187 86 38 April
2567 2191 43 30 14,
2630 2191 50 30 29,
2699 2186 63 28 and
2777 2187 71 37 May
2859 2190 46 32 16,
2916 2193 31 24 at
2961 2190 58 27 clev
3028 2193 37 25 eL

1741 2226 32 25 at
1787 2222 167 30 Guildhall,
1996 2225 154 34 Attorney,
2163 2225 59 27 Mr.
2237 2224 230 34 Meddowcruft,
2479 2223 103 37 Gray's
2597 2226 63 26 l'n.

1781 2259 157 28 Elizabeth
1952 2261 143 37 Cropton,
2109 2262 110 35 Bishop
2233 2262 210 31 Wearniouth.
2466 2262 144 33 Durham,
2633 2258 141 35 milliner,
2798 2261 84 37 April
2895 2263 45 32 19;
2963 2263 30 27 M
3006 2272 24 15 4.
3052 2262 26 33 I;

1741 2297 59 26 and
1818 2300 43 31 16,
1871 2301 32 24 at
1913 2297 118 33 eleven,
2048 2301 32 26 at
2100 2298 53 28 the
2178 2298 110 34 Bridge
2300 2298 69 33 Ton,
2380 2298 113 37 Bishop
2504 2297 208 31 Wearrootrth,
2753 2297 163 33 AttornieN,
2970 2310 21 15 I,
3013 2302 24 24 I)

1741 2335 117 32 vidsou,
1872 2335 110 37 Bishop
1996 2335 216 34 Weirmuuth;
2229 2336 60 28 and
2310 2336 123 28 Messrs,
2447 2336 150 28 Wharton
2608 2336 60 27 and
2682 2336 99 35 Dyke,
2803 2336 252 34 Latub-Inditii.,,,,
3054 2336 14 34 ,
3069 2336 14 34 t

1742 2372 138 35 Temple,

2283 2419 263 27 DIVIDENDS.

1781 2466 71 37 May
1864 2467 47 27 27.
1932 2466 34 28 S.
1981 2465 112 34 Brnnn,
2108 2467 240 34 Charing-erogs,
2359 2467 220 32 sword-cutlet,
2590 2467 30 26 at
2633 2467 117 32 eleven,
2766 2470 32 25 at
2815 2467 59 27 Gni

1781 2503 72 37 May
1865 2506 15 26 i
1880 2506 33 26 7.
1935 2506 33 26 S.
1982 2505 113 33 Hocks,
2108 2506 185 33 Cana'avow,
2307 2499 171 40 gastolaue,
2498 2505 210 34 Bermondsey,
2726 2506 34 26 at
2779 2506 116 32 e:eben,
2913 2509 31 24 at
2967 2504 111 28 Guild-

1743 2539 76 32 hall,
1832 2542 137 27 London.

1780 2578 25 27 A
1812 2578 54 34 pril
1878 2582 48 24 4S.
1949 2578 39 28 It.
2006 2576 89 37 Pyke,
2102 2575 69 35 jun,
2183 2578 63 28 and
2256 2578 34 27 P.
2304 2578 190 33 Hankinson,
2503 2578 165 35 Liverpool,
2680 2578 89 37 spirit
2780 2578 128 32 dealets,
2920 2581 32 25 at
2960 2578 118 32 eleven,

1741 2617 32 26 at
1786 2615 52 28 the
1845 2616 90 27 Globe
1936 2617 149 32 Tavern,
2096 2615 202 34 Johusstreet,
2313 2616 171 34 Liverpool,

1779 2653 84 27 Jtute
1873 2655 30 25 3.
1923 2653 40 27 T.
1978 2652 125 33 Miltss,
2119 2653 288 34 Ilasinghallgstreet;
2419 2650 111 35 factor,
2539 2655 31 25 at
2582 2652 113 34 eleven,
2705 2655 31 24 at
2752 2649 164 31 Guildhall.

1781 2689 87 34 April
1898 2692 30 25 S.
1948 2691 35 30 J.
1996 2689 156 35 Stephens,
2174 2691 172 37 Liverpool,
2367 2689 170 33 merchant,
2557 2692 31 25 at
2610 2689 115 33 eleven,
2745 2694 32 22 at
2798 2689 51 27 the
2874 2691 117 33 tleorge

1743 2727 169 34 Liverpool.

1783 2765 85 34 April
1881 2766 47 26 29.
1950 2761 41 31 R.
2008 2764 155 33 Kirkman,
2176 2764 204 33 Portsmouth,
2392 2764 112 32 Hants
2520 2763 217 37 linen-draper,
2747 2767 32 25 at
2792 2761 113 35 eleven,
2923 2766 32 24 at
2967 2763 110 30 Gull&

1741 2799 77 34 hall,
1834 2802 136 28 London.

1781 2839 87 34 April
1880 2842 48 24 45.
1951 2839 33 26 S.
2001 2838 76 31 Cox,
2089 2837 143 34 Bourton,
2256 2837 200 34 DorsetAire,
2477 2837 109 34 miller,
2603 2841 31 25 at
2647 2838 59 27 e!ev
2713 2845 51 26 ea,
2781 2842 32 24 at
2831 2837 51 27 the
2895 2832 184 41 Grcylioung

1743 2877 69 30 Inn,
1825 2876 197 31 Wiacanton,
2035 2875 237 28 Somercet‘hire.
2402 2906 6 1 _
2843 2906 52 1 _
2920 2906 8 1 _

1780 2908 90 41 Aprlf
1879 2916 48 24 29.
1949 2911 34 28 S.
1998 2908 100 37 ioung
2099 2908 20 37 4
2132 2911 256 45 Newport-street,
2402 2909 213 38 linen-draper,
2623 2915 31 24 at
2667 2911 119 27 tvrelvc.
2794 2916 31 22 at
2838 2910 167 30 Guildhall.

1782 2950 73 37 May
1869 2952 26 25 1.
1917 2950 33 26 S.
1968 2949 102 33 Poole,
2083 2949 161 46 Chearside
2244 2949 19 46 f
2275 2948 211 34 haberdasher,
2499 2953 31 22 at
2539 2949 113 31 twelve,
2665 2953 30 22 at
2706 2952 8 22 (

1783 2988 85 35 April
1879 2989 48 26 26.
1951 2988 26 27 I.
1995 2987 135 34 Burnett,
2141 2986 345 35 Kingstowupon-Hulli
2493 2992 113 27 grocer,
2615 2991 32 22 at
2656 2987 115 33 eleven,
2783 2989 32 25 at
2826 2982 51 32 the
2887 2985 117 37 George
3013 2986 71 34 lan,

1743 3024 345 35 Kingstou•upon-Hull.

1780 3063 73 27 Mav
1865 3066 28 24 9.
1915 3063 40 26 T.
1980 3061 100 33 Dunn,
2093 3056 208 40 Ttow•brldge,
2321 3058 171 35 Wiltshire,
2504 3058 133 35 clothier,
2660 3064 33 24 at
2713 3060 117 33 eleven,
2849 3063 32 26 at
2901 3060 52 28 the
2966 3060 118 34 George
3097 3056 4 43 ,

1742 3102 70 31 Inn,
1821 3099 208 32 Trowbridge.

1780 3138 73 33 May
1865 3139 28 25 S.
1965 3137 146 34 Sampson
2125 3135 60 28 and
2200 3135 35 27 C.
2254 3129 180 41 Chipchase.
2448 3132 81 33 Bread
2530 3132 15 33 ,
2545 3132 116 33 streat,
2681 3133 216 33 silk-mercers,
2915 3138 35 25 at
2967 3135 118 34 twelve,

1741 3178 32 25 at
1787 3172 167 30 Guildhall.

1780 3211 89 35 April
1880 3214 46 24 26.
1956 3210 35 28 J.
2008 3208 85 34 Bore,
2117 3207 135 37 Bishop's
2267 3208 97 34 Castle
2363 3208 17 34 s
2399 3208 96 35 Salop
2526 3207 145 37 plumber,
2688 3210 33 26 at
2734 3207 117 35 eleven,
2864 3211 31 25 at
2917 3207 52 30 the
2982 3209 103 30 Castle

1743 3249 69 33 Inn,
1821 3246 135 37 akthop's
1964 3247 112 30 Castle.

2107 3304 515 28 CERTIFICATES—APRIL
2647 3295 63 34 25.

1780 3354 41 28 F.
1843 3354 98 33 Cu,ff
1941 3354 299 32 weitclose-square,
2262 3344 250 37 coalamerchant.
2635 3351 126 37 Money,

1742 3393 142 27 mariner.
1925 3392 52 28 W.
1996 3392 139 31 rreay.>+,
2150 3390 107 32 Leeds,
2271 3385 175 37 Vorkihire,
2458 3387 124 28 currier.

1949 3482 356 39 SaTERDAY'S
2329 3480 233 40 LONDON
2593 3478 288 40 G.IZETTE.

2054 3613 367 34 CROWN-OFFICE,
2450 3614 139 26 APRIL
2608 3606 35 41 8,
2667 3605 111 35 1809.

2047 3669 174 24 Acrtatxrp
2239 3670 39 20 TO
2298 3667 105 22 sititVE
2425 3667 35 20 IN
2480 3667 65 21 THE
2565 3667 141 22 PRESSNiI'
2726 3667 227 22 PARLIVNI'VT.

1781 3707 155 32 Bottotton
1956 3717 40 21 or
2016 3707 389 30 HUNTINGDON.—SamueI
2438 3706 137 33 Fi.rrner,
2602 3707 37 26 of
2667 3706 294 37 SemerAcm-perk,
2991 3706 30 28 it
3039 3706 54 32 the

1743 3751 110 31 county
1865 3745 35 28 of
1907 3745 214 33 Huntingdon,
2217 3745 30 26 is
2256 3745 56 28 the
2322 3751 83 22 room
2417 3744 35 27 of
2614 3745 105 27 Motke
2731 3745 138 33 Farmer,
2878 3745 146 35 Eq.*Lo
3037 3745 58 30 Inet

1743 3784 145 37 accepted
1906 3784 51 27 the
1972 3776 139 37 Chiitem
2121 3778 176 33 hu.ndrudc.

2281 3865 280 26 BANXRUPTS.

1782 3911 115 39 sloleph
1910 3911 110 39 Hoyle,
2034 3912 172 38 Prestlmry,
2218 3913 137 34 Chester,
2379 3915 120 32 tanner,
2520 3917 33 24 to
2567 3912 158 30 Rurrencler
2739 3913 76 35 May
2825 3915 72 30 4.5.
2919 3912 60 30 and
2999 3915 47 26 40.
3058 3915 45 32 ak

1744 3959 67 21 one.
1854 3952 162 33 Attornies,
2031 3952 120 28 Messrs.
2170 3952 118 28 Clulew
2300 3950 57 30 and
2373 3950 106 34 Stony.,
2502 3951 198 28 Manclebeld
2712 3957 11 28 ;
2744 3951 60 27 and
2825 3952 61 28 Air.
3014 3953 85 28 Cups

1744 3991 189 28 sitor-street,
1949 3989 94 28 Chan(
2054 3996 45 30 er)
2106 3989 94 34 -Lula,
2224 3987 138 30 London.

1785 4028 86 30 Luke
1880 4026 142 33 Teather,
2039 4022 210 38 Nottingham,
2263 4026 113 32 dealer,
2401 4024 90 37 April
2512 4025 45 32 10,
2580 4025 45 33 14,
2646 4028 32 25 at
2699 4024 120 34 twelve,
2841 4024 61 28 and
2916 4024 73 38 May
3063 4028 34 27 at

1744 4069 63 28 ten,
1819 4068 32 24 at
1864 4063 51 30 the
1928 4064 106 27 Punch
2047 4061 93 35 Bowl,
2153 4062 214 35 Nottingham.
2407 4061 168 34 Attornies,
2587 4061 122 30 Messrs.
2725 4062 165 30 Blakelock
2901 4062 60 30 and
2973 4063 125 30 MAIO

1744 4110 67 26 son,
1826 4100 71 31 Elm
1915 4104 98 30 court,
2026 4101 146 35 Temple;
2191 4100 63 28 and
2269 4100 60 30 Mr.
2346 4101 145 32 Sanders,
2504 4097 208 35 Nottiaghim.

1781 4139 136 28 Thomas
1936 4140 120 32 °rams,
2072 4137 210 34 Showmarket,
2295 4136 126 34 Suaolk,
2434 4136 200 34 ironinonger,
2647 4136 87 34 April
2751 4137 46 32 IQ,
2818 4141 31 24 at
2867 4136 80 34 font.,
2968 4137 47 33 11,
3034 4136 63 31 and

1747 4176 73 37 Mai
1840 4176 51 35 10,
1906 4180 31 25 at
1959 4176 26 28 4:
1990 4182 86 27 ere%
2105 4179 32 26 al
2157 4176 51 28 the
2233 4175 90 33 livou
2349 4176 70 33 Ina,
2438 4173 305 35 Nuedhan4-rnaraet,
2764 4175 125 27 4‘01,,1k.
2934 4176 22 26 A
2963 4176 138 34 tt:arnios.

3450 607 11 14 e

3468 638 1 1 •

3438 687 24 57 •f

3435 3234 37 120 I

3407 3869 0 37 i
