3472 4417
1081 86 149 51 THE
1267 79 384 56 NATIONAL
1688 67 385 64 REGISTER.

189 219 50 34 be
255 219 176 47 objected
463 223 81 32 that
572 222 65 34 the
670 223 139 33 virtues
839 221 45 34 of
908 222 63 32 the
993 224 146 41 present
1159 217 175 34 monarch
1365 214 176 46 preclude

187 287 116 26 every
325 279 219 44 possibility
559 279 44 33 of
615 291 45 22 an
681 279 119 34 undue
819 279 165 34 exercise
1003 278 44 34 of
1061 278 63 33 the
1141 282 206 27 monstrous
1365 273 176 34 influence

193 334 125 34 which
346 346 24 22 a
390 337 146 32 variety
566 335 44 33 of
622 337 283 34 circumstances
943 335 63 33 has
1024 334 131 46 placed
1187 339 39 27 at
1245 331 61 34 the
1323 330 162 45 disposal
1505 330 43 32 of

191 399 256 35 government.
501 392 93 34 This
633 404 57 24 we
715 394 119 32 would
856 393 130 34 fondly
1007 393 168 35 believe;
1205 390 65 32 hut
1298 386 170 46 political
1491 386 33 33 in-

191 448 191 34 stitutions
407 459 99 22 were
526 455 61 28 not
613 450 210 34 calculated
843 459 47 22 on
909 451 63 32 the
1004 449 137 32 virtues
1160 446 71 33 and
1250 444 230 34 moderation
1505 442 41 33 of

194 514 97 25 men,
313 506 64 32 but
399 515 45 22 on
465 506 99 34 their
585 507 96 32 vices
698 507 70 32 atid
797 507 165 32 violence
983 519 11 25 ;
1020 506 69 32 and
1106 504 190 32 whatever
1313 500 158 44 security
1488 510 54 21 we

193 570 86 34 may
298 562 94 33 have
416 562 35 34 in
471 563 61 33 the
554 565 207 44 principles
781 565 40 32 of
837 565 61 32 the
920 568 141 39 present
1084 559 216 45 Sovereign,
1330 557 28 33 it
1378 557 27 34 is
1422 567 99 25 neces-

195 632 85 34 sary
309 630 38 26 to
393 622 91 33 take
520 634 239 34 precautions
789 624 144 44 against
967 622 54 33 his
1055 631 216 30 successois,
1313 631 40 22 as
1387 619 85 34 well
1505 630 39 24 as

195 685 167 28 servants
376 681 71 32 and
472 681 177 33 advisers.
728 681 35 33 it
800 683 26 32 is
849 680 185 34 therefore
1055 679 149 33 become
1218 687 19 22 a
1257 683 135 26 matter
1417 676 44 34 of
1485 687 39 22 ur-

195 742 85 38 gent
295 738 180 43 necessity
496 745 37 26 to
556 739 92 32 have
664 749 103 24 some
781 738 259 44 countcrpoie
1068 736 143 44 against
1231 735 60 34 the
1317 735 203 33 accumulat-

198 793 61 43 ing
286 794 93 43 evil,
422 795 124 33 which
583 796 27 31 is
644 796 155 33 already
836 806 39 22 so
912 795 169 32 immense
1114 803 39 21 Ls
1183 798 37 26 to
1254 791 132 34 render
1411 791 131 34 almost

198 856 185 39 nugatory
422 853 61 33 the
517 850 111 35 other
651 853 181 34 broaches
867 852 44 33 of
948 850 59 34 the
1037 850 266 35 Constitution.
1357 849 90 34 This
1463 860 80 31 can,
1560 849 1 46 '

203 909 96 33 'nit!)
326 911 64 35 the
424 918 162 38 greatest
600 912 124 44 safety
759 913 45 32 be
823 912 110 33 found
963 912 33 34 in
1016 922 45 22 an
1088 911 247 45 indepeudant
1357 909 126 35 House
1509 909 40 33 of

202 967 201 34 Commons
420 981 9 21 :
472 970 76 34 For
579 970 25 33 it
635 970 27 33 is
690 970 204 43 dangerous
926 973 37 28 to
992 970 139 45 appeal
1169 969 214 45 frequently
1420 976 38 26 to
1487 969 59 33 the

200 1026 282 44 people—they
501 1038 64 22 are
583 1028 61 33 the
665 1029 70 31 last
754 1026 261 33 resort—from
1035 1028 98 32 their
1153 1028 163 32 tribunal
1338 1026 102 33 there
1459 1028 27 32 is
1504 1037 43 22 no

200 1082 150 34 further
378 1085 156 43 appeal.
607 1085 31 32 It
679 1085 64 33 has
775 1084 90 33 been
900 1084 210 44 frequently
1130 1084 195 44 repeated,
1355 1084 191 33 whenever

200 1139 76 34 this
294 1146 107 38 great
431 1142 167 44 question
621 1141 63 33 has
706 1142 87 32 been
808 1140 157 41 started,
992 1140 81 34 that
1090 1150 45 22 ex
1146 1141 200 44 periments
1356 1141 70 32 and
1447 1141 80 32 inno-

197 1196 148 33 vations
374 1196 35 34 in
446 1198 171 45 political
657 1196 228 34 institutions
915 1196 136 34 should
1081 1199 45 32 he
1147 1198 208 44 attempted
1377 1198 89 33 with
1483 1208 45 21 ex-

194 1258 118 31 treme
331 1254 156 41 anxiety
503 1253 70 34 and
592 1256 168 32 caution.
814 1256 71 32 We
904 1254 269 44 acknowledge
1193 1256 63 32 the
1264 1253 141 45 justice
1423 1256 43 32 of
1479 1254 70 33 this

197 1312 244 33 observatiott
461 1324 12 28 ;
501 1313 63 32 but
601 1312 215 33 ho;ovation
846 1315 28 31 is
902 1319 64 27 alt
992 1313 123 33 aimed
1140 1318 35 27 at
1195 1325 9 24 ;
1234 1312 89 43 only
1342 1323 21 22 a
1381 1313 168 33 laudable

241 1368 52 32 isle
321 1368 152 33 evinced
496 1372 35 28 to
553 1368 109 45 bring
679 1370 96 33 back
800 1367 119 45 things
938 1375 38 27 to
1003 1369 102 34 their
1122 1370 194 44 primitive
1335 1369 118 40 form;
1479 1369 69 32 mu:

196 1435 41 22 so
268 1424 57 33 far
360 1424 96 33 from
491 1426 227 44 attenspCng
752 1436 71 34 aay
848 1424 207 46 dangerous
1072 1424 253 46 experiment,
1355 1424 28 33 it
1398 1437 86 32 goes
1513 1433 34 25 to

195 1487 159 38 prevent
373 1482 63 32 the
454 1482 217 44 possibility
690 1493 46 24 or
761 1483 178 43 necessity
961 1483 44 33 of
1018 1483 45 39 it,
1090 1483 48 41 by
1159 1483 301 44 re-estzl!slishin4
1489 1486 60 32 the

195 1539 252 33 Constitution
467 1539 33 33 in
520 1539 47 34 its
581 1540 165 43 original
769 1540 143 43 purity.
954 1540 126 33 Those
1102 1539 86 33 who
1207 1551 141 33 oppo-e
1371 1543 69 32 this
1453 1544 78 32 salu-

195 1602 84 39 tary
300 1606 181 31 measure,
498 1607 63 21 are
580 1607 45 22 no
645 1596 139 35 friends
807 1604 35 26 to
857 1596 63 34 the
937 1602 145 39 present
1094 1596 293 43 establishment,
1400 1600 67 31 and
1485 1610 64 24 can

196 1654 94 32 have
311 1664 46 21 no
386 1654 142 32 sincere
546 1654 120 33 desire
686 1659 38 27 to
746 1655 178 32 maintain
961 1655 25 32 it
1004 1667 11 28 ;
1045 1654 57 33 for
1122 1654 32 32 if
1169 1654 60 33 the
1248 1662 146 35 present
1422 1657 126 33 abuses

197 1711 172 32 Continue
391 1715 39 27 to
463 1711 253 39 accumulate,
728 1711 72 33 -the
829 1711 132 44 period
984 1711 28 33 is
1030 1719 59 26 nut
1111 1710 59 33 far
1187 1716 155 34 remote,
1371 1711 103 33 when
1496 1724 52 22 we

194 1766 96 33 shall
322 1776 141 33 possess
482 1766 146 34 neither
646 1767 283 34 establishment
948 1778 67 26 nor
1032 1766 172 35 coturtr.
1258 1767 38 34 It
1318 1778 76 24 was
1419 1770 113 33 consti-

198 1822 159 33 tutional
380 1822 208 45 principles
621 1824 69 32 and
712 1834 46 21 an
777 1834 32 22 as
820 1824 84 33 dent
924 1824 85 33 love
1037 1822 44 34 of
1096 1824 156 57 libFrty,
1280 1824 124 34 which
1422 1828 128 41 placed

196 1879 65 34 the
293 1885 151 38 present
478 1880 133 43 family
647 1891 47 22 on
725 1880 64 33 the
809 1881 130 33 throne
957 1893 9 27 ;
996 1880 69 34 and
1087 1880 59 33 the
1161 1890 102 25 same
1284 1891 142 31 causes,
1455 1884 33 32 if
1499 1885 37 32 al-

195 1937 125 33 lowed
335 1942 40 28 to
394 1937 116 43 exist,
540 1949 26 20 w
580 1938 38 32 ill
640 1946 172 37 pres.2rve
831 1938 100 33 them
950 1949 46 22 on
1015 1937 44 43 it,
1088 1938 35 32 in
1137 1938 96 43 spite
1252 1937 44 34 of
1307 1938 155 34 internal
1481 1942 71 32 and

195 1993 176 34 external
391 1993 236 45 opposition.

248 2049 35 34 A
301 2049 174 34 dreadful
487 2050 105 33 crisis
611 2050 27 33 is
653 2049 154 45 rapidly
821 2050 261 44 approaching
1100 2050 109 33 when
1222 2052 60 32 the
1293 2054 259 32 concentrated

197 2106 169 43 Onergies
391 2106 46 34 of
468 2106 61 33 the
562 2107 328 33 el.nuion-wealth
914 2107 78 33 will
1025 2108 44 32 be
1107 2108 178 43 requisite
1306 2117 37 25 to
1374 2109 105 33 resist
1511 2109 46 33 its

203 2163 183 34 violence.
443 2161 162 46 Nobody
631 2164 76 33 ,vill
724 2163 94 34 have
837 2164 61 32 the
918 2174 175 33 courage,
1126 2174 59 24 we
1199 2166 162 39 believe,
1387 2170 39 30 to
1442 2166 111 43 deny,

201 2220 86 32 that
304 2231 22 22 a
345 2220 86 33 trial
448 2220 135 33 awaits
594 2231 53 28 u,,
678 2231 102 22 snore
790 2220 139 33 arduows
930 2220 20 33 .
963 2222 70 32 and
1048 2223 312 44 unprecedented,
1387 2223 86 34 than
1488 2224 65 33 fell

202 2278 41 31 ts
263 2275 61 34 the
341 2277 58 33 lot
428 2277 44 33 of
491 2288 71 33 any
593 2277 154 34 modern
769 2280 150 41 people.
971 2278 120 33 Other
1120 2280 162 39 nations,
1317 2290 103 22 more
1436 2291 96 33 popu-

200 2333 99 41 lous,
318 2333 72 32 and
413 2340 120 26 whose
568 2335 224 32 institittionsl
815 2346 24 22 th
852 2344 61 21 ere
932 2344 103 21 more
1051 2336 176 39 warlike,
1257 2336 93 33 have
1375 2344 64 26 not
1466 2339 90 32 been

202 2391 90 32 able
311 2395 37 27 to
366 2400 144 34 oppose
522 2402 22 20 a
565 2396 61 38 sno
626 2396 20 38 ,
646 2396 148 38 nentary
816 2391 194 34 resistance
1046 2396 38 27 to
1103 2391 58 33 the
1182 2392 195 38 cat:smite.
1430 2395 41 33 In
1498 2402 39 26 at-

204 2448 183 41 tempting
404 2452 40 28 to
468 2452 156 30 account
643 2448 59 33 for
722 2448 60 33 the
807 2448 172 33 disaster;
998 2445 44 37 of
1057 2458 69 24 our
1142 2448 242 44 ne:ghbouri,
1408 2461 45 24 an
1469 2461 70 24 tnia-

203 2505 137 41 nimity
358 2504 45 33 of
415 2505 191 33 sentiment
625 2515 116 22 se;'nr;
762 2511 37 27 to
833 2505 163 44 prevail,
1025 2510 40 28 at
1097 2507 32 31 I;
1133 2510 56 28 apt
1221 2506 34 33 in
1290 2507 76 32 this
1383 2516 169 35 country,

306 2562 90 43 they
415 2561 206 44 originated
641 2562 34 32 in
690 2561 61 33 the
771 2568 133 38 torpor
924 2561 44 33 of
984 2562 59 32 the
1063 2563 154 43 people,
1246 2563 34 32 in
1309 2574 247 35 consequence

204 2617 44 32 of
272 2619 60 32 the
358 2619 130 32 abuses
514 2617 44 33 of
580 2619 99 32 their
699 2621 14 31 (
722 2619 21 31 h
1023 2619 32 32 A
1081 2619 227 44 population
1322 2620 44 33 of
1388 2624 168 33 fourteen

454 2674 46 33 ho
517 2675 172 44 ardently
710 2675 84 33 love
813 2676 98 32 their
927 2681 158 38 country
1103 2676 70 32 and
1194 2678 246 40 institutions;
1472 2679 85 34 who

202 2743 66 22 arc
286 2731 133 41 taught
438 2737 38 27 to
493 2732 170 32 cstisnate
683 2732 99 33 their
794 2732 220 43 advantages
1026 2745 11 27 ;
1068 2732 84 34 who
1173 2732 130 41 know,
1329 2734 94 34 from
1440 2745 94 35 expe-

201 2789 141 40 rience,
370 2787 98 33 their
487 2789 181 44 practical
689 2787 124 40 vdue,
846 2789 76 32 will
951 2799 110 24 never
1091 2789 44 33 he
1167 2789 158 34 reduced
1348 2794 37 30 to
1404 2792 61 33 the
1496 2803 40 24 ne-

201 2845 136 43 cessity
358 2845 45 33 of
422 2845 222 43 contending
663 2845 92 33 with
787 2856 177 34 snenemy
996 2857 45 22 on
1061 2846 102 33 their
1192 2858 87 22 own
1315 2849 69 33 soil
1400 2861 9 27 ;
1439 2849 57 34 for
1512 2859 45 24 no

200 2902 158 32 invader
378 2902 79 33 will
490 2902 46 32 be
553 2903 119 41 guilty
691 2901 45 33 of
765 2902 61 33 the
863 2903 174 43 temerity
1074 2902 46 34 of
1140 2904 267 43 encountering
1431 2906 86 33 such
1537 2917 24 21 a

200 2959 18 32 -
217 2959 94 32 onion
331 2957 45 33 of
396 2957 104 34 force
527 2959 71 33 and
624 2959 94 33 will.
774 2957 61 35 Bo
846 2969 22 24 N
912 2968 50 24 PA
976 2969 80 24 ave.
1077 2960 63 33 has
1175 2962 211 41 prostrated
1407 2962 61 33 the
1495 2973 43 24 na-

226 3017 72 32 ions
311 3015 70 33 and
399 3018 253 40 grivernments
674 3017 44 32 of
741 3017 61 31 the
821 3015 109 33 earth
951 3022 35 26 at
1010 3017 56 32 his
1085 3017 86 41 feet,
1202 3018 89 32 beca
1299 3028 58 21 tv4-
1375 3018 59 32 the
1446 3028 115 22 ema,

202 3072 168 40 culating
386 3072 126 33 effects
530 3073 43 32 of
593 3073 224 44 corruption
839 3073 71 32 hail
930 3073 56 32 di:
986 3072 99 33 rinsed
1102 3083 135 32 among
1257 3073 98 33 them
1374 3085 22 22 a
1413 3077 144 41 general

203 3131 158 40 languor
378 3129 70 32 and
480 3129 227 44 impotence.
765 3129 40 32 In
823 3135 78 26 our
911 3129 145 32 schools
1071 3139 113 33 every
1211 3130 76 32 line
1306 3141 57 24 we
1387 3131 87 34 read
1506 3132 34 33 in-

201 3181 143 38 formed
364 3185 40 33 its
437 3185 44 33 of
501 3187 63 32 the
598 3185 191 43 prodigies
820 3185 209 43 perforated
1043 3185 46 44 by
1107 3187 256 33 communities
1376 3188 181 33 animated

201 3242 97 33 with
317 3253 24 22 a
357 3243 89 32 love
467 3243 35 33 of
527 3243 141 41 liberty
683 3255 12 28 ;
722 3244 70 32 anal
813 3243 34 33 in
865 3254 67 21 our
947 3243 197 40 manhood,
1167 3255 24 22 v.
1207 3243 50 34 Uh
1274 3244 52 33 all
1349 3244 60 33 the
1428 3246 133 34 benefit

202 3299 47 32 of
273 3299 191 34 reflection
482 3300 69 33 and
579 3302 246 41 experience,
855 3311 56 22 we
944 3311 96 22 seem
1068 3307 34 27 to
1130 3304 44 31 be
1205 3302 168 43 ignorant
1390 3302 43 33 of
1459 3302 99 34 what

198 3367 118 33 every
332 3357 227 44 school-boy
583 3357 144 32 knows.
785 3356 40 33 lf
847 3367 70 21 our
932 3367 162 33 menwy
1111 3358 44 32 he
1173 3370 40 21 so
1231 3358 202 41 defective,
1459 3359 52 33 let
1524 3369 37 25 us

200 3425 92 21 wince
311 3425 103 21 more
429 3415 91 31 have
544 3423 170 22 reconNe
735 3420 35 26 to
793 3424 66 22 our
879 3412 136 41 books,
1041 3415 70 32 ant:
1130 3415 87 45 they
1239 3415 77 32 will
1335 3415 61 33 tell
1419 3426 37 22 us
1475 3416 81 35 how

197 3470 206 33 invincible
423 3471 63 31 the
507 3471 163 32 ltionans
706 3480 96 22 mere
822 3470 34 32 in
879 3470 60 32 the
959 3470 148 44 inlancy
1134 3470 45 33 of
1202 3471 98 33 their
1322 3472 236 41 institutions,

197 3531 111 33 when
321 3531 102 33 their
443 3531 226 44 population
687 3531 70 32 aril
780 3533 177 41 v•rritory
978 3542 98 22 lvcre
1095 3543 38 21 a.
1153 3533 161 41 limited,
1324 3543 40 22 as
1383 3533 97 34 their
1498 3544 40 22 en-

194 3589 201 33 inusiasiie
416 3591 148 41 pas,ion
588 3587 60 34 for
669 3588 100 32 their
795 3595 154 25 country
973 3598 71 24 was
1065 3591 335 33 uncircumscribed
1417 3604 9 26 ;
1469 3591 86 44 they

194 3648 84 33 will
292 3647 177 34 likewise
488 3646 106 33 teach
617 3657 38 21 tri
676 3647 61 31 the
761 3645 202 43 important
983 3646 219 41 les.on,that
1218 3647 63 33 the
1296 3657 98 25 same
1407 3648 150 44 people,

190 3711 157 27 >tuastera
365 3703 46 33 or
433 3703 63 33 the
519 3703 132 38 world,
683 3704 69 31 but
770 3702 119 33 siaves
911 3707 35 26 to
965 3713 22 21 a
1016 3711 125 35 tyrant
1161 3710 39 26 at
1230 3703 124 43 home,
1383 3715 97 24 were
1495 3716 41 22 un-

190 3763 91 33 able
313 3768 40 27 to
376 3772 146 33 oppose
552 3771 22 21 a
605 3759 117 33 hor:le
757 3759 44 33 of
824 3759 224 33 half-armed
1069 3761 235 40 barbarians,
1332 3772 40 22 as
1407 3772 87 22 soon
1518 3772 38 24 as

193 3821 151 44 slavery
376 3819 73 33 had
471 3819 183 33 unnerved
677 3817 100 33 their
794 3828 117 31 arms,
938 3819 71 32 and
1031 3819 177 33 rendered
1231 3819 98 34 them
1350 3819 207 37 indifferent

190 3883 41 27 to
252 3882 60 27 fix
333 3876 187 45 inspiring
536 3885 107 24 name
663 3874 46 33 of
730 3881 172 33 country.

240 3926 45 35 If
315 3937 59 22 we
391 3935 70 22 are
493 3924 159 43 ttiiliog,
676 3920 208 41 thrive:me,
915 3928 38 27 to
981 3933 131 34 escape
1142 3922 66 35 the
1239 3925 176 34 disasters
1434 3925 119 34 which

190 3981 97 43 hope
313 3999 129 21 ove:•by
452 3986 96 33 helm
575 3985 20 32 d
621 3986 11 32 1
657 3994 120 33 urope
794 3996 9 26 ;
833 3984 33 32 if
892 3994 56 22 we
969 3985 109 33 Oink
1110 3996 67 24 our
1196 3987 270 44 indepenJence
1485 3987 67 33 and

185 4049 96 33 law
313 4056 94 24 wort
419 4045 19 32 i
475 4054 148 35 pre•ery
635 4044 60 41 log
707 4056 11 26 ;
752 4041 34 33 if
816 4052 24 21 v.
853 4052 19 20 e
904 4041 91 33 wish
1016 4046 37 27 to
1072 4051 123 24 create
1215 4044 163 43 eacrgies
1395 4054 138 34 propor-

184 4107 144 32 tionate
352 4113 38 25 to
411 4104 63 32 flee
489 4102 90 33 dillie
593 4101 113 32 ohics
729 4100 79 32 That
827 4110 65 21 are
912 4098 116 45 ready
1049 4106 38 26 to
1104 4100 112 32 assail
1238 4101 120 33 us—it
1387 4101 27 34 is
1433 4111 119 22 neve,

180 4178 89 35 'iffy
288 4174 38 28 to
344 4167 157 45 impress
520 4175 47 26 uu
589 4165 65 33 toe
673 4161 122 37 militia
813 4160 72 37 and
904 4161 126 35 hearts
1049 4160 44 35 of
1107 4161 60 34 the
1185 4168 105 38 i;reat
1307 4163 98 46 /a)dy
1426 4162 44 34 of
1494 4162 60 34 the

2629 76 221 54 APRIL
2900 84 53 57 9,

1611 213 152 45 people,
1785 211 86 35 that
1890 213 65 34 the
1971 213 229 45 superiority
2218 214 46 33 of
2287 214 103 34 their
2417 214 226 35 institutions
2661 214 30 34 is
2706 223 44 25 so
2776 220 165 30 transceia-

1609 276 104 40 dant,
1730 276 81 33 that
1832 278 89 43 they
1941 276 79 33 will
2039 276 183 44 willingly
2241 278 137 32 submit
2401 281 38 28 to
2457 287 115 35 every
2589 276 187 41 sacrifice,
2796 279 35 32 in
2849 278 110 32 order

1612 344 35 26 to
1664 337 178 34 maintain
1863 335 113 35 them.
2028 337 58 33 To
2106 337 162 45 produce
2288 335 73 37 this
2381 338 237 45 impression,
2636 339 157 43 nothing
2809 348 98 22 more
2926 337 32 33 is

1612 399 180 45 requisite
1807 399 93 33 than
1918 403 37 28 to
1974 397 141 35 reform
2133 398 60 34 the
2210 400 132 33 abuses
2362 398 125 35 which
2515 400 177 44 disfigure
2718 400 98 33 them
2835 411 11 30 ;
2870 398 87 43 aryl,

1613 472 56 22 we
1685 459 112 46 hope,
1818 459 85 35 that
1919 459 60 35 the
1997 461 184 34 attention
2199 459 46 35 of
2269 459 64 35 the
2353 459 249 48 Legislature,
2620 462 104 34 after
2738 462 63 33 the
2816 469 145 37 present

1612 533 129 32 recess,
1761 524 81 33 will
1871 524 47 33 be
1945 523 253 45 immediately
2216 522 169 35 directed
2417 529 38 28 to
2476 523 72 34 this
2563 526 109 43 great
2688 524 72 33 and
2791 522 170 46 salutary

1611 587 213 44 operation.
1879 585 52 35 As
1950 596 86 24 soon
2059 595 39 24 as
2118 583 81 37 that
2229 591 110 30 event
2359 586 65 34 has
2444 586 286 34 re-established
2748 587 211 34 confidence

1610 648 72 34 and
1700 650 126 40 union,
1844 648 72 34 and
1935 648 59 33 the
2010 658 100 24 same
2127 647 235 45 enlightened
2382 648 128 46 policy
2529 648 65 33 has
2613 650 174 33 removed
2809 648 59 34 the
2885 650 59 33 dis-

1611 716 148 30 content
1778 709 45 35 of
1847 720 72 28 our
1944 710 98 34 Irish
2063 709 318 35 Brethren—then
2401 711 117 34 great
2541 710 144 37 Britain
2706 711 80 33 will
2809 712 150 31 become

1612 778 89 24 once
1720 780 102 25 more
1841 768 103 37 what
1956 768 26 35 it
1996 768 180 45 formerly
2193 767 72 34 had
2281 769 206 35 been—the
2498 774 120 31 terror
2636 769 72 34 zald
2725 780 97 33 envy
2841 767 41 35 of
2896 767 66 37 the

1616 824 132 34 world.

2150 932 47 41 Si
2326 933 105 39 E.,4•::

1667 1055 341 40 Notwithstandinz
2024 1055 130 46 public
2170 1055 126 33 affairs
2313 1065 65 21 are
2394 1064 40 22 so
2463 1054 59 35 far
2543 1054 94 34 from
2663 1054 113 45 being
2796 1054 34 34 in
2844 1064 22 24 a
2881 1054 84 33 bet+

1617 1119 57 26 ter
1700 1114 175 32 situation
1909 1120 39 26 at
1968 1119 157 38 present,
2153 1111 80 33 that
2263 1110 89 45 they
2372 1121 66 24 are
2450 1111 171 43 growing
2639 1121 112 34 every
2771 1111 70 41 day
2863 1120 99 24 more

1616 1170 71 32 and
1707 1180 99 22 more
1821 1170 211 44 desperate,
2087 1173 37 28 et
2157 1169 12 32 I
2200 1168 109 33 Could
2330 1174 65 26 not
2424 1167 133 44 satisfy
2589 1167 137 44 myself
2744 1168 90 32 with
2855 1167 110 43 being

1615 1227 105 32 Aileut
1739 1237 71 31 any
1831 1227 129 41 longer
1974 1239 9 22 ;
2009 1225 73 33 and
2102 1225 126 32 rather
2245 1225 111 31 chase
2374 1228 38 27 to
2432 1221 84 34 send
2535 1234 76 33 you
2627 1235 45 21 an
2692 1230 129 38 empty
2842 1224 123 39 letter,

1618 1283 85 33 than
1716 1292 63 22 not
1793 1290 38 26 to
1848 1283 86 34 send
1948 1292 69 33 you
2030 1278 354 46 any.—Jietmoth's
2433 1281 143 33 Letters
2594 1280 45 40 of
2647 1277 152 38 Cicero.'

1778 1403 70 33 '1'()
1879 1402 109 34 THE
2016 1401 94 34 SIY
2281 1398 72 35 OP
2378 1397 430 39 LEADEN-ILILL.

1713 1460 58 32 GE
1781 1470 195 22 VTI',II.VEN
2002 1461 253 32 1)IRIECT(111S.

1664 1522 239 41 Consistency
1919 1521 31 32 is
1961 1531 38 22 so
2014 1519 208 33 admirable
2258 1518 34 33 in
2311 1517 53 34 all
2393 1517 129 44 public
2542 1527 165 34 persons,
2734 1521 41 27 at
2793 1517 48 32 all
2863 1514 104 34 times

1616 1578 69 32 and
1715 1589 99 32 noun
1845 1578 51 32 ail
1932 1577 203 38 occasions,
2161 1576 83 33 that
2272 1585 73 33 you
2382 1580 94 27 must
2509 1579 66 28 not
2606 1574 152 33 wonder
2779 1573 34 32 if
2842 1572 13 34 I
2881 1584 83 24 now

1618 1633 91 34 offer
1726 1643 37 24 to
1782 1645 92 28 you,
1897 1633 228 41 astonishing
2138 1643 38 22 as
2196 1633 27 32 is
2241 1642 94 33 your
2352 1631 243 39 consistency,
2621 1630 64 33 the
2698 1631 141 33 tribute
2854 1630 41 33 of
2907 1641 61 33 my

1619 1693 204 41 humbl•ap
1833 1694 141 41 plans?.
2026 1693 110 32 Some
2150 1689 126 40 minds,
2300 1687 92 35 with
2411 1698 24 22 a
2451 1693 93 28 taste
2561 1687 169 34 different
2744 1687 98 33 from
2858 1687 111 40 mine,

1620 1750 120 33 would
1761 1748 233 44 aialiciously
2013 1746 144 41 delight
2176 1749 33 30 in
2233 1744 256 45 depreciating
2509 1755 94 33 your
2620 1744 189 33 eminence
2826 1743 41 34 of
2880 1744 69 33 cha-

1620 1814 132 26 racter.
1808 1806 146 33 Instead
1990 1804 43 33 of
2053 1804 241 41 consistency,
2323 1804 90 43 they
2433 1802 128 33 would
2583 1800 113 34 brand
2714 1809 94 34 your
2829 1806 144 38 present

1620 1863 145 44 diziplay
1785 1861 45 33 of
1847 1861 126 44 public
1994 1861 137 39 virtue,
2156 1859 195 44 signalised
2369 1869 41 24 as
2430 1859 27 33 it
2474 1859 27 32 is
2522 1859 46 43 by
2589 1857 213 44 reciprocal
2820 1867 124 33 sympa-

1622 1919 109 40 thies,
1757 1919 93 32 witb
1874 1918 61 32 the
1957 1918 148 44 epithet
2131 1917 43 33 of
2196 1916 282 34 confederation
2493 1926 9 28 ;
2531 1915 71 33 and
2620 1913 84 33 thus
2726 1913 159 43 deprive
2896 1924 74 33 ylu

1620 1976 44 32 of
1681 1975 59 34 the
1756 1975 172 34 elevated
1946 1975 270 33 consideration
2248 1980 39 27 to
2310 1972 123 33 which
2457 1984 71 32 you
2548 1981 64 25 are
2628 1981 41 25 so
2687 1972 287 43 conspicuously

1620 2031 70 33 and
1720 2033 175 43 di.tintly
1926 2031 170 33 entitled.
2151 2029 39 35 It
2220 2031 27 32 is
2285 2040 58 33 my
2366 2029 94 32 WlOl
2496 2028 170 44 honestly
2687 2034 40 28 to
2747 2029 226 43 appreciate

1622 2099 97 34 your
1743 2089 175 40 motives,
1937 2088 67 33 and
2024 2095 39 25 to
2095 2087 128 33 render
2245 2088 227 43 exemplary
2490 2083 139 46 justice
2655 2091 41 27 to
2717 2095 96 32 your
2831 2083 141 33 merits.

1626 2147 35 32 It
1681 2145 27 34 is
1726 2151 64 28 not
1801 2144 61 34 for
1881 2154 72 31 me,
1969 2145 77 33 like
2059 2143 103 46 plain
2179 2143 103 34 John
2303 2143 157 40 Brown,
2474 2143 34 32 in
2522 2141 54 33 his
2593 2141 113 44 Essay
2725 2150 50 25 on
2789 2139 135 43 Satire,
2936 2143 41 30 to

1766 2211 117 35 Point
1903 2211 97 33 back
2019 2217 39 27 to
2079 2209 113 34 minds
2212 2209 219 45 ingenuous,
2445 2207 143 33 actions
2600 2206 92 40 fair,

1767 2268 79 34 Till
1867 2268 61 34 the
1944 2278 78 22 sons
2040 2267 106 33 blush
2166 2272 39 27 at
2224 2265 105 34 what
2346 2267 100 33 their
2459 2265 142 33 fathers
2620 2274 99 24 were
2737 2263 9 33 !

1629 2334 110 35 What
1761 2334 135 35 indeed
1926 2333 92 35 have
2046 2334 34 44 1,
2107 2334 69 34 and
2202 2331 89 37 such
2320 2342 41 24 as
2392 2331 38 43 I,
2467 2337 37 27 to
2530 2331 48 33 do
2608 2330 91 35 with
2720 2329 103 35 those
2848 2326 130 38 fabled

1620 2404 86 33 ages

1766 2448 78 35 Ere
1857 2453 64 40 yet
1938 2447 107 35 'twas
2062 2447 105 45 quite
2178 2458 22 24 a
2215 2445 96 46 folly
2324 2450 41 31 to
2383 2445 47 34 be
2438 2444 81 47 just
2535 2456 11 30 ;

1770 2506 79 34 Ere
1869 2511 63 39 yet
1949 2504 105 37 'twas
2074 2506 162 43 beggary
2256 2505 63 33 the
2333 2510 107 38 great
2459 2509 37 27 to
2517 2505 93 31 trust
2626 2513 8 21 :

1769 2563 99 34 Vice
1889 2562 159 34 flutter'd
2067 2564 37 32 in
2124 2565 59 31 the
2199 2561 142 45 plumes
2356 2559 44 34 of
2411 2559 163 33 freedom
2594 2559 116 43 drest,

1770 2621 56 33 Or
1845 2620 129 45 public
1989 2620 113 45 spirit
2111 2619 237 35 was--the
2370 2615 209 47 publicjest
2598 2617 12 33 ?

1628 2686 102 41 Past,
1759 2683 38 34 if
1818 2695 91 22 ever
1925 2685 86 39 they
2043 2696 115 27 were,
2183 2694 66 24 are
2281 2683 87 33 such
2392 2682 128 34 fabled
2537 2692 109 32 ages;
2673 2680 73 35 and
2766 2685 99 41 past,
2889 2692 67 34 sap-

1628 2743 128 45 posing
1772 2748 91 37 toey
1881 2741 161 41 existed,
2068 2743 63 32 the
2150 2741 182 33 romantic
2363 2739 229 34 individuals
2611 2738 86 34 who
2718 2739 87 33 then
2817 2739 163 44 peopled

1626 2800 61 33 the
1720 2800 146 32 nations
1884 2797 45 34 of
1945 2799 59 33 the
2039 2797 106 34 earth
2164 2797 8 34 !
2228 2797 93 34 New
2346 2797 137 43 things,
2509 2794 202 41 therefore,
2737 2794 39 33 in
2809 2793 71 34 this
2896 2803 84 25 new

1629 2856 133 33 world.
1819 2855 71 33 We
1918 2855 73 33 live
2007 2855 110 33 when
2138 2854 130 33 affairs
2285 2854 91 32 take
2393 2863 25 22 a
2435 2851 109 34 novel
2562 2862 155 30 course;
2744 2851 90 40 and,
2859 2861 38 24 as
2916 2861 64 34 my

1626 2911 117 34 friend
1760 2911 137 37 Cicero
1916 2919 112 26 wrote
2044 2917 39 27 to
2105 2911 54 33 his
2176 2909 118 34 friend
2320 2909 142 40 Varro,
2548 2908 100 33 what
2666 2919 69 22 can
2757 2908 19 33 I
2794 2907 48 34 do
2858 2908 124 32 better

1624 2981 69 33 you
1710 2972 117 38 know,
1856 2969 90 33 than
1962 2969 200 44 prudently
2177 2968 107 33 swim
2307 2966 93 34 with
2420 2966 59 33 the
2497 2970 149 28 current
2678 2965 46 33 of
2737 2966 65 32 the
2818 2966 102 34 times

1676 3026 90 35 You
1781 3035 150 35 appear
1955 3024 241 41 determined,
2226 3024 216 33 Gentlemen
2466 3022 195 34 Directors
2679 3021 7 33 !
2715 3022 113 44 nobly
2854 3022 100 33 actin

1628 3094 98 33 upon
1746 3083 64 34 the
1839 3085 131 43 vulgar
1987 3083 136 43 adage,
2150 3087 38 27 to
2219 3081 94 43 hang
2342 3080 187 41 together.
2585 3079 103 34 Even
2718 3079 63 33 the
2796 3079 185 33 salvation

1629 3141 43 33 of
1700 3151 96 34 your
1824 3141 122 33 entire
1976 3141 100 43 body
2098 3144 215 38 corporate,
2342 3138 126 32 which
2497 3146 112 24 seems
2627 3143 40 26 at
2699 3135 126 41 stake,
2849 3139 135 30 cannot

1630 3197 124 33 imince
1769 3207 74 32 you
1865 3203 38 26 to
1924 3202 83 38 part
2026 3195 93 34 with
2140 3206 66 22 one
2223 3194 117 44 single
2353 3194 176 34 member.
2587 3193 113 33 What
2713 3193 272 45 magnanimity

1626 3254 86 33 does
1731 3265 97 33 your
1859 3252 157 34 conduct
2046 3250 85 34 thus
2147 3250 307 34 exhibit—what
2487 3256 196 38 constancy
2702 3249 13 34 I.
2764 3249 123 34 There
2907 3248 78 34 still

1630 3311 44 39 is,
1698 3309 69 33 and
1802 3309 106 33 there
1931 3309 146 43 always
2111 3309 113 37 ought
2258 3313 38 27 to
2315 3309 65 39 be,
2406 3307 32 33 if
2456 3307 230 44 practicable
2721 3306 35 34 in
2776 3317 71 33 any
2881 3317 104 32 way,

1629 3376 96 25 come
1744 3366 158 39 honour,
1929 3374 39 25 as
1991 3365 89 43 they
2098 3364 86 34 hold
2219 3374 90 24 even
2340 3364 45 34 of
2399 3364 156 41 thieves,
2581 3373 137 34 among
2748 3363 54 33 all
2822 3363 146 44 descrip-

1629 3424 93 32 tions
1740 3423 44 33 of
1807 3432 100 24 men.
1961 3422 124 34 There
2105 3422 27 34 is
2150 3422 155 45 nothing
2335 3422 80 33 like
2431 3420 162 43 sticking
2609 3428 40 26 to
2669 3420 64 33 the
2752 3420 71 33 last
2845 3420 142 43 plank;

1628 3490 39 22 as
1694 3480 200 44 drowning
1916 3489 149 34 persons
2100 3480 96 40 will,
2223 3480 30 32 it
2284 3480 28 32 is
2337 3480 99 39 said,
2457 3480 105 32 catch
2594 3485 40 25 at
2653 3481 124 39 twigs.
2835 3477 31 33 It
2887 3478 30 31 is
2930 3485 40 24 re-

1628 3539 78 43 ally
1735 3537 223 43 unpleasaut
1989 3543 38 25 to
2061 3537 203 44 relinquish
2298 3536 139 34 official
2473 3536 196 33 situations
2700 3533 45 34 of
2774 3543 71 34 any
2881 3533 106 34 kind.

1628 3595 99 33 Jack
1749 3593 128 35 Ketch
1911 3592 150 34 himseli
2091 3594 123 33 would
2250 3593 90 34 take
2368 3593 123 33 alarm
2531 3593 57 32 at*
2600 3592 64 33 the
2694 3591 89 33 idea
2812 3588 45 34 of
2876 3589 112 45 being

1626 3651 137 34 ousted.

1677 3710 74 32 lias
1767 3707 106 46 quite
1890 3706 139 46 enough
2053 3707 43 33 of
2109 3706 198 35 defference
2328 3709 93 33 been
2440 3705 128 34 shown
2584 3705 50 43 by
2649 3715 93 34 you,
2763 3700 216 35 Gentlemen

1635 3765 189 33 Directors
1844 3765 17 33 !.
1884 3772 38 26 to
1942 3767 61 32 the
2034 3765 155 43 implied
2209 3767 158 43 opinion
2386 3763 44 33 of
2460 3765 61 32 the
2554 3764 122 32 Select
2702 3759 223 35 Committee
2942 3757 46 34 of

1630 3822 65 34 the
1714 3824 188 43 Imperial
1928 3824 220 38 Commons;
2179 3823 124 32 where
2324 3822 89 43 they
2435 3831 177 33 propose,
2633 3829 90 33 very
2733 3819 137 44 justly,
2949 3824 38 25 to

1623 3882 137 31 curtail
1779 3883 61 30 1/ic
1858 3885 214 39 pal.ronage
2091 3879 43 34 of
2150 3879 105 34 those
2426 3883 40 28 to
2485 3888 65 32 say
2583 3878 63 32 the
2665 3876 93 33 least
2786 3873 43 35 of
2861 3875 43 39 it,
2920 3882 69 24 are

1625 3938 141 43 proved
1788 3944 38 27 to
1851 3938 97 33 have
1967 3938 89 33 been
2133 3944 63 26 not
2213 3935 223 43 sufficiently
2459 3932 181 35 watchful
2661 3933 34 33 in
2724 3932 65 33 the
2820 3930 164 45 disposal

1624 3994 44 33 of
1766 3996 137 44 daring
1923 3996 96 33 their
2053 3994 169 33 adminiit
2233 3994 120 35 ration
2375 3992 45 34 of
2444 4000 96 35 your
2568 4000 45 38 eyf
2624 3990 139 33 tensise
2784 3987 197 34 concerns?

1767 4054 220 41 uopleasant
2002 4052 92 44 duty
2111 4050 44 34 of
2170 4050 189 35 increased
2376 4049 183 44 vigilance
2580 4048 28 32 is
2757 4046 27 33 it
2798 4055 128 30 seems,
2942 4054 46 24 as

1625 4108 61 35 the
1713 4120 99 24 same
1843 4109 149 44 Rept-rt
2021 4120 103 33 says,
2164 4120 84 24 now
2485 4113 38 26 to

1665 4170 214 43 yulrunaiie
1903 4169 71 34 will
1993 4169 170 34 cdnlitaiie
2181 4170 34 32 to
2235 4167 39 34 be
2294 4165 149 45 abused,
2472 4175 39 24 50
2531 4165 12 35 1•

3430 1325 41 34 of

3430 1393 37 22 at

3435 1552 37 34 1)

3433 1611 38 31 tli

3435 1667 34 32 le

3435 1723 37 32 lo

3435 1788 33 22 in

3435 1839 35 27 tr

3351 1907 8 7 •
3441 1889 31 32 R

2556 4106 45 32 be
2631 4102 214 47 performed
2923 4100 61 34 for
3256 4100 21 72 -
3278 4100 21 72 1

2546 4172 71 37 lung
2635 4170 41 26 as
2705 4173 44 24 no
2779 4169 196 26 Inct-ment

3415 56 57 52 A]

3404 198 67 25 nee

3413 250 58 27 'tin

3415 309 57 33 $2ll

3415 358 13 18 6
3435 357 12 18 6

3415 413 53 35 Co

3416 481 56 25 eni

3418 540 53 24 Srii

3418 586 53 33 SOl

3422 711 50 21 re,

3419 759 52 27 ttn

3423 869 48 33 sel
