3472 4417
1876 85 41 90 16
1218 74 4 100 -
1237 76 7 5 -
1323 74 7 33 !
1330 74 30 33 ....
1359 74 7 33 7
1367 74 15 33 1,
1394 76 13 44 1
1407 76 27 44 ..
1447 76 12 14 ~,
1472 74 35 20 •t
1530 76 33 32 LT
1618 79 63 31 7k,
1694 74 15 13 •
1726 76 15 14 •

1756 94 8 25 ..,
1770 76 89 22 ..-,
1870 87 6 4 .
1929 81 13 17 1
1955 84 17 24 1
2020 84 25 19 ~•.

1227 113 146 59 TI-IE
1408 120 379 56 NATIONAL
1822 113 48 63 It,
1897 120 308 59 iGISTEIt•

352 249 103 38 been
489 249 91 39 shot
601 250 115 39 three
752 249 98 51 days
879 252 138 39 before
1052 253 67 38 the
1139 254 223 39 Corsican's
1380 256 223 51 departure
1619 257 67 38 for

353 300 185 39 Erfurth.
598 305 52 37 So
673 302 257 39 remarkable
950 317 51 25 an
1020 317 243 28 occurrence
1299 307 132 40 would
1455 309 106 39 have
1583 311 100 38 been

350 352 104 51 long
474 354 105 40 since
598 354 150 40 known
770 356 37 37 in
823 356 78 38 this
920 363 187 46 country.
1169 360 35 37 It
1224 365 105 33 must
1348 360 248 39 likewise.be
1629 374 39 26 re-

354 405 170 44 marked
547 406 89 39 that
656 406 70 38 the
746 405 74 43 last
842 407 151 40 French
1018 410 148 51 Papers
1185 411 178 39 mention
1389 415 70 37 the
1472 413 217 52 departure

352 456 51 40 of
431 459 183 41 Massena
645 459 66 38 fur
743 459 71 40 the
833 461 142 51 Tyrol,
1003 467 44 33 to
1077 462 216 41 command
1312 465 69 38 the
1401 467 155 38 French
1576 477 111 41 army

352 510 41 38 in
411 509 90 40 that
531 517 182 45 quarter.
769 514 74 37 We
865 513 155 40 believe
1048 513 80 40 this
1161 521 137 45 report
1316 516 221 50 Originates
1567 520 40 38 in
1636 531 48 26 an

354 562 174 46 artifice,
552 569 72 34 too
639 563 257 53 successfully
918 566 195 51 practised
1134 567 48 50 by
1208 568 67 39 the
1296 573 150 48 tyrant.
1476 572 60 39 He
1556 572 136 39 orders

354 627 26 27 a
413 615 172 40 number
634 617 50 39 of
731 630 203 33 rumours,
980 619 139 52 highly
1153 618 367 56 disadvantageous
1558 628 44 34 to
1631 624 58 39 his

354 667 247 45 character,'
617 670 73 40 but
709 670 130 39 which
870 681 70 27 are
963 670 98 40 false
1091 677 44 33 to
1153 673 50 38 be
1231 674 219 39 circulated
1467 691 12 27 ;
1511 676 91 38 that
1622 677 70 38 the

356 733 180 39 persons,
566 722 91 40 who
694 735 67 26 arc
789 722 93 40 thus
918 723 195 46 deluded,
1137 725 131 53 might
1303 726 241 40 afterwards
1563 729 105 38 disbe-

357 774 110 39 lieve
483 774 102 43 facts
604 774 130 40 which
755 787 69 27 are
843 780 81 35 tru.

411 879 90 40 The
533 885 196 37 accounts
759 879 131 40 which
931 885 104 37 have
1072 882 170 40 reached
1281 885 279 41 Government
1586 885 104 40 from

430 931 103 39 Hand
568 939 122 37 state,
720 932 92 39 that
831 935 171 38 General
1024 937 63 39 Du
1096 950 124 31 PONT,
1250 938 92 39 who
1368 938 261 39 surrendered
1651 945 40 32 at

357 984 156 51 Baylen
549 989 45 33 to
633 989 215 35 CASTANOS
880 987 76 47 and
996 989 188 46 REDING,
1214 989 78 40 had
1330 991 97 39 been
1462 992 103 38 tried
1600 991 48 51 by
1669 1005 22 24 a

358 1037 132 40 Court
510 1035 163 48 Martial
696 1037 77 39 and
788 1039 247 39 condemned
1051 1045 43 34 to
1107 1041 137 40 death.
1300 1044 87 39 The
1407 1050 187 37 Sentence
1613 1057 79 25 was

358 1087 155 53 shortly
534 1090 239 38 afterwards
788 1096 73 45 put
879 1093 84 38 into
984 1095 234 47 execution,
1241 1096 76 38 and
1337 1096 70 38 the
1427 1096 265 40 unfmtunate

360 1142 185 38 DUPONT
583 1155 80 26 was
699 1143 93 38 shot
830 1144 48 52 by
914 1144 283 54 torch-light—
1230 1147 98 39 This
1358 1154 65 33 act
1456 1147 50 39 of
1537 1149 151 51 cruelty

358 1193 163 40 evinces
540 1208 52 24 no
630 1195 73 38 less
736 1195 71 40 the
842 1202 144 35 noture
1024 1198 47 39 of
1102 1199 69 38 the
1191 1199 175 53 military
1384 1205 152 46 system
1563 1201 128 46 which

358 1245 76 40 the
455 1251 133 47 tyrant
618 1247 141 40 wishes
772 1253 43 34 to
833 1250 165 51 uphold,
1028 1251 96 38 than
1139 1251 70 39 the
1230 1252 207 53 malignity
1457 1252 50 39 of
1528 1252 60 39 his
1603 1267 87 25 own

357 1297 133 41 heart.
521 1300 109 47 With
648 1300 67 39 the
735 1302 142 52 despot
889 1302 48 39 of
963 1302 69 40 the
1051 1304 217 47 Continent
1286 1309 43 35 to
1352 1306 47 38 be
1426 1307 270 50 unsuccessful

363 1351 34 41 is
412 1357 45 33 to
474 1354 48 38 be
550 1356 145 45 guilty.

415 1406 73 37 We
508 1402 109 43 learn
638 1406 90 39 that
746 1404 67 40 the
840 1406 84 40 fate
944 1406 58 40 of.
1018 1407 172 44 General
1224 1410 181 38 DUPONT
1424 1408 80 40 had
1535 1410 157 44 excited

358 1469 155 40 among
533 1457 69 40 the
622 1457 195 52 principal
835 1459 76 40 and
924 1461 259 38 subordinate
1202 1461 164 40 Officers
1384 1461 50 39 of
1449 1461 70 40 the
1543 1463 149 44 French

357 1522 119 38 army
497 1509 273 40 considerable
785 1509 237 41 discontent.
1046 1509 1 57 .
1082 1513 113 53 They
1218 1519 105 33 must
1342 1526 89 26 now
1444 1513 50 40 be
1508 1515 182 46 sensible,

358 1561 96 39 that
475 1561 93 52 they
589 1566 150 34 cannot
759 1566 129 48 aspire
919 1569 44 33 to
989 1565 72 39 the
1090 1564 146 40 favour
1263 1565 50 39 of
1342 1578 43 27 so
1417 1566 234 40 inexorable
1668 1581 22 25 a

359 1618 176 43 Master,.
555 1615 133 52 unkss
706 1615 93 52 they
819 1618 215 37 command
1054 1623 139 44 events
1209 1635 12 27 ;
1251 1617 78 39 and
1354 1619 90 39 that
1472 1619 39 37 in
1531 1633 91 25 case
1649 1620 48 38 of

357 1664 152 48 failure
534 1667 92 52 they
650 1667 105 39 have
788 1681 52 30 qo
861 1669 239 40 alternative
1121 1671 72 38 but
1219 1676 43 32 to
1294 1672 129 50 perish
1446 1684 52 25 on
1518 1672 66 38 the
1603 1672 87 39 field

359 1719 53 39 of
439 1719 142 46 battle,
611 1731 50 26 or
693 1726 43 32 to
765 1721 50 39 be
850 1723 214 46 consigned
1098 1727 41 34 to
1172 1736 48 25 an
1253 1723 270 51 ignominious
1556 1724 133 40 death.

360 1770 169 40 Private
548 1772 136 40 letters
703 1773 178 40 received
901 1781 41 32 at
964 1776 237 37 Rotterdam
1224 1774 106 39 from
1348 1776 113 39 Paris
1480 1776 96 44 add,
1604 1778 87 39 that

359 1824 73 39 the
448 1824 67 39 sad
535 1824 76 39 and
639 1825 213 51 indignant
868 1828 201 37 seaxation
1090 1828 203 51 produced
1316 1828 48 51 by
1383 1827 70 39 the
1479 1830 211 39 execution

358 1877 53 38 Or
429 1878 180 38 DUPONT
639 1890 77 26 was
743 1885 78 32 not
850 1880 223 44 confirmed
1108 1886 44 32 to
1183 1881 69 37 the
1286 1879 195 52 military.
1560 1884 35 35 It
1617 1881 74 39 had

360 1928 168 41 ditrused
548 1929 112 40 itself
672 1930 181 52 through
874 1931 52 39 all
947 1932 122 47 ranks
1084 1933 48 38 of
1144 1933 170 51 society,
1343 1933 78 38 and
1459 1938 43 33 at
1532 1935 71 37 the
1622 1933 72 39 last

359 1977 99 45 'visit
490 1980 128 43 which
643 1984 236 43 111Aroi,cosr
899 1984 93 51 paid
1015 1990 41 33 to
1085 1985 66 38 the
1172 1987 151 51 Opera,
1351 1985 50 38 he
1422 1998 81 25 was
1532 1987 162 38 assailed

361 2034 56 51 by
454 2030 94 47 lend
572 2034 154 40 'marks
754 2035 47 39 of
827 2036 345 52 disapprobation.
1248 2039 70 38 His
1348 2039 223 41 emissaries
1603 2037 92 46 and,

360 2099 107 38 spies
494 2099 117 33 were,
640 2087 204 46 however,
873 2101 51 25 on
947 2088 66 39 the
1028 2089 117 45 alert,
1166 2089 73 39 and
1260 2089 148 39 several
1423 2104 165 38 persons
1607 2091 89 39 who

360 2138 81 45 bad
465 2139 76 40 the,
559 2138 184 41 boldness
781 2140 92 48 thus
899 2147 45 32 to
972 2154 161 40 express
1152 2143 105 41 their
1279 2141 184 52 feelings,
1494 2156 104 26 were
1625 2143 45 39 im-

363 2190 220 53 mediately
602 2192 132 40 seized
755 2193 78 39 and
853 2193 257 50 imprifionech

419 2246 39 38 it
495 2248 78 37 was
606 2245 207 51 generally
849 2246 259 52 understood,
1137 2248 91 39 that
1263 2248 115 48 PONA
1385 2261 144 26 PARTE
1567 2248 128 39 would

361 2295 119 45 leave
506 2296 60 39 his
600 2296 149 52 capital
778 2296 66 40 for
875 2300 204 52 Germany
1119 2300 125 44 about
1277 2300 70 39 the
1378 2302 50 37 3d
1461 2300 93 39 inst.
1613 2302 84 37 The

365 2350 145 38 Senate
530 2354 79 37 was
631 2355 41 33 to
694 2350 48 40 be
762 2350 219 40 assembled
1002 2365 51 26 on
1075 2352 69 39 the
1167 2357 72 40 Ist,
1269 2353 115 38 when
1411 2353 60 39 his
1505 2352 97 39 final
1631 2353 43 38 de-

364 2401 263 39 termination
654 2404 94 37 with
774 2408 150 46 respect
944 2409 44 33 to
1017 2405 60 38 the
1077 2405 21 38 .
1120 2405 256 51 prosecution
1410 2406 48 37 of
1486 2405 211 39 hostilities

365 2454 161 51 against
539 2454 165 44 4.ustria
722 2469 79 28 was
824 2456 194 54 expected
1038 2463 43 33 to
1102 2458 51 41 be
1178 2457 235 44 announced
1434 2457 40 39 in
1494 2458 69 38 the
1583 2457 113 41 usual

367 2519 104 38 way.

562 2500 4 0 -

419 2580 87 41 The
539 2581 227 56 following,
795 2596 59 26 we
881 2582 172 47 believe,
1084 2584 79 40 will
1201 2585 51 40 be
1284 2582 126 50 found
1440 2598 24 26 a
1496 2582 197 57 tolerably

364 2639 162 35 correct
539 2626 65 48 list
624 2629 50 45 of
689 2637 59 39 Sir
759 2639 15 37 -
775 2639 33 37 A:
823 2629 293 48 WELLESLEY'S
1136 2639 113 47 staff,
1278 2639 78 40 and
1372 2631 48 46 of
1434 2636 71 41 the
1524 2630 171 51 General

366 2687 167 39 Officers
550 2689 213 52 employed
783 2691 124 39 under
930 2691 59 39 his
1003 2692 228 41 command.

417 2743 79 33 The
531 2743 112 39 Right
676 2739 242 40 Honourable
946 2747 15 32 -
961 2747 47 32 Sir
1038 2746 144 34 Arthur
1208 2746 216 45 Wellesley,
1447 2746 54 35 K.
1524 2745 46 35 R.
1589 2747 81 34 Com-

365 2791 152 32 mander
530 2791 44 32 of
588 2792 61 32 the
670 2791 149 35 For.es.
859 2787 404 40 'Lieutenant-Colonel
1294 2786 399 46 Bathurst—Military

370 2839 208 44 Secretary.
650 2841 80 33 The
768 2841 241 38 Honourable
1054 2841 158 46 Fitzrdy
1245 2841 202 45 Stanhope,
1482 2841 71 34 and
1603 2842 92 32 Lord

370 2884 156 44 Fitzroy
579 2887 560 45 •joinerset—Aides-,le-Camp.
1228 2887 373 43 Ilritadier-General
1638 2889 59 33 the

367 2931 105 37 Bon.
562 2934 393 45 Stewart--Adjutant
987 2937 171 33 General.
1211 2937 81 33 Col.
1316 2937 354 43 Murray—Quarter-

365 2989 138 32 master
522 2983 170 33 General'.
755 2982 125 46 Maijor
898 2985 106 35 Colin
1026 2985 195 45 Campbell
1252 2986 70 33 and
1344 2985 137 45 'Alajur
1511 2985 184 44 Berkeley

365 3028 230 34 —Assistant
620 3030 195 46 Adjutants
847 3032 171 41 General.

417 3076 89 33 GEN
520 3087 50 24 ER
580 3089 18 21 A
614 3089 19 22 r.
660 3076 92 47 (14
763 3087 96 25 ICER
869 3078 383 48 s.--Major-Cleneral
1283 3079 254 39 Sherbrooke,
1557 3077 141 46 Major-

366 3123 157 33 Cienel'al
542 3120 90 45 Card
656 3122 164 39 William
847 3126 193 43 Bentinek,
1061 3124 301 47 31ajor-qeneral
1384 3128 158 33 Ethvard
1567 3128 130 41 Paget,

366 3169 309 45 7.llajer-General
700 3168 419 51 ilill,'Major-General
1156 3175 125 38 Payne
1306 3176 69 32 and
1396 3174 298 46 Major-General

364 3219 376 44 Cotton—Cavalry,
768 3220 301 47 Alajor-General
1087 3224 99 33 John
1198 3213 171 53 Murray,
1397 3223 31 32 !%1
1436 3233 61 34 tip
1505 3223 189 32 r-cieneral

366 3265 244 35 Mackenzie,'
634 3268 306 44 Major-General
967 3270 211 43 Beresford,
1209 3270 296 45 111ajor-(leneral
1535 3270 139 33 Alexan-

363 3313 69 33 der
476 3314 51 33 Ca
534 3317 130 43 mptwil
664 3317 22 43 )
733 3317 301 37 Lieut.-General
1067 3319 229 44 Cartwright
1337 3324 37 28 to
1527 3330 11 21 i
1544 3330 19 20 u
1635 3319 61 32 the

367 3363 195 41 Cavalry••
650 3363 4 41 •
679 3363 5 41 -

422 3420 59 38 Sir
498 3420 154 40 Arthur
672 3420 224 57 Wellesley,
926 3422 77 43 and
1024 3425 59 39 his
1107 3425 109 48 Staff,
1245 3425 191 53 expected
1459 3430 45 31 to
1524 3424 69 38 sail
1613 3438 60 37 yes-

363 3474 143 52 terday
527 3474 107 39 from
657 3476 276 47 Portsmouth,
957 3493 52 24 on
1028 3480 124 39 board
1174 3480 69 39 the
1263 3480 267 38 Surveil!lpte
1550 3480 54 46 fri
1604 3480 18 46 ,
1622 3480 76 46 :ate

361 3526 70 39 for
464 3519 156 47 Lisbon.
680 3530 86 37 The
801 3530 319 40 Frederickstein
1153 3544 91 26 man
1265 3531 50 39 of
1341 3544 76 25 war
1439 3544 33 25 w
1539 3544 155 39 convoy

359 3579 76 38 the
455 3587 78 32 rest
553 3580 47 38 of
632 3581 71 39 the
722 3586 369 50 transports.—His
1113 3587 203 50 Majesty's
1335 3586 85 50 ship
1442 3585 255 50 Magicienne

363 3630 124 41 sailed
526 3634 105 38 from
669 3634 216 41 Falmouth
919 3650 52 26 on
1004 3638 249 51 Wednesday
1278 3639 201 51 morning,
1513 3637 94 37 with
1629 3637 69 39 the

361 3689 244 48 transports,
637 3686 151 52 having
808 3702 51 26 on
881 3689 128 40 board
1028 3690 69 39 the
1120 3690 91 39 16th
1232 3689 122 52 Light
1374 3691 229 51 Dragoons,
1623 3689 74 39 but

358 3738 100 50 they
483 3752 102 26 were
604 3741 222 52 compelled
849 3748 41 33 to
911 3748 135 34 return
1074 3743 38 39 in
1133 3732 69 50 the
1220 3756 126 25 course
1346 3756 21 25 -
1381 3742 50 39 of
1455 3744 69 37 the
1544 3741 93 52 day,
1659 3744 35 35 in

361 3802 279 41 consequence
660 3794 47 38 of
736 3801 188 46 -ontrary
945 3796 136 39 winds.
1139 3797 85 38 The
1245 3796 103 37 wind
1381 3795 151 50 having
1557 3795 138 38 veered

359 3846 48 35 to
429 3844 69 39 the
513 3847 255 46 Northward,
791 3848 37 37 in
846 3848 69 38 the
933 3850 141 38 course
1093 3847 48 40 of
1154 3849 69 40 the
1239 3848 188 54 evening,
1448 3848 70 39 the
1538 3860 156 40 convoy

377 3909 69 25 vas
463 3900 197 48 expected
683 3904 41 33 to
745 3902 69 37 sail
836 3906 93 34 next
952 3904 200 48 morning.

420 3950 261 53 Intelligence
697 3953 50 38 of
769 3954 69 38 the
855 3967 154 27 success
1023 3953 50 40 of
1083 3956 66 38 the
1170 3953 187 40 intended
1374 3958 176 46 attempt
1570 3957 44 34 to
1631 3952 41 39 de-

361 4004 204 50 slcuy.the
598 4006 152 39 French
787 4007 203 51 squadron
1012 4011 43 35 at
1091 4007 70 38 Isle
1185 4009 146 41 I)'Aix,
1368 4020 89 38 may
1479 4006 51 38 be
1552 4004 142 54 hourly

358 4055 214 51 expected.
633 4061 34 39 It
703 4061 28 37 is
759 4061 256 44 understood,
1050 4061 89 39 that
1172 4061 69 39 the
1276 4061 217 39 execution
1534 4057 78 40 will
1648 4058 50 39 be

358 4111 237 44 committed
618 4111 237 53 principally
874 4119 41 33 to
934 4113 102 39 Lord
1058 4113 220 39 Cochrane.
1324 4111 85 40 The
1428 4113 155 39 known
1603 4110 70 39 cha-

358 4160 136 40 kacter
515 4163 48 37 of
592 4162 234 46 that•Noble
826 4162 22 46 ,
848 4162 94 46 nam,
973 4166 78 39 and
1074 4166 58 38 h;s
1153 4170 130 35 recent
1305 4165 172 39 services
1499 4176 109 39 upon
1629 4165 70 38 the

357 4213 117 41 e...0a4
494 4215 47 40 of
568 4219 136 52 Spain,
732 4220 93 51 give
860 4231 210 28 assurauce
1094 4221 87 38 that
1213 4218 171 54 uolhin
1423 4218 131 51 whiO
1578 4217 119 40 noble

2978 123 103 64 24

1750 256 145 51 daring
1916 257 215 40 combined
2151 257 94 40 with
2268 261 126 37 sound
2425 260 214 38 discretion
2659 270 73 26 can
2754 257 133 44 etlect,
2924 256 79 39 will
3038 257 51 38 be

1755 308 70 40 !eft
1845 309 159 40 undone
2024 311 175 39 towards
2219 311 67 39 the
2302 312 359 51 accomplishment
2679 311 51 38 of
2745 312 66 38 the
2828 311 231 51 enterprise.

1807 363 33 37 A
1861 369 137 45 report
2010 376 79 26 was
2104 363 182 52 strongly
2307 364 211 51 prevalent
2535 363 231 52 yesterday,
2781 364 91 38 that
2893 363 66 38 the
2979 361 111 54 King

1754 413 48 39 of
1826 415 159 39 Sweden
2017 415 79 39 had
2127 416 97 38 been
2245 415 204 40 delivered
2470 416 104 38 from
2595 417 288 43 confinement,
2919 415 74 39 and
3026 426 43 26 re-

1753 467 137 38 stored
1911 474 43 32 to
1974 467 71 39 the
2065 468 220 51 possession
2301 467 51 39 of
2375 467 111 52 regal
2503 467 226 51 authority.
2786 468 94 37 This
2900 470 137 40 event,
3056 465 34 40 it

1755 517 31 38 is
1804 519 100 45 said,
1942 530 78 26 was
2056 520 296 51 accomplished
2392 522 48 48 by
2464 519 172 39 General
2657 519 109 43 Toll,
2800 519 77 39 and
2920 531 21 25 a
2974 519 115 52 large

1756 570 105 53 body
1878 570 50 39 of
1944 572 275 39 Dalecarlians
2233 589 11 28 ;
2275 574 78 37 and
2372 573 104 43 that,
2499 574 35 35 in
2557 585 292 38 consequence,
2875 570 67 39 the
2966 569 123 41 Duke

1756 622 46 38 of
1831 624 265 44 Sudermania
2122 624 79 39 had
2238 624 180 52 thought
2433 635 148 40 proper
2600 628 43 41 to
2666 627 156 37 retreat.
2838 630 43 31 to
2903 624 185 52 Finland,

1756 676 76 38 and
1854 676 112 51 place
1987 676 164 39 himself
2167 676 124 40 under
2313 678 69 37 the
2401 676 228 52 protection
2650 676 48 44 of
2720 676 156 38 Russia.

1809 729 85 38 The
1913 728 148 39 arrival
2094 728 50 39 of
2157 728 69 40 the
2241 729 291 51 flottenhurgh
2568 728 117 38 Mails
2713 728 31 39 is
2772 726 211 52 anxiously
3017 738 74 28 ex•

1759 780 155 51 petted.
1970 781 115 52 They
2118 780 77 39 will
2216 787 71 32 not
2322 780 70 39 fail
2411 787 41 32 to
2476 782 115 50 bring
2620 778 171 40 decisive
2830 780 259 51 intelligence

1756 831 243 53 concerning
2037 833 70 39 the
2133 831 84 40 fate
2244 833 50 39 of
2320 834 162 38 Sweden
2517 831 78 39 and
2630 831 72 39 her
2733 833 125 48 King.
2917 833 172 40 Further

1757 885 32 39 it
1824 887 30 37 is
1890 885 261 45 ascertained,
2183 886 53 52 by
2267 886 255 52 intelligence
2551 886 106 38 from
2695 885 273 51 Gottenburg,
3000 885 90 39 that

1759 938 239 38 Lieutenant
2015 940 120 41 Ross,
2156 937 79 40 late
2258 938 52 38 of
2323 938 70 39 the
2419 940 178 48 Victory,
2630 935 93 39 who
2758 950 79 25 was
2858 937 94 38 with
2986 939 78 37 Gus-

1759 994 116 34 tavus
1892 994 43 33 at
1955 990 67 38 the
2044 990 98 38 time
2160 990 48 38 of
2238 990 59 38 his
2316 991 120 50 being
2453 990 193 44 arrested,
2676 989 76 39 and
2777 989 91 39 who
2897 989 71 50 has
2986 989 103 39 been

1757 1042 177 51 charged
1975 1042 99 45 with
2125 1042 226 53 important
2382 1043 239 52 dispatches,
2669 1041 80 44 had
2799 1041 161 52 already
3015 1041 77 39 left

1759 1095 163 38 Sweden
1949 1093 38 39 in
2007 1106 80 26 one
2111 1095 48 40 of
2174 1096 70 35 the
2264 1095 177 50 packets.

1811 1149 155 37 Letters
1994 1146 107 39 from
2132 1147 188 45 Holland,
2354 1144 180 41 received
2556 1157 52 27 on
2628 1142 369 54 Friday,brought
3019 1146 70 39 the

1757 1198 209 52 following
1994 1198 224 52 important
2257 1201 146 37 Decree
2431 1201 47 37 of
2511 1200 70 37 the
2620 1198 135 39 Dutch
2790 1199 299 43 Government.

1757 1251 128 38 which
1906 1251 33 38 is
1954 1256 40 33 to
2014 1251 98 39 take
2124 1251 115 51 place
2258 1252 103 38 from
2383 1252 66 38 the
2490 1256 58 34 Ist
2581 1251 167 43 instant,
2776 1250 77 40 and
2882 1251 51 51 by
2956 1251 130 38 which

1752 1302 73 39 the
1844 1302 210 51 followinr,,
2069 1304 159 37 articles
2245 1317 67 24 are
2333 1304 163 39 allowed
2513 1309 44 32 to
2576 1304 51 37 be
2646 1317 51 34 ex
2705 1303 143 51 ported
2857 1302 109 41 from
2983 1306 78 35 Har-

1759 1354 148 45 linnen,
1928 1356 155 50 Zuyder
2102 1355 86 43 Zee,
2228 1357 180 43 Tervicr,
2676 1355 291 47 Brauerhafen,
2993 1358 64 37 Am-

1757 1407 190 45 sterdam,
1969 1409 263 43 Rotterdam,
2271 1413 117 38 Dort,
2428 1409 246 48 Groningen,
2705 1407 77 44 anti
2818 1408 197 50 4mbtlen,
3048 1409 40 39 in

1757 1459 157 41 neutral
1933 1472 47 27 or
1998 1461 132 39 Dutch
2152 1461 107 50 ships
2275 1465 44 34 to
2331 1474 25 25 a
2374 1461 155 39 neutral
2546 1465 115 47 port:

1807 1524 299 37 Earthen-ware.
2134 1524 180 44 Vinegar,
2344 1524 152 34 Russian
2522 1524 71 34 and
2626 1522 124 34 Berlin
2781 1524 105 39 Blue,
2917 1524 171 35 Flower%

1759 1570 132 40 Roots,
1920 1571 144 39 Books,
2091 1571 131 39 Beans,
2252 1571 148 43 Butter,
2422 1571 162 43 Brandy,
2610 1570 116 39 Tiles,
2757 1570 91 35 Blue
2864 1573 70 31 and
2961 1572 125 34 White

1762 1619 128 39 Pease,
1916 1619 110 34 Oats,
2046 1619 143 39 Gauze,
2216 1618 163 41 Thread,
2405 1619 70 32 and
2500 1618 146 34 Thread
2675 1618 120 44 Tape,
2822 1619 85 41 Gin,
2936 1619 150 45 Hoops.

1762 1667 131 35 Watch
1928 1667 242 39 Movements,
2196 1667 50 33 all
2276 1667 104 33 kinds
2406 1667 44 33 or
2478 1665 298 40 Wooden-ware,
2806 1664 113 44 Dried
2950 1667 135 41 Jiides,

1755 1713 154 41 Cheqse,
1938 1713 207 45 Cambries,
2170 1715 288 43 Copper-ware,
2478 1713 172 40 Leather,
2676 1713 125 41 Linen,
2824 1713 125 35 White
2969 1715 115 50 Lead,

1759 1760 111 40 (Atte,
1898 1760 184 39 Madders,
2112 1761 242 43 Mill-stones,
2378 1761 63 32 Oil
2463 1759 41 34 of
2529 1759 124 44 Seeds,
2683 1756 137 47 Paper,
2849 1757 235 47 Perfumery,

1759 1806 155 43 Clocks,
1933 1804 102 44 pins,
2055 1807 146 44 Yining
2216 1809 123 39 Trees,
2365 1807 124 44 Pipes,
2509 1804 193 37 Slice:trim,
2724 1807 178 40 Saturnii,
2937 1807 148 35 (round

1760 1854 102 40 Oak,
1887 1851 118 43 !kirk,
2026 1854 301 44 Plisying:Cards,
2340 1854 109 38 Turf,
2463 1856 145 34 Starch,
2623 1853 184 39 tlinkvrs,
2826 1854 69 33 and
2913 1856 48 32 all
2976 1856 109 34 other

1760 1902 104 33 kinds
1897 1902 44 33 of
1976 1894 301 53 I:arthen7ware,
2316 1902 194 39 Tobacco,
2550 1902 146 33 (round
2733 1902 149 39 Tarras,
2917 1902 168 41 Linseed,

1763 1949 141 38 Fruits,
1933 1944 105 38 Wine
2044 1974 9 15 ,
2076 1948 162 45 'Clover,
2264 1948 69 35 and
2368 1950 145 33 Garden
2543 1949 125 40 Seeds,
2702 1948 276 45 iron-mongery
3012 1950 76 34 and

1761 1997 286 43 Silk-mercery.

1813 2056 89 38 And
1918 2055 69 39 the
2004 2052 211 57 following
2235 2054 157 46 articles
2411 2062 67 31 are
2489 2052 169 44 allowed
2675 2059 43 35 to
2737 2054 52 39 be
2809 2052 197 54 imported
3025 2056 43 40 in-

1762 2113 43 33 to
1827 2106 188 48 Holland,
2034 2111 40 37 in
2095 2105 158 44 neutral
2277 2122 45 34 or
2341 2109 131 38 Dutch
2491 2109 122 54 ships,
2633 2111 105 37 from
2753 2108 156 38 neutral
2931 2114 136 46 ports:

1809 2177 131 41 Grain,
1961 2177 236 41 Hare-skins,
2226 2178 139 43 Hemp,
2391 2177 69 46 and
2481 2177 236 44 Hempseed,
2744 2176 51 34 all
2815 2176 107 40 kinds
2937 2177 44 34 of
2995 2179 94 45 Ship

1761 2225 170 41 Timber,
1955 2226 151 34 Russian
2128 2225 129 40 Hides,
2281 2224 221 43 Rape-iced,
2528 2225 164 43 Copper,
2712 2223 267 41 Quick-silver,
3002 2224 64 37 Lin-

1760 2274 100 39 seed,
1894 2274 110 39 Alias,
2043 2271 125 40 Pitch,
2203 2272 209 40 Pot-ashrs,
2440 2272 215 33 Stock-tish.
2711 2274 185 39 Tobacco,
2923 2271 165 44 Tallow,

1761 2320 91 39 Tar,
1889 2320 203 40 Train-oil,
2132 2320 130 40 Isingla
2262 2320 19 40 ,
2281 2320 38 40 s,
2494 2319 158 37 Barn',
2681 2317 123 41 Wine,
2832 2319 103 43 Iron,
2974 2319 113 50 Lead,

1760 2366 172 43 Candles,
1962 2367 170 41 Leather,
2158 2369 69 31 and
2248 2366 115 34 Hides
2385 2368 33 31 in
2435 2367 60 32 the
2515 2357 145 51 Rough.

1814 2427 37 37 It
1871 2424 78 39 will
1968 2430 43 34 at
2035 2438 102 27 once
2157 2426 48 38 be
2225 2439 87 24 seen
2336 2425 90 39 that
2447 2424 66 39 the
2543 2422 158 51 articles
2728 2424 67 38 frir
2823 2425 266 51 exportation

1761 2489 69 26 are
1860 2477 96 40 such
1990 2490 43 26 as
2066 2479 69 38 the
2172 2478 131 40 Dutch
2336 2477 181 40 markets
2545 2469 67 46 arc
2629 2469 4 57 •
2659 2476 267 41 overstocked
2973 2480 115 45 with,

1762 2542 151 25 amon&
1935 2530 128 39 which
2085 2531 116 38 there
2233 2543 66 26 are
2329 2531 76 37 but
2435 2529 73 39 few
2543 2524 48 43 of
2617 2528 79 39 real
2734 2535 278 46 consequence
3040 2536 46 34 to

1763 2577 196 56 England,
2028 2583 135 38 Those
2197 2582 169 39 allowed
2398 2588 44 32 to
2478 2581 51 39 be
2569 2581 200 52 imported
2805 2595 69 32 are
2910 2583 96 38 such
3045 2589 44 33 at

1765 2636 151 44 France
1932 2636 28 38 is
1981 2634 38 39 in
2033 2635 69 39 the
2115 2640 177 47 greatest
2309 2641 106 32 want
2434 2634 56 38 of.
2522 2634 74 38 She
2615 2631 220 54 studiously
2857 2635 137 39 avoids
3013 2648 50 25 ex-

1762 2687 167 52 tending
1949 2687 71 38 her
2041 2686 149 43 licence
2219 2694 43 31 to
2294 2686 182 41 Colonial
2494 2686 202 51 produce;
2726 2699 122 38 sugar
2868 2686 76 39 and
2960 2686 129 43 coffee

1762 2752 69 26 arc
1858 2746 72 35 not
1964 2740 142 40 named
2144 2743 39 37 in
2203 2740 67 38 the
2290 2739 77 40 list.
2426 2743 35 35 it
2496 2752 27 26 is
2542 2738 163 52 already
2726 2739 246 50 understood
2995 2740 91 40 that

1766 2792 278 43 Government
2065 2805 67 26 are
2150 2789 252 44 determined
2431 2797 72 33 not
2529 2797 43 33 to
2601 2791 201 45 sanction,
2837 2791 48 52 by
2896 2792 19 38 -
2915 2792 98 38 their
3034 2793 33 37 li-

1760 2857 138 32 cence,
1929 2843 66 43 the
2033 2858 137 26 means
2200 2846 48 37 of
2272 2845 188 51 carryilg
2480 2843 77 40 this
2578 2846 148 37 Decree
2750 2848 80 33 into
2846 2843 132 44 effect,
3008 2844 79 41 and

1762 2898 87 38 that
1870 2898 69 38 the
1956 2898 129 38 Board
2105 2898 50 38 of
2178 2898 131 38 Trade
2347 2900 71 37 has
2439 2898 96 37 been
2568 2896 102 43 fully
2692 2896 216 39 instructed
2924 2910 50 25 on
2998 2896 91 43 that

1761 2952 115 51 point
1890 2967 12 28 ;
1933 2963 21 26 a
1977 2963 180 26 measure
2179 2952 37 37 in
2239 2950 125 38 which
2386 2963 59 25 we
2478 2948 168 39 inclined
2668 2954 43 32 to
2745 2948 115 38 think
2888 2949 94 53 they
3006 2947 81 44 will

1763 3002 48 39 be
1831 3004 229 39 sanctioned
2083 3004 51 51 by
2157 3002 72 39 the
2263 3007 172 47 country
2457 3007 40 32 at
2519 3001 125 50 large,
2665 3015 40 24 as
2734 3000 181 52 strongly
2939 3004 129 38 contri-

1765 3057 142 51 buting
1923 3063 43 32 to
1981 3056 67 38 the
2065 3057 226 51 privations
2307 3056 78 38 and
2402 3067 231 39 annoyance
2654 3053 46 38 of
2725 3054 67 38 the
2811 3067 161 39 enemy.
3002 3056 87 39 The

1766 3109 150 39 Decree
1936 3109 35 38 in
1985 3107 184 53 que4tion
2193 3106 129 40 would
2354 3120 124 25 never
2503 3107 104 38 have
2639 3106 97 38 been
2769 3107 144 45 issued,
2943 3107 74 39 had
3040 3107 52 40 he

1762 3167 71 33 not
1857 3162 96 38 been
1977 3161 120 48 urged
2122 3162 43 38 to
2199 3161 30 38 it
2264 3161 48 52 by
2335 3159 70 39 the
2418 3159 223 39 d,scontent
2660 3159 47 38 of
2733 3159 69 38 the
2822 3158 157 54 people,
3008 3161 83 40 and

1763 3214 58 38 his
1841 3227 89 25 own
1951 3213 231 39 immediate
2199 3213 231 39 necessities.

1814 3269 28 35 A
1867 3266 119 38 vessel
2015 3268 70 35 has
2105 3266 156 38 arrived
2285 3270 40 33 at
2357 3263 229 51 Liverpool,
2619 3263 92 40 with
2745 3265 71 39 the
2835 3265 260 52 intelligence

1762 3318 86 40 that
1867 3320 57 44 the
1924 3320 20 44 .
1956 3319 213 38 American
2192 3317 239 47 Legislative
2456 3317 105 52 Body
2584 3318 71 38 has
2670 3317 227 53 ultimately
2920 3320 176 47 rejected

1762 3372 67 38 the
1850 3371 71 38 Bill
1935 3371 66 39 for
2019 3370 204 53 repealing
2241 3372 66 37 the
2326 3371 119 43 Bulbar
2445 3371 20 43 :
2465 3371 60 43 4.o
2543 3372 123 37 Laws.
2714 3370 98 38 This
2828 3370 267 43 information

1763 3424 67 39 has
1852 3424 141 40 caused
2016 3436 22 25 a
2061 3428 74 34 rise
2157 3426 37 34 in
2216 3423 157 39 articles
2394 3424 47 38 of
2458 3424 209 37 American
2688 3423 193 51 produce.

1813 3478 33 37 A
1870 3490 119 39 paper
2004 3476 211 38 entitled''
2237 3476 287 38 Obser%ations
2541 3477 46 50 by
2611 3488 48 25 an
2682 3477 191 38 Austrian

1759 3528 73 40 has
1852 3530 96 39 been
1981 3529 181 39 received
2185 3530 35 35 in
2244 3529 76 37 this
2350 3533 187 34 country.
2600 3531 33 34 It
2663 3528 125 38 forms
2807 3542 21 25 a
2849 3535 84 34 sort
2946 3531 48 38 of
3011 3531 67 38 vin-

1761 3582 175 39 dication
1970 3581 50 39 of
2049 3582 69 37 the
2137 3582 189 38 Austrian
2367 3582 274 50 preparations
2672 3581 64 38 for
2769 3595 98 31 war,
2897 3598 47 24 or
2961 3585 139 39 rather

1763 3650 112 24 more
1909 3634 187 52 properly
2115 3633 215 52 speaking,
2365 3633 50 39 of
2437 3637 66 35 the
2522 3634 256 52 precautions
2797 3635 215 52 employed
3032 3637 71 39 for

1760 3689 267 39 self-defence.
2092 3689 32 37 It
2156 3689 164 38 consists
2335 3686 144 51 chiefly
2502 3687 46 38 of
2564 3693 235 43 arguments
2816 3689 35 37 in
2874 3689 226 40 refutation

1761 3742 50 37 of
1825 3741 162 52 pointed
2008 3739 164 40 attacks
2191 3741 78 38 and
2289 3738 220 40 calumnies
2528 3741 129 38 which
2694 3739 104 39 have
2825 3742 201 51 appeared
3063 3744 39 37 in

1761 3794 151 38 several
1935 3794 146 38 French
2106 3806 159 39 papers,
2296 3793 96 39 such
2418 3806 41 26 as
2489 3793 66 38 the
2575 3793 164 40 Gazette
2765 3798 47 34 de
2832 3794 174 47 France,
3044 3795 60 40 Le

1760 3848 182 37 Journal
1957 3850 44 34 de
2020 3846 216 48 !'Empire,
2258 3846 77 39 and
2361 3848 58 37 Le
2441 3847 132 38 Public
2574 3847 90 38 Ate.

1818 3901 74 37 Mr.
1916 3898 176 40 Wardle.
2128 3899 28 38 it
2178 3900 31 37 is
2229 3899 99 43 said,
2370 3911 136 26 means
2526 3898 105 39 after
2653 3898 67 40 the
2753 3911 131 27 recess
2911 3905 44 34 to
2976 3912 129 28 move

1762 3950 65 39 for
1847 3964 50 25 an
1935 3951 156 51 inquiry
2115 3951 87 38 into
2222 3951 145 38 abuses
2385 3956 248 46 consequent
2668 3965 107 39 upon
2800 3966 122 38 every
2946 3954 162 48 change

1762 4004 48 38 of
1828 4002 357 46 Administration,
2211 4005 149 50 arising
2383 4009 73 33 opt
2489 4004 47 39 of
2563 4005 70 38 the
2652 4010 185 48 courtesy
2857 4006 151 44 shCwn,
3040 4020 45 25 ac-

1761 4054 171 53 cording
1968 4061 45 34 to
2046 4057 72 38 the
2151 4062 158 46 present.
2343 4062 163 40 system,
2542 4057 52 53 by
2630 4058 70 38 the
2728 4070 86 27 new
2837 4059 204 39 Ministers
3065 4067 44 33 to

1762 4110 106 39 their
1889 4109 279 53 predecessors
2191 4110 37 37 in
2250 4109 130 39 office.
2443 4111 67 37 We
2529 4109 97 39 hear
2647 4110 84 39 that
2752 4113 111 39 there
2884 4113 226 52 is.nothing

1762 4161 184 53 personal
1968 4163 38 37 in
2022 4163 70 37 the
2113 4163 187 38 intended
2323 4163 174 40 motion,
2511 4162 79 41 and
2611 4163 89 40 that
2720 4165 28 39 it
2779 4165 31 39 is
2829 4169 43 34 to
2894 4165 51 40 be
2962 4166 128 40 direct-

1763 4217 47 39 ed
1832 4215 206 53 generally
2062 4217 159 52 against
2238 4215 69 40 the
2327 4222 163 46 system.

347 115 307 58 APRIL-.

3407 2687 64 113 I

3394 3780 77 208 I
