3472 4417
1111 110 148 52 TIIE
1293 110 373 52 NATIONAL
1702 110 209 52 REGIS'

374 113 72 59 IL
471 116 50 46 g.

302 239 5 6 .
348 239 4 6 .

288 249 123 37 From
429 247 79 39 this
537 247 104 39 view
660 246 47 40 of
730 246 70 40 the
831 249 161 48 present
1022 248 104 38 state
1143 244 50 43 of
1222 244 71 43 the
1329 242 231 44 Peninsula,

235 299 35 41 it
301 300 33 38 is
366 312 91 39 easy
490 305 45 34 to
566 299 221 52 anticipate
820 299 71 39 the
926 302 106 37 most
1061 296 182 48 brilliant
1274 295 122 43 result
1424 301 45 33 to
1495 294 66 40 the

235 351 236 56 expedition
507 351 133 46 which
671 351 31 40 is
731 351 220 54 preparing
981 356 45 41 to
1057 350 74 41 sail
1162 350 125 40 under
1320 348 60 40 Sir
1409 347 152 44 Arthur

235 403 230 53 Wellesley.
523 406 35 37 It
591 403 80 40 will
703 407 171 38 amount
894 404 39 38 iu
952 403 69 40 the
1039 403 86 44 first
1144 403 193 44 instance,
1372 404 43 35 to
1436 402 125 44 altout

237 461 152 41 30,Q00
415 461 107 43 men,
552 469 26 27 a
598 456 89 53 larg
687 469 21 26 e
728 456 113 51 force
869 456 48 41 of
947 455 164 53 cavalry
1143 454 78 40 and
1243 454 174 50 artillery
1440 452 103 43 inclu-

237 509 92 39 dem.
385 509 74 39 We
493 514 155 35 cannot
680 508 91 53 help
806 508 248 52 expressing,
1093 520 52 26 on
1165 507 80 40 this
1263 506 201 41 occasion,
1491 516 74 26 our

239 567 137 46 regret
389 567 45 38 at
444 567 72 34 not
529 562 136 51 seeing
677 560 70 40 the
759 573 120 27 name
893 560 50 39 of
958 560 70 39 the
1046 559 154 52 gallant
1220 560 100 37 Gen.
1331 560 106 37 FERG
1447 572 19 21 ti
1474 572 91 32 SON,

239 625 154 43 among
426 615 67 38 the
522 613 167 52 general
715 613 156 45 officers
900 612 90 39 who
1022 622 246 41 accoivany
1289 612 60 38 Sir
1375 612 22 33 4

1527 625 34 21 It.

240 665 122 40 After
400 667 67 40 the
503 665 283 53 distinguished
824 664 170 40 services
1030 664 129 40 which
1189 664 92 39 that
1315 674 137 39 young
1489 663 74 37 and

240 719 265 48 meritorious
531 718 138 40 officer
700 717 190 45 rendered
909 722 44 40 at
980 717 66 39 the
1067 716 128 40 battle
1214 715 50 40 of
1296 716 191 47 Vimiera,
1508 719 59 32 we

237 776 107 43 trust
380 772 90 39 that
506 770 71 40 the
613 769 294 53 independence
943 769 79 39 anti
1056 769 191 52 integrity
1278 768 50 38 he
1346 767 219 51 displayed,

240 823 149 53 during
405 826 69 39 the
493 823 83 40 late
604 822 300 51 investigation,
931 821 81 39 will
1028 827 71 40 not
1117 821 48 47 be
1183 819 231 41 considered
1435 819 52 54 by
1509 819 59 38 his

242 876 210 53 Majesty's
485 875 202 40 Ministeri
715 887 43 26 as
791 887 25 26 a
830 873 353 52 'disqualification
1231 878 45 34 to
1306 870 137 40 future
1479 883 67 39 pro-

241 932 175 45 motion,
457 928 77 48 and
578 927 72 39 the
685 926 159 40 further
891 925 177 40 exercise
1096 925 50 47 of
1194 924 60 38 his
1304 922 263 53 professional

242 979 162 41 talents.
463 979 129 40 Could
652 992 57 26 we
726 979 209 46 'maintain
967 991 45 26 so
1055 969 227 63 despicable
1315 989 48 26 an
1403 976 165 51 opinion

244 1032 52 39 of
309 1033 106 39 their
438 1031 214 56 principles
681 1031 73 39 anti
789 1030 330 51 understanding.,
1150 1042 58 26 we
1239 1028 131 40 would
1389 1028 182 41 consider

243 1084 115 40 them
377 1085 73 43 the
467 1084 76 48 last.
562 1088 92 35 Men
672 1084 172 50 existing
861 1084 46 39 fit
927 1088 41 35 to
992 1083 48 38 he
1068 1081 210 45 entructed
1298 1082 94 39 with
1415 1081 67 38 the
1502 1080 45 46 ad-

242 1137 270 46 ministration
547 1137 50 39 of
626 1137 69 39 the
712 1134 185 52 country.
951 1134 118 39 :This
1100 1135 229 40 sentiment,
1357 1146 60 32 we
1453 1131 117 46 trust,

244 1189 34 43 is
296 1189 223 54 asgefieral
542 1202 41 26 as
613 1192 107 50 just;
750 1188 76 47 and
848 1201 57 25 we
938 1192 149 45 cannot
1106 1186 198 44 entertain
1320 1186 92 39 that
1437 1183 131 53 paltry

247 1240 168 53 opinion
433 1243 48 46 of
490 1253 77 40 any
583 1246 60 37 set
658 1241 48 39 of
719 1239 216 52 Ministers,
964 1253 44 27 as
1025 1245 43 33 to
1085 1239 176 51 iniag,ine
1277 1238 91 38 that
1385 1234 162 54 indepen-

246 1294 129 40 dence
390 1294 38 40 in
441 1292 67 43 the
529 1298 145 39 Senate
691 1290 189 44 excludes
911 1292 234 52 promotion
1168 1303 37 26 in
1225 1290 70 40 the
1315 1303 129 38 army.
1501 1290 72 38 We

247 1346 99 48 will,
373 1348 221 45 therefore,
609 1339 149 46 .rather
771 1358 171 38 suppose
961 1345 89 41 that
1070 1344 30 38 it
1119 1342 116 50 is-the
1254 1341 184 56 reported
1455 1341 99 45 indis-

246 1400 175 54 position
462 1400 50 39 of
531 1397 174 41 'General
705 1397 22 41 .
751 1400 241 43 FinswsoN,
1041 1396 79 38 and
1155 1408 54 26 no
1251 1394 94 41 !mkt
1383 1394 190 51 intrigue,

247 1447 133 47 which
398 1453 183 53 deprives
599 1452 70 39 the
687 1455 169 48 country
879 1454 41 34 at
953 1454 157 52 present
1128 1447 50 39 of
1198 1447 72 38 the
1292 1446 149 45 benefit
1456 1446 48 39 of
1519 1446 58 40 his

248 1501 163 44 talents.
1183 1544 8 1 _
1259 1544 14 1 _
1444 1544 12 1 _

302 1559 37 37 It
360 1557 67 44 has
446 1560 72 34 not
547 1554 221 53 transpired
789 1569 43 24 as
862 1558 83 39 vet,
964 1552 183 51 whether
1165 1551 70 39 the
1252 1550 112 48 force
1380 1550 124 40 under
1519 1550 59 39 Sir

247 1610 188 46 ARTHUR
454 1610 256 39 NVE.IESLEY
733 1609 31 37 is
795 1612 44 33 to
861 1605 151 45 remain
1045 1604 65 39 for
1139 1604 70 39 the
1227 1603 165 40 defence
1413 1603 48 39 of
1480 1605 72 38 Por-

248 1662 117 52 tugal
383 1678 12 28 ;
424 1675 46 26 or
489 1669 44 32 to
553 1658 209 56 Penetrate
780 1657 275 51 immediately
1083 1657 87 38 into
1192 1655 185 45 GalHein,
1397 1656 38 38 in
1456 1656 122 39 order

248 1717 47 33 to
312 1720 234 46 co-operate
568 1713 93 44 with
683 1713 67 39 the
769 1711 213 43 Asturians
1005 1709 79 40 and
1106 1708 234 46 Gallicians,
1367 1708 78 38 and
1465 1714 117 34 wrest

252 1765 110 48 from
381 1767 67 39 the
468 1780 142 39 enemy
632 1767 70 38 the
718 1766 91 38 fleet
829 1770 43 33 at
895 1761 151 43 Ferrol.
1083 1762 73 38 We
1173 1759 104 43 have
1297 1773 156 33 reason,
1474 1760 81 39 how-

252 1820 112 44 ever,
378 1824 44 34 to
437 1819 115 39 think
568 1820 92 45 that
676 1832 41 24 so
731 1817 265 54 enterprising
1009 1827 51 26 an
1076 1812 254 47 ollicer,with
1349 1812 70 39 the
1431 1825 152 39 powers

252 1871 217 40 entrusted'
485 1877 45 43 to
559 1871 102 46 hiin,
681 1870 76 39 will
775 1869 124 44 seize,
920 1867 96 44 with
1038 1866 170 52 avidity,
1228 1864 69 40 the
1317 1870 157 47 present
1494 1877 67 27 aus-

254 1923 156 52 picious
438 1916 184 53 moment
641 1929 41 33 to
702 1926 65 34 act
785 1936 54 26 on
860 1922 70 39 the
959 1918 206 48 offensive.
1224 1917 175 39 Caution
1419 1916 78 39 and
1517 1917 44 39 de-

252 1975 69 52 lay
335 1976 309 48 frustrated'the
665 1974 135 40 effects
811 1972 48 39 of
874 1972 70 44 the
961 1971 76 43 last
1056 1969 360 52 co-operation.By
1440 1969 145 52 vigour

254 2028 80 46 and
356 2029 172 51 rapidity
550 2041 59 26 we
646 2040 89 39 may
754 2039 94 34 now
870 2023 171 53 retrieve
1076 2022 72 39 the
1178 2021 189 41 senseless
1401 2020 185 40 blunders

254 2080 133 39 Which
404 2093 107 27 were
531 2079 236 47 corniiiitted
787 2076 148 52 during
948 2078 91 45 that
1061 2074 267 45 unfortunate
1342 2073 213 52 campaign
1573 2091 9 28 ;

254 2133 81 39 and
365 2134 169 43 recover
565 2132 71 39 the
661 2132 157 44 honour
850 2128 51 47 of
914 2127 67 40 the
1002 2127 146 41 British
1169 2139 120 28 arms.
1351 2127 124 50 Every
1494 2138 90 26 man

254 2184 53 40 of
318 2197 123 48 every
462 2191 117 48 party
601 2184 77 40 and
700 2173 239 66 persuasion
970 2184 105 39 must
1104 2179 99 46 take
1232 2191 50 26 an
1303 2177 202 40 animated
1528 2178 35 38 in-

253 2242 126 35 terest
416 2250 41 27 in
485 2237 70 39 the
585 2237 136 54 object
752 2235 47 47 of
833 2229 80 45 this
952 2232 257 52 Expedition.
1265 2231 41 38 If
1332 2230 254 45 successful,

253 2288 136 41 whilst
422 2291 33 43 it
482 2290 131 44 raiser'
650 2288 69 46 the
762 2285 182 48 national
991 2284 248 60 reputation,
1281 2283 77 38 and
1407 2281 117 40 offers
1565 2296 21 25 a

255 2342 165 53 greater
454 2342 151 38 chance
634 2336 65 50 for
737 2339 141 45 future
921 2341 190 47 security,
1157 2336 30 37 it
1234 2347 174 39 avenges
1452 2347 22 26 a
1520 2347 44 34 ge-

255 2399 150 34 nerowi
441 2394 78 50 rind
542 2399 61 33 'an
638 2392 200 52 outraged
872 2389 159 45 nation,
1059 2389 33 38 it
1133 2387 132 45 drives
1302 2386 70 39 the
1407 2386 182 40 invaders

257 2444 163 53 beyond
450 2445 70 43 the
555 2446 214 51 Pyrenees,
808 2448 30 35 it
867 2417 308 74 -re-estAlisheS
1206 2439 70 39 the
1304 2438 214 53 Spaniards
1548 2439 37 38 hi

257 2491 74 46 the
348 2500 217 50 possession
585 2497 51 40 of
648 2497 133 39 their'
782 2492 315 56 independence,
1126 2491 77 44 and
1224 2491 111 52 gives
1364 2491 110 39 them
1491 2491 98 39 time

259 2549 81 40 and
358 2552 142 38 !means
527 2555 47 35 to
595 2557 168 48 prepare
780 2552 163 51 against
972 2546 138 39 future
1136 2543 168 52 danger.
1359 2543 131 40 These
1522 2556 67 26 are

260 2601 178 47 motives
455 2601 200 57 powerful
671 2603 163 50 enough
861 2604 45 34 to
921 2602 184 50 'operate
1123 2608 52 34 on
1198 2595 128 39 minds
1345 2608 112 26 more
1483 2595 85 52 slug-

259 2654 125 53 glish,
405 2655 80 39 and
506 2668 53 26 on
578 2655 133 38 hearts
730 2654 113 39 more
862 2649 235 41 contracted
1119 2649 98 39 than
1248 2648 71 38 the
1341 2647 146 40 British
1509 2650 53 37 Na-

259 2708 92 45 tion
369 2718 104 31 were
502 2711 97 51 ever
627 2706 176 52 thought
833 2709 48 34 tci
913 2715 165 43 possess.
1137 2699 203 53 Formerly
1374 2712 50 26 an
1455 2705 65 33 act
1548 2700 48 38 of

261 2757 236 57 6PPression
516 2764 46 44 to
582 2765 25 33 a
624 2758 306 52 neighbouring'
951 2756 159 53 people,
1139 2752 145 45 roused
1310 2765 124 39 every
1465 2751 105 53 indig-

262 2813 273 50 nant-feeling
548 2813 15 38 -
563 2813 33 38 in
615 2811 69 45 the
704 2812 151 40 breasts
875 2810 48 44 of
940 2807 256 50 Englishmen
1221 2822 11 27 ;
1263 2804 76 39 and
1362 2804 104 39 their
1486 2804 103 40 hand

263 2865 80 39 and
378 2865 107 46 their
503 2874 126 46 purse
639 2863 100 48 were.
758 2861 211 56 willingly
970 2859 149 43 offered
1141 2861 35 37 in
1198 2862 168 47 support
1385 2856 47 41 of
1448 2856 69 40 the
1537 2857 38 38 in-

256 2916 126 53 jured
400 2922 133 50 party..
620 2916 113 53 They
768 2914 107 40 have
904 2917 73 37 not
1003 2909 286 54 degenerated,
1316 2921 59 26 we
1406 2922 71 25 are
1511 2922 64 26 cer-

263 2972 122 45 tain,.'
394 2972 109 40 froth
523 2969 125 41 those
666 2967 219 52 ennobling
904 2963 241 56 principles;
1175 2962 80 40 and
1273 2961 69 44 the
1365 2962 138 45 ardent
1535 2961 40 38 in-

262 3027 128 37 terest
403 3019 94 58 they
513 3021 81 47 will
606 3021 154 53 display
775 3033 56 31 on
844 3020 72 45 the
932 3021 161 53 present
1103 3017 204 45 occasion,
1319 3012 76 40 will
1406 3012 191 48 convince

265 3077 181 52 Europe,
489 3077 94 39 that
617 3074 73 40 the
719 3073 234 53 preminent
985 3071 116 46 trait,
1130 3069 37 39 in
1200 3080 79 26 our
1310 3066 227 45 character,
1569 3066 30 38 is

265 3128 81 43 still
367 3128 81 41 the
467 3126 406 54 same.Sympathy
906 3124 40 41 in
979 3123 69 39 the
1085 3120 260 39 misfortunes
1372 3118 50 39 of
1446 3117 150 51 others.

263 3184 54 37 an
331 3175 150 46 'ardent
498 3181 97 40 love
614 3181 51 43 cif
679 3178 201 45 freedom,
911 3175 78 46 and
1017 3188 51 26 an
1087 3175 253 43 abhorrence
1359 3171 46 40 of
1417 3170 182 51 injtistice

1622 253 241 51 occupation
1881 252 50 44 of
1939 252 92 44 'this
2060 254 208 52 province,
2295 252 40 40 in
2363 263 25 25 a
2422 247 178 52 military
2622 241 113 57 point
2767 239 50 43 of
2833 241 115 44 view,

1625 304 30 39 is
1672 306 52 39 of
1736 306 70 39 the
1825 306 161 52 highest
2006 306 272 52 importake;
2308 304 77 38 and
2406 301 37 39 if
2457 301 69 39 the
2554 299 213 44 Austrians
2780 288 176 50 succeed

1624 357 39 38 in
1702 357 209 52 obtaining
1941 357 228 60 yossession
2209 357 50 40 of
2289 353 200 47 lCuffstein
2541 351 78 39 and
2663 361 79 27 one
2783 358 51 26 or
2868 350 84 40 two

1626 420 112 28 more
1772 416 208 38 mountain
2030 410 217 44 fortresses,
2288 406 70 39 the
2394 404 248 46 inhabitants
2695 397 256 46 themselves.

1628 461 89 39 who
1770 475 69 30 are
1889 462 67 43 the
1997 462 89 39 first
2120 459 322 52 sharp-shooters
2496 457 38 46 in
2580 456 70 39 the
2685 450 144 48 world,
2872 448 84 53 au4

1628 511 92 40 bold
1762 514 77 38 and
1873 513 283 53 enterprising,
2197 516 43 37 to
2272 523 48 34 an
2365 508 248 50 astonishing
2650 506 162 61 degree,
2842 502 113 48 frona

1628 565 66 39 the
1716 579 91 39 very
1847 572 144 34 nature
2026 566 47 43 of
2095 566 106 39 their
2236 561 265 53 occupation,
2532 559 126 38 which
2700 570 28 35 is
2761 555 193 51 bunting.

1629 618 77 38 wits
1736 620 48 35 be
1821 618 86 39 able
1941 621 45 34 to
2024 618 193 40 maintain
2250 614 104 45 their
2383 612 313 52 independence,
2726 608 33 37 if
2789 607 110 39 assist

1628 669 94 51 only
1752 670 52 52 by
1824 681 24 26 a
1864 669 116 40 small
2001 670 197 51 auxiliary
2219 666 112 43 force
2362 665 50 39 of
2433 664 222 44 Austrians,
2683 659 161 54 against
2876 669 80 39 any

1629 722 171 39 number
1819 722 69 50 the
1905 736 142 26 eneniv
2072 719 78 40 will
2172 722 48 37 be
2238 719 90 37 able
2349 725 41 31 to
2421 716 142 44 detach
2587 713 156 53 against
2763 710 112 39 them
2893 709 66 39 foe

1631 785 110 28 sonic
1772 775 111 43 time.
1941 775 123 38 Their
2083 769 339 54 neighbourhood
2457 774 44 39 to
2530 763 253 43 Switzerlaud
2819 762 32 39 is
2885 772 73 28 an-

1630 826 119 39 other
1787 820 132 57 object
1954 827 48 43 of
2030 827 70 41 the
2132 826 159 51 highest
2320 819 312 48 consideration,
2662 816 77 48 and
2772 827 58 27 we
2865 823 92 38 cau,

1633 878 169 39 without
1822 892 73 38 any
1925 879 116 53 spirit
2078 878 51 41 of
2152 876 217 56 prophecy,
2398 872 171 60 predict,
2598 872 87 35 that
2714 863 142 50 should
2890 866 70 48 the

1630 931 193 51 Tyrolese
1859 934 87 43 rise,
1977 945 43 25 as
2048 944 60 25 we
2139 933 161 50 expect,
2340 938 38 26 in
2407 924 150 41 favour
2589 921 50 40 of
2666 919 104 44 their
2807 919 152 43 former

1632 984 231 44 Severeizn,
1891 983 70 39 the
1990 983 113 53 spirit
2141 984 40 37 of
2453 981 43 33 to
2526 973 187 47 Corsican
2738 970 226 57 041)091

1633 1033 76 39 will
1731 1038 72 33 not
1822 1033 48 38 he
1894 1035 189 46 confined
2104 1038 43 34 to
2165 1033 105 38 their
2306 1029 240 46 mountains,
2575 1025 76 40 but
2668 1023 80 46 wilt
2776 1036 21 25 c
2799 1030 142 50 ornm!;
2943 1043 17 8 -

2960 1067 6 7 .

1632 1087 135 39 nicate
1804 1082 154 58 rapidly
2010 1093 41 33 to
2104 1083 273 51 Graubinden,
2426 1082 77 45 and
2539 1080 41 39 th
2585 1081 22 46 e
2644 1075 159 48 smaller
2824 1067 144 56 AiWnis,

1633 1143 178 38 cantons.

1670 1192 87 38 The
1767 1191 339 47 demonstrations
2119 1189 124 45 which
2256 1201 69 32 are
2336 1186 182 51 making,
2532 1198 50 25 on
2595 1180 100 51 !Roth
2709 1178 118 45 sides,
2841 1173 123 56 along

1633 1241 67 39 the
1720 1244 204 44 extensive
1944 1241 81 41 line
2041 1243 50 39 of
2104 1244 184 41 frontier,
2303 1241 104 37 from
2431 1237 171 47 Gallicia
2615 1224 197 57 eastward
2833 1233 45 34 to
2893 1227 69 52 the

1635 1296 228 40 mountains
1874 1296 48 38 of
1935 1294 72 40 the
2026 1294 125 53 Tyrol
2163 1300 40 33 to
2220 1294 66 39 the
2301 1291 254 45 south-west,
2571 1299 67 27 are
2650 1298 43 26 as
2704 1277 261 57 formidahle,

1633 1359 41 31 as,
1689 1348 69 38 the
1768 1346 171 53 atrocity
1946 1346 120 39 ofthe
2078 1346 228 60 aggression
2321 1345 28 37 is
2360 1339 217 56 iniquitous
2588 1338 77 46 and
2678 1325 293 64 unprovoked;

1637 1398 77 41 and
1729 1400 69 38 the
1818 1401 170 38 motives
2011 1403 43 37 to
2070 1404 211 40 resistance
2298 1394 257 59 imperiously
2580 1395 162 51 urgent,
2802 1385 167 56 Duripg

1638 1452 77 38 this
1729 1450 119 46 awful
1864 1452 185 44 interval,
2063 1450 69 39 the
2146 1449 107 47 mind
2267 1449 48 41 of
2322 1449 69 37 the
2402 1447 187 39 observer
2601 1444 30 38 is
2644 1436 214 58 impressed
2870 1437 96 38 with

1637 1504 283 53 inexpressible
1938 1504 220 39 sensations
2172 1502 98 47 ;it
2290 1501 211 39 fluctuates
2529 1493 234 52 incessantly
2781 1493 189 44 betwee

1639 1556 69 39 the
1739 1560 197 47 strongest
1954 1556 104 41 fears
2082 1556 76 39 and
2192 1554 137 50 hopes,
2357 1551 174 46 without
2549 1546 224 60 indulging,
2802 1544 69 41 for
2889 1544 40 64 an
2949 1544 20 64 7

1639 1609 115 44 time,
1785 1610 38 35 in
1841 1607 130 43 either
1987 1607 203 41 unmixed.
2246 1604 144 44 Whilst
2409 1617 58 26 we
2481 1606 146 37 cannot
2644 1599 74 40 but
2730 1596 156 41 admire
2898 1596 72 38 the

1641 1659 309 47 determination
1980 1659 50 39 of
2042 1659 177 44 Austria,
2249 1657 77 44 and
2347 1669 69 27 are
2435 1656 131 54 happy
2588 1657 45 34 to
2665 1649 183 56 perceive
2867 1644 106 48 'that

1642 1711 71 39 her
1728 1724 201 26 measures
1946 1711 246 51 correspond
2215 1710 91 39 with
2327 1710 70 37 the
2417 1708 146 52 danger
2580 1706 87 39 that
2692 1706 168 48 menate
2872 1697 97 44 her;

1642 1763 132 39 whilst
1807 1776 59 26 we
1881 1763 99 40 take
2008 1763 70 46 the
2096 1762 183 45 liveliest,
2309 1761 69 41 the
2396 1765 106 34 most
2529 1755 183 56 personal
2746 1754 172 45 interest,
2930 1748 40 40 in

1644 1815 70 38 her
1726 1817 102 45 fate,
1844 1817 74 40 and
1930 1817 104 39 ofter
2053 1828 56 39 up
2128 1821 43 37 to
2186 1815 90 39 that
2295 1826 148 40 power,
2467 1811 86 39 who
2574 1808 113 40 holds
2706 1806 69 40 the
2784 1801 188 53 destinies

1644 1865 50 40 Of
1716 1869 158 39 nations
1892 1869 37 38 in
1951 1869 59 39 his
2046 1869 123 41 hand,
2197 1867 70 39 the
2296 1871 103 39 west
2426 1864 159 47 fervent
2622 1858 288 54 supplications
2929 1856 43 43 in

1646 1912 70 52 her
1753 1919 163 61 behalf-
1916 1933 25 47 T
1941 1933 77 47 our
2035 1922 162 50 anxiety
2218 1919 76 43 and
2315 1918 125 39 alarm
2472 1916 74 48 inci
2558 1928 90 28 case
2679 1926 37 32 Ri
2732 1909 243 56 proportion

1646 1985 41 25 as
1708 1972 71 39 the
1796 1972 170 41 decisive
1988 1977 181 34 moment
2187 1971 262 52 approaches.
2506 1964 94 43 'fills
2621 1976 224 27 uneasiness
2867 1964 107 39 must

1646 2030 72 32 not
1740 2027 48 35 be
1808 2024 210 52 explained
2039 2039 41 25 as
2109 2024 69 40 the
2211 2023 118 41 eftect
2360 2022 50 41 of
2431 2020 246 53 despondent
2706 2015 268 53 anticipation

1646 2076 50 38 of
1720 2076 259 45 misfortupes
2013 2080 123 50 likely
2158 2081 41 34 to
2231 2073 246 48 overwhelm
2505 2073 89 45 that
2613 2081 135 43 power
2761 2085 13 27 ;
2818 2068 31 38 it
2882 2078 94 44 pro,

1646 2130 131 46 ceeds,
1808 2130 102 38 from
1931 2143 25 26 a
1975 2128 298 40 consideration
2288 2127 70 38 oft
2367 2128 96 41 hose
2478 2125 89 39 that
2585 2128 89 46 May
2692 2133 136 27 ensue.

1700 2180 236 50 The-stake,
1975 2181 128 44 which
2135 2180 93 45 both
2252 2179 148 53 parties
2425 2191 72 27 are
2512 2177 124 53 going
2657 2180 40 32 to
2721 2173 91 54 play
2835 2171 77 44 f'or,
2944 2170 32 41 is

1648 2246 43 22 so
1711 2233 220 53 extremely
1955 2232 191 56 unequal,
2176 2233 89 40 that
2284 2232 77 43 this
2381 2243 96 39 very
2509 2232 291 38 circumstance
2818 2224 113 51 gives
2949 2233 26 26 a

1650 2297 112 26 more
1791 2291 150 33 sombrc
1961 2285 216 51 colonriog
2196 2288 44 40 to
2259 2296 76 30 our
2354 2281 317 53 feelings;--the
2701 2288 168 37 success,
2908 2285 65 35 or,

1648 2342 40 33 at
1719 2343 119 39 most,
1883 2337 67 39 the
1998 2337 70 39 life
2117 2337 50 38 of
2205 2350 22 24 a
2265 2335 163 52 solitary
2476 2334 142 39 ruffian
2653 2331 31 38 is
2717 2328 78 39 laid
2815 2324 163 61 against

1648 2388 70 47 the
1755 2402 154 39 repose,
1949 2389 311 53 independence,
2315 2385 78 47 and
2438 2386 188 51 morality
2665 2381 50 41 of
2746 2393 48 26 an
2845 2378 131 39 entire

1648 2448 233 43 generation
1897 2446 8 33 !
1980 2443 89 38 The
2106 2441 89 39 idea
2241 2438 272 53 immediately
2557 2435 237 46 substitutes
2846 2431 110 52 indig-

1648 2497 141 40 nation
1827 2494 64 43 fqr
1928 2494 227 52 nneasiness
2170 2510 12 31 ;
2228 2493 78 45 and
2341 2505 59 26 we
2433 2491 111 44 take,
2577 2490 158 52 leaving
2773 2497 79 31 Our
2887 2489 93 37 own

1649 2545 181 44 national
1851 2549 181 44 interests
2057 2551 74 34 out
2163 2545 48 40 of
2224 2545 67 39 the
2306 2544 202 52 question,
2537 2555 50 26 an
2606 2537 221 45 animated,
2843 2549 24 26 a
2885 2541 94 47 par.;

1651 2598 69 39 tial
1757 2603 92 48 part
1886 2600 38 38 in
1959 2598 149 46 favour
2145 2597 48 44 of
2233 2597 174 45 Austria.
2483 2596 74 38 She
2591 2595 31 38 is
2657 2593 69 39 the
2761 2593 119 52 party
2921 2588 40 38 in-

1646 2650 118 50 jured
1788 2667 12 27 ;
1831 2652 31 37 it
1881 2650 30 39 is
1935 2649 72 41 she
2026 2652 91 41 who
2138 2649 109 52 plays
2262 2655 43 33 at
2322 2648 94 41 such
2439 2647 172 53 unequal
2626 2642 260 50 oddsithat
2903 2640 80 39 had

1652 2704 67 39 the
1739 2707 162 47 present
1915 2704 156 51 subject
2089 2702 48 43 cif
2165 2702 234 45 contention
2431 2700 99 39 been
2559 2698 149 40 related
2727 2700 43 34 to
2791 2707 46 26 us
2857 2706 41 26 as

1652 2760 124 37 event
1795 2756 125 39 which
1951 2756 80 40 had
2066 2756 125 45 taken
2224 2754 111 53 place
2362 2765 112 33 seine
2503 2750 197 46 thousand
2734 2758 117 44 years
2882 2758 97 39 ago,

1652 2819 122 39 every
1804 2819 215 40 generous,
2054 2820 120 39 every
2211 2807 174 41 humane
2420 2804 191 59 principle
2650 2803 39 39 in
2724 2802 112 39 our
2836 2803 148 33 nature

1655 2858 132 41 would
1826 2859 47 39 be
1898 2859 190 53 instantly
2126 2859 141 48 roused
2300 2856 52 57 by
2376 2857 67 40 the
2476 2855 148 43 recital.
2681 2856 78 39 But
2781 2850 110 39 when
2914 2849 70 39 the

1655 2924 243 32 occurrence
1916 2913 31 39 is
1968 2914 161 52 passing
2160 2910 135 45 before
2315 2923 74 27 our
2409 2923 89 26 own
2517 2921 116 39 ekes;
2702 2908 74 38 hen
2820 2909 31 32 it

1656 2978 115 26 corns
1789 2978 24 26 a
1833 2965 296 54 neighbouring
2147 2963 73 39 and
2239 2976 24 26 a
2282 2962 171 53 friendly
2476 2967 102 35 state
2593 2973 69 33 ;is
2769 2959 32 43 it
2830 2955 31 38 is
2887 2954 102 52 only
3004 2954 5 65 '

1659 3018 69 39 the
1743 3017 164 53 prelude
1928 3022 43 34 to
1991 3015 335 50 demonstrations
2344 3013 51 43 of
2408 3028 24 25 a
2446 3012 120 43 much
2585 3025 113 26 more
2730 3007 146 44 hostile
2910 3006 80 39 and

1659 3067 198 53 alarming
1873 3070 191 52 tendency
2083 3071 155 51 against
2254 3067 313 44 ourselveswe
2594 3064 96 40 then
2719 3061 78 41 feel
2818 3059 54 39 all
2901 3059 92 39 that

1661 3122 164 40 interest
1843 3135 43 26 or
1898 3123 233 52 sympathy,
2146 3122 37 39 in
2197 3120 105 48 their
2322 3125 184 40 warmest
2520 3117 204 50 eft'usions,
2738 3128 73 27 can
2826 3112 162 51 inspire.

1714 3175 90 46 The
1821 3172 83 43 fate
1922 3175 51 38 of
1983 3176 162 38 Austria
2161 3174 158 40 decides
2339 3172 89 47 that
2447 3171 48 43 of
2517 3174 177 50 Europe.
2756 3169 41 39 if
2815 3167 71 39 she
2906 3162 86 46 fall,

1662 3227 250 53 oppression,
1931 3227 98 39 with
2050 3227 70 39 the
2137 3226 170 53 rapidity
2328 3226 79 45 and
2435 3223 254 41 devastation
2709 3221 51 39 of
2773 3234 24 26 a
2817 3222 175 40 torrent,

1665 3280 126 41 which
1812 3279 38 40 in
1870 3280 48 38 its
1933 3279 202 53 alarming
2156 3292 183 40 progress
2354 3276 80 41 had
2454 3278 98 38 been
2572 3273 219 43 restrained
2813 3273 52 52 by
2883 3283 74 26 son

1663 3338 142 53 strong
1822 3332 72 46 and
1916 3332 97 52 high
2031 3332 170 45 mound,
2220 3332 31 44 it
2270 3335 41 34 at
2331 3330 73 40 last
2424 3334 124 47 swept
2567 3341 130 38 away,
2712 3318 81 47 will
2807 3320 103 44 level
2928 3325 38 46 th
2966 3325 38 46 6,

1667 3384 222 52 remaining
1910 3390 130 34 traces
2057 3384 51 39 of
2122 3383 309 53 independence.
2464 3384 44 37 In
2526 3380 72 40 less
2619 3380 97 40 than
2733 3391 22 26 a
2776 3391 97 40 year
2893 3374 97 40 after
2989 3374 20 40 .

1667 3438 90 39 that
1770 3443 136 39 event,
1936 3449 25 26 a
1981 3437 74 39 flat
2073 3436 51 39 of
2137 3436 69 39 the
2223 3441 154 47 tyrant,
2396 3433 106 44 after
2522 3432 151 52 having
2693 3438 96 34 torn
2807 3430 106 39 from
2931 3429 76 46 the.

1668 3489 194 40 Russians
1880 3488 53 40 all
1952 3488 72 41 the
2039 3489 262 52 acquisitions
2320 3488 94 52 they
2430 3487 105 40 have
2556 3485 117 40 made
2692 3487 109 39 since
2815 3482 71 39 the
2903 3482 102 39 time

1667 3541 50 40 of
1731 3543 143 38 PETER
1893 3555 86 26 Tar
1997 3543 171 44 GREAT,
2181 3540 78 40 will
2280 3554 240 40 pronounce
2537 3539 112 43 them
2670 3550 26 26 a
2715 3542 137 34 tartar
2870 3534 138 48 horde

1668 3599 72 34 too
1761 3595 112 44 rude,
1889 3599 71 34 too
1981 3606 165 40 savage,
2165 3599 44 34 to
2230 3593 104 40 rank
2361 3606 154 39 amoug
2542 3592 70 40 the
2631 3588 188 43 civilized
2842 3587 164 44 nation*

1668 3646 50 40 of
1729 3648 174 52 Europe.
1961 3647 155 39 Should
2143 3646 94 40 such
2259 3660 26 25 a
2304 3646 141 51 period
2465 3645 161 45 arrive;
2655 3641 144 41 should
2819 3641 91 39 vice
2926 3640 79 39 and

1668 3700 222 39 cowardice
1907 3699 188 45 occasion
2128 3713 45 25 so
2211 3700 231 43 monstroni
2461 3711 24 26 a
2505 3697 248 44 revolution,
2781 3706 122 40 every
2924 3692 81 40 evil

1671 3752 128 39 which
1821 3752 66 39 the
1916 3751 201 41 insolence
2145 3752 50 40 of
2216 3750 219 44 successful
2466 3750 180 51 villainy,
2676 3763 46 25 or
2756 3748 70 40 the
2854 3745 156 40 wildest

1668 3804 200 52 suspicion
1887 3804 47 38 of
1936 3804 25 53 -
1961 3804 156 53 gloomy
2137 3803 234 54 despotism,
2393 3816 76 27 can
2489 3803 142 46 inflict,
2652 3801 74 40 will
2740 3801 92 39 visit
2852 3796 155 57 largely

1669 3859 77 40 and
1768 3855 221 54 wantonly,
2009 3857 71 40 the
2099 3857 163 41 nations
2277 3859 48 39 of
2339 3859 71 39 the
2428 3856 130 40 earth.

1721 3909 131 40 These
1870 3921 70 27 arc
1972 3911 72 40 the
2082 3911 302 51 anticipations,
2414 3909 129 40 which
2565 3912 105 37 must
2691 3906 158 52 agitate
2884 3915 122 41 every

1672 3974 107 35 man,
1813 3974 41 25 as
1873 3961 113 39 often

2002 3974 17 34 .
2019 3974 33 34 as
2070 3961 52 40 he
2144 3964 158 40 reflects
2321 3977 52 26 on
2408 3963 69 40 the
2511 3960 22 52 .
2533 3960 207 52 :mpending
2761 3961 159 35 contest
2941 3958 46 38 be-

1672 4019 128 37 tween
1819 4017 149 38 France
1985 4015 74 39 and
2082 4017 177 46 Austria.
2317 4017 86 40 The
2424 4015 278 54 preparations
2731 4010 120 45 made
2867 4009 51 53 by
2939 4009 74 40 the

1672 4068 122 39 latter
1809 4078 164 35 remove
1994 4081 123 45 every
2138 4069 144 44 doubt,
2313 4069 92 39 that
2424 4069 72 39 her
2515 4069 268 51 government
2807 4063 32 40 is
2857 4067 74 37 not
2952 4063 48 38 in-
3000 4063 17 38 .

1672 4120 169 40 sensible
1856 4124 41 34 to
1920 4119 70 40 the
2021 4121 306 54 accumulating
2347 4119 98 54 peril
2477 4121 50 39 of
2541 4121 71 39 her
2626 4119 214 41 situation.
2896 4116 116 40 Loud

1672 4172 77 41 and
1767 4172 182 53 frequent
1968 4173 164 53 apieals
2148 4186 66 27 arc
2232 4175 116 44 made
2367 4179 44 35 to
2428 4173 70 40 the
2512 4179 64 46 pat
2585 4173 57 38 rie
2649 4173 86 37 tisir
2991 4181 19 40 V

3356 1212 59 20 RIM

3335 1819 70 47 IN

3420 1006 51 48 dl

3318 3048 58 100 I

3338 3669 60 26 I=

270 3234 83 45 and
372 3234 249 56 oppression.

320 3345 175 53 Though
515 3357 56 37 no
589 3347 190 41 accounts
791 3343 106 44 have
917 3341 99 44 been
1030 3338 175 53 recently
1219 3335 181 48 received
1419 3334 87 43 that
1522 3347 79 26 war

268 3399 76 41 has
369 3399 104 40 been
503 3397 198 52 formerly
720 3394 187 50 declare('
930 3394 189 47 between.
1142 3393 152 37 France
1312 3390 77 39 and
1423 3389 180 44 Austria,

266 3452 155 47 letters,
436 3449 239 54 containing
693 3449 139 40 adVice
853 3446 51 43 of
924 3448 71 39 the
1012 3446 347 41 commencement
1378 3441 50 41 of
1450 3439 133 47 hostili-

263 3506 97 45 ties,
400 3504 105 50 have
541 3504 104 43 been
681 3501 176 52 recently
896 3497 180 45 received
1113 3497 107 40 from
1260 3494 190 41 flatland.
1520 3493 86 39 The

265 3559 91 39 first
386 3569 113 35 scene
519 3555 53 41 of
599 3554 154 47 action,
780 3566 45 33 as
843 3566 60 27 we
922 3552 79 40 had
1033 3562 141 30 reason
1194 3554 44 35 to
1259 3547 237 50 anticipate,
1527 3559 78 25 was

266 3609 162 54 Tyrol;
454 3622 25 28 a
506 3609 165 39 theatre
700 3620 45 27 so
772 3605 243 44 favourable
1046 3607 46 41 to
1126 3601 162 40 Austria
1305 3596 5 67 '
1345 3596 183 41 whether
1546 3609 60 27 we

265 3664 190 41 consider
472 3663 69 40 the
554 3661 142 41 former
696 3661 24 41 .
741 3658 163 60 loyalty'
917 3657 48 41 of
978 3657 70 40 the
1067 3657 126 39 brave
1211 3652 79 40 and
1312 3651 129 53 hardy
1462 3663 113 28 moun-

265 3716 196 46 taineers,
488 3715 132 41 which
656 3712 157 41 neither
844 3709 244 45 difficulties,
1107 3719 77 28 nor
1199 3707 187 41 disasters
1406 3704 78 40 had
1505 3703 98 40 been

265 3768 97 40 able
399 3774 47 37 to
480 3768 139 47 abate,
650 3767 41 40 in
718 3767 152 39 favour
891 3763 51 44 of
969 3762 71 39 the
1057 3762 141 39 House
1230 3757 51 50 of
1296 3756 234 52 Habsburg,
1559 3768 48 25 or

266 3821 96 40 that
407 3821 50 46 of
498 3816 338 53 Lorraine;the
881 3814 208 43 Austrians
1142 3814 106 38 have
1292 3809 102 40 been
1437 3820 149 32 success-

267 3873 80 41 ful.
404 3874 89 39 The
516 3872 119 46 affair
656 3867 102 45 took
776 3868 119 56 place
912 3881 53 27 on
994 3867 71 39 the
1087 3865 91 45 tith
1198 3865 78 47 ult.
1306 3862 76 40 but
1398 3862 71 39 its
1469 3865 138 37 extent

267 3939 52 26 or
347 3925 263 52 thenumber
631 3925 50 46 of
693 3930 141 47 troops
866 3919 184 57 engaged
1083 3932 53 26 on
1162 3917 100 45 both
1281 3915 115 45 sides,
1426 3926 59 27 we
1505 3909 104 43 haie

266 3984 78 35 not
376 3979 102 48 been
498 3978 93 40 able
622 3984 45 33 to
699 3974 220 43 ascertain.
974 3971 76 46 We
1084 3971 142 43 know,
1269 3967 206 46 however,
1502 3964 105 41 from

268 4032 195 52 previous
491 4036 211 39 accounts,
737 4029 89 44 that
846 4026 71 41 the
948 4030 163 50 greater
1133 4026 91 48 part
1258 4020 50 40 of
1320 4020 71 41 the
1411 4018 196 41 Bavarian

269 4090 145 47 troops
444 4097 105 27 were
567 4082 204 44 stationed
798 4081 141 46 there;
972 4077 76 39 mid
1081 4075 91 39 that
1191 4072 71 41 the
1299 4072 210 40 Austrians
1534 4069 74 41 had

267 4136 194 41 collected
482 4149 24 27 a
522 4149 105 40 very
645 4131 274 45 considerable
935 4141 113 40 army
1067 4128 38 39 in
1122 4127 69 40 the
1209 4122 326 67 neighbourhood
1535 4122 26 67 ,
1571 4122 47 40 of

270 4189 234 65 Saltaburf,
534 4189 132 39 which
1330 4180 32 38 T

794 4199 57 30 err
954 4181 190 44 frenticri
1165 4179 50 40 of
1243 4179 67 40 the
1370 4175 100 53 vcol.
1528 4173 43 60 Th
1571 4173 21 60 t
1592 4173 21 60 c

3294 2606 67 119 I

3291 3971 0 21 i
