3472 4417
1076 116 150 51 THE
1265 112 380 54 NATIONAL
1683 107 386 57 REGISTER.

188 126 100 54 234

181 269 52 43 of
255 274 71 35 her
348 270 252 38 inhabitants
619 285 11 27 ;
663 269 74 37 and
761 268 71 38 the
852 270 81 33 two
967 263 210 53 energetic
1194 261 344 54 proclamations,

181 322 217 44 addressed
418 325 48 51 by
504 324 69 38 the
612 320 223 40 Archduke
868 320 188 41 CIIARLES
1056 320 24 41 I
1111 330 78 26 one
1226 321 43 32 to
1304 315 66 38 the
1402 326 135 39 army,

182 377 78 44 and
278 379 70 38 the
385 379 123 35 other
535 380 44 33 to
606 377 71 37 the
711 373 106 52 body
841 372 46 39 of
902 373 70 37 the
992 370 146 53 people
1154 374 41 33 at
1217 367 128 52 large,
1376 367 96 52 give
1494 380 44 24 us

184 437 145 34 reason
352 433 46 35 to
429 430 106 50 hope
562 429 91 43 that
672 439 123 39 every
819 425 154 51 faculty
997 424 47 38 of
1069 423 69 39 the
1156 426 105 34 state
1293 419 77 40 will
1398 422 50 35 be
1467 419 47 39 ad-

183 480 296 56 vantageously
502 480 217 54 employed
742 485 43 33 to
808 491 152 39 oppose
978 477 69 39 the
1067 474 280 56 approaching
1365 472 174 51 danger.

185 536 89 40 The
293 536 117 40 force
429 534 51 39 of
502 536 70 37 the
592 547 162 39 enemy,
783 546 61 25 we
866 530 122 39 know
1011 529 105 39 from
1148 527 99 40 fatal
1279 526 259 53 experience,

183 589 37 40 Is
236 589 213 53 gigantic;
481 588 90 45 but,
604 601 56 25 we
683 586 211 44 maintain,
925 583 72 38 has
1013 583 136 39 rather
1168 580 246 40 diminished
1437 580 98 35 than

183 640 148 56 gained
352 641 110 40 since
482 641 67 39 the
568 653 122 39 peace
709 639 48 39 of
782 635 249 53 Presburgh.
1090 634 63 39 He
1172 645 152 28 cannot
1343 645 90 26 now
1453 644 58 27 em-

183 696 98 53 ploy
319 696 64 39 his
420 693 217 40 undivided
673 692 202 52 strength,
906 704 43 25 as
983 690 51 38 he
1070 686 69 40 did
1173 686 148 53 during
1352 686 70 39 the
1455 698 84 24 war

184 750 198 53 previous
429 751 44 34 to
513 745 89 40 that
638 756 261 33 occurrence,
943 743 39 38 in
1035 754 51 26 an
1126 739 143 39 attack
1315 751 105 40 upon
1469 737 71 39 the

187 803 195 40 Austrian
415 800 207 40 frontiers.
681 800 63 38 He
763 797 32 39 is
814 795 172 41 reduced
1020 798 44 34 to
1100 794 69 38 the
1199 791 185 40 absolute
1403 804 113 26 neces-

185 855 77 52 sity
302 855 51 39 of
392 850 285 53 maintaining,
723 856 43 34 at
813 849 115 44 least,
980 850 170 41 100,000
1187 857 92 30 men
1326 843 37 39 in
1402 843 137 52 Spain,

187 909 39 38 if
250 908 50 40 he
319 908 32 41 is
372 906 248 41 determined
643 908 43 33 to
706 902 129 41 retain
860 902 47 39 its
925 900 221 53 possession
1161 915 12 30 ;
1205 899 78 38 and
1305 898 89 40 that
1421 909 89 26 num-

190 961 74 40 ber
283 963 32 37 is
335 960 281 52 incompetent
637 956 64 40 for
717 958 66 38 the
802 969 187 38 purpose.
1038 953 89 39 The
1143 951 152 40 French
1317 951 112 38 force
1448 961 91 26 now

190 1015 44 40 in
250 1015 70 40 the
341 1011 215 43 Peninsula
568 1010 168 39 exceeds
757 1011 30 37 it
803 1026 12 27 ;
848 1010 76 37 and
946 1009 65 37 for
1025 1006 69 39 the
1111 1004 76 40 last
1207 1010 84 32 two
1313 1003 177 45 months,
1512 1002 33 38 if

189 1070 64 38 we
279 1071 151 46 except
457 1065 69 39 the
557 1069 169 47 capture
745 1062 50 39 of
820 1064 233 47 Saragossa.
1089 1059 97 51 they
1207 1058 103 39 have
1329 1057 105 39 done
1468 1068 47 30 no-

189 1119 122 56 thing
333 1120 59 52 by
415 1123 76 46 any
513 1130 136 26 means
676 1115 320 53 corresponding
1033 1111 97 40 with
1168 1110 104 39 their
1307 1109 86 40 first
1423 1120 93 30 exec-

189 1175 126 53 -40119,
346 1173 78 39 and
445 1162 106 50 their
580 1169 177 39 vaunted
788 1169 211 52 promises.
1057 1168 45 37 In
1135 1162 157 40 several
1331 1162 211 53 provinces

189 1227 105 39 their
320 1225 185 54 progress
524 1222 72 40 has
618 1222 99 38 been
736 1220 244 53 completely
1000 1217 180 43 checked
1195 1235 12 28 ;
1234 1217 41 39 in
1294 1215 135 39 others
1443 1215 96 52 they

156 1273 4 59 •
185 1279 109 43 have
325 1276 203 51 sustained
550 1287 178 45 reverses
746 1292 11 31 ;
791 1274 38 38 in
865 1273 52 39 all
947 1276 97 37 they
1076 1273 104 43 have
1213 1273 45 35 to
1287 1280 96 33 awe,
1421 1281 47 25 or
1500 1273 40 33 to

190 1332 176 39 contend
400 1328 94 45 with
531 1341 50 25 an
617 1328 219 52 impatient
887 1316 148 51 }instil;
1083 1323 257 56 population.
1401 1319 39 40 If
1473 1319 67 39 the

191 1384 231 53 Spaniards,
462 1381 217 53 labouring-
703 1381 126 39 under
848 1380 69 41 the
938 1380 237 52 impression
1196 1376 48 39 of
1260 1378 133 38 recent
1416 1374 103 40 disas-

190 1444 97 40 ters,
315 1436 105 40 have
438 1436 100 38 been
560 1433 93 40 able
673 1440 44 32 to
737 1437 92 46 stop
846 1433 113 41 them
981 1434 37 37 in
1038 1433 109 40 their
1165 1441 161 35 career;
1354 1427 31 38 it
1402 1426 31 39 is
1450 1440 67 26 rea-

191 1489 168 41 sonable
381 1495 43 33 to
445 1488 123 51 hope,
604 1486 92 39 that
724 1487 115 37 when
869 1486 96 51 they
986 1498 67 26 are
1084 1482 162 40 assisted
1273 1482 52 48 by
1349 1493 21 24 a
1390 1478 148 41 British

194 1543 111 40 force
325 1541 52 40 of
385 1545 150 45 40,000
555 1552 110 33 men,
685 1538 227 43 conducted
930 1539 52 37 by
1003 1539 67 38 the
1088 1543 106 34 most
1213 1533 228 51 intelligent
1461 1533 77 37 and

193 1596 272 54 enterprising
502 1593 162 39 officers
698 1593 35 37 in
774 1605 79 25 our
886 1591 163 43 service,
1081 1592 77 38 and
1180 1586 115 41 aided
1317 1586 47 39 by
1389 1586 124 38 Portu-

191 1664 126 38 guese
334 1645 291 54 co-operation
643 1662 12 30 ;
689 1645 92 51 they
811 1643 79 39 will
912 1645 50 39 be
981 1643 185 46 enabled,
1202 1639 96 39 with
1331 1630 73 48 this

191 1703 129 40 tional
341 1714 118 41 army
483 1700 59 44 of,
563 1703 44 33 at
627 1697 113 46 least,
770 1700 150 43 70,000
941 1710 105 30 men,
1063 1702 46 33 to
1129 1696 86 39 driv-

189 1755 109 40 from
330 1755 73 44 the
429 1750 168 56 capital,
639 1752 76 38 and
738 1762 146 41 pursue
906 1750 112 45 them
1035 1762 102 27 once

1168 1762 51 30 .m(

191 1808 112 39 walls
322 1807 51 40 of
381 1804 257 53 Pampeluua
659 1804 78 39 and
759 1802 239 39 Barcelona.

242 1860 235 51 According
500 1864 43 34 to
563 1857 253 54 probability
833 1856 80 38 this
940 1856 32 38 is
1004 1859 71 34 not
1107 1854 67 39 the
1207 1867 30 24 0.

191 1928 79 37 our
309 1916 286 37 Government
633 1907 79 40 will
743 1907 122 39 make
898 1909 39 37 in
965 1906 146 43 favour
1144 1906 50 39 of

194 1965 132 52 whole
347 1965 83 39 line
450 1963 48 41 of
521 1965 124 48 Coast
665 1963 106 39 from
794 1959 213 52 Boulogne
1043 1965 44 32 to
1120 1961 69 37 the

194 2019 102 40 Elbe
343 2022 107 35 mnst
483 2017 50 39 be
579 2014 196 53 carefully
808 2014 181 52 guarded
1038 2013 53 52 by
1140 2014 71 38 the

190 2074 120 39 there
358 2072 33 39 is
429 2076 73 32 not
535 2082 24 26 a
574 2072 105 48 Tart
718 2068 47 39 of
808 2068 89 37 that
931 2066 208 40 extensive
1187 2065 33 39 k

194 2118 33 48 is
255 2132 74 32 not
360 2121 253 44 vulnerable.
672 2120 104 45 And,
807 2119 35 38 if
866 2133 22 24 a
927 2118 91 53 plan
1051 2118 48 38 of
1123 2119 90 38 host

193 2180 115 44 sued,
339 2192 25 21 w
377 2178 90 37 Lich
500 2176 72 38 has
608 2174 102 38 been
746 2186 44 26 so
828 2171 228 54 frequently
1089 2184 144 26 r;:com,

190 2237 47 33 to
261 2232 67 38 the
351 2229 132 51 utility
508 2229 48 38 of
580 2226 130 39 which
743 2239 59 25 we
834 2225 102 39 have
957 2238 44 25 so
1037 2223 113 40 often
1185 2223 48 39 ad

195 2284 33 39 is
257 2290 72 33 not
370 2296 24 24 a
428 2281 145 51 league
600 2280 48 38 of
676 2281 133 43 Coast,
842 2276 103 39 from
970 2276 93 52 Boul
1063 2276 22 52 ,
1085 2276 94 52 :gue
1194 2281 13 33 t

191 2336 138 43 where
353 2349 60 25 we
436 2334 130 51 might
586 2336 72 33 not
676 2329 158 52 compel
856 2330 80 39 him
966 2335 41 32 to
1030 2330 103 50 keep
1165 2343 22 22 a

190 2389 71 39 for
275 2389 51 38 its
346 2393 247 47 protection.
653 2385 85 37 The
759 2383 170 38 services
967 2381 189 39 rendered
1193 2382 20 35 h

195 2456 86 25 RAN
293 2458 18 31 r
311 2458 19 31 )
458 2441 67 38 the
543 2438 200 51 imposing-
758 2434 181 43 sanction
958 2434 48 39 of
1023 2434 100 39 Lord
1147 2437 24 34 N

196 2493 183 52 strongly
400 2491 256 41 recommend
680 2490 66 39 the
774 2489 244 51 expediency
1042 2486 50 39 of
1119 2493 90 46 part

196 2548 73 39 the
299 2548 178 50 enemy's
496 2545 137 39 shores
650 2558 12 28 ;
700 2545 143 39 10,000
861 2554 87 25 men
970 2554 67 25 arc
1057 2539 154 53 adequa

197 2601 106 43 vice,
320 2598 79 39 and
424 2598 130 51 might
573 2609 152 38 occupy
744 2598 149 33 50.000
906 2595 46 37 of
963 2594 66 38 the
1044 2606 111 25 eiv2:o
1167 2607 34 31 y.

200 2657 45 37 to
265 2654 71 38 the
356 2665 111 26 same
480 2649 313 53 apprehensions
814 2647 74 38 and
911 2647 124 39 alarm
1057 2659 51 24 en
1128 2646 66 39 the

197 2720 46 25 as
257 2706 96 52 long
376 2717 43 25 as
450 2718 59 24 we
529 2702 195 39 maintain
757 2714 24 25 a
810 2700 112 38 force
941 2700 38 37 in
998 2699 132 47 Sicily.
1187 2700 47 35 W

196 2759 109 40 from
321 2757 191 53 thinking
534 2757 89 37 that
640 2754 69 38 the
726 2765 184 27 manners
931 2752 50 38 of
1039 2767 20 22 u
1176 2765 57 25 arf

196 2812 207 52 dilatory,
432 2823 47 26 or
514 2810 60 38 his
595 2809 279 38 Government
904 2819 43 22 so
978 2806 162 48 benign,
1173 2804 53 38 the

196 2864 217 53 implicitly
436 2876 51 26 on
504 2862 69 39 the
592 2859 171 40 services
783 2858 77 39 and
882 2858 208 39 affections
1110 2858 50 37 of
1172 2858 46 37 hi!

196 2930 104 27 were
320 2919 61 39 Sir
409 2917 110 38 JOHN
543 2917 209 37 STEWART
771 2917 45 33 to
840 2910 136 45 make,
1011 2911 33 37 in
1069 2910 66 39 the
1155 2923 76 40 pre:

196 2985 52 26 an
262 2969 144 40 attack
431 2982 105 38 upon
560 2968 60 38 his
641 2966 235 40 mushroom
899 2963 213 52 kingdom.

248 3025 64 39 Sic
330 3022 38 54 ly
420 3021 120 39 offers
600 3032 97 39 very
742 3022 117 47 great
913 3018 248 46 advantages

196 3090 27 28 a
252 3077 220 40 di%ersion.
542 3072 44 40 If
626 3072 70 40 the
730 3073 111 38 force
892 3070 126 39 under
1064 3071 58 38 Sir
1162 3071 67 37 Jo.

196 3144 106 26 were
339 3126 222 43 reinforced
596 3125 93 39 with
729 3123 94 54 only
861 3129 65 33 ten
966 3123 200 40 thousand
1201 3135 28 25 rn
1230 3135 15 25 ,

196 3188 76 35 sot
286 3183 94 52 only
407 3184 163 50 prevent
588 3182 143 35 Muria's
731 3182 21 35 ,
785 3177 105 39 from
913 3176 216 52 detaching
1163 3189 66 25 an'

194 3237 288 43 BONAPARTE,
516 3234 70 37 hut
613 3230 146 39 reduce
777 3230 89 39 him
887 3234 45 35 to
963 3230 69 37 the
1051 3228 165 40 necessit

194 3289 69 41 for
281 3301 128 27 some.
469 3289 43 38 In
529 3298 122 39 every
672 3283 112 52 point
811 3282 50 39 of
878 3283 100 38 view
996 3282 78 38 this
1096 3273 137 47 reintl;

194 3341 213 41 advisable
425 3358 12 28 ;
487 3353 41 26 as
562 3348 266 28 occurrences
862 3348 92 40 may
1000 3335 181 51 happen,

196 3397 143 40 render
359 3397 52 38 its
425 3391 286 53 co-operation
744 3391 35 37 in
806 3389 69 40 the
908 3387 324 52 neighbourhoo

195 3464 50 24 or
283 3449 165 46 Venice,
496 3444 176 40 decisive
710 3444 34 37 in
776 3441 152 40 favour
972 3441 46 38 of
1057 3441 169 40 Austria,

195 3503 209 40 4flversion
454 3497 175 41 towards
672 3495 130 39 either
836 3494 50 38 of
913 3495 111 39 these
1061 3495 151 52 points,

191 3556 35 39 ot
227 3556 19 39 -
282 3570 25 25 a
334 3554 103 41 hard
483 3550 209 41 contested
729 3548 230 51 campaign,
991 3548 130 51 might
1156 3547 64 38 inv

190 3612 74 39 Vie
320 3608 109 40 scale
462 3607 37 38 in
529 3604 151 40 favour
718 3602 51 38 of
796 3602 91 38 that
906 3613 150 40 power;
1087 3600 69 39 the
1176 3612 58 27 uni

191 3664 69 39 vat
287 3661 52 41 of
367 3676 25 25 a
425 3659 128 53 single
583 3656 202 54 regiment
821 3654 72 39 has
912 3653 112 40 often
1044 3652 163 40 decided

189 3716 143 56 nately
346 3715 151 52 fought
511 3717 289 46 engagement.
859 3710 33 37 A
912 3706 115 40 force
1044 3705 51 40 of
1106 3709 143 44 15,000

189 3784 94 30 rear
302 3771 51 39 of
385 3782 52 26 an
459 3764 194 53 invading
674 3769 132 45 army,
840 3759 131 52 might
990 3765 90 47 stop
1116 3759 32 38 it
1180 3758 38 39 in

188 3823 80 44 and
302 3823 117 40 force
452 3821 32 39 it
504 3824 44 35 to
585 3828 204 28 renounce
817 3813 53 40 all
906 3814 69 40 the
994 3814 247 51 advantages

187 3879 110 43 after
311 3892 24 26 a
351 3876 122 39 series
488 3873 50 41 of
549 3870 248 52 sanguinary
819 3866 197 40 conflicts.

246 3931 40 41 If
311 3934 112 37 these
455 3924 287 44 observations
770 3922 51 38 be
846 3925 103 47 just,
983 3922 174 38 BONAPA
1167 3933 52 22 TIT

188 3989 177 41 150,000
385 3994 92 28 men
494 3984 133 37 minus
643 3981 43 35 at
706 3976 60 40 his
787 3973 193 53 disposal,
1007 3973 96 39 than
1130 3972 50 40 he
1200 3971 22 39 b

189 4044 112 39 1805,
339 4037 118 40 when
498 4035 50 39 he
568 4028 267 45 commenced
868 4028 70 39 the
972 4026 74 39 last
1076 4039 79 26 war
1192 4038 33 40 a;

184 4091 66 44 lie
267 4094 72 38 has
361 4088 209 54 acgaired,
602 4091 45 33 to
666 4082 122 41 make
809 4093 54 41 up
893 4081 66 41 for
990 4081 77 38 this
1085 4078 92 45 loss,
1209 4091 18 25 a

182 4152 154 51 49,030
357 4139 302 57 Westphalians
691 4136 76 40 and
803 4137 156 39 Saxons
974 4136 9 34 !
1043 4135 78 38 But
1152 4131 77 38 wit'

180 4209 120 35 t7nce,
325 4198 77 40 wil!
422 4196 113 41 these
546 4192 289 43 unfortunates
855 4188 103 50 fight
978 4193 44 33 to
1036 4192 168 46 support

357 4251 52 43 of
452 4264 26 27 a
522 4253 144 50 tyrant
702 4245 93 53 they
836 4243 105 39 have
979 4253 45 27 so
1063 4239 120 41 mach

2642 98 221 54 APRIL
2902 102 31 51 9

1603 262 102 34 test!
1781 256 52 45 If,
1872 256 39 40 in
1963 253 182 54 political
2178 252 320 45 combinations,
2544 262 63 27 we
2657 262 70 27 are
2772 252 45 35 to
2857 246 100 41 take

1602 309 70 40 the
1722 308 170 54 feelings
1924 308 47 40 of
2019 307 194 40 mankind
2251 307 87 39 into
2374 302 320 46 consideration,
2740 300 71 41 the
2844 312 113 27 same

1604 376 259 40 repugnance
1896 367 106 35 must
2037 361 50 39 be
2120 359 74 40 felt
2229 360 48 52 by
2309 371 120 38 every
2452 356 221 43 individual
2709 354 40 40 in
2785 354 143 39 Germa-

1602 430 66 39 ny.
1728 417 115 51 They
1873 419 151 37 cannot
2054 412 93 40 wish
2177 420 43 31 to
2249 418 191 46 promote
2477 423 24 26 a
2531 416 152 46 system
2720 405 50 41 of
2799 406 157 52 rapine,

1604 470 128 39 which
1768 469 102 41 seals
1909 469 106 40 their
2042 480 91 27 own
2186 465 145 52 misery
2375 465 77 39 and
2480 462 292 52 degradation.
2842 458 113 52 They

1603 536 80 33 are,
1716 523 39 39 in
1791 523 81 39 this
1898 519 196 45 inoineut,
2138 519 70 39 the
2233 523 106 34 most
2379 516 214 40 miserable
2624 516 144 38 slaves.
2839 511 116 52 They

1604 576 105 39 have
1748 576 161 39 neither
1937 580 176 47 country
2160 585 77 27 nor
2283 582 117 31 name
2417 587 13 28 ;
2484 569 78 39 and
2611 569 107 38 their
2758 570 197 48 property

1605 630 30 39 is
1652 628 266 51 diminishing
1936 627 122 52 daily.
2119 626 133 43 Under
2282 624 69 40 the
2379 622 152 41 former
2554 620 220 40 Germanic
2802 619 131 38 consti-

1605 685 150 43 tution,
1773 683 66 39 the
1861 683 162 39 Princes
2049 692 92 27 now
2167 678 181 51 forming
2368 677 71 40 the
2460 673 177 43 Rhenish
2659 672 289 50 confederacy,

1605 748 105 30 were
1730 736 272 52 indepeodent
2022 733 254 50 Sovereigus,
2311 729 292 43 uncoutrouled
2629 728 52 52 by
2705 726 156 52 foreign
2894 715 58 48 in•

1605 789 172 46 thience,
1809 788 132 40 unless
1967 789 96 50 they
2087 783 246 60 voluntarily
2355 782 222 41 submitted
2601 789 41 31 to
2672 784 45 34 it.
2773 780 54 38 At
2858 789 91 40 pre•

1604 847 86 35 sent
1710 842 97 51 they
1822 854 70 27 are
1912 854 44 25 as
1975 841 132 48 abject
2127 836 126 41 slaves
2272 836 43 40 of
2335 836 72 40 the
2431 836 188 39 Corsican
2644 834 180 50 Upstart,
2852 830 97 46 and,

1606 895 38 39 in
1662 895 99 44 fact,
1782 907 116 26 more
1918 907 44 26 so
1980 893 94 39 than
2094 904 77 38 any
2192 891 51 39 of
2257 891 59 38 his
2340 888 210 41 Marshals.

1657 948 79 38 But
1757 947 90 39 how
1867 946 188 40 different
2075 945 32 39 is
2126 947 69 37 the
2224 948 159 46 present
2402 941 194 40 situation
2630 938 51 43 of
2713 935 163 44 Austria
2897 941 48 33 to

1604 999 111 40 what
1748 1000 31 39 it
1808 1012 81 27 was
1924 1005 43 34 at
1994 999 69 40 the
2081 1000 354 39 commencement
2466 993 47 40 of
2538 993 78 39 last
2637 1006 80 26 war
2733 994 7 34 !
2773 992 84 38 Her
2887 1003 43 25 ar-

1607 1054 96 39 mies
1739 1065 69 26 are
1841 1065 116 26 mere
2004 1048 247 48 formidable
2302 1049 78 38 and
2426 1061 221 27 numerous
2662 1063 11 27 ;
2722 1044 229 50 unanimity

1605 1107 122 39 exists
1753 1107 37 38 in
1820 1117 120 39 every
1970 1104 124 39 order
2126 1102 50 41 of
2199 1102 69 39 the
2298 1107 105 37 state
2420 1117 13 27 ;
2479 1114 84 24 new
2601 1097 214 53 principles
2848 1100 105 34 have

1607 1161 96 38 been
1739 1159 172 50 adopted
1928 1175 12 27 ;
1983 1162 69 34 the
2087 1156 163 39 ancient,
2277 1156 162 38 routine
2473 1153 71 39 has
2581 1154 99 35 been
2713 1148 229 54 exploded;

1607 1212 66 39 the
1703 1211 211 40 affections
1959 1208 51 41 of
2049 1208 70 40 the
2150 1207 144 53 people
2323 1207 105 38 have
2458 1207 98 40 been
2587 1204 209 52 engaged;
2842 1202 106 39 tbeir

1590 1254 1 64 •
1607 1265 106 53 passio
1714 1265 18 53 .
1731 1265 53 53 ,is
1830 1278 70 26 are
1928 1261 197 53 appealed
2163 1267 70 37 to;
2277 1260 71 39 the
2387 1259 202 50 language
2633 1258 50 37 of
2720 1254 229 47 patriotism

1606 1319 76 37 and
1702 1318 181 38 freedom
1922 1318 28 35 is
1971 1315 120 39 heard
2113 1315 106 39 from
2242 1312 70 40 the
2342 1311 266 51 Chancellery
2636 1313 45 34 at
2711 1309 156 38 Vienna

1590 1361 1 59 •
1605 1372 76 37 and
1702 1383 119 37 every
1844 1370 231 40 sentiment,
2105 1381 122 37 every
2258 1364 339 43 demonstration,
2627 1361 80 40 and
2745 1371 201 33 measare,

1606 1423 194 52 prochim
1817 1436 22 24 a
1859 1436 85 25 clew
1958 1436 71 24 ern
2049 1423 37 37 in
2107 1421 104 39 their
2232 1417 343 45 administration,
2604 1415 144 38 evince
2769 1426 24 26 a
2812 1413 136 38 better

1604 1476 112 52 spirit
1735 1476 35 37 in
1795 1476 104 38 their
1916 1475 194 44 councils,
2140 1474 77 37 and
2237 1473 105 38 shew
2363 1470 89 38 that
2471 1469 66 39 the
2557 1469 143 50 genius
2720 1465 48 41 of
2792 1479 25 25 a
2841 1467 107 38 Hero

1605 1530 73 38 and
1702 1543 25 25 a
1750 1531 158 37 Patriot
1944 1528 72 39 has
2046 1526 231 52 triumphed
2309 1537 103 27 over
2447 1521 157 40 former
2639 1521 196 52 intrigues
2868 1517 80 44 and

1605 1580 241 53 prejudices.

3446 97 25 65 )

1050 1658 117 31 Olen,
1202 1658 96 20 wan
1331 1658 73 20 tnis
1426 1658 113 19 anal-

1050 1702 59 38 ,to
1129 1696 113 39 drive
1264 1694 70 38 the
1354 1691 185 39 invaders
1880 1690 331 40 BONAPARTE
2239 1689 115 37 AND
2387 1684 260 39 MASSENA.
3457 1658 7 341 J
3464 1658 7 341 ;

1050 1762 86 27 mce
1170 1760 115 27 more
1316 1744 125 45 under
1472 1743 67 39 the
2192 1756 189 19 ---mm--.

3235 1672 27 254 i
3461 1721 11 22 1

1655 1795 64 39 An
1750 1794 196 40 anecdote
1965 1795 48 35 of
2029 1808 22 25 a
2068 1796 111 37 most
2198 1789 309 51 extraordinary
2530 1793 164 38 nature,
2717 1785 230 53 respecting

3461 1815 11 38 I

1050 1859 25 34 A
1107 1854 67 39 the
1207 1852 96 53 only
1336 1848 202 41 diversion
1605 1847 66 39 the
1691 1848 178 39 conduct
1898 1848 50 38 of
1963 1848 78 38 this
2069 1853 35 38 t.l
2119 1851 90 34 rant
2242 1845 177 39 towards
2452 1856 76 25 one
2565 1841 50 38 of
2648 1841 59 37 his
2735 1839 202 50 generals,

1050 1922 61 27 :air
1144 1906 50 39 of
1217 1906 175 43 Austria.
1452 1902 87 39 The
1605 1900 84 45 has,
1721 1902 65 38 for
1807 1915 111 25 some
1946 1902 98 38 days
2082 1905 103 44 past,
2218 1899 98 38 been
2355 1898 70 37 the
2446 1896 107 50 topic
2582 1893 48 38 of
2650 1892 286 39 conversation

1050 1965 37 32 to
1120 1961 69 37 the
1224 1958 142 43 mouth
1396 1955 48 40 of
1472 1956 67 37 the
1605 1955 37 37 ;u
1682 1952 52 39 all
1772 1954 67 38 the
1876 1945 254 46 fasho;nable
2165 1951 151 39 circles.
2394 1952 35 38 It
2469 1948 69 38 has
2577 1948 98 38 been
2714 1944 230 39 commimis

1050 2013 41 52 by
1140 2014 71 38 the
1246 2023 165 39 enemy;
1475 2007 64 39 for
1605 2006 113 39 cater!
1741 2010 41 33 to
1813 2020 22 24 a
1858 2007 216 38 nobleman
2106 2004 38 39 in
2176 2004 77 39 this
2289 2008 189 44 country,
2499 2003 50 39 by
2587 2013 48 24 an
2674 1997 161 52 English
2857 1996 91 39 offi-

3463 2022 8 38 I

1050 2066 89 39 'sive
1187 2065 94 43 line,
1310 2062 132 39 where
1489 2060 50 39 he
1605 2072 65 25 cer
1703 2059 151 38 abroad
2127 2059 31 37 it
2197 2069 90 39 may
2333 2056 50 39 be
2744 2062 90 38 says
2877 2049 71 38 the

3463 2089 8 26 1

1051 2118 48 38 of
1123 2115 211 41 hostilities
1358 2115 51 38 be
1446 2126 92 40 Four-
1599 2112 177 38 officer'S
1789 2112 135 46 letter,
1957 2120 27 15 ..
2008 2119 40 31 to
2069 2112 103 37 have
2190 2124 47 24 an
2259 2108 209 40 authentic
2490 2106 171 39 relation
2683 2102 47 39 of
2746 2102 71 39 the
2837 2107 35 32 at

1089 2169 322 44 rccominended,
1461 2166 74 39 and
1605 2165 113 37 cions
1729 2169 175 48 attempt
1919 2165 51 38 of
1983 2167 234 48 Ponaparie
2237 2167 41 32 to
2300 2163 164 50 destroy
2485 2161 198 39 Massena,
2702 2159 12 35 1
2733 2154 99 40 shall
2846 2160 105 33 state
3222 2154 4 63 ,

1050 2223 46 39 tfri
1102 2230 135 33 len
1238 2220 259 44 adverted,
1498 2219 126 39 there
1625 2217 51 37 it
1677 2230 57 24 as
1735 2218 77 37 it
1813 2230 103 26 was
1917 2218 102 38 told
2020 2219 61 39 by
2082 2231 54 25 a
2138 2229 52 25 cre
2193 2215 165 38 itlenian
2382 2213 90 39 who
2492 2212 77 38 had
2609 2212 28 34 it
2676 2209 106 39 from
2815 2209 133 37 Count

2121 2249 24 19 is

1050 2276 130 39 do“rue
1194 2281 44 33 to
1259 2276 67 37 the
1342 2272 194 44 Adriatic,
1604 2269 170 46 Tok'oi,
1814 2270 70 38 the
1918 2271 28 37 It
1958 2271 129 37 essinn
2126 2269 126 38 ambss
2252 2269 25 38 ,
2277 2269 102 38 ador
2414 2271 38 32 at
2694 2264 254 46 Bonaparte,

1102 2310 21 18 t.

1050 2342 83 38 reels
1165 2343 22 22 a
1221 2327 175 50 military
1426 2324 112 38 l'orce
1605 2323 198 44 nerthier,
1830 2323 200 43 Massena,
2059 2321 76 39 and
2158 2323 133 38 Count
2313 2317 171 41 Tolstoi,
2516 2329 105 25 were
2637 2327 50 24 on
2706 2328 21 24 a
2744 2311 195 51 shooting

1050 2381 105 39 lered
1193 2382 48 50 by
1266 2380 104 39 Lord
1403 2379 132 38 Coca-
1603 2380 117 46 party

1746 2375 21 58 .
1767 2375 175 58 together
1970 2381 43 33 at
2035 2374 311 43 Fontainbleau,
2379 2372 67 37 the
2466 2370 71 43 day
2563 2367 139 40 before
2722 2366 69 38 the
2825 2366 122 37 'Our-

1793 2431 19 9 .,

1050 2434 73 39 oord
1147 2435 193 38 NELsoN's
1355 2431 181 51 opinion,
1604 2441 69 38 per
1691 2427 72 40 left
1785 2431 21 37 1.
1818 2441 119 25 ranee
1958 2428 64 39 for
2044 2427 151 39 Eder:.
2254 2426 85 38 The
2360 2430 79 33 two
2459 2422 155 38 former
2635 2433 104 25 were
2759 2418 189 50 standing

1050 2486 41 39 of
1119 2486 145 53 partial
1285 2486 181 38 descents
1485 2496 51 25 on
1603 2480 191 52 together
1817 2480 35 38 in
1872 2480 67 39 the
1961 2493 139 26 course
2118 2479 48 38 of
2176 2480 65 38 the
2257 2480 96 40 day,
2375 2477 74 38 and
2461 2476 66 38 the
2544 2480 85 32 two
2646 2473 120 38 latter
2785 2484 99 25 were
2904 2474 44 33 at
3242 1923 8 24 'i

1057 2539 198 53 adequate
1277 2539 63 38 for
1361 2537 78 38 this
1457 2549 79 25 ser-
1602 2546 111 25 some
1734 2535 177 38 distance
1933 2535 102 37 trot»
2059 2533 126 44 them,
2219 2533 70 37 hut
2323 2531 106 38 close
2461 2533 41 33 to
2531 2526 102 39 each
2654 2523 295 41 oilier—when

1050 2606 151 32 eiv:iny.
1239 2594 59 37 lie
1316 2591 30 38 is
1362 2590 174 52 exposed
1605 2591 226 46 Bonapa.rte
1850 2587 128 38 seized
2016 2587 69 38 the
2119 2584 242 40 favonrabie
2383 2584 178 47 motnent
2594 2584 44 33 to
2666 2580 72 38 tire
2769 2575 174 52 directly

1057 2659 51 24 en
1128 2646 66 39 the
1212 2646 80 37 side
1305 2644 45 38 of
1368 2641 169 53 Naples;
1603 2644 40 32 at
1661 2642 197 43 Massena,
1874 2641 76 38 and
1969 2639 196 39 wounded
2185 2639 79 38 him
2284 2640 35 35 in
2341 2636 70 38 tie
2427 2635 81 37 face
2530 2633 78 38 and
2629 2646 89 31 e.,e.
2769 2630 61 38 He
2851 2629 97 38 then
3467 2629 5 65 0

1050 2699 80 51 oily.
1187 2700 74 35 We
1283 2711 67 25 are
1369 2708 90 39 very
1476 2689 87 45 far',
1604 2693 144 39 turned
1786 2693 130 38 round
1948 2698 41 32 to
2019 2693 196 41 Berthier,
2236 2692 74 37 and
2333 2687 221 40 demanded
2588 2686 91 35 who
2715 2683 78 38 had
2818 2682 96 39 tired
2933 2686 12 32 ;
3469 2682 2 67 ,

1050 2766 105 24 chAT
1176 2764 70 26 arc
1266 2764 44 22 so
1332 2763 90 38 very
1443 2761 91 25 cen-
1607 2746 178 39 lierillier
1807 2746 167 52 replied,
2006 2746 89 38 that
2126 2748 48 35 he
2209 2743 74 39 had
2321 2747 71 33 not
2411 2738 236 51 discharged
2672 2737 58 38 his
2759 2747 103 38 gun,
2900 2747 43 25 as

1050 2806 90 48 iign,
1173 2804 86 38 that
1289 2804 48 37 he
1357 2815 72 25 can
1455 2800 79 52 rely
1604 2799 28 38 it
1667 2812 79 24 was
1783 2803 66 35 vet
1900 2799 157 38 loaded.
2115 2798 89 38 The
2241 2799 141 48 tyrant
2426 2793 96 39 then
2557 2789 228 40 thundered
2823 2791 128 35 out—

1050 2871 40 24 ns

1110 2858 50 37 of
1172 2858 58 37 his
1246 2870 85 25 new
1346 2856 190 48 subjects,
1605 2854 129 40 Ou'an
1755 2865 50 26 ne
1833 2865 60 25 me
1915 2855 109 47 repli
2023 2855 21 47 q
2044 2855 45 47 ue
2109 2864 70 33 pas
2198 2854 13 32 .
2211 2854 14 32 1
2225 2854 43 32 ---
2268 2854 28 32 ,,
2323 2851 71 34 Let
2433 2861 60 24 me
2528 2845 106 38 have
2669 2856 52 26 no

1069 2910 66 39 the
1155 2915 159 48 present
1328 2913 210 46 juucture,
1578 2895 1 69 ,
1606 2907 195 38 Massena,
1841 2904 31 37 is
1892 2906 84 38 said
2010 2910 40 32 to
2074 2904 48 38 he
2154 2901 168 52 entirely
2361 2898 124 41 blind.
2559 2895 161 41 'l'olstoi
2754 2895 74 40 has
2865 2900 84 34 two

1050 2978 61 25 on.
1604 2959 110 37 shots
1731 2960 56 35 thi
1800 2957 111 51 °ugh
1933 2957 59 38 his
2013 2969 102 26 arm.

1050 3021 111 43 tages
1205 3015 37 38 in
1298 3014 149 39 favour
1495 3012 50 38 of
1577 3001 5 69 1
1656 3011 97 39 This
1769 3011 119 38 allair
1917 3011 28 38 is
1969 3022 43 26 so
2029 3008 171 53 vaguely
2224 3007 76 39 and
2322 3020 45 25 so
2387 3002 204 53 variously
2614 3001 145 43 stated,
2780 3001 91 39 that
2889 3012 61 26 we

1064 3071 58 38 Sir
1162 3071 113 37 Joarot
1326 3070 211 37 STcwanT
1605 3077 65 26 arc
1691 3063 170 39 inclined
1894 3069 43 33 to
1971 3065 128 46 reject
2132 3063 30 37 it
2180 3074 44 25 as
2245 3059 279 40 unauthentic.
2587 3060 81 35 Not
2691 3056 89 38 that
2802 3067 56 26 we
2881 3053 67 38 be.

1050 3124 116 37 usand
1201 3133 105 32 men,
1342 3120 28 38 it
1403 3117 132 41 would
1605 3117 102 38 heve
1729 3117 66 38 the
1815 3116 116 39 heart
1950 3116 48 38 of
2019 3119 265 34 BONAPARTE
2307 3112 132 39 would
2469 3109 122 41 recoil
2624 3109 107 39 from
2767 3107 70 38 the
2859 3118 90 40 per-

1050 3176 79 52 ling

1163 3189 76 38 any
1261 3174 213 38 assistance
1494 3177 44 33 to
1605 3171 202 48 petration
1832 3169 47 39 of
1897 3182 74 38 any
1996 3168 172 52 atrocity
2185 3184 11 26 ;
2231 3167 73 38 but
2327 3178 59 26 we
2406 3164 115 39 think
2543 3164 60 37 his
2635 3159 314 47 onderstanding

1051 3228 196 52 necessity
1272 3227 48 38 of
1342 3223 193 56 applying
1606 3222 133 39 would
1770 3227 165 47 suggest
1957 3235 19 24 a
2001 3221 72 39 less
2088 3220 200 51 bungling
2309 3217 165 39 me!hod
2498 3217 46 39 of
2571 3215 161 52 getting
2757 3215 58 38 rid
2837 3211 47 40 of
2897 3224 54 27 an
3468 3211 4 69 1

1050 3282 24 38 is
1096 3281 313 39 reinforcement
1435 3291 104 26 were
1605 3276 234 39 obnoxious
1860 3273 237 41 iudividual.
2158 3275 197 37 Masses/A
2380 3272 71 38 has
2472 3282 120 26 never
2623 3269 98 38 been
2752 3265 196 54 popular,
3195 3259 13 59 (

1050 3347 131 39 ippen,
1233 3333 129 39 which
1402 3330 135 53 might
1605 3330 131 38 either
1772 3328 96 39 with
1906 3330 70 38 the
2010 3340 132 38 army,
2176 3340 48 25 or
2259 3325 168 52 people:
2460 3327 90 46 they
2574 3302 296 69 acknowledge
2891 3318 60 38 his

1050 3386 201 40 )ourhood
1281 3385 50 41 of
1368 3386 170 43 Trieste,
1606 3380 175 46 military
1799 3380 171 46 talents;
2002 3380 73 39 hut
2100 3392 124 26 never
2257 3377 120 39 failed
2401 3376 224 39 to•honour
2647 3376 80 37 him
2753 3373 94 39 with
2880 3371 70 39 the

1057 3441 177 40 Austria.
1312 3441 33 38 A
1383 3437 156 52 trifling
1584 3455 8 24 c
1605 3435 90 39 title
1727 3426 50 46 or
1801 3436 156 47 Fripon
1978 3436 201 44 (Knave).
2239 3432 70 38 His
2348 3429 233 53 popularity
2614 3442 13 24 r
2639 3426 93 39 ould
2759 3426 104 38 have
2881 3437 70 25 ex-

1061 3495 151 52 points,
1241 3491 40 40 in
1316 3493 67 38 the
1419 3496 122 34 event
1605 3489 104 38 cited
1737 3501 54 26 no
1827 3485 130 40 alarm
1995 3487 38 38 in
2055 3487 66 38 the
2152 3487 131 37 breast
2313 3484 48 38 of
2393 3484 281 40 lioNaesn're,
2695 3478 98 44 and,
2811 3480 39 37 in
2872 3478 79 38 this
3465 3465 6 32 I

1050 3548 71 51 ght
1156 3543 273 52 immediately
1447 3549 92 33 turn
1606 3548 170 46 respect,
1808 3543 116 37 there
1962 3552 69 27 are
2061 3552 22 26 a
2117 3540 174 38 number
2328 3536 47 39 of
2404 3534 291 51 distinguished
2734 3531 157 39 officers
2914 3530 38 38 in
3464 3520 7 31 I

1050 3617 6 25 ;
1087 3600 69 39 the
1176 3598 249 52 unexpected
1441 3598 98 38 arri-
1607 3595 169 45 France,
1798 3594 109 45 who,
1939 3592 39 39 in
2016 3604 279 39 consequence
2334 3589 47 39 of
2409 3589 107 38 their
2546 3587 222 47 friendship
2800 3589 43 32 to
2864 3586 91 35 Mo-
3463 3572 8 33 i

1050 3652 157 40 decided
1237 3666 21 24 a
1281 3656 103 35 most
1415 3650 125 39 obsti-
1609 3661 132 32 REAL:,
1761 3646 118 40 stand
1899 3659 96 27 very
2026 3645 94 52 high
2158 3657 38 26 in
2236 3645 70 38 the
2342 3641 135 52 public.
2503 3646 151 34 esteem
2674 3638 182 45 ;—these
2883 3647 70 26 are

1050 3705 45 40 of
1106 3710 143 43 15,000
1276 3718 106 33 men,
1413 3704 40 38 in
1474 3703 69 39 the
1607 3702 223 38 Licounnr.
1867 3698 80 40 and
1983 3700 269 39 MACDONALD
2271 3712 11 26 ;
2314 3694 158 40 neither
2504 3693 46 39 of
2576 3693 136 38 whom
2746 3690 72 40 has
2854 3687 102 41 been
3464 3677 7 32 1

1050 3772 30 40 op
1116 3759 32 38 it
1180 3758 38 39 in
1254 3758 51 39 its
1337 3770 203 41 progress,
1606 3752 216 53 employed
1843 3751 109 40 since
1971 3752 70 38 the
2061 3749 93 43 trial
2186 3750 50 39 of
2251 3750 89 38 that
2370 3745 230 41 celebrated
2624 3745 191 39 General.
2876 3745 79 35 Ls-
3463 3731 8 32 1

1050 3817 191 47 vantages
1273 3811 35 40 it
1332 3809 209 57 acquired,
1611 3822 47 25 FA
1669 3821 143 26 VETTE
1833 3804 32 39 is
1885 3804 180 40 likewise
2085 3803 105 40 alive
2205 3820 9 30 ;
2248 3803 78 39 and
2360 3801 73 41 has
2452 3814 20 25 a
2489 3798 172 41 number
2676 3797 50 39 of
2743 3797 213 52 partisans.
3464 3793 7 21 I

1610 3862 180 38 Canyor
1826 3859 31 39 is
1887 3857 72 40 the
1989 3862 117 46 great
2130 3856 209 39 favourite
2375 3854 48 39 of
2452 3855 70 38 the
2555 3849 275 56 republicans,
2862 3849 93 39 who
3463 3835 8 34 1

1050 3933 197 26 xspAnTe
1269 3918 72 40 has
1370 3921 41 35 at
1442 3915 102 40 least
1610 3926 66 26 are
1693 3912 81 40 still
1794 3924 221 27 numerous
2034 3909 77 40 and
2132 3907 260 41 formidable.
2426 3908 78 39 But
2523 3920 44 25 as
2583 3905 97 51 long
2695 3917 44 25 as
2761 3905 191 38 MOREAU

1050 3986 53 26 ian
1130 3972 50 40 he
1200 3971 79 41 had
1311 3972 38 40 m
1367 3970 180 40 October
1611 3967 31 38 is
1670 3966 39 40 in
1731 3965 221 44 existence,
1983 3965 50 38 he
2065 3964 31 39 is
2140 3960 234 52 deservedly
2409 3954 67 45 the
2496 3964 119 48 great
2652 3958 137 48 object
2811 3954 48 40 of
2888 3956 70 40 the

1050 4010 1 69 .
1076 4039 79 26 war
1192 4025 159 53 against
1376 4022 167 44 Austria
1611 4022 174 50 tyrant's
1812 4018 293 51 apprehension
2143 4016 76 39 and
2244 4013 206 52 jealousy.
2520 4013 73 37 We
2626 4016 169 39 cannot,
2823 4010 135 39 there-

1050 4093 17 24 Is
1085 4078 92 45 loss,
1209 4091 50 26 an
1279 4078 202 39 accession
1502 4076 50 39 of
1611 4072 106 44 fore,
1747 4071 194 39 conceive
1978 4084 77 39 any
2089 4071 156 37 motive
2272 4081 44 25 so
2350 4063 261 56 imperiously
2647 4069 163 47 urgent,
2841 4076 43 24 as
2915 4069 45 32 to
3194 4056 17 34 ',
3462 4056 9 22 '

1050 4135 71 38 But
1152 4131 93 38 with
1274 4131 106 39 what.
1415 4129 131 41 relne-
1592 4124 24 57 ;
1616 4124 142 57 induce
1787 4126 234 48 Bonaparte
2052 4129 43 33 to
2121 4122 174 40 commit
2314 4135 45 25 so
2381 4123 269 46 intemperate
2669 4130 50 34 an
2757 4122 64 33 act
2837 4134 13 28 ;
2882 4117 79 39 and
3462 4108 9 24 c

1050 4192 154 46 ;upport
1225 4186 69 39 the
1306 4188 136 47 unjust
1461 4196 85 25 am-
1612 4179 71 38 the
1721 4178 113 44 time,
1866 4176 113 38 when
2013 4176 31 39 it
2078 4176 30 38 is
2139 4175 130 40 sated
2309 4180 45 33 to
2394 4174 104 38 have
2524 4170 126 40 taken
2687 4169 131 52 place,
2849 4182 44 26 co
2893 4182 22 26 i
2915 4182 45 26 n-
3463 4149 8 35 i

3461 4202 11 21 )

1063 4239 120 41 mach
1226 4252 119 27 cause
1384 4245 43 34 to
1481 4238 67 40 de-
1615 4231 146 56 kletely
1778 4228 257 44 undermines
2055 4228 47 41 its
2125 4227 242 53 credibility.
2441 4221 184 46 litassena
2648 4227 28 38 is
2695 4222 80 41 saii:
2792 4226 46 37 t'
2862 4224 104 40 hale
3468 4221 4 65 i

2113 4356 2 2 •
