3472 4417
0 0 189 48 MEI

172 167 97 45 elco

0 2756 139 412 p

1087 102 5 22 •
1154 110 6 8 •
1180 106 38 12 ••••
1276 105 8 7 •
1501 102 12 13 7
1581 102 6 2 •

1062 146 148 53 THE
1247 113 383 87 NATIONAL
1667 126 384 54 REGISTER.

180 292 202 39 lingaeucy
409 288 133 33 almost
586 287 35 31 in
651 288 64 28 the
741 283 143 39 highest
917 282 96 30 rank
1048 278 41 32 of
1116 276 63 32 the
1207 279 120 31 state,
1368 268 72 34 and
1468 267 61 32 the

182 338 126 44 limply
356 343 266 38 perseverance
666 339 35 25 to
733 330 131 32 follow
886 339 50 33 up
963 327 84 33 that
1080 322 250 43 arraignment
1355 314 93 34 with
1483 313 32 32 ir-

184 385 217 43 tefrogahle
422 380 126 47 proofs
567 379 43 33 of
624 380 109 40 guilt.
788 377 118 33 These
937 385 103 22 were
1071 372 85 33 such
1186 380 43 25 as
1259 373 37 26 to
1322 374 109 32 carry
1452 371 84 25 Con..

187 445 20 21 V
216 433 115 33 iermll
351 441 38 22 to
404 431 63 32 tile
482 429 97 33 mind
600 428 43 32 of
659 435 59 25 toe
739 432 152 27 country
915 435 25 21 w
954 424 152 31 herever
1126 418 61 34 the
1207 415 176 35 influence
1404 409 43 34 of
1462 407 50 34 Mi-

189 482 132 33 nisters
340 480 60 31 ti,d
420 484 63 26 not
503 476 161 45 prevail,
692 475 69 32 and
778 475 34 31 in
831 470 219 47 opposition
1076 474 37 25 to
1133 467 60 32 the
1213 471 87 26 vote
1316 459 43 33 or
1380 470 26 22 a
1421 467 87 34 map-

193 530 77 43 ri'y
283 528 11 33 i
337 526 242 34 Parliament.
607 523 69 33 But
693 519 330 38 notwithstanding
1043 516 79 34 that
1134 520 104 32 vote,
1250 513 64 32 the
1328 506 103 45 High
1453 506 67 33 Per-

211 586 137 32 oc.&,;e,
369 574 58 33 for
446 583 25 21 w
485 572 85 32 hose
588 570 227 33 vindication
835 570 27 30 it
887 578 74 22 was
983 563 143 45 passed,
1152 561 35 33 in
1201 557 220 46 opposition
1437 561 38 25 to
1491 552 50 34 all

195 635 46 24 tv
263 632 126 30 ..nice,
415 633 39 21 so
474 619 165 43 strongly
660 618 67 33 felt
748 617 61 33 the
829 626 94 22 sense
945 609 198 47 impressed
1175 617 98 35 upon
1304 604 63 34 the
1387 607 156 34 country

197 674 25 34 1)
269 673 60 33 the
348 669 130 46 proofs
494 674 151 35 against.
661 666 91 37 hint,
780 666 83 31 that
881 664 41 32 lie
943 660 159 43 thought
1137 665 139 37 proper
1297 658 37 27 to
1355 650 120 43 resign
1487 648 60 39 his

201 720 123 38 orLice,
350 718 69 33 anti
446 717 156 40 thereby
620 720 60 26 not
696 715 87 40 only
801 719 38 25 to
852 711 115 33 ail.oit
987 709 60 32 the
1070 705 139 45 proofs,
1231 704 64 31 but
1311 707 38 26 to
1363 696 183 46 reproach

201 770 64 33 the
285 772 103 28 votes
406 765 40 33 of
478 765 61 32 the
560 772 148 34 persons
731 761 85 33 who
834 759 110 33 chose
963 763 39 26 to
1033 767 72 21 suet
1117 754 83 32 ieee
1235 749 98 34 their
1351 758 53 21 ow
1417 756 21 24 n
1457 745 72 33 inte-

202 819 100 43 grity
322 813 70 34 and
423 811 213 34 conviction
669 810 58 32 fur
756 808 63 32 the
837 816 96 22 mere
958 811 161 37 purpose
1149 798 43 34 of
1224 798 56 32 his
1307 793 241 35 vindication.

206 865 35 32 ill
253 875 30 22 r.
304 862 254 34 Goodbehere
575 870 8 20 a
598 857 177 33 oncleiled
808 856 45 32 ire
876 853 220 44 proposing,
1122 848 60 34 for
1208 846 65 34 the
1300 844 182 43 adoption
1517 839 39 32 of

206 914 64 35 the
288 912 132 38 Court,
451 908 61 33 the
534 906 123 33 follow
672 906 60 41 log
750 904 146 32 Resolut
907 901 76 33 hots
998 911 9 22 :

257 973 33 34 1.
324 969 202 39 Resolved,
552 967 102 34 That
681 965 72 32 this
795 964 112 33 Court
948 961 83 38 has,
1070 969 44 21 on
1153 956 175 43 frequent
1354 951 207 37 occasions,

207 1020 158 34 evit,ced
386 1020 43 31 its
449 1016 227 34 detestation
694 1012 43 32 of
763 1011 63 33 the
860 1009 132 34 Public
1016 1007 139 33 Atm.:es
1178 1002 126 35 which
1341 1002 94 32 have
1469 998 91 31 been

210 1068 112 34 found
348 1072 35 26 to
403 1067 96 32 exist
522 1065 33 31 in
576 1061 149 34 various
744 1061 250 43 departments
1013 1055 44 33 of
1075 1056 57 31 the
1154 1054 120 37 State,
1293 1050 69 32 and
1385 1048 27 33 it
1431 1049 131 31 cannot

211 1119 63 31 but
293 1115 152 44 equally
467 1111 174 34 condemn
657 1109 60 32 the
741 1111 152 39 corrupt
917 1106 182 44 practices
1115 1098 206 45 developed
1342 1098 48 41 by
1411 1095 63 34 the
1488 1093 76 34 late

216 1163 269 40 Investigation
504 1159 126 33 before
651 1157 61 33 the
730 1156 194 34 Comment-
947 1152 128 34 House
1091 1148 41 34 of
1154 1149 244 33 Parliament.

262 1227 39 33 2.
335 1221 200 38 Resolved,
553 1219 100 35 That
672 1217 181 44 Ciwyllim
876 1213 117 34 Lloyd
1016 1209 169 40 Wardle,
1218 1208 90 43 Esq.
1329 1205 149 41 having,
1504 1212 43 24 un-

214 1273 109 34 awed
356 1273 47 30 by
425 1267 220 35 Nlinisteoal
679 1266 156 37 threats,
862 1260 197 34 exhibited
1078 1258 138 34 serious
1243 1256 163 40 Charges
1427 1250 141 44 against

214 1324 65 31 the
300 1322 77 32 late
394 1317 242 37 Commander
656 1313 34 33 in
709 1311 130 40 Chief,
868 1310 122 33 which
1015 1309 92 32 have
1134 1307 90 30 been
1245 1302 139 43 clearly
1406 1300 142 33 substan-

216 1370 136 38 tiated,
374 1367 66 32 and
467 1364 118 33 which
606 1363 94 32 have
720 1361 33 32 in
771 1359 76 33 fact
862 1359 56 32 hid
927 1356 87 34 treed
1033 1355 53 33 his
1111 1352 120 45 Royal
1258 1349 182 44 Highness
1457 1354 37 26 to
1517 1356 35 22 re-

217 1419 79 37 sign
314 1427 21 22 a
350 1414 180 33 situation
546 1409 175 37 of.which
738 1408 43 32 he
802 1408 28 31 is
850 1406 215 39 now,rthy,
1087 1403 27 31 is
1128 1398 154 35 entitled
1300 1403 37 28 to
1358 1397 63 33 the
1439 1400 131 28 esteem

217 1465 70 38 and
307 1461 187 45 gratitude
511 1460 44 31 of
565 1457 73 34 this
661 1457 116 33 Court
796 1455 69 33 and
883 1455 64 33 the
969 1454 182 40 Country.

269 1527 37 32 :;.
331 1521 211 39 'Resolved,
555 1521 100 32 That
673 1519 60 32 the
749 1517 152 33 Thanks
914 1513 41 34 of
972 1512 72 34 this
1067 1511 132 37 Court,
1217 1507 72 34 and
1309 1505 61 37 the
1391 1501 184 37 Freedom

221 1572 44 33 of
282 1574 73 31 this
374 1570 105 39 City,
517 1569 34 33 in
569 1578 22 22 a
619 1567 98 33 (hold
738 1564 106 38 Box,
876 1561 41 33 of
943 1561 63 33 the
1025 1559 106 34 value
1157 1556 46 34 of
1239 1556 65 33 100
1323 1552 172 39 Gaineas,
1531 1551 45 32 be

221 1618 197 50 pi-es:noted
439 1626 35 25 to
497 1616 32 34 C;
539 1616 142 44 wyllim
702 1613 118 44 Lloyd
843 1611 164 35 Wardle,
1036 1607 90 43 Eq.
1147 1605 34 33 in
1200 1600 162 46 grateful
1380 1600 195 40 testimony

223 1668 44 33 of
286 1675 63 26 tae
371 1667 84 43 high
477 1672 100 25 sense
593 1664 89 43 they
702 1659 183 35 entertain
905 1657 41 34 of
972 1657 65 34 the
1057 1654 94 40 zeal,
1172 1649 239 45 intrei)idity,
1429 1646 67 33 and
1514 1657 44 34 pa-

226 1716 17 32 t
242 1716 87 32 114.6
347 1726 57 28 :rn,
442 1711 128 35 which
600 1711 45 33 he
681 1723 39 21 so
751 1708 200 43 eminently
971 1702 154 37 evinced
1157 1700 37 35 in
1230 1698 80 33 that
1332 1697 158 34 arduous
1509 1693 70 37 and

233 1765 168 34 audahle
420 1760 269 43 undertak'N.

276 1825 85 37 The
381 1824 111 33 other
516 1820 255 38 Resolutions,
790 1817 198 41 consisting
1007 1813 46 35 of
1067 1811 118 40 three,
1217 1813 98 31 went
1330 1811 38 31 to
1385 1805 116 34 thank
1522 1805 58 33 Sir

234 1873 161 35 Francis
426 1871 170 40 Burdett,
637 1869 107 33 Bart.
780 1866 92 33 Lotil
904 1864 219 35 Folksioue,
1160 1857 148 38 Samuel
1349 1854 233 38 Whitbread,

236 1923 51 34 l's
304 1933 26 32 1.
344 1922 58 32 Sir
417 1920 148 33 Samuel
586 1917 137 33 Mimi!:
735 1928 35 21 v.
790 1915 89 32 Knt.
894 1911 158 33 General
1072 1909 201 38 Ferguson,
1290 1905 149 40 Ilarvey

1457 1902 129 38 Cltris—

233 1971 83 34 tient
339 1971 157 35 Connie,
530 1967 84 44 Esq.
635 1964 73 34 arid
737 1967 60 28 the
817 1968 66 26 rest
906 1959 43 33 of
964 1961 64 31 the
1133 1955 188 34 ;Vernbers
1457 1950 111 32 consti-

239 2017 105 34 tuted
365 2017 61 34 the
446 2009 180 39 minOrity
641 2026 9 26 ;
681 2019 37 26 to
739 2010 148 33 declare
908 2009 78 31 that
1009 2006 35 33 in
1064 2006 60 33 the
1144 2009 86 27 vote
1250 2011 39 21 of
1315 2001 58 32 the
1395 1996 194 45 majority,

239 2066 109 33 there
366 2074 73 22 was
459 2063 142 44 ground
620 2069 35 24 to
674 2056 214 47 apprehend
909 2056 26 32 it
956 2061 26 26 r.
981 2061 13 26 ,
994 2061 54 26 tist
1080 2054 93 31 have
1201 2049 122 33 arisen
1354 2046 94 33 from
1483 2033 89 45 influ-

240 2122 116 26 ence;
383 2122 43 22 an
442 2113 8 30 1
472 2118 37 25 to
526 2117 97 26 state
643 2108 61 32 the
724 2105 175 43 necessity
920 2101 44 33 of
974 2113 21 22 a
1016 2099 139 35 radicitl
1175 2096 71 39 and
1265 2094 139 45 spectly
1420 2091 149 39 reform.

293 2160 64 34 }le
376 2159 84 33 then
477 2157 128 33 moved
627 2157 61 32 the
707 2154 79 33 first
809 2152 235 37 Resolution,
1067 2145 124 37 which
1214 2153 74 25 was
1305 2141 89 44 ably
1414 2139 176 35 seconded

242 2207 53 44 by
359 2218 26 22 r.
407 2209 92 31 :\lll.l
500 2209 14 31 -
534 2215 70 28 Lit,
620 2205 33 31 in
666 2215 22 20 a
706 2204 100 30 short
821 2198 149 46 speech.

298 2256 73 33 Mr.
391 2255 152 33 DIXON
586 2250 183 45 perfectly
798 2246 131 40 agreed
969 2246 34 32 in
1037 2254 22 22 a
1080 2235 224 41 Resolution
1325 2236 43 34 of
1383 2236 152 33 Thanks
1556 2241 39 26 to

247 2304 79 34 Mr.
348 2303 164 33 Wanlle,
531 2300 71 33 and
621 2296 174 35 censured
816 2293 159 44 strongly
1002 2293 61 32 the
1090 2287 230 40 immorality
1341 2284 44 34 of
1400 2285 60 32 the
1485 2284 110 33 Duke

248 2352 44 35 of
307 2347 148 38 York's
472 2347 220 34 connection
718 2355 40 21 as
788 2341 139 46 proved
950 2353 28 19 vv
989 2343 24 27 it
1022 2340 19 31 h
1072 2339 90 32 Mrs.
1187 2335 158 34 Clarke.
1402 2331 58 33 Fie
1491 2331 84 32 ho‘v-

244 2409 107 32 cver,
369 2396 135 43 totally
523 2394 129 34 denied
674 2393 79 31 thet
772 2402 71 21 any
874 2389 143 44 privity
1038 2396 41 21 or
1111 2385 223 34 connivance
1356 2389 77 22 was
1454 2378 139 45 proved

250 2447 148 41 against
422 2445 74 33 him
519 2441 214 47 personally
756 2440 34 32 in
811 2430 59 40 the
888 2435 219 33 sentulalous
1134 2431 117 35 tratlic
1272 2428 119 33 which
1411 2437 103 24 came
1533 2431 65 30 out

253 2496 40 32 in
309 2493 198 34 evidence;
539 2490 71 34 and
631 2489 45 32 lie
694 2486 224 46 deprecated
940 2487 61 30 the
1026 2481 118 33 whole
1165 2480 43 33 of
1222 2479 60 34 the
1302 2476 203 43 remaining
1526 2474 50 35 Re-

257 2542 111 34 soluf
377 2551 61 21 *ins
455 2551 39 21 as
510 2546 256 33 unnecessary.

313 2590 71 33 Mr.
411 2589 150 43 Deputy
621 2595 56 24 EM
718 2593 48 24 t.n
785 2577 289 43 vek:mwledged
1095 2576 78 33 that
1196 2574 44 33 he
1261 2583 76 22 was
1356 2581 70 25 one
1443 2571 41 32 of
1496 2569 103 35 those

260 2637 86 33 who
367 2637 120 41 signed
507 2634 61 33 tile
749 2633 90 37 tion,
854 2628 141 43 merely
1016 2624 90 33 with
1124 2635 22 22 a
1160 2626 99 31 view
1276 2620 45 34 of
1329 2619 177 39 thanking
1525 2619 73 33 Mr.

261 2685 158 32 'Wardle
442 2683 63 32 for
530 2682 53 32 his
609 2679 237 34 meritorious
872 2678 156 32 conduct
1044 2685 11 27 ;
1085 2674 59 30 but
1176 2673 44 31 he
1247 2680 73 21 was
1346 2669 46 31 by
1416 2678 45 22 no
1480 2675 122 25 means

261 2743 130 26 aware
418 2731 80 32 that
519 2730 73 33 this
614 2739 73 22 was
706 2734 37 25 to
764 2727 44 32 be
827 2726 103 31 made
954 2734 24 21 a
1009 2728 111 39 party
1139 2719 182 46 question.
1376 2715 60 33 He
1462 2722 74 26 saw
1558 2724 44 24 no

263 2780 181 43 neceiiy
477 2777 61 35 for
562 2787 72 32 any
656 2776 107 32 other
787 2772 228 35 Resolution.

309 2828 202 34 Alde7onto
529 2828 90 32 Co
631 2832 50 25 ns:
703 2822 123 44 spoke
852 2822 25 32 in
876 2822 13 32 .
912 2824 161 38 support
1103 2815 41 34 of
1168 2815 61 33 the
1253 2812 248 34 Resolutions,

312 2876 77 34 31r.
403 2875 83 33 Gal
498 2882 157 25 FFITIIS
673 2868 203 47 supported
896 2867 61 33 the
967 2865 107 33 Reso!
1083 2865 47 32 uti
1139 2874 61 24 oils
1214 2864 34 31 in
1267 2872 22 22 a
1304 2859 132 46 speech
1450 2859 40 33 of
1500 2857 105 34 much

315 2972 60 33 Sir
397 2972 43 34 C.
462 2970 141 33 Paten
625 2966 90 34 took
736 2965 63 33 the
824 2961 246 46 opportunity
1089 2957 43 34 of
1144 2957 217 46 expressing
1376 2956 104 33 those
1498 2953 93 33 senti-

265 3025 115 30 tne.its
410 3021 33 30 hi
465 3017 228 33 vi!:dic.ltiou
713 3015 43 30 of
784 3011 159 39 hiaiself,
978 3011 71 32 and
1083 3008 41 32 of
1155 3008 54 31 his
1231 3006 148 32 worthy
1395 3005 210 40 colle:gtt..s

266 3069 81 39 (Sir
367 3067 116 32 ‘Villia
483 3067 17 32 ,
500 3067 34 32 :s
550 3063 138 39 Curtis,
709 3061 70 33 nod
806 3061 197 33 Alderman
1020 3057 109 32 Shaw
1152 3060 59 28 not
1232 3054 110 41 heo.:g
1363 3051 162 46 present)
1554 3048 58 33 for

265 3120 67 33 toe
348 3122 98 25 votes
468 3123 85 34 tney
575 3111 70 34 had
664 3111 109 41 given
794 3116 97 35 upon
909 3106 73 33 this
1011 3103 157 39 sooiert,
1186 3102 70 33 and
1279 3102 138 37 whi,:h,
1446 3098 44 32 he
1519 3098 93 38 slid,

272 3165 48 32 Ere`
343 3174 72 22 was
435 3159 201 46 prevented
663 3158 93 32 from
778 3156 159 41 lotering
958 3152 130 33 before
1114 3151 61 33 the
1198 3151 133 38 Livery
1348 3158 46 21 on
1414 3146 201 41 Saturda),

269 3211 53 35 by
345 3211 60 32 the
423 3211 167 32 clamour
608 3206 43 34 of
669 3208 60 31 the
748 3204 126 34 crowd
893 3198 206 37 assealbled
1119 3206 98 35 upon
1235 3198 80 31 that
1335 3195 184 47 occasion.

433 3257 257 38 WAIMM.t..;
717 3263 66 32 sup
795 3252 129 41 domed
939 3256 37 27 at
1000 3244 255 38 considerable
1270 3244 135 39 •lerkth
1422 3243 61 32 the
1505 3240 92 34 Reso-

269 3308 156 37 lutions,
452 3304 69 33 and
540 3301 202 34 contended
765 3300 56 33 for
841 3305 8 25 t
860 3301 40 30 ite
932 3296 79 43 nece
1011 3296 20 43 ,
1031 3296 80 43 sity
1142 3293 165 43 imposed
1328 3301 99 32 upon
1447 3292 60 31 the
1526 3291 67 32 ror-

229 3337 2 64 •
269 3356 180 45 vocation
469 3350 45 34 of
531 3350 163 39 Loa:',ln,
715 3348 43 33 of
769 3346 130 44 expres
899 3346 21 44 ,
920 3346 66 44 iug
1006 3344 98 38 their
1131 3344 171 41 opinions
1333 3348 99 34 upon
1448 3337 72 33 this
1537 3341 63 27 sun-

263 3403 102 47 jcct,
390 3411 39 22 as
450 3400 87 43 they
556 3402 145 39 always
737 3396 69 33 had
829 3398 86 30 been
937 3393 34 34 in
993 3392 60 32 the
1072 3391 105 32 habit
1198 3389 44 32 of
1256 3386 111 45 doing,
1367 3386 19 45 -
1410 3387 34 32 in
1457 3385 107 33 order
1585 3394 35 24 to

185 3441 5 54 •
224 3441 2 54 •
279 3454 92 41 give
384 3459 22 21 a
420 3456 83 26 tone
524 3448 66 32 and
613 3445 176 44 example
827 3451 34 22 to
882 3441 61 34 the
976 3441 123 32 whole
1130 3443 170 37 conotry.

320 3495 207 37 Alderman
549 3494 78 34 PRI
641 3502 74 25 NSE
728 3503 19 22 P
775 3489 201 45 supported
996 3488 64 33 the
1093 3485 250 35 Re,olutions,
1367 3481 71 34 and
1465 3478 157 46 thought

262 3544 100 45 *they
383 3543 197 34 contained
599 3542 87 33 such
709 3539 143 34 traisars
868 3550 38 25 as
919 3535 178 35 admitted
1115 3533 43 34 of
1169 3544 43 21 no
1228 3531 285 34 coAradietion.

321 3593 115 35 Afar
452 3602 100 25 sonic
568 3591 143 33 further
724 3587 198 34 discussinn
943 3587 167 31 between
1130 3581 73 34 Mr.
1243 3579 156 33 Whehle
1426 3578 70 32 and
1517 3578 110 32 other

269 3639 197 50 ipeaki.rs,
495 3641 63 32 the
578 3638 78 34 lirt
674 3635 71 34 and
776 3634 128 34 second
922 3632 220 35 resolutions
1165 3639 99 22 were
1284 3633 63 38 put
1381 3625 71 34 and
1482 3624 141 34 carried

270 3689 282 44 unanimously,
578 3686 73 34 and
679 3685 80 33 also
788 3684 63 32 the
870 3681 118 38 third,
1020 3679 90 33 with
1129 3677 60 34 the
1209 3674 211 43 dissenting.
1442 3672 124 34 voices
1584 3671 43 34 of

270 3741 81 34 Mr.
377 3736 129 37 Dixon
526 3733 67 35 and
615 3733 77 34 Mr.
715 3731 176 41 Kimble,
914 3739 100 35 upon
1032 3728 61 33 the
1117 3724 141 46 ground
1283 3722 46 37 of
1348 3731 195 35 economy,
1570 3731 54 22 re-

270 3788 172 48 Fpecting
461 3785 65 32 the
543 3783 86 43 gold
651 3783 94 32 box.
1380 3783 4 53 .

322 3835 83 34 The
423 3839 89 28 of.xt
535 3830 202 34 resolution
754 3839 72 22 was
841 3824 143 37 carried
1006 3821 273 45 unanimously.

322 3883 113 46 Upon
459 3882 63 32 the
541 3878 106 37 Fifth
683 3876 235 37 Resolution,
994 3883 28 22 r.
1059 3872 201 33 Alterman
1281 3865 135 44 Birch,
1437 3866 35 34 in
1489 3875 46 24 an
1548 3865 63 33 ani-

269 3931 126 39 mated
410 3930 137 46 speech
568 3940 19 21 e
596 3937 92 37 xpre
693 3935 12 24 s
711 3925 59 34 sed
789 3924 54 33 his
861 3921 154 35 decided
1029 3919 217 45 opposition
1265 3922 38 28 to
1320 3917 63 33 the
1400 3914 230 44 assumption

269 3981 47 41 of
343 3991 72 33 any
438 3979 184 45 privilege
654 3986 46 24 on
719 3974 60 33 the
801 3980 83 40 part
913 3969 44 34 of
983 3970 84 32 that
1095 3966 198 43 assembly,
1320 3974 40 24 or
1380 3974 71 33 any
1470 3961 106 33 other
1596 3960 34 33 in

268 4031 78 35 this
365 4028 196 45 kingdom,
591 4030 37 28 to
656 4031 152 28 ceosare
839 4020 58 34 the
930 4018 184 33 decisions
1131 4015 43 33 of
1200 4015 63 33 the
1294 4012 128 34 House
1450 4009 45 35 of
1524 4010 83 35 Com-

268 4087 120 32 mons,
413 4087 45 24 or
472 4081 38 28 to
531 4075 144 43 impute
699 4081 128 32 wrong
842 4080 41 22 or
901 4071 156 39 corrupt
1077 4063 154 34 motives
1248 4067 38 28 to
1307 4061 59 39 the
1385 4059 221 45 Representa-

267 4130 99 33 tives
380 4124 44 34 of
435 4124 64 33 the
523 4122 143 44 People
685 4121 35 33 in
749 4130 73 33 any
850 4115 182 39 decision,
1064 4111 119 33 which
1207 4111 47 43 by
1273 4108 59 34 the
1348 4115 86 26 vote
1452 4106 44 34 of
1520 4115 94 24 a-ina-

260 4176 132 51 jority
407 4173 90 44 tl3ey
513 4169 135 38 should
665 4168 136 46 adept.
826 4165 132 40 Socha
974 4161 235 40 Resolution,
1226 4157 184 34 theref,re
1426 4153 206 46 niightlead

269 4234 41 27 to
327 4224 65 34 the
412 4233 86 22 mos,
523 4213 230 46 lamentable
782 4221 267 38 consequences
1082 4211 33 32 in
1137 4208 59 33 the
1217 4206 223 34 excitement
1460 4204 43 33 of
1517 4211 96 37 popu-

265 4276 65 37 .4ir
345 4271 154 40 tumult.
550 4269 64 38 No
632 4264 188 51 practical
834 4260 100 50 good
948 4252 112 46 could
1077 4254 169 50 possibly
1267 4254 96 35 arise
1381 4252 97 37 from
1491 4252 52 41 it;
1569 4251 69 35 but

2660 78 13 20 r
2780 74 15 8 '

1596 278 45 21 on
1658 265 63 33 the
1734 270 176 33 contrary
1930 260 104 33 much
2056 256 195 37 mischief;
2277 254 70 33 and
2365 253 34 34 if
2414 253 63 33 the
2509 249 138 46 people
2665 257 90 24 once
2772 242 177 38 asstinied

1597 317 63 30 out
1674 311 44 34 of
1726 311 113 34 doors
1857 311 63 32 the
1938 306 184 47 privilege
2143 304 46 33 of
2202 304 190 39 censuring
2407 301 63 34 the
2481 299 157 34 conduct
2656 295 43 34 of
2718 295 235 33 t'arliament

1599 361 104 33 there
1735 359 124 33 would
1893 358 44 31 be
1954 366 47 28 an
2016 354 67 33 end
2101 352 46 39 of
2163 350 60 35 the
2242 348 254 38 ConstitutiOn
2511 345 146 41 H-that
2679 343 200 33 venerable
2896 341 39 32 fa-

1602 409 78 34 bric
1696 407 125 33 would
1843 407 45 33 be
1907 403 139 37 shaken
2068 410 37 26 to
2137 402 48 32 its
2203 398 219 35 fouudation
2452 394 69 35 and
2541 392 229 35 overwhelm
2789 390 98 33 them
2919 389 35 32 its

1605 459 45 33 its
1667 456 112 37 ruins,
2021 456 5 37 .

1654 506 73 33 Mr.
1752 502 123 34 Birch
1887 510 73 28 was
1978 498 91 44 ably
2096 495 206 46 supported
2331 494 52 45 by
2404 493 61 43 Mr
2502 488 180 41 KQrnble,
2709 487 76 39 Mr.
2803 485 155 40 Stakes,

1607 550 370 40 AlderinanAtki:as,
2002 546 67 35 and
2093 546 76 38 Mr.
2194 543 96 34 Box.

1658 601 73 35 Mr.
1756 600 78 32 WA
1845 607 71 24 urn
1929 607 25 22 xi
1964 606 51 24 AN
2039 593 163 44 replied.
2254 591 59 33 He
2327 587 97 40 said,
2450 586 84 39 that
2548 583 98 35 from
2666 575 61 45 the
2745 581 83 34 like
2842 579 97 34 senti-

1612 648 111 35 ments
1746 646 123 34 which
1905 644 45 33 he
1970 643 69 34 had
2065 639 208 43 uniformly
2304 635 113 34 heard
2437 631 98 38 from.
2550 634 65 38 the
2652 627 151 47 worthy
2823 627 119 34 Alder

1615 707 80 28 man
1710 706 98 34 upon
1833 692 150 35 various
2008 689 208 41 occasion;,
2242 687 44 32 he
2323 684 72 34 had
2417 678 184 50 preparLl
2634 685 37 27 to
2700 681 138 40 except
2859 673 102 37 theni

1616 756 99 28 now,
1741 743 69 34 and
1833 741 71 34 had
1933 737 184 37 therefore
2152 733 162 35 fortified
2336 730 152 35 himself
2506 728 41 34 to
2569 733 96 27 meet
2681 725 54 34 his
2753 731 211 37 arguments

1617 803 99 35 upon
1735 790 106 39 much
1860 795 165 37 stronger
2056 782 227 37 authorities
2311 780 89 34 than
2421 780 54 32 his
2493 787 84 24 own
2593 774 150 45 ;—they
2763 772 132 33 should
2916 772 47 32 be

1620 840 107 35 found
1760 840 37 32 in
1827 837 123 43 Judge
1983 834 243 39 Blackstone,
2251 828 69 35 and
2335 827 115 34 other
2464 829 104 40 great
2585 821 228 37 authorities
2826 816 142 48 quoted

1620 891 48 44 by
1690 889 81 41 that
1804 887 137 32 author
1972 892 100 37 upon
2101 880 65 35 the
2199 878 182 34 doctrines
2411 874 44 32 of
2481 874 63 32 the
2562 869 242 37 constitution
2823 868 45 33 of
2894 862 60 39 this
2954 862 15 39 .

1624 941 169 37 country,
1820 932 163 44 namely,
2007 928 149 37 Justice
2192 926 113 39 Hale,
2334 921 278 44 Montesquieu,
2637 917 70 39 and
2722 912 109 39 other
2859 918 112 41 great

1625 984 236 38 authorities,
1890 981 48 41 by
1959 979 119 35 whom
2101 976 64 33 the
2189 973 110 45 Right
2329 971 43 33 of
2388 969 61 34 the
2469 969 138 45 people
2623 972 38 30 to
2683 966 158 44 petition
2872 963 74 33 Par-

1628 1036 164 37 !lament,
1818 1029 71 37 and
1910 1033 37 27 to
1959 1035 156 35 express
2133 1023 98 37 their
2248 1020 210 33 sentiments
2478 1017 96 44 uprin
2597 1015 128 45 public
2743 1009 190 51 grievances
2933 1009 19 51 ?
2952 1009 20 51 '

1632 1093 72 24 was
1722 1076 233 46 recognized.
2011 1072 125 34 Baron
2159 1068 256 45 Montesquieu
2433 1065 35 33 in
2489 1064 211 46 particular
2718 1062 136 39 stated,
2889 1059 85 35 that

1633 1133 150 35 Greece,
1815 1127 133 37 Rome,
1977 1121 204 44 Carthage,
2207 1119 67 35 and
2309 1115 107 41 other
2434 1120 106 38 great
2558 1119 112 26 states
2694 1109 44 34 of
2763 1108 211 44 antiquity,

1633 1179 69 34 had
1719 1173 242 44 successively
1977 1170 113 33 fallen
2122 1175 39 26 to
2181 1167 103 39 ruin;
2313 1167 83 30 that
2415 1161 165 44 England
2602 1157 124 35 would
2744 1157 80 33 also
2844 1156 65 33 fall
2935 1157 41 34 to

1633 1227 79 34 ruin
1731 1226 35 31 in
1786 1225 46 31 its
1850 1230 81 26 turn
1946 1233 11 25 ;
1984 1219 67 32 and
2074 1217 83 33 that
2189 1214 71 34 this
2294 1211 83 35 ruin
2412 1209 125 33 would
2556 1209 115 39 Occur
2691 1206 195 37 whenever
2906 1198 72 38 the'

1635 1269 291 51 representative
1944 1265 94 45 body
2053 1263 136 39 should
2207 1261 148 34 beCome
2369 1267 104 25 more
2491 1254 156 45 corrupt
2661 1251 87 38 than
2763 1253 63 33 the
2839 1261 117 24 execu-

1637 1325 89 32 tive.
1779 1320 97 33 Such
1894 1316 67 34 had
1981 1316 90 32 been
2087 1313 65 33 the
2169 1319 128 26 source
2315 1306 43 34 of
2374 1305 81 34 ruin
2474 1310 38 28 to
2532 1313 106 33 many
2661 1299 150 35 modern
2828 1299 150 34 nations

1636 1371 44 34 of
1697 1370 151 43 Europe
1867 1367 34 32 in
1920 1372 67 25 our
2006 1372 84 24 own
2114 1361 97 45 day;
2237 1356 70 35 and
2329 1355 119 39 what,
2470 1354 45 32 he
2546 1341 126 45 world
2692 1349 84 39 ask,
2802 1345 109 34 could
2935 1346 47 32 be

1638 1420 60 33 the
1716 1417 109 34 value
1844 1413 44 33 of
1912 1413 60 32 the
1993 1406 276 39 constitutional
2301 1402 103 45 right
2437 1400 45 34 of
2506 1400 162 45 petition
2688 1407 41 24 or
2761 1393 220 40 discussion,

1641 1468 32 33 if
1685 1466 98 34 their
1801 1462 100 44 right
1931 1459 85 45 only
2046 1456 168 34 allowed
2239 1452 100 38 them
2369 1456 38 27 to
2430 1448 176 46 petition,
2631 1456 45 39 or
2708 1450 38 31 to
2764 1444 137 33 discuss
2920 1442 64 32 the

1641 1514 155 35 conduct
1827 1509 43 34 of
1897 1508 61 34 the
1989 1507 107 34 other
2131 1508 78 30 two
2241 1498 178 37 branches
2456 1496 44 33 of
2523 1496 61 33 the
2620 1486 269 44 Constitution,
2917 1489 64 33 the

1644 1564 135 33 Crown
1812 1557 71 37 and
1913 1557 61 32 the
1997 1554 130 37 Lords,
2156 1550 111 35 while
2295 1547 86 44 they
2402 1554 99 25 were
2537 1548 38 28 to
2606 1543 97 33 view
2728 1538 91 43 with
2848 1537 138 34 silence

1642 1613 60 32 the
1719 1607 226 39 misconduct
1964 1602 43 35 of
2024 1602 63 35 the
2108 1599 78 38 Com
2186 1599 132 38 Mons,
2347 1596 50 41 by
2420 1593 119 33 whom
2557 1592 110 33 alone
2695 1589 99 33 their
2812 1585 171 35 liberties

1642 1658 109 34 could
1770 1657 46 33 be
1838 1652 125 35 ruised
1980 1651 12 33 ?
2048 1650 33 33 It
2104 1646 72 33 had
2191 1646 89 33 been
2306 1643 78 33 said
2413 1643 50 43 by
2485 1641 72 33 Mr.
2583 1641 56 32 De
2663 1635 141 39 Lolrue,
2832 1635 63 33 the
2917 1632 56 32 his-

1645 1706 120 35 torian
1785 1702 45 35 of
1843 1711 67 24 our
1930 1696 268 37 Constitution,
2219 1693 76 37 that
2324 1691 60 33 the
2400 1689 128 33 House
2546 1687 40 34 of
2609 1684 209 40 Colon:ions,
2838 1682 34 33 in
2890 1680 100 33 their

1645 1754 273 43 omnipotence,
1943 1746 107 35 could
2080 1746 48 32 do
2145 1743 133 33 almost
2295 1750 70 30 any
2393 1739 120 41 thing,
2538 1741 139 37 except
2696 1730 151 45 malting
2867 1740 24 22 a
2909 1739 81 24 man

1645 1814 21 21 a
1688 1809 161 30 woman,
1874 1807 74 22 nra
1969 1804 141 24 woman
2130 1801 24 22 a
2172 1799 93 25 man.
2316 1787 59 33 He
2393 1785 89 38 had,
2510 1775 190 46 hOwever,
2722 1779 158 43 recently
2904 1786 85 24 seen

1649 1851 96 34 them
1780 1846 111 34 unke
1909 1856 22 21 a
1949 1841 109 34 black
2076 1850 85 24 man
2180 1848 21 22 a
2217 1835 113 34 white
2348 1845 83 30 one,
2459 1831 71 34 and
2562 1830 187 34 therefdre
2773 1826 43 34 he
2846 1825 61 33 did
2929 1830 66 27 not

1649 1898 115 34 doubt
1794 1894 98 33 their
1923 1890 181 45 privilege
2135 1887 48 43 by
2215 1884 63 35 the
2308 1892 99 26 same
2438 1889 120 26 means
2593 1884 39 28 to
2653 1881 83 28 vote
2756 1886 21 21 a
2794 1876 142 41 change
2954 1865 45 39 of

1650 1956 119 24 sexes.

1698 1994 81 33 The
1807 1987 172 47 previhus
1998 1983 177 41 Question
2202 1980 65 34 had
2285 1980 92 39 been
2395 1975 130 35 moved
2543 1975 48 43 by
2607 1972 77 34 Mr.
2702 1971 146 40 Dixon,
2869 1967 128 37 which

1654 2041 107 43 being
1779 2039 80 37 first
1881 2043 81 38 put,
1990 2034 60 34 the
2079 2033 117 34 Court
2215 2026 352 40 divided=--Against
2587 2024 47 39 it,
2659 2020 22 41 $
2704 2019 220 45 Alderman,
2950 2016 50 41 6Q

1654 2089 210 34 Chnitrioner
1864 2089 19 34 ,
1883 2089 20 34 ,
1920 2085 21 32 2
1957 2081 155 39 'fellers,
2139 2076 172 37 70—For
2331 2075 45 38 it,
2393 2073 32 34 .4
2440 2065 211 51 41dermen,
2652 2065 24 51 1
2675 2065 47 51 28
2743 2062 257 43 Commoners;

1661 2143 9 30 i
1693 2137 142 37 Teller,
1858 2127 283 46 2:3—Majority
2156 2125 137 44 against
2304 2122 64 33 the
2388 2120 172 45 previous
2574 2109 171 52 question
2761 2114 59 34 :;7.

1706 2184 46 34 At
1775 2183 71 32 this
1859 2181 87 32 time
1959 2184 182 35 stran;ers
2153 2183 98 24 were
2269 2167 202 39 excluded,
2494 2166 70 34 and
2590 2165 63 33 the
2670 2161 111 37 Ciiiirt
2802 2156 202 38 continued

1656 2245 24 21 a
1695 2228 254 40 considerable
1969 2226 85 31 time
2075 2232 34 24 in
2141 2218 213 35 discussion.
2409 2215 69 33 We
2509 2210 220 37 imilerst;:ild
2757 2210 81 32 that
2856 2218 47 22 an
2924 2206 53 34 Ad-

1649 2281 214 45 journment
1885 2285 74 22 was
1978 2267 130 39 moved
2124 2269 70 33 and
2211 2264 191 46 negatived
2424 2272 31 22 w
2461 2261 105 38 itliott
2572 2267 7 31 I
2601 2271 22 22 a
2642 2258 172 35 divisiuu.
2842 2258 4 67 .

1707 2328 58 33 Au
1798 2321 228 40 amendment
2055 2328 77 24 was
2161 2315 83 33 then
2271 2311 130 34 moved
2421 2311 50 43 by
2598 2306 203 38 Mclennan
2816 2301 94 37 ATK
2921 2309 66 37 IN`4
2987 2309 17 37 l

1701 2375 80 34 kich
1815 2383 46 22 on
1894 2381 22 22 a
1946 2366 163 37 division
2143 2374 76 22 was
2249 2355 381 48 uegatiYetl,—Ayes,
2655 2354 22 34 5
2712 2352 220 35 A1(4.0114111,
2956 2346 51 38 20

1663 2425 254 32 Commoners,
1948 2418 12 32 1
1982 2415 144 37 Teller,
2151 2408 211 41 32—Noes,
2387 2409 20 33 7
2431 2398 219 46 Aldermen,
2674 2401 47 34 52
2746 2387 263 51 Coihnioners;

1659 2474 22 33 2
1701 2471 157 34 Tellers,
1893 2461 280 45 61--Thjority
2194 2459 59 34 29.

1708 2518 83 35 The
1806 2515 156 43 original
1987 2507 216 35 Resolution
2222 2515 76 24 was
2322 2503 86 35 then
2427 2504 67 43 put
2511 2498 69 35 and
2598 2496 163 41 carried,
2789 2505 40 22 as
2850 2502 77 26 was
2941 2492 66 40 thq

1659 2569 221 40 siibacquent
1900 2559 231 39 Resulntion,
2157 2554 97 35 after
2272 2550 124 37 which
2417 2546 63 38 the
2494 2548 117 34 Court
2624 2543 216 48 adjourned.

2046 2705 149 44 T..441'
2223 2701 174 41 INDI.I
2428 2696 196 51 I.IQTSE,

1719 2845 198 41 Thorsday
1946 2852 19 21 a
1998 2837 157 35 General
2181 2835 111 33 Court
2323 2831 43 33 of
2389 2830 247 43 'Proprietors
2670 2837 77 22 was
2774 2824 85 35 held
2885 2828 39 30 at
2953 2823 64 34 the

1680 2897 106 34 India
1798 2896 32 32 if
1843 2893 100 39 nose,
1962 2890 69 35 .for
2057 2887 65 32 the
2143 2885 161 44 purpose
2335 2880 43 32 of
2409 2876 131 45 taking-
2559 2877 79 32 btro
2657 2872 220 38 consideratl
2878 2870 53 35 .itli
2950 2868 66 37 titr!

1680 2935 235 43 Resolutions
1926 2939 41 32 of
1981 2931 60 43 the
2062 2936 119 34 Court
2200 2931 41 33 of
2259 2930 191 34 Directors
2467 2936 45 21 on
2526 2926 61 32 the
2604 2924 90 33 ‘2.9(11
2709 2922 46 33 of
2772 2920 145 34 March.

1722 2993 81 32 The
1817 2989 157 33 husims
1994 2994 74 24 was
2091 2979 143 47 opened
2255 2979 48 41 by
2322 2978 64 32 the
2419 2972 233 44 Secretary',
2686 2970 152 41 reading
2858 2968 61 33 the
2940 2966 53 35 Ad-

1680 3040 231 34 vertisement
1937 3031 194 47 published
2152 3030 37 32 in
2207 3027 59 33 the
2285 3024 168 41 morning
2479 3030 152 35 papers,
2654 3020 56 32 tOr
2728 3017 204 43 convening
2953 3015 65 33 the

1680 3089 157 32 General
1858 3087 133 37 Court,
2095 3089 22 22 n
2140 3077 74 32 Alr.
2230 3074 137 40 Parry,
2381 3071 61 32 the
2463 3070 182 38 Director
2654 3067 69 33 and
2746 3065 191 35 President
2961 3063 59 32 for

1681 3139 60 31 the
1761 3135 87 32 time
1869 3132 120 39 beiwr,
2023 3126 86 35 read
2143 3124 60 33 the
2225 3120 234 34 Resolutions
2476 3116 148 35 entered
2655 3115 76 33 into
2753 3115 48 39 by
2820 3113 63 33 the
2902 3115 120 31 Court

1681 3184 40 34 of
1743 3184 191 32 Directors
1952 3189 45 22 on
2017 3178 60 33 the
2094 3172 93 35 29th
2207 3169 41 34 of
2267 3169 148 39 March,
2430 3165 124 33 which
2569 3172 102 24 were
2688 3172 39 22 as
2744 3161 150 34 follows

1729 3228 202 37 ReFolved,
1949 3228 80 32 that
2042 3235 28 22 -a
2086 3220 174 40 Military
2274 3219 196 38 Secretary
2489 3214 43 32 be
2548 3211 204 45 appoimed
2772 3209 57 34 for
2848 3208 154 33 conduct-

1685 3282 59 40 ing
1761 3280 61 31 the
1848 3276 170 40 Military
2041 3265 324 46 Correspondence
2383 3261 92 37 With
2502 3260 119 39 India,
2639 3259 89 34 frith
2747 3260 60 32 the
2828 3257 132 43 Salary
2983 3255 46 33 of

1685 3330 118 33 1030/.
1824 3334 65 34 per
1905 3332 146 25 antuttn.

1739 3372 196 40 Htsolved,
1951 3372 99 32 That
2074 3371 81 30 two
2178 3361 178 34 Assistant
2378 3356 222 37 Secretaries
2620 3356 45 32 he
2682 3351 206 47 appointed
2908 3351 35 33 in
2961 3350 65 33 the

1684 3425 234 44 department
1936 3419 44 33 of
2003 3418 60 32 the
2081 3411 249 37 Examino,tor
2352 3407 44 33 of
2413 3406 107 33 India
2533 3404 344 43 Correspondence,
2913 3400 117 33 node:.

1687 3472 63 33 the
1767 3467 326 46 superintoodance
2111 3461 44 35 of
2170 3459 59 33 the
2249 3455 265 39 Examinator,
2529 3454 93 32 each
2640 3451 90 33 with
2752 3451 60 31 the
2837 3449 128 43 salary
2985 3445 46 34 of

1687 3521 102 35 600!.
1812 3528 66 34 per
1892 3524 143 27 annum.

1735 3573 84 30 Awl
1835 3566 93 38 also,
1943 3570 37 26 to
1991 3559 168 38 consider
2172 3556 43 33 of
2228 3552 215 41 confirming
2456 3549 63 34 the
2536 3546 220 37 Resolution
2774 3543 45 34 of
2833 3542 64 33 the
2910 3542 122 39 Court

1689 3617 43 33 of
1744 3617 207 34 Directors,
1965 3609 59 34 for
2041 3606 161 41 forming
2222 3614 24 21 a
2261 3600 182 40 seminary
2466 3596 58 33 for
2543 3591 63 39 the
2611 3593 20 37 -
2631 3593 184 37 education
2836 3591 45 33 of
2895 3591 136 37 Cadebi

1689 3665 56 34 for
1765 3664 60 33 the
1850 3660 182 41 Artillery
2049 3656 73 35 and
2146 3652 180 43 Engineer
2344 3656 107 34 torps
2474 3646 33 31 in
2528 3644 61 33 the
2611 3637 229 51 Company's
2868 3638 162 40 service,

1693 3711 135 35 instead
1847 3707 44 33 of
1904 3707 85 33 such
2009 3704 126 35 cadets
2150 3702 107 39 being
2270 3694 180 44 eti.tiented
2470 3703 35 22 at
2529 3694 58 31 the
2607 3687 123 47 /;pyal
2750 3685 286 45 MilitaryAca4

1691 3761 106 44 detny
1817 3764 40 27 at
1881 3751 226 40 Woolwich,
2126 3759 41 24 as
2187 3744 144 35 heretof
2331 3741 85 43 ore;

2320 3742 125 51 .
2445 3741 70 33 and
2535 3739 43 33 of
2608 3743 63 32 the
2704 3736 260 44 appointment
2993 3732 47 37 of

1694 3806 155 38 Colonel
1874 3804 133 40 Mudge
2041 3806 38 28 to
2100 3798 46 33 be
2169 3796 61 33 the
2259 3791 203 43 Examiner
2481 3787 44 34 of
2546 3787 104 34 these
2670 3785 152 39 Cadets,
2854 3782 91 33 with
2968 3780 65 34 the

1691 3857 209 34 allowance
1929 3850 43 34 of
1984 3850 74 33 204.
2094 3856 67 34 per
2180 3844 110 38 diem,
2307 3840 71 35 and
2396 3836 45 34 of
2463 3837 61 32 the
2541 3835 261 44 appointment
2829 3829 47 35 of
2893 3841 24 22 a
2937 3829 74 34 Pro-

1693 3904 116 37 fessor
1822 3901 41 34 of
1878 3898 169 37 Oriental
2066 3895 209 43 Languages
2296 3885 90 40 %,,10
2401 3883 63 35 the
2481 3883 122 43 salary
2626 3882 43 33 of
2680 3881 100 35 300/.
2804 3891 66 32 per
2887 3887 150 28 annum,

1744 3950 137 40 Before
1897 3948 63 34 the
1975 3947 77 34 first
2069 3940 217 35 Resolution
2307 3945 77 25 was
2404 3944 45 34 pu

1694 4002 132 39 Court,
1856 3997 76 35 Mr.
1958 3994 170 34 Jackson
2158 3986 146 41 moved,
2324 3984 81 34 that
2433 3981 24 33 t:

1698 4046 222 39 Committee
1939 4043 41 34 of
1995 4036 339 47 Correspondence,
2363 4031 117 33 forme

1700 4096 123 35 which
1843 4094 106 46 point
1965 4097 61 28 out
2046 4093 64 30 the
2128 4083 175 44 lICCC3Sity
2324 4080 45 33 of
2385 4078 81 35 such

1698 4147 174 40 Military
1904 4143 213 39 Secretary,
2144 4131 131 38 should
2309 4131 46 33 be
2383 4137 71 26 real

1698 4193 118 46 logly.

1746 4241 84 35 The
1853 4238 78 37 first
1963 4232 203 39 resolution
2189 4239 71 26 was
2280 4226 85 37 then
2383 4233 67 27 con

2450 3939 19 27 it
2489 3931 58 34 for
2561 3921 63 44 the
2642 3927 256 35 continuation
2917 3925 41 34 of
2974 3925 65 32 the

2451 3981 45 33 he
2520 3979 172 34 ditt'ereot
2722 3977 162 44 Reports
2915 3973 43 34 of
2974 3973 65 33 the

2450 4028 91 44 leriy
2568 4028 76 33 lard
2665 4024 128 35 before
2823 4024 63 33 the
2904 4023 137 38 Court,

2450 4078 24 32 'h
2491 4085 50 26 an
2554 4075 265 45 appointment
2842 4082 38 22 as
2901 4071 80 32 that
3002 4067 45 35 of

2520 4124 123 34 which
2673 4131 74 24 was
2772 4120 94 34 done
2885 4116 157 37 accord-

2450 4219 132 39 ifirrned
2600 4215 275 46 unanimously,
2907 4222 40 31 as
2970 4217 76 31 wo
