<?xml version="1.0" encoding="UTF-8"?>
<alto xmlns:xsi="http://www.w3.org/2001/XMLSchema-instance" xsi:noNamespaceSchemaLocation="http://schema.ccs-gmbh.com/docworks/alto-1-4.xsd" xmlns:xlink="http://www.w3.org/1999/xlink">
	<Description>
		<MeasurementUnit>pixel</MeasurementUnit>
		<sourceImageInformation>
			<fileName>//NP1-STOR2/data01/blend6/2019-08-02_09_02/2019-08-02_09_02_01158.tif</fileName>
		</sourceImageInformation>
		<OCRProcessing ID="OCRPROCESSING_1">
			<preProcessingStep>
				<processingSoftware>
					<softwareCreator>CCS Content Conversion Specialists GmbH, Hamburg, Germany</softwareCreator>
					<softwareName>CCS docWorks</softwareName>
					<softwareVersion>7.0-1.47</softwareVersion>
				</processingSoftware>
			</preProcessingStep>
			<ocrProcessingStep>
				<processingStepSettings>Character Count: 8930 
Predicted Word Accuracy: 80.1% 
Suspicious Character Count: 354 
Word Count: 1518 
Suspicious Word Count: 515 
width: 3354 
height: 4441 
xdpi: 300 
ydpi: 300 
source-image: //NP1-STOR2/data01/blend6/2019-08-02_09_02/2019-08-02_09_02_01158.tif</processingStepSettings>
				<processingSoftware>
					<softwareCreator>Nuance Communications, Inc.</softwareCreator>
					<softwareName>OmniPage</softwareName>
					<softwareVersion>20</softwareVersion>
				</processingSoftware>
			</ocrProcessingStep>
		</OCRProcessing>
	</Description>
	<Styles>
		<TextStyle ID="TXT_0" FONTSIZE="0" FONTFAMILY="" FONTSTYLE="bold"/>
		<TextStyle ID="TXT_1" FONTSIZE="0" FONTFAMILY=""/>
		<TextStyle ID="TXT_2" FONTSIZE="0" FONTFAMILY="" FONTSTYLE="italics"/>
		<TextStyle ID="TXT_3" FONTSIZE="0" FONTFAMILY="" FONTSTYLE="bold"/>
		<TextStyle ID="TXT_4" FONTSIZE="0" FONTFAMILY="" FONTSTYLE="bold italics"/>
		<TextStyle ID="TXT_5" FONTSIZE="0" FONTFAMILY=""/>
		<TextStyle ID="TXT_6" FONTSIZE="0" FONTFAMILY="" FONTSTYLE="bold italics"/>
		<ParagraphStyle ID="PAR_LEFT" ALIGN="Left"/>
		<ParagraphStyle ID="PAR_BLOCK" ALIGN="Block"/>
		<ParagraphStyle ID="PAR_RIGHT" ALIGN="Right"/>
	</Styles>
	<Layout>
		<Page ID="P12" PHYSICAL_IMG_NR="12" HEIGHT="4441" WIDTH="3354" PC="0.801">
			<TopMargin ID="P12_TM00001" HPOS="0" VPOS="0" WIDTH="3354" HEIGHT="76"/>
			<LeftMargin ID="P12_LM00001" HPOS="0" VPOS="76" WIDTH="106" HEIGHT="4209"/>
			<RightMargin ID="P12_RM00001" HPOS="3353" VPOS="76" WIDTH="1" HEIGHT="4209"/>
			<BottomMargin ID="P12_BM00001" HPOS="0" VPOS="4285" WIDTH="3354" HEIGHT="156"/>
			<PrintSpace ID="P12_PS00001" HPOS="106" VPOS="76" WIDTH="3248" HEIGHT="4209">
				<TextBlock ID="pa0012001" HPOS="998" VPOS="120" WIDTH="987" HEIGHT="77" STYLEREFS="TXT_0 PAR_LEFT">
					<TextLine ID="P12_TL00001" HPOS="999" VPOS="120" WIDTH="986" HEIGHT="77">
						<String ID="word000001" HPOS="999" VPOS="143" WIDTH="149" HEIGHT="54" CONTENT="THE" WC="0.96" CC="010"/>
						<SP ID="P12_SP00001" HPOS="1148" VPOS="197" WIDTH="37"/>
						<String ID="word000002" HPOS="1185" VPOS="131" WIDTH="384" HEIGHT="61" CONTENT="NATIONAL" WC="0.97" CC="00000110"/>
						<SP ID="P12_SP00002" HPOS="1569" VPOS="197" WIDTH="37"/>
						<String ID="word000003" HPOS="1605" VPOS="120" WIDTH="380" HEIGHT="59" CONTENT="REGISTER." WC="0.80" CC="102211036"/>
						<SP ID="P12_SP00003" HPOS="1985" VPOS="197" WIDTH="0"/>
					</TextLine>
				</TextBlock>
				<TextBlock ID="pa0012002" HPOS="106" VPOS="274" WIDTH="1367" HEIGHT="485" STYLEREFS="TXT_0 PAR_BLOCK">
					<TextLine ID="P12_TL00002" HPOS="106" VPOS="275" WIDTH="1360" HEIGHT="61">
						<String ID="word000004" HPOS="106" VPOS="295" WIDTH="48" HEIGHT="34" CONTENT="1.4" WC="0.41" CC="466"/>
						<SP ID="P12_SP00004" HPOS="155" VPOS="330" WIDTH="19"/>
						<String ID="word000005" HPOS="174" VPOS="304" WIDTH="105" HEIGHT="32" CONTENT="guns," WC="0.67" CC="21345"/>
						<SP ID="P12_SP00005" HPOS="279" VPOS="335" WIDTH="37"/>
						<String ID="word000006" HPOS="315" VPOS="291" WIDTH="112" HEIGHT="44" CONTENT="Capt." WC="0.84" CC="13111"/>
						<SP ID="P12_SP00006" HPOS="428" VPOS="335" WIDTH="27"/>
						<String ID="word000007" HPOS="455" VPOS="287" WIDTH="263" HEIGHT="35" CONTENT="Fouvau—On" WC="0.49" CC="783434363"/>
						<SP ID="P12_SP00007" HPOS="718" VPOS="335" WIDTH="17"/>
						<String ID="word000008" HPOS="735" VPOS="286" WIDTH="110" HEIGHT="33" CONTENT="shore" WC="0.76" CC="06401"/>
						<SP ID="P12_SP00008" HPOS="844" VPOS="335" WIDTH="24"/>
						<String ID="word000009" HPOS="868" VPOS="281" WIDTH="116" HEIGHT="37" CONTENT="under" WC="0.93" CC="11100"/>
						<SP ID="P12_SP00009" HPOS="984" VPOS="335" WIDTH="31"/>
						<String ID="word000010" HPOS="1015" VPOS="280" WIDTH="187" HEIGHT="34" CONTENT="Madame." WC="0.84" CC="1231111"/>
						<SP ID="P12_SP00010" HPOS="1201" VPOS="335" WIDTH="54"/>
						<String ID="word000011" HPOS="1256" VPOS="275" WIDTH="210" HEIGHT="33" CONTENT="Tnunerre," WC="0.60" CC="333833333"/>
						<SP ID="P12_SP00011" HPOS="1466" VPOS="335" WIDTH="0"/>
					</TextLine>
					<TextLine ID="P12_TL00003" HPOS="110" VPOS="320" WIDTH="1356" HEIGHT="64">
						<String ID="word000012" HPOS="110" VPOS="339" WIDTH="45" HEIGHT="38" CONTENT="74" WC="0.83" CC="30"/>
						<SP ID="P12_SP00012" HPOS="155" VPOS="377" WIDTH="15"/>
						<String ID="word000013" HPOS="170" VPOS="352" WIDTH="103" HEIGHT="32" CONTENT="goes," WC="0.64" CC="14641"/>
						<SP ID="P12_SP00013" HPOS="273" VPOS="384" WIDTH="22"/>
						<String ID="word000014" HPOS="295" VPOS="339" WIDTH="115" HEIGHT="44" CONTENT="Capt." WC="0.93" CC="11100"/>
						<SP ID="P12_SP00014" HPOS="410" VPOS="384" WIDTH="25"/>
						<String ID="word000015" HPOS="435" VPOS="337" WIDTH="167" HEIGHT="34" CONTENT="Clement" WC="0.78" CC="1333310"/>
						<SP ID="P12_SP00015" HPOS="601" VPOS="384" WIDTH="17"/>
						<String ID="word000016" HPOS="618" VPOS="333" WIDTH="45" HEIGHT="34" CONTENT="de" WC="0.89" CC="11"/>
						<SP ID="P12_SP00016" HPOS="663" VPOS="384" WIDTH="17"/>
						<String ID="word000017" HPOS="679" VPOS="333" WIDTH="38" HEIGHT="33" CONTENT="la" WC="0.67" CC="33"/>
						<SP ID="P12_SP00017" HPOS="717" VPOS="384" WIDTH="21"/>
						<String ID="word000018" HPOS="738" VPOS="328" WIDTH="338" HEIGHT="38" CONTENT="Itouciere—Nine" WC="0.59" CC="73333343441166"/>
						<SP ID="P12_SP00018" HPOS="1076" VPOS="384" WIDTH="19"/>
						<String ID="word000019" HPOS="1095" VPOS="325" WIDTH="146" HEIGHT="35" CONTENT="months" WC="0.65" CC="433126"/>
						<SP ID="P12_SP00019" HPOS="1241" VPOS="384" WIDTH="17"/>
						<String ID="word000020" HPOS="1258" VPOS="320" WIDTH="81" HEIGHT="38" CONTENT="old," WC="0.97" CC="0001"/>
						<SP ID="P12_SP00020" HPOS="1339" VPOS="384" WIDTH="17"/>
						<String ID="word000021" HPOS="1356" VPOS="326" WIDTH="110" HEIGHT="27" CONTENT="never" WC="0.91" CC="11110"/>
						<SP ID="P12_SP00021" HPOS="1466" VPOS="384" WIDTH="0"/>
					</TextLine>
					<TextLine ID="P12_TL00004" HPOS="113" VPOS="365" WIDTH="1355" HEIGHT="65">
						<String ID="word000022" HPOS="113" VPOS="397" WIDTH="39" HEIGHT="27" CONTENT="at" WC="1.00" CC="00"/>
						<SP ID="P12_SP00022" HPOS="152" VPOS="424" WIDTH="20"/>
						<String ID="word000023" HPOS="172" VPOS="398" WIDTH="74" HEIGHT="25" CONTENT="sea." WC="0.69" CC="4511"/>
						<SP ID="P12_SP00023" HPOS="247" VPOS="424" WIDTH="59"/>
						<String ID="word000024" HPOS="306" VPOS="390" WIDTH="77" HEIGHT="40" CONTENT="Ago" WC="0.44" CC="177"/>
						<SP ID="P12_SP00024" HPOS="383" VPOS="430" WIDTH="9"/>
						<String ID="word000025" HPOS="392" VPOS="386" WIDTH="91" HEIGHT="37" CONTENT="ilon," WC="0.60" CC="33354"/>
						<SP ID="P12_SP00025" HPOS="483" VPOS="430" WIDTH="17"/>
						<String ID="word000026" HPOS="500" VPOS="383" WIDTH="46" HEIGHT="34" CONTENT="71" WC="0.78" CC="13"/>
						<SP ID="P12_SP00026" HPOS="546" VPOS="430" WIDTH="19"/>
						<String ID="word000027" HPOS="565" VPOS="392" WIDTH="104" HEIGHT="32" CONTENT="gnos," WC="0.35" CC="53885"/>
						<SP ID="P12_SP00027" HPOS="669" VPOS="430" WIDTH="11"/>
						<String ID="word000028" HPOS="679" VPOS="381" WIDTH="115" HEIGHT="44" CONTENT="Capt." WC="0.98" CC="01000"/>
						<SP ID="P12_SP00028" HPOS="794" VPOS="430" WIDTH="24"/>
						<String ID="word000029" HPOS="817" VPOS="373" WIDTH="317" HEIGHT="47" CONTENT="Maingon—Old." WC="0.57" CC="333545643424"/>
						<SP ID="P12_SP00029" HPOS="1134" VPOS="430" WIDTH="56"/>
						<String ID="word000030" HPOS="1189" VPOS="370" WIDTH="106" HEIGHT="35" CONTENT="Ville" WC="0.91" CC="20110"/>
						<SP ID="P12_SP00030" HPOS="1296" VPOS="430" WIDTH="15"/>
						<String ID="word000031" HPOS="1311" VPOS="367" WIDTH="47" HEIGHT="33" CONTENT="de" WC="1.00" CC="00"/>
						<SP ID="P12_SP00031" HPOS="1358" VPOS="430" WIDTH="14"/>
						<String ID="word000032" HPOS="1372" VPOS="365" WIDTH="72" HEIGHT="34" CONTENT="Var" SUBS_TYPE="HypPart1" SUBS_CONTENT="Varsovie," WC="0.78" CC="311"/>
						<HYP HPOS="1444" VPOS="365" WIDTH="24" CONTENT="-"/>
					</TextLine>
					<TextLine ID="P12_TL00005" HPOS="118" VPOS="412" WIDTH="1353" HEIGHT="64">
						<String ID="word000033" HPOS="118" VPOS="437" WIDTH="119" HEIGHT="39" CONTENT="sovie," SUBS_TYPE="HypPart2" SUBS_CONTENT="Varsovie," WC="0.72" CC="515013"/>
						<SP ID="P12_SP00032" HPOS="237" VPOS="476" WIDTH="30"/>
						<String ID="word000034" HPOS="267" VPOS="437" WIDTH="48" HEIGHT="33" CONTENT="SO" WC="0.89" CC="11"/>
						<SP ID="P12_SP00033" HPOS="315" VPOS="476" WIDTH="18"/>
						<String ID="word000035" HPOS="333" VPOS="444" WIDTH="104" HEIGHT="32" CONTENT="gliw," WC="0.27" CC="67686"/>
						<SP ID="P12_SP00034" HPOS="437" VPOS="476" WIDTH="33"/>
						<String ID="word000036" HPOS="470" VPOS="432" WIDTH="118" HEIGHT="41" CONTENT="Capt," WC="0.62" CC="33335"/>
						<SP ID="P12_SP00035" HPOS="588" VPOS="476" WIDTH="13"/>
						<String ID="word000037" HPOS="601" VPOS="445" WIDTH="159" HEIGHT="18" CONTENT="—." WC="0.33" CC="75"/>
						<SP ID="P12_SP00036" HPOS="761" VPOS="476" WIDTH="54"/>
						<String ID="word000038" HPOS="815" VPOS="424" WIDTH="196" HEIGHT="39" CONTENT="Calcutta," WC="0.83" CC="013303121"/>
						<SP ID="P12_SP00037" HPOS="1011" VPOS="476" WIDTH="28"/>
						<String ID="word000039" HPOS="1039" VPOS="423" WIDTH="47" HEIGHT="33" CONTENT="36" WC="0.67" CC="51"/>
						<SP ID="P12_SP00038" HPOS="1087" VPOS="476" WIDTH="20"/>
						<String ID="word000040" HPOS="1107" VPOS="429" WIDTH="102" HEIGHT="37" CONTENT="gout," WC="0.60" CC="08460"/>
						<SP ID="P12_SP00039" HPOS="1208" VPOS="476" WIDTH="30"/>
						<String ID="word000041" HPOS="1238" VPOS="413" WIDTH="163" HEIGHT="46" CONTENT="Captain" WC="0.95" CC="0000300"/>
						<SP ID="P12_SP00040" HPOS="1401" VPOS="476" WIDTH="19"/>
						<String ID="word000042" HPOS="1420" VPOS="412" WIDTH="51" HEIGHT="32" CONTENT="La" WC="0.89" CC="11"/>
						<SP ID="P12_SP00041" HPOS="1470" VPOS="476" WIDTH="0"/>
					</TextLine>
					<TextLine ID="P12_TL00006" HPOS="120" VPOS="476" WIDTH="915" HEIGHT="46">
						<String ID="word000043" HPOS="120" VPOS="481" WIDTH="321" HEIGHT="41" CONTENT="Tooie—Loaded" WC="0.58" CC="338337531144"/>
						<SP ID="P12_SP00042" HPOS="442" VPOS="522" WIDTH="22"/>
						<String ID="word000044" HPOS="464" VPOS="478" WIDTH="90" HEIGHT="34" CONTENT="with" WC="0.97" CC="1000"/>
						<SP ID="P12_SP00043" HPOS="554" VPOS="522" WIDTH="20"/>
						<String ID="word000045" HPOS="574" VPOS="478" WIDTH="99" HEIGHT="34" CONTENT="flour" WC="1.00" CC="00000"/>
						<SP ID="P12_SP00044" HPOS="673" VPOS="522" WIDTH="17"/>
						<String ID="word000046" HPOS="690" VPOS="476" WIDTH="71" HEIGHT="35" CONTENT="and" WC="1.00" CC="000"/>
						<SP ID="P12_SP00045" HPOS="761" VPOS="522" WIDTH="19"/>
						<String ID="word000047" HPOS="780" VPOS="476" WIDTH="169" HEIGHT="32" CONTENT="military" WC="0.90" CC="11101102"/>
						<SP ID="P12_SP00046" HPOS="948" VPOS="522" WIDTH="20"/>
						<String ID="word000048" HPOS="969" VPOS="477" WIDTH="66" HEIGHT="28" CONTENT="stol" WC="0.56" CC="3346"/>
						<SP ID="P12_SP00047" HPOS="1035" VPOS="522" WIDTH="0"/>
					</TextLine>
					<TextLine ID="P12_TL00007" HPOS="175" VPOS="513" WIDTH="1298" HEIGHT="54">
						<String ID="word000049" HPOS="175" VPOS="534" WIDTH="60" HEIGHT="33" CONTENT="Fit" WC="0.59" CC="632"/>
						<SP ID="P12_SP00048" HPOS="235" VPOS="567" WIDTH="11"/>
						<String ID="word000050" HPOS="246" VPOS="542" WIDTH="41" HEIGHT="24" CONTENT="IC" WC="0.39" CC="47"/>
						<SP ID="P12_SP00049" HPOS="287" VPOS="567" WIDTH="13"/>
						<String ID="word000051" HPOS="300" VPOS="541" WIDTH="47" HEIGHT="22" CONTENT="AT" WC="1.00" CC="00"/>
						<SP ID="P12_SP00050" HPOS="347" VPOS="567" WIDTH="9"/>
						<String ID="word000052" HPOS="357" VPOS="539" WIDTH="44" HEIGHT="25" CONTENT="ES" WC="0.78" CC="13"/>
						<SP ID="P12_SP00051" HPOS="400" VPOS="567" WIDTH="304"/>
						<String ID="word000053" HPOS="704" VPOS="523" WIDTH="164" HEIGHT="44" CONTENT="Captain" WC="0.78" CC="2225003"/>
						<SP ID="P12_SP00052" HPOS="868" VPOS="567" WIDTH="50"/>
						<String ID="word000054" HPOS="918" VPOS="515" WIDTH="287" HEIGHT="39" CONTENT="Protean.—On" WC="0.65" CC="22341373334"/>
						<SP ID="P12_SP00053" HPOS="1205" VPOS="567" WIDTH="39"/>
						<String ID="word000055" HPOS="1244" VPOS="513" WIDTH="110" HEIGHT="33" CONTENT="shore" WC="0.84" CC="00340"/>
						<SP ID="P12_SP00054" HPOS="1354" VPOS="567" WIDTH="32"/>
						<String ID="word000056" HPOS="1385" VPOS="516" WIDTH="87" HEIGHT="25" CONTENT="near" WC="1.00" CC="0000"/>
						<SP ID="P12_SP00055" HPOS="1473" VPOS="567" WIDTH="0"/>
					</TextLine>
					<TextLine ID="P12_TL00008" HPOS="125" VPOS="555" WIDTH="1347" HEIGHT="63">
						<String ID="word000057" HPOS="125" VPOS="582" WIDTH="76" HEIGHT="35" CONTENT="Fle" WC="0.67" CC="351"/>
						<SP ID="P12_SP00056" HPOS="201" VPOS="618" WIDTH="32"/>
						<String ID="word000058" HPOS="233" VPOS="580" WIDTH="157" HEIGHT="38" CONTENT="d'Enot," WC="0.54" CC="4744433"/>
						<SP ID="P12_SP00057" HPOS="390" VPOS="618" WIDTH="31"/>
						<String ID="word000059" HPOS="420" VPOS="588" WIDTH="47" HEIGHT="22" CONTENT="on" WC="0.39" CC="56"/>
						<SP ID="P12_SP00058" HPOS="468" VPOS="618" WIDTH="31"/>
						<String ID="word000060" HPOS="498" VPOS="574" WIDTH="66" HEIGHT="33" CONTENT="her" WC="1.00" CC="000"/>
						<SP ID="P12_SP00059" HPOS="565" VPOS="618" WIDTH="26"/>
						<String ID="word000061" HPOS="591" VPOS="575" WIDTH="109" HEIGHT="31" CONTENT="beam" WC="0.72" CC="3313"/>
						<SP ID="P12_SP00060" HPOS="699" VPOS="618" WIDTH="33"/>
						<String ID="word000062" HPOS="732" VPOS="570" WIDTH="100" HEIGHT="35" CONTENT="ends." WC="0.82" CC="13211"/>
						<SP ID="P12_SP00061" HPOS="833" VPOS="618" WIDTH="72"/>
						<String ID="word000063" HPOS="905" VPOS="567" WIDTH="112" HEIGHT="39" CONTENT="Elbe," WC="0.60" CC="54531"/>
						<SP ID="P12_SP00062" HPOS="1017" VPOS="618" WIDTH="38"/>
						<String ID="word000064" HPOS="1055" VPOS="561" WIDTH="169" HEIGHT="47" CONTENT="Captain" WC="0.78" CC="0001553"/>
						<SP ID="P12_SP00063" HPOS="1224" VPOS="618" WIDTH="38"/>
						<String ID="word000065" HPOS="1261" VPOS="555" WIDTH="105" HEIGHT="45" CONTENT="etren" WC="0.51" CC="68375"/>
						<String ID="word000066" HPOS="1367" VPOS="555" WIDTH="20" HEIGHT="45" CONTENT="g" STYLE="subscript" WC="0.51" CC="3"/>
						<String ID="word000067" HPOS="1387" VPOS="555" WIDTH="85" HEIGHT="45" CONTENT="ier." WC="0.51" CC="3333"/>
						<SP ID="P12_SP00064" HPOS="1472" VPOS="618" WIDTH="0"/>
					</TextLine>
					<TextLine ID="P12_TL00009" HPOS="292" VPOS="607" WIDTH="1012" HEIGHT="63">
						<String ID="word000068" HPOS="292" VPOS="626" WIDTH="163" HEIGHT="44" CONTENT="Captain" WC="0.79" CC="1511122"/>
						<SP ID="P12_SP00065" HPOS="455" VPOS="670" WIDTH="24"/>
						<String ID="word000069" HPOS="478" VPOS="624" WIDTH="48" HEIGHT="34" CONTENT="Le" WC="0.67" CC="33"/>
						<SP ID="P12_SP00066" HPOS="527" VPOS="670" WIDTH="22"/>
						<String ID="word000070" HPOS="549" VPOS="621" WIDTH="128" HEIGHT="44" CONTENT="Bigot." WC="0.94" CC="101001"/>
						<SP ID="P12_SP00067" HPOS="677" VPOS="670" WIDTH="54"/>
						<String ID="word000071" HPOS="731" VPOS="619" WIDTH="203" HEIGHT="38" CONTENT="liortonse," WC="0.47" CC="6773484333"/>
						<SP ID="P12_SP00068" HPOS="934" VPOS="670" WIDTH="22"/>
						<String ID="word000072" HPOS="957" VPOS="614" WIDTH="158" HEIGHT="41" CONTENT="Captain" WC="0.63" CC="2555213"/>
						<SP ID="P12_SP00069" HPOS="1115" VPOS="670" WIDTH="14"/>
						<String ID="word000073" HPOS="1129" VPOS="607" WIDTH="175" HEIGHT="44" CONTENT="Allgaud." WC="0.46" CC="78553533"/>
						<SP ID="P12_SP00070" HPOS="1304" VPOS="670" WIDTH="0"/>
					</TextLine>
					<TextLine ID="P12_TL00010" HPOS="175" VPOS="651" WIDTH="1298" HEIGHT="61">
						<String ID="word000074" HPOS="175" VPOS="678" WIDTH="52" HEIGHT="34" CONTENT="N." WC="0.94" CC="01"/>
						<SP ID="P12_SP00071" HPOS="227" VPOS="712" WIDTH="28"/>
						<String ID="word000075" HPOS="255" VPOS="676" WIDTH="44" HEIGHT="34" CONTENT="B." WC="1.00" CC="00"/>
						<SP ID="P12_SP00072" HPOS="299" VPOS="712" WIDTH="30"/>
						<String ID="word000076" HPOS="328" VPOS="676" WIDTH="79" HEIGHT="33" CONTENT="One" WC="0.96" CC="001"/>
						<SP ID="P12_SP00073" HPOS="407" VPOS="712" WIDTH="21"/>
						<String ID="word000077" HPOS="429" VPOS="671" WIDTH="43" HEIGHT="34" CONTENT="of" WC="0.94" CC="10"/>
						<SP ID="P12_SP00074" HPOS="471" VPOS="712" WIDTH="20"/>
						<String ID="word000078" HPOS="491" VPOS="671" WIDTH="63" HEIGHT="33" CONTENT="the" WC="1.00" CC="000"/>
						<SP ID="P12_SP00075" HPOS="554" VPOS="712" WIDTH="18"/>
						<String ID="word000079" HPOS="572" VPOS="671" WIDTH="106" HEIGHT="32" CONTENT="three" WC="0.98" CC="01000"/>
						<SP ID="P12_SP00076" HPOS="678" VPOS="712" WIDTH="18"/>
						<String ID="word000080" HPOS="696" VPOS="669" WIDTH="72" HEIGHT="34" CONTENT="last" WC="0.97" CC="0010"/>
						<SP ID="P12_SP00077" HPOS="768" VPOS="712" WIDTH="17"/>
						<String ID="word000081" HPOS="784" VPOS="666" WIDTH="154" HEIGHT="44" CONTENT="frigates" WC="0.97" CC="01000010"/>
						<SP ID="P12_SP00078" HPOS="938" VPOS="712" WIDTH="21"/>
						<String ID="word000082" HPOS="959" VPOS="672" WIDTH="47" HEIGHT="25" CONTENT="on" WC="1.00" CC="00"/>
						<SP ID="P12_SP00079" HPOS="1006" VPOS="712" WIDTH="17"/>
						<String ID="word000083" HPOS="1023" VPOS="661" WIDTH="110" HEIGHT="34" CONTENT="shore" WC="0.95" CC="00101"/>
						<SP ID="P12_SP00080" HPOS="1133" VPOS="712" WIDTH="26"/>
						<String ID="word000084" HPOS="1159" VPOS="657" WIDTH="115" HEIGHT="34" CONTENT="under" WC="0.89" CC="10013"/>
						<SP ID="P12_SP00081" HPOS="1273" VPOS="712" WIDTH="22"/>
						<String ID="word000085" HPOS="1296" VPOS="652" WIDTH="76" HEIGHT="37" CONTENT="Isle" WC="0.83" CC="1320"/>
						<SP ID="P12_SP00082" HPOS="1371" VPOS="712" WIDTH="20"/>
						<String ID="word000086" HPOS="1391" VPOS="651" WIDTH="54" HEIGHT="34" CONTENT="Ma" SUBS_TYPE="HypPart1" SUBS_CONTENT="Madame." WC="0.78" CC="12"/>
						<HYP HPOS="1446" VPOS="651" WIDTH="27" CONTENT="-"/>
					</TextLine>
					<TextLine ID="P12_TL00011" HPOS="128" VPOS="725" WIDTH="123" HEIGHT="34">
						<String ID="word000087" HPOS="128" VPOS="725" WIDTH="123" HEIGHT="34" CONTENT="dame." SUBS_TYPE="HypPart2" SUBS_CONTENT="Madame." WC="0.82" CC="50300"/>
						<SP ID="P12_SP00083" HPOS="250" VPOS="759" WIDTH="0"/>
					</TextLine>
				</TextBlock>
				<TextBlock ID="pa0012003" HPOS="130" VPOS="764" WIDTH="1398" HEIGHT="2488" STYLEREFS="TXT_1 PAR_BLOCK">
					<TextLine ID="P12_TL00012" HPOS="131" VPOS="765" WIDTH="1346" HEIGHT="56">
						<String ID="word000088" HPOS="131" VPOS="785" WIDTH="145" HEIGHT="35" CONTENT="Return" WC="0.50" CC="535833"/>
						<SP ID="P12_SP00084" HPOS="276" VPOS="821" WIDTH="15"/>
						<String ID="word000089" HPOS="292" VPOS="782" WIDTH="43" HEIGHT="35" CONTENT="of" WC="1.00" CC="00"/>
						<SP ID="P12_SP00085" HPOS="334" VPOS="821" WIDTH="18"/>
						<String ID="word000090" HPOS="352" VPOS="782" WIDTH="64" HEIGHT="34" CONTENT="the" WC="1.00" CC="000" STYLEREFS="TXT_0"/>
						<SP ID="P12_SP00086" HPOS="416" VPOS="821" WIDTH="19"/>
						<String ID="word000091" HPOS="435" VPOS="781" WIDTH="155" HEIGHT="34" CONTENT="NAMES" WC="0.67" CC="11166" STYLEREFS="TXT_0"/>
						<SP ID="P12_SP00087" HPOS="589" VPOS="821" WIDTH="19"/>
						<String ID="word000092" HPOS="608" VPOS="776" WIDTH="46" HEIGHT="35" CONTENT="of" WC="1.00" CC="00"/>
						<SP ID="P12_SP00088" HPOS="654" VPOS="821" WIDTH="20"/>
						<String ID="word000093" HPOS="674" VPOS="776" WIDTH="244" HEIGHT="39" CONTENT="(lyric:ens," WC="0.54" CC="46616365711"/>
						<SP ID="P12_SP00089" HPOS="919" VPOS="821" WIDTH="21"/>
						<String ID="word000094" HPOS="940" VPOS="772" WIDTH="200" HEIGHT="35" CONTENT="SEAMEN," WC="0.62" CC="1161663" STYLEREFS="TXT_0"/>
						<SP ID="P12_SP00090" HPOS="1140" VPOS="821" WIDTH="18"/>
						<String ID="word000095" HPOS="1157" VPOS="767" WIDTH="71" HEIGHT="35" CONTENT="and" WC="0.74" CC="313" STYLEREFS="TXT_0"/>
						<SP ID="P12_SP00091" HPOS="1228" VPOS="821" WIDTH="21"/>
						<String ID="word000096" HPOS="1250" VPOS="765" WIDTH="227" HEIGHT="34" CONTENT="MARINES," WC="0.51" CC="15555554"/>
						<SP ID="P12_SP00092" HPOS="1476" VPOS="821" WIDTH="0"/>
					</TextLine>
					<TextLine ID="P12_TL00013" HPOS="180" VPOS="807" WIDTH="1299" HEIGHT="64">
						<String ID="word000097" HPOS="180" VPOS="831" WIDTH="137" HEIGHT="39" CONTENT="killed," WC="0.84" CC="0103114"/>
						<SP ID="P12_SP00093" HPOS="317" VPOS="870" WIDTH="24"/>
						<String ID="word000098" HPOS="340" VPOS="828" WIDTH="193" HEIGHT="35" CONTENT="wounded," WC="0.75" CC="53210133"/>
						<SP ID="P12_SP00094" HPOS="533" VPOS="870" WIDTH="19"/>
						<String ID="word000099" HPOS="552" VPOS="827" WIDTH="70" HEIGHT="33" CONTENT="and" WC="0.96" CC="100"/>
						<SP ID="P12_SP00095" HPOS="621" VPOS="870" WIDTH="22"/>
						<String ID="word000100" HPOS="644" VPOS="823" WIDTH="162" HEIGHT="38" CONTENT="missing," WC="0.61" CC="44531371"/>
						<SP ID="P12_SP00096" HPOS="806" VPOS="870" WIDTH="20"/>
						<String ID="word000101" HPOS="826" VPOS="821" WIDTH="196" HEIGHT="41" CONTENT="belonging" WC="0.65" CC="343536121"/>
						<SP ID="P12_SP00097" HPOS="1022" VPOS="870" WIDTH="20"/>
						<String ID="word000102" HPOS="1042" VPOS="827" WIDTH="37" HEIGHT="24" CONTENT="to" WC="1.00" CC="00"/>
						<SP ID="P12_SP00098" HPOS="1078" VPOS="870" WIDTH="20"/>
						<String ID="word000103" HPOS="1098" VPOS="817" WIDTH="60" HEIGHT="33" CONTENT="the" WC="0.85" CC="310"/>
						<SP ID="P12_SP00099" HPOS="1159" VPOS="870" WIDTH="20"/>
						<String ID="word000104" HPOS="1179" VPOS="815" WIDTH="86" HEIGHT="35" CONTENT="fleet" WC="0.89" CC="32000"/>
						<SP ID="P12_SP00100" HPOS="1265" VPOS="870" WIDTH="18"/>
						<String ID="word000105" HPOS="1283" VPOS="811" WIDTH="117" HEIGHT="34" CONTENT="under" WC="0.82" CC="33020"/>
						<SP ID="P12_SP00101" HPOS="1400" VPOS="870" WIDTH="17"/>
						<String ID="word000106" HPOS="1416" VPOS="807" WIDTH="63" HEIGHT="34" CONTENT="the" WC="0.96" CC="100"/>
						<SP ID="P12_SP00102" HPOS="1479" VPOS="870" WIDTH="0"/>
					</TextLine>
					<TextLine ID="P12_TL00014" HPOS="183" VPOS="857" WIDTH="1296" HEIGHT="57">
						<String ID="word000107" HPOS="183" VPOS="879" WIDTH="203" HEIGHT="35" CONTENT="Command" WC="0.98" CC="0000010"/>
						<SP ID="P12_SP00103" HPOS="386" VPOS="914" WIDTH="17"/>
						<String ID="word000108" HPOS="403" VPOS="876" WIDTH="45" HEIGHT="34" CONTENT="of" WC="0.94" CC="01"/>
						<SP ID="P12_SP00104" HPOS="448" VPOS="914" WIDTH="20"/>
						<String ID="word000109" HPOS="468" VPOS="873" WIDTH="167" HEIGHT="35" CONTENT="Admiral" WC="0.90" CC="0101121"/>
						<SP ID="P12_SP00105" HPOS="634" VPOS="914" WIDTH="18"/>
						<String ID="word000110" HPOS="652" VPOS="872" WIDTH="63" HEIGHT="34" CONTENT="the." WC="0.75" CC="1044"/>
						<SP ID="P12_SP00106" HPOS="715" VPOS="914" WIDTH="20"/>
						<String ID="word000111" HPOS="735" VPOS="868" WIDTH="118" HEIGHT="43" CONTENT="Right" WC="0.64" CC="16720"/>
						<SP ID="P12_SP00107" HPOS="853" VPOS="914" WIDTH="21"/>
						<String ID="word000112" HPOS="874" VPOS="870" WIDTH="100" HEIGHT="33" CONTENT="lion." WC="0.93" CC="03000"/>
						<SP ID="P12_SP00108" HPOS="974" VPOS="914" WIDTH="26"/>
						<String ID="word000113" HPOS="1000" VPOS="866" WIDTH="93" HEIGHT="34" CONTENT="hoed" WC="0.67" CC="6060"/>
						<SP ID="P12_SP00109" HPOS="1094" VPOS="914" WIDTH="21"/>
						<String ID="word000114" HPOS="1115" VPOS="866" WIDTH="58" HEIGHT="33" CONTENT="GA" WC="0.67" CC="24" STYLEREFS="TXT_0"/>
						<SP ID="P12_SP00110" HPOS="1173" VPOS="914" WIDTH="12"/>
						<String ID="word000115" HPOS="1185" VPOS="865" WIDTH="137" HEIGHT="33" CONTENT="matEA" WC="0.27" CC="78738"/>
						<SP ID="P12_SP00111" HPOS="1322" VPOS="914" WIDTH="13"/>
						<String ID="word000116" HPOS="1335" VPOS="883" WIDTH="9" HEIGHT="17" CONTENT="," WC="0.44" CC="5"/>
						<SP ID="P12_SP00112" HPOS="1344" VPOS="914" WIDTH="21"/>
						<String ID="word000117" HPOS="1365" VPOS="857" WIDTH="85" HEIGHT="33" CONTENT="Com" SUBS_TYPE="HypPart1" SUBS_CONTENT="Commander" WC="0.75" CC="115"/>
						<HYP HPOS="1450" VPOS="857" WIDTH="28" CONTENT="-"/>
					</TextLine>
					<TextLine ID="P12_TL00015" HPOS="180" VPOS="904" WIDTH="1320" HEIGHT="61">
						<String ID="word000118" HPOS="180" VPOS="927" WIDTH="154" HEIGHT="38" CONTENT="mander" SUBS_TYPE="HypPart2" SUBS_CONTENT="Commander" WC="0.89" CC="111210"/>
						<SP ID="P12_SP00113" HPOS="333" VPOS="965" WIDTH="18"/>
						<String ID="word000119" HPOS="351" VPOS="928" WIDTH="34" HEIGHT="32" CONTENT="in" WC="0.94" CC="01"/>
						<SP ID="P12_SP00114" HPOS="385" VPOS="965" WIDTH="22"/>
						<String ID="word000120" HPOS="407" VPOS="922" WIDTH="126" HEIGHT="41" CONTENT="Chief," WC="0.94" CC="110100"/>
						<SP ID="P12_SP00115" HPOS="534" VPOS="965" WIDTH="28"/>
						<String ID="word000121" HPOS="562" VPOS="921" WIDTH="171" HEIGHT="34" CONTENT="between" WC="0.81" CC="0101145"/>
						<SP ID="P12_SP00116" HPOS="733" VPOS="965" WIDTH="20"/>
						<String ID="word000122" HPOS="754" VPOS="919" WIDTH="59" HEIGHT="32" CONTENT="the" WC="0.96" CC="100"/>
						<SP ID="P12_SP00117" HPOS="813" VPOS="965" WIDTH="24"/>
						<String ID="word000123" HPOS="836" VPOS="917" WIDTH="86" HEIGHT="35" CONTENT="11th" WC="0.67" CC="3522"/>
						<SP ID="P12_SP00118" HPOS="922" VPOS="965" WIDTH="14"/>
						<String ID="word000124" HPOS="937" VPOS="914" WIDTH="71" HEIGHT="35" CONTENT="and" WC="0.96" CC="010"/>
						<SP ID="P12_SP00119" HPOS="1007" VPOS="965" WIDTH="28"/>
						<String ID="word000125" HPOS="1036" VPOS="913" WIDTH="85" HEIGHT="35" CONTENT="14th" WC="0.94" CC="1100"/>
						<SP ID="P12_SP00120" HPOS="1121" VPOS="965" WIDTH="28"/>
						<String ID="word000126" HPOS="1149" VPOS="911" WIDTH="44" HEIGHT="35" CONTENT="of" WC="1.00" CC="00"/>
						<SP ID="P12_SP00121" HPOS="1193" VPOS="965" WIDTH="18"/>
						<String ID="word000127" HPOS="1211" VPOS="907" WIDTH="141" HEIGHT="51" CONTENT="-April," WC="0.79" CC="5231011"/>
						<SP ID="P12_SP00122" HPOS="1351" VPOS="965" WIDTH="21"/>
						<String ID="word000128" HPOS="1372" VPOS="904" WIDTH="106" HEIGHT="41" CONTENT="1809," WC="0.91" CC="11101"/>
						<SP ID="P12_SP00123" HPOS="1479" VPOS="965" WIDTH="19"/>
						<String ID="word000129" HPOS="1498" VPOS="904" WIDTH="2" HEIGHT="61" CONTENT="," WC="0.33" CC="6"/>
						<SP ID="P12_SP00124" HPOS="1500" VPOS="965" WIDTH="0"/>
					</TextLine>
					<TextLine ID="P12_TL00016" HPOS="182" VPOS="973" WIDTH="194" HEIGHT="37">
						<String ID="word000130" HPOS="182" VPOS="973" WIDTH="194" HEIGHT="37" CONTENT="inclusivet" WC="0.48" CC="4055771558" STYLEREFS="TXT_0"/>
						<SP ID="P12_SP00125" HPOS="376" VPOS="1010" WIDTH="0"/>
					</TextLine>
					<TextLine ID="P12_TL00017" HPOS="187" VPOS="1002" WIDTH="1293" HEIGHT="57">
						<String ID="word000131" HPOS="187" VPOS="1024" WIDTH="59" HEIGHT="34" CONTENT="CA" WC="0.78" CC="13" STYLEREFS="TXT_0"/>
						<SP ID="P12_SP00126" HPOS="246" VPOS="1058" WIDTH="15"/>
						<String ID="word000132" HPOS="261" VPOS="1031" WIDTH="110" HEIGHT="26" CONTENT="LEDO" WC="0.44" CC="6356" STYLEREFS="TXT_0"/>
						<SP ID="P12_SP00127" HPOS="371" VPOS="1058" WIDTH="12"/>
						<String ID="word000133" HPOS="383" VPOS="1030" WIDTH="45" HEIGHT="25" CONTENT="NI" WC="0.39" CC="65" STYLEREFS="TXT_0"/>
						<SP ID="P12_SP00128" HPOS="428" VPOS="1058" WIDTH="11"/>
						<String ID="word000134" HPOS="438" VPOS="1019" WIDTH="169" HEIGHT="34" CONTENT="A.—Mr." WC="0.80" CC="134111" STYLEREFS="TXT_0"/>
						<SP ID="P12_SP00129" HPOS="607" VPOS="1058" WIDTH="22"/>
						<String ID="word000135" HPOS="630" VPOS="1013" WIDTH="164" HEIGHT="38" CONTENT="Edward" WC="0.94" CC="100101"/>
						<SP ID="P12_SP00130" HPOS="794" VPOS="1058" WIDTH="24"/>
						<String ID="word000136" HPOS="817" VPOS="1010" WIDTH="180" HEIGHT="40" CONTENT="Fairfax," WC="0.86" CC="30301111"/>
						<SP ID="P12_SP00131" HPOS="997" VPOS="1058" WIDTH="28"/>
						<String ID="word000137" HPOS="1025" VPOS="1010" WIDTH="143" HEIGHT="33" CONTENT="Master" WC="0.74" CC="324140"/>
						<SP ID="P12_SP00132" HPOS="1168" VPOS="1058" WIDTH="18"/>
						<String ID="word000138" HPOS="1186" VPOS="1006" WIDTH="44" HEIGHT="35" CONTENT="of" WC="1.00" CC="00"/>
						<SP ID="P12_SP00133" HPOS="1230" VPOS="1058" WIDTH="26"/>
						<String ID="word000139" HPOS="1256" VPOS="1004" WIDTH="61" HEIGHT="35" CONTENT="the" WC="1.00" CC="000"/>
						<SP ID="P12_SP00134" HPOS="1317" VPOS="1058" WIDTH="25"/>
						<String ID="word000140" HPOS="1342" VPOS="1002" WIDTH="110" HEIGHT="35" CONTENT="'Peet" WC="0.49" CC="77513" STYLEREFS="TXT_0"/>
						<SP ID="P12_SP00135" HPOS="1452" VPOS="1058" WIDTH="20"/>
						<String ID="word000141" HPOS="1472" VPOS="1012" WIDTH="8" HEIGHT="26" CONTENT=";" WC="0.44" CC="5" STYLEREFS="TXT_0"/>
						<SP ID="P12_SP00136" HPOS="1480" VPOS="1058" WIDTH="0"/>
					</TextLine>
					<TextLine ID="P12_TL00018" HPOS="135" VPOS="1068" WIDTH="437" HEIGHT="44">
						<String ID="word000142" HPOS="135" VPOS="1071" WIDTH="195" HEIGHT="35" CONTENT="contusion" WC="0.62" CC="144043474"/>
						<SP ID="P12_SP00137" HPOS="330" VPOS="1107" WIDTH="18"/>
						<String ID="word000143" HPOS="347" VPOS="1069" WIDTH="43" HEIGHT="34" CONTENT="of" WC="0.94" CC="01"/>
						<SP ID="P12_SP00138" HPOS="390" VPOS="1107" WIDTH="19"/>
						<String ID="word000144" HPOS="409" VPOS="1069" WIDTH="64" HEIGHT="33" CONTENT="the" WC="0.93" CC="002"/>
						<SP ID="P12_SP00139" HPOS="472" VPOS="1107" WIDTH="21"/>
						<String ID="word000145" HPOS="494" VPOS="1068" WIDTH="78" HEIGHT="44" CONTENT="hip." WC="1.00" CC="0000"/>
						<SP ID="P12_SP00140" HPOS="572" VPOS="1111" WIDTH="0"/>
					</TextLine>
					<TextLine ID="P12_TL00019" HPOS="612" VPOS="1096" WIDTH="873" HEIGHT="54">
						<String ID="word000146" HPOS="612" VPOS="1109" WIDTH="178" HEIGHT="41" CONTENT="Flintoft," WC="0.91" CC="041100001"/>
						<SP ID="P12_SP00141" HPOS="790" VPOS="1150" WIDTH="17"/>
						<String ID="word000147" HPOS="807" VPOS="1108" WIDTH="128" HEIGHT="41" CONTENT="acting" WC="0.93" CC="130000"/>
						<SP ID="P12_SP00142" HPOS="934" VPOS="1150" WIDTH="15"/>
						<String ID="word000148" HPOS="950" VPOS="1108" WIDTH="235" HEIGHT="34" CONTENT="Lieutenant," WC="0.90" CC="20051110000"/>
						<SP ID="P12_SP00143" HPOS="1185" VPOS="1150" WIDTH="196"/>
						<String ID="word000149" HPOS="1381" VPOS="1096" WIDTH="78" HEIGHT="35" CONTENT="Tho" SUBS_TYPE="HypPart1" SUBS_CONTENT="Thomas" WC="0.89" CC="201"/>
						<HYP HPOS="1459" VPOS="1096" WIDTH="26" CONTENT="-"/>
					</TextLine>
					<TextLine ID="P12_TL00020" HPOS="139" VPOS="1144" WIDTH="1344" HEIGHT="61">
						<String ID="word000150" HPOS="139" VPOS="1179" WIDTH="77" HEIGHT="22" CONTENT="mas" SUBS_TYPE="HypPart2" SUBS_CONTENT="Thomas" WC="0.48" CC="635"/>
						<SP ID="P12_SP00144" HPOS="216" VPOS="1201" WIDTH="17"/>
						<String ID="word000151" HPOS="233" VPOS="1166" WIDTH="184" HEIGHT="39" CONTENT="Maddox," WC="0.86" CC="1131030"/>
						<SP ID="P12_SP00145" HPOS="417" VPOS="1205" WIDTH="25"/>
						<String ID="word000152" HPOS="442" VPOS="1165" WIDTH="86" HEIGHT="32" CONTENT="able" WC="0.89" CC="3100"/>
						<SP ID="P12_SP00146" HPOS="528" VPOS="1205" WIDTH="18"/>
						<String ID="word000153" HPOS="546" VPOS="1162" WIDTH="97" HEIGHT="32" CONTENT="ditto" WC="0.76" CC="34220"/>
						<SP ID="P12_SP00147" HPOS="643" VPOS="1205" WIDTH="18"/>
						<String ID="word000154" HPOS="660" VPOS="1172" WIDTH="11" HEIGHT="27" CONTENT=";" WC="1.00" CC="0"/>
						<SP ID="P12_SP00148" HPOS="671" VPOS="1205" WIDTH="30"/>
						<String ID="word000155" HPOS="700" VPOS="1159" WIDTH="99" HEIGHT="34" CONTENT="John" WC="0.97" CC="0001"/>
						<SP ID="P12_SP00149" HPOS="800" VPOS="1205" WIDTH="27"/>
						<String ID="word000156" HPOS="827" VPOS="1157" WIDTH="155" HEIGHT="37" CONTENT="Nelson," WC="0.92" CC="1011200"/>
						<SP ID="P12_SP00150" HPOS="981" VPOS="1205" WIDTH="18"/>
						<String ID="word000157" HPOS="999" VPOS="1154" WIDTH="87" HEIGHT="34" CONTENT="able" WC="0.67" CC="2541"/>
						<SP ID="P12_SP00151" HPOS="1087" VPOS="1205" WIDTH="26"/>
						<String ID="word000158" HPOS="1113" VPOS="1154" WIDTH="98" HEIGHT="32" CONTENT="ditto" WC="0.95" CC="00002"/>
						<SP ID="P12_SP00152" HPOS="1211" VPOS="1205" WIDTH="15"/>
						<String ID="word000159" HPOS="1226" VPOS="1162" WIDTH="11" HEIGHT="28" CONTENT=";" WC="1.00" CC="0"/>
						<SP ID="P12_SP00153" HPOS="1237" VPOS="1205" WIDTH="30"/>
						<String ID="word000160" HPOS="1266" VPOS="1147" WIDTH="103" HEIGHT="35" CONTENT="John" WC="0.94" CC="1010"/>
						<SP ID="P12_SP00154" HPOS="1369" VPOS="1205" WIDTH="21"/>
						<String ID="word000161" HPOS="1390" VPOS="1144" WIDTH="93" HEIGHT="35" CONTENT="Ellis" WC="0.80" CC="11133"/>
						<SP ID="P12_SP00155" HPOS="1483" VPOS="1205" WIDTH="0"/>
					</TextLine>
					<TextLine ID="P12_TL00021" HPOS="142" VPOS="1200" WIDTH="1037" HEIGHT="61">
						<String ID="word000162" HPOS="142" VPOS="1214" WIDTH="104" HEIGHT="47" CONTENT="(9d)." WC="0.71" CC="00148"/>
						<SP ID="P12_SP00156" HPOS="246" VPOS="1261" WIDTH="19"/>
						<String ID="word000163" HPOS="265" VPOS="1214" WIDTH="99" HEIGHT="40" CONTENT="able," WC="0.84" CC="41110"/>
						<SP ID="P12_SP00157" HPOS="364" VPOS="1261" WIDTH="26"/>
						<String ID="word000164" HPOS="390" VPOS="1212" WIDTH="163" HEIGHT="41" CONTENT="missing," WC="0.92" CC="30110010"/>
						<SP ID="P12_SP00158" HPOS="553" VPOS="1261" WIDTH="19"/>
						<String ID="word000165" HPOS="572" VPOS="1208" WIDTH="70" HEIGHT="33" CONTENT="and" WC="0.96" CC="100"/>
						<SP ID="P12_SP00159" HPOS="641" VPOS="1261" WIDTH="18"/>
						<String ID="word000166" HPOS="659" VPOS="1205" WIDTH="183" HEIGHT="45" CONTENT="suppnsed" WC="0.47" CC="68335535"/>
						<SP ID="P12_SP00160" HPOS="842" VPOS="1261" WIDTH="20"/>
						<String ID="word000167" HPOS="862" VPOS="1209" WIDTH="40" HEIGHT="28" CONTENT="to" WC="0.61" CC="25"/>
						<SP ID="P12_SP00161" HPOS="902" VPOS="1261" WIDTH="20"/>
						<String ID="word000168" HPOS="922" VPOS="1204" WIDTH="46" HEIGHT="32" CONTENT="he" WC="0.67" CC="51"/>
						<SP ID="P12_SP00162" HPOS="969" VPOS="1261" WIDTH="19"/>
						<String ID="word000169" HPOS="987" VPOS="1200" WIDTH="191" HEIGHT="34" CONTENT="drownevlo" WC="0.47" CC="333346858"/>
						<SP ID="P12_SP00163" HPOS="1179" VPOS="1261" WIDTH="0"/>
					</TextLine>
					<TextLine ID="P12_TL00022" HPOS="194" VPOS="1239" WIDTH="1291" HEIGHT="58">
						<String ID="word000170" HPOS="194" VPOS="1257" WIDTH="436" HEIGHT="40" CONTENT="TliESEUs.—Richard" WC="0.50" CC="68538377556510403"/>
						<SP ID="P12_SP00164" HPOS="630" VPOS="1297" WIDTH="18"/>
						<String ID="word000171" HPOS="647" VPOS="1253" WIDTH="152" HEIGHT="34" CONTENT="Francis" WC="0.56" CC="1226656"/>
						<SP ID="P12_SP00165" HPOS="800" VPOS="1297" WIDTH="13"/>
						<String ID="word000172" HPOS="813" VPOS="1252" WIDTH="167" HEIGHT="34" CONTENT="jewers," WC="0.51" CC="7333375"/>
						<SP ID="P12_SP00166" HPOS="979" VPOS="1297" WIDTH="17"/>
						<String ID="word000173" HPOS="996" VPOS="1246" WIDTH="170" HEIGHT="38" CONTENT="Master's" WC="0.88" CC="13111011"/>
						<SP ID="P12_SP00167" HPOS="1166" VPOS="1297" WIDTH="14"/>
						<String ID="word000174" HPOS="1180" VPOS="1245" WIDTH="123" HEIGHT="39" CONTENT="Mate," WC="0.71" CC="73003"/>
						<SP ID="P12_SP00168" HPOS="1303" VPOS="1297" WIDTH="14"/>
						<String ID="word000175" HPOS="1317" VPOS="1239" WIDTH="168" HEIGHT="37" CONTENT="severely" WC="0.63" CC="33522444"/>
						<SP ID="P12_SP00169" HPOS="1485" VPOS="1297" WIDTH="0"/>
					</TextLine>
					<TextLine ID="P12_TL00023" HPOS="143" VPOS="1285" WIDTH="1342" HEIGHT="60">
						<String ID="word000176" HPOS="143" VPOS="1310" WIDTH="184" HEIGHT="35" CONTENT="wounded" WC="0.94" CC="1011010"/>
						<SP ID="P12_SP00170" HPOS="327" VPOS="1345" WIDTH="19"/>
						<String ID="word000177" HPOS="346" VPOS="1310" WIDTH="35" HEIGHT="33" CONTENT="in" WC="0.94" CC="01"/>
						<SP ID="P12_SP00171" HPOS="381" VPOS="1345" WIDTH="12"/>
						<String ID="word000178" HPOS="393" VPOS="1309" WIDTH="61" HEIGHT="32" CONTENT="the" WC="0.85" CC="031"/>
						<SP ID="P12_SP00172" HPOS="455" VPOS="1345" WIDTH="19"/>
						<String ID="word000179" HPOS="474" VPOS="1305" WIDTH="92" HEIGHT="33" CONTENT="head" WC="0.83" CC="0330"/>
						<SP ID="P12_SP00173" HPOS="566" VPOS="1345" WIDTH="19"/>
						<String ID="word000180" HPOS="585" VPOS="1304" WIDTH="70" HEIGHT="33" CONTENT="and" WC="0.41" CC="466"/>
						<SP ID="P12_SP00174" HPOS="654" VPOS="1345" WIDTH="18"/>
						<String ID="word000181" HPOS="672" VPOS="1302" WIDTH="112" HEIGHT="33" CONTENT="hands" WC="0.80" CC="11214"/>
						<SP ID="P12_SP00175" HPOS="784" VPOS="1345" WIDTH="12"/>
						<String ID="word000182" HPOS="796" VPOS="1303" WIDTH="50" HEIGHT="40" CONTENT="by" WC="0.72" CC="32"/>
						<SP ID="P12_SP00176" HPOS="846" VPOS="1345" WIDTH="14"/>
						<String ID="word000183" HPOS="860" VPOS="1310" WIDTH="81" HEIGHT="34" CONTENT="pow" WC="0.67" CC="135"/>
						<SP ID="P12_SP00177" HPOS="941" VPOS="1345" WIDTH="12"/>
						<String ID="word000184" HPOS="953" VPOS="1298" WIDTH="64" HEIGHT="33" CONTENT="der" WC="0.89" CC="111"/>
						<SP ID="P12_SP00178" HPOS="1017" VPOS="1345" WIDTH="20"/>
						<String ID="word000185" HPOS="1037" VPOS="1296" WIDTH="35" HEIGHT="34" CONTENT="in" WC="0.89" CC="20"/>
						<SP ID="P12_SP00179" HPOS="1072" VPOS="1345" WIDTH="20"/>
						<String ID="word000186" HPOS="1093" VPOS="1296" WIDTH="60" HEIGHT="33" CONTENT="the" WC="1.00" CC="000"/>
						<SP ID="P12_SP00180" HPOS="1153" VPOS="1345" WIDTH="19"/>
						<String ID="word000187" HPOS="1172" VPOS="1292" WIDTH="170" HEIGHT="43" CONTENT="fire-ship" WC="0.86" CC="330320000"/>
						<SP ID="P12_SP00181" HPOS="1342" VPOS="1345" WIDTH="15"/>
						<String ID="word000188" HPOS="1357" VPOS="1302" WIDTH="11" HEIGHT="27" CONTENT=";" WC="1.00" CC="0"/>
						<SP ID="P12_SP00182" HPOS="1368" VPOS="1345" WIDTH="17"/>
						<String ID="word000189" HPOS="1384" VPOS="1285" WIDTH="100" HEIGHT="37" CONTENT="John" WC="0.86" CC="3110"/>
						<SP ID="P12_SP00183" HPOS="1485" VPOS="1345" WIDTH="0"/>
					</TextLine>
					<TextLine ID="P12_TL00024" HPOS="148" VPOS="1341" WIDTH="1113" HEIGHT="61">
						<String ID="word000190" HPOS="148" VPOS="1358" WIDTH="172" HEIGHT="44" CONTENT="Podney," WC="0.90" CC="1014000"/>
						<SP ID="P12_SP00184" HPOS="320" VPOS="1402" WIDTH="28"/>
						<String ID="word000191" HPOS="348" VPOS="1356" WIDTH="155" HEIGHT="38" CONTENT="marine," WC="0.97" CC="0100010"/>
						<SP ID="P12_SP00185" HPOS="503" VPOS="1402" WIDTH="24"/>
						<String ID="word000192" HPOS="527" VPOS="1350" WIDTH="176" HEIGHT="34" CONTENT="wounded" WC="0.68" CC="2452322"/>
						<SP ID="P12_SP00186" HPOS="703" VPOS="1402" WIDTH="31"/>
						<String ID="word000193" HPOS="733" VPOS="1349" WIDTH="34" HEIGHT="33" CONTENT="in" WC="0.94" CC="01"/>
						<SP ID="P12_SP00187" HPOS="768" VPOS="1402" WIDTH="31"/>
						<String ID="word000194" HPOS="798" VPOS="1348" WIDTH="60" HEIGHT="33" CONTENT="the" WC="0.67" CC="540"/>
						<SP ID="P12_SP00188" HPOS="859" VPOS="1402" WIDTH="20"/>
						<String ID="word000195" HPOS="879" VPOS="1351" WIDTH="159" HEIGHT="31" CONTENT="scrotum" WC="0.97" CC="0000002"/>
						<SP ID="P12_SP00189" HPOS="1038" VPOS="1402" WIDTH="15"/>
						<String ID="word000196" HPOS="1054" VPOS="1356" WIDTH="9" HEIGHT="28" CONTENT=";" WC="1.00" CC="0"/>
						<SP ID="P12_SP00190" HPOS="1063" VPOS="1402" WIDTH="31"/>
						<String ID="word000197" HPOS="1094" VPOS="1341" WIDTH="119" HEIGHT="61" CONTENT="Thoma" WC="0.54" CC="06434"/>
						<SP ID="P12_SP00191" HPOS="1213" VPOS="1402" WIDTH="24"/>
						<String ID="word000198" HPOS="1237" VPOS="1341" WIDTH="24" HEIGHT="61" CONTENT="4" WC="1.00" CC="0"/>
						<SP ID="P12_SP00192" HPOS="1260" VPOS="1402" WIDTH="0"/>
					</TextLine>
					<TextLine ID="P12_TL00025" HPOS="146" VPOS="1397" WIDTH="732" HEIGHT="51">
						<String ID="word000199" HPOS="146" VPOS="1408" WIDTH="74" HEIGHT="40" CONTENT="boy" WC="0.74" CC="223"/>
						<SP ID="P12_SP00193" HPOS="221" VPOS="1448" WIDTH="38"/>
						<String ID="word000200" HPOS="259" VPOS="1404" WIDTH="177" HEIGHT="35" CONTENT="wounded" WC="0.62" CC="5333433"/>
						<SP ID="P12_SP00194" HPOS="436" VPOS="1448" WIDTH="22"/>
						<String ID="word000201" HPOS="458" VPOS="1403" WIDTH="34" HEIGHT="31" CONTENT="in" WC="1.00" CC="00"/>
						<SP ID="P12_SP00195" HPOS="493" VPOS="1448" WIDTH="19"/>
						<String ID="word000202" HPOS="511" VPOS="1401" WIDTH="60" HEIGHT="33" CONTENT="the" WC="0.96" CC="001"/>
						<SP ID="P12_SP00196" HPOS="572" VPOS="1448" WIDTH="20"/>
						<String ID="word000203" HPOS="592" VPOS="1398" WIDTH="92" HEIGHT="33" CONTENT="head" WC="1.00" CC="0000"/>
						<SP ID="P12_SP00197" HPOS="684" VPOS="1448" WIDTH="13"/>
						<String ID="word000204" HPOS="697" VPOS="1397" WIDTH="69" HEIGHT="32" CONTENT="and" WC="0.89" CC="102"/>
						<SP ID="P12_SP00198" HPOS="765" VPOS="1448" WIDTH="18"/>
						<String ID="word000205" HPOS="783" VPOS="1406" WIDTH="94" HEIGHT="22" CONTENT="arm." WC="0.97" CC="1000"/>
						<SP ID="P12_SP00199" HPOS="878" VPOS="1448" WIDTH="0"/>
					</TextLine>
					<TextLine ID="P12_TL00026" HPOS="196" VPOS="1429" WIDTH="1293" HEIGHT="60">
						<String ID="word000206" HPOS="196" VPOS="1455" WIDTH="19" HEIGHT="34" CONTENT="I" WC="0.56" CC="4"/>
						<SP ID="P12_SP00200" HPOS="215" VPOS="1489" WIDTH="18"/>
						<String ID="word000207" HPOS="233" VPOS="1461" WIDTH="129" HEIGHT="27" CONTENT="ermit" WC="0.42" CC="65546"/>
						<SP ID="P12_SP00201" HPOS="361" VPOS="1489" WIDTH="9"/>
						<String ID="word000208" HPOS="371" VPOS="1448" WIDTH="302" HEIGHT="37" CONTENT="attsr..—Henry" WC="0.37" CC="8885583735338"/>
						<SP ID="P12_SP00202" HPOS="673" VPOS="1489" WIDTH="25"/>
						<String ID="word000209" HPOS="698" VPOS="1443" WIDTH="233" HEIGHT="38" CONTENT="Crookman," WC="0.60" CC="436433333"/>
						<SP ID="P12_SP00203" HPOS="931" VPOS="1489" WIDTH="25"/>
						<String ID="word000210" HPOS="956" VPOS="1439" WIDTH="161" HEIGHT="46" CONTENT="Captain" WC="0.95" CC="0000300"/>
						<SP ID="P12_SP00204" HPOS="1116" VPOS="1489" WIDTH="17"/>
						<String ID="word000211" HPOS="1133" VPOS="1436" WIDTH="44" HEIGHT="34" CONTENT="of" WC="1.00" CC="00"/>
						<SP ID="P12_SP00205" HPOS="1176" VPOS="1489" WIDTH="14"/>
						<String ID="word000212" HPOS="1191" VPOS="1429" WIDTH="298" HEIGHT="43" CONTENT="the•foreeastle," WC="0.55" CC="334735365333553"/>
						<SP ID="P12_SP00206" HPOS="1488" VPOS="1489" WIDTH="0"/>
					</TextLine>
					<TextLine ID="P12_TL00027" HPOS="146" VPOS="1480" WIDTH="1346" HEIGHT="60">
						<String ID="word000213" HPOS="146" VPOS="1501" WIDTH="144" HEIGHT="39" CONTENT="killed;" WC="1.00" CC="0000000"/>
						<SP ID="P12_SP00207" HPOS="291" VPOS="1540" WIDTH="32"/>
						<String ID="word000214" HPOS="322" VPOS="1500" WIDTH="107" HEIGHT="34" CONTENT="Peter" WC="0.98" CC="10000"/>
						<SP ID="P12_SP00208" HPOS="430" VPOS="1540" WIDTH="18"/>
						<String ID="word000215" HPOS="448" VPOS="1495" WIDTH="176" HEIGHT="38" CONTENT="Derouk," WC="0.54" CC="6733334"/>
						<SP ID="P12_SP00209" HPOS="624" VPOS="1540" WIDTH="22"/>
						<String ID="word000216" HPOS="646" VPOS="1489" WIDTH="252" HEIGHT="40" CONTENT="Boatswain's" WC="0.95" CC="10000000310"/>
						<SP ID="P12_SP00210" HPOS="898" VPOS="1540" WIDTH="24"/>
						<String ID="word000217" HPOS="921" VPOS="1491" WIDTH="119" HEIGHT="39" CONTENT="Mate," WC="0.98" CC="10000"/>
						<SP ID="P12_SP00211" HPOS="1041" VPOS="1540" WIDTH="24"/>
						<String ID="word000218" HPOS="1064" VPOS="1487" WIDTH="98" HEIGHT="32" CONTENT="ditto" WC="0.98" CC="10000"/>
						<SP ID="P12_SP00212" HPOS="1162" VPOS="1540" WIDTH="18"/>
						<String ID="word000219" HPOS="1180" VPOS="1495" WIDTH="12" HEIGHT="27" CONTENT=";" WC="1.00" CC="0"/>
						<SP ID="P12_SP00213" HPOS="1192" VPOS="1540" WIDTH="26"/>
						<String ID="word000220" HPOS="1218" VPOS="1480" WIDTH="103" HEIGHT="47" CONTENT="John" WC="0.56" CC="0376"/>
						<SP ID="P12_SP00214" HPOS="1320" VPOS="1540" WIDTH="25"/>
						<String ID="word000221" HPOS="1345" VPOS="1480" WIDTH="105" HEIGHT="60" CONTENT="Margo" WC="0.48" CC="16077"/>
						<SP ID="P12_SP00215" HPOS="1450" VPOS="1540" WIDTH="21"/>
						<String ID="word000222" HPOS="1472" VPOS="1480" WIDTH="20" HEIGHT="60" CONTENT="4" STYLE="subscript" WC="1.00" CC="0"/>
						<SP ID="P12_SP00216" HPOS="1492" VPOS="1540" WIDTH="0"/>
					</TextLine>
					<TextLine ID="P12_TL00028" HPOS="148" VPOS="1524" WIDTH="1343" HEIGHT="66">
						<String ID="word000223" HPOS="148" VPOS="1551" WIDTH="105" HEIGHT="39" CONTENT="vick," WC="0.91" CC="00301"/>
						<SP ID="P12_SP00217" HPOS="253" VPOS="1590" WIDTH="17"/>
						<String ID="word000224" HPOS="269" VPOS="1553" WIDTH="163" HEIGHT="34" CONTENT="seaman," WC="0.90" CC="2112000"/>
						<SP ID="P12_SP00218" HPOS="432" VPOS="1590" WIDTH="17"/>
						<String ID="word000225" HPOS="449" VPOS="1545" WIDTH="97" HEIGHT="33" CONTENT="ditto" WC="0.91" CC="10003"/>
						<SP ID="P12_SP00219" HPOS="546" VPOS="1590" WIDTH="13"/>
						<String ID="word000226" HPOS="559" VPOS="1556" WIDTH="22" HEIGHT="28" CONTENT=";•" WC="0.39" CC="47"/>
						<SP ID="P12_SP00220" HPOS="581" VPOS="1590" WIDTH="15"/>
						<String ID="word000227" HPOS="596" VPOS="1543" WIDTH="132" HEIGHT="34" CONTENT="James" WC="0.95" CC="10001"/>
						<SP ID="P12_SP00221" HPOS="729" VPOS="1590" WIDTH="19"/>
						<String ID="word000228" HPOS="748" VPOS="1539" WIDTH="146" HEIGHT="38" CONTENT="Mason," WC="0.93" CC="103000"/>
						<SP ID="P12_SP00222" HPOS="894" VPOS="1590" WIDTH="18"/>
						<String ID="word000229" HPOS="912" VPOS="1545" WIDTH="158" HEIGHT="31" CONTENT="seamen," WC="0.98" CC="0001000"/>
						<SP ID="P12_SP00223" HPOS="1070" VPOS="1590" WIDTH="26"/>
						<String ID="word000230" HPOS="1096" VPOS="1524" WIDTH="174" HEIGHT="50" CONTENT="severely'" WC="0.74" CC="234003126"/>
						<SP ID="P12_SP00224" HPOS="1270" VPOS="1590" WIDTH="13"/>
						<String ID="word000231" HPOS="1283" VPOS="1524" WIDTH="208" HEIGHT="48" CONTENT="wnundett;" WC="0.41" CC="383633778"/>
						<SP ID="P12_SP00225" HPOS="1491" VPOS="1590" WIDTH="0"/>
					</TextLine>
					<TextLine ID="P12_TL00029" HPOS="149" VPOS="1572" WIDTH="1343" HEIGHT="60">
						<String ID="word000232" HPOS="149" VPOS="1597" WIDTH="102" HEIGHT="35" CONTENT="John" WC="0.97" CC="0001"/>
						<SP ID="P12_SP00226" HPOS="250" VPOS="1632" WIDTH="21"/>
						<String ID="word000233" HPOS="272" VPOS="1597" WIDTH="189" HEIGHT="33" CONTENT="Solomon," WC="0.96" CC="10010001"/>
						<SP ID="P12_SP00227" HPOS="461" VPOS="1632" WIDTH="27"/>
						<String ID="word000234" HPOS="488" VPOS="1591" WIDTH="163" HEIGHT="35" CONTENT="Seaman," WC="0.78" CC="6120203"/>
						<SP ID="P12_SP00228" HPOS="651" VPOS="1632" WIDTH="30"/>
						<String ID="word000235" HPOS="680" VPOS="1587" WIDTH="156" HEIGHT="43" CONTENT="slightly" WC="0.58" CC="15453156"/>
						<SP ID="P12_SP00229" HPOS="836" VPOS="1632" WIDTH="32"/>
						<String ID="word000236" HPOS="868" VPOS="1584" WIDTH="203" HEIGHT="37" CONTENT="wounded;" WC="0.72" CC="22424222"/>
						<SP ID="P12_SP00230" HPOS="1071" VPOS="1632" WIDTH="28"/>
						<String ID="word000237" HPOS="1100" VPOS="1581" WIDTH="79" HEIGHT="32" CONTENT="Mr." WC="0.96" CC="001"/>
						<SP ID="P12_SP00231" HPOS="1179" VPOS="1632" WIDTH="30"/>
						<String ID="word000238" HPOS="1208" VPOS="1572" WIDTH="178" HEIGHT="44" CONTENT="GilbritT" WC="0.33" CC="84336888"/>
						<SP ID="P12_SP00232" HPOS="1387" VPOS="1632" WIDTH="19"/>
						<String ID="word000239" HPOS="1406" VPOS="1574" WIDTH="70" HEIGHT="45" CONTENT="Suir" SUBS_TYPE="HypPart1" SUBS_CONTENT="Suirgerm's" WC="0.31" CC="6866"/>
						<HYP HPOS="1475" VPOS="1574" WIDTH="17" CONTENT="-"/>
					</TextLine>
					<TextLine ID="P12_TL00030" HPOS="148" VPOS="1612" WIDTH="1343" HEIGHT="77">
						<String ID="word000240" HPOS="148" VPOS="1643" WIDTH="126" HEIGHT="46" CONTENT="germ's" SUBS_TYPE="HypPart2" SUBS_CONTENT="Suirgerm's" WC="0.69" CC="406610"/>
						<SP ID="P12_SP00233" HPOS="274" VPOS="1689" WIDTH="12"/>
						<String ID="word000241" HPOS="286" VPOS="1643" WIDTH="180" HEIGHT="35" CONTENT="Assistant" WC="0.96" CC="100010100"/>
						<SP ID="P12_SP00234" HPOS="465" VPOS="1689" WIDTH="13"/>
						<String ID="word000242" HPOS="478" VPOS="1641" WIDTH="119" HEIGHT="38" CONTENT="ditto;" WC="0.83" CC="131022"/>
						<SP ID="P12_SP00235" HPOS="598" VPOS="1689" WIDTH="26"/>
						<String ID="word000243" HPOS="624" VPOS="1623" WIDTH="269" HEIGHT="51" CONTENT="Mr,Marsden," WC="0.61" CC="33535344333"/>
						<SP ID="P12_SP00236" HPOS="893" VPOS="1689" WIDTH="19"/>
						<String ID="word000244" HPOS="912" VPOS="1632" WIDTH="149" HEIGHT="38" CONTENT="Purser," WC="0.81" CC="3203301"/>
						<SP ID="P12_SP00237" HPOS="1061" VPOS="1689" WIDTH="13"/>
						<String ID="word000245" HPOS="1074" VPOS="1629" WIDTH="97" HEIGHT="33" CONTENT="ditto" WC="0.89" CC="23000"/>
						<SP ID="P12_SP00238" HPOS="1170" VPOS="1689" WIDTH="15"/>
						<String ID="word000246" HPOS="1186" VPOS="1639" WIDTH="11" HEIGHT="27" CONTENT=";" WC="1.00" CC="0"/>
						<SP ID="P12_SP00239" HPOS="1196" VPOS="1689" WIDTH="20"/>
						<String ID="word000247" HPOS="1217" VPOS="1612" WIDTH="274" HEIGHT="51" CONTENT="Joll6oiiidon," WC="0.23" CC="8688888676665"/>
						<SP ID="P12_SP00240" HPOS="1491" VPOS="1689" WIDTH="0"/>
					</TextLine>
					<TextLine ID="P12_TL00031" HPOS="149" VPOS="1664" WIDTH="1343" HEIGHT="69">
						<String ID="word000248" HPOS="149" VPOS="1702" WIDTH="164" HEIGHT="31" CONTENT="seaman," WC="0.97" CC="0110000"/>
						<SP ID="P12_SP00241" HPOS="313" VPOS="1733" WIDTH="27"/>
						<String ID="word000249" HPOS="340" VPOS="1689" WIDTH="98" HEIGHT="33" CONTENT="ditto" WC="1.00" CC="00000"/>
						<SP ID="P12_SP00242" HPOS="438" VPOS="1733" WIDTH="15"/>
						<String ID="word000250" HPOS="454" VPOS="1702" WIDTH="11" HEIGHT="25" CONTENT=";" WC="1.00" CC="0"/>
						<SP ID="P12_SP00243" HPOS="464" VPOS="1733" WIDTH="35"/>
						<String ID="word000251" HPOS="500" VPOS="1688" WIDTH="104" HEIGHT="33" CONTENT="John" WC="0.89" CC="1300"/>
						<SP ID="P12_SP00244" HPOS="604" VPOS="1733" WIDTH="30"/>
						<String ID="word000252" HPOS="633" VPOS="1683" WIDTH="196" HEIGHT="39" CONTENT="Sheridan," WC="0.68" CC="433134431"/>
						<SP ID="P12_SP00245" HPOS="829" VPOS="1733" WIDTH="28"/>
						<String ID="word000253" HPOS="857" VPOS="1689" WIDTH="163" HEIGHT="26" CONTENT="seaman." WC="0.76" CC="1132125"/>
						<SP ID="P12_SP00246" HPOS="1020" VPOS="1733" WIDTH="22"/>
						<String ID="word000254" HPOS="1043" VPOS="1677" WIDTH="97" HEIGHT="33" CONTENT="ditto" WC="0.93" CC="00003"/>
						<SP ID="P12_SP00247" HPOS="1140" VPOS="1733" WIDTH="15"/>
						<String ID="word000255" HPOS="1155" VPOS="1687" WIDTH="9" HEIGHT="21" CONTENT=":" WC="0.33" CC="6"/>
						<SP ID="P12_SP00248" HPOS="1165" VPOS="1733" WIDTH="28"/>
						<String ID="word000256" HPOS="1193" VPOS="1674" WIDTH="104" HEIGHT="33" CONTENT="John" WC="0.97" CC="1000"/>
						<SP ID="P12_SP00249" HPOS="1297" VPOS="1733" WIDTH="20"/>
						<String ID="word000257" HPOS="1317" VPOS="1664" WIDTH="175" HEIGHT="45" CONTENT='"Fltitifer,' WC="0.40" CC="88655665334"/>
						<SP ID="P12_SP00250" HPOS="1492" VPOS="1733" WIDTH="0"/>
					</TextLine>
					<TextLine ID="P12_TL00032" HPOS="148" VPOS="1717" WIDTH="1343" HEIGHT="63">
						<String ID="word000258" HPOS="148" VPOS="1750" WIDTH="165" HEIGHT="30" CONTENT="seaman," WC="0.97" CC="1010000"/>
						<SP ID="P12_SP00251" HPOS="313" VPOS="1780" WIDTH="17"/>
						<String ID="word000259" HPOS="330" VPOS="1737" WIDTH="94" HEIGHT="34" CONTENT="ditto" WC="1.00" CC="00000"/>
						<SP ID="P12_SP00252" HPOS="424" VPOS="1780" WIDTH="18"/>
						<String ID="word000260" HPOS="442" VPOS="1748" WIDTH="12" HEIGHT="28" CONTENT=";" WC="1.00" CC="0"/>
						<SP ID="P12_SP00253" HPOS="454" VPOS="1780" WIDTH="28"/>
						<String ID="word000261" HPOS="482" VPOS="1735" WIDTH="103" HEIGHT="34" CONTENT="John" WC="0.83" CC="1311"/>
						<SP ID="P12_SP00254" HPOS="585" VPOS="1780" WIDTH="21"/>
						<String ID="word000262" HPOS="606" VPOS="1731" WIDTH="197" HEIGHT="38" CONTENT="Wheelan," WC="0.58" CC="55433433"/>
						<SP ID="P12_SP00255" HPOS="803" VPOS="1780" WIDTH="13"/>
						<String ID="word000263" HPOS="816" VPOS="1737" WIDTH="163" HEIGHT="28" CONTENT="seaman," WC="0.97" CC="1010000"/>
						<SP ID="P12_SP00256" HPOS="979" VPOS="1780" WIDTH="25"/>
						<String ID="word000264" HPOS="1004" VPOS="1726" WIDTH="94" HEIGHT="33" CONTENT="ditto" WC="0.73" CC="13512"/>
						<SP ID="P12_SP00257" HPOS="1098" VPOS="1780" WIDTH="15"/>
						<String ID="word000265" HPOS="1114" VPOS="1736" WIDTH="11" HEIGHT="22" CONTENT=";" WC="0.44" CC="5"/>
						<SP ID="P12_SP00258" HPOS="1124" VPOS="1780" WIDTH="31"/>
						<String ID="word000266" HPOS="1155" VPOS="1721" WIDTH="183" HEIGHT="34" CONTENT="Matthew" WC="0.75" CC="1345201"/>
						<SP ID="P12_SP00259" HPOS="1338" VPOS="1780" WIDTH="28"/>
						<String ID="word000267" HPOS="1367" VPOS="1717" WIDTH="124" HEIGHT="40" CONTENT="C:ond," WC="0.65" CC="765100"/>
						<SP ID="P12_SP00260" HPOS="1491" VPOS="1780" WIDTH="0"/>
					</TextLine>
					<TextLine ID="P12_TL00033" HPOS="149" VPOS="1762" WIDTH="1343" HEIGHT="67">
						<String ID="word000268" HPOS="149" VPOS="1799" WIDTH="164" HEIGHT="30" CONTENT="seaman," WC="0.92" CC="3100100"/>
						<SP ID="P12_SP00261" HPOS="313" VPOS="1828" WIDTH="34"/>
						<String ID="word000269" HPOS="347" VPOS="1785" WIDTH="126" HEIGHT="39" CONTENT="ditto;" WC="0.89" CC="101022"/>
						<SP ID="P12_SP00262" HPOS="474" VPOS="1828" WIDTH="50"/>
						<String ID="word000270" HPOS="523" VPOS="1781" WIDTH="170" HEIGHT="34" CONTENT="William" WC="0.90" CC="2031000"/>
						<SP ID="P12_SP00263" HPOS="693" VPOS="1828" WIDTH="35"/>
						<String ID="word000271" HPOS="729" VPOS="1769" WIDTH="266" HEIGHT="45" CONTENT="Meuclienton," WC="0.61" CC="333355343343"/>
						<SP ID="P12_SP00264" HPOS="994" VPOS="1828" WIDTH="30"/>
						<String ID="word000272" HPOS="1024" VPOS="1773" WIDTH="157" HEIGHT="40" CONTENT="marine," WC="1.00" CC="0000000"/>
						<SP ID="P12_SP00265" HPOS="1181" VPOS="1828" WIDTH="41"/>
						<String ID="word000273" HPOS="1222" VPOS="1768" WIDTH="122" HEIGHT="39" CONTENT="ditto;" WC="1.00" CC="000000"/>
						<SP ID="P12_SP00266" HPOS="1344" VPOS="1828" WIDTH="45"/>
						<String ID="word000274" HPOS="1389" VPOS="1762" WIDTH="103" HEIGHT="38" CONTENT="John" WC="0.83" CC="0204"/>
						<SP ID="P12_SP00267" HPOS="1492" VPOS="1828" WIDTH="0"/>
					</TextLine>
					<TextLine ID="P12_TL00034" HPOS="149" VPOS="1832" WIDTH="429" HEIGHT="41">
						<String ID="word000275" HPOS="149" VPOS="1835" WIDTH="130" HEIGHT="38" CONTENT="Budd," WC="0.69" CC="35402"/>
						<SP ID="P12_SP00268" HPOS="279" VPOS="1873" WIDTH="13"/>
						<String ID="word000276" HPOS="292" VPOS="1833" WIDTH="155" HEIGHT="40" CONTENT="marine," WC="0.98" CC="0001000"/>
						<SP ID="P12_SP00269" HPOS="446" VPOS="1873" WIDTH="18"/>
						<String ID="word000277" HPOS="464" VPOS="1832" WIDTH="113" HEIGHT="38" CONTENT="ditto," WC="0.93" CC="010003"/>
						<SP ID="P12_SP00270" HPOS="578" VPOS="1873" WIDTH="0"/>
					</TextLine>
					<TextLine ID="P12_TL00035" HPOS="203" VPOS="1852" WIDTH="1292" HEIGHT="65">
						<String ID="word000278" HPOS="203" VPOS="1884" WIDTH="237" HEIGHT="33" CONTENT="REVENGE." WC="0.72" CC="23422520"/>
						<SP ID="P12_SP00271" HPOS="441" VPOS="1917" WIDTH="20"/>
						<String ID="word000279" HPOS="461" VPOS="1897" WIDTH="46" HEIGHT="7" CONTENT="••---" WC="0.49" CC="77333"/>
						<SP ID="P12_SP00272" HPOS="507" VPOS="1917" WIDTH="13"/>
						<String ID="word000280" HPOS="520" VPOS="1877" WIDTH="133" HEIGHT="40" CONTENT="Henry" WC="0.82" CC="60101"/>
						<SP ID="P12_SP00273" HPOS="653" VPOS="1917" WIDTH="20"/>
						<String ID="word000281" HPOS="673" VPOS="1873" WIDTH="183" HEIGHT="37" CONTENT="Johnson," WC="0.82" CC="10203331"/>
						<SP ID="P12_SP00274" HPOS="856" VPOS="1917" WIDTH="13"/>
						<String ID="word000282" HPOS="869" VPOS="1870" WIDTH="185" HEIGHT="37" CONTENT="landmnn," WC="0.61" CC="53333344"/>
						<SP ID="P12_SP00275" HPOS="1055" VPOS="1917" WIDTH="28"/>
						<String ID="word000283" HPOS="1083" VPOS="1865" WIDTH="119" HEIGHT="34" CONTENT="killed" WC="0.91" CC="001112"/>
						<SP ID="P12_SP00276" HPOS="1202" VPOS="1917" WIDTH="19"/>
						<String ID="word000284" HPOS="1221" VPOS="1878" WIDTH="9" HEIGHT="26" CONTENT=";" WC="0.78" CC="2"/>
						<SP ID="P12_SP00277" HPOS="1231" VPOS="1917" WIDTH="28"/>
						<String ID="word000285" HPOS="1259" VPOS="1852" WIDTH="236" HEIGHT="53" CONTENT="TfttLuCtan-.'" WC="0.35" CC="3747573835888"/>
						<SP ID="P12_SP00278" HPOS="1495" VPOS="1917" WIDTH="0"/>
					</TextLine>
					<TextLine ID="P12_TL00036" HPOS="155" VPOS="1905" WIDTH="1339" HEIGHT="64">
						<String ID="word000286" HPOS="155" VPOS="1941" WIDTH="93" HEIGHT="28" CONTENT="mer," WC="0.86" CC="0401"/>
						<SP ID="P12_SP00279" HPOS="248" VPOS="1969" WIDTH="31"/>
						<String ID="word000287" HPOS="279" VPOS="1930" WIDTH="156" HEIGHT="38" CONTENT="marine," WC="1.00" CC="0000000"/>
						<SP ID="P12_SP00280" HPOS="435" VPOS="1969" WIDTH="19"/>
						<String ID="word000288" HPOS="454" VPOS="1926" WIDTH="118" HEIGHT="37" CONTENT="ditto;" WC="0.70" CC="102265"/>
						<SP ID="P12_SP00281" HPOS="572" VPOS="1969" WIDTH="28"/>
						<String ID="word000289" HPOS="600" VPOS="1923" WIDTH="165" HEIGHT="34" CONTENT="Thomas" WC="0.98" CC="100000"/>
						<SP ID="P12_SP00282" HPOS="765" VPOS="1969" WIDTH="18"/>
						<String ID="word000290" HPOS="783" VPOS="1920" WIDTH="154" HEIGHT="41" CONTENT="Pessey," WC="0.56" CC="3354373"/>
						<SP ID="P12_SP00283" HPOS="937" VPOS="1969" WIDTH="20"/>
						<String ID="word000291" HPOS="957" VPOS="1917" WIDTH="137" HEIGHT="35" CONTENT="marine" WC="0.85" CC="510110"/>
						<SP ID="P12_SP00284" HPOS="1094" VPOS="1969" WIDTH="18"/>
						<String ID="word000292" HPOS="1111" VPOS="1916" WIDTH="92" HEIGHT="39" CONTENT="bny," WC="0.47" CC="5356" STYLEREFS="TXT_2"/>
						<SP ID="P12_SP00285" HPOS="1204" VPOS="1969" WIDTH="17"/>
						<String ID="word000293" HPOS="1220" VPOS="1912" WIDTH="96" HEIGHT="32" CONTENT="ditto" WC="0.95" CC="10001"/>
						<SP ID="P12_SP00286" HPOS="1316" VPOS="1969" WIDTH="14"/>
						<String ID="word000294" HPOS="1330" VPOS="1907" WIDTH="24" HEIGHT="41" CONTENT=".4'" WC="0.37" CC="665"/>
						<SP ID="P12_SP00287" HPOS="1354" VPOS="1969" WIDTH="14"/>
						<String ID="word000295" HPOS="1368" VPOS="1905" WIDTH="126" HEIGHT="38" CONTENT="Tonics" WC="0.44" CC="456672"/>
						<SP ID="P12_SP00288" HPOS="1494" VPOS="1969" WIDTH="0"/>
					</TextLine>
					<TextLine ID="P12_TL00037" HPOS="158" VPOS="1956" WIDTH="1338" HEIGHT="60">
						<String ID="word000296" HPOS="158" VPOS="1978" WIDTH="178" HEIGHT="38" CONTENT="Garland," WC="0.76" CC="35041031"/>
						<SP ID="P12_SP00289" HPOS="337" VPOS="2016" WIDTH="22"/>
						<String ID="word000297" HPOS="359" VPOS="1976" WIDTH="219" HEIGHT="33" CONTENT="lieutenant." WC="0.78" CC="31100323504"/>
						<SP ID="P12_SP00290" HPOS="578" VPOS="2016" WIDTH="14"/>
						<String ID="word000298" HPOS="592" VPOS="1980" WIDTH="128" HEIGHT="26" CONTENT="severe" WC="0.94" CC="010101"/>
						<SP ID="P12_SP00291" HPOS="719" VPOS="2016" WIDTH="28"/>
						<String ID="word000299" HPOS="748" VPOS="1967" WIDTH="194" HEIGHT="35" CONTENT="contusion" WC="0.67" CC="533143233"/>
						<SP ID="P12_SP00292" HPOS="941" VPOS="2016" WIDTH="28"/>
						<String ID="word000300" HPOS="970" VPOS="1963" WIDTH="43" HEIGHT="34" CONTENT="of" WC="1.00" CC="00"/>
						<SP ID="P12_SP00293" HPOS="1012" VPOS="2016" WIDTH="14"/>
						<String ID="word000301" HPOS="1026" VPOS="1963" WIDTH="60" HEIGHT="34" CONTENT="the" WC="0.96" CC="010"/>
						<SP ID="P12_SP00294" HPOS="1087" VPOS="2016" WIDTH="18"/>
						<String ID="word000302" HPOS="1104" VPOS="1959" WIDTH="177" HEIGHT="35" CONTENT="shoulder" WC="0.97" CC="00000110"/>
						<SP ID="P12_SP00295" HPOS="1281" VPOS="2016" WIDTH="14"/>
						<String ID="word000303" HPOS="1296" VPOS="1957" WIDTH="73" HEIGHT="33" CONTENT="and" WC="0.96" CC="010"/>
						<SP ID="P12_SP00296" HPOS="1369" VPOS="2016" WIDTH="21"/>
						<String ID="word000304" HPOS="1390" VPOS="1956" WIDTH="78" HEIGHT="33" CONTENT="side" WC="0.86" CC="5000"/>
						<SP ID="P12_SP00297" HPOS="1468" VPOS="2016" WIDTH="17"/>
						<String ID="word000305" HPOS="1485" VPOS="1967" WIDTH="11" HEIGHT="26" CONTENT=";" WC="0.44" CC="5"/>
						<SP ID="P12_SP00298" HPOS="1495" VPOS="2016" WIDTH="0"/>
					</TextLine>
					<TextLine ID="P12_TL00038" HPOS="159" VPOS="2003" WIDTH="1339" HEIGHT="59">
						<String ID="word000306" HPOS="159" VPOS="2028" WIDTH="128" HEIGHT="34" CONTENT="James" WC="0.80" CC="04320"/>
						<SP ID="P12_SP00299" HPOS="287" VPOS="2062" WIDTH="18"/>
						<String ID="word000307" HPOS="305" VPOS="2023" WIDTH="133" HEIGHT="35" CONTENT="Cooke" WC="0.98" CC="00010"/>
						<SP ID="P12_SP00300" HPOS="438" VPOS="2062" WIDTH="26"/>
						<String ID="word000308" HPOS="464" VPOS="2020" WIDTH="79" HEIGHT="40" CONTENT="(1)," WC="0.67" CC="1425"/>
						<SP ID="P12_SP00301" HPOS="543" VPOS="2062" WIDTH="28"/>
						<String ID="word000309" HPOS="572" VPOS="2017" WIDTH="193" HEIGHT="43" CONTENT="ordinary," WC="0.97" CC="100100000"/>
						<SP ID="P12_SP00302" HPOS="764" VPOS="2062" WIDTH="20"/>
						<String ID="word000310" HPOS="784" VPOS="2015" WIDTH="69" HEIGHT="33" CONTENT="left" WC="1.00" CC="0000"/>
						<SP ID="P12_SP00303" HPOS="853" VPOS="2062" WIDTH="33"/>
						<String ID="word000311" HPOS="886" VPOS="2011" WIDTH="103" HEIGHT="43" CONTENT="thigh" WC="0.71" CC="10840"/>
						<SP ID="P12_SP00304" HPOS="989" VPOS="2062" WIDTH="27"/>
						<String ID="word000312" HPOS="1016" VPOS="2008" WIDTH="234" HEIGHT="46" CONTENT="amputated," WC="0.78" CC="1212330143"/>
						<SP ID="P12_SP00305" HPOS="1250" VPOS="2062" WIDTH="20"/>
						<String ID="word000313" HPOS="1270" VPOS="2003" WIDTH="97" HEIGHT="37" CONTENT="and" WC="0.89" CC="102"/>
						<SP ID="P12_SP00306" HPOS="1367" VPOS="2062" WIDTH="0"/>
						<String ID="word000314" HPOS="1367" VPOS="2015" WIDTH="22" HEIGHT="21" CONTENT="a" WC="0.89" CC="1"/>
						<SP ID="P12_SP00307" HPOS="1389" VPOS="2062" WIDTH="20"/>
						<String ID="word000315" HPOS="1409" VPOS="2013" WIDTH="89" HEIGHT="31" CONTENT="very" WC="0.97" CC="0001"/>
						<SP ID="P12_SP00308" HPOS="1498" VPOS="2062" WIDTH="0"/>
					</TextLine>
					<TextLine ID="P12_TL00039" HPOS="158" VPOS="2049" WIDTH="1340" HEIGHT="69">
						<String ID="word000316" HPOS="158" VPOS="2076" WIDTH="204" HEIGHT="41" CONTENT="dangerous" WC="0.97" CC="001000001"/>
						<SP ID="P12_SP00309" HPOS="363" VPOS="2118" WIDTH="28"/>
						<String ID="word000317" HPOS="391" VPOS="2068" WIDTH="132" HEIGHT="34" CONTENT="wound" WC="0.78" CC="31330"/>
						<SP ID="P12_SP00310" HPOS="523" VPOS="2118" WIDTH="43"/>
						<String ID="word000318" HPOS="566" VPOS="2067" WIDTH="44" HEIGHT="32" CONTENT="of" WC="1.00" CC="00"/>
						<SP ID="P12_SP00311" HPOS="609" VPOS="2118" WIDTH="22"/>
						<String ID="word000319" HPOS="632" VPOS="2066" WIDTH="63" HEIGHT="33" CONTENT="the" WC="0.96" CC="001"/>
						<SP ID="P12_SP00312" HPOS="694" VPOS="2118" WIDTH="32"/>
						<String ID="word000320" HPOS="726" VPOS="2063" WIDTH="100" HEIGHT="43" CONTENT="right" WC="0.98" CC="00100"/>
						<SP ID="P12_SP00313" HPOS="827" VPOS="2118" WIDTH="19"/>
						<String ID="word000321" HPOS="846" VPOS="2061" WIDTH="80" HEIGHT="33" CONTENT="font" WC="0.83" CC="0150"/>
						<SP ID="P12_SP00314" HPOS="926" VPOS="2118" WIDTH="18"/>
						<String ID="word000322" HPOS="944" VPOS="2073" WIDTH="9" HEIGHT="25" CONTENT=";" WC="1.00" CC="0"/>
						<SP ID="P12_SP00315" HPOS="953" VPOS="2118" WIDTH="28"/>
						<String ID="word000323" HPOS="981" VPOS="2059" WIDTH="164" HEIGHT="34" CONTENT="Thomas" WC="0.98" CC="000010"/>
						<SP ID="P12_SP00316" HPOS="1146" VPOS="2118" WIDTH="20"/>
						<String ID="word000324" HPOS="1166" VPOS="2052" WIDTH="214" HEIGHT="39" CONTENT="Whittock," WC="0.57" CC="643334633"/>
						<SP ID="P12_SP00317" HPOS="1380" VPOS="2118" WIDTH="15"/>
						<String ID="word000325" HPOS="1395" VPOS="2049" WIDTH="83" HEIGHT="35" CONTENT="land" SUBS_TYPE="HypPart1" SUBS_CONTENT="landman," WC="0.64" CC="3532"/>
						<HYP HPOS="1478" VPOS="2049" WIDTH="20" CONTENT="-"/>
					</TextLine>
					<TextLine ID="P12_TL00040" HPOS="158" VPOS="2085" WIDTH="1369" HEIGHT="76">
						<String ID="word000326" HPOS="158" VPOS="2133" WIDTH="103" HEIGHT="27" CONTENT="man," SUBS_TYPE="HypPart2" SUBS_CONTENT="landman," WC="0.86" CC="4100"/>
						<SP ID="P12_SP00318" HPOS="261" VPOS="2160" WIDTH="24"/>
						<String ID="word000327" HPOS="285" VPOS="2132" WIDTH="22" HEIGHT="20" CONTENT="w" WC="0.22" CC="7"/>
						<SP ID="P12_SP00319" HPOS="307" VPOS="2160" WIDTH="13"/>
						<String ID="word000328" HPOS="320" VPOS="2119" WIDTH="93" HEIGHT="33" CONTENT="mind" WC="0.75" CC="3312"/>
						<SP ID="P12_SP00320" HPOS="413" VPOS="2160" WIDTH="18"/>
						<String ID="word000329" HPOS="431" VPOS="2119" WIDTH="35" HEIGHT="33" CONTENT="in" WC="0.83" CC="30"/>
						<SP ID="P12_SP00321" HPOS="467" VPOS="2160" WIDTH="14"/>
						<String ID="word000330" HPOS="481" VPOS="2118" WIDTH="60" HEIGHT="32" CONTENT="the" WC="0.93" CC="011"/>
						<SP ID="P12_SP00322" HPOS="541" VPOS="2160" WIDTH="17"/>
						<String ID="word000331" HPOS="557" VPOS="2113" WIDTH="91" HEIGHT="34" CONTENT="brad" WC="0.64" CC="3550"/>
						<SP ID="P12_SP00323" HPOS="648" VPOS="2160" WIDTH="15"/>
						<String ID="word000332" HPOS="664" VPOS="2125" WIDTH="12" HEIGHT="25" CONTENT=";" WC="0.89" CC="1"/>
						<SP ID="P12_SP00324" HPOS="676" VPOS="2160" WIDTH="27"/>
						<String ID="word000333" HPOS="703" VPOS="2112" WIDTH="164" HEIGHT="33" CONTENT="Thomas" WC="0.83" CC="002133"/>
						<SP ID="P12_SP00325" HPOS="867" VPOS="2160" WIDTH="13"/>
						<String ID="word000334" HPOS="880" VPOS="2108" WIDTH="131" HEIGHT="40" CONTENT="Tyler," WC="0.50" CC="376434"/>
						<SP ID="P12_SP00326" HPOS="1011" VPOS="2160" WIDTH="18"/>
						<String ID="word000335" HPOS="1029" VPOS="2106" WIDTH="189" HEIGHT="33" CONTENT="landman," WC="0.53" CC="35335555"/>
						<SP ID="P12_SP00327" HPOS="1218" VPOS="2160" WIDTH="24"/>
						<String ID="word000336" HPOS="1241" VPOS="2100" WIDTH="129" HEIGHT="33" CONTENT="wound" WC="0.95" CC="10010"/>
						<SP ID="P12_SP00328" HPOS="1370" VPOS="2160" WIDTH="17"/>
						<String ID="word000337" HPOS="1387" VPOS="2098" WIDTH="41" HEIGHT="33" CONTENT="of" WC="1.00" CC="00"/>
						<SP ID="P12_SP00329" HPOS="1428" VPOS="2160" WIDTH="14"/>
						<String ID="word000338" HPOS="1442" VPOS="2098" WIDTH="61" HEIGHT="32" CONTENT="the" WC="0.96" CC="010"/>
						<SP ID="P12_SP00330" HPOS="1504" VPOS="2160" WIDTH="22"/>
						<String ID="word000339" HPOS="1526" VPOS="2085" WIDTH="1" HEIGHT="76" CONTENT="I" WC="0.33" CC="6" STYLEREFS="TXT_0"/>
						<SP ID="P12_SP00331" HPOS="1527" VPOS="2160" WIDTH="0"/>
					</TextLine>
					<TextLine ID="P12_TL00041" HPOS="214" VPOS="2145" WIDTH="1291" HEIGHT="64">
						<String ID="word000340" HPOS="214" VPOS="2180" WIDTH="19" HEIGHT="21" CONTENT="e" WC="0.56" CC="4"/>
						<SP ID="P12_SP00332" HPOS="233" VPOS="2202" WIDTH="13"/>
						<String ID="word000341" HPOS="246" VPOS="2181" WIDTH="13" HEIGHT="27" CONTENT=";" WC="1.00" CC="0"/>
						<SP ID="P12_SP00333" HPOS="259" VPOS="2209" WIDTH="31"/>
						<String ID="word000342" HPOS="289" VPOS="2167" WIDTH="112" HEIGHT="34" CONTENT="Denis" WC="0.69" CC="43313"/>
						<SP ID="P12_SP00334" HPOS="402" VPOS="2209" WIDTH="26"/>
						<String ID="word000343" HPOS="428" VPOS="2165" WIDTH="118" HEIGHT="39" CONTENT="Grey," WC="0.95" CC="10010"/>
						<SP ID="P12_SP00335" HPOS="546" VPOS="2209" WIDTH="26"/>
						<String ID="word000344" HPOS="572" VPOS="2160" WIDTH="194" HEIGHT="41" CONTENT="ordinary," WC="0.80" CC="112143103"/>
						<SP ID="P12_SP00336" HPOS="765" VPOS="2209" WIDTH="21"/>
						<String ID="word000345" HPOS="787" VPOS="2156" WIDTH="191" HEIGHT="34" CONTENT="riontusion" WC="0.38" CC="5855357567"/>
						<SP ID="P12_SP00337" HPOS="978" VPOS="2209" WIDTH="26"/>
						<String ID="word000346" HPOS="1004" VPOS="2153" WIDTH="41" HEIGHT="32" CONTENT="of" WC="1.00" CC="00"/>
						<SP ID="P12_SP00338" HPOS="1045" VPOS="2209" WIDTH="15"/>
						<String ID="word000347" HPOS="1061" VPOS="2152" WIDTH="124" HEIGHT="33" CONTENT="back;" WC="0.80" CC="11025"/>
						<SP ID="P12_SP00339" HPOS="1185" VPOS="2209" WIDTH="30"/>
						<String ID="word000348" HPOS="1214" VPOS="2145" WIDTH="269" HEIGHT="41" CONTENT="Thatnas•Trig" SUBS_TYPE="HypPart1" SUBS_CONTENT="Thatnas•Trigworth," WC="0.49" CC="836536563334"/>
						<HYP HPOS="1483" VPOS="2145" WIDTH="21" CONTENT="-"/>
					</TextLine>
					<TextLine ID="P12_TL00042" HPOS="165" VPOS="2192" WIDTH="1340" HEIGHT="64">
						<String ID="word000349" HPOS="165" VPOS="2217" WIDTH="142" HEIGHT="39" CONTENT="worth," SUBS_TYPE="HypPart2" SUBS_CONTENT="Thatnas•Trigworth," WC="0.93" CC="310000"/>
						<SP ID="P12_SP00340" HPOS="307" VPOS="2256" WIDTH="32"/>
						<String ID="word000350" HPOS="339" VPOS="2213" WIDTH="194" HEIGHT="37" CONTENT="ordinary," WC="0.97" CC="000002000"/>
						<SP ID="P12_SP00341" HPOS="533" VPOS="2256" WIDTH="19"/>
						<String ID="word000351" HPOS="552" VPOS="2209" WIDTH="190" HEIGHT="34" CONTENT="contusion" WC="0.69" CC="333134332"/>
						<SP ID="P12_SP00342" HPOS="742" VPOS="2256" WIDTH="18"/>
						<String ID="word000352" HPOS="759" VPOS="2204" WIDTH="69" HEIGHT="34" CONTENT="and" WC="0.93" CC="200"/>
						<SP ID="P12_SP00343" HPOS="828" VPOS="2256" WIDTH="32"/>
						<String ID="word000353" HPOS="860" VPOS="2202" WIDTH="132" HEIGHT="34" CONTENT="worind" WC="0.37" CC="556873"/>
						<SP ID="P12_SP00344" HPOS="992" VPOS="2256" WIDTH="30"/>
						<String ID="word000354" HPOS="1022" VPOS="2199" WIDTH="44" HEIGHT="33" CONTENT="of" WC="0.89" CC="20"/>
						<SP ID="P12_SP00345" HPOS="1065" VPOS="2256" WIDTH="22"/>
						<String ID="word000355" HPOS="1088" VPOS="2198" WIDTH="100" HEIGHT="43" CONTENT="right" WC="0.98" CC="00100"/>
						<SP ID="P12_SP00346" HPOS="1188" VPOS="2256" WIDTH="19"/>
						<String ID="word000356" HPOS="1207" VPOS="2196" WIDTH="80" HEIGHT="34" CONTENT="foot" WC="0.69" CC="1262"/>
						<SP ID="P12_SP00347" HPOS="1287" VPOS="2256" WIDTH="18"/>
						<String ID="word000357" HPOS="1305" VPOS="2207" WIDTH="11" HEIGHT="25" CONTENT=";" WC="0.33" CC="6"/>
						<SP ID="P12_SP00348" HPOS="1316" VPOS="2256" WIDTH="32"/>
						<String ID="word000358" HPOS="1348" VPOS="2192" WIDTH="157" HEIGHT="34" CONTENT="Charles" WC="0.71" CC="1211337"/>
						<SP ID="P12_SP00349" HPOS="1505" VPOS="2256" WIDTH="0"/>
					</TextLine>
					<TextLine ID="P12_TL00043" HPOS="168" VPOS="2239" WIDTH="1338" HEIGHT="63">
						<String ID="word000359" HPOS="168" VPOS="2264" WIDTH="137" HEIGHT="38" CONTENT="Chew," WC="0.98" CC="00010"/>
						<SP ID="P12_SP00350" HPOS="305" VPOS="2302" WIDTH="19"/>
						<String ID="word000360" HPOS="324" VPOS="2263" WIDTH="156" HEIGHT="35" CONTENT="marine," WC="0.98" CC="0001000"/>
						<SP ID="P12_SP00351" HPOS="480" VPOS="2302" WIDTH="19"/>
						<String ID="word000361" HPOS="498" VPOS="2258" WIDTH="98" HEIGHT="44" CONTENT="right" WC="0.95" CC="01100"/>
						<SP ID="P12_SP00352" HPOS="596" VPOS="2302" WIDTH="17"/>
						<String ID="word000362" HPOS="613" VPOS="2255" WIDTH="106" HEIGHT="43" CONTENT="thigh" WC="1.00" CC="00000"/>
						<SP ID="P12_SP00353" HPOS="719" VPOS="2302" WIDTH="19"/>
						<String ID="word000363" HPOS="738" VPOS="2250" WIDTH="233" HEIGHT="46" CONTENT="amputated," WC="0.91" CC="0110210003"/>
						<SP ID="P12_SP00354" HPOS="971" VPOS="2302" WIDTH="15"/>
						<String ID="word000364" HPOS="986" VPOS="2246" WIDTH="67" HEIGHT="35" CONTENT="and" WC="0.93" CC="101"/>
						<SP ID="P12_SP00355" HPOS="1054" VPOS="2302" WIDTH="18"/>
						<String ID="word000365" HPOS="1071" VPOS="2257" WIDTH="22" HEIGHT="22" CONTENT="a" WC="0.89" CC="1"/>
						<SP ID="P12_SP00356" HPOS="1094" VPOS="2302" WIDTH="19"/>
						<String ID="word000366" HPOS="1113" VPOS="2256" WIDTH="90" HEIGHT="33" CONTENT="very" WC="0.89" CC="3010"/>
						<SP ID="P12_SP00357" HPOS="1202" VPOS="2302" WIDTH="20"/>
						<String ID="word000367" HPOS="1222" VPOS="2239" WIDTH="283" HEIGHT="47" CONTENT="dangerouvand" WC="0.42" CC="385533858653"/>
						<SP ID="P12_SP00358" HPOS="1506" VPOS="2302" WIDTH="0"/>
					</TextLine>
					<TextLine ID="P12_TL00044" HPOS="163" VPOS="2284" WIDTH="1343" HEIGHT="63">
						<String ID="word000368" HPOS="163" VPOS="2311" WIDTH="194" HEIGHT="35" CONTENT="extensive" WC="0.79" CC="012154121"/>
						<SP ID="P12_SP00359" HPOS="357" VPOS="2347" WIDTH="20"/>
						<String ID="word000369" HPOS="377" VPOS="2307" WIDTH="133" HEIGHT="34" CONTENT="wnnnd" WC="0.64" CC="45511"/>
						<SP ID="P12_SP00360" HPOS="510" VPOS="2347" WIDTH="19"/>
						<String ID="word000370" HPOS="529" VPOS="2316" WIDTH="44" HEIGHT="21" CONTENT="on" WC="1.00" CC="00"/>
						<SP ID="P12_SP00361" HPOS="573" VPOS="2347" WIDTH="21"/>
						<String ID="word000371" HPOS="594" VPOS="2302" WIDTH="66" HEIGHT="33" CONTENT="left" WC="0.97" CC="0010"/>
						<SP ID="P12_SP00362" HPOS="660" VPOS="2347" WIDTH="21"/>
						<String ID="word000372" HPOS="681" VPOS="2302" WIDTH="58" HEIGHT="40" CONTENT="leg" WC="0.48" CC="437"/>
						<SP ID="P12_SP00363" HPOS="739" VPOS="2347" WIDTH="22"/>
						<String ID="word000373" HPOS="762" VPOS="2301" WIDTH="71" HEIGHT="32" CONTENT="and" WC="0.74" CC="106"/>
						<SP ID="P12_SP00364" HPOS="833" VPOS="2347" WIDTH="21"/>
						<String ID="word000374" HPOS="854" VPOS="2296" WIDTH="105" HEIGHT="44" CONTENT="thigh" WC="0.95" CC="01010"/>
						<SP ID="P12_SP00365" HPOS="959" VPOS="2347" WIDTH="18"/>
						<String ID="word000375" HPOS="977" VPOS="2308" WIDTH="9" HEIGHT="26" CONTENT=";" WC="1.00" CC="0"/>
						<SP ID="P12_SP00366" HPOS="986" VPOS="2347" WIDTH="30"/>
						<String ID="word000376" HPOS="1016" VPOS="2295" WIDTH="162" HEIGHT="33" CONTENT="Thomas" WC="0.93" CC="101101"/>
						<SP ID="P12_SP00367" HPOS="1178" VPOS="2347" WIDTH="20"/>
						<String ID="word000377" HPOS="1198" VPOS="2290" WIDTH="132" HEIGHT="39" CONTENT="Berry," WC="0.70" CC="440260"/>
						<SP ID="P12_SP00368" HPOS="1330" VPOS="2347" WIDTH="21"/>
						<String ID="word000378" HPOS="1351" VPOS="2284" WIDTH="155" HEIGHT="43" CONTENT="marine," WC="0.92" CC="1201100"/>
						<SP ID="P12_SP00369" HPOS="1506" VPOS="2347" WIDTH="0"/>
					</TextLine>
					<TextLine ID="P12_TL00045" HPOS="165" VPOS="2333" WIDTH="1348" HEIGHT="61">
						<String ID="word000379" HPOS="165" VPOS="2360" WIDTH="191" HEIGHT="34" CONTENT="contusion" WC="0.73" CC="341113243"/>
						<SP ID="P12_SP00370" HPOS="357" VPOS="2394" WIDTH="20"/>
						<String ID="word000380" HPOS="377" VPOS="2355" WIDTH="41" HEIGHT="34" CONTENT="of" WC="1.00" CC="00"/>
						<SP ID="P12_SP00371" HPOS="418" VPOS="2394" WIDTH="15"/>
						<String ID="word000381" HPOS="433" VPOS="2353" WIDTH="105" HEIGHT="41" CONTENT="thigh" WC="0.95" CC="00011"/>
						<SP ID="P12_SP00372" HPOS="539" VPOS="2394" WIDTH="14"/>
						<String ID="word000382" HPOS="553" VPOS="2365" WIDTH="12" HEIGHT="28" CONTENT=";" WC="1.00" CC="0"/>
						<SP ID="P12_SP00373" HPOS="565" VPOS="2394" WIDTH="28"/>
						<String ID="word000383" HPOS="593" VPOS="2350" WIDTH="103" HEIGHT="33" CONTENT=".Tithn" WC="0.31" CC="387838"/>
						<SP ID="P12_SP00374" HPOS="696" VPOS="2394" WIDTH="25"/>
						<String ID="word000384" HPOS="720" VPOS="2349" WIDTH="37" HEIGHT="31" CONTENT="W" WC="0.67" CC="3"/>
						<SP ID="P12_SP00375" HPOS="757" VPOS="2394" WIDTH="11"/>
						<String ID="word000385" HPOS="768" VPOS="2349" WIDTH="152" HEIGHT="33" CONTENT="'Fenian," WC="0.64" CC="77124131"/>
						<SP ID="P12_SP00376" HPOS="920" VPOS="2394" WIDTH="18"/>
						<String ID="word000386" HPOS="938" VPOS="2342" WIDTH="155" HEIGHT="38" CONTENT="marine," WC="0.97" CC="1100000"/>
						<SP ID="P12_SP00377" HPOS="1093" VPOS="2394" WIDTH="19"/>
						<String ID="word000387" HPOS="1111" VPOS="2339" WIDTH="191" HEIGHT="34" CONTENT="contusion" WC="0.97" CC="101000000"/>
						<SP ID="P12_SP00378" HPOS="1303" VPOS="2394" WIDTH="19"/>
						<String ID="word000388" HPOS="1322" VPOS="2335" WIDTH="46" HEIGHT="34" CONTENT="of" WC="1.00" CC="00"/>
						<SP ID="P12_SP00379" HPOS="1368" VPOS="2394" WIDTH="13"/>
						<String ID="word000389" HPOS="1381" VPOS="2333" WIDTH="132" HEIGHT="47" CONTENT="shout-," WC="0.68" CC="3011735"/>
						<SP ID="P12_SP00380" HPOS="1513" VPOS="2394" WIDTH="0"/>
					</TextLine>
					<TextLine ID="P12_TL00046" HPOS="167" VPOS="2380" WIDTH="1343" HEIGHT="65">
						<String ID="word000390" HPOS="167" VPOS="2409" WIDTH="87" HEIGHT="35" CONTENT="der;" WC="0.83" CC="1122"/>
						<SP ID="P12_SP00381" HPOS="254" VPOS="2445" WIDTH="28"/>
						<String ID="word000391" HPOS="282" VPOS="2405" WIDTH="178" HEIGHT="34" CONTENT="Timothy" WC="0.92" CC="0101003"/>
						<SP ID="P12_SP00382" HPOS="461" VPOS="2445" WIDTH="25"/>
						<String ID="word000392" HPOS="485" VPOS="2401" WIDTH="110" HEIGHT="38" CONTENT="Pato," WC="0.49" CC="65660"/>
						<SP ID="P12_SP00383" HPOS="595" VPOS="2445" WIDTH="22"/>
						<String ID="word000393" HPOS="618" VPOS="2398" WIDTH="154" HEIGHT="34" CONTENT="marine," WC="0.75" CC="2302333"/>
						<SP ID="P12_SP00384" HPOS="771" VPOS="2445" WIDTH="31"/>
						<String ID="word000394" HPOS="802" VPOS="2392" WIDTH="193" HEIGHT="37" CONTENT="contusion" WC="0.51" CC="444175375"/>
						<SP ID="P12_SP00385" HPOS="994" VPOS="2445" WIDTH="19"/>
						<String ID="word000395" HPOS="1013" VPOS="2380" WIDTH="41" HEIGHT="41" CONTENT="of" WC="0.56" CC="26"/>
						<SP ID="P12_SP00386" HPOS="1055" VPOS="2445" WIDTH="25"/>
						<String ID="word000396" HPOS="1080" VPOS="2388" WIDTH="105" HEIGHT="41" CONTENT="thigh" WC="0.73" CC="54111"/>
						<SP ID="P12_SP00387" HPOS="1185" VPOS="2445" WIDTH="19"/>
						<String ID="word000397" HPOS="1204" VPOS="2399" WIDTH="9" HEIGHT="27" CONTENT=";" WC="1.00" CC="0"/>
						<SP ID="P12_SP00388" HPOS="1213" VPOS="2445" WIDTH="31"/>
						<String ID="word000398" HPOS="1244" VPOS="2386" WIDTH="94" HEIGHT="33" CONTENT="Gen." WC="0.56" CC="6361"/>
						<SP ID="P12_SP00389" HPOS="1338" VPOS="2445" WIDTH="22"/>
						<String ID="word000399" HPOS="1361" VPOS="2381" WIDTH="106" HEIGHT="44" CONTENT="Skell" WC="0.48" CC="33575"/>
						<SP ID="P12_SP00390" HPOS="1467" VPOS="2445" WIDTH="0"/>
						<String ID="word000400" HPOS="1467" VPOS="2381" WIDTH="43" HEIGHT="44" CONTENT="3," WC="0.48" CC="50"/>
						<SP ID="P12_SP00391" HPOS="1509" VPOS="2445" WIDTH="0"/>
					</TextLine>
					<TextLine ID="P12_TL00047" HPOS="170" VPOS="2431" WIDTH="1337" HEIGHT="60">
						<String ID="word000401" HPOS="170" VPOS="2456" WIDTH="157" HEIGHT="35" CONTENT="marine," WC="0.75" CC="2301541"/>
						<SP ID="P12_SP00392" HPOS="327" VPOS="2491" WIDTH="34"/>
						<String ID="word000402" HPOS="361" VPOS="2451" WIDTH="189" HEIGHT="33" CONTENT="coniusimi" WC="0.26" CC="883877388"/>
						<SP ID="P12_SP00393" HPOS="550" VPOS="2491" WIDTH="30"/>
						<String ID="word000403" HPOS="580" VPOS="2453" WIDTH="40" HEIGHT="27" CONTENT="of" WC="0.56" CC="17"/>
						<SP ID="P12_SP00394" HPOS="620" VPOS="2491" WIDTH="37"/>
						<String ID="word000404" HPOS="657" VPOS="2444" WIDTH="196" HEIGHT="34" CONTENT="shoulder;" WC="0.83" CC="440011022"/>
						<SP ID="P12_SP00395" HPOS="853" VPOS="2491" WIDTH="27"/>
						<String ID="word000405" HPOS="880" VPOS="2439" WIDTH="145" HEIGHT="43" CONTENT="Joseph" WC="0.69" CC="344312"/>
						<SP ID="P12_SP00396" HPOS="1025" VPOS="2491" WIDTH="31"/>
						<String ID="word000406" HPOS="1056" VPOS="2434" WIDTH="155" HEIGHT="38" CONTENT="Weeks," WC="0.59" CC="415255"/>
						<SP ID="P12_SP00397" HPOS="1211" VPOS="2491" WIDTH="35"/>
						<String ID="word000407" HPOS="1246" VPOS="2432" WIDTH="141" HEIGHT="34" CONTENT="marine" WC="0.96" CC="010001"/>
						<SP ID="P12_SP00398" HPOS="1387" VPOS="2491" WIDTH="30"/>
						<String ID="word000408" HPOS="1416" VPOS="2431" WIDTH="91" HEIGHT="41" CONTENT="tiny," WC="0.71" CC="53131"/>
						<SP ID="P12_SP00399" HPOS="1507" VPOS="2491" WIDTH="0"/>
					</TextLine>
					<TextLine ID="P12_TL00048" HPOS="174" VPOS="2477" WIDTH="1336" HEIGHT="64">
						<String ID="word000409" HPOS="174" VPOS="2503" WIDTH="131" HEIGHT="33" CONTENT="wound" WC="0.62" CC="34334"/>
						<SP ID="P12_SP00400" HPOS="305" VPOS="2536" WIDTH="20"/>
						<String ID="word000410" HPOS="325" VPOS="2499" WIDTH="41" HEIGHT="32" CONTENT="of" WC="1.00" CC="00"/>
						<SP ID="P12_SP00401" HPOS="366" VPOS="2536" WIDTH="24"/>
						<String ID="word000411" HPOS="390" VPOS="2497" WIDTH="104" HEIGHT="44" CONTENT="thigh" WC="0.87" CC="11013"/>
						<SP ID="P12_SP00402" HPOS="494" VPOS="2541" WIDTH="19"/>
						<String ID="word000412" HPOS="513" VPOS="2494" WIDTH="66" HEIGHT="33" CONTENT="and" WC="0.96" CC="010"/>
						<SP ID="P12_SP00403" HPOS="579" VPOS="2541" WIDTH="27"/>
						<String ID="word000413" HPOS="606" VPOS="2492" WIDTH="188" HEIGHT="34" CONTENT="contusion" WC="0.88" CC="112031011"/>
						<SP ID="P12_SP00404" HPOS="794" VPOS="2541" WIDTH="26"/>
						<String ID="word000414" HPOS="820" VPOS="2490" WIDTH="45" HEIGHT="33" CONTENT="of" WC="0.94" CC="01"/>
						<SP ID="P12_SP00405" HPOS="865" VPOS="2541" WIDTH="21"/>
						<String ID="word000415" HPOS="886" VPOS="2486" WIDTH="96" HEIGHT="34" CONTENT="hack" WC="0.83" CC="5100"/>
						<SP ID="P12_SP00406" HPOS="981" VPOS="2541" WIDTH="17"/>
						<String ID="word000416" HPOS="998" VPOS="2498" WIDTH="9" HEIGHT="20" CONTENT=":" WC="0.33" CC="6"/>
						<SP ID="P12_SP00407" HPOS="1007" VPOS="2541" WIDTH="27"/>
						<String ID="word000417" HPOS="1035" VPOS="2484" WIDTH="103" HEIGHT="34" CONTENT="John" WC="0.89" CC="0013"/>
						<SP ID="P12_SP00408" HPOS="1137" VPOS="2541" WIDTH="27"/>
						<String ID="word000418" HPOS="1165" VPOS="2484" WIDTH="162" HEIGHT="40" CONTENT="Carper." WC="0.73" CC="0561104"/>
						<SP ID="P12_SP00409" HPOS="1326" VPOS="2541" WIDTH="30"/>
						<String ID="word000419" HPOS="1356" VPOS="2477" WIDTH="154" HEIGHT="40" CONTENT="marine," WC="0.94" CC="0201100"/>
						<SP ID="P12_SP00410" HPOS="1509" VPOS="2541" WIDTH="0"/>
					</TextLine>
					<TextLine ID="P12_TL00049" HPOS="174" VPOS="2524" WIDTH="1344" HEIGHT="60">
						<String ID="word000420" HPOS="174" VPOS="2550" WIDTH="189" HEIGHT="34" CONTENT="contusion" WC="0.54" CC="464147362"/>
						<SP ID="P12_SP00411" HPOS="363" VPOS="2584" WIDTH="32"/>
						<String ID="word000421" HPOS="394" VPOS="2544" WIDTH="44" HEIGHT="34" CONTENT="of" WC="0.72" CC="50"/>
						<SP ID="P12_SP00412" HPOS="438" VPOS="2584" WIDTH="28"/>
						<String ID="word000422" HPOS="467" VPOS="2543" WIDTH="90" HEIGHT="33" CONTENT="bead" WC="0.81" CC="5011"/>
						<SP ID="P12_SP00413" HPOS="556" VPOS="2584" WIDTH="35"/>
						<String ID="word000423" HPOS="592" VPOS="2541" WIDTH="69" HEIGHT="34" CONTENT="and" WC="0.96" CC="100"/>
						<SP ID="P12_SP00414" HPOS="660" VPOS="2584" WIDTH="35"/>
						<String ID="word000424" HPOS="696" VPOS="2549" WIDTH="78" HEIGHT="24" CONTENT="arm" WC="0.96" CC="100"/>
						<SP ID="P12_SP00415" HPOS="774" VPOS="2584" WIDTH="19"/>
						<String ID="word000425" HPOS="793" VPOS="2550" WIDTH="9" HEIGHT="27" CONTENT=";" WC="1.00" CC="0"/>
						<SP ID="P12_SP00416" HPOS="802" VPOS="2584" WIDTH="28"/>
						<String ID="word000426" HPOS="830" VPOS="2537" WIDTH="128" HEIGHT="32" CONTENT="James" WC="0.69" CC="32333"/>
						<SP ID="P12_SP00417" HPOS="958" VPOS="2584" WIDTH="25"/>
						<String ID="word000427" HPOS="983" VPOS="2532" WIDTH="163" HEIGHT="40" CONTENT="Irtighes," WC="0.40" CC="577665553"/>
						<SP ID="P12_SP00418" HPOS="1146" VPOS="2584" WIDTH="26"/>
						<String ID="word000428" HPOS="1172" VPOS="2529" WIDTH="180" HEIGHT="44" CONTENT="corporal" WC="0.63" CC="67214034"/>
						<SP ID="P12_SP00419" HPOS="1351" VPOS="2584" WIDTH="18"/>
						<String ID="word000429" HPOS="1369" VPOS="2524" WIDTH="44" HEIGHT="45" CONTENT="of" WC="0.89" CC="11"/>
						<SP ID="P12_SP00420" HPOS="1413" VPOS="2584" WIDTH="24"/>
						<String ID="word000430" HPOS="1436" VPOS="2525" WIDTH="81" HEIGHT="39" CONTENT="Ind-," WC="0.35" CC="75638"/>
						<SP ID="P12_SP00421" HPOS="1518" VPOS="2584" WIDTH="0"/>
					</TextLine>
					<TextLine ID="P12_TL00050" HPOS="176" VPOS="2572" WIDTH="1335" HEIGHT="59">
						<String ID="word000431" HPOS="176" VPOS="2598" WIDTH="87" HEIGHT="33" CONTENT="ries." WC="0.67" CC="33333"/>
						<SP ID="P12_SP00422" HPOS="263" VPOS="2631" WIDTH="20"/>
						<String ID="word000432" HPOS="283" VPOS="2594" WIDTH="188" HEIGHT="35" CONTENT="contusion" WC="0.67" CC="334333143"/>
						<SP ID="P12_SP00423" HPOS="471" VPOS="2631" WIDTH="21"/>
						<String ID="word000433" HPOS="493" VPOS="2590" WIDTH="40" HEIGHT="33" CONTENT="of" WC="1.00" CC="00"/>
						<SP ID="P12_SP00424" HPOS="533" VPOS="2631" WIDTH="15"/>
						<String ID="word000434" HPOS="548" VPOS="2589" WIDTH="92" HEIGHT="33" CONTENT="back" WC="0.81" CC="5200"/>
						<SP ID="P12_SP00425" HPOS="640" VPOS="2631" WIDTH="17"/>
						<String ID="word000435" HPOS="657" VPOS="2600" WIDTH="12" HEIGHT="28" CONTENT=";" WC="1.00" CC="0"/>
						<SP ID="P12_SP00426" HPOS="669" VPOS="2631" WIDTH="32"/>
						<String ID="word000436" HPOS="700" VPOS="2588" WIDTH="99" HEIGHT="31" CONTENT="John" WC="0.75" CC="3312"/>
						<SP ID="P12_SP00427" HPOS="800" VPOS="2631" WIDTH="24"/>
						<String ID="word000437" HPOS="823" VPOS="2582" WIDTH="132" HEIGHT="38" CONTENT="Ward," WC="0.91" CC="11002"/>
						<SP ID="P12_SP00428" HPOS="956" VPOS="2631" WIDTH="193"/>
						<String ID="word000438" HPOS="1148" VPOS="2576" WIDTH="191" HEIGHT="34" CONTENT="contusion" WC="0.68" CC="522035333"/>
						<SP ID="P12_SP00429" HPOS="1339" VPOS="2631" WIDTH="20"/>
						<String ID="word000439" HPOS="1359" VPOS="2572" WIDTH="41" HEIGHT="33" CONTENT="of" WC="1.00" CC="00"/>
						<SP ID="P12_SP00430" HPOS="1401" VPOS="2631" WIDTH="14"/>
						<String ID="word000440" HPOS="1415" VPOS="2582" WIDTH="96" HEIGHT="22" CONTENT="arm." WC="0.53" CC="6461"/>
						<SP ID="P12_SP00431" HPOS="1511" VPOS="2631" WIDTH="0"/>
					</TextLine>
					<TextLine ID="P12_TL00051" HPOS="227" VPOS="2615" WIDTH="1286" HEIGHT="63">
						<String ID="word000441" HPOS="227" VPOS="2646" WIDTH="100" HEIGHT="32" CONTENT="MED" WC="0.67" CC="313"/>
						<SP ID="P12_SP00432" HPOS="327" VPOS="2678" WIDTH="30"/>
						<String ID="word000442" HPOS="357" VPOS="2650" WIDTH="78" HEIGHT="24" CONTENT="ATO" WC="0.67" CC="311" STYLEREFS="TXT_0"/>
						<SP ID="P12_SP00433" HPOS="435" VPOS="2678" WIDTH="12"/>
						<String ID="word000443" HPOS="446" VPOS="2636" WIDTH="220" HEIGHT="37" CONTENT="n.—James" WC="0.56" CC="73335515" STYLEREFS="TXT_0"/>
						<SP ID="P12_SP00434" HPOS="666" VPOS="2678" WIDTH="35"/>
						<String ID="word000444" HPOS="702" VPOS="2634" WIDTH="161" HEIGHT="41" CONTENT="Segge.FS," WC="0.38" CC="554357885" STYLEREFS="TXT_0"/>
						<SP ID="P12_SP00435" HPOS="862" VPOS="2678" WIDTH="31"/>
						<String ID="word000445" HPOS="893" VPOS="2636" WIDTH="150" HEIGHT="37" CONTENT="gunner," WC="0.46" CC="3587353" STYLEREFS="TXT_0"/>
						<SP ID="P12_SP00436" HPOS="1043" VPOS="2678" WIDTH="20"/>
						<String ID="word000446" HPOS="1063" VPOS="2624" WIDTH="117" HEIGHT="34" CONTENT="killed" WC="0.52" CC="754532"/>
						<SP ID="P12_SP00437" HPOS="1180" VPOS="2678" WIDTH="17"/>
						<String ID="word000447" HPOS="1196" VPOS="2636" WIDTH="9" HEIGHT="25" CONTENT=";" WC="1.00" CC="0"/>
						<SP ID="P12_SP00438" HPOS="1206" VPOS="2678" WIDTH="30"/>
						<String ID="word000448" HPOS="1235" VPOS="2623" WIDTH="125" HEIGHT="33" CONTENT="James" WC="0.71" CC="62023"/>
						<SP ID="P12_SP00439" HPOS="1361" VPOS="2678" WIDTH="25"/>
						<String ID="word000449" HPOS="1385" VPOS="2615" WIDTH="128" HEIGHT="45" CONTENT="Wei*." WC="0.38" CC="46567"/>
						<SP ID="P12_SP00440" HPOS="1513" VPOS="2678" WIDTH="0"/>
					</TextLine>
					<TextLine ID="P12_TL00052" HPOS="174" VPOS="2669" WIDTH="1343" HEIGHT="64">
						<String ID="word000450" HPOS="174" VPOS="2692" WIDTH="145" HEIGHT="41" CONTENT="dridge," WC="0.59" CC="3355361"/>
						<SP ID="P12_SP00441" HPOS="319" VPOS="2733" WIDTH="19"/>
						<String ID="word000451" HPOS="338" VPOS="2687" WIDTH="164" HEIGHT="45" CONTENT="captaio," WC="0.43" CC="65343857"/>
						<SP ID="P12_SP00442" HPOS="502" VPOS="2733" WIDTH="33"/>
						<String ID="word000452" HPOS="535" VPOS="2695" WIDTH="87" HEIGHT="31" CONTENT="eery" WC="0.53" CC="7235"/>
						<SP ID="P12_SP00443" HPOS="622" VPOS="2733" WIDTH="35"/>
						<String ID="word000453" HPOS="658" VPOS="2681" WIDTH="105" HEIGHT="33" CONTENT="winch" WC="0.58" CC="66313"/>
						<SP ID="P12_SP00444" HPOS="763" VPOS="2733" WIDTH="33"/>
						<String ID="word000454" HPOS="796" VPOS="2680" WIDTH="111" HEIGHT="33" CONTENT="burnt" WC="0.87" CC="33000"/>
						<SP ID="P12_SP00445" HPOS="907" VPOS="2733" WIDTH="17"/>
						<String ID="word000455" HPOS="924" VPOS="2689" WIDTH="11" HEIGHT="24" CONTENT=";" WC="0.89" CC="1"/>
						<SP ID="P12_SP00446" HPOS="934" VPOS="2733" WIDTH="33"/>
						<String ID="word000456" HPOS="967" VPOS="2675" WIDTH="178" HEIGHT="33" CONTENT="Nicholas" WC="0.94" CC="00101110"/>
						<SP ID="P12_SP00447" HPOS="1146" VPOS="2733" WIDTH="24"/>
						<String ID="word000457" HPOS="1169" VPOS="2673" WIDTH="112" HEIGHT="33" CONTENT="Brent" WC="0.95" CC="11000"/>
						<SP ID="P12_SP00448" HPOS="1281" VPOS="2733" WIDTH="38"/>
						<String ID="word000458" HPOS="1319" VPOS="2669" WIDTH="197" HEIGHT="38" CONTENT="Clement?," WC="0.73" CC="123011284"/>
						<SP ID="P12_SP00449" HPOS="1517" VPOS="2733" WIDTH="0"/>
					</TextLine>
					<TextLine ID="P12_TL00053" HPOS="175" VPOS="2713" WIDTH="1343" HEIGHT="63">
						<String ID="word000459" HPOS="175" VPOS="2740" WIDTH="219" HEIGHT="35" CONTENT="lieuten:int," WC="0.81" CC="311101134311"/>
						<SP ID="P12_SP00450" HPOS="393" VPOS="2776" WIDTH="27"/>
						<String ID="word000460" HPOS="420" VPOS="2732" WIDTH="151" HEIGHT="44" CONTENT="slightly" WC="0.71" CC="23134431"/>
						<SP ID="P12_SP00451" HPOS="572" VPOS="2776" WIDTH="21"/>
						<String ID="word000461" HPOS="593" VPOS="2733" WIDTH="131" HEIGHT="31" CONTENT="burnt;" WC="0.76" CC="121225"/>
						<SP ID="P12_SP00452" HPOS="724" VPOS="2776" WIDTH="28"/>
						<String ID="word000462" HPOS="752" VPOS="2728" WIDTH="129" HEIGHT="32" CONTENT="James" WC="0.91" CC="10300"/>
						<SP ID="P12_SP00453" HPOS="881" VPOS="2776" WIDTH="24"/>
						<String ID="word000463" HPOS="905" VPOS="2724" WIDTH="123" HEIGHT="41" CONTENT="Pearl," WC="0.94" CC="011010"/>
						<SP ID="P12_SP00454" HPOS="1028" VPOS="2776" WIDTH="20"/>
						<String ID="word000464" HPOS="1048" VPOS="2722" WIDTH="224" HEIGHT="38" CONTENT="lieutenant," WC="0.84" CC="11500511101"/>
						<SP ID="P12_SP00455" HPOS="1272" VPOS="2776" WIDTH="21"/>
						<String ID="word000465" HPOS="1293" VPOS="2718" WIDTH="85" HEIGHT="37" CONTENT="ditto" WC="0.84" CC="00004"/>
						<String ID="word000466" HPOS="1378" VPOS="2718" WIDTH="18" HEIGHT="37" CONTENT="." STYLE="superscript" WC="0.84" CC="6"/>
						<String ID="word000467" HPOS="1396" VPOS="2718" WIDTH="18" HEIGHT="37" CONTENT=";" WC="0.84" CC="0"/>
						<SP ID="P12_SP00456" HPOS="1414" VPOS="2776" WIDTH="31"/>
						<String ID="word000468" HPOS="1444" VPOS="2713" WIDTH="50" HEIGHT="34" CONTENT="Mi" SUBS_TYPE="HypPart1" SUBS_CONTENT="Michael" WC="1.00" CC="00"/>
						<HYP HPOS="1494" VPOS="2713" WIDTH="24" CONTENT="-"/>
					</TextLine>
					<TextLine ID="P12_TL00054" HPOS="176" VPOS="2777" WIDTH="589" HEIGHT="50">
						<String ID="word000469" HPOS="176" VPOS="2786" WIDTH="109" HEIGHT="40" CONTENT="chael" SUBS_TYPE="HypPart2" SUBS_CONTENT="Michael" WC="0.93" CC="11100"/>
						<SP ID="P12_SP00457" HPOS="285" VPOS="2826" WIDTH="22"/>
						<String ID="word000470" HPOS="307" VPOS="2785" WIDTH="155" HEIGHT="38" CONTENT="Gibson," WC="0.94" CC="1011100"/>
						<SP ID="P12_SP00458" HPOS="462" VPOS="2826" WIDTH="14"/>
						<String ID="word000471" HPOS="476" VPOS="2790" WIDTH="161" HEIGHT="27" CONTENT="seaman," WC="0.75" CC="5313310"/>
						<SP ID="P12_SP00459" HPOS="637" VPOS="2826" WIDTH="19"/>
						<String ID="word000472" HPOS="656" VPOS="2777" WIDTH="109" HEIGHT="33" CONTENT="ditto." WC="0.98" CC="100000"/>
						<SP ID="P12_SP00460" HPOS="764" VPOS="2826" WIDTH="0"/>
					</TextLine>
					<TextLine ID="P12_TL00055" HPOS="228" VPOS="2810" WIDTH="1292" HEIGHT="59">
						<String ID="word000473" HPOS="228" VPOS="2836" WIDTH="51" HEIGHT="33" CONTENT="N." WC="1.00" CC="00"/>
						<SP ID="P12_SP00461" HPOS="279" VPOS="2869" WIDTH="26"/>
						<String ID="word000474" HPOS="305" VPOS="2833" WIDTH="43" HEIGHT="33" CONTENT="B." WC="0.83" CC="21"/>
						<SP ID="P12_SP00462" HPOS="347" VPOS="2869" WIDTH="31"/>
						<String ID="word000475" HPOS="378" VPOS="2830" WIDTH="83" HEIGHT="35" CONTENT="The" WC="0.96" CC="100"/>
						<SP ID="P12_SP00463" HPOS="461" VPOS="2869" WIDTH="19"/>
						<String ID="word000476" HPOS="480" VPOS="2830" WIDTH="69" HEIGHT="32" CONTENT="last" WC="0.58" CC="3372"/>
						<SP ID="P12_SP00464" HPOS="548" VPOS="2869" WIDTH="20"/>
						<String ID="word000477" HPOS="568" VPOS="2826" WIDTH="81" HEIGHT="33" CONTENT="four" WC="0.92" CC="0300"/>
						<SP ID="P12_SP00465" HPOS="650" VPOS="2869" WIDTH="15"/>
						<String ID="word000478" HPOS="665" VPOS="2824" WIDTH="123" HEIGHT="33" CONTENT="blown" WC="0.95" CC="10010"/>
						<SP ID="P12_SP00466" HPOS="788" VPOS="2869" WIDTH="15"/>
						<String ID="word000479" HPOS="803" VPOS="2826" WIDTH="63" HEIGHT="30" CONTENT="out" WC="1.00" CC="000"/>
						<SP ID="P12_SP00467" HPOS="866" VPOS="2869" WIDTH="21"/>
						<String ID="word000480" HPOS="887" VPOS="2819" WIDTH="44" HEIGHT="33" CONTENT="of" WC="1.00" CC="00"/>
						<SP ID="P12_SP00468" HPOS="931" VPOS="2869" WIDTH="14"/>
						<String ID="word000481" HPOS="945" VPOS="2818" WIDTH="60" HEIGHT="33" CONTENT="the" WC="0.93" CC="101"/>
						<SP ID="P12_SP00469" HPOS="1005" VPOS="2869" WIDTH="25"/>
						<String ID="word000482" HPOS="1030" VPOS="2817" WIDTH="191" HEIGHT="34" CONTENT="Mediator" WC="0.99" CC="10000000"/>
						<SP ID="P12_SP00470" HPOS="1221" VPOS="2869" WIDTH="15"/>
						<String ID="word000483" HPOS="1237" VPOS="2813" WIDTH="102" HEIGHT="34" CONTENT="after" WC="0.98" CC="10000"/>
						<SP ID="P12_SP00471" HPOS="1338" VPOS="2869" WIDTH="22"/>
						<String ID="word000484" HPOS="1361" VPOS="2810" WIDTH="64" HEIGHT="35" CONTENT="she" WC="0.96" CC="010"/>
						<SP ID="P12_SP00472" HPOS="1424" VPOS="2869" WIDTH="21"/>
						<String ID="word000485" HPOS="1446" VPOS="2817" WIDTH="74" HEIGHT="26" CONTENT="was" WC="0.74" CC="151"/>
						<SP ID="P12_SP00473" HPOS="1520" VPOS="2869" WIDTH="0"/>
					</TextLine>
					<TextLine ID="P12_TL00056" HPOS="176" VPOS="2881" WIDTH="220" HEIGHT="37">
						<String ID="word000486" HPOS="176" VPOS="2888" WIDTH="53" HEIGHT="30" CONTENT="set" WC="0.96" CC="100"/>
						<SP ID="P12_SP00474" HPOS="229" VPOS="2917" WIDTH="20"/>
						<String ID="word000487" HPOS="249" VPOS="2893" WIDTH="45" HEIGHT="22" CONTENT="on" WC="0.78" CC="13"/>
						<SP ID="P12_SP00475" HPOS="294" VPOS="2917" WIDTH="19"/>
						<String ID="word000488" HPOS="313" VPOS="2881" WIDTH="83" HEIGHT="33" CONTENT="fire." WC="0.93" CC="11010"/>
						<SP ID="P12_SP00476" HPOS="396" VPOS="2917" WIDTH="0"/>
					</TextLine>
					<TextLine ID="P12_TL00057" HPOS="291" VPOS="2903" WIDTH="1230" HEIGHT="61">
						<String ID="word000489" HPOS="291" VPOS="2939" WIDTH="47" HEIGHT="25" CONTENT="tin" WC="0.44" CC="555"/>
						<SP ID="P12_SP00477" HPOS="338" VPOS="2963" WIDTH="12"/>
						<String ID="word000490" HPOS="350" VPOS="2937" WIDTH="20" HEIGHT="22" CONTENT="A" WC="0.67" CC="3"/>
						<SP ID="P12_SP00478" HPOS="370" VPOS="2963" WIDTH="12"/>
						<String ID="word000491" HPOS="381" VPOS="2934" WIDTH="131" HEIGHT="26" CONTENT="T.TAR." WC="0.61" CC="740433"/>
						<SP ID="P12_SP00479" HPOS="513" VPOS="2963" WIDTH="83"/>
						<String ID="word000492" HPOS="595" VPOS="2920" WIDTH="102" HEIGHT="34" CONTENT="John" WC="0.61" CC="5333"/>
						<SP ID="P12_SP00480" HPOS="697" VPOS="2963" WIDTH="38"/>
						<String ID="word000493" HPOS="735" VPOS="2919" WIDTH="183" HEIGHT="41" CONTENT="Conyers," WC="0.88" CC="03111030"/>
						<SP ID="P12_SP00481" HPOS="918" VPOS="2963" WIDTH="34"/>
						<String ID="word000494" HPOS="952" VPOS="2911" WIDTH="301" HEIGHT="38" CONTENT="master's-mate," WC="0.77" CC="12303064211060"/>
						<SP ID="P12_SP00482" HPOS="1253" VPOS="2963" WIDTH="33"/>
						<String ID="word000495" HPOS="1286" VPOS="2917" WIDTH="91" HEIGHT="34" CONTENT="very" WC="0.94" CC="2000"/>
						<SP ID="P12_SP00483" HPOS="1377" VPOS="2963" WIDTH="30"/>
						<String ID="word000496" HPOS="1407" VPOS="2903" WIDTH="113" HEIGHT="45" CONTENT="badly" WC="0.87" CC="11121"/>
						<SP ID="P12_SP00484" HPOS="1520" VPOS="2963" WIDTH="0"/>
					</TextLine>
					<TextLine ID="P12_TL00058" HPOS="177" VPOS="2967" WIDTH="644" HEIGHT="45">
						<String ID="word000497" HPOS="177" VPOS="2975" WIDTH="177" HEIGHT="37" CONTENT="scorched" WC="0.74" CC="23106511"/>
						<SP ID="P12_SP00485" HPOS="354" VPOS="3012" WIDTH="22"/>
						<String ID="word000498" HPOS="377" VPOS="2975" WIDTH="34" HEIGHT="31" CONTENT="in" WC="0.72" CC="41"/>
						<SP ID="P12_SP00486" HPOS="411" VPOS="3012" WIDTH="15"/>
						<String ID="word000499" HPOS="426" VPOS="2973" WIDTH="63" HEIGHT="33" CONTENT="tlw" WC="0.44" CC="375"/>
						<SP ID="P12_SP00487" HPOS="489" VPOS="3012" WIDTH="21"/>
						<String ID="word000500" HPOS="510" VPOS="2972" WIDTH="84" HEIGHT="32" CONTENT="fare." WC="0.62" CC="31526"/>
						<SP ID="P12_SP00488" HPOS="594" VPOS="3012" WIDTH="13"/>
						<String ID="word000501" HPOS="607" VPOS="2967" WIDTH="70" HEIGHT="33" CONTENT="and" WC="0.74" CC="232"/>
						<SP ID="P12_SP00489" HPOS="677" VPOS="3012" WIDTH="22"/>
						<String ID="word000502" HPOS="699" VPOS="2967" WIDTH="122" HEIGHT="32" CONTENT="hands." WC="0.98" CC="000010"/>
						<SP ID="P12_SP00490" HPOS="821" VPOS="3012" WIDTH="0"/>
					</TextLine>
					<TextLine ID="P12_TL00059" HPOS="227" VPOS="3000" WIDTH="1297" HEIGHT="58">
						<String ID="word000503" HPOS="227" VPOS="3025" WIDTH="130" HEIGHT="33" CONTENT="Total." WC="0.70" CC="136330"/>
						<String ID="word000504" HPOS="363" VPOS="3040" WIDTH="43" HEIGHT="6" CONTENT="—" WC="0.44" CC="5" STYLEREFS="TXT_2"/>
						<SP ID="P12_SP00491" HPOS="405" VPOS="3058" WIDTH="46"/>
						<String ID="word000505" HPOS="451" VPOS="3019" WIDTH="157" HEIGHT="37" CONTENT="officers," WC="0.64" CC="544461041"/>
						<SP ID="P12_SP00492" HPOS="608" VPOS="3058" WIDTH="20"/>
						<String ID="word000506" HPOS="628" VPOS="3015" WIDTH="20" HEIGHT="33" CONTENT="8" WC="0.89" CC="1" STYLEREFS="TXT_2"/>
						<SP ID="P12_SP00493" HPOS="648" VPOS="3058" WIDTH="21"/>
						<String ID="word000507" HPOS="670" VPOS="3025" WIDTH="93" HEIGHT="30" CONTENT="men," WC="0.97" CC="1000" STYLEREFS="TXT_2"/>
						<SP ID="P12_SP00494" HPOS="763" VPOS="3058" WIDTH="21"/>
						<String ID="word000508" HPOS="784" VPOS="3011" WIDTH="117" HEIGHT="34" CONTENT="killed" WC="1.00" CC="000000"/>
						<SP ID="P12_SP00495" HPOS="901" VPOS="3058" WIDTH="17"/>
						<String ID="word000509" HPOS="918" VPOS="3021" WIDTH="8" HEIGHT="22" CONTENT=":" WC="1.00" CC="0"/>
						<SP ID="P12_SP00496" HPOS="926" VPOS="3058" WIDTH="20"/>
						<String ID="word000510" HPOS="946" VPOS="3011" WIDTH="22" HEIGHT="33" CONTENT="9" WC="1.00" CC="0"/>
						<SP ID="P12_SP00497" HPOS="969" VPOS="3058" WIDTH="19"/>
						<String ID="word000511" HPOS="987" VPOS="3008" WIDTH="155" HEIGHT="39" CONTENT="()liken," WC="0.53" CC="76734061"/>
						<SP ID="P12_SP00498" HPOS="1142" VPOS="3058" WIDTH="13"/>
						<String ID="word000512" HPOS="1155" VPOS="3006" WIDTH="48" HEIGHT="33" CONTENT="26" WC="1.00" CC="00"/>
						<SP ID="P12_SP00499" HPOS="1204" VPOS="3058" WIDTH="19"/>
						<String ID="word000513" HPOS="1222" VPOS="3014" WIDTH="76" HEIGHT="24" CONTENT="men" WC="0.93" CC="020"/>
						<SP ID="P12_SP00500" HPOS="1298" VPOS="3058" WIDTH="22"/>
						<String ID="word000514" HPOS="1320" VPOS="3000" WIDTH="177" HEIGHT="34" CONTENT="wounded" WC="0.79" CC="3420310"/>
						<SP ID="P12_SP00501" HPOS="1498" VPOS="3058" WIDTH="15"/>
						<String ID="word000515" HPOS="1513" VPOS="3011" WIDTH="11" HEIGHT="28" CONTENT=";" WC="0.44" CC="5"/>
						<SP ID="P12_SP00502" HPOS="1524" VPOS="3058" WIDTH="0"/>
					</TextLine>
					<TextLine ID="P12_TL00060" HPOS="184" VPOS="3052" WIDTH="1293" HEIGHT="57">
						<String ID="word000516" HPOS="184" VPOS="3074" WIDTH="14" HEIGHT="33" CONTENT="1" WC="1.00" CC="0"/>
						<SP ID="P12_SP00503" HPOS="198" VPOS="3107" WIDTH="21"/>
						<String ID="word000517" HPOS="220" VPOS="3083" WIDTH="83" HEIGHT="22" CONTENT="man" WC="0.93" CC="110"/>
						<SP ID="P12_SP00504" HPOS="302" VPOS="3107" WIDTH="19"/>
						<String ID="word000518" HPOS="321" VPOS="3063" WIDTH="326" HEIGHT="46" CONTENT="mitiaing.---Total" WC="0.47" CC="85868333365514454"/>
						<SP ID="P12_SP00505" HPOS="647" VPOS="3109" WIDTH="19"/>
						<String ID="word000519" HPOS="666" VPOS="3060" WIDTH="63" HEIGHT="37" CONTENT="46." WC="0.89" CC="111"/>
						<SP ID="P12_SP00506" HPOS="729" VPOS="3109" WIDTH="524"/>
						<String ID="word000520" HPOS="1253" VPOS="3052" WIDTH="56" HEIGHT="32" CONTENT="GA" WC="0.56" CC="35"/>
						<SP ID="P12_SP00507" HPOS="1309" VPOS="3109" WIDTH="13"/>
						<String ID="word000521" HPOS="1322" VPOS="3059" WIDTH="73" HEIGHT="25" CONTENT="MIII" WC="0.53" CC="4544" STYLEREFS="TXT_0"/>
						<SP ID="P12_SP00508" HPOS="1395" VPOS="3109" WIDTH="13"/>
						<String ID="word000522" HPOS="1408" VPOS="3058" WIDTH="69" HEIGHT="25" CONTENT="ER." WC="0.85" CC="121" STYLEREFS="TXT_0"/>
						<SP ID="P12_SP00509" HPOS="1476" VPOS="3109" WIDTH="0"/>
					</TextLine>
					<TextLine ID="P12_TL00061" HPOS="436" VPOS="3103" WIDTH="806" HEIGHT="46">
						<String ID="word000523" HPOS="436" VPOS="3111" WIDTH="184" HEIGHT="38" CONTENT="Reeeived" WC="0.46" CC="55635555"/>
						<SP ID="P12_SP00510" HPOS="620" VPOS="3149" WIDTH="20"/>
						<String ID="word000524" HPOS="640" VPOS="3110" WIDTH="97" HEIGHT="33" CONTENT="Finee" WC="0.51" CC="83335" STYLEREFS="TXT_0"/>
						<SP ID="P12_SP00511" HPOS="737" VPOS="3149" WIDTH="20"/>
						<String ID="word000525" HPOS="757" VPOS="3105" WIDTH="61" HEIGHT="34" CONTENT="the" WC="0.96" CC="100"/>
						<SP ID="P12_SP00512" HPOS="819" VPOS="3149" WIDTH="15"/>
						<String ID="word000526" HPOS="834" VPOS="3106" WIDTH="123" HEIGHT="32" CONTENT="above" WC="0.98" CC="01000"/>
						<SP ID="P12_SP00513" HPOS="957" VPOS="3149" WIDTH="20"/>
						<String ID="word000527" HPOS="977" VPOS="3113" WIDTH="73" HEIGHT="24" CONTENT="was" WC="0.96" CC="010"/>
						<SP ID="P12_SP00514" HPOS="1050" VPOS="3149" WIDTH="20"/>
						<String ID="word000528" HPOS="1070" VPOS="3103" WIDTH="171" HEIGHT="33" CONTENT="written:" WC="0.88" CC="11000124"/>
						<SP ID="P12_SP00515" HPOS="1241" VPOS="3149" WIDTH="0"/>
					</TextLine>
					<TextLine ID="P12_TL00062" HPOS="233" VPOS="3146" WIDTH="1055" HEIGHT="56">
						<String ID="word000529" HPOS="233" VPOS="3165" WIDTH="64" HEIGHT="37" CONTENT="BE" WC="0.78" CC="13" STYLEREFS="TXT_0"/>
						<SP ID="P12_SP00516" HPOS="296" VPOS="3202" WIDTH="8"/>
						<String ID="word000530" HPOS="305" VPOS="3176" WIDTH="18" HEIGHT="24" CONTENT=".4" WC="0.39" CC="56" STYLEREFS="TXT_0"/>
						<SP ID="P12_SP00517" HPOS="322" VPOS="3202" WIDTH="13"/>
						<String ID="word000531" HPOS="335" VPOS="3163" WIDTH="299" HEIGHT="34" CONTENT="cu.r..—Janes" WC="0.42" CC="885645557541"/>
						<SP ID="P12_SP00518" HPOS="634" VPOS="3202" WIDTH="17"/>
						<String ID="word000532" HPOS="651" VPOS="3154" WIDTH="237" HEIGHT="40" CONTENT="Sutherland," WC="0.97" CC="11000000001"/>
						<SP ID="P12_SP00519" HPOS="888" VPOS="3202" WIDTH="21"/>
						<String ID="word000533" HPOS="909" VPOS="3162" WIDTH="159" HEIGHT="28" CONTENT="seaman," WC="0.87" CC="1024010"/>
						<SP ID="P12_SP00520" HPOS="1069" VPOS="3202" WIDTH="24"/>
						<String ID="word000534" HPOS="1093" VPOS="3146" WIDTH="195" HEIGHT="35" CONTENT="wounded." WC="0.86" CC="13100212"/>
						<SP ID="P12_SP00521" HPOS="1287" VPOS="3202" WIDTH="0"/>
					</TextLine>
					<TextLine ID="P12_TL00063" HPOS="230" VPOS="3189" WIDTH="1298" HEIGHT="63">
						<String ID="word000535" HPOS="230" VPOS="3215" WIDTH="105" HEIGHT="37" CONTENT=".TN" WC="0.26" CC="776" STYLEREFS="TXT_0"/>
						<SP ID="P12_SP00522" HPOS="335" VPOS="3252" WIDTH="11"/>
						<String ID="word000536" HPOS="346" VPOS="3209" WIDTH="204" HEIGHT="38" CONTENT="A.—Rich." WC="0.57" CC="55334533" STYLEREFS="TXT_0"/>
						<SP ID="P12_SP00523" HPOS="550" VPOS="3252" WIDTH="22"/>
						<String ID="word000537" HPOS="573" VPOS="3208" WIDTH="59" HEIGHT="32" CONTENT="W." WC="0.89" CC="20" STYLEREFS="TXT_0"/>
						<SP ID="P12_SP00524" HPOS="632" VPOS="3252" WIDTH="25"/>
						<String ID="word000538" HPOS="657" VPOS="3204" WIDTH="202" HEIGHT="38" CONTENT="Charston," WC="0.86" CC="013031300"/>
						<SP ID="P12_SP00525" HPOS="859" VPOS="3252" WIDTH="21"/>
						<String ID="word000539" HPOS="880" VPOS="3200" WIDTH="261" HEIGHT="43" CONTENT="midshipman." WC="0.93" CC="11020001110"/>
						<SP ID="P12_SP00526" HPOS="1141" VPOS="3252" WIDTH="18"/>
						<String ID="word000540" HPOS="1159" VPOS="3195" WIDTH="157" HEIGHT="45" CONTENT="slightly" WC="0.96" CC="00000030"/>
						<SP ID="P12_SP00527" HPOS="1316" VPOS="3252" WIDTH="19"/>
						<String ID="word000541" HPOS="1335" VPOS="3189" WIDTH="193" HEIGHT="38" CONTENT="wounded." WC="0.94" CC="10300000"/>
						<SP ID="P12_SP00528" HPOS="1527" VPOS="3252" WIDTH="0"/>
					</TextLine>
				</TextBlock>
				<TextBlock ID="pa0012004" HPOS="2516" VPOS="102" WIDTH="344" HEIGHT="54" STYLEREFS="TXT_0 PAR_RIGHT">
					<TextLine ID="P12_TL00064" HPOS="2516" VPOS="104" WIDTH="344" HEIGHT="52">
						<String ID="word000542" HPOS="2516" VPOS="104" WIDTH="216" HEIGHT="52" CONTENT="APRIL" WC="0.73" CC="10263"/>
						<SP ID="P12_SP00529" HPOS="2732" VPOS="156" WIDTH="46"/>
						<String ID="word000543" HPOS="2778" VPOS="107" WIDTH="81" HEIGHT="47" CONTENT="23." WC="0.93" CC="011"/>
						<SP ID="P12_SP00530" HPOS="2859" VPOS="156" WIDTH="0"/>
					</TextLine>
				</TextBlock>
				<TextBlock ID="pa0012005" HPOS="1532" VPOS="236" WIDTH="1354" HEIGHT="966" STYLEREFS="TXT_3 PAR_BLOCK">
					<TextLine ID="P12_TL00065" HPOS="1569" VPOS="236" WIDTH="1302" HEIGHT="68">
						<String ID="word000544" HPOS="1569" VPOS="273" WIDTH="59" HEIGHT="22" CONTENT="am" WC="1.00" CC="00"/>
						<SP ID="P12_SP00531" HPOS="1628" VPOS="295" WIDTH="18"/>
						<String ID="word000545" HPOS="1645" VPOS="269" WIDTH="105" HEIGHT="34" CONTENT="sorry" WC="0.60" CC="33345"/>
						<SP ID="P12_SP00532" HPOS="1750" VPOS="304" WIDTH="19"/>
						<String ID="word000546" HPOS="1769" VPOS="261" WIDTH="41" HEIGHT="32" CONTENT="to" WC="1.00" CC="00"/>
						<SP ID="P12_SP00533" HPOS="1811" VPOS="304" WIDTH="15"/>
						<String ID="word000547" HPOS="1826" VPOS="267" WIDTH="83" HEIGHT="34" CONTENT="say," WC="0.97" CC="1000"/>
						<SP ID="P12_SP00534" HPOS="1909" VPOS="304" WIDTH="18"/>
						<String ID="word000548" HPOS="1926" VPOS="253" WIDTH="83" HEIGHT="34" CONTENT="that" WC="0.83" CC="2310"/>
						<SP ID="P12_SP00535" HPOS="2009" VPOS="304" WIDTH="21"/>
						<String ID="word000549" HPOS="2030" VPOS="248" WIDTH="15" HEIGHT="38" CONTENT="1" WC="0.44" CC="5"/>
						<SP ID="P12_SP00536" HPOS="2046" VPOS="304" WIDTH="22"/>
						<String ID="word000550" HPOS="2068" VPOS="246" WIDTH="164" HEIGHT="37" CONTENT="raeived" WC="0.49" CC="3563735"/>
						<SP ID="P12_SP00537" HPOS="2232" VPOS="304" WIDTH="14"/>
						<String ID="word000551" HPOS="2246" VPOS="256" WIDTH="24" HEIGHT="22" CONTENT="a" WC="0.89" CC="1"/>
						<SP ID="P12_SP00538" HPOS="2270" VPOS="304" WIDTH="17"/>
						<String ID="word000552" HPOS="2287" VPOS="253" WIDTH="125" HEIGHT="25" CONTENT="severe" WC="0.42" CC="664735"/>
						<SP ID="P12_SP00539" HPOS="2412" VPOS="304" WIDTH="17"/>
						<String ID="word000553" HPOS="2428" VPOS="239" WIDTH="130" HEIGHT="34" CONTENT="wound" WC="0.53" CC="43365"/>
						<SP ID="P12_SP00540" HPOS="2558" VPOS="304" WIDTH="21"/>
						<String ID="word000554" HPOS="2580" VPOS="240" WIDTH="34" HEIGHT="32" CONTENT="in" WC="0.67" CC="33"/>
						<SP ID="P12_SP00541" HPOS="2614" VPOS="304" WIDTH="14"/>
						<String ID="word000555" HPOS="2628" VPOS="237" WIDTH="61" HEIGHT="33" CONTENT="the" WC="0.93" CC="011"/>
						<SP ID="P12_SP00542" HPOS="2689" VPOS="304" WIDTH="11"/>
						<String ID="word000556" HPOS="2700" VPOS="236" WIDTH="170" HEIGHT="33" CONTENT="shoulder" WC="0.69" CC="13343413"/>
						<SP ID="P12_SP00543" HPOS="2870" VPOS="304" WIDTH="0"/>
					</TextLine>
					<TextLine ID="P12_TL00066" HPOS="1534" VPOS="282" WIDTH="1333" HEIGHT="72">
						<String ID="word000557" HPOS="1534" VPOS="311" WIDTH="50" HEIGHT="43" CONTENT="by" WC="0.83" CC="30"/>
						<SP ID="P12_SP00544" HPOS="1584" VPOS="353" WIDTH="18"/>
						<String ID="word000558" HPOS="1602" VPOS="320" WIDTH="26" HEIGHT="24" CONTENT="a" WC="0.56" CC="4"/>
						<SP ID="P12_SP00545" HPOS="1628" VPOS="353" WIDTH="31"/>
						<String ID="word000559" HPOS="1658" VPOS="318" WIDTH="113" HEIGHT="35" CONTENT="grape" WC="0.76" CC="11531"/>
						<SP ID="P12_SP00546" HPOS="1772" VPOS="353" WIDTH="24"/>
						<String ID="word000560" HPOS="1795" VPOS="305" WIDTH="99" HEIGHT="40" CONTENT="sh.et," WC="0.56" CC="444444"/>
						<SP ID="P12_SP00547" HPOS="1894" VPOS="353" WIDTH="27"/>
						<String ID="word000561" HPOS="1922" VPOS="313" WIDTH="25" HEIGHT="21" CONTENT="w" WC="0.44" CC="5"/>
						<SP ID="P12_SP00548" HPOS="1946" VPOS="353" WIDTH="12"/>
						<String ID="word000562" HPOS="1958" VPOS="299" WIDTH="86" HEIGHT="33" CONTENT="hie''," WC="0.42" CC="433777"/>
						<SP ID="P12_SP00549" HPOS="2044" VPOS="353" WIDTH="21"/>
						<String ID="word000563" HPOS="2066" VPOS="294" WIDTH="146" HEIGHT="45" CONTENT="obliged" WC="0.70" CC="5143042"/>
						<SP ID="P12_SP00550" HPOS="2212" VPOS="353" WIDTH="20"/>
						<String ID="word000564" HPOS="2232" VPOS="304" WIDTH="52" HEIGHT="22" CONTENT="me" WC="0.50" CC="27"/>
						<SP ID="P12_SP00551" HPOS="2284" VPOS="353" WIDTH="17"/>
						<String ID="word000565" HPOS="2301" VPOS="299" WIDTH="43" HEIGHT="26" CONTENT="to" WC="0.50" CC="54"/>
						<SP ID="P12_SP00552" HPOS="2343" VPOS="353" WIDTH="170"/>
						<String ID="word000566" HPOS="2513" VPOS="293" WIDTH="39" HEIGHT="26" CONTENT="to" WC="0.72" CC="23"/>
						<SP ID="P12_SP00553" HPOS="2552" VPOS="353" WIDTH="20"/>
						<String ID="word000567" HPOS="2572" VPOS="286" WIDTH="81" HEIGHT="44" CONTENT="quit" WC="0.94" CC="1100"/>
						<SP ID="P12_SP00554" HPOS="2654" VPOS="353" WIDTH="14"/>
						<String ID="word000568" HPOS="2668" VPOS="285" WIDTH="61" HEIGHT="33" CONTENT="the" WC="1.00" CC="000"/>
						<SP ID="P12_SP00555" HPOS="2730" VPOS="353" WIDTH="14"/>
						<String ID="word000569" HPOS="2744" VPOS="282" WIDTH="92" HEIGHT="34" CONTENT="deck" WC="0.36" CC="7574"/>
						<SP ID="P12_SP00556" HPOS="2836" VPOS="353" WIDTH="20"/>
						<String ID="word000570" HPOS="2856" VPOS="293" WIDTH="11" HEIGHT="22" CONTENT="z" WC="0.22" CC="7"/>
						<SP ID="P12_SP00557" HPOS="2867" VPOS="353" WIDTH="0"/>
					</TextLine>
					<TextLine ID="P12_TL00067" HPOS="1537" VPOS="331" WIDTH="1330" HEIGHT="60">
						<String ID="word000571" HPOS="1537" VPOS="360" WIDTH="189" HEIGHT="31" CONTENT="however." WC="0.86" CC="23011102"/>
						<SP ID="P12_SP00558" HPOS="1726" VPOS="391" WIDTH="33"/>
						<String ID="word000572" HPOS="1759" VPOS="354" WIDTH="63" HEIGHT="34" CONTENT="tl:e" WC="0.44" CC="3773"/>
						<SP ID="P12_SP00559" HPOS="1821" VPOS="391" WIDTH="28"/>
						<String ID="word000573" HPOS="1850" VPOS="352" WIDTH="141" HEIGHT="39" CONTENT="ser,ice" WC="0.52" CC="3358344"/>
						<SP ID="P12_SP00560" HPOS="1990" VPOS="391" WIDTH="27"/>
						<String ID="word000574" HPOS="2017" VPOS="345" WIDTH="61" HEIGHT="39" CONTENT="did" WC="0.93" CC="101"/>
						<SP ID="P12_SP00561" HPOS="2079" VPOS="391" WIDTH="32"/>
						<String ID="word000575" HPOS="2111" VPOS="347" WIDTH="65" HEIGHT="31" CONTENT="not" WC="0.78" CC="123"/>
						<SP ID="P12_SP00562" HPOS="2176" VPOS="391" WIDTH="18"/>
						<String ID="word000576" HPOS="2193" VPOS="341" WIDTH="107" HEIGHT="34" CONTENT="sutler" WC="0.83" CC="111330"/>
						<SP ID="P12_SP00563" HPOS="2301" VPOS="391" WIDTH="28"/>
						<String ID="word000577" HPOS="2329" VPOS="339" WIDTH="56" HEIGHT="44" CONTENT="by" WC="0.83" CC="30"/>
						<SP ID="P12_SP00564" HPOS="2385" VPOS="391" WIDTH="17"/>
						<String ID="word000578" HPOS="2401" VPOS="335" WIDTH="80" HEIGHT="34" CONTENT="that" WC="0.94" CC="0020"/>
						<SP ID="P12_SP00565" HPOS="2481" VPOS="391" WIDTH="17"/>
						<String ID="word000579" HPOS="2498" VPOS="337" WIDTH="124" HEIGHT="34" CONTENT="event," WC="0.87" CC="211201"/>
						<SP ID="P12_SP00566" HPOS="2622" VPOS="391" WIDTH="26"/>
						<String ID="word000580" HPOS="2648" VPOS="341" WIDTH="39" HEIGHT="24" CONTENT="as" WC="0.83" CC="30"/>
						<SP ID="P12_SP00567" HPOS="2687" VPOS="391" WIDTH="18"/>
						<String ID="word000581" HPOS="2705" VPOS="331" WIDTH="65" HEIGHT="34" CONTENT="the" WC="0.81" CC="023"/>
						<SP ID="P12_SP00568" HPOS="2770" VPOS="391" WIDTH="18"/>
						<String ID="word000582" HPOS="2787" VPOS="339" WIDTH="60" HEIGHT="25" CONTENT="suc" SUBS_TYPE="HypPart1" SUBS_CONTENT="suc(eNling" WC="0.86" CC="310"/>
						<HYP HPOS="2848" VPOS="339" WIDTH="19" CONTENT="-"/>
					</TextLine>
					<TextLine ID="P12_TL00068" HPOS="1537" VPOS="378" WIDTH="1336" HEIGHT="69">
						<String ID="word000583" HPOS="1537" VPOS="404" WIDTH="150" HEIGHT="43" CONTENT="(eNling" SUBS_TYPE="HypPart2" SUBS_CONTENT="suc(eNling" WC="0.48" CC="5387433"/>
						<SP ID="P12_SP00569" HPOS="1687" VPOS="446" WIDTH="30"/>
						<String ID="word000584" HPOS="1716" VPOS="404" WIDTH="219" HEIGHT="33" CONTENT="lieutenant," WC="0.97" CC="10100001000"/>
						<SP ID="P12_SP00570" HPOS="1935" VPOS="446" WIDTH="35"/>
						<String ID="word000585" HPOS="1970" VPOS="393" WIDTH="61" HEIGHT="35" CONTENT="the" WC="0.89" CC="003"/>
						<SP ID="P12_SP00571" HPOS="2031" VPOS="446" WIDTH="35"/>
						<String ID="word000586" HPOS="2067" VPOS="391" WIDTH="96" HEIGHT="33" CONTENT="Non" WC="0.56" CC="813"/>
						<SP ID="P12_SP00572" HPOS="2163" VPOS="446" WIDTH="26"/>
						<String ID="word000587" HPOS="2189" VPOS="386" WIDTH="144" HEIGHT="44" CONTENT="George" WC="0.96" CC="000011"/>
						<SP ID="P12_SP00573" HPOS="2333" VPOS="446" WIDTH="34"/>
						<String ID="word000588" HPOS="2367" VPOS="384" WIDTH="168" HEIGHT="43" CONTENT="Douglas" WC="0.65" CC="3431551"/>
						<SP ID="P12_SP00574" HPOS="2535" VPOS="446" WIDTH="30"/>
						<String ID="word000589" HPOS="2564" VPOS="378" WIDTH="129" HEIGHT="45" CONTENT="fought" WC="0.96" CC="010100"/>
						<SP ID="P12_SP00575" HPOS="2693" VPOS="446" WIDTH="15"/>
						<String ID="word000590" HPOS="2708" VPOS="378" WIDTH="61" HEIGHT="34" CONTENT="the" WC="0.89" CC="030"/>
						<SP ID="P12_SP00576" HPOS="2770" VPOS="446" WIDTH="19"/>
						<String ID="word000591" HPOS="2789" VPOS="378" WIDTH="84" HEIGHT="44" CONTENT="ship" WC="1.00" CC="0000"/>
						<SP ID="P12_SP00577" HPOS="2872" VPOS="446" WIDTH="0"/>
					</TextLine>
					<TextLine ID="P12_TL00069" HPOS="1535" VPOS="424" WIDTH="1340" HEIGHT="71">
						<String ID="word000592" HPOS="1535" VPOS="451" WIDTH="159" HEIGHT="44" CONTENT="through" WC="0.79" CC="0601114"/>
						<SP ID="P12_SP00578" HPOS="1695" VPOS="495" WIDTH="21"/>
						<String ID="word000593" HPOS="1716" VPOS="450" WIDTH="60" HEIGHT="33" CONTENT="the" WC="0.93" CC="101"/>
						<SP ID="P12_SP00579" HPOS="1776" VPOS="495" WIDTH="27"/>
						<String ID="word000594" HPOS="1804" VPOS="449" WIDTH="142" HEIGHT="39" CONTENT="action," WC="0.87" CC="1112012"/>
						<SP ID="P12_SP00580" HPOS="1945" VPOS="495" WIDTH="27"/>
						<String ID="word000595" HPOS="1972" VPOS="442" WIDTH="35" HEIGHT="34" CONTENT="in" WC="0.67" CC="33"/>
						<SP ID="P12_SP00581" HPOS="2008" VPOS="495" WIDTH="15"/>
						<String ID="word000596" HPOS="2023" VPOS="450" WIDTH="27" HEIGHT="26" CONTENT="a" WC="0.89" CC="1"/>
						<SP ID="P12_SP00582" HPOS="2050" VPOS="495" WIDTH="33"/>
						<String ID="word000597" HPOS="2083" VPOS="443" WIDTH="92" HEIGHT="32" CONTENT="most" WC="0.75" CC="0531"/>
						<SP ID="P12_SP00583" HPOS="2176" VPOS="495" WIDTH="17"/>
						<String ID="word000598" HPOS="2192" VPOS="436" WIDTH="141" HEIGHT="46" CONTENT="gallant" WC="0.87" CC="1013210"/>
						<SP ID="P12_SP00584" HPOS="2333" VPOS="495" WIDTH="13"/>
						<String ID="word000599" HPOS="2346" VPOS="439" WIDTH="167" HEIGHT="32" CONTENT="meeker," WC="0.70" CC="1654102"/>
						<SP ID="P12_SP00585" HPOS="2512" VPOS="495" WIDTH="28"/>
						<String ID="word000600" HPOS="2541" VPOS="426" WIDTH="122" HEIGHT="37" CONTENT="which" WC="0.95" CC="01001"/>
						<SP ID="P12_SP00586" HPOS="2662" VPOS="495" WIDTH="19"/>
						<String ID="word000601" HPOS="2681" VPOS="424" WIDTH="194" HEIGHT="38" CONTENT="continued" WC="0.83" CC="112131221"/>
						<SP ID="P12_SP00587" HPOS="2875" VPOS="495" WIDTH="0"/>
					</TextLine>
					<TextLine ID="P12_TL00070" HPOS="1537" VPOS="474" WIDTH="1338" HEIGHT="60">
						<String ID="word000602" HPOS="1537" VPOS="501" WIDTH="118" HEIGHT="33" CONTENT="about" WC="1.00" CC="00000"/>
						<SP ID="P12_SP00588" HPOS="1655" VPOS="534" WIDTH="24"/>
						<String ID="word000603" HPOS="1678" VPOS="507" WIDTH="70" HEIGHT="26" CONTENT="one" WC="0.93" CC="011"/>
						<SP ID="P12_SP00589" HPOS="1748" VPOS="534" WIDTH="33"/>
						<String ID="word000604" HPOS="1781" VPOS="495" WIDTH="96" HEIGHT="34" CONTENT="hour" WC="0.97" CC="0100"/>
						<SP ID="P12_SP00590" HPOS="1877" VPOS="534" WIDTH="28"/>
						<String ID="word000605" HPOS="1905" VPOS="491" WIDTH="70" HEIGHT="37" CONTENT="and" WC="0.78" CC="051"/>
						<SP ID="P12_SP00591" HPOS="1975" VPOS="534" WIDTH="27"/>
						<String ID="word000606" HPOS="2002" VPOS="484" WIDTH="211" HEIGHT="46" CONTENT="thirty-five" WC="0.82" CC="21100233330"/>
						<SP ID="P12_SP00592" HPOS="2213" VPOS="534" WIDTH="33"/>
						<String ID="word000607" HPOS="2246" VPOS="482" WIDTH="169" HEIGHT="34" CONTENT="minutes." WC="0.93" CC="50000000"/>
						<SP ID="P12_SP00593" HPOS="2415" VPOS="534" WIDTH="53"/>
						<String ID="word000608" HPOS="2469" VPOS="478" WIDTH="81" HEIGHT="33" CONTENT="The" WC="0.93" CC="011"/>
						<SP ID="P12_SP00594" HPOS="2550" VPOS="534" WIDTH="18"/>
						<String ID="word000609" HPOS="2568" VPOS="484" WIDTH="138" HEIGHT="33" CONTENT="~enemy" WC="0.48" CC="777325"/>
						<SP ID="P12_SP00595" HPOS="2706" VPOS="534" WIDTH="34"/>
						<String ID="word000610" HPOS="2740" VPOS="474" WIDTH="135" HEIGHT="43" CONTENT="having" WC="0.74" CC="234140"/>
						<SP ID="P12_SP00596" HPOS="2875" VPOS="534" WIDTH="0"/>
					</TextLine>
					<TextLine ID="P12_TL00071" HPOS="1537" VPOS="520" WIDTH="1338" HEIGHT="69">
						<String ID="word000611" HPOS="1537" VPOS="547" WIDTH="21" HEIGHT="35" CONTENT="f" WC="0.78" CC="2"/>
						<SP ID="P12_SP00597" HPOS="1558" VPOS="582" WIDTH="15"/>
						<String ID="word000612" HPOS="1573" VPOS="555" WIDTH="60" HEIGHT="26" CONTENT="am" WC="0.28" CC="76"/>
						<SP ID="P12_SP00598" HPOS="1633" VPOS="582" WIDTH="14"/>
						<String ID="word000613" HPOS="1648" VPOS="544" WIDTH="63" HEIGHT="35" CONTENT="the" WC="1.00" CC="000"/>
						<SP ID="P12_SP00599" HPOS="1710" VPOS="582" WIDTH="14"/>
						<String ID="word000614" HPOS="1724" VPOS="543" WIDTH="194" HEIGHT="45" CONTENT="beginning" WC="0.96" CC="011000010"/>
						<SP ID="P12_SP00600" HPOS="1918" VPOS="588" WIDTH="19"/>
						<String ID="word000615" HPOS="1937" VPOS="535" WIDTH="154" HEIGHT="50" CONTENT="pointed" WC="0.76" CC="1333131"/>
						<SP ID="P12_SP00601" HPOS="2091" VPOS="588" WIDTH="18"/>
						<String ID="word000616" HPOS="2108" VPOS="533" WIDTH="98" HEIGHT="34" CONTENT="their" WC="0.91" CC="11110"/>
						<SP ID="P12_SP00602" HPOS="2206" VPOS="588" WIDTH="14"/>
						<String ID="word000617" HPOS="2220" VPOS="540" WIDTH="86" HEIGHT="35" CONTENT="guns" WC="0.94" CC="1001"/>
						<SP ID="P12_SP00603" HPOS="2307" VPOS="588" WIDTH="20"/>
						<String ID="word000618" HPOS="2327" VPOS="527" WIDTH="103" HEIGHT="45" CONTENT="high," WC="0.95" CC="00101"/>
						<SP ID="P12_SP00604" HPOS="2430" VPOS="588" WIDTH="15"/>
						<String ID="word000619" HPOS="2445" VPOS="535" WIDTH="57" HEIGHT="24" CONTENT="we" WC="1.00" CC="00"/>
						<SP ID="P12_SP00605" HPOS="2502" VPOS="588" WIDTH="19"/>
						<String ID="word000620" HPOS="2520" VPOS="533" WIDTH="94" HEIGHT="25" CONTENT="were" WC="0.81" CC="1330"/>
						<SP ID="P12_SP00606" HPOS="2615" VPOS="588" WIDTH="18"/>
						<String ID="word000621" HPOS="2633" VPOS="522" WIDTH="48" HEIGHT="43" CONTENT="by" WC="0.94" CC="01"/>
						<SP ID="P12_SP00607" HPOS="2681" VPOS="588" WIDTH="17"/>
						<String ID="word000622" HPOS="2698" VPOS="520" WIDTH="73" HEIGHT="34" CONTENT="this" WC="0.61" CC="2336"/>
						<SP ID="P12_SP00608" HPOS="2771" VPOS="588" WIDTH="19"/>
						<String ID="word000623" HPOS="2790" VPOS="521" WIDTH="85" HEIGHT="33" CONTENT="time" WC="0.83" CC="4011"/>
						<SP ID="P12_SP00609" HPOS="2875" VPOS="588" WIDTH="0"/>
					</TextLine>
					<TextLine ID="P12_TL00072" HPOS="1538" VPOS="567" WIDTH="1341" HEIGHT="72">
						<String ID="word000624" HPOS="1538" VPOS="602" WIDTH="25" HEIGHT="27" CONTENT="a" WC="0.89" CC="1"/>
						<SP ID="P12_SP00610" HPOS="1563" VPOS="630" WIDTH="14"/>
						<String ID="word000625" HPOS="1577" VPOS="593" WIDTH="187" HEIGHT="46" CONTENT="complete" WC="0.97" CC="00101000"/>
						<SP ID="P12_SP00611" HPOS="1763" VPOS="639" WIDTH="21"/>
						<String ID="word000626" HPOS="1785" VPOS="588" WIDTH="123" HEIGHT="38" CONTENT="wreck" WC="1.00" CC="00000"/>
						<SP ID="P12_SP00612" HPOS="1907" VPOS="639" WIDTH="17"/>
						<String ID="word000627" HPOS="1924" VPOS="587" WIDTH="37" HEIGHT="35" CONTENT="in" WC="1.00" CC="00"/>
						<SP ID="P12_SP00613" HPOS="1961" VPOS="639" WIDTH="28"/>
						<String ID="word000628" HPOS="1989" VPOS="593" WIDTH="66" HEIGHT="26" CONTENT="our" WC="1.00" CC="000"/>
						<SP ID="P12_SP00614" HPOS="2055" VPOS="639" WIDTH="31"/>
						<String ID="word000629" HPOS="2086" VPOS="587" WIDTH="123" HEIGHT="35" CONTENT="limits," WC="0.54" CC="5566511"/>
						<SP ID="P12_SP00615" HPOS="2209" VPOS="639" WIDTH="26"/>
						<String ID="word000630" HPOS="2235" VPOS="578" WIDTH="103" HEIGHT="41" CONTENT="sails," WC="0.96" CC="001010"/>
						<SP ID="P12_SP00616" HPOS="2337" VPOS="639" WIDTH="27"/>
						<String ID="word000631" HPOS="2365" VPOS="573" WIDTH="70" HEIGHT="37" CONTENT="and" WC="0.89" CC="030"/>
						<SP ID="P12_SP00617" HPOS="2434" VPOS="639" WIDTH="35"/>
						<String ID="word000632" HPOS="2470" VPOS="572" WIDTH="157" HEIGHT="44" CONTENT="rigging." WC="0.79" CC="23031411"/>
						<SP ID="P12_SP00618" HPOS="2627" VPOS="639" WIDTH="56"/>
						<String ID="word000633" HPOS="2682" VPOS="567" WIDTH="172" HEIGHT="40" CONTENT="Notwith" SUBS_TYPE="HypPart1" SUBS_CONTENT="Notwithstanding" WC="0.75" CC="4621012"/>
						<HYP HPOS="2855" VPOS="567" WIDTH="24" CONTENT="-"/>
					</TextLine>
					<TextLine ID="P12_TL00073" HPOS="1541" VPOS="614" WIDTH="1335" HEIGHT="70">
						<String ID="word000634" HPOS="1541" VPOS="643" WIDTH="167" HEIGHT="41" CONTENT="standing" SUBS_TYPE="HypPart2" SUBS_CONTENT="Notwithstanding" WC="0.94" CC="01002010"/>
						<SP ID="P12_SP00619" HPOS="1708" VPOS="684" WIDTH="18"/>
						<String ID="word000635" HPOS="1726" VPOS="640" WIDTH="65" HEIGHT="33" CONTENT="the" WC="0.96" CC="100"/>
						<SP ID="P12_SP00620" HPOS="1791" VPOS="684" WIDTH="24"/>
						<String ID="word000636" HPOS="1814" VPOS="634" WIDTH="184" HEIGHT="40" CONTENT="situation-" WC="0.82" CC="3210100036"/>
						<SP ID="P12_SP00621" HPOS="1998" VPOS="684" WIDTH="8"/>
						<String ID="word000637" HPOS="2007" VPOS="632" WIDTH="63" HEIGHT="38" CONTENT="thv" WC="0.33" CC="558"/>
						<SP ID="P12_SP00622" HPOS="2069" VPOS="684" WIDTH="15"/>
						<String ID="word000638" HPOS="2085" VPOS="638" WIDTH="130" HEIGHT="37" CONTENT="enemy" WC="0.76" CC="03125"/>
						<SP ID="P12_SP00623" HPOS="2215" VPOS="684" WIDTH="13"/>
						<String ID="word000639" HPOS="2228" VPOS="635" WIDTH="85" HEIGHT="30" CONTENT=".was" WC="0.61" CC="7322"/>
						<SP ID="P12_SP00624" HPOS="2313" VPOS="684" WIDTH="15"/>
						<String ID="word000640" HPOS="2328" VPOS="622" WIDTH="87" HEIGHT="34" CONTENT="then" WC="0.97" CC="0001"/>
						<SP ID="P12_SP00625" HPOS="2415" VPOS="684" WIDTH="22"/>
						<String ID="word000641" HPOS="2438" VPOS="619" WIDTH="162" HEIGHT="41" CONTENT="reduced" WC="0.90" CC="0210300"/>
						<SP ID="P12_SP00626" HPOS="2600" VPOS="684" WIDTH="19"/>
						<String ID="word000642" HPOS="2619" VPOS="622" WIDTH="54" HEIGHT="35" CONTENT="to," WC="1.00" CC="000"/>
						<SP ID="P12_SP00627" HPOS="2673" VPOS="684" WIDTH="27"/>
						<String ID="word000643" HPOS="2700" VPOS="615" WIDTH="63" HEIGHT="34" CONTENT="she" WC="0.41" CC="754"/>
						<SP ID="P12_SP00628" HPOS="2763" VPOS="684" WIDTH="19"/>
						<String ID="word000644" HPOS="2781" VPOS="614" WIDTH="94" HEIGHT="34" CONTENT="tried" WC="0.78" CC="21223"/>
						<SP ID="P12_SP00629" HPOS="2876" VPOS="684" WIDTH="0"/>
					</TextLine>
					<TextLine ID="P12_TL00074" HPOS="1543" VPOS="663" WIDTH="1331" HEIGHT="65">
						<String ID="word000645" HPOS="1543" VPOS="696" WIDTH="39" HEIGHT="27" CONTENT="to" WC="1.00" CC="00"/>
						<SP ID="P12_SP00630" HPOS="1581" VPOS="723" WIDTH="28"/>
						<String ID="word000646" HPOS="1610" VPOS="690" WIDTH="107" HEIGHT="38" CONTENT="effeet" WC="0.46" CC="353783"/>
						<SP ID="P12_SP00631" HPOS="1717" VPOS="728" WIDTH="28"/>
						<String ID="word000647" HPOS="1746" VPOS="687" WIDTH="69" HEIGHT="34" CONTENT="her" WC="0.96" CC="100"/>
						<SP ID="P12_SP00632" HPOS="1814" VPOS="728" WIDTH="24"/>
						<String ID="word000648" HPOS="1838" VPOS="691" WIDTH="150" HEIGHT="37" CONTENT="escape," WC="0.78" CC="2222222"/>
						<SP ID="P12_SP00633" HPOS="1988" VPOS="728" WIDTH="35"/>
						<String ID="word000649" HPOS="2023" VPOS="677" WIDTH="126" HEIGHT="35" CONTENT="which" WC="0.82" CC="30050"/>
						<SP ID="P12_SP00634" HPOS="2150" VPOS="728" WIDTH="33"/>
						<String ID="word000650" HPOS="2183" VPOS="674" WIDTH="19" HEIGHT="38" CONTENT="1" WC="0.89" CC="1"/>
						<SP ID="P12_SP00635" HPOS="2202" VPOS="728" WIDTH="28"/>
						<String ID="word000651" HPOS="2230" VPOS="672" WIDTH="112" HEIGHT="38" CONTENT="knew" WC="1.00" CC="0000"/>
						<SP ID="P12_SP00636" HPOS="2342" VPOS="728" WIDTH="30"/>
						<String ID="word000652" HPOS="2372" VPOS="679" WIDTH="73" HEIGHT="25" CONTENT="was" WC="0.96" CC="100"/>
						<SP ID="P12_SP00637" HPOS="2445" VPOS="728" WIDTH="43"/>
						<String ID="word000653" HPOS="2487" VPOS="665" WIDTH="137" HEIGHT="45" CONTENT="totally" WC="0.87" CC="0500210"/>
						<SP ID="P12_SP00638" HPOS="2624" VPOS="728" WIDTH="35"/>
						<String ID="word000654" HPOS="2660" VPOS="663" WIDTH="214" HEIGHT="45" CONTENT="impossible" WC="0.88" CC="0112200122"/>
						<SP ID="P12_SP00639" HPOS="2874" VPOS="728" WIDTH="0"/>
					</TextLine>
					<TextLine ID="P12_TL00075" HPOS="1544" VPOS="730" WIDTH="443" HEIGHT="41">
						<String ID="word000655" HPOS="1544" VPOS="736" WIDTH="93" HEIGHT="35" CONTENT="from" WC="0.94" CC="1010"/>
						<SP ID="P12_SP00640" HPOS="1637" VPOS="771" WIDTH="20"/>
						<String ID="word000656" HPOS="1657" VPOS="737" WIDTH="63" HEIGHT="33" CONTENT="the" WC="1.00" CC="000"/>
						<SP ID="P12_SP00641" HPOS="1720" VPOS="771" WIDTH="24"/>
						<String ID="word000657" HPOS="1743" VPOS="738" WIDTH="93" HEIGHT="31" CONTENT="state" WC="0.95" CC="10100"/>
						<SP ID="P12_SP00642" HPOS="1837" VPOS="771" WIDTH="19"/>
						<String ID="word000658" HPOS="1856" VPOS="730" WIDTH="45" HEIGHT="35" CONTENT="of" WC="1.00" CC="00"/>
						<SP ID="P12_SP00643" HPOS="1900" VPOS="771" WIDTH="20"/>
						<String ID="word000659" HPOS="1920" VPOS="731" WIDTH="66" HEIGHT="32" CONTENT="her" WC="1.00" CC="000"/>
						<SP ID="P12_SP00644" HPOS="1987" VPOS="771" WIDTH="0"/>
					</TextLine>
					<TextLine ID="P12_TL00076" HPOS="1997" VPOS="710" WIDTH="879" HEIGHT="66">
						<String ID="word000660" HPOS="1997" VPOS="724" WIDTH="17" HEIGHT="52" CONTENT="." STYLE="subscript" WC="0.59" CC="7"/>
						<String ID="word000661" HPOS="2014" VPOS="724" WIDTH="150" HEIGHT="52" CONTENT="riggitsg," WC="0.59" CC="030117747"/>
						<SP ID="P12_SP00645" HPOS="2164" VPOS="776" WIDTH="22"/>
						<String ID="word000662" HPOS="2186" VPOS="720" WIDTH="72" HEIGHT="37" CONTENT="and" WC="1.00" CC="000"/>
						<SP ID="P12_SP00646" HPOS="2258" VPOS="776" WIDTH="31"/>
						<String ID="word000663" HPOS="2289" VPOS="726" WIDTH="102" HEIGHT="27" CONTENT="more" WC="0.89" CC="1300"/>
						<SP ID="P12_SP00647" HPOS="2391" VPOS="776" WIDTH="15"/>
						<String ID="word000664" HPOS="2406" VPOS="712" WIDTH="248" HEIGHT="50" CONTENT="particularly" WC="0.97" CC="000011000010"/>
						<SP ID="P12_SP00648" HPOS="2654" VPOS="776" WIDTH="19"/>
						<String ID="word000665" HPOS="2673" VPOS="722" WIDTH="39" HEIGHT="24" CONTENT="as" WC="1.00" CC="00"/>
						<SP ID="P12_SP00649" HPOS="2712" VPOS="776" WIDTH="25"/>
						<String ID="word000666" HPOS="2737" VPOS="715" WIDTH="41" HEIGHT="28" CONTENT="at" WC="0.94" CC="10"/>
						<SP ID="P12_SP00650" HPOS="2778" VPOS="776" WIDTH="19"/>
						<String ID="word000667" HPOS="2797" VPOS="710" WIDTH="79" HEIGHT="33" CONTENT="that" WC="0.89" CC="0031"/>
						<SP ID="P12_SP00651" HPOS="2876" VPOS="776" WIDTH="0"/>
					</TextLine>
					<TextLine ID="P12_TL00077" HPOS="1543" VPOS="757" WIDTH="1336" HEIGHT="71">
						<String ID="word000668" HPOS="1543" VPOS="784" WIDTH="91" HEIGHT="37" CONTENT="time" WC="1.00" CC="0000"/>
						<SP ID="P12_SP00652" HPOS="1633" VPOS="821" WIDTH="11"/>
						<String ID="word000669" HPOS="1644" VPOS="783" WIDTH="61" HEIGHT="35" CONTENT="the" WC="1.00" CC="000"/>
						<SP ID="P12_SP00653" HPOS="1706" VPOS="821" WIDTH="20"/>
						<String ID="word000670" HPOS="1726" VPOS="780" WIDTH="197" HEIGHT="48" CONTENT="Superieur" WC="0.64" CC="333533333"/>
						<SP ID="P12_SP00654" HPOS="1923" VPOS="828" WIDTH="18"/>
						<String ID="word000671" HPOS="1941" VPOS="776" WIDTH="87" HEIGHT="45" CONTENT="(the" WC="0.94" CC="0011"/>
						<SP ID="P12_SP00655" HPOS="2028" VPOS="828" WIDTH="18"/>
						<String ID="word000672" HPOS="2046" VPOS="772" WIDTH="85" HEIGHT="43" CONTENT="brig" WC="0.94" CC="0011"/>
						<SP ID="P12_SP00656" HPOS="2131" VPOS="828" WIDTH="20"/>
						<String ID="word000673" HPOS="2151" VPOS="771" WIDTH="19" HEIGHT="35" CONTENT="1" WC="0.67" CC="3"/>
						<SP ID="P12_SP00657" HPOS="2170" VPOS="828" WIDTH="19"/>
						<String ID="word000674" HPOS="2189" VPOS="769" WIDTH="128" HEIGHT="41" CONTENT="before" WC="0.94" CC="300000"/>
						<SP ID="P12_SP00658" HPOS="2316" VPOS="828" WIDTH="18"/>
						<String ID="word000675" HPOS="2334" VPOS="762" WIDTH="224" HEIGHT="43" CONTENT="mentioued)" WC="0.56" CC="4333365553"/>
						<SP ID="P12_SP00659" HPOS="2558" VPOS="828" WIDTH="31"/>
						<String ID="word000676" HPOS="2589" VPOS="757" WIDTH="123" HEIGHT="38" CONTENT="hailed" WC="1.00" CC="000000"/>
						<SP ID="P12_SP00660" HPOS="2712" VPOS="828" WIDTH="21"/>
						<String ID="word000677" HPOS="2733" VPOS="768" WIDTH="57" HEIGHT="27" CONTENT="us," WC="0.70" CC="053"/>
						<SP ID="P12_SP00661" HPOS="2790" VPOS="828" WIDTH="19"/>
						<String ID="word000678" HPOS="2809" VPOS="757" WIDTH="70" HEIGHT="33" CONTENT="and" WC="0.85" CC="103"/>
						<SP ID="P12_SP00662" HPOS="2878" VPOS="828" WIDTH="0"/>
					</TextLine>
					<TextLine ID="P12_TL00078" HPOS="1544" VPOS="804" WIDTH="1336" HEIGHT="72">
						<String ID="word000679" HPOS="1544" VPOS="842" WIDTH="94" HEIGHT="34" CONTENT="gave" WC="1.00" CC="0000"/>
						<SP ID="P12_SP00663" HPOS="1638" VPOS="876" WIDTH="18"/>
						<String ID="word000680" HPOS="1656" VPOS="841" WIDTH="39" HEIGHT="26" CONTENT="us" WC="0.94" CC="10"/>
						<SP ID="P12_SP00664" HPOS="1695" VPOS="876" WIDTH="19"/>
						<String ID="word000681" HPOS="1714" VPOS="827" WIDTH="240" HEIGHT="39" CONTENT="information" WC="0.85" CC="13010001324"/>
						<SP ID="P12_SP00665" HPOS="1954" VPOS="876" WIDTH="18"/>
						<String ID="word000682" HPOS="1971" VPOS="822" WIDTH="84" HEIGHT="37" CONTENT="that" WC="1.00" CC="0000"/>
						<SP ID="P12_SP00666" HPOS="2055" VPOS="876" WIDTH="15"/>
						<String ID="word000683" HPOS="2070" VPOS="821" WIDTH="61" HEIGHT="37" CONTENT="the" WC="0.37" CC="665"/>
						<SP ID="P12_SP00667" HPOS="2132" VPOS="876" WIDTH="13"/>
						<String ID="word000684" HPOS="2145" VPOS="826" WIDTH="145" HEIGHT="34" CONTENT="strange" WC="0.84" CC="1312210"/>
						<SP ID="P12_SP00668" HPOS="2290" VPOS="876" WIDTH="17"/>
						<String ID="word000685" HPOS="2307" VPOS="813" WIDTH="67" HEIGHT="35" CONTENT="sail" WC="0.86" CC="1112"/>
						<SP ID="P12_SP00669" HPOS="2374" VPOS="876" WIDTH="12"/>
						<String ID="word000686" HPOS="2386" VPOS="809" WIDTH="80" HEIGHT="47" CONTENT=",inst" WC="0.27" CC="68784"/>
						<SP ID="P12_SP00670" HPOS="2466" VPOS="876" WIDTH="12"/>
						<String ID="word000687" HPOS="2478" VPOS="821" WIDTH="84" HEIGHT="22" CONTENT="seen" WC="0.97" CC="1000" STYLEREFS="TXT_4"/>
						<SP ID="P12_SP00671" HPOS="2562" VPOS="876" WIDTH="12"/>
						<String ID="word000688" HPOS="2574" VPOS="815" WIDTH="39" HEIGHT="27" CONTENT="to" WC="1.00" CC="00"/>
						<SP ID="P12_SP00672" HPOS="2613" VPOS="876" WIDTH="12"/>
						<String ID="word000689" HPOS="2624" VPOS="804" WIDTH="165" HEIGHT="37" CONTENT="leewatd" WC="0.52" CC="6333375"/>
						<SP ID="P12_SP00673" HPOS="2790" VPOS="876" WIDTH="17"/>
						<String ID="word000690" HPOS="2806" VPOS="814" WIDTH="73" HEIGHT="25" CONTENT="was" WC="0.67" CC="135"/>
						<SP ID="P12_SP00674" HPOS="2880" VPOS="876" WIDTH="0"/>
					</TextLine>
					<TextLine ID="P12_TL00079" HPOS="1546" VPOS="853" WIDTH="1339" HEIGHT="65">
						<String ID="word000691" HPOS="1546" VPOS="880" WIDTH="63" HEIGHT="33" CONTENT="the" WC="1.00" CC="000"/>
						<SP ID="P12_SP00675" HPOS="1609" VPOS="913" WIDTH="15"/>
						<String ID="word000692" HPOS="1624" VPOS="880" WIDTH="156" HEIGHT="38" CONTENT="Lamina." WC="0.71" CC="0047601"/>
						<SP ID="P12_SP00676" HPOS="1780" VPOS="918" WIDTH="38"/>
						<String ID="word000693" HPOS="1818" VPOS="876" WIDTH="57" HEIGHT="37" CONTENT="On" WC="1.00" CC="00"/>
						<SP ID="P12_SP00677" HPOS="1874" VPOS="918" WIDTH="19"/>
						<String ID="word000694" HPOS="1893" VPOS="873" WIDTH="63" HEIGHT="40" CONTENT="tho" WC="0.41" CC="358"/>
						<SP ID="P12_SP00678" HPOS="1956" VPOS="918" WIDTH="19"/>
						<String ID="word000695" HPOS="1975" VPOS="866" WIDTH="171" HEIGHT="40" CONTENT="Latona'b" WC="0.61" CC="33333535"/>
						<SP ID="P12_SP00679" HPOS="2146" VPOS="918" WIDTH="14"/>
						<String ID="word000696" HPOS="2160" VPOS="865" WIDTH="144" HEIGHT="44" CONTENT="coming" WC="0.76" CC="026311"/>
						<SP ID="P12_SP00680" HPOS="2304" VPOS="918" WIDTH="20"/>
						<String ID="word000697" HPOS="2324" VPOS="859" WIDTH="132" HEIGHT="35" CONTENT="within" WC="0.98" CC="000100"/>
						<SP ID="P12_SP00681" HPOS="2457" VPOS="918" WIDTH="17"/>
						<String ID="word000698" HPOS="2473" VPOS="854" WIDTH="165" HEIGHT="48" CONTENT="gunshot" WC="0.79" CC="0025231"/>
						<SP ID="P12_SP00682" HPOS="2639" VPOS="918" WIDTH="20"/>
						<String ID="word000699" HPOS="2659" VPOS="853" WIDTH="44" HEIGHT="34" CONTENT="of" WC="1.00" CC="00"/>
						<SP ID="P12_SP00683" HPOS="2702" VPOS="918" WIDTH="11"/>
						<String ID="word000700" HPOS="2713" VPOS="853" WIDTH="64" HEIGHT="34" CONTENT="the" WC="1.00" CC="000"/>
						<SP ID="P12_SP00684" HPOS="2777" VPOS="918" WIDTH="18"/>
						<String ID="word000701" HPOS="2794" VPOS="859" WIDTH="91" HEIGHT="28" CONTENT="eller" WC="0.44" CC="27727"/>
						<SP ID="P12_SP00685" HPOS="2885" VPOS="918" WIDTH="0"/>
					</TextLine>
					<TextLine ID="P12_TL00080" HPOS="1546" VPOS="900" WIDTH="1335" HEIGHT="72">
						<String ID="word000702" HPOS="1546" VPOS="939" WIDTH="61" HEIGHT="33" CONTENT="my" WC="1.00" CC="00"/>
						<SP ID="P12_SP00686" HPOS="1607" VPOS="972" WIDTH="27"/>
						<String ID="word000703" HPOS="1635" VPOS="926" WIDTH="69" HEIGHT="35" CONTENT="and" WC="0.93" CC="101"/>
						<SP ID="P12_SP00687" HPOS="1703" VPOS="972" WIDTH="26"/>
						<String ID="word000704" HPOS="1729" VPOS="925" WIDTH="109" HEIGHT="46" CONTENT="given" WC="0.93" CC="00003"/>
						<SP ID="P12_SP00688" HPOS="1838" VPOS="972" WIDTH="19"/>
						<String ID="word000705" HPOS="1857" VPOS="921" WIDTH="63" HEIGHT="37" CONTENT="her" WC="0.96" CC="010"/>
						<SP ID="P12_SP00689" HPOS="1919" VPOS="972" WIDTH="13"/>
						<String ID="word000706" HPOS="1932" VPOS="932" WIDTH="24" HEIGHT="22" CONTENT="a" WC="0.89" CC="1"/>
						<SP ID="P12_SP00690" HPOS="1956" VPOS="972" WIDTH="18"/>
						<String ID="word000707" HPOS="1974" VPOS="919" WIDTH="72" HEIGHT="35" CONTENT="frvr" WC="0.36" CC="5567"/>
						<SP ID="P12_SP00691" HPOS="2046" VPOS="972" WIDTH="20"/>
						<String ID="word000708" HPOS="2066" VPOS="919" WIDTH="103" HEIGHT="41" CONTENT="guns," WC="0.76" CC="43031"/>
						<SP ID="P12_SP00692" HPOS="2169" VPOS="972" WIDTH="24"/>
						<String ID="word000709" HPOS="2192" VPOS="909" WIDTH="128" HEIGHT="38" CONTENT=":Othich" WC="0.44" CC="8783333"/>
						<SP ID="P12_SP00693" HPOS="2320" VPOS="972" WIDTH="20"/>
						<String ID="word000710" HPOS="2340" VPOS="907" WIDTH="65" HEIGHT="35" CONTENT="she" WC="1.00" CC="000"/>
						<SP ID="P12_SP00694" HPOS="2405" VPOS="972" WIDTH="15"/>
						<String ID="word000711" HPOS="2420" VPOS="906" WIDTH="187" HEIGHT="39" CONTENT="returned," WC="0.96" CC="001100010"/>
						<SP ID="P12_SP00695" HPOS="2607" VPOS="972" WIDTH="30"/>
						<String ID="word000712" HPOS="2636" VPOS="900" WIDTH="70" HEIGHT="37" CONTENT="and" WC="1.00" CC="000"/>
						<SP ID="P12_SP00696" HPOS="2706" VPOS="972" WIDTH="20"/>
						<String ID="word000713" HPOS="2726" VPOS="900" WIDTH="155" HEIGHT="45" CONTENT="slightly" WC="0.89" CC="00121004"/>
						<SP ID="P12_SP00697" HPOS="2881" VPOS="972" WIDTH="0"/>
					</TextLine>
					<TextLine ID="P12_TL00081" HPOS="1550" VPOS="947" WIDTH="1331" HEIGHT="70">
						<String ID="word000714" HPOS="1550" VPOS="972" WIDTH="180" HEIGHT="41" CONTENT="wounded" WC="0.78" CC="3115301"/>
						<SP ID="P12_SP00698" HPOS="1729" VPOS="1013" WIDTH="28"/>
						<String ID="word000715" HPOS="1757" VPOS="983" WIDTH="13" HEIGHT="34" CONTENT="a" WC="0.17" CC="7"/>
						<String ID="word000716" HPOS="1770" VPOS="983" WIDTH="14" HEIGHT="34" CONTENT="L" STYLE="subscript" WC="0.17" CC="8"/>
						<SP ID="P12_SP00699" HPOS="1785" VPOS="1017" WIDTH="28"/>
						<String ID="word000717" HPOS="1813" VPOS="971" WIDTH="72" HEIGHT="35" CONTENT="few" WC="0.89" CC="111"/>
						<SP ID="P12_SP00700" HPOS="1885" VPOS="1017" WIDTH="19"/>
						<String ID="word000718" HPOS="1904" VPOS="969" WIDTH="44" HEIGHT="34" CONTENT="of" WC="1.00" CC="00"/>
						<SP ID="P12_SP00701" HPOS="1948" VPOS="1017" WIDTH="33"/>
						<String ID="word000719" HPOS="1981" VPOS="966" WIDTH="63" HEIGHT="35" CONTENT="the" WC="1.00" CC="000"/>
						<SP ID="P12_SP00702" HPOS="2043" VPOS="1017" WIDTH="19"/>
						<String ID="word000720" HPOS="2062" VPOS="958" WIDTH="169" HEIGHT="52" CONTENT="Latpua's" WC="0.78" CC="01041334"/>
						<SP ID="P12_SP00703" HPOS="2231" VPOS="1017" WIDTH="30"/>
						<String ID="word000721" HPOS="2261" VPOS="967" WIDTH="79" HEIGHT="25" CONTENT="men" WC="0.96" CC="010"/>
						<SP ID="P12_SP00704" HPOS="2340" VPOS="1017" WIDTH="17"/>
						<String ID="word000722" HPOS="2356" VPOS="954" WIDTH="64" HEIGHT="35" CONTENT="she" WC="0.96" CC="001"/>
						<SP ID="P12_SP00705" HPOS="2420" VPOS="1017" WIDTH="19"/>
						<String ID="word000723" HPOS="2439" VPOS="951" WIDTH="22" HEIGHT="43" CONTENT="i" WC="0.75" CC="2"/>
						<String ID="word000724" HPOS="2461" VPOS="951" WIDTH="206" HEIGHT="43" CONTENT="mmediatel" STYLE="superscript" WC="0.75" CC="522222222"/>
						<String ID="word000725" HPOS="2667" VPOS="951" WIDTH="24" HEIGHT="43" CONTENT="y" WC="0.75" CC="2"/>
						<SP ID="P12_SP00706" HPOS="2691" VPOS="1017" WIDTH="27"/>
						<String ID="word000726" HPOS="2718" VPOS="947" WIDTH="92" HEIGHT="44" CONTENT="brou" STYLE="superscript" WC="0.90" CC="3003"/>
						<String ID="word000727" HPOS="2810" VPOS="947" WIDTH="24" HEIGHT="44" CONTENT="g" WC="0.90" CC="0"/>
						<String ID="word000728" HPOS="2833" VPOS="947" WIDTH="47" HEIGHT="44" CONTENT="ht" STYLE="superscript" WC="0.90" CC="00"/>
						<SP ID="P12_SP00707" HPOS="2881" VPOS="1017" WIDTH="0"/>
					</TextLine>
					<TextLine ID="P12_TL00082" HPOS="1550" VPOS="993" WIDTH="1331" HEIGHT="71">
						<String ID="word000729" HPOS="1550" VPOS="1030" WIDTH="38" HEIGHT="27" CONTENT="to" WC="1.00" CC="00"/>
						<SP ID="P12_SP00708" HPOS="1587" VPOS="1057" WIDTH="28"/>
						<String ID="word000730" HPOS="1616" VPOS="1033" WIDTH="45" HEIGHT="22" CONTENT="on" WC="0.94" CC="10"/>
						<SP ID="P12_SP00709" HPOS="1661" VPOS="1057" WIDTH="20"/>
						<String ID="word000731" HPOS="1681" VPOS="1022" WIDTH="61" HEIGHT="37" CONTENT="the" WC="1.00" CC="000"/>
						<SP ID="P12_SP00710" HPOS="1742" VPOS="1058" WIDTH="22"/>
						<String ID="word000732" HPOS="1765" VPOS="1012" WIDTH="197" HEIGHT="52" CONTENT="starbuard" WC="0.44" CC="873378333"/>
						<SP ID="P12_SP00711" HPOS="1962" VPOS="1064" WIDTH="27"/>
						<String ID="word000733" HPOS="1989" VPOS="1012" WIDTH="104" HEIGHT="39" CONTENT="tack," WC="0.95" CC="00110"/>
						<SP ID="P12_SP00712" HPOS="2093" VPOS="1064" WIDTH="25"/>
						<String ID="word000734" HPOS="2118" VPOS="1010" WIDTH="70" HEIGHT="44" CONTENT="and" WC="0.81" CC="401"/>
						<SP ID="P12_SP00713" HPOS="2187" VPOS="1064" WIDTH="26"/>
						<String ID="word000735" HPOS="2213" VPOS="1016" WIDTH="111" HEIGHT="34" CONTENT="every" WC="0.95" CC="00200" STYLEREFS="TXT_4"/>
						<SP ID="P12_SP00714" HPOS="2324" VPOS="1064" WIDTH="26"/>
						<String ID="word000736" HPOS="2350" VPOS="1006" WIDTH="92" HEIGHT="31" CONTENT="mast" WC="1.00" CC="0000"/>
						<SP ID="P12_SP00715" HPOS="2443" VPOS="1064" WIDTH="38"/>
						<String ID="word000737" HPOS="2480" VPOS="1004" WIDTH="93" HEIGHT="30" CONTENT="went" WC="1.00" CC="0000"/>
						<SP ID="P12_SP00716" HPOS="2574" VPOS="1064" WIDTH="20"/>
						<String ID="word000738" HPOS="2594" VPOS="999" WIDTH="46" HEIGHT="44" CONTENT="by" WC="0.94" CC="10"/>
						<SP ID="P12_SP00717" HPOS="2640" VPOS="1064" WIDTH="22"/>
						<String ID="word000739" HPOS="2662" VPOS="997" WIDTH="66" HEIGHT="33" CONTENT="the" WC="0.93" CC="011"/>
						<SP ID="P12_SP00718" HPOS="2728" VPOS="1064" WIDTH="21"/>
						<String ID="word000740" HPOS="2750" VPOS="993" WIDTH="131" HEIGHT="37" CONTENT="board." WC="0.94" CC="101010"/>
						<SP ID="P12_SP00719" HPOS="2881" VPOS="1064" WIDTH="0"/>
					</TextLine>
					<TextLine ID="P12_TL00083" HPOS="1551" VPOS="1043" WIDTH="1332" HEIGHT="76">
						<String ID="word000741" HPOS="1551" VPOS="1071" WIDTH="71" HEIGHT="37" CONTENT="Site" WC="0.67" CC="0660"/>
						<SP ID="P12_SP00720" HPOS="1622" VPOS="1108" WIDTH="17"/>
						<String ID="word000742" HPOS="1638" VPOS="1065" WIDTH="141" HEIGHT="53" CONTENT="proied" WC="0.69" CC="222722"/>
						<SP ID="P12_SP00721" HPOS="1779" VPOS="1119" WIDTH="31"/>
						<String ID="word000743" HPOS="1809" VPOS="1074" WIDTH="38" HEIGHT="28" CONTENT="to" WC="1.00" CC="00"/>
						<SP ID="P12_SP00722" HPOS="1847" VPOS="1119" WIDTH="22"/>
						<String ID="word000744" HPOS="1870" VPOS="1069" WIDTH="46" HEIGHT="33" CONTENT="be" WC="1.00" CC="00"/>
						<SP ID="P12_SP00723" HPOS="1916" VPOS="1119" WIDTH="30"/>
						<String ID="word000745" HPOS="1945" VPOS="1063" WIDTH="61" HEIGHT="35" CONTENT="the" WC="0.96" CC="100"/>
						<SP ID="P12_SP00724" HPOS="2007" VPOS="1119" WIDTH="38"/>
						<String ID="word000746" HPOS="2044" VPOS="1056" WIDTH="139" HEIGHT="39" CONTENT="French" WC="0.93" CC="300010"/>
						<SP ID="P12_SP00725" HPOS="2184" VPOS="1119" WIDTH="32"/>
						<String ID="word000747" HPOS="2216" VPOS="1054" WIDTH="155" HEIGHT="44" CONTENT="Frigate" WC="0.97" CC="1100000"/>
						<SP ID="P12_SP00726" HPOS="2370" VPOS="1119" WIDTH="34"/>
						<String ID="word000748" HPOS="2405" VPOS="1050" WIDTH="53" HEIGHT="34" CONTENT="La" WC="0.94" CC="10"/>
						<SP ID="P12_SP00727" HPOS="2458" VPOS="1119" WIDTH="32"/>
						<String ID="word000749" HPOS="2490" VPOS="1049" WIDTH="22" HEIGHT="33" CONTENT="3" WC="0.33" CC="6"/>
						<SP ID="P12_SP00728" HPOS="2512" VPOS="1119" WIDTH="12"/>
						<String ID="word000750" HPOS="2524" VPOS="1057" WIDTH="109" HEIGHT="31" CONTENT="unon," WC="0.67" CC="15144"/>
						<SP ID="P12_SP00729" HPOS="2633" VPOS="1119" WIDTH="33"/>
						<String ID="word000751" HPOS="2666" VPOS="1043" WIDTH="45" HEIGHT="35" CONTENT="of" WC="0.83" CC="12"/>
						<SP ID="P12_SP00730" HPOS="2711" VPOS="1119" WIDTH="8"/>
						<String ID="word000752" HPOS="2719" VPOS="1043" WIDTH="47" HEIGHT="35" CONTENT="41" WC="0.56" CC="26"/>
						<SP ID="P12_SP00731" HPOS="2766" VPOS="1119" WIDTH="15"/>
						<String ID="word000753" HPOS="2781" VPOS="1050" WIDTH="102" HEIGHT="37" CONTENT="guns," WC="0.93" CC="10011"/>
						<SP ID="P12_SP00732" HPOS="2883" VPOS="1119" WIDTH="0"/>
					</TextLine>
					<TextLine ID="P12_TL00084" HPOS="1550" VPOS="1094" WIDTH="1336" HEIGHT="66">
						<String ID="word000754" HPOS="1550" VPOS="1116" WIDTH="69" HEIGHT="37" CONTENT="and" WC="0.89" CC="030"/>
						<SP ID="P12_SP00733" HPOS="1618" VPOS="1153" WIDTH="24"/>
						<String ID="word000755" HPOS="1642" VPOS="1117" WIDTH="79" HEIGHT="43" CONTENT="$23" WC="0.44" CC="744"/>
						<SP ID="P12_SP00734" HPOS="1721" VPOS="1160" WIDTH="17"/>
						<String ID="word000756" HPOS="1737" VPOS="1126" WIDTH="94" HEIGHT="30" CONTENT="men," WC="0.97" CC="0001"/>
						<SP ID="P12_SP00735" HPOS="1832" VPOS="1160" WIDTH="40"/>
						<String ID="word000757" HPOS="1872" VPOS="1107" WIDTH="239" HEIGHT="41" CONTENT="commanded" WC="0.72" CC="401303642"/>
						<SP ID="P12_SP00736" HPOS="2111" VPOS="1160" WIDTH="30"/>
						<String ID="word000758" HPOS="2140" VPOS="1104" WIDTH="51" HEIGHT="43" CONTENT="by" WC="1.00" CC="00"/>
						<SP ID="P12_SP00737" HPOS="2191" VPOS="1160" WIDTH="33"/>
						<String ID="word000759" HPOS="2224" VPOS="1100" WIDTH="188" HEIGHT="37" CONTENT="Monsieur" WC="0.82" CC="21311131"/>
						<SP ID="P12_SP00738" HPOS="2412" VPOS="1160" WIDTH="26"/>
						<String ID="word000760" HPOS="2438" VPOS="1095" WIDTH="185" HEIGHT="45" CONTENT="Augustin" WC="0.89" CC="11103101"/>
						<SP ID="P12_SP00739" HPOS="2623" VPOS="1160" WIDTH="31"/>
						<String ID="word000761" HPOS="2654" VPOS="1094" WIDTH="181" HEIGHT="35" CONTENT="RosEeou," WC="0.47" CC="55383833"/>
						<SP ID="P12_SP00740" HPOS="2835" VPOS="1160" WIDTH="27"/>
						<String ID="word000762" HPOS="2862" VPOS="1100" WIDTH="24" HEIGHT="24" CONTENT="a" WC="0.89" CC="1"/>
						<SP ID="P12_SP00741" HPOS="2885" VPOS="1160" WIDTH="0"/>
					</TextLine>
					<TextLine ID="P12_TL00085" HPOS="1552" VPOS="1139" WIDTH="1330" HEIGHT="63">
						<String ID="word000763" HPOS="1552" VPOS="1166" WIDTH="170" HEIGHT="34" CONTENT="Member" WC="0.93" CC="210100"/>
						<SP ID="P12_SP00742" HPOS="1722" VPOS="1200" WIDTH="22"/>
						<String ID="word000764" HPOS="1744" VPOS="1163" WIDTH="44" HEIGHT="35" CONTENT="of" WC="1.00" CC="00"/>
						<SP ID="P12_SP00743" HPOS="1788" VPOS="1200" WIDTH="27"/>
						<String ID="word000765" HPOS="1815" VPOS="1154" WIDTH="65" HEIGHT="47" CONTENT="the" WC="0.44" CC="383"/>
						<String ID="word000766" HPOS="1880" VPOS="1154" WIDTH="21" HEIGHT="47" CONTENT="." STYLE="superscript" WC="0.44" CC="8"/>
						<String ID="word000767" HPOS="1902" VPOS="1154" WIDTH="133" HEIGHT="47" CONTENT="Cegion" WC="0.44" CC="553537"/>
						<SP ID="P12_SP00744" HPOS="2035" VPOS="1201" WIDTH="31"/>
						<String ID="word000768" HPOS="2066" VPOS="1153" WIDTH="43" HEIGHT="34" CONTENT="of" WC="0.67" CC="15"/>
						<SP ID="P12_SP00745" HPOS="2108" VPOS="1201" WIDTH="24"/>
						<String ID="word000769" HPOS="2132" VPOS="1152" WIDTH="180" HEIGHT="37" CONTENT="Hononr;" WC="0.63" CC="5333333"/>
						<SP ID="P12_SP00746" HPOS="2311" VPOS="1201" WIDTH="28"/>
						<String ID="word000770" HPOS="2340" VPOS="1149" WIDTH="64" HEIGHT="32" CONTENT="out" WC="1.00" CC="000"/>
						<SP ID="P12_SP00747" HPOS="2404" VPOS="1201" WIDTH="30"/>
						<String ID="word000771" HPOS="2433" VPOS="1144" WIDTH="96" HEIGHT="34" CONTENT="from" WC="0.97" CC="1000"/>
						<SP ID="P12_SP00748" HPOS="2529" VPOS="1201" WIDTH="32"/>
						<String ID="word000772" HPOS="2561" VPOS="1141" WIDTH="63" HEIGHT="35" CONTENT="the" WC="0.96" CC="001"/>
						<SP ID="P12_SP00749" HPOS="2623" VPOS="1201" WIDTH="32"/>
						<String ID="word000773" HPOS="2655" VPOS="1141" WIDTH="119" HEIGHT="34" CONTENT="Saints" WC="0.96" CC="100001"/>
						<SP ID="P12_SP00750" HPOS="2774" VPOS="1201" WIDTH="19"/>
						<String ID="word000774" HPOS="2793" VPOS="1139" WIDTH="89" HEIGHT="44" CONTENT="only" WC="0.89" CC="0040"/>
						<SP ID="P12_SP00751" HPOS="2882" VPOS="1201" WIDTH="0"/>
					</TextLine>
				</TextBlock>
				<TextBlock ID="pa0012006" HPOS="1550" VPOS="1204" WIDTH="1411" HEIGHT="3043" STYLEREFS="TXT_0 PAR_LEFT">
					<Shape>
						<Polygon POINTS="2106,4246 2106,4196 1644,4196 1644,4155 1600,4155 1600,3109 1594,3109 1594,2911 1572,2911 1572,2151 1550,2151 1550,1204 2961,1204 2961,4246"/>
					</Shape>
					<TextLine ID="P12_TL00086" HPOS="1552" VPOS="1205" WIDTH="587" HEIGHT="53">
						<String ID="word000775" HPOS="1552" VPOS="1213" WIDTH="84" HEIGHT="35" CONTENT="four" WC="0.92" CC="0102"/>
						<SP ID="P12_SP00752" HPOS="1636" VPOS="1248" WIDTH="14"/>
						<String ID="word000776" HPOS="1650" VPOS="1213" WIDTH="109" HEIGHT="45" CONTENT="days," WC="0.64" CC="43045"/>
						<SP ID="P12_SP00753" HPOS="1759" VPOS="1258" WIDTH="22"/>
						<String ID="word000777" HPOS="1781" VPOS="1208" WIDTH="123" HEIGHT="37" CONTENT="bound" WC="0.80" CC="21132"/>
						<SP ID="P12_SP00754" HPOS="1904" VPOS="1258" WIDTH="20"/>
						<String ID="word000778" HPOS="1924" VPOS="1213" WIDTH="39" HEIGHT="28" CONTENT="to" WC="0.78" CC="04"/>
						<SP ID="P12_SP00755" HPOS="1963" VPOS="1258" WIDTH="21"/>
						<String ID="word000779" HPOS="1984" VPOS="1205" WIDTH="155" HEIGHT="43" CONTENT="France." WC="0.78" CC="3135011"/>
						<SP ID="P12_SP00756" HPOS="2139" VPOS="1258" WIDTH="0"/>
					</TextLine>
					<TextLine ID="P12_TL00087" HPOS="1602" VPOS="1231" WIDTH="1289" HEIGHT="66">
						<String ID="word000780" HPOS="1602" VPOS="1260" WIDTH="19" HEIGHT="37" CONTENT="I" WC="0.67" CC="3"/>
						<SP ID="P12_SP00757" HPOS="1620" VPOS="1297" WIDTH="26"/>
						<String ID="word000781" HPOS="1646" VPOS="1271" WIDTH="80" HEIGHT="25" CONTENT="now" WC="0.89" CC="012"/>
						<SP ID="P12_SP00758" HPOS="1727" VPOS="1297" WIDTH="21"/>
						<String ID="word000782" HPOS="1748" VPOS="1238" WIDTH="18" HEIGHT="58" CONTENT="'" STYLE="superscript" WC="0.59" CC="7"/>
						<String ID="word000783" HPOS="1766" VPOS="1238" WIDTH="109" HEIGHT="58" CONTENT="detail" WC="0.59" CC="215326"/>
						<SP ID="P12_SP00759" HPOS="1874" VPOS="1297" WIDTH="26"/>
						<String ID="word000784" HPOS="1900" VPOS="1256" WIDTH="60" HEIGHT="33" CONTENT="the" WC="0.63" CC="334"/>
						<SP ID="P12_SP00760" HPOS="1961" VPOS="1297" WIDTH="19"/>
						<String ID="word000785" HPOS="1980" VPOS="1248" WIDTH="71" HEIGHT="47" CONTENT="loss" WC="0.47" CC="5752"/>
						<SP ID="P12_SP00761" HPOS="2050" VPOS="1297" WIDTH="17"/>
						<String ID="word000786" HPOS="2067" VPOS="1246" WIDTH="70" HEIGHT="39" CONTENT="sad" WC="0.59" CC="560"/>
						<SP ID="P12_SP00762" HPOS="2137" VPOS="1297" WIDTH="15"/>
						<String ID="word000787" HPOS="2152" VPOS="1247" WIDTH="171" HEIGHT="43" CONTENT="damages" WC="0.94" CC="1020100"/>
						<SP ID="P12_SP00763" HPOS="2323" VPOS="1297" WIDTH="25"/>
						<String ID="word000788" HPOS="2348" VPOS="1238" WIDTH="185" HEIGHT="39" CONTENT="sustained" WC="0.95" CC="001001110"/>
						<SP ID="P12_SP00764" HPOS="2533" VPOS="1297" WIDTH="17"/>
						<String ID="word000789" HPOS="2550" VPOS="1238" WIDTH="50" HEIGHT="45" CONTENT="by" WC="1.00" CC="00"/>
						<SP ID="P12_SP00765" HPOS="2600" VPOS="1297" WIDTH="20"/>
						<String ID="word000790" HPOS="2620" VPOS="1235" WIDTH="58" HEIGHT="35" CONTENT="his" WC="1.00" CC="000"/>
						<SP ID="P12_SP00766" HPOS="2678" VPOS="1297" WIDTH="19"/>
						<String ID="word000791" HPOS="2696" VPOS="1231" WIDTH="194" HEIGHT="50" CONTENT="Majesty's" WC="0.93" CC="120000111"/>
						<SP ID="P12_SP00767" HPOS="2890" VPOS="1297" WIDTH="0"/>
					</TextLine>
					<TextLine ID="P12_TL00088" HPOS="1550" VPOS="1298" WIDTH="521" HEIGHT="56">
						<String ID="word000792" HPOS="1550" VPOS="1310" WIDTH="85" HEIGHT="44" CONTENT="ship" WC="0.97" CC="0100"/>
						<SP ID="P12_SP00768" HPOS="1635" VPOS="1354" WIDTH="20"/>
						<String ID="word000793" HPOS="1655" VPOS="1309" WIDTH="116" HEIGHT="40" CONTENT="under," WC="0.81" CC="000127"/>
						<SP ID="P12_SP00769" HPOS="1770" VPOS="1354" WIDTH="17"/>
						<String ID="word000794" HPOS="1787" VPOS="1317" WIDTH="59" HEIGHT="33" CONTENT="my" WC="0.89" CC="20"/>
						<SP ID="P12_SP00770" HPOS="1846" VPOS="1354" WIDTH="19"/>
						<String ID="word000795" HPOS="1865" VPOS="1298" WIDTH="206" HEIGHT="45" CONTENT="comtPand." WC="0.44" CC="353585763"/>
						<SP ID="P12_SP00771" HPOS="2070" VPOS="1354" WIDTH="0"/>
					</TextLine>
					<TextLine ID="P12_TL00089" HPOS="1602" VPOS="1330" WIDTH="1291" HEIGHT="60">
						<String ID="word000796" HPOS="1602" VPOS="1356" WIDTH="80" HEIGHT="34" CONTENT="The" WC="0.96" CC="100"/>
						<SP ID="P12_SP00772" HPOS="1682" VPOS="1390" WIDTH="19"/>
						<String ID="word000797" HPOS="1701" VPOS="1351" WIDTH="164" HEIGHT="39" CONTENT="Horatio" WC="0.87" CC="5110100"/>
						<SP ID="P12_SP00773" HPOS="1865" VPOS="1390" WIDTH="19"/>
						<String ID="word000798" HPOS="1884" VPOS="1350" WIDTH="63" HEIGHT="35" CONTENT="has" WC="1.00" CC="000"/>
						<SP ID="P12_SP00774" HPOS="1946" VPOS="1390" WIDTH="18"/>
						<String ID="word000799" HPOS="1964" VPOS="1361" WIDTH="14" HEIGHT="22" CONTENT="s" WC="0.56" CC="4"/>
						<String ID="word000800" HPOS="1983" VPOS="1359" WIDTH="19" HEIGHT="22" CONTENT="u" WC="0.33" CC="6" STYLEREFS="TXT_1"/>
						<String ID="word000801" HPOS="2007" VPOS="1341" WIDTH="117" HEIGHT="41" CONTENT="ffered." WC="0.68" CC="3343322"/>
						<SP ID="P12_SP00775" HPOS="2124" VPOS="1390" WIDTH="13"/>
						<String ID="word000802" HPOS="2137" VPOS="1344" WIDTH="66" HEIGHT="33" CONTENT="but" WC="1.00" CC="000"/>
						<SP ID="P12_SP00776" HPOS="2203" VPOS="1390" WIDTH="20"/>
						<String ID="word000803" HPOS="2223" VPOS="1338" WIDTH="100" HEIGHT="38" CONTENT="little" WC="0.96" CC="000011"/>
						<SP ID="P12_SP00777" HPOS="2323" VPOS="1390" WIDTH="27"/>
						<String ID="word000804" HPOS="2350" VPOS="1338" WIDTH="34" HEIGHT="33" CONTENT="in" WC="1.00" CC="00"/>
						<SP ID="P12_SP00778" HPOS="2385" VPOS="1390" WIDTH="27"/>
						<String ID="word000805" HPOS="2412" VPOS="1336" WIDTH="65" HEIGHT="34" CONTENT="her" WC="1.00" CC="000"/>
						<SP ID="P12_SP00779" HPOS="2477" VPOS="1390" WIDTH="13"/>
						<String ID="word000806" HPOS="2490" VPOS="1333" WIDTH="103" HEIGHT="41" CONTENT="'hull," WC="0.67" CC="844110"/>
						<SP ID="P12_SP00780" HPOS="2593" VPOS="1390" WIDTH="17"/>
						<String ID="word000807" HPOS="2609" VPOS="1331" WIDTH="96" HEIGHT="34" CONTENT="from" WC="0.83" CC="0024"/>
						<SP ID="P12_SP00781" HPOS="2705" VPOS="1390" WIDTH="19"/>
						<String ID="word000808" HPOS="2724" VPOS="1330" WIDTH="63" HEIGHT="34" CONTENT="the" WC="0.85" CC="040"/>
						<SP ID="P12_SP00782" HPOS="2786" VPOS="1390" WIDTH="20"/>
						<String ID="word000809" HPOS="2806" VPOS="1338" WIDTH="65" HEIGHT="25" CONTENT="rea" SUBS_TYPE="HypPart1" SUBS_CONTENT="reason" WC="0.78" CC="331"/>
						<HYP HPOS="2871" VPOS="1338" WIDTH="21" CONTENT="-"/>
					</TextLine>
					<TextLine ID="P12_TL00090" HPOS="1553" VPOS="1380" WIDTH="1335" HEIGHT="67">
						<String ID="word000810" HPOS="1553" VPOS="1415" WIDTH="63" HEIGHT="25" CONTENT="son" SUBS_TYPE="HypPart2" SUBS_CONTENT="reason" WC="0.89" CC="003"/>
						<SP ID="P12_SP00783" HPOS="1616" VPOS="1440" WIDTH="17"/>
						<String ID="word000811" HPOS="1632" VPOS="1403" WIDTH="156" HEIGHT="44" CONTENT="already" WC="0.97" CC="1000100"/>
						<SP ID="P12_SP00784" HPOS="1788" VPOS="1447" WIDTH="17"/>
						<String ID="word000812" HPOS="1805" VPOS="1402" WIDTH="122" HEIGHT="43" CONTENT="given," WC="0.91" CC="001130"/>
						<SP ID="P12_SP00785" HPOS="1926" VPOS="1447" WIDTH="22"/>
						<String ID="word000813" HPOS="1949" VPOS="1395" WIDTH="44" HEIGHT="37" CONTENT="of" WC="1.00" CC="00"/>
						<SP ID="P12_SP00786" HPOS="1993" VPOS="1447" WIDTH="21"/>
						<String ID="word000814" HPOS="2014" VPOS="1380" WIDTH="5" HEIGHT="67" CONTENT="," WC="0.22" CC="7" STYLEREFS="TXT_5"/>
						<String ID="word000815" HPOS="2021" VPOS="1395" WIDTH="61" HEIGHT="33" CONTENT="the" WC="0.44" CC="780" STYLEREFS="TXT_1"/>
						<SP ID="P12_SP00787" HPOS="2082" VPOS="1447" WIDTH="28"/>
						<String ID="word000816" HPOS="2111" VPOS="1388" WIDTH="161" HEIGHT="47" CONTENT="enemy's" WC="0.98" CC="1000000"/>
						<SP ID="P12_SP00788" HPOS="2271" VPOS="1447" WIDTH="32"/>
						<String ID="word000817" HPOS="2303" VPOS="1385" WIDTH="138" HEIGHT="43" CONTENT="aiming" WC="1.00" CC="000000"/>
						<SP ID="P12_SP00789" HPOS="2441" VPOS="1447" WIDTH="33"/>
						<String ID="word000818" HPOS="2474" VPOS="1380" WIDTH="248" HEIGHT="48" CONTENT="particularly" WC="0.58" CC="364354444332"/>
						<SP ID="P12_SP00790" HPOS="2722" VPOS="1447" WIDTH="26"/>
						<String ID="word000819" HPOS="2748" VPOS="1382" WIDTH="39" HEIGHT="33" CONTENT="a,t" WC="0.37" CC="575"/>
						<SP ID="P12_SP00791" HPOS="2787" VPOS="1447" WIDTH="33"/>
						<String ID="word000820" HPOS="2820" VPOS="1385" WIDTH="67" HEIGHT="26" CONTENT="nur" WC="0.41" CC="745"/>
						<SP ID="P12_SP00792" HPOS="2888" VPOS="1447" WIDTH="0"/>
					</TextLine>
					<TextLine ID="P12_TL00091" HPOS="1554" VPOS="1424" WIDTH="1339" HEIGHT="69">
						<String ID="word000821" HPOS="1554" VPOS="1460" WIDTH="109" HEIGHT="27" CONTENT="masts" WC="0.93" CC="20001"/>
						<SP ID="P12_SP00793" HPOS="1663" VPOS="1487" WIDTH="31"/>
						<String ID="word000822" HPOS="1694" VPOS="1450" WIDTH="72" HEIGHT="37" CONTENT="and" WC="1.00" CC="000"/>
						<SP ID="P12_SP00794" HPOS="1766" VPOS="1487" WIDTH="32"/>
						<String ID="word000823" HPOS="1798" VPOS="1447" WIDTH="170" HEIGHT="46" CONTENT="rigging,." WC="0.83" CC="004100027"/>
						<SP ID="P12_SP00795" HPOS="1968" VPOS="1493" WIDTH="19"/>
						<String ID="word000824" HPOS="1987" VPOS="1441" WIDTH="124" HEIGHT="46" CONTENT="which" WC="0.64" CC="55222"/>
						<SP ID="P12_SP00796" HPOS="2111" VPOS="1493" WIDTH="32"/>
						<String ID="word000825" HPOS="2143" VPOS="1440" WIDTH="86" HEIGHT="43" CONTENT="they" WC="0.94" CC="0101"/>
						<SP ID="P12_SP00797" HPOS="2229" VPOS="1493" WIDTH="35"/>
						<String ID="word000826" HPOS="2264" VPOS="1433" WIDTH="167" HEIGHT="40" CONTENT="effected," WC="0.99" CC="100000000"/>
						<SP ID="P12_SP00798" HPOS="2431" VPOS="1493" WIDTH="30"/>
						<String ID="word000827" HPOS="2460" VPOS="1429" WIDTH="139" HEIGHT="43" CONTENT="having" WC="0.96" CC="101000"/>
						<SP ID="P12_SP00799" HPOS="2600" VPOS="1493" WIDTH="28"/>
						<String ID="word000828" HPOS="2628" VPOS="1426" WIDTH="155" HEIGHT="41" CONTENT="nothing" WC="0.98" CC="0100000"/>
						<SP ID="P12_SP00800" HPOS="2783" VPOS="1493" WIDTH="33"/>
						<String ID="word000829" HPOS="2816" VPOS="1424" WIDTH="77" HEIGHT="34" CONTENT="else" WC="0.86" CC="0113"/>
						<SP ID="P12_SP00801" HPOS="2893" VPOS="1493" WIDTH="0"/>
					</TextLine>
					<TextLine ID="P12_TL00092" HPOS="1553" VPOS="1472" WIDTH="1340" HEIGHT="72">
						<String ID="word000830" HPOS="1553" VPOS="1499" WIDTH="167" HEIGHT="45" CONTENT="standing" WC="0.96" CC="00011001"/>
						<SP ID="P12_SP00802" HPOS="1720" VPOS="1544" WIDTH="33"/>
						<String ID="word000831" HPOS="1753" VPOS="1499" WIDTH="69" HEIGHT="33" CONTENT="hut" WC="0.85" CC="400"/>
						<SP ID="P12_SP00803" HPOS="1821" VPOS="1544" WIDTH="25"/>
						<String ID="word000832" HPOS="1846" VPOS="1504" WIDTH="67" HEIGHT="26" CONTENT="our" WC="0.93" CC="110"/>
						<SP ID="P12_SP00804" HPOS="1913" VPOS="1544" WIDTH="30"/>
						<String ID="word000833" HPOS="1943" VPOS="1493" WIDTH="120" HEIGHT="34" CONTENT="lower" WC="0.95" CC="00101"/>
						<SP ID="P12_SP00805" HPOS="2063" VPOS="1544" WIDTH="24"/>
						<String ID="word000834" HPOS="2087" VPOS="1485" WIDTH="123" HEIGHT="41" CONTENT="Masts," WC="0.67" CC="621063"/>
						<SP ID="P12_SP00806" HPOS="2210" VPOS="1544" WIDTH="27"/>
						<String ID="word000835" HPOS="2237" VPOS="1482" WIDTH="105" HEIGHT="37" CONTENT="much" WC="1.00" CC="0000"/>
						<SP ID="P12_SP00807" HPOS="2342" VPOS="1544" WIDTH="17"/>
						<String ID="word000836" HPOS="2359" VPOS="1478" WIDTH="196" HEIGHT="39" CONTENT="wounded," WC="0.99" CC="00000100"/>
						<SP ID="P12_SP00808" HPOS="2555" VPOS="1544" WIDTH="15"/>
						<String ID="word000837" HPOS="2570" VPOS="1474" WIDTH="70" HEIGHT="35" CONTENT="and" WC="1.00" CC="000"/>
						<SP ID="P12_SP00809" HPOS="2640" VPOS="1544" WIDTH="26"/>
						<String ID="word000838" HPOS="2666" VPOS="1472" WIDTH="227" HEIGHT="46" CONTENT="completely" WC="0.95" CC="1110100000"/>
						<SP ID="P12_SP00810" HPOS="2893" VPOS="1544" WIDTH="0"/>
					</TextLine>
					<TextLine ID="P12_TL00093" HPOS="1556" VPOS="1521" WIDTH="1225" HEIGHT="64">
						<String ID="word000839" HPOS="1556" VPOS="1539" WIDTH="234" HEIGHT="46" CONTENT="dismaraled," WC="0.41" CC="35873775535"/>
						<SP ID="P12_SP00811" HPOS="1789" VPOS="1585" WIDTH="17"/>
						<String ID="word000840" HPOS="1806" VPOS="1544" WIDTH="51" HEIGHT="39" CONTENT="all" WC="0.63" CC="055"/>
						<SP ID="P12_SP00812" HPOS="1857" VPOS="1585" WIDTH="18"/>
						<String ID="word000841" HPOS="1874" VPOS="1548" WIDTH="38" HEIGHT="30" CONTENT="to" WC="1.00" CC="00"/>
						<SP ID="P12_SP00813" HPOS="1912" VPOS="1585" WIDTH="19"/>
						<String ID="word000842" HPOS="1931" VPOS="1550" WIDTH="66" HEIGHT="25" CONTENT="our" WC="1.00" CC="000"/>
						<SP ID="P12_SP00814" HPOS="1997" VPOS="1585" WIDTH="19"/>
						<String ID="word000843" HPOS="2016" VPOS="1537" WIDTH="167" HEIGHT="38" CONTENT="foresail," WC="0.93" CC="011120010"/>
						<SP ID="P12_SP00815" HPOS="2183" VPOS="1585" WIDTH="13"/>
						<String ID="word000844" HPOS="2196" VPOS="1532" WIDTH="71" HEIGHT="37" CONTENT="and" WC="0.85" CC="220"/>
						<SP ID="P12_SP00816" HPOS="2267" VPOS="1585" WIDTH="19"/>
						<String ID="word000845" HPOS="2285" VPOS="1530" WIDTH="60" HEIGHT="35" CONTENT="the" WC="1.00" CC="000"/>
						<SP ID="P12_SP00817" HPOS="2346" VPOS="1585" WIDTH="18"/>
						<String ID="word000846" HPOS="2363" VPOS="1538" WIDTH="79" HEIGHT="33" CONTENT="rags" WC="0.92" CC="0120"/>
						<SP ID="P12_SP00818" HPOS="2443" VPOS="1585" WIDTH="14"/>
						<String ID="word000847" HPOS="2457" VPOS="1525" WIDTH="44" HEIGHT="35" CONTENT="of" WC="0.89" CC="20"/>
						<SP ID="P12_SP00819" HPOS="2500" VPOS="1585" WIDTH="8"/>
						<String ID="word000848" HPOS="2509" VPOS="1534" WIDTH="70" HEIGHT="25" CONTENT="our" WC="1.00" CC="000"/>
						<SP ID="P12_SP00820" HPOS="2578" VPOS="1585" WIDTH="18"/>
						<String ID="word000849" HPOS="2596" VPOS="1521" WIDTH="184" HEIGHT="40" CONTENT="mainsail." WC="0.78" CC="213323130"/>
						<SP ID="P12_SP00821" HPOS="2780" VPOS="1585" WIDTH="0"/>
					</TextLine>
					<TextLine ID="P12_TL00094" HPOS="1604" VPOS="1569" WIDTH="1290" HEIGHT="64">
						<String ID="word000850" HPOS="1604" VPOS="1585" WIDTH="80" HEIGHT="47" CONTENT="the" WC="0.78" CC="420"/>
						<SP ID="P12_SP00822" HPOS="1684" VPOS="1632" WIDTH="20"/>
						<String ID="word000851" HPOS="1704" VPOS="1590" WIDTH="152" HEIGHT="38" CONTENT="number" WC="0.78" CC="533100"/>
						<SP ID="P12_SP00823" HPOS="1857" VPOS="1632" WIDTH="14"/>
						<String ID="word000852" HPOS="1871" VPOS="1590" WIDTH="46" HEIGHT="35" CONTENT="of" WC="0.83" CC="30"/>
						<SP ID="P12_SP00824" HPOS="1917" VPOS="1632" WIDTH="11"/>
						<String ID="word000853" HPOS="1928" VPOS="1587" WIDTH="157" HEIGHT="39" CONTENT="officers," WC="0.79" CC="146400011"/>
						<SP ID="P12_SP00825" HPOS="2085" VPOS="1632" WIDTH="19"/>
						<String ID="word000854" HPOS="2104" VPOS="1577" WIDTH="157" HEIGHT="44" CONTENT="seamen," WC="0.86" CC="0100026"/>
						<SP ID="P12_SP00826" HPOS="2261" VPOS="1632" WIDTH="20"/>
						<String ID="word000855" HPOS="2281" VPOS="1577" WIDTH="69" HEIGHT="34" CONTENT="and" WC="0.78" CC="231"/>
						<SP ID="P12_SP00827" HPOS="2349" VPOS="1632" WIDTH="20"/>
						<String ID="word000856" HPOS="2369" VPOS="1572" WIDTH="157" HEIGHT="38" CONTENT="marines" WC="0.70" CC="2323225" STYLEREFS="TXT_1"/>
						<SP ID="P12_SP00828" HPOS="2526" VPOS="1632" WIDTH="19"/>
						<String ID="word000857" HPOS="2545" VPOS="1573" WIDTH="69" HEIGHT="32" CONTENT="lost" WC="0.92" CC="3000"/>
						<SP ID="P12_SP00829" HPOS="2614" VPOS="1632" WIDTH="19"/>
						<String ID="word000858" HPOS="2633" VPOS="1580" WIDTH="46" HEIGHT="24" CONTENT="on" WC="0.94" CC="10"/>
						<SP ID="P12_SP00830" HPOS="2679" VPOS="1632" WIDTH="19"/>
						<String ID="word000859" HPOS="2698" VPOS="1569" WIDTH="73" HEIGHT="34" CONTENT="this" WC="0.75" CC="0432"/>
						<SP ID="P12_SP00831" HPOS="2771" VPOS="1632" WIDTH="12"/>
						<String ID="word000860" HPOS="2783" VPOS="1577" WIDTH="90" HEIGHT="27" CONTENT="(Kea" SUBS_TYPE="HypPart1" SUBS_CONTENT="(Keasinn" WC="0.64" CC="7430"/>
						<HYP HPOS="2872" VPOS="1577" WIDTH="21" CONTENT="-"/>
					</TextLine>
					<TextLine ID="P12_TL00095" HPOS="1556" VPOS="1615" WIDTH="1341" HEIGHT="65">
						<String ID="word000861" HPOS="1556" VPOS="1642" WIDTH="78" HEIGHT="34" CONTENT="sinn" SUBS_TYPE="HypPart2" SUBS_CONTENT="(Keasinn" WC="0.39" CC="5584"/>
						<SP ID="P12_SP00832" HPOS="1633" VPOS="1676" WIDTH="19"/>
						<String ID="word000862" HPOS="1652" VPOS="1649" WIDTH="37" HEIGHT="31" CONTENT="to" WC="1.00" CC="00"/>
						<SP ID="P12_SP00833" HPOS="1689" VPOS="1680" WIDTH="18"/>
						<String ID="word000863" HPOS="1707" VPOS="1639" WIDTH="117" HEIGHT="35" CONTENT="*their" WC="0.80" CC="821000"/>
						<SP ID="P12_SP00834" HPOS="1824" VPOS="1680" WIDTH="32"/>
						<String ID="word000864" HPOS="1856" VPOS="1642" WIDTH="155" HEIGHT="37" CONTENT="country" WC="0.98" CC="0001000"/>
						<SP ID="P12_SP00835" HPOS="2010" VPOS="1680" WIDTH="20"/>
						<String ID="word000865" HPOS="2030" VPOS="1631" WIDTH="74" HEIGHT="37" CONTENT="and" WC="0.93" CC="002"/>
						<SP ID="P12_SP00836" HPOS="2105" VPOS="1680" WIDTH="13"/>
						<String ID="word000866" HPOS="2118" VPOS="1630" WIDTH="98" HEIGHT="34" CONTENT="their" WC="0.98" CC="00100"/>
						<SP ID="P12_SP00837" HPOS="2216" VPOS="1680" WIDTH="37"/>
						<String ID="word000867" HPOS="2252" VPOS="1623" WIDTH="133" HEIGHT="41" CONTENT="riends," WC="0.75" CC="3222232"/>
						<SP ID="P12_SP00838" HPOS="2386" VPOS="1680" WIDTH="25"/>
						<String ID="word000868" HPOS="2411" VPOS="1632" WIDTH="66" HEIGHT="24" CONTENT="are" WC="0.96" CC="001"/>
						<SP ID="P12_SP00839" HPOS="2477" VPOS="1680" WIDTH="18"/>
						<String ID="word000869" HPOS="2494" VPOS="1620" WIDTH="50" HEIGHT="43" CONTENT="by" WC="1.00" CC="00"/>
						<SP ID="P12_SP00840" HPOS="2544" VPOS="1680" WIDTH="19"/>
						<String ID="word000870" HPOS="2563" VPOS="1630" WIDTH="45" HEIGHT="24" CONTENT="no" WC="0.94" CC="01"/>
						<SP ID="P12_SP00841" HPOS="2608" VPOS="1680" WIDTH="33"/>
						<String ID="word000871" HPOS="2641" VPOS="1626" WIDTH="119" HEIGHT="25" CONTENT="means" WC="0.95" CC="20000"/>
						<SP ID="P12_SP00842" HPOS="2760" VPOS="1680" WIDTH="18"/>
						<String ID="word000872" HPOS="2778" VPOS="1615" WIDTH="99" HEIGHT="35" CONTENT="consi" SUBS_TYPE="HypPart1" SUBS_CONTENT="consideta'Sle,," WC="0.87" CC="10011"/>
						<HYP HPOS="2877" VPOS="1615" WIDTH="19" CONTENT="-"/>
					</TextLine>
					<TextLine ID="P12_TL00096" HPOS="1557" VPOS="1665" WIDTH="1342" HEIGHT="66">
						<String ID="word000873" HPOS="1557" VPOS="1687" WIDTH="174" HEIGHT="44" CONTENT="deta'Sle,," SUBS_TYPE="HypPart2" SUBS_CONTENT="consideta'Sle,," WC="0.35" CC="5788776316"/>
						<SP ID="P12_SP00843" HPOS="1730" VPOS="1730" WIDTH="22"/>
						<String ID="word000874" HPOS="1753" VPOS="1687" WIDTH="104" HEIGHT="34" CONTENT="when" WC="0.58" CC="6351"/>
						<SP ID="P12_SP00844" HPOS="1857" VPOS="1730" WIDTH="30"/>
						<String ID="word000875" HPOS="1886" VPOS="1681" WIDTH="197" HEIGHT="48" CONTENT="compared" WC="0.85" CC="01321031"/>
						<SP ID="P12_SP00845" HPOS="2083" VPOS="1730" WIDTH="31"/>
						<String ID="word000876" HPOS="2114" VPOS="1676" WIDTH="91" HEIGHT="35" CONTENT="with" WC="0.72" CC="1342"/>
						<SP ID="P12_SP00846" HPOS="2205" VPOS="1730" WIDTH="22"/>
						<String ID="word000877" HPOS="2228" VPOS="1676" WIDTH="64" HEIGHT="47" CONTENT="the" WC="0.96" CC="001"/>
						<SP ID="P12_SP00847" HPOS="2291" VPOS="1730" WIDTH="19"/>
						<String ID="word000878" HPOS="2310" VPOS="1669" WIDTH="167" HEIGHT="41" CONTENT="dreadful" WC="0.97" CC="00020000"/>
						<SP ID="P12_SP00848" HPOS="2477" VPOS="1730" WIDTH="31"/>
						<String ID="word000879" HPOS="2507" VPOS="1669" WIDTH="73" HEIGHT="33" CONTENT="loss" WC="0.97" CC="1000"/>
						<SP ID="P12_SP00849" HPOS="2581" VPOS="1730" WIDTH="18"/>
						<String ID="word000880" HPOS="2598" VPOS="1665" WIDTH="47" HEIGHT="33" CONTENT="or" WC="0.83" CC="12"/>
						<SP ID="P12_SP00850" HPOS="2646" VPOS="1730" WIDTH="20"/>
						<String ID="word000881" HPOS="2666" VPOS="1665" WIDTH="63" HEIGHT="34" CONTENT="the" WC="1.00" CC="000"/>
						<SP ID="P12_SP00851" HPOS="2728" VPOS="1730" WIDTH="21"/>
						<String ID="word000882" HPOS="2750" VPOS="1674" WIDTH="149" HEIGHT="32" CONTENT="enemy," WC="0.93" CC="000004"/>
						<SP ID="P12_SP00852" HPOS="2898" VPOS="1730" WIDTH="0"/>
					</TextLine>
					<TextLine ID="P12_TL00097" HPOS="1741" VPOS="1710" WIDTH="1158" HEIGHT="58">
						<String ID="word000883" HPOS="1741" VPOS="1730" WIDTH="102" HEIGHT="38" CONTENT="shall" WC="0.62" CC="22256"/>
						<SP ID="P12_SP00853" HPOS="1843" VPOS="1768" WIDTH="27"/>
						<String ID="word000884" HPOS="1870" VPOS="1728" WIDTH="184" HEIGHT="38" CONTENT="hereafter" WC="0.80" CC="040511140"/>
						<SP ID="P12_SP00854" HPOS="2054" VPOS="1768" WIDTH="28"/>
						<String ID="word000885" HPOS="2082" VPOS="1722" WIDTH="125" HEIGHT="38" CONTENT="relate." WC="0.62" CC="2453352"/>
						<SP ID="P12_SP00855" HPOS="2207" VPOS="1768" WIDTH="53"/>
						<String ID="word000886" HPOS="2261" VPOS="1716" WIDTH="80" HEIGHT="38" CONTENT="The" WC="1.00" CC="000"/>
						<SP ID="P12_SP00856" HPOS="2341" VPOS="1768" WIDTH="18"/>
						<String ID="word000887" HPOS="2359" VPOS="1720" WIDTH="72" HEIGHT="32" CONTENT="loss" WC="0.97" CC="0001"/>
						<SP ID="P12_SP00857" HPOS="2431" VPOS="1768" WIDTH="17"/>
						<String ID="word000888" HPOS="2447" VPOS="1727" WIDTH="47" HEIGHT="22" CONTENT="on" WC="1.00" CC="00"/>
						<SP ID="P12_SP00858" HPOS="2494" VPOS="1768" WIDTH="17"/>
						<String ID="word000889" HPOS="2511" VPOS="1714" WIDTH="119" HEIGHT="34" CONTENT="hoard" WC="0.89" CC="50000"/>
						<SP ID="P12_SP00859" HPOS="2630" VPOS="1768" WIDTH="21"/>
						<String ID="word000890" HPOS="2652" VPOS="1711" WIDTH="60" HEIGHT="35" CONTENT="the" WC="1.00" CC="000"/>
						<SP ID="P12_SP00860" HPOS="2712" VPOS="1768" WIDTH="20"/>
						<String ID="word000891" HPOS="2732" VPOS="1710" WIDTH="167" HEIGHT="35" CONTENT="Iloratia" WC="0.57" CC="55533343"/>
						<SP ID="P12_SP00861" HPOS="2898" VPOS="1768" WIDTH="0"/>
					</TextLine>
					<TextLine ID="P12_TL00098" HPOS="1558" VPOS="1760" WIDTH="1339" HEIGHT="66">
						<String ID="word000892" HPOS="1558" VPOS="1786" WIDTH="149" HEIGHT="40" CONTENT="consists" WC="0.94" CC="00101200"/>
						<SP ID="P12_SP00862" HPOS="1707" VPOS="1826" WIDTH="33"/>
						<String ID="word000893" HPOS="1740" VPOS="1782" WIDTH="43" HEIGHT="34" CONTENT="of" WC="1.00" CC="00"/>
						<SP ID="P12_SP00863" HPOS="1782" VPOS="1826" WIDTH="33"/>
						<String ID="word000894" HPOS="1815" VPOS="1781" WIDTH="73" HEIGHT="34" CONTENT=";lir." WC="0.71" CC="56101"/>
						<SP ID="P12_SP00864" HPOS="1889" VPOS="1826" WIDTH="30"/>
						<String ID="word000895" HPOS="1918" VPOS="1780" WIDTH="146" HEIGHT="39" CONTENT="George" WC="0.65" CC="114481" STYLEREFS="TXT_6"/>
						<SP ID="P12_SP00865" HPOS="2065" VPOS="1826" WIDTH="31"/>
						<String ID="word000896" HPOS="2095" VPOS="1775" WIDTH="152" HEIGHT="34" CONTENT="Grunter," WC="0.64" CC="68710301"/>
						<SP ID="P12_SP00866" HPOS="2248" VPOS="1826" WIDTH="33"/>
						<String ID="word000897" HPOS="2281" VPOS="1767" WIDTH="262" HEIGHT="43" CONTENT="midshipman," WC="0.74" CC="11034016163"/>
						<SP ID="P12_SP00867" HPOS="2543" VPOS="1826" WIDTH="31"/>
						<String ID="word000898" HPOS="2574" VPOS="1761" WIDTH="69" HEIGHT="41" CONTENT="awl" WC="0.59" CC="164"/>
						<SP ID="P12_SP00868" HPOS="2642" VPOS="1826" WIDTH="30"/>
						<String ID="word000899" HPOS="2672" VPOS="1760" WIDTH="59" HEIGHT="39" CONTENT="six" WC="0.85" CC="130"/>
						<SP ID="P12_SP00869" HPOS="2731" VPOS="1826" WIDTH="24"/>
						<String ID="word000900" HPOS="2754" VPOS="1767" WIDTH="143" HEIGHT="27" CONTENT="seamen" WC="0.91" CC="100301"/>
						<SP ID="P12_SP00870" HPOS="2897" VPOS="1826" WIDTH="0"/>
					</TextLine>
					<TextLine ID="P12_TL00099" HPOS="1560" VPOS="1806" WIDTH="1340" HEIGHT="67">
						<String ID="word000901" HPOS="1560" VPOS="1830" WIDTH="145" HEIGHT="43" CONTENT="killed;" WC="0.40" CC="6666662" STYLEREFS="TXT_1"/>
						<SP ID="P12_SP00871" HPOS="1706" VPOS="1872" WIDTH="47"/>
						<String ID="word000902" HPOS="1753" VPOS="1831" WIDTH="73" HEIGHT="35" CONTENT="Mr." WC="0.85" CC="301"/>
						<SP ID="P12_SP00872" HPOS="1826" VPOS="1872" WIDTH="24"/>
						<String ID="word000903" HPOS="1850" VPOS="1826" WIDTH="164" HEIGHT="38" CONTENT="Andrew." WC="0.89" CC="1100005"/>
						<SP ID="P12_SP00873" HPOS="2014" VPOS="1872" WIDTH="30"/>
						<String ID="word000904" HPOS="2043" VPOS="1820" WIDTH="117" HEIGHT="41" CONTENT="Lock," WC="0.91" CC="10300"/>
						<SP ID="P12_SP00874" HPOS="2160" VPOS="1872" WIDTH="27"/>
						<String ID="word000905" HPOS="2187" VPOS="1814" WIDTH="226" HEIGHT="40" CONTENT="boatswain," WC="0.81" CC="3410400032"/>
						<SP ID="P12_SP00875" HPOS="2413" VPOS="1872" WIDTH="33"/>
						<String ID="word000906" HPOS="2446" VPOS="1811" WIDTH="72" HEIGHT="34" CONTENT="and" WC="0.96" CC="100"/>
						<SP ID="P12_SP00876" HPOS="2518" VPOS="1872" WIDTH="41"/>
						<String ID="word000907" HPOS="2559" VPOS="1808" WIDTH="136" HEIGHT="34" CONTENT="twelve" WC="0.96" CC="010001"/>
						<SP ID="P12_SP00877" HPOS="2695" VPOS="1872" WIDTH="34"/>
						<String ID="word000908" HPOS="2730" VPOS="1806" WIDTH="170" HEIGHT="41" CONTENT="*seaman," WC="0.61" CC="73113436"/>
						<SP ID="P12_SP00878" HPOS="2900" VPOS="1872" WIDTH="0"/>
					</TextLine>
					<TextLine ID="P12_TL00100" HPOS="1563" VPOS="1852" WIDTH="1336" HEIGHT="70">
						<String ID="word000909" HPOS="1563" VPOS="1880" WIDTH="111" HEIGHT="41" CONTENT="badly" WC="0.76" CC="33113"/>
						<SP ID="P12_SP00879" HPOS="1674" VPOS="1922" WIDTH="18"/>
						<String ID="word000910" HPOS="1691" VPOS="1877" WIDTH="175" HEIGHT="35" CONTENT="wounded" WC="0.94" CC="1001002"/>
						<SP ID="P12_SP00880" HPOS="1866" VPOS="1922" WIDTH="15"/>
						<String ID="word000911" HPOS="1881" VPOS="1889" WIDTH="9" HEIGHT="26" CONTENT=";" WC="1.00" CC="0"/>
						<SP ID="P12_SP00881" HPOS="1891" VPOS="1922" WIDTH="31"/>
						<String ID="word000912" HPOS="1922" VPOS="1867" WIDTH="217" HEIGHT="41" CONTENT="Lieutenant" WC="0.78" CC="3117150110"/>
						<SP ID="P12_SP00882" HPOS="2139" VPOS="1922" WIDTH="30"/>
						<String ID="word000913" HPOS="2169" VPOS="1861" WIDTH="163" HEIGHT="43" CONTENT="Richard" WC="0.59" CC="4457501"/>
						<SP ID="P12_SP00883" HPOS="2331" VPOS="1922" WIDTH="34"/>
						<String ID="word000914" HPOS="2366" VPOS="1858" WIDTH="208" HEIGHT="43" CONTENT="DlakeneY," WC="0.44" CC="864335574"/>
						<SP ID="P12_SP00884" HPOS="2574" VPOS="1922" WIDTH="32"/>
						<String ID="word000915" HPOS="2606" VPOS="1854" WIDTH="43" HEIGHT="37" CONTENT="of" WC="0.83" CC="30"/>
						<SP ID="P12_SP00885" HPOS="2648" VPOS="1922" WIDTH="31"/>
						<String ID="word000916" HPOS="2679" VPOS="1852" WIDTH="60" HEIGHT="35" CONTENT="the" WC="0.78" CC="150"/>
						<SP ID="P12_SP00886" HPOS="2739" VPOS="1922" WIDTH="34"/>
						<String ID="word000917" HPOS="2773" VPOS="1852" WIDTH="89" HEIGHT="43" CONTENT="110,Y" WC="0.17" CC="88887"/>
						<String ID="word000918" HPOS="2862" VPOS="1852" WIDTH="37" HEIGHT="43" CONTENT="11" STYLE="superscript" WC="0.17" CC="85"/>
						<SP ID="P12_SP00887" HPOS="2898" VPOS="1922" WIDTH="0"/>
					</TextLine>
					<TextLine ID="P12_TL00101" HPOS="1565" VPOS="1897" WIDTH="1338" HEIGHT="76">
						<String ID="word000919" HPOS="1565" VPOS="1928" WIDTH="177" HEIGHT="45" CONTENT="Marines," WC="0.86" CC="10001026"/>
						<SP ID="P12_SP00888" HPOS="1742" VPOS="1972" WIDTH="31"/>
						<String ID="word000920" HPOS="1773" VPOS="1925" WIDTH="90" HEIGHT="34" CONTENT="Mr.." WC="0.75" CC="0126"/>
						<SP ID="P12_SP00889" HPOS="1863" VPOS="1972" WIDTH="20"/>
						<String ID="word000921" HPOS="1883" VPOS="1923" WIDTH="144" HEIGHT="34" CONTENT="Robert" WC="0.96" CC="101000"/>
						<SP ID="P12_SP00890" HPOS="2027" VPOS="1972" WIDTH="33"/>
						<String ID="word000922" HPOS="2060" VPOS="1915" WIDTH="117" HEIGHT="47" CONTENT="King," WC="0.78" CC="51112"/>
						<SP ID="P12_SP00891" HPOS="2177" VPOS="1972" WIDTH="30"/>
						<String ID="word000923" HPOS="2206" VPOS="1907" WIDTH="165" HEIGHT="43" CONTENT="waster's" WC="0.78" CC="53301013" STYLEREFS="TXT_1"/>
						<String ID="word000924" HPOS="2375" VPOS="1910" WIDTH="21" HEIGHT="37" CONTENT="-" STYLE="superscript" WC="0.63" CC="2" STYLEREFS="TXT_1"/>
						<String ID="word000925" HPOS="2396" VPOS="1910" WIDTH="44" HEIGHT="37" CONTENT="ma" WC="0.63" CC="05" STYLEREFS="TXT_1"/>
						<String ID="word000926" HPOS="2440" VPOS="1910" WIDTH="67" HEIGHT="37" CONTENT="le," STYLE="superscript" WC="0.63" CC="715" STYLEREFS="TXT_1"/>
						<SP ID="P12_SP00892" HPOS="2507" VPOS="1972" WIDTH="34"/>
						<String ID="word000927" HPOS="2542" VPOS="1905" WIDTH="58" HEIGHT="35" CONTENT="six" STYLE="superscript" WC="0.96" CC="001"/>
						<SP ID="P12_SP00893" HPOS="2600" VPOS="1972" WIDTH="32"/>
						<String ID="word000928" HPOS="2631" VPOS="1911" WIDTH="161" HEIGHT="32" CONTENT="seamen," WC="0.98" CC="0000100"/>
						<SP ID="P12_SP00894" HPOS="2792" VPOS="1972" WIDTH="37"/>
						<String ID="word000929" HPOS="2829" VPOS="1897" WIDTH="74" HEIGHT="39" CONTENT="mat" WC="0.37" CC="665"/>
						<SP ID="P12_SP00895" HPOS="2903" VPOS="1972" WIDTH="0"/>
					</TextLine>
					<TextLine ID="P12_TL00102" HPOS="1566" VPOS="1972" WIDTH="284" HEIGHT="42">
						<String ID="word000930" HPOS="1566" VPOS="1987" WIDTH="90" HEIGHT="24" CONTENT="two." WC="0.97" CC="1000"/>
						<SP ID="P12_SP00896" HPOS="1656" VPOS="2010" WIDTH="21"/>
						<String ID="word000931" HPOS="1677" VPOS="1972" WIDTH="172" HEIGHT="41" CONTENT="marines," WC="0.79" CC="21241113"/>
						<SP ID="P12_SP00897" HPOS="1850" VPOS="2014" WIDTH="0"/>
					</TextLine>
					<TextLine ID="P12_TL00103" HPOS="1874" VPOS="1945" WIDTH="1028" HEIGHT="70">
						<String ID="word000932" HPOS="1874" VPOS="1963" WIDTH="161" HEIGHT="52" CONTENT=",slightfy" WC="0.49" CC="655553354"/>
						<SP ID="P12_SP00898" HPOS="2035" VPOS="2015" WIDTH="33"/>
						<String ID="word000933" HPOS="2068" VPOS="1962" WIDTH="193" HEIGHT="38" CONTENT="wounded." WC="0.83" CC="21043101"/>
						<SP ID="P12_SP00899" HPOS="2261" VPOS="2015" WIDTH="56"/>
						<String ID="word000934" HPOS="2316" VPOS="1956" WIDTH="81" HEIGHT="38" CONTENT="The" WC="0.96" CC="001"/>
						<SP ID="P12_SP00900" HPOS="2398" VPOS="2015" WIDTH="25"/>
						<String ID="word000935" HPOS="2422" VPOS="1956" WIDTH="73" HEIGHT="33" CONTENT="loss" WC="0.89" CC="1102"/>
						<SP ID="P12_SP00901" HPOS="2496" VPOS="2015" WIDTH="19"/>
						<String ID="word000936" HPOS="2515" VPOS="1952" WIDTH="43" HEIGHT="33" CONTENT="of" WC="0.94" CC="01"/>
						<SP ID="P12_SP00902" HPOS="2557" VPOS="2015" WIDTH="14"/>
						<String ID="word000937" HPOS="2571" VPOS="1952" WIDTH="61" HEIGHT="35" CONTENT="tFe" WC="0.44" CC="555"/>
						<SP ID="P12_SP00903" HPOS="2633" VPOS="2015" WIDTH="28"/>
						<String ID="word000938" HPOS="2661" VPOS="1958" WIDTH="148" HEIGHT="34" CONTENT="enemy," WC="0.70" CC="074410"/>
						<SP ID="P12_SP00904" HPOS="2809" VPOS="2015" WIDTH="12"/>
						<String ID="word000939" HPOS="2820" VPOS="1957" WIDTH="40" HEIGHT="22" CONTENT="as" WC="1.00" CC="00"/>
						<SP ID="P12_SP00905" HPOS="2861" VPOS="2015" WIDTH="20"/>
						<String ID="word000940" HPOS="2881" VPOS="1945" WIDTH="21" HEIGHT="38" CONTENT="I" WC="0.67" CC="3"/>
						<SP ID="P12_SP00906" HPOS="2902" VPOS="2015" WIDTH="0"/>
					</TextLine>
					<TextLine ID="P12_TL00104" HPOS="1569" VPOS="1997" WIDTH="1336" HEIGHT="62">
						<String ID="word000941" HPOS="1569" VPOS="2021" WIDTH="92" HEIGHT="37" CONTENT="have" WC="0.94" CC="0200"/>
						<SP ID="P12_SP00907" HPOS="1661" VPOS="2057" WIDTH="19"/>
						<String ID="word000942" HPOS="1680" VPOS="2021" WIDTH="131" HEIGHT="34" CONTENT="before" WC="0.98" CC="100000"/>
						<SP ID="P12_SP00908" HPOS="1811" VPOS="2057" WIDTH="20"/>
						<String ID="word000943" HPOS="1831" VPOS="2017" WIDTH="133" HEIGHT="41" CONTENT="stated," WC="0.98" CC="1000000"/>
						<SP ID="P12_SP00909" HPOS="1964" VPOS="2059" WIDTH="19"/>
						<String ID="word000944" HPOS="1983" VPOS="2023" WIDTH="76" HEIGHT="27" CONTENT="was" WC="0.96" CC="010"/>
						<SP ID="P12_SP00910" HPOS="2059" VPOS="2059" WIDTH="13"/>
						<String ID="word000945" HPOS="2072" VPOS="2015" WIDTH="51" HEIGHT="33" CONTENT="all" WC="1.00" CC="000"/>
						<SP ID="P12_SP00911" HPOS="2122" VPOS="2059" WIDTH="19"/>
						<String ID="word000946" HPOS="2141" VPOS="2011" WIDTH="65" HEIGHT="37" CONTENT="her" WC="0.56" CC="453"/>
						<SP ID="P12_SP00912" HPOS="2206" VPOS="2059" WIDTH="22"/>
						<String ID="word000947" HPOS="2229" VPOS="2007" WIDTH="117" HEIGHT="35" CONTENT="lower" WC="0.89" CC="50000"/>
						<SP ID="P12_SP00913" HPOS="2346" VPOS="2059" WIDTH="18"/>
						<String ID="word000948" HPOS="2363" VPOS="2006" WIDTH="92" HEIGHT="33" CONTENT="mast" WC="0.97" CC="1000"/>
						<SP ID="P12_SP00914" HPOS="2456" VPOS="2059" WIDTH="14"/>
						<String ID="word000949" HPOS="2470" VPOS="2014" WIDTH="13" HEIGHT="27" CONTENT=";" WC="1.00" CC="0"/>
						<SP ID="P12_SP00915" HPOS="2483" VPOS="2059" WIDTH="30"/>
						<String ID="word000950" HPOS="2512" VPOS="2001" WIDTH="64" HEIGHT="33" CONTENT="her" WC="0.96" CC="010"/>
						<SP ID="P12_SP00916" HPOS="2576" VPOS="2059" WIDTH="18"/>
						<String ID="word000951" HPOS="2594" VPOS="1997" WIDTH="78" HEIGHT="35" CONTENT="hull" WC="0.97" CC="0001"/>
						<SP ID="P12_SP00917" HPOS="2672" VPOS="2059" WIDTH="20"/>
						<String ID="word000952" HPOS="2692" VPOS="2003" WIDTH="92" HEIGHT="27" CONTENT="most" WC="1.00" CC="0000"/>
						<SP ID="P12_SP00918" HPOS="2784" VPOS="2059" WIDTH="20"/>
						<String ID="word000953" HPOS="2804" VPOS="2007" WIDTH="28" HEIGHT="21" CONTENT="is" WC="0.22" CC="77"/>
						<SP ID="P12_SP00919" HPOS="2832" VPOS="2059" WIDTH="9"/>
						<String ID="word000954" HPOS="2842" VPOS="2004" WIDTH="43" HEIGHT="24" CONTENT="on" SUBS_TYPE="HypPart1" SUBS_CONTENT="onderfaily." WC="0.85" CC="02"/>
						<HYP HPOS="2884" VPOS="2004" WIDTH="20" CONTENT="-"/>
					</TextLine>
					<TextLine ID="P12_TL00105" HPOS="1567" VPOS="2044" WIDTH="1352" HEIGHT="71">
						<String ID="word000955" HPOS="1567" VPOS="2070" WIDTH="169" HEIGHT="43" CONTENT="derfaily." SUBS_TYPE="HypPart2" SUBS_CONTENT="onderfaily." WC="0.42" CC="555385556"/>
						<SP ID="P12_SP00920" HPOS="1736" VPOS="2113" WIDTH="13"/>
						<String ID="word000956" HPOS="1749" VPOS="2074" WIDTH="61" HEIGHT="27" CONTENT="cut" WC="1.00" CC="000"/>
						<SP ID="P12_SP00921" HPOS="1811" VPOS="2113" WIDTH="19"/>
						<String ID="word000957" HPOS="1830" VPOS="2078" WIDTH="64" HEIGHT="37" CONTENT="up," WC="0.96" CC="001"/>
						<SP ID="P12_SP00922" HPOS="1893" VPOS="2114" WIDTH="18"/>
						<String ID="word000958" HPOS="1911" VPOS="2063" WIDTH="168" HEIGHT="43" CONTENT="making," WC="0.97" CC="0101000"/>
						<SP ID="P12_SP00923" HPOS="2079" VPOS="2114" WIDTH="33"/>
						<String ID="word000959" HPOS="2112" VPOS="2061" WIDTH="34" HEIGHT="32" CONTENT="in" WC="0.94" CC="01"/>
						<SP ID="P12_SP00924" HPOS="2146" VPOS="2114" WIDTH="19"/>
						<String ID="word000960" HPOS="2165" VPOS="2052" WIDTH="262" HEIGHT="48" CONTENT="consequence," WC="0.81" CC="012111303351"/>
						<SP ID="P12_SP00925" HPOS="2427" VPOS="2114" WIDTH="17"/>
						<String ID="word000961" HPOS="2444" VPOS="2060" WIDTH="25" HEIGHT="25" CONTENT="a" WC="1.00" CC="0"/>
						<SP ID="P12_SP00926" HPOS="2469" VPOS="2114" WIDTH="14"/>
						<String ID="word000962" HPOS="2483" VPOS="2053" WIDTH="109" HEIGHT="43" CONTENT="great" WC="1.00" CC="00000" STYLEREFS="TXT_6"/>
						<SP ID="P12_SP00927" HPOS="2591" VPOS="2114" WIDTH="15"/>
						<String ID="word000963" HPOS="2607" VPOS="2047" WIDTH="85" HEIGHT="37" CONTENT="deal" WC="0.81" CC="1015"/>
						<SP ID="P12_SP00928" HPOS="2692" VPOS="2114" WIDTH="19"/>
						<String ID="word000964" HPOS="2711" VPOS="2044" WIDTH="44" HEIGHT="33" CONTENT="of" WC="0.94" CC="10"/>
						<SP ID="P12_SP00929" HPOS="2754" VPOS="2114" WIDTH="17"/>
						<String ID="word000965" HPOS="2771" VPOS="2049" WIDTH="128" HEIGHT="33" CONTENT="watery" SUBS_TYPE="HypPart1" SUBS_CONTENT="wateryuntil" WC="0.69" CC="311327"/>
						<HYP HPOS="2898" VPOS="2049" WIDTH="21" CONTENT="-"/>
					</TextLine>
					<TextLine ID="P12_TL00106" HPOS="1570" VPOS="2106" WIDTH="702" HEIGHT="46">
						<String ID="word000966" HPOS="1570" VPOS="2119" WIDTH="91" HEIGHT="33" CONTENT="until" SUBS_TYPE="HypPart2" SUBS_CONTENT="wateryuntil" WC="0.84" CC="50002"/>
						<SP ID="P12_SP00930" HPOS="1661" VPOS="2152" WIDTH="20"/>
						<String ID="word000967" HPOS="1681" VPOS="2117" WIDTH="64" HEIGHT="35" CONTENT="the" WC="0.89" CC="003"/>
						<String ID="word000968" HPOS="1753" VPOS="2113" WIDTH="17" HEIGHT="35" CONTENT="-" STYLE="superscript" WC="0.78" CC="7"/>
						<String ID="word000969" HPOS="1769" VPOS="2112" WIDTH="197" HEIGHT="37" CONTENT="shot-holes" WC="0.82" CC="1002301103"/>
						<SP ID="P12_SP00931" HPOS="1967" VPOS="2152" WIDTH="18"/>
						<String ID="word000970" HPOS="1984" VPOS="2119" WIDTH="97" HEIGHT="25" CONTENT="were" WC="0.94" CC="1001"/>
						<SP ID="P12_SP00932" HPOS="2081" VPOS="2152" WIDTH="19"/>
						<String ID="word000971" HPOS="2100" VPOS="2106" WIDTH="171" HEIGHT="44" CONTENT="stopped." WC="0.81" CC="21124211"/>
						<SP ID="P12_SP00933" HPOS="2271" VPOS="2152" WIDTH="0"/>
					</TextLine>
					<TextLine ID="P12_TL00107" HPOS="1619" VPOS="2135" WIDTH="1286" HEIGHT="65">
						<String ID="word000972" HPOS="1619" VPOS="2165" WIDTH="80" HEIGHT="35" CONTENT="The" WC="0.56" CC="345"/>
						<SP ID="P12_SP00934" HPOS="1700" VPOS="2200" WIDTH="15"/>
						<String ID="word000973" HPOS="1715" VPOS="2165" WIDTH="72" HEIGHT="34" CONTENT="loss" WC="0.92" CC="1101"/>
						<SP ID="P12_SP00935" HPOS="1787" VPOS="2200" WIDTH="27"/>
						<String ID="word000974" HPOS="1814" VPOS="2163" WIDTH="35" HEIGHT="37" CONTENT="in" WC="0.94" CC="10"/>
						<SP ID="P12_SP00936" HPOS="1850" VPOS="2200" WIDTH="25"/>
						<String ID="word000975" HPOS="1874" VPOS="2159" WIDTH="117" HEIGHT="38" CONTENT="killed" WC="0.93" CC="300100"/>
						<SP ID="P12_SP00937" HPOS="1991" VPOS="2200" WIDTH="21"/>
						<String ID="word000976" HPOS="2013" VPOS="2158" WIDTH="71" HEIGHT="34" CONTENT="and" WC="0.78" CC="141"/>
						<SP ID="P12_SP00938" HPOS="2083" VPOS="2200" WIDTH="21"/>
						<String ID="word000977" HPOS="2105" VPOS="2152" WIDTH="177" HEIGHT="37" CONTENT="wounded" WC="0.90" CC="0011400"/>
						<SP ID="P12_SP00939" HPOS="2282" VPOS="2200" WIDTH="20"/>
						<String ID="word000978" HPOS="2302" VPOS="2145" WIDTH="198" HEIGHT="51" CONTENT="amounted" WC="0.85" CC="01004042"/>
						<SP ID="P12_SP00940" HPOS="2500" VPOS="2200" WIDTH="15"/>
						<String ID="word000979" HPOS="2516" VPOS="2147" WIDTH="35" HEIGHT="28" CONTENT="to" WC="0.89" CC="02"/>
						<SP ID="P12_SP00941" HPOS="2551" VPOS="2200" WIDTH="17"/>
						<String ID="word000980" HPOS="2568" VPOS="2152" WIDTH="66" HEIGHT="24" CONTENT="one" WC="1.00" CC="000"/>
						<SP ID="P12_SP00942" HPOS="2634" VPOS="2200" WIDTH="21"/>
						<String ID="word000981" HPOS="2655" VPOS="2138" WIDTH="162" HEIGHT="37" CONTENT="hundred" WC="0.73" CC="2252222"/>
						<SP ID="P12_SP00943" HPOS="2817" VPOS="2200" WIDTH="18"/>
						<String ID="word000982" HPOS="2835" VPOS="2135" WIDTH="70" HEIGHT="35" CONTENT="and" WC="0.93" CC="020"/>
						<SP ID="P12_SP00944" HPOS="2904" VPOS="2200" WIDTH="0"/>
					</TextLine>
					<TextLine ID="P12_TL00108" HPOS="1573" VPOS="2185" WIDTH="1335" HEIGHT="72">
						<String ID="word000983" HPOS="1573" VPOS="2213" WIDTH="132" HEIGHT="44" CONTENT="thirty." WC="1.00" CC="0000000"/>
						<SP ID="P12_SP00945" HPOS="1706" VPOS="2257" WIDTH="53"/>
						<String ID="word000984" HPOS="1759" VPOS="2210" WIDTH="81" HEIGHT="37" CONTENT="The" WC="0.89" CC="003"/>
						<SP ID="P12_SP00946" HPOS="1840" VPOS="2257" WIDTH="37"/>
						<String ID="word000985" HPOS="1877" VPOS="2206" WIDTH="163" HEIGHT="45" CONTENT="Captain" WC="0.98" CC="0000001"/>
						<SP ID="P12_SP00947" HPOS="2040" VPOS="2257" WIDTH="25"/>
						<String ID="word000986" HPOS="2065" VPOS="2199" WIDTH="161" HEIGHT="48" CONTENT="expired" WC="0.98" CC="0000010"/>
						<SP ID="P12_SP00948" HPOS="2225" VPOS="2257" WIDTH="28"/>
						<String ID="word000987" HPOS="2254" VPOS="2206" WIDTH="91" HEIGHT="30" CONTENT="soon" WC="0.58" CC="1257"/>
						<SP ID="P12_SP00949" HPOS="2344" VPOS="2257" WIDTH="21"/>
						<String ID="word000988" HPOS="2366" VPOS="2193" WIDTH="99" HEIGHT="37" CONTENT="after" WC="0.95" CC="00002"/>
						<SP ID="P12_SP00950" HPOS="2465" VPOS="2257" WIDTH="20"/>
						<String ID="word000989" HPOS="2485" VPOS="2190" WIDTH="67" HEIGHT="37" CONTENT="the" WC="1.00" CC="000"/>
						<SP ID="P12_SP00951" HPOS="2552" VPOS="2257" WIDTH="26"/>
						<String ID="word000990" HPOS="2578" VPOS="2187" WIDTH="128" HEIGHT="39" CONTENT="action" WC="0.94" CC="001101"/>
						<SP ID="P12_SP00952" HPOS="2706" VPOS="2257" WIDTH="20"/>
						<String ID="word000991" HPOS="2726" VPOS="2185" WIDTH="93" HEIGHT="37" CONTENT="from" WC="0.67" CC="2253"/>
						<SP ID="P12_SP00953" HPOS="2819" VPOS="2257" WIDTH="27"/>
						<String ID="word000992" HPOS="2846" VPOS="2185" WIDTH="61" HEIGHT="34" CONTENT="the" WC="0.96" CC="001"/>
						<SP ID="P12_SP00954" HPOS="2908" VPOS="2257" WIDTH="0"/>
					</TextLine>
					<TextLine ID="P12_TL00109" HPOS="1577" VPOS="2255" WIDTH="404" HEIGHT="41">
						<String ID="word000993" HPOS="1577" VPOS="2261" WIDTH="146" HEIGHT="35" CONTENT="wounds" WC="0.59" CC="325327"/>
						<SP ID="P12_SP00955" HPOS="1723" VPOS="2296" WIDTH="15"/>
						<String ID="word000994" HPOS="1739" VPOS="2257" WIDTH="41" HEIGHT="37" CONTENT="he" WC="0.94" CC="10"/>
						<SP ID="P12_SP00956" HPOS="1780" VPOS="2296" WIDTH="20"/>
						<String ID="word000995" HPOS="1800" VPOS="2255" WIDTH="181" HEIGHT="40" CONTENT="received." WC="0.80" CC="101405401"/>
						<SP ID="P12_SP00957" HPOS="1981" VPOS="2296" WIDTH="0"/>
					</TextLine>
					<TextLine ID="P12_TL00110" HPOS="1620" VPOS="2280" WIDTH="1292" HEIGHT="69">
						<String ID="word000996" HPOS="1620" VPOS="2308" WIDTH="81" HEIGHT="35" CONTENT="The" WC="0.96" CC="001"/>
						<SP ID="P12_SP00958" HPOS="1702" VPOS="2343" WIDTH="15"/>
						<String ID="word000997" HPOS="1717" VPOS="2307" WIDTH="188" HEIGHT="41" CONTENT="gallantry" WC="0.89" CC="111011013"/>
						<SP ID="P12_SP00959" HPOS="1905" VPOS="2348" WIDTH="17"/>
						<String ID="word000998" HPOS="1922" VPOS="2301" WIDTH="72" HEIGHT="34" CONTENT=":end" WC="0.67" CC="4440"/>
						<SP ID="P12_SP00960" HPOS="1994" VPOS="2348" WIDTH="18"/>
						<String ID="word000999" HPOS="2011" VPOS="2295" WIDTH="96" HEIGHT="47" CONTENT="good" WC="0.92" CC="0300"/>
						<SP ID="P12_SP00961" HPOS="2107" VPOS="2348" WIDTH="15"/>
						<String ID="word001000" HPOS="2122" VPOS="2295" WIDTH="156" HEIGHT="38" CONTENT="conduct" WC="0.92" CC="1110110"/>
						<SP ID="P12_SP00962" HPOS="2278" VPOS="2348" WIDTH="17"/>
						<String ID="word001001" HPOS="2295" VPOS="2288" WIDTH="272" HEIGHT="53" CONTENT="oftheofficeis" WC="0.44" CC="3833548883355"/>
						<SP ID="P12_SP00963" HPOS="2567" VPOS="2348" WIDTH="17"/>
						<String ID="word001002" HPOS="2583" VPOS="2282" WIDTH="71" HEIGHT="45" CONTENT="awl" WC="0.59" CC="155" STYLEREFS="TXT_3"/>
						<SP ID="P12_SP00964" HPOS="2654" VPOS="2348" WIDTH="25"/>
						<String ID="word001003" HPOS="2679" VPOS="2280" WIDTH="116" HEIGHT="47" CONTENT="ship's" WC="0.83" CC="301023"/>
						<SP ID="P12_SP00965" HPOS="2794" VPOS="2348" WIDTH="15"/>
						<String ID="word001004" HPOS="2810" VPOS="2289" WIDTH="77" HEIGHT="25" CONTENT="com" SUBS_TYPE="HypPart1" SUBS_CONTENT="com." WC="0.75" CC="232"/>
						<HYP HPOS="2887" VPOS="2289" WIDTH="25" CONTENT="-"/>
					</TextLine>
					<TextLine ID="P12_TL00111" HPOS="2320" VPOS="2337" WIDTH="2" HEIGHT="3">
						<String ID="word001005" HPOS="2320" VPOS="2337" WIDTH="2" HEIGHT="2" CONTENT="." SUBS_TYPE="HypPart2" SUBS_CONTENT="com." WC="0.22" CC="7"/>
						<SP ID="P12_SP00966" HPOS="2322" VPOS="2340" WIDTH="0"/>
					</TextLine>
					<TextLine ID="P12_TL00112" HPOS="1577" VPOS="2327" WIDTH="1331" HEIGHT="74">
						<String ID="word001006" HPOS="1577" VPOS="2367" WIDTH="99" HEIGHT="34" CONTENT="pany" WC="0.78" CC="2222"/>
						<SP ID="P12_SP00967" HPOS="1676" VPOS="2401" WIDTH="19"/>
						<String ID="word001007" HPOS="1695" VPOS="2353" WIDTH="113" HEIGHT="35" CONTENT="under" WC="0.80" CC="43011"/>
						<SP ID="P12_SP00968" HPOS="1808" VPOS="2401" WIDTH="17"/>
						<String ID="word001008" HPOS="1825" VPOS="2362" WIDTH="60" HEIGHT="32" CONTENT="my" WC="0.44" CC="46"/>
						<SP ID="P12_SP00969" HPOS="1885" VPOS="2401" WIDTH="21"/>
						<String ID="word001009" HPOS="1906" VPOS="2346" WIDTH="206" HEIGHT="41" CONTENT="command," WC="0.68" CC="01541561"/>
						<SP ID="P12_SP00970" HPOS="2112" VPOS="2401" WIDTH="21"/>
						<String ID="word001010" HPOS="2133" VPOS="2346" WIDTH="19" HEIGHT="34" CONTENT="I" WC="0.89" CC="1"/>
						<SP ID="P12_SP00971" HPOS="2152" VPOS="2401" WIDTH="19"/>
						<String ID="word001011" HPOS="2171" VPOS="2337" WIDTH="92" HEIGHT="40" CONTENT="must" WC="0.58" CC="3372"/>
						<SP ID="P12_SP00972" HPOS="2263" VPOS="2401" WIDTH="18"/>
						<String ID="word001012" HPOS="2281" VPOS="2341" WIDTH="145" HEIGHT="39" CONTENT="always" WC="0.89" CC="112110"/>
						<SP ID="P12_SP00973" HPOS="2426" VPOS="2401" WIDTH="22"/>
						<String ID="word001013" HPOS="2448" VPOS="2333" WIDTH="208" HEIGHT="38" CONTENT="remember" WC="0.92" CC="02301000"/>
						<SP ID="P12_SP00974" HPOS="2656" VPOS="2401" WIDTH="28"/>
						<String ID="word001014" HPOS="2685" VPOS="2341" WIDTH="26" HEIGHT="20" CONTENT="w" WC="0.33" CC="6"/>
						<SP ID="P12_SP00975" HPOS="2711" VPOS="2401" WIDTH="13"/>
						<String ID="word001015" HPOS="2724" VPOS="2328" WIDTH="52" HEIGHT="34" CONTENT="ith" WC="0.78" CC="105"/>
						<SP ID="P12_SP00976" HPOS="2776" VPOS="2401" WIDTH="17"/>
						<String ID="word001016" HPOS="2792" VPOS="2327" WIDTH="97" HEIGHT="45" CONTENT="grati" SUBS_TYPE="HypPart1" SUBS_CONTENT="gratitude," WC="0.96" CC="00001"/>
						<HYP HPOS="2889" VPOS="2327" WIDTH="19" CONTENT="-"/>
					</TextLine>
					<TextLine ID="P12_TL00113" HPOS="1576" VPOS="2376" WIDTH="1266" HEIGHT="69">
						<String ID="word001017" HPOS="1576" VPOS="2404" WIDTH="99" HEIGHT="41" CONTENT="tude," SUBS_TYPE="HypPart2" SUBS_CONTENT="gratitude," WC="1.00" CC="00000"/>
						<SP ID="P12_SP00977" HPOS="1675" VPOS="2445" WIDTH="18"/>
						<String ID="word001018" HPOS="1693" VPOS="2401" WIDTH="70" HEIGHT="37" CONTENT="and" WC="0.85" CC="004"/>
						<SP ID="P12_SP00978" HPOS="1762" VPOS="2445" WIDTH="17"/>
						<String ID="word001019" HPOS="1779" VPOS="2409" WIDTH="98" HEIGHT="25" CONTENT="were" WC="0.94" CC="1010"/>
						<SP ID="P12_SP00979" HPOS="1877" VPOS="2445" WIDTH="18"/>
						<String ID="word001020" HPOS="1894" VPOS="2399" WIDTH="17" HEIGHT="33" CONTENT="I" WC="0.67" CC="3"/>
						<SP ID="P12_SP00980" HPOS="1911" VPOS="2445" WIDTH="20"/>
						<String ID="word001021" HPOS="1931" VPOS="2402" WIDTH="37" HEIGHT="28" CONTENT="to" WC="0.89" CC="20"/>
						<SP ID="P12_SP00981" HPOS="1968" VPOS="2445" WIDTH="15"/>
						<String ID="word001022" HPOS="1983" VPOS="2400" WIDTH="103" HEIGHT="31" CONTENT="enter" WC="0.98" CC="01000"/>
						<SP ID="P12_SP00982" HPOS="2086" VPOS="2445" WIDTH="11"/>
						<String ID="word001023" HPOS="2096" VPOS="2393" WIDTH="76" HEIGHT="34" CONTENT="into" WC="1.00" CC="0000"/>
						<SP ID="P12_SP00983" HPOS="2172" VPOS="2445" WIDTH="18"/>
						<String ID="word001024" HPOS="2190" VPOS="2387" WIDTH="227" HEIGHT="48" CONTENT="particulars" WC="0.98" CC="00000001001"/>
						<SP ID="P12_SP00984" HPOS="2417" VPOS="2445" WIDTH="17"/>
						<String ID="word001025" HPOS="2433" VPOS="2383" WIDTH="30" HEIGHT="33" CONTENT="it" WC="0.94" CC="10"/>
						<SP ID="P12_SP00985" HPOS="2463" VPOS="2445" WIDTH="18"/>
						<String ID="word001026" HPOS="2480" VPOS="2379" WIDTH="125" HEIGHT="37" CONTENT="would" WC="0.87" CC="50010"/>
						<SP ID="P12_SP00986" HPOS="2606" VPOS="2445" WIDTH="20"/>
						<String ID="word001027" HPOS="2626" VPOS="2380" WIDTH="44" HEIGHT="34" CONTENT="be" WC="1.00" CC="00"/>
						<SP ID="P12_SP00987" HPOS="2669" VPOS="2445" WIDTH="18"/>
						<String ID="word001028" HPOS="2687" VPOS="2376" WIDTH="155" HEIGHT="37" CONTENT="endless." WC="0.90" CC="01021120"/>
						<SP ID="P12_SP00988" HPOS="2842" VPOS="2445" WIDTH="0"/>
					</TextLine>
					<TextLine ID="P12_TL00114" HPOS="1623" VPOS="2421" WIDTH="1292" HEIGHT="70">
						<String ID="word001029" HPOS="1623" VPOS="2452" WIDTH="58" HEIGHT="33" CONTENT="To" WC="1.00" CC="00"/>
						<SP ID="P12_SP00989" HPOS="1681" VPOS="2485" WIDTH="30"/>
						<String ID="word001030" HPOS="1710" VPOS="2447" WIDTH="159" HEIGHT="44" CONTENT="Captain" WC="0.95" CC="0102000"/>
						<SP ID="P12_SP00990" HPOS="1870" VPOS="2491" WIDTH="20"/>
						<String ID="word001031" HPOS="1890" VPOS="2440" WIDTH="260" HEIGHT="50" CONTENT="Ferrie,..,yrho" WC="0.45" CC="53335568848830"/>
						<SP ID="P12_SP00991" HPOS="2150" VPOS="2491" WIDTH="32"/>
						<String ID="word001032" HPOS="2181" VPOS="2433" WIDTH="208" HEIGHT="43" CONTENT="commands" WC="0.79" CC="11312313"/>
						<SP ID="P12_SP00992" HPOS="2389" VPOS="2491" WIDTH="30"/>
						<String ID="word001033" HPOS="2419" VPOS="2431" WIDTH="65" HEIGHT="34" CONTENT="the" WC="0.96" CC="100"/>
						<SP ID="P12_SP00993" HPOS="2484" VPOS="2491" WIDTH="18"/>
						<String ID="word001034" HPOS="2502" VPOS="2427" WIDTH="85" HEIGHT="44" CONTENT="brig" WC="0.97" CC="0100"/>
						<SP ID="P12_SP00994" HPOS="2587" VPOS="2491" WIDTH="19"/>
						<String ID="word001035" HPOS="2606" VPOS="2425" WIDTH="201" HEIGHT="46" CONTENT="Superieur" WC="0.97" CC="000100001"/>
						<SP ID="P12_SP00995" HPOS="2806" VPOS="2491" WIDTH="19"/>
						<String ID="word001036" HPOS="2825" VPOS="2421" WIDTH="90" HEIGHT="44" CONTENT="(one" WC="1.00" CC="0000"/>
						<SP ID="P12_SP00996" HPOS="2915" VPOS="2491" WIDTH="0"/>
					</TextLine>
					<TextLine ID="P12_TL00115" HPOS="1578" VPOS="2470" WIDTH="1342" HEIGHT="64">
						<String ID="word001037" HPOS="1578" VPOS="2497" WIDTH="44" HEIGHT="34" CONTENT="of" WC="0.94" CC="10"/>
						<SP ID="P12_SP00997" HPOS="1622" VPOS="2531" WIDTH="26"/>
						<String ID="word001038" HPOS="1648" VPOS="2498" WIDTH="59" HEIGHT="33" CONTENT="Sir" WC="1.00" CC="000"/>
						<SP ID="P12_SP00998" HPOS="1707" VPOS="2531" WIDTH="35"/>
						<String ID="word001039" HPOS="1742" VPOS="2493" WIDTH="213" HEIGHT="40" CONTENT="Alexander" WC="0.80" CC="032421130"/>
						<SP ID="P12_SP00999" HPOS="1955" VPOS="2533" WIDTH="35"/>
						<String ID="word001040" HPOS="1990" VPOS="2484" WIDTH="226" HEIGHT="44" CONTENT="Cochrane's." WC="0.84" CC="01310111125"/>
						<SP ID="P12_SP01000" HPOS="2216" VPOS="2533" WIDTH="27"/>
						<String ID="word001041" HPOS="2243" VPOS="2478" WIDTH="222" HEIGHT="50" CONTENT="squadron)," WC="0.97" CC="0000003000"/>
						<SP ID="P12_SP01001" HPOS="2465" VPOS="2533" WIDTH="31"/>
						<String ID="word001042" HPOS="2496" VPOS="2477" WIDTH="18" HEIGHT="34" CONTENT="1" WC="0.44" CC="5"/>
						<SP ID="P12_SP01002" HPOS="2513" VPOS="2533" WIDTH="19"/>
						<String ID="word001043" HPOS="2532" VPOS="2472" WIDTH="71" HEIGHT="41" CONTENT="feel" WC="0.97" CC="0100"/>
						<SP ID="P12_SP01003" HPOS="2603" VPOS="2533" WIDTH="15"/>
						<String ID="word001044" HPOS="2619" VPOS="2471" WIDTH="104" HEIGHT="37" CONTENT="much" WC="0.89" CC="3010"/>
						<SP ID="P12_SP01004" HPOS="2722" VPOS="2533" WIDTH="20"/>
						<String ID="word001045" HPOS="2743" VPOS="2470" WIDTH="177" HEIGHT="38" CONTENT="indebted" WC="0.89" CC="11100014"/>
						<SP ID="P12_SP01005" HPOS="2920" VPOS="2533" WIDTH="0"/>
					</TextLine>
					<TextLine ID="P12_TL00116" HPOS="1578" VPOS="2516" WIDTH="1339" HEIGHT="71">
						<String ID="word001046" HPOS="1578" VPOS="2546" WIDTH="59" HEIGHT="34" CONTENT="for" WC="1.00" CC="000"/>
						<SP ID="P12_SP01006" HPOS="1637" VPOS="2581" WIDTH="18"/>
						<String ID="word001047" HPOS="1655" VPOS="2545" WIDTH="59" HEIGHT="34" CONTENT="the" WC="0.89" CC="003"/>
						<SP ID="P12_SP01007" HPOS="1714" VPOS="2581" WIDTH="19"/>
						<String ID="word001048" HPOS="1733" VPOS="2552" WIDTH="89" HEIGHT="34" CONTENT="very" WC="0.97" CC="1000"/>
						<SP ID="P12_SP01008" HPOS="1821" VPOS="2587" WIDTH="22"/>
						<String ID="word001049" HPOS="1844" VPOS="2542" WIDTH="141" HEIGHT="44" CONTENT="gallant" WC="0.94" CC="1201000"/>
						<SP ID="P12_SP01009" HPOS="1984" VPOS="2587" WIDTH="19"/>
						<String ID="word001050" HPOS="2003" VPOS="2544" WIDTH="146" HEIGHT="28" CONTENT="manner" WC="0.96" CC="101000"/>
						<SP ID="P12_SP01010" HPOS="2150" VPOS="2587" WIDTH="32"/>
						<String ID="word001051" HPOS="2181" VPOS="2529" WIDTH="46" HEIGHT="39" CONTENT="he" WC="0.72" CC="23"/>
						<SP ID="P12_SP01011" HPOS="2228" VPOS="2587" WIDTH="17"/>
						<String ID="word001052" HPOS="2244" VPOS="2525" WIDTH="184" HEIGHT="41" CONTENT="Behaved," WC="0.57" CC="75531631"/>
						<SP ID="P12_SP01012" HPOS="2428" VPOS="2587" WIDTH="25"/>
						<String ID="word001053" HPOS="2453" VPOS="2517" WIDTH="183" HEIGHT="50" CONTENT="although" WC="0.74" CC="22522222"/>
						<SP ID="P12_SP01013" HPOS="2636" VPOS="2587" WIDTH="22"/>
						<String ID="word001054" HPOS="2659" VPOS="2520" WIDTH="19" HEIGHT="35" CONTENT="I" WC="0.89" CC="1"/>
						<SP ID="P12_SP01014" HPOS="2678" VPOS="2587" WIDTH="33"/>
						<String ID="word001055" HPOS="2711" VPOS="2518" WIDTH="144" HEIGHT="41" CONTENT="believe" WC="0.82" CC="0331004"/>
						<SP ID="P12_SP01015" HPOS="2855" VPOS="2587" WIDTH="15"/>
						<String ID="word001056" HPOS="2870" VPOS="2516" WIDTH="47" HEIGHT="34" CONTENT="he." WC="0.63" CC="325"/>
						<SP ID="P12_SP01016" HPOS="2917" VPOS="2587" WIDTH="0"/>
					</TextLine>
					<TextLine ID="P12_TL00117" HPOS="1583" VPOS="2565" WIDTH="1333" HEIGHT="70">
						<String ID="word001057" HPOS="1583" VPOS="2595" WIDTH="69" HEIGHT="32" CONTENT="had" WC="0.52" CC="553"/>
						<SP ID="P12_SP01017" HPOS="1651" VPOS="2627" WIDTH="20"/>
						<String ID="word001058" HPOS="1671" VPOS="2594" WIDTH="86" HEIGHT="41" CONTENT="only" WC="0.44" CC="2657"/>
						<SP ID="P12_SP01018" HPOS="1757" VPOS="2635" WIDTH="18"/>
						<String ID="word001059" HPOS="1775" VPOS="2591" WIDTH="84" HEIGHT="37" CONTENT="four" WC="0.89" CC="0310"/>
						<SP ID="P12_SP01019" HPOS="1859" VPOS="2635" WIDTH="20"/>
						<String ID="word001060" HPOS="1879" VPOS="2588" WIDTH="103" HEIGHT="35" CONTENT="small" WC="0.95" CC="00101"/>
						<SP ID="P12_SP01020" HPOS="1982" VPOS="2635" WIDTH="21"/>
						<String ID="word001061" HPOS="2003" VPOS="2582" WIDTH="216" HEIGHT="38" CONTENT="commades" WC="0.50" CC="37555353"/>
						<SP ID="P12_SP01021" HPOS="2219" VPOS="2635" WIDTH="19"/>
						<String ID="word001062" HPOS="2238" VPOS="2590" WIDTH="46" HEIGHT="22" CONTENT="on" WC="1.00" CC="00"/>
						<SP ID="P12_SP01022" HPOS="2284" VPOS="2635" WIDTH="18"/>
						<String ID="word001063" HPOS="2302" VPOS="2575" WIDTH="117" HEIGHT="35" CONTENT="board" WC="0.87" CC="50100"/>
						<SP ID="P12_SP01023" HPOS="2419" VPOS="2635" WIDTH="15"/>
						<String ID="word001064" HPOS="2434" VPOS="2587" WIDTH="9" HEIGHT="25" CONTENT=";" WC="0.89" CC="1"/>
						<SP ID="P12_SP01024" HPOS="2444" VPOS="2635" WIDTH="27"/>
						<String ID="word001065" HPOS="2471" VPOS="2571" WIDTH="71" HEIGHT="35" CONTENT="and" WC="0.89" CC="030"/>
						<SP ID="P12_SP01025" HPOS="2542" VPOS="2635" WIDTH="19"/>
						<String ID="word001066" HPOS="2561" VPOS="2576" WIDTH="37" HEIGHT="28" CONTENT="to" WC="1.00" CC="00"/>
						<SP ID="P12_SP01026" HPOS="2597" VPOS="2635" WIDTH="19"/>
						<String ID="word001067" HPOS="2616" VPOS="2567" WIDTH="164" HEIGHT="45" CONTENT="Captain" WC="0.97" CC="0100001"/>
						<SP ID="P12_SP01027" HPOS="2780" VPOS="2635" WIDTH="20"/>
						<String ID="word001068" HPOS="2800" VPOS="2565" WIDTH="116" HEIGHT="43" CONTENT="Pigot" WC="0.93" CC="10101"/>
						<SP ID="P12_SP01028" HPOS="2916" VPOS="2635" WIDTH="0"/>
					</TextLine>
					<TextLine ID="P12_TL00118" HPOS="1584" VPOS="2610" WIDTH="1336" HEIGHT="65">
						<String ID="word001069" HPOS="1584" VPOS="2641" WIDTH="40" HEIGHT="34" CONTENT="of" WC="0.94" CC="10"/>
						<SP ID="P12_SP01029" HPOS="1624" VPOS="2675" WIDTH="31"/>
						<String ID="word001070" HPOS="1655" VPOS="2640" WIDTH="63" HEIGHT="33" CONTENT="the" WC="0.93" CC="002"/>
						<SP ID="P12_SP01030" HPOS="1717" VPOS="2675" WIDTH="21"/>
						<String ID="word001071" HPOS="1739" VPOS="2641" WIDTH="143" HEIGHT="32" CONTENT="Latnna" WC="0.61" CC="433533"/>
						<SP ID="P12_SP01031" HPOS="1881" VPOS="2675" WIDTH="19"/>
						<String ID="word001072" HPOS="1900" VPOS="2636" WIDTH="12" HEIGHT="33" CONTENT="I" WC="0.67" CC="3"/>
						<SP ID="P12_SP01032" HPOS="1912" VPOS="2675" WIDTH="38"/>
						<String ID="word001073" HPOS="1950" VPOS="2631" WIDTH="97" HEIGHT="38" CONTENT="shall" WC="0.67" CC="31443"/>
						<SP ID="P12_SP01033" HPOS="2047" VPOS="2675" WIDTH="25"/>
						<String ID="word001074" HPOS="2072" VPOS="2641" WIDTH="85" HEIGHT="28" CONTENT="ever" WC="0.89" CC="1120"/>
						<SP ID="P12_SP01034" HPOS="2157" VPOS="2675" WIDTH="17"/>
						<String ID="word001075" HPOS="2173" VPOS="2627" WIDTH="17" HEIGHT="35" CONTENT="-" STYLE="superscript" WC="0.87" CC="6"/>
						<String ID="word001076" HPOS="2190" VPOS="2627" WIDTH="67" HEIGHT="35" CONTENT="feel" WC="0.87" CC="0000"/>
						<SP ID="P12_SP01035" HPOS="2257" VPOS="2675" WIDTH="28"/>
						<String ID="word001077" HPOS="2285" VPOS="2621" WIDTH="171" HEIGHT="38" CONTENT="thankful" WC="0.97" CC="00100010"/>
						<SP ID="P12_SP01036" HPOS="2457" VPOS="2675" WIDTH="32"/>
						<String ID="word001078" HPOS="2489" VPOS="2620" WIDTH="60" HEIGHT="34" CONTENT="for" WC="0.89" CC="030"/>
						<SP ID="P12_SP01037" HPOS="2549" VPOS="2675" WIDTH="25"/>
						<String ID="word001079" HPOS="2574" VPOS="2619" WIDTH="54" HEIGHT="35" CONTENT="his" WC="0.96" CC="100"/>
						<SP ID="P12_SP01038" HPOS="2628" VPOS="2675" WIDTH="18"/>
						<String ID="word001080" HPOS="2646" VPOS="2615" WIDTH="188" HEIGHT="39" CONTENT="exertions" WC="0.85" CC="134020011"/>
						<SP ID="P12_SP01039" HPOS="2833" VPOS="2675" WIDTH="14"/>
						<String ID="word001081" HPOS="2848" VPOS="2610" WIDTH="72" HEIGHT="38" CONTENT="and," WC="0.47" CC="2557"/>
						<SP ID="P12_SP01040" HPOS="2920" VPOS="2675" WIDTH="0"/>
					</TextLine>
					<TextLine ID="P12_TL00119" HPOS="1583" VPOS="2660" WIDTH="1337" HEIGHT="72">
						<String ID="word001082" HPOS="1583" VPOS="2688" WIDTH="157" HEIGHT="44" CONTENT="activity" WC="0.71" CC="23235222"/>
						<SP ID="P12_SP01041" HPOS="1740" VPOS="2732" WIDTH="38"/>
						<String ID="word001083" HPOS="1778" VPOS="2687" WIDTH="33" HEIGHT="32" CONTENT="in" WC="1.00" CC="00"/>
						<SP ID="P12_SP01042" HPOS="1811" VPOS="2732" WIDTH="18"/>
						<String ID="word001084" HPOS="1828" VPOS="2682" WIDTH="163" HEIGHT="44" CONTENT="erecting" WC="1.00" CC="00000000"/>
						<SP ID="P12_SP01043" HPOS="1991" VPOS="2732" WIDTH="11"/>
						<String ID="word001085" HPOS="2002" VPOS="2680" WIDTH="93" HEIGHT="46" CONTENT="jury" WC="0.67" CC="2523"/>
						<SP ID="P12_SP01044" HPOS="2095" VPOS="2732" WIDTH="30"/>
						<String ID="word001086" HPOS="2125" VPOS="2674" WIDTH="126" HEIGHT="45" CONTENT="masts,;" WC="0.51" CC="3344566"/>
						<SP ID="P12_SP01045" HPOS="2251" VPOS="2732" WIDTH="26"/>
						<String ID="word001087" HPOS="2277" VPOS="2673" WIDTH="79" HEIGHT="52" CONTENT="difi" WC="0.11" CC="8888"/>
						<String ID="word001088" HPOS="2356" VPOS="2673" WIDTH="20" HEIGHT="52" CONTENT="l" STYLE="subscript" WC="0.11" CC="8"/>
						<SP ID="P12_SP01046" HPOS="2376" VPOS="2732" WIDTH="0"/>
						<String ID="word001089" HPOS="2376" VPOS="2670" WIDTH="71" HEIGHT="35" CONTENT="and" WC="0.93" CC="200"/>
						<SP ID="P12_SP01047" HPOS="2447" VPOS="2732" WIDTH="20"/>
						<String ID="word001090" HPOS="2467" VPOS="2667" WIDTH="148" HEIGHT="46" CONTENT="putting" WC="0.78" CC="1044131" STYLEREFS="TXT_1"/>
						<SP ID="P12_SP01048" HPOS="2615" VPOS="2732" WIDTH="17"/>
						<String ID="word001091" HPOS="2631" VPOS="2663" WIDTH="39" HEIGHT="37" CONTENT="th" WC="0.78" CC="13" STYLEREFS="TXT_1"/>
						<String ID="word001092" HPOS="2675" VPOS="2673" WIDTH="19" HEIGHT="25" CONTENT="e" WC="1.00" CC="0"/>
						<SP ID="P12_SP01049" HPOS="2694" VPOS="2732" WIDTH="17"/>
						<String ID="word001093" HPOS="2711" VPOS="2662" WIDTH="109" HEIGHT="46" CONTENT="priwe" WC="0.53" CC="53373"/>
						<SP ID="P12_SP01050" HPOS="2819" VPOS="2732" WIDTH="19"/>
						<String ID="word001094" HPOS="2838" VPOS="2660" WIDTH="37" HEIGHT="38" CONTENT="iu" WC="0.50" CC="54"/>
						<SP ID="P12_SP01051" HPOS="2875" VPOS="2732" WIDTH="19"/>
						<String ID="word001095" HPOS="2894" VPOS="2669" WIDTH="26" HEIGHT="31" CONTENT="a" WC="1.00" CC="0"/>
						<SP ID="P12_SP01052" HPOS="2920" VPOS="2732" WIDTH="0"/>
					</TextLine>
					<TextLine ID="P12_TL00120" HPOS="2233" VPOS="2700" WIDTH="140" HEIGHT="19">
						<String ID="word001096" HPOS="2233" VPOS="2700" WIDTH="18" HEIGHT="19" CONTENT="4" WC="0.33" CC="6"/>
						<SP ID="P12_SP01053" HPOS="2251" VPOS="2719" WIDTH="110"/>
						<String ID="word001097" HPOS="2361" VPOS="2706" WIDTH="12" HEIGHT="1" CONTENT="--" WC="0.28" CC="76"/>
						<SP ID="P12_SP01054" HPOS="2373" VPOS="2719" WIDTH="0"/>
					</TextLine>
					<TextLine ID="P12_TL00121" HPOS="1584" VPOS="2735" WIDTH="350" HEIGHT="43">
						<String ID="word001098" HPOS="1584" VPOS="2748" WIDTH="60" HEIGHT="22" CONTENT="sea" WC="0.63" CC="730"/>
						<SP ID="P12_SP01055" HPOS="1644" VPOS="2771" WIDTH="18"/>
						<String ID="word001099" HPOS="1662" VPOS="2735" WIDTH="146" HEIGHT="43" CONTENT="worthy" WC="0.98" CC="001000"/>
						<SP ID="P12_SP01056" HPOS="1808" VPOS="2778" WIDTH="20"/>
						<String ID="word001100" HPOS="1828" VPOS="2739" WIDTH="105" HEIGHT="31" CONTENT="state." WC="0.67" CC="126630"/>
						<SP ID="P12_SP01057" HPOS="1933" VPOS="2778" WIDTH="0"/>
					</TextLine>
					<TextLine ID="P12_TL00122" HPOS="1635" VPOS="2758" WIDTH="1196" HEIGHT="65">
						<String ID="word001101" HPOS="1635" VPOS="2784" WIDTH="18" HEIGHT="33" CONTENT="T" WC="0.33" CC="6"/>
						<SP ID="P12_SP01058" HPOS="1652" VPOS="2817" WIDTH="21"/>
						<String ID="word001102" HPOS="1674" VPOS="2783" WIDTH="92" HEIGHT="34" CONTENT="have" WC="0.92" CC="0003"/>
						<SP ID="P12_SP01059" HPOS="1766" VPOS="2817" WIDTH="32"/>
						<String ID="word001103" HPOS="1798" VPOS="2778" WIDTH="105" HEIGHT="35" CONTENT="much" WC="0.92" CC="1110"/>
						<SP ID="P12_SP01060" HPOS="1903" VPOS="2817" WIDTH="32"/>
						<String ID="word001104" HPOS="1935" VPOS="2774" WIDTH="162" HEIGHT="48" CONTENT="pleasure" WC="0.83" CC="00031012"/>
						<String ID="word001105" HPOS="2096" VPOS="2774" WIDTH="21" HEIGHT="48" CONTENT="." STYLE="superscript" WC="0.83" CC="7"/>
						<SP ID="P12_SP01061" HPOS="2118" VPOS="2823" WIDTH="19"/>
						<String ID="word001106" HPOS="2137" VPOS="2773" WIDTH="35" HEIGHT="34" CONTENT="in" WC="1.00" CC="00"/>
						<SP ID="P12_SP01062" HPOS="2172" VPOS="2823" WIDTH="19"/>
						<String ID="word001107" HPOS="2191" VPOS="2766" WIDTH="201" HEIGHT="44" CONTENT="informing" WC="0.93" CC="000003030"/>
						<SP ID="P12_SP01063" HPOS="2392" VPOS="2823" WIDTH="28"/>
						<String ID="word001108" HPOS="2420" VPOS="2773" WIDTH="76" HEIGHT="37" CONTENT="you" WC="0.96" CC="001"/>
						<SP ID="P12_SP01064" HPOS="2496" VPOS="2823" WIDTH="18"/>
						<String ID="word001109" HPOS="2513" VPOS="2761" WIDTH="84" HEIGHT="34" CONTENT="that" WC="1.00" CC="0000"/>
						<SP ID="P12_SP01065" HPOS="2597" VPOS="2823" WIDTH="26"/>
						<String ID="word001110" HPOS="2623" VPOS="2758" WIDTH="65" HEIGHT="35" CONTENT="the" WC="1.00" CC="000"/>
						<SP ID="P12_SP01066" HPOS="2688" VPOS="2823" WIDTH="17"/>
						<String ID="word001111" HPOS="2705" VPOS="2758" WIDTH="126" HEIGHT="35" CONTENT="Junon" WC="0.89" CC="01130"/>
						<SP ID="P12_SP01067" HPOS="2831" VPOS="2823" WIDTH="0"/>
					</TextLine>
					<TextLine ID="P12_TL00123" HPOS="2848" VPOS="2765" WIDTH="72" HEIGHT="34">
						<String ID="word001112" HPOS="2848" VPOS="2765" WIDTH="48" HEIGHT="34" CONTENT="ap" SUBS_TYPE="HypPart1" SUBS_CONTENT="appears" WC="0.33" CC="66" STYLEREFS="TXT_1"/>
						<HYP HPOS="2896" VPOS="2765" WIDTH="24" CONTENT="-"/>
					</TextLine>
					<TextLine ID="P12_TL00124" HPOS="1589" VPOS="2803" WIDTH="1336" HEIGHT="73">
						<String ID="word001113" HPOS="1589" VPOS="2843" WIDTH="104" HEIGHT="33" CONTENT="pears" SUBS_TYPE="HypPart2" SUBS_CONTENT="appears" WC="0.82" CC="06101"/>
						<SP ID="P12_SP01068" HPOS="1693" VPOS="2876" WIDTH="30"/>
						<String ID="word001114" HPOS="1722" VPOS="2842" WIDTH="24" HEIGHT="22" CONTENT="a" WC="1.00" CC="0"/>
						<SP ID="P12_SP01069" HPOS="1746" VPOS="2876" WIDTH="19"/>
						<String ID="word001115" HPOS="1765" VPOS="2838" WIDTH="87" HEIGHT="32" CONTENT="very" WC="0.92" CC="2001"/>
						<SP ID="P12_SP01070" HPOS="1852" VPOS="2876" WIDTH="19"/>
						<String ID="word001116" HPOS="1871" VPOS="2826" WIDTH="69" HEIGHT="35" CONTENT="fine" WC="0.86" CC="0410"/>
						<SP ID="P12_SP01071" HPOS="1939" VPOS="2876" WIDTH="19"/>
						<String ID="word001117" HPOS="1958" VPOS="2824" WIDTH="109" HEIGHT="45" CONTENT="-ship," WC="0.83" CC="610101"/>
						<SP ID="P12_SP01072" HPOS="2067" VPOS="2876" WIDTH="25"/>
						<String ID="word001118" HPOS="2092" VPOS="2822" WIDTH="17" HEIGHT="53" CONTENT="a" WC="0.38" CC="8"/>
						<String ID="word001119" HPOS="2108" VPOS="2822" WIDTH="18" HEIGHT="53" CONTENT="i" STYLE="subscript" WC="0.38" CC="8"/>
						<String ID="word001120" HPOS="2126" VPOS="2822" WIDTH="53" HEIGHT="53" CONTENT="nly" WC="0.38" CC="453"/>
						<SP ID="P12_SP01073" HPOS="2179" VPOS="2876" WIDTH="19"/>
						<String ID="word001121" HPOS="2198" VPOS="2820" WIDTH="105" HEIGHT="32" CONTENT="three" WC="0.89" CC="03200"/>
						<SP ID="P12_SP01074" HPOS="2303" VPOS="2876" WIDTH="20"/>
						<String ID="word001122" HPOS="2323" VPOS="2824" WIDTH="104" HEIGHT="35" CONTENT="years" WC="0.80" CC="23400"/>
						<SP ID="P12_SP01075" HPOS="2427" VPOS="2876" WIDTH="18"/>
						<String ID="word001123" HPOS="2445" VPOS="2804" WIDTH="81" HEIGHT="47" CONTENT="old," WC="0.92" CC="0300"/>
						<SP ID="P12_SP01076" HPOS="2526" VPOS="2876" WIDTH="26"/>
						<String ID="word001124" HPOS="2552" VPOS="2817" WIDTH="110" HEIGHT="27" CONTENT="never" WC="0.93" CC="30000"/>
						<SP ID="P12_SP01077" HPOS="2662" VPOS="2876" WIDTH="18"/>
						<String ID="word001125" HPOS="2680" VPOS="2804" WIDTH="136" HEIGHT="45" CONTENT="having" WC="0.96" CC="101000"/>
						<SP ID="P12_SP01078" HPOS="2816" VPOS="2876" WIDTH="15"/>
						<String ID="word001126" HPOS="2831" VPOS="2803" WIDTH="93" HEIGHT="34" CONTENT="been" WC="0.86" CC="0401"/>
						<SP ID="P12_SP01079" HPOS="2924" VPOS="2876" WIDTH="0"/>
					</TextLine>
					<TextLine ID="P12_TL00125" HPOS="1587" VPOS="2856" WIDTH="1123" HEIGHT="58">
						<String ID="word001127" HPOS="1587" VPOS="2884" WIDTH="39" HEIGHT="30" CONTENT="at" WC="1.00" CC="00"/>
						<SP ID="P12_SP01080" HPOS="1626" VPOS="2914" WIDTH="13"/>
						<String ID="word001128" HPOS="1639" VPOS="2890" WIDTH="60" HEIGHT="22" CONTENT="sea" WC="0.67" CC="333"/>
						<SP ID="P12_SP01081" HPOS="1700" VPOS="2914" WIDTH="18"/>
						<String ID="word001129" HPOS="1717" VPOS="2876" WIDTH="128" HEIGHT="35" CONTENT="before" WC="0.94" CC="200100"/>
						<SP ID="P12_SP01082" HPOS="1845" VPOS="2914" WIDTH="13"/>
						<String ID="word001130" HPOS="1858" VPOS="2875" WIDTH="65" HEIGHT="33" CONTENT="'she" WC="0.81" CC="6100"/>
						<SP ID="P12_SP01083" HPOS="1923" VPOS="2914" WIDTH="17"/>
						<String ID="word001131" HPOS="1939" VPOS="2871" WIDTH="72" HEIGHT="37" CONTENT="left" WC="1.00" CC="0000"/>
						<SP ID="P12_SP01084" HPOS="2011" VPOS="2914" WIDTH="21"/>
						<String ID="word001132" HPOS="2033" VPOS="2871" WIDTH="156" HEIGHT="37" CONTENT="France," WC="0.86" CC="3020031"/>
						<SP ID="P12_SP01085" HPOS="2189" VPOS="2914" WIDTH="26"/>
						<String ID="word001133" HPOS="2215" VPOS="2868" WIDTH="115" HEIGHT="32" CONTENT="about" WC="0.93" CC="11100"/>
						<SP ID="P12_SP01086" HPOS="2329" VPOS="2914" WIDTH="21"/>
						<String ID="word001134" HPOS="2350" VPOS="2861" WIDTH="100" HEIGHT="38" CONTENT="three" WC="0.78" CC="12034"/>
						<SP ID="P12_SP01087" HPOS="2451" VPOS="2914" WIDTH="18"/>
						<String ID="word001135" HPOS="2469" VPOS="2856" WIDTH="145" HEIGHT="40" CONTENT="mouths" WC="0.69" CC="253232"/>
						<SP ID="P12_SP01088" HPOS="2614" VPOS="2914" WIDTH="13"/>
						<String ID="word001136" HPOS="2627" VPOS="2864" WIDTH="83" HEIGHT="33" CONTENT="ago." WC="1.00" CC="0000"/>
						<SP ID="P12_SP01089" HPOS="2709" VPOS="2914" WIDTH="0"/>
					</TextLine>
					<TextLine ID="P12_TL00126" HPOS="1643" VPOS="2898" WIDTH="1230" HEIGHT="62">
						<String ID="word001137" HPOS="1643" VPOS="2928" WIDTH="14" HEIGHT="32" CONTENT="I" WC="0.67" CC="3"/>
						<SP ID="P12_SP01090" HPOS="1657" VPOS="2960" WIDTH="25"/>
						<String ID="word001138" HPOS="1682" VPOS="2928" WIDTH="91" HEIGHT="32" CONTENT="have" WC="0.83" CC="1311"/>
						<SP ID="P12_SP01091" HPOS="1773" VPOS="2960" WIDTH="19"/>
						<String ID="word001139" HPOS="1792" VPOS="2922" WIDTH="61" HEIGHT="34" CONTENT="the" WC="0.96" CC="001"/>
						<SP ID="P12_SP01092" HPOS="1853" VPOS="2960" WIDTH="19"/>
						<String ID="word001140" HPOS="1872" VPOS="2922" WIDTH="142" HEIGHT="37" CONTENT="honour" WC="0.94" CC="000003"/>
						<SP ID="P12_SP01093" HPOS="2014" VPOS="2960" WIDTH="14"/>
						<String ID="word001141" HPOS="2028" VPOS="2926" WIDTH="35" HEIGHT="26" CONTENT="to" WC="1.00" CC="00"/>
						<SP ID="P12_SP01094" HPOS="2063" VPOS="2960" WIDTH="21"/>
						<String ID="word001142" HPOS="2085" VPOS="2919" WIDTH="59" HEIGHT="38" CONTENT="be," WC="0.81" CC="320"/>
						<SP ID="P12_SP01095" HPOS="2144" VPOS="2960" WIDTH="28"/>
						<String ID="word001143" HPOS="2172" VPOS="2914" WIDTH="70" HEIGHT="34" CONTENT="&amp;v.," WC="0.44" CC="2846" STYLEREFS="TXT_6"/>
						<SP ID="P12_SP01096" HPOS="2242" VPOS="2960" WIDTH="99"/>
						<String ID="word001144" HPOS="2341" VPOS="2904" WIDTH="175" HEIGHT="50" CONTENT="(Signed)" WC="1.00" CC="00000000"/>
						<SP ID="P12_SP01097" HPOS="2516" VPOS="2960" WIDTH="113"/>
						<String ID="word001145" HPOS="2629" VPOS="2902" WIDTH="47" HEIGHT="34" CONTENT="0." WC="0.67" CC="51"/>
						<SP ID="P12_SP01098" HPOS="2676" VPOS="2960" WIDTH="20"/>
						<String ID="word001146" HPOS="2696" VPOS="2898" WIDTH="176" HEIGHT="45" CONTENT="SCOTT." WC="0.85" CC="100106"/>
						<SP ID="P12_SP01099" HPOS="2872" VPOS="2960" WIDTH="0"/>
					</TextLine>
					<TextLine ID="P12_TL00127" HPOS="1596" VPOS="2952" WIDTH="1009" HEIGHT="67">
						<String ID="word001147" HPOS="1596" VPOS="2974" WIDTH="112" HEIGHT="45" CONTENT="Right" WC="1.00" CC="00000"/>
						<SP ID="P12_SP01100" HPOS="1708" VPOS="3019" WIDTH="24"/>
						<String ID="word001148" HPOS="1731" VPOS="2973" WIDTH="99" HEIGHT="33" CONTENT="Hon." WC="0.97" CC="0100"/>
						<SP ID="P12_SP01101" HPOS="1831" VPOS="3019" WIDTH="19"/>
						<String ID="word001149" HPOS="1850" VPOS="2963" WIDTH="116" HEIGHT="41" CONTENT="Sir‘J." WC="0.56" CC="334833"/>
						<SP ID="P12_SP01102" HPOS="1965" VPOS="3019" WIDTH="24"/>
						<String ID="word001150" HPOS="1989" VPOS="2967" WIDTH="45" HEIGHT="33" CONTENT="B." WC="0.94" CC="10"/>
						<SP ID="P12_SP01103" HPOS="2034" VPOS="3019" WIDTH="20"/>
						<String ID="word001151" HPOS="2054" VPOS="2966" WIDTH="176" HEIGHT="38" CONTENT="Warm)," WC="0.54" CC="560473"/>
						<SP ID="P12_SP01104" HPOS="2230" VPOS="3019" WIDTH="31"/>
						<String ID="word001152" HPOS="2261" VPOS="2959" WIDTH="104" HEIGHT="34" CONTENT="Bart." WC="0.82" CC="34100"/>
						<SP ID="P12_SP01105" HPOS="2365" VPOS="3019" WIDTH="27"/>
						<String ID="word001153" HPOS="2392" VPOS="2954" WIDTH="69" HEIGHT="35" CONTENT="and" WC="0.96" CC="010"/>
						<SP ID="P12_SP01106" HPOS="2460" VPOS="3019" WIDTH="21"/>
						<String ID="word001154" HPOS="2481" VPOS="2954" WIDTH="58" HEIGHT="34" CONTENT="K." WC="0.67" CC="33"/>
						<SP ID="P12_SP01107" HPOS="2539" VPOS="3019" WIDTH="18"/>
						<String ID="word001155" HPOS="2557" VPOS="2952" WIDTH="47" HEIGHT="35" CONTENT="B." WC="0.78" CC="22"/>
						<SP ID="P12_SP01108" HPOS="2604" VPOS="3019" WIDTH="0"/>
					</TextLine>
					<TextLine ID="P12_TL00128" HPOS="1713" VPOS="3006" WIDTH="717" HEIGHT="50">
						<String ID="word001156" HPOS="1713" VPOS="3015" WIDTH="293" HEIGHT="40" CONTENT="Commanderia" WC="0.58" CC="33353333537"/>
						<SP ID="P12_SP01109" HPOS="2006" VPOS="3056" WIDTH="18"/>
						<String ID="word001157" HPOS="2023" VPOS="3011" WIDTH="128" HEIGHT="40" CONTENT="Chief," WC="1.00" CC="000000"/>
						<SP ID="P12_SP01110" HPOS="2151" VPOS="3056" WIDTH="26"/>
						<String ID="word001158" HPOS="2177" VPOS="3008" WIDTH="71" HEIGHT="37" CONTENT="&amp;c." WC="0.74" CC="223"/>
						<SP ID="P12_SP01111" HPOS="2248" VPOS="3056" WIDTH="22"/>
						<String ID="word001159" HPOS="2270" VPOS="3006" WIDTH="69" HEIGHT="34" CONTENT="&amp;e." WC="0.70" CC="233" STYLEREFS="TXT_6"/>
						<SP ID="P12_SP01112" HPOS="2339" VPOS="3056" WIDTH="20"/>
						<String ID="word001160" HPOS="2359" VPOS="3006" WIDTH="71" HEIGHT="32" CONTENT="&amp;c." WC="0.67" CC="333"/>
						<SP ID="P12_SP01113" HPOS="2430" VPOS="3056" WIDTH="0"/>
					</TextLine>
					<TextLine ID="P12_TL00129" HPOS="1596" VPOS="3041" WIDTH="1336" HEIGHT="67">
						<String ID="word001161" HPOS="1596" VPOS="3071" WIDTH="33" HEIGHT="33" CONTENT="A" WC="1.00" CC="0" STYLEREFS="TXT_6"/>
						<SP ID="P12_SP01114" HPOS="1629" VPOS="3104" WIDTH="37"/>
						<String ID="word001162" HPOS="1665" VPOS="3071" WIDTH="61" HEIGHT="31" CONTENT="list" WC="0.89" CC="3100" STYLEREFS="TXT_6"/>
						<SP ID="P12_SP01115" HPOS="1727" VPOS="3104" WIDTH="26"/>
						<String ID="word001163" HPOS="1753" VPOS="3065" WIDTH="47" HEIGHT="43" CONTENT="of" WC="0.67" CC="15" STYLEREFS="TXT_6"/>
						<SP ID="P12_SP01116" HPOS="1800" VPOS="3107" WIDTH="22"/>
						<String ID="word001164" HPOS="1822" VPOS="3065" WIDTH="60" HEIGHT="33" CONTENT="the" WC="0.96" CC="100" STYLEREFS="TXT_6"/>
						<SP ID="P12_SP01117" HPOS="1883" VPOS="3107" WIDTH="31"/>
						<String ID="word001165" HPOS="1913" VPOS="3061" WIDTH="113" HEIGHT="35" CONTENT="killed" WC="0.91" CC="011300" STYLEREFS="TXT_6"/>
						<SP ID="P12_SP01118" HPOS="2027" VPOS="3107" WIDTH="31"/>
						<String ID="word001166" HPOS="2057" VPOS="3059" WIDTH="72" HEIGHT="34" CONTENT="and" WC="1.00" CC="000" STYLEREFS="TXT_6"/>
						<SP ID="P12_SP01119" HPOS="2130" VPOS="3107" WIDTH="26"/>
						<String ID="word001167" HPOS="2156" VPOS="3054" WIDTH="171" HEIGHT="37" CONTENT="wounWed" WC="0.46" CC="3384853" STYLEREFS="TXT_6"/>
						<SP ID="P12_SP01120" HPOS="2327" VPOS="3107" WIDTH="25"/>
						<String ID="word001168" HPOS="2352" VPOS="3063" WIDTH="44" HEIGHT="22" CONTENT="on" WC="1.00" CC="00" STYLEREFS="TXT_6"/>
						<SP ID="P12_SP01121" HPOS="2395" VPOS="3107" WIDTH="17"/>
						<String ID="word001169" HPOS="2412" VPOS="3048" WIDTH="116" HEIGHT="35" CONTENT="board" WC="1.00" CC="00000" STYLEREFS="TXT_6"/>
						<SP ID="P12_SP01122" HPOS="2528" VPOS="3107" WIDTH="17"/>
						<String ID="word001170" HPOS="2544" VPOS="3046" WIDTH="56" HEIGHT="34" CONTENT="his" WC="0.81" CC="005" STYLEREFS="TXT_6"/>
						<SP ID="P12_SP01123" HPOS="2600" VPOS="3107" WIDTH="19"/>
						<String ID="word001171" HPOS="2619" VPOS="3041" WIDTH="191" HEIGHT="47" CONTENT="Majesty's" WC="0.93" CC="100103001" STYLEREFS="TXT_6"/>
						<SP ID="P12_SP01124" HPOS="2810" VPOS="3107" WIDTH="18"/>
						<String ID="word001172" HPOS="2828" VPOS="3041" WIDTH="104" HEIGHT="43" CONTENT="ships." WC="0.54" CC="641257" STYLEREFS="TXT_6"/>
						<SP ID="P12_SP01125" HPOS="2931" VPOS="3107" WIDTH="0"/>
					</TextLine>
					<TextLine ID="P12_TL00130" HPOS="1646" VPOS="3090" WIDTH="1287" HEIGHT="65">
						<String ID="word001173" HPOS="1646" VPOS="3117" WIDTH="175" HEIGHT="38" CONTENT="Horatio," WC="0.79" CC="51005301" STYLEREFS="TXT_6"/>
						<SP ID="P12_SP01126" HPOS="1821" VPOS="3155" WIDTH="31"/>
						<String ID="word001174" HPOS="1852" VPOS="3113" WIDTH="159" HEIGHT="37" CONTENT="Latona," WC="0.59" CC="3333563" STYLEREFS="TXT_6"/>
						<SP ID="P12_SP01127" HPOS="2011" VPOS="3155" WIDTH="21"/>
						<String ID="word001175" HPOS="2033" VPOS="3106" WIDTH="74" HEIGHT="37" CONTENT="and" WC="0.59" CC="542" STYLEREFS="TXT_6"/>
						<SP ID="P12_SP01128" HPOS="2107" VPOS="3155" WIDTH="26"/>
						<String ID="word001176" HPOS="2133" VPOS="3106" WIDTH="154" HEIGHT="35" CONTENT="Driver," WC="0.98" CC="1000000" STYLEREFS="TXT_6"/>
						<SP ID="P12_SP01129" HPOS="2287" VPOS="3155" WIDTH="21"/>
						<String ID="word001177" HPOS="2308" VPOS="3104" WIDTH="37" HEIGHT="32" CONTENT="in" WC="1.00" CC="00" STYLEREFS="TXT_6"/>
						<SP ID="P12_SP01130" HPOS="2344" VPOS="3155" WIDTH="21"/>
						<String ID="word001178" HPOS="2366" VPOS="3100" WIDTH="120" HEIGHT="35" CONTENT="action" WC="0.72" CC="335013" STYLEREFS="TXT_6"/>
						<SP ID="P12_SP01131" HPOS="2486" VPOS="3155" WIDTH="27"/>
						<String ID="word001179" HPOS="2513" VPOS="3097" WIDTH="84" HEIGHT="33" CONTENT="with" WC="0.83" CC="1113" STYLEREFS="TXT_6"/>
						<SP ID="P12_SP01132" HPOS="2597" VPOS="3155" WIDTH="30"/>
						<String ID="word001180" HPOS="2627" VPOS="3096" WIDTH="58" HEIGHT="31" CONTENT="the" WC="0.96" CC="001" STYLEREFS="TXT_6"/>
						<SP ID="P12_SP01133" HPOS="2685" VPOS="3155" WIDTH="22"/>
						<String ID="word001181" HPOS="2707" VPOS="3091" WIDTH="137" HEIGHT="35" CONTENT="French" WC="0.67" CC="606033" STYLEREFS="TXT_6"/>
						<SP ID="P12_SP01134" HPOS="2844" VPOS="3155" WIDTH="9"/>
						<String ID="word001182" HPOS="2854" VPOS="3090" WIDTH="60" HEIGHT="45" CONTENT="lei" SUBS_TYPE="HypPart1" SUBS_CONTENT="leigate" WC="0.56" CC="462" STYLEREFS="TXT_6"/>
						<HYP HPOS="2914" VPOS="3090" WIDTH="19" CONTENT="-"/>
					</TextLine>
					<TextLine ID="P12_TL00131" HPOS="1642" VPOS="3141" WIDTH="1055" HEIGHT="67">
						<String ID="word001183" HPOS="1642" VPOS="3169" WIDTH="85" HEIGHT="39" CONTENT="gate" SUBS_TYPE="HypPart2" SUBS_CONTENT="leigate" WC="0.53" CC="5156" STYLEREFS="TXT_6"/>
						<SP ID="P12_SP01135" HPOS="1727" VPOS="3208" WIDTH="20"/>
						<String ID="word001184" HPOS="1747" VPOS="3163" WIDTH="58" HEIGHT="32" CONTENT="La" WC="0.94" CC="10" STYLEREFS="TXT_6"/>
						<SP ID="P12_SP01136" HPOS="1805" VPOS="3208" WIDTH="19"/>
						<String ID="word001185" HPOS="1824" VPOS="3159" WIDTH="144" HEIGHT="40" CONTENT="'futon," WC="0.54" CC="6637511" STYLEREFS="TXT_6"/>
						<SP ID="P12_SP01137" HPOS="1968" VPOS="3208" WIDTH="20"/>
						<String ID="word001186" HPOS="1988" VPOS="3168" WIDTH="44" HEIGHT="21" CONTENT="on" WC="0.44" CC="46" STYLEREFS="TXT_6"/>
						<SP ID="P12_SP01138" HPOS="2031" VPOS="3208" WIDTH="14"/>
						<String ID="word001187" HPOS="2046" VPOS="3157" WIDTH="59" HEIGHT="32" CONTENT="the" WC="0.81" CC="113" STYLEREFS="TXT_6"/>
						<SP ID="P12_SP01139" HPOS="2105" VPOS="3208" WIDTH="19"/>
						<String ID="word001188" HPOS="2124" VPOS="3154" WIDTH="85" HEIGHT="37" CONTENT="10th" WC="0.86" CC="2102" STYLEREFS="TXT_6"/>
						<SP ID="P12_SP01140" HPOS="2209" VPOS="3208" WIDTH="19"/>
						<String ID="word001189" HPOS="2228" VPOS="3151" WIDTH="69" HEIGHT="43" CONTENT="day" WC="0.93" CC="011" STYLEREFS="TXT_6"/>
						<SP ID="P12_SP01141" HPOS="2296" VPOS="3208" WIDTH="17"/>
						<String ID="word001190" HPOS="2313" VPOS="3148" WIDTH="45" HEIGHT="45" CONTENT="of" WC="1.00" CC="00" STYLEREFS="TXT_6"/>
						<SP ID="P12_SP01142" HPOS="2357" VPOS="3208" WIDTH="14"/>
						<String ID="word001191" HPOS="2372" VPOS="3146" WIDTH="200" HEIGHT="41" CONTENT="February," WC="0.88" CC="304000030" STYLEREFS="TXT_6"/>
						<SP ID="P12_SP01143" HPOS="2571" VPOS="3208" WIDTH="22"/>
						<String ID="word001192" HPOS="2594" VPOS="3141" WIDTH="103" HEIGHT="38" CONTENT="1509." WC="0.78" CC="26110"/>
						<SP ID="P12_SP01144" HPOS="2696" VPOS="3208" WIDTH="0"/>
					</TextLine>
					<TextLine ID="P12_TL00132" HPOS="1646" VPOS="3185" WIDTH="1298" HEIGHT="61">
						<String ID="word001193" HPOS="1646" VPOS="3202" WIDTH="509" HEIGHT="44" CONTENT="HORATlO—Killed—Mr." WC="0.68" CC="786101243133122323"/>
						<SP ID="P12_SP01145" HPOS="2156" VPOS="3246" WIDTH="24"/>
						<String ID="word001194" HPOS="2179" VPOS="3193" WIDTH="143" HEIGHT="50" CONTENT="George" WC="0.67" CC="524232"/>
						<SP ID="P12_SP01146" HPOS="2322" VPOS="3246" WIDTH="19"/>
						<String ID="word001195" HPOS="2341" VPOS="3195" WIDTH="159" HEIGHT="40" CONTENT="Gunter," WC="0.92" CC="1010003"/>
						<SP ID="P12_SP01147" HPOS="2500" VPOS="3246" WIDTH="13"/>
						<String ID="word001196" HPOS="2513" VPOS="3190" WIDTH="270" HEIGHT="44" CONTENT="midshipman;" WC="0.96" CC="00000000022"/>
						<SP ID="P12_SP01148" HPOS="2784" VPOS="3246" WIDTH="19"/>
						<String ID="word001197" HPOS="2803" VPOS="3185" WIDTH="141" HEIGHT="35" CONTENT="James." WC="0.85" CC="131111"/>
						<SP ID="P12_SP01149" HPOS="2943" VPOS="3246" WIDTH="0"/>
					</TextLine>
					<TextLine ID="P12_TL00133" HPOS="1605" VPOS="3234" WIDTH="1329" HEIGHT="65">
						<String ID="word001198" HPOS="1605" VPOS="3260" WIDTH="176" HEIGHT="37" CONTENT="Adman," WC="0.72" CC="563001"/>
						<SP ID="P12_SP01150" HPOS="1781" VPOS="3296" WIDTH="34"/>
						<String ID="word001199" HPOS="1815" VPOS="3254" WIDTH="150" HEIGHT="45" CONTENT="captain" WC="0.98" CC="0000100"/>
						<SP ID="P12_SP01151" HPOS="1965" VPOS="3299" WIDTH="34"/>
						<String ID="word001200" HPOS="2000" VPOS="3250" WIDTH="43" HEIGHT="35" CONTENT="of" WC="1.00" CC="00"/>
						<SP ID="P12_SP01152" HPOS="2042" VPOS="3299" WIDTH="28"/>
						<String ID="word001201" HPOS="2070" VPOS="3249" WIDTH="63" HEIGHT="34" CONTENT="the" WC="0.93" CC="002"/>
						<SP ID="P12_SP01153" HPOS="2133" VPOS="3299" WIDTH="25"/>
						<String ID="word001202" HPOS="2158" VPOS="3247" WIDTH="170" HEIGHT="41" CONTENT="foretop;" WC="1.00" CC="00000000"/>
						<SP ID="P12_SP01154" HPOS="2328" VPOS="3299" WIDTH="41"/>
						<String ID="word001203" HPOS="2369" VPOS="3241" WIDTH="156" HEIGHT="35" CONTENT="Charles" WC="0.98" CC="1000000"/>
						<SP ID="P12_SP01155" HPOS="2525" VPOS="3299" WIDTH="30"/>
						<String ID="word001204" HPOS="2555" VPOS="3236" WIDTH="236" HEIGHT="38" CONTENT="Chatterton," WC="0.92" CC="03100000031"/>
						<SP ID="P12_SP01156" HPOS="2791" VPOS="3299" WIDTH="28"/>
						<String ID="word001205" HPOS="2819" VPOS="3234" WIDTH="87" HEIGHT="33" CONTENT="able" WC="0.89" CC="1003"/>
						<SP ID="P12_SP01157" HPOS="2907" VPOS="3299" WIDTH="15"/>
						<String ID="word001206" HPOS="2922" VPOS="3243" WIDTH="12" HEIGHT="28" CONTENT=";" WC="0.78" CC="2"/>
						<SP ID="P12_SP01158" HPOS="2934" VPOS="3299" WIDTH="0"/>
					</TextLine>
					<TextLine ID="P12_TL00134" HPOS="1605" VPOS="3281" WIDTH="1333" HEIGHT="62">
						<String ID="word001207" HPOS="1605" VPOS="3308" WIDTH="142" HEIGHT="33" CONTENT="Robert" WC="0.91" CC="301100"/>
						<SP ID="P12_SP01159" HPOS="1747" VPOS="3341" WIDTH="20"/>
						<String ID="word001208" HPOS="1767" VPOS="3301" WIDTH="171" HEIGHT="41" CONTENT="Lawder," WC="0.94" CC="3010000"/>
						<SP ID="P12_SP01160" HPOS="1938" VPOS="3343" WIDTH="32"/>
						<String ID="word001209" HPOS="1970" VPOS="3300" WIDTH="112" HEIGHT="39" CONTENT="able;" WC="0.87" CC="01122"/>
						<SP ID="P12_SP01161" HPOS="2082" VPOS="3343" WIDTH="28"/>
						<String ID="word001210" HPOS="2111" VPOS="3294" WIDTH="142" HEIGHT="45" CONTENT="Joseph" WC="0.98" CC="001000"/>
						<SP ID="P12_SP01162" HPOS="2252" VPOS="3343" WIDTH="34"/>
						<String ID="word001211" HPOS="2287" VPOS="3289" WIDTH="202" HEIGHT="41" CONTENT="Williams," WC="0.79" CC="731311100"/>
						<SP ID="P12_SP01163" HPOS="2489" VPOS="3343" WIDTH="19"/>
						<String ID="word001212" HPOS="2507" VPOS="3287" WIDTH="111" HEIGHT="40" CONTENT="able;" WC="1.00" CC="00000"/>
						<SP ID="P12_SP01164" HPOS="2619" VPOS="3343" WIDTH="30"/>
						<String ID="word001213" HPOS="2648" VPOS="3282" WIDTH="146" HEIGHT="37" CONTENT="Samuel" WC="0.94" CC="021000"/>
						<SP ID="P12_SP01165" HPOS="2794" VPOS="3343" WIDTH="19"/>
						<String ID="word001214" HPOS="2813" VPOS="3281" WIDTH="99" HEIGHT="40" CONTENT="John" SUBS_TYPE="HypPart1" SUBS_CONTENT="Johnson," WC="0.69" CC="2225"/>
						<HYP HPOS="2913" VPOS="3281" WIDTH="25" CONTENT="-"/>
					</TextLine>
					<TextLine ID="P12_TL00135" HPOS="1602" VPOS="3338" WIDTH="821" HEIGHT="56">
						<String ID="word001215" HPOS="1602" VPOS="3366" WIDTH="77" HEIGHT="27" CONTENT="son," SUBS_TYPE="HypPart2" SUBS_CONTENT="Johnson," WC="0.94" CC="2000"/>
						<SP ID="P12_SP01166" HPOS="1678" VPOS="3393" WIDTH="20"/>
						<String ID="word001216" HPOS="1698" VPOS="3352" WIDTH="177" HEIGHT="39" CONTENT="ordinary" WC="0.93" CC="00003002"/>
						<SP ID="P12_SP01167" HPOS="1876" VPOS="3393" WIDTH="15"/>
						<String ID="word001217" HPOS="1891" VPOS="3360" WIDTH="12" HEIGHT="27" CONTENT=";" WC="0.44" CC="5"/>
						<SP ID="P12_SP01168" HPOS="1903" VPOS="3393" WIDTH="27"/>
						<String ID="word001218" HPOS="1930" VPOS="3347" WIDTH="69" HEIGHT="34" CONTENT="and" WC="0.96" CC="001"/>
						<SP ID="P12_SP01169" HPOS="1998" VPOS="3393" WIDTH="24"/>
						<String ID="word001219" HPOS="2022" VPOS="3345" WIDTH="152" HEIGHT="35" CONTENT="Francis" WC="0.94" CC="0110101"/>
						<SP ID="P12_SP01170" HPOS="2174" VPOS="3393" WIDTH="19"/>
						<String ID="word001220" HPOS="2193" VPOS="3340" WIDTH="122" HEIGHT="40" CONTENT="Miek," WC="0.69" CC="45140"/>
						<SP ID="P12_SP01171" HPOS="2315" VPOS="3393" WIDTH="18"/>
						<String ID="word001221" HPOS="2333" VPOS="3338" WIDTH="90" HEIGHT="45" CONTENT="boy." WC="0.94" CC="1100"/>
						<SP ID="P12_SP01172" HPOS="2422" VPOS="3393" WIDTH="0"/>
					</TextLine>
					<TextLine ID="P12_TL00136" HPOS="1655" VPOS="3377" WIDTH="1285" HEIGHT="66">
						<String ID="word001222" HPOS="1655" VPOS="3400" WIDTH="117" HEIGHT="43" CONTENT="Badly" WC="0.62" CC="73133" STYLEREFS="TXT_6"/>
						<SP ID="P12_SP01173" HPOS="1772" VPOS="3443" WIDTH="14"/>
						<String ID="word001223" HPOS="1786" VPOS="3394" WIDTH="367" HEIGHT="41" CONTENT="wounded—George" WC="0.85" CC="10011325320010" STYLEREFS="TXT_6"/>
						<SP ID="P12_SP01174" HPOS="2153" VPOS="3443" WIDTH="18"/>
						<String ID="word001224" HPOS="2171" VPOS="3391" WIDTH="118" HEIGHT="44" CONTENT="Scott," WC="0.89" CC="330000"/>
						<SP ID="P12_SP01175" HPOS="2289" VPOS="3443" WIDTH="15"/>
						<String ID="word001225" HPOS="2304" VPOS="3384" WIDTH="149" HEIGHT="46" CONTENT="captain" WC="0.78" CC="1331330"/>
						<SP ID="P12_SP01176" HPOS="2453" VPOS="3443" WIDTH="17"/>
						<String ID="word001226" HPOS="2470" VPOS="3396" WIDTH="11" HEIGHT="27" CONTENT=";" WC="1.00" CC="0"/>
						<SP ID="P12_SP01177" HPOS="2480" VPOS="3443" WIDTH="31"/>
						<String ID="word001227" HPOS="2511" VPOS="3380" WIDTH="150" HEIGHT="43" CONTENT="Manley" WC="0.96" CC="110000"/>
						<SP ID="P12_SP01178" HPOS="2661" VPOS="3443" WIDTH="19"/>
						<String ID="word001228" HPOS="2680" VPOS="3378" WIDTH="90" HEIGHT="35" CONTENT="Hall" WC="0.64" CC="5125"/>
						<SP ID="P12_SP01179" HPOS="2770" VPOS="3443" WIDTH="21"/>
						<String ID="word001229" HPOS="2791" VPOS="3377" WIDTH="149" HEIGHT="39" CONTENT="T)ixon," WC="0.59" CC="3644333"/>
						<SP ID="P12_SP01180" HPOS="2940" VPOS="3443" WIDTH="0"/>
					</TextLine>
					<TextLine ID="P12_TL00137" HPOS="1604" VPOS="3429" WIDTH="1336" HEIGHT="56">
						<String ID="word001230" HPOS="1604" VPOS="3451" WIDTH="227" HEIGHT="33" CONTENT="lieutenant;" WC="0.97" CC="10100010000"/>
						<SP ID="P12_SP01181" HPOS="1831" VPOS="3484" WIDTH="31"/>
						<String ID="word001231" HPOS="1861" VPOS="3443" WIDTH="162" HEIGHT="37" CONTENT="Andrew" WC="1.00" CC="000000"/>
						<SP ID="P12_SP01182" HPOS="2023" VPOS="3484" WIDTH="31"/>
						<String ID="word001232" HPOS="2054" VPOS="3439" WIDTH="119" HEIGHT="38" CONTENT="Lock," WC="0.95" CC="10001"/>
						<SP ID="P12_SP01183" HPOS="2173" VPOS="3484" WIDTH="30"/>
						<String ID="word001233" HPOS="2203" VPOS="3435" WIDTH="206" HEIGHT="35" CONTENT="boatswain" WC="0.79" CC="442321001"/>
						<SP ID="P12_SP01184" HPOS="2408" VPOS="3484" WIDTH="17"/>
						<String ID="word001234" HPOS="2425" VPOS="3444" WIDTH="11" HEIGHT="27" CONTENT=";" WC="1.00" CC="0"/>
						<SP ID="P12_SP01185" HPOS="2435" VPOS="3484" WIDTH="45"/>
						<String ID="word001235" HPOS="2480" VPOS="3432" WIDTH="22" HEIGHT="31" CONTENT="S" WC="0.67" CC="3"/>
						<SP ID="P12_SP01186" HPOS="2503" VPOS="3484" WIDTH="13"/>
						<String ID="word001236" HPOS="2516" VPOS="3430" WIDTH="143" HEIGHT="34" CONTENT="callow" WC="0.56" CC="743433"/>
						<SP ID="P12_SP01187" HPOS="2659" VPOS="3484" WIDTH="37"/>
						<String ID="word001237" HPOS="2695" VPOS="3429" WIDTH="129" HEIGHT="40" CONTENT="Stone," WC="0.89" CC="001113"/>
						<SP ID="P12_SP01188" HPOS="2824" VPOS="3484" WIDTH="24"/>
						<String ID="word001238" HPOS="2848" VPOS="3433" WIDTH="69" HEIGHT="25" CONTENT="cox" WC="0.72" CC="002"/>
						<String ID="word001239" HPOS="2916" VPOS="3433" WIDTH="24" HEIGHT="25" CONTENT="," STYLE="superscript" WC="0.72" CC="8"/>
						<SP ID="P12_SP01189" HPOS="2940" VPOS="3484" WIDTH="0"/>
					</TextLine>
					<TextLine ID="P12_TL00138" HPOS="1605" VPOS="3476" WIDTH="1335" HEIGHT="58">
						<String ID="word001240" HPOS="1605" VPOS="3498" WIDTH="141" HEIGHT="35" CONTENT="swain;" WC="0.98" CC="100000"/>
						<SP ID="P12_SP01190" HPOS="1746" VPOS="3534" WIDTH="30"/>
						<String ID="word001241" HPOS="1775" VPOS="3493" WIDTH="102" HEIGHT="35" CONTENT="John" WC="0.94" CC="0101"/>
						<SP ID="P12_SP01191" HPOS="1877" VPOS="3534" WIDTH="22"/>
						<String ID="word001242" HPOS="1899" VPOS="3491" WIDTH="156" HEIGHT="40" CONTENT="Ellison," WC="0.88" CC="04301001"/>
						<SP ID="P12_SP01192" HPOS="2055" VPOS="3534" WIDTH="17"/>
						<String ID="word001243" HPOS="2072" VPOS="3489" WIDTH="333" HEIGHT="44" CONTENT="quarter-master;" WC="0.90" CC="030000222010022"/>
						<SP ID="P12_SP01193" HPOS="2405" VPOS="3534" WIDTH="27"/>
						<String ID="word001244" HPOS="2432" VPOS="3480" WIDTH="162" HEIGHT="35" CONTENT="Thomas" WC="0.83" CC="310311"/>
						<SP ID="P12_SP01194" HPOS="2594" VPOS="3534" WIDTH="26"/>
						<String ID="word001245" HPOS="2620" VPOS="3476" WIDTH="131" HEIGHT="38" CONTENT="Jones," WC="0.96" CC="000020"/>
						<SP ID="P12_SP01195" HPOS="2751" VPOS="3534" WIDTH="19"/>
						<String ID="word001246" HPOS="2770" VPOS="3480" WIDTH="149" HEIGHT="38" CONTENT="quarter" SUBS_TYPE="HypPart1" SUBS_CONTENT="quartergunner" WC="0.94" CC="1000102"/>
						<HYP HPOS="2919" VPOS="3480" WIDTH="21" CONTENT="-"/>
					</TextLine>
					<TextLine ID="P12_TL00139" HPOS="1606" VPOS="3520" WIDTH="1339" HEIGHT="70">
						<String ID="word001247" HPOS="1606" VPOS="3554" WIDTH="136" HEIGHT="35" CONTENT="gunner" SUBS_TYPE="HypPart2" SUBS_CONTENT="quartergunner" WC="0.96" CC="000002"/>
						<SP ID="P12_SP01196" HPOS="1742" VPOS="3589" WIDTH="14"/>
						<String ID="word001248" HPOS="1756" VPOS="3554" WIDTH="12" HEIGHT="28" CONTENT=";" WC="0.78" CC="2"/>
						<SP ID="P12_SP01197" HPOS="1768" VPOS="3589" WIDTH="37"/>
						<String ID="word001249" HPOS="1805" VPOS="3540" WIDTH="102" HEIGHT="35" CONTENT="John" WC="0.97" CC="0100"/>
						<SP ID="P12_SP01198" HPOS="1906" VPOS="3589" WIDTH="31"/>
						<String ID="word001250" HPOS="1937" VPOS="3537" WIDTH="158" HEIGHT="43" CONTENT="Young," WC="0.78" CC="222222"/>
						<SP ID="P12_SP01199" HPOS="2095" VPOS="3589" WIDTH="32"/>
						<String ID="word001251" HPOS="2127" VPOS="3534" WIDTH="85" HEIGHT="33" CONTENT="able" WC="0.97" CC="0100"/>
						<SP ID="P12_SP01200" HPOS="2212" VPOS="3589" WIDTH="17"/>
						<String ID="word001252" HPOS="2229" VPOS="3544" WIDTH="11" HEIGHT="28" CONTENT=";" WC="1.00" CC="0"/>
						<SP ID="P12_SP01201" HPOS="2239" VPOS="3589" WIDTH="33"/>
						<String ID="word001253" HPOS="2272" VPOS="3528" WIDTH="155" HEIGHT="37" CONTENT="Charles" WC="0.97" CC="0100100"/>
						<SP ID="P12_SP01202" HPOS="2427" VPOS="3589" WIDTH="30"/>
						<String ID="word001254" HPOS="2457" VPOS="3526" WIDTH="183" HEIGHT="40" CONTENT="Brittain," WC="0.96" CC="000000111"/>
						<SP ID="P12_SP01203" HPOS="2640" VPOS="3589" WIDTH="40"/>
						<String ID="word001255" HPOS="2680" VPOS="3522" WIDTH="85" HEIGHT="33" CONTENT="able" WC="0.67" CC="0642"/>
						<SP ID="P12_SP01204" HPOS="2765" VPOS="3589" WIDTH="14"/>
						<String ID="word001256" HPOS="2779" VPOS="3533" WIDTH="11" HEIGHT="26" CONTENT=";" WC="0.78" CC="2"/>
						<SP ID="P12_SP01205" HPOS="2790" VPOS="3589" WIDTH="39"/>
						<String ID="word001257" HPOS="2829" VPOS="3520" WIDTH="116" HEIGHT="34" CONTENT="Peter" WC="0.95" CC="01010"/>
						<SP ID="P12_SP01206" HPOS="2944" VPOS="3589" WIDTH="0"/>
					</TextLine>
					<TextLine ID="P12_TL00140" HPOS="1610" VPOS="3567" WIDTH="1335" HEIGHT="66">
						<String ID="word001258" HPOS="1610" VPOS="3592" WIDTH="198" HEIGHT="41" CONTENT="Vaughan." WC="0.97" CC="00001010"/>
						<SP ID="P12_SP01207" HPOS="1808" VPOS="3633" WIDTH="17"/>
						<String ID="word001259" HPOS="1825" VPOS="3587" WIDTH="84" HEIGHT="34" CONTENT="able" WC="0.92" CC="0102"/>
						<SP ID="P12_SP01208" HPOS="1909" VPOS="3633" WIDTH="14"/>
						<String ID="word001260" HPOS="1923" VPOS="3599" WIDTH="12" HEIGHT="30" CONTENT=";" WC="1.00" CC="0"/>
						<SP ID="P12_SP01209" HPOS="1935" VPOS="3633" WIDTH="13"/>
						<String ID="word001261" HPOS="1948" VPOS="3586" WIDTH="163" HEIGHT="34" CONTENT="Thomas" WC="1.00" CC="000000"/>
						<SP ID="P12_SP01210" HPOS="2111" VPOS="3633" WIDTH="20"/>
						<String ID="word001262" HPOS="2131" VPOS="3579" WIDTH="219" HEIGHT="40" CONTENT="Korkham," WC="0.94" CC="11000101"/>
						<SP ID="P12_SP01211" HPOS="2349" VPOS="3633" WIDTH="14"/>
						<String ID="word001263" HPOS="2363" VPOS="3575" WIDTH="85" HEIGHT="37" CONTENT="able" WC="0.92" CC="0012"/>
						<SP ID="P12_SP01212" HPOS="2448" VPOS="3633" WIDTH="15"/>
						<String ID="word001264" HPOS="2464" VPOS="3586" WIDTH="13" HEIGHT="30" CONTENT=";" WC="0.78" CC="2"/>
						<SP ID="P12_SP01213" HPOS="2477" VPOS="3633" WIDTH="25"/>
						<String ID="word001265" HPOS="2502" VPOS="3569" WIDTH="159" HEIGHT="39" CONTENT="Edward" WC="0.98" CC="001000"/>
						<SP ID="P12_SP01214" HPOS="2661" VPOS="3633" WIDTH="20"/>
						<String ID="word001266" HPOS="2681" VPOS="3567" WIDTH="50" HEIGHT="40" CONTENT="Lin" WC="0.30" CC="585"/>
						<String ID="word001267" HPOS="2731" VPOS="3567" WIDTH="17" HEIGHT="40" CONTENT="." STYLE="superscript" WC="0.30" CC="8"/>
						<String ID="word001268" HPOS="2747" VPOS="3567" WIDTH="66" HEIGHT="40" CONTENT=",(l," WC="0.30" CC="6873"/>
						<SP ID="P12_SP01215" HPOS="2813" VPOS="3633" WIDTH="18"/>
						<String ID="word001269" HPOS="2831" VPOS="3567" WIDTH="86" HEIGHT="33" CONTENT="nble" WC="0.36" CC="5855"/>
						<SP ID="P12_SP01216" HPOS="2917" VPOS="3633" WIDTH="14"/>
						<String ID="word001270" HPOS="2931" VPOS="3576" WIDTH="13" HEIGHT="28" CONTENT=";" WC="0.67" CC="3"/>
						<SP ID="P12_SP01217" HPOS="2944" VPOS="3633" WIDTH="0"/>
					</TextLine>
					<TextLine ID="P12_TL00141" HPOS="1609" VPOS="3613" WIDTH="1318" HEIGHT="63">
						<String ID="word001271" HPOS="1609" VPOS="3640" WIDTH="162" HEIGHT="35" CONTENT="Thomas" WC="0.96" CC="010010"/>
						<SP ID="P12_SP01218" HPOS="1770" VPOS="3676" WIDTH="24"/>
						<String ID="word001272" HPOS="1794" VPOS="3634" WIDTH="128" HEIGHT="40" CONTENT="Allen," WC="0.96" CC="010100"/>
						<SP ID="P12_SP01219" HPOS="1922" VPOS="3676" WIDTH="26"/>
						<String ID="word001273" HPOS="1948" VPOS="3632" WIDTH="202" HEIGHT="43" CONTENT="ordinary;" WC="0.88" CC="410111020"/>
						<SP ID="P12_SP01220" HPOS="2150" VPOS="3676" WIDTH="28"/>
						<String ID="word001274" HPOS="2178" VPOS="3626" WIDTH="104" HEIGHT="37" CONTENT="John" WC="0.92" CC="1011"/>
						<SP ID="P12_SP01221" HPOS="2282" VPOS="3676" WIDTH="22"/>
						<String ID="word001275" HPOS="2304" VPOS="3619" WIDTH="176" HEIGHT="46" CONTENT="Palmirt," WC="0.58" CC="43543335"/>
						<SP ID="P12_SP01222" HPOS="2480" VPOS="3676" WIDTH="18"/>
						<String ID="word001276" HPOS="2498" VPOS="3619" WIDTH="178" HEIGHT="44" CONTENT="ordinary" WC="0.93" CC="00011102"/>
						<SP ID="P12_SP01223" HPOS="2676" VPOS="3676" WIDTH="15"/>
						<String ID="word001277" HPOS="2692" VPOS="3630" WIDTH="13" HEIGHT="28" CONTENT=";" WC="1.00" CC="0"/>
						<SP ID="P12_SP01224" HPOS="2705" VPOS="3676" WIDTH="26"/>
						<String ID="word001278" HPOS="2731" VPOS="3614" WIDTH="103" HEIGHT="37" CONTENT="John" WC="0.97" CC="0100"/>
						<SP ID="P12_SP01225" HPOS="2833" VPOS="3676" WIDTH="22"/>
						<String ID="word001279" HPOS="2856" VPOS="3613" WIDTH="71" HEIGHT="34" CONTENT="Mil" WC="0.59" CC="254"/>
						<SP ID="P12_SP01226" HPOS="2927" VPOS="3676" WIDTH="0"/>
					</TextLine>
					<TextLine ID="P12_TL00142" HPOS="1613" VPOS="3658" WIDTH="1336" HEIGHT="71">
						<String ID="word001280" HPOS="1613" VPOS="3691" WIDTH="70" HEIGHT="38" CONTENT="ler," WC="0.92" CC="1002"/>
						<SP ID="P12_SP01227" HPOS="1683" VPOS="3729" WIDTH="19"/>
						<String ID="word001281" HPOS="1702" VPOS="3685" WIDTH="175" HEIGHT="41" CONTENT="ordinary" WC="0.96" CC="00000003"/>
						<SP ID="P12_SP01228" HPOS="1877" VPOS="3729" WIDTH="18"/>
						<String ID="word001282" HPOS="1894" VPOS="3693" WIDTH="11" HEIGHT="25" CONTENT=";" WC="0.44" CC="5"/>
						<SP ID="P12_SP01229" HPOS="1905" VPOS="3729" WIDTH="28"/>
						<String ID="word001283" HPOS="1933" VPOS="3680" WIDTH="163" HEIGHT="37" CONTENT="Thomas" WC="0.94" CC="001011"/>
						<SP ID="P12_SP01230" HPOS="2096" VPOS="3729" WIDTH="18"/>
						<String ID="word001284" HPOS="2114" VPOS="3676" WIDTH="125" HEIGHT="41" CONTENT="Nead," WC="0.95" CC="01001"/>
						<SP ID="P12_SP01231" HPOS="2239" VPOS="3729" WIDTH="17"/>
						<String ID="word001285" HPOS="2256" VPOS="3671" WIDTH="204" HEIGHT="46" CONTENT="ordinary;" WC="1.00" CC="000000000"/>
						<SP ID="P12_SP01232" HPOS="2460" VPOS="3729" WIDTH="32"/>
						<String ID="word001286" HPOS="2492" VPOS="3670" WIDTH="129" HEIGHT="35" CONTENT="James" WC="0.56" CC="35534"/>
						<SP ID="P12_SP01233" HPOS="2621" VPOS="3729" WIDTH="19"/>
						<String ID="word001287" HPOS="2640" VPOS="3671" WIDTH="181" HEIGHT="39" CONTENT="barton," WC="0.52" CC="8353353"/>
						<SP ID="P12_SP01234" HPOS="2820" VPOS="3729" WIDTH="24"/>
						<String ID="word001288" HPOS="2844" VPOS="3658" WIDTH="85" HEIGHT="38" CONTENT="ordi" SUBS_TYPE="HypPart1" SUBS_CONTENT="ordinary" WC="0.98" CC="0000"/>
						<HYP HPOS="2929" VPOS="3658" WIDTH="20" CONTENT="-"/>
					</TextLine>
					<TextLine ID="P12_TL00143" HPOS="1613" VPOS="3723" WIDTH="731" HEIGHT="53">
						<String ID="word001289" HPOS="1613" VPOS="3745" WIDTH="90" HEIGHT="31" CONTENT="nary" SUBS_TYPE="HypPart2" SUBS_CONTENT="ordinary" WC="0.97" CC="0100"/>
						<SP ID="P12_SP01235" HPOS="1703" VPOS="3776" WIDTH="17"/>
						<String ID="word001290" HPOS="1720" VPOS="3745" WIDTH="12" HEIGHT="28" CONTENT=";" WC="1.00" CC="0"/>
						<SP ID="P12_SP01236" HPOS="1731" VPOS="3776" WIDTH="31"/>
						<String ID="word001291" HPOS="1762" VPOS="3732" WIDTH="85" HEIGHT="35" CONTENT="Lew" WC="0.93" CC="101"/>
						<SP ID="P12_SP01237" HPOS="1847" VPOS="3776" WIDTH="24"/>
						<String ID="word001292" HPOS="1871" VPOS="3726" WIDTH="266" HEIGHT="40" CONTENT="Vanderstain," WC="0.95" CC="011000000111"/>
						<SP ID="P12_SP01238" HPOS="2137" VPOS="3776" WIDTH="18"/>
						<String ID="word001293" HPOS="2154" VPOS="3723" WIDTH="190" HEIGHT="41" CONTENT="ordinary." WC="0.99" CC="100000000"/>
						<SP ID="P12_SP01239" HPOS="2344" VPOS="3776" WIDTH="0"/>
					</TextLine>
					<TextLine ID="P12_TL00144" HPOS="1664" VPOS="3756" WIDTH="1288" HEIGHT="69">
						<String ID="word001294" HPOS="1664" VPOS="3780" WIDTH="159" HEIGHT="45" CONTENT="Slightly" WC="0.89" CC="01000313" STYLEREFS="TXT_6"/>
						<SP ID="P12_SP01240" HPOS="1824" VPOS="3824" WIDTH="17"/>
						<String ID="word001295" HPOS="1840" VPOS="3769" WIDTH="387" HEIGHT="43" CONTENT="wounded—Richard" WC="0.90" CC="100002253000000" STYLEREFS="TXT_6"/>
						<SP ID="P12_SP01241" HPOS="2228" VPOS="3824" WIDTH="22"/>
						<String ID="word001296" HPOS="2250" VPOS="3768" WIDTH="207" HEIGHT="43" CONTENT="Blakeney," WC="0.94" CC="110010101"/>
						<SP ID="P12_SP01242" HPOS="2457" VPOS="3824" WIDTH="19"/>
						<String ID="word001297" HPOS="2476" VPOS="3763" WIDTH="78" HEIGHT="39" CONTENT="first" WC="1.00" CC="00000"/>
						<SP ID="P12_SP01243" HPOS="2554" VPOS="3824" WIDTH="13"/>
						<String ID="word001298" HPOS="2567" VPOS="3763" WIDTH="203" HEIGHT="37" CONTENT="lienteaa.at" WC="0.49" CC="33383383763"/>
						<SP ID="P12_SP01244" HPOS="2770" VPOS="3824" WIDTH="13"/>
						<String ID="word001299" HPOS="2783" VPOS="3756" WIDTH="46" HEIGHT="35" CONTENT="of" WC="1.00" CC="00"/>
						<SP ID="P12_SP01245" HPOS="2829" VPOS="3824" WIDTH="13"/>
						<String ID="word001300" HPOS="2842" VPOS="3756" WIDTH="110" HEIGHT="45" CONTENT="royal" WC="0.98" CC="00010"/>
						<SP ID="P12_SP01246" HPOS="2952" VPOS="3824" WIDTH="0"/>
					</TextLine>
					<TextLine ID="P12_TL00145" HPOS="1616" VPOS="3806" WIDTH="1341" HEIGHT="59">
						<String ID="word001301" HPOS="1616" VPOS="3829" WIDTH="157" HEIGHT="35" CONTENT="mirines" WC="0.48" CC="3533685"/>
						<SP ID="P12_SP01247" HPOS="1773" VPOS="3865" WIDTH="19"/>
						<String ID="word001302" HPOS="1792" VPOS="3840" WIDTH="9" HEIGHT="24" CONTENT=";" WC="0.89" CC="1"/>
						<SP ID="P12_SP01248" HPOS="1801" VPOS="3865" WIDTH="32"/>
						<String ID="word001303" HPOS="1833" VPOS="3824" WIDTH="144" HEIGHT="35" CONTENT="Robert" WC="0.87" CC="141100"/>
						<SP ID="P12_SP01249" HPOS="1977" VPOS="3865" WIDTH="32"/>
						<String ID="word001304" HPOS="2009" VPOS="3823" WIDTH="32" HEIGHT="35" CONTENT="K" WC="0.67" CC="3"/>
						<SP ID="P12_SP01250" HPOS="2041" VPOS="3865" WIDTH="12"/>
						<String ID="word001305" HPOS="2053" VPOS="3822" WIDTH="74" HEIGHT="43" CONTENT="ing," WC="0.67" CC="3333"/>
						<SP ID="P12_SP01251" HPOS="2127" VPOS="3865" WIDTH="20"/>
						<String ID="word001306" HPOS="2147" VPOS="3815" WIDTH="165" HEIGHT="46" CONTENT="master's" WC="0.99" CC="00000001"/>
						<SP ID="P12_SP01252" HPOS="2313" VPOS="3865" WIDTH="15"/>
						<String ID="word001307" HPOS="2328" VPOS="3821" WIDTH="98" HEIGHT="27" CONTENT="mate" WC="0.94" CC="0002"/>
						<SP ID="P12_SP01253" HPOS="2426" VPOS="3865" WIDTH="17"/>
						<String ID="word001308" HPOS="2443" VPOS="3824" WIDTH="13" HEIGHT="30" CONTENT=";" WC="0.78" CC="2"/>
						<SP ID="P12_SP01254" HPOS="2456" VPOS="3865" WIDTH="242"/>
						<String ID="word001309" HPOS="2698" VPOS="3806" WIDTH="124" HEIGHT="45" CONTENT="Boyd," WC="0.53" CC="64713"/>
						<SP ID="P12_SP01255" HPOS="2822" VPOS="3865" WIDTH="19"/>
						<String ID="word001310" HPOS="2841" VPOS="3814" WIDTH="93" HEIGHT="35" CONTENT="quar" SUBS_TYPE="HypPart1" SUBS_CONTENT="quarter" WC="1.00" CC="0000"/>
						<HYP HPOS="2934" VPOS="3814" WIDTH="22" CONTENT="-"/>
					</TextLine>
					<TextLine ID="P12_TL00146" HPOS="1618" VPOS="3852" WIDTH="1335" HEIGHT="70">
						<String ID="word001311" HPOS="1618" VPOS="3886" WIDTH="57" HEIGHT="27" CONTENT="ter" SUBS_TYPE="HypPart2" SUBS_CONTENT="quarter" WC="0.96" CC="010"/>
						<SP ID="P12_SP01256" HPOS="1675" VPOS="3913" WIDTH="13"/>
						<String ID="word001312" HPOS="1688" VPOS="3873" WIDTH="165" HEIGHT="38" CONTENT="master's" WC="0.97" CC="00001010"/>
						<SP ID="P12_SP01257" HPOS="1853" VPOS="3913" WIDTH="18"/>
						<String ID="word001313" HPOS="1871" VPOS="3879" WIDTH="97" HEIGHT="27" CONTENT="mate" WC="0.75" CC="2052" STYLEREFS="TXT_6"/>
						<SP ID="P12_SP01258" HPOS="1968" VPOS="3913" WIDTH="12"/>
						<String ID="word001314" HPOS="1980" VPOS="3883" WIDTH="9" HEIGHT="8" CONTENT="•" WC="0.22" CC="7" STYLEREFS="TXT_6"/>
						<SP ID="P12_SP01259" HPOS="1989" VPOS="3913" WIDTH="31"/>
						<String ID="word001315" HPOS="2020" VPOS="3870" WIDTH="129" HEIGHT="38" CONTENT="James" WC="0.91" CC="10030"/>
						<SP ID="P12_SP01260" HPOS="2148" VPOS="3913" WIDTH="21"/>
						<String ID="word001316" HPOS="2170" VPOS="3862" WIDTH="257" HEIGHT="59" CONTENT=".%ightiugale," WC="0.53" CC="6743335553533"/>
						<SP ID="P12_SP01261" HPOS="2427" VPOS="3921" WIDTH="34"/>
						<String ID="word001317" HPOS="2461" VPOS="3860" WIDTH="87" HEIGHT="34" CONTENT="able" WC="0.92" CC="1002"/>
						<SP ID="P12_SP01262" HPOS="2549" VPOS="3921" WIDTH="19"/>
						<String ID="word001318" HPOS="2568" VPOS="3870" WIDTH="11" HEIGHT="28" CONTENT=";" WC="0.78" CC="2"/>
						<SP ID="P12_SP01263" HPOS="2578" VPOS="3921" WIDTH="43"/>
						<String ID="word001319" HPOS="2621" VPOS="3856" WIDTH="129" HEIGHT="45" CONTENT="Henry" WC="0.84" CC="11401"/>
						<SP ID="P12_SP01264" HPOS="2750" VPOS="3921" WIDTH="21"/>
						<String ID="word001320" HPOS="2771" VPOS="3852" WIDTH="182" HEIGHT="43" CONTENT="Cailsted," WC="0.57" CC="334356533"/>
						<SP ID="P12_SP01265" HPOS="2953" VPOS="3921" WIDTH="0"/>
					</TextLine>
					<TextLine ID="P12_TL00147" HPOS="1619" VPOS="3895" WIDTH="1307" HEIGHT="68">
						<String ID="word001321" HPOS="1619" VPOS="3925" WIDTH="85" HEIGHT="34" CONTENT="able" WC="0.33" CC="6666" STYLEREFS="TXT_1"/>
						<SP ID="P12_SP01266" HPOS="1704" VPOS="3959" WIDTH="15"/>
						<String ID="word001322" HPOS="1720" VPOS="3935" WIDTH="13" HEIGHT="27" CONTENT=";" WC="1.00" CC="0"/>
						<SP ID="P12_SP01267" HPOS="1733" VPOS="3963" WIDTH="38"/>
						<String ID="word001323" HPOS="1770" VPOS="3920" WIDTH="171" HEIGHT="34" CONTENT="WilliaM" WC="0.67" CC="3223227"/>
						<SP ID="P12_SP01268" HPOS="1942" VPOS="3963" WIDTH="15"/>
						<String ID="word001324" HPOS="1957" VPOS="3895" WIDTH="137" HEIGHT="59" CONTENT="johns," WC="0.87" CC="320110"/>
						<SP ID="P12_SP01269" HPOS="2094" VPOS="3963" WIDTH="30"/>
						<String ID="word001325" HPOS="2124" VPOS="3913" WIDTH="176" HEIGHT="43" CONTENT="ordinary" WC="0.86" CC="11150110"/>
						<SP ID="P12_SP01270" HPOS="2300" VPOS="3963" WIDTH="17"/>
						<String ID="word001326" HPOS="2316" VPOS="3924" WIDTH="11" HEIGHT="27" CONTENT=";" WC="1.00" CC="0"/>
						<SP ID="P12_SP01271" HPOS="2327" VPOS="3963" WIDTH="46"/>
						<String ID="word001327" HPOS="2373" VPOS="3906" WIDTH="165" HEIGHT="38" CONTENT="Michael" WC="0.95" CC="0000012"/>
						<SP ID="P12_SP01272" HPOS="2538" VPOS="3963" WIDTH="31"/>
						<String ID="word001328" HPOS="2569" VPOS="3906" WIDTH="164" HEIGHT="44" CONTENT="Molley," WC="0.59" CC="3435434"/>
						<SP ID="P12_SP01273" HPOS="2733" VPOS="3963" WIDTH="17"/>
						<String ID="word001329" HPOS="2750" VPOS="3900" WIDTH="176" HEIGHT="46" CONTENT="ordinary" WC="0.76" CC="22222223"/>
						<SP ID="P12_SP01274" HPOS="2926" VPOS="3963" WIDTH="0"/>
					</TextLine>
					<TextLine ID="P12_TL00148" HPOS="1624" VPOS="3954" WIDTH="1063" HEIGHT="61">
						<String ID="word001330" HPOS="1624" VPOS="3970" WIDTH="142" HEIGHT="45" CONTENT="Joseph" WC="0.70" CC="532222"/>
						<SP ID="P12_SP01275" HPOS="1766" VPOS="4015" WIDTH="19"/>
						<String ID="word001331" HPOS="1785" VPOS="3967" WIDTH="138" HEIGHT="40" CONTENT="Shore," WC="0.96" CC="200000"/>
						<SP ID="P12_SP01276" HPOS="1923" VPOS="4015" WIDTH="19"/>
						<String ID="word001332" HPOS="1942" VPOS="3966" WIDTH="169" HEIGHT="40" CONTENT="marine;" WC="0.73" CC="1154330"/>
						<SP ID="P12_SP01277" HPOS="2111" VPOS="4015" WIDTH="26"/>
						<String ID="word001333" HPOS="2137" VPOS="3961" WIDTH="164" HEIGHT="37" CONTENT="Thomas" WC="0.89" CC="002121"/>
						<SP ID="P12_SP01278" HPOS="2301" VPOS="4015" WIDTH="15"/>
						<String ID="word001334" HPOS="2316" VPOS="3958" WIDTH="154" HEIGHT="39" CONTENT="Young," WC="0.91" CC="210011"/>
						<SP ID="P12_SP01279" HPOS="2470" VPOS="4015" WIDTH="15"/>
						<String ID="word001335" HPOS="2485" VPOS="3954" WIDTH="202" HEIGHT="34" CONTENT="drummer." WC="1.00" CC="00000000"/>
						<SP ID="P12_SP01280" HPOS="2687" VPOS="4015" WIDTH="0"/>
					</TextLine>
					<TextLine ID="P12_TL00149" HPOS="1674" VPOS="3993" WIDTH="1279" HEIGHT="66">
						<String ID="word001336" HPOS="1674" VPOS="4019" WIDTH="26" HEIGHT="32" CONTENT="1," WC="0.67" CC="33"/>
						<SP ID="P12_SP01281" HPOS="1700" VPOS="4051" WIDTH="13"/>
						<String ID="word001337" HPOS="1713" VPOS="4029" WIDTH="15" HEIGHT="24" CONTENT="4." WC="0.28" CC="67"/>
						<SP ID="P12_SP01282" HPOS="1728" VPOS="4052" WIDTH="9"/>
						<String ID="word001338" HPOS="1737" VPOS="4026" WIDTH="51" HEIGHT="26" CONTENT="TO" WC="0.94" CC="01"/>
						<SP ID="P12_SP01283" HPOS="1788" VPOS="4052" WIDTH="9"/>
						<String ID="word001339" HPOS="1798" VPOS="4025" WIDTH="21" HEIGHT="26" CONTENT="N" WC="0.67" CC="3"/>
						<SP ID="P12_SP01284" HPOS="1819" VPOS="4052" WIDTH="11"/>
						<String ID="word001340" HPOS="1830" VPOS="4013" WIDTH="236" HEIGHT="46" CONTENT="A—Slightly" WC="0.54" CC="3548833223" STYLEREFS="TXT_6"/>
						<SP ID="P12_SP01285" HPOS="2066" VPOS="4059" WIDTH="31"/>
						<String ID="word001341" HPOS="2096" VPOS="4006" WIDTH="295" HEIGHT="41" CONTENT="wounded—Mr." WC="0.63" CC="44333544322"/>
						<SP ID="P12_SP01286" HPOS="2392" VPOS="4059" WIDTH="26"/>
						<String ID="word001342" HPOS="2418" VPOS="4002" WIDTH="138" HEIGHT="47" CONTENT="Hoop," WC="0.93" CC="10101"/>
						<SP ID="P12_SP01287" HPOS="2556" VPOS="4059" WIDTH="31"/>
						<String ID="word001343" HPOS="2587" VPOS="3997" WIDTH="247" HEIGHT="47" CONTENT="midshipman" WC="0.88" CC="1101011312"/>
						<SP ID="P12_SP01288" HPOS="2833" VPOS="4059" WIDTH="14"/>
						<String ID="word001344" HPOS="2848" VPOS="4009" WIDTH="11" HEIGHT="27" CONTENT=";" WC="0.89" CC="1"/>
						<SP ID="P12_SP01289" HPOS="2858" VPOS="4059" WIDTH="48"/>
						<String ID="word001345" HPOS="2907" VPOS="3993" WIDTH="46" HEIGHT="37" CONTENT="A." WC="1.00" CC="00"/>
						<SP ID="P12_SP01290" HPOS="2953" VPOS="4059" WIDTH="0"/>
					</TextLine>
					<TextLine ID="P12_TL00150" HPOS="1628" VPOS="4065" WIDTH="330" HEIGHT="45">
						<String ID="word001346" HPOS="1628" VPOS="4065" WIDTH="143" HEIGHT="45" CONTENT="Hayes," WC="0.83" CC="303111"/>
						<SP ID="P12_SP01291" HPOS="1770" VPOS="4110" WIDTH="15"/>
						<String ID="word001347" HPOS="1786" VPOS="4071" WIDTH="171" HEIGHT="31" CONTENT="seaman;" WC="0.94" CC="1000120"/>
						<SP ID="P12_SP01292" HPOS="1957" VPOS="4110" WIDTH="0"/>
					</TextLine>
					<TextLine ID="P12_TL00151" HPOS="1985" VPOS="4048" WIDTH="976" HEIGHT="57">
						<String ID="word001348" HPOS="1985" VPOS="4058" WIDTH="20" HEIGHT="46" CONTENT="." STYLE="subscript" WC="0.67" CC="8"/>
						<String ID="word001349" HPOS="2006" VPOS="4058" WIDTH="40" HEIGHT="46" CONTENT="3." WC="0.67" CC="10"/>
						<SP ID="P12_SP01293" HPOS="2046" VPOS="4104" WIDTH="20"/>
						<String ID="word001350" HPOS="2066" VPOS="4058" WIDTH="191" HEIGHT="43" CONTENT="Arrogan," WC="0.93" CC="10111100"/>
						<SP ID="P12_SP01294" HPOS="2257" VPOS="4104" WIDTH="32"/>
						<String ID="word001351" HPOS="2289" VPOS="4063" WIDTH="175" HEIGHT="32" CONTENT="seaman.," WC="0.92" CC="00000060"/>
						<SP ID="P12_SP01295" HPOS="2464" VPOS="4104" WIDTH="39"/>
						<String ID="word001352" HPOS="2503" VPOS="4051" WIDTH="52" HEIGHT="35" CONTENT="D." WC="0.61" CC="61"/>
						<SP ID="P12_SP01296" HPOS="2555" VPOS="4104" WIDTH="31"/>
						<String ID="word001353" HPOS="2585" VPOS="4048" WIDTH="163" HEIGHT="45" CONTENT="Wright," WC="0.95" CC="2001000"/>
						<SP ID="P12_SP01297" HPOS="2748" VPOS="4104" WIDTH="33"/>
						<String ID="word001354" HPOS="2781" VPOS="4055" WIDTH="145" HEIGHT="26" CONTENT="seaman" WC="0.96" CC="001010"/>
						<SP ID="P12_SP01298" HPOS="2927" VPOS="4104" WIDTH="21"/>
						<String ID="word001355" HPOS="2948" VPOS="4054" WIDTH="13" HEIGHT="30" CONTENT=";" WC="1.00" CC="0"/>
						<SP ID="P12_SP01299" HPOS="2961" VPOS="4104" WIDTH="0"/>
					</TextLine>
					<TextLine ID="P12_TL00152" HPOS="1629" VPOS="4106" WIDTH="841" HEIGHT="50">
						<String ID="word001356" HPOS="1629" VPOS="4115" WIDTH="39" HEIGHT="35" CONTENT="J." WC="0.44" CC="64"/>
						<SP ID="P12_SP01300" HPOS="1668" VPOS="4150" WIDTH="24"/>
						<String ID="word001357" HPOS="1691" VPOS="4110" WIDTH="184" HEIGHT="45" CONTENT="Murphy," WC="0.92" CC="1101200"/>
						<SP ID="P12_SP01301" HPOS="1876" VPOS="4155" WIDTH="14"/>
						<String ID="word001358" HPOS="1890" VPOS="4107" WIDTH="176" HEIGHT="47" CONTENT="seaman;:" WC="0.53" CC="65154355"/>
						<SP ID="P12_SP01302" HPOS="2066" VPOS="4155" WIDTH="25"/>
						<String ID="word001359" HPOS="2091" VPOS="4106" WIDTH="40" HEIGHT="35" CONTENT="J." WC="1.00" CC="00"/>
						<SP ID="P12_SP01303" HPOS="2131" VPOS="4155" WIDTH="21"/>
						<String ID="word001360" HPOS="2152" VPOS="4106" WIDTH="139" HEIGHT="40" CONTENT="Anson," WC="0.80" CC="023321"/>
						<SP ID="P12_SP01304" HPOS="2291" VPOS="4155" WIDTH="18"/>
						<String ID="word001361" HPOS="2309" VPOS="4111" WIDTH="161" HEIGHT="26" CONTENT="seaman." WC="0.73" CC="1513241"/>
						<SP ID="P12_SP01305" HPOS="2470" VPOS="4155" WIDTH="0"/>
					</TextLine>
					<TextLine ID="P12_TL00153" HPOS="1646" VPOS="4141" WIDTH="1173" HEIGHT="58">
						<String ID="word001362" HPOS="1646" VPOS="4141" WIDTH="4" HEIGHT="58" CONTENT="•" WC="0.56" CC="4"/>
						<SP ID="P12_SP01306" HPOS="1650" VPOS="4199" WIDTH="31"/>
						<String ID="word001363" HPOS="1681" VPOS="4160" WIDTH="116" HEIGHT="39" CONTENT="Daly" WC="0.42" CC="3585"/>
						<SP ID="P12_SP01307" HPOS="1796" VPOS="4199" WIDTH="41"/>
						<String ID="word001364" HPOS="1838" VPOS="4155" WIDTH="236" HEIGHT="39" CONTENT="a—Thomas" WC="0.82" CC="35200111"/>
						<SP ID="P12_SP01308" HPOS="2074" VPOS="4199" WIDTH="13"/>
						<String ID="word001365" HPOS="2087" VPOS="4150" WIDTH="177" HEIGHT="44" CONTENT="Colville," WC="0.75" CC="233103431"/>
						<SP ID="P12_SP01309" HPOS="2264" VPOS="4199" WIDTH="17"/>
						<String ID="word001366" HPOS="2281" VPOS="4159" WIDTH="169" HEIGHT="34" CONTENT="wantan;" WC="0.33" CC="7378386"/>
						<SP ID="P12_SP01310" HPOS="2450" VPOS="4199" WIDTH="37"/>
						<String ID="word001367" HPOS="2486" VPOS="4147" WIDTH="26" HEIGHT="40" CONTENT="b" WC="0.56" CC="4"/>
						<SP ID="P12_SP01311" HPOS="2512" VPOS="4199" WIDTH="12"/>
						<String ID="word001368" HPOS="2524" VPOS="4144" WIDTH="76" HEIGHT="48" CONTENT="idly" WC="0.53" CC="5633"/>
						<SP ID="P12_SP01312" HPOS="2600" VPOS="4199" WIDTH="25"/>
						<String ID="word001369" HPOS="2624" VPOS="4141" WIDTH="195" HEIGHT="35" CONTENT="wounded." WC="0.93" CC="10301000"/>
						<SP ID="P12_SP01313" HPOS="2819" VPOS="4199" WIDTH="0"/>
					</TextLine>
					<TextLine ID="P12_TL00154" HPOS="2107" VPOS="4186" WIDTH="810" HEIGHT="60">
						<String ID="word001370" HPOS="2107" VPOS="4200" WIDTH="180" HEIGHT="46" CONTENT="(Signed)" WC="0.68" CC="52112345"/>
						<SP ID="P12_SP01314" HPOS="2287" VPOS="4246" WIDTH="379"/>
						<String ID="word001371" HPOS="2666" VPOS="4193" WIDTH="45" HEIGHT="38" CONTENT="G." WC="0.50" CC="63"/>
						<SP ID="P12_SP01315" HPOS="2711" VPOS="4246" WIDTH="25"/>
						<String ID="word001372" HPOS="2735" VPOS="4186" WIDTH="182" HEIGHT="39" CONTENT="SCOTT." WC="0.74" CC="355001"/>
						<SP ID="P12_SP01316" HPOS="2917" VPOS="4246" WIDTH="0"/>
					</TextLine>
				</TextBlock>
				<TextBlock ID="pa0012007" HPOS="392" VPOS="3296" WIDTH="939" HEIGHT="60" STYLEREFS="TXT_6 PAR_LEFT">
					<TextLine ID="P12_TL00155" HPOS="392" VPOS="3299" WIDTH="939" HEIGHT="57">
						<String ID="word001373" HPOS="392" VPOS="3314" WIDTH="129" HEIGHT="41" CONTENT="5.111" WC="0.30" CC="83678"/>
						<String ID="word001374" HPOS="521" VPOS="3314" WIDTH="26" HEIGHT="41" CONTENT="r" STYLE="superscript" WC="0.30" CC="7"/>
						<String ID="word001375" HPOS="547" VPOS="3314" WIDTH="26" HEIGHT="41" CONTENT="R" WC="0.30" CC="5"/>
						<SP ID="P12_SP01317" HPOS="573" VPOS="3356" WIDTH="12"/>
						<String ID="word001376" HPOS="585" VPOS="3313" WIDTH="77" HEIGHT="38" CONTENT="DA" WC="0.50" CC="54"/>
						<SP ID="P12_SP01318" HPOS="661" VPOS="3356" WIDTH="13"/>
						<String ID="word001377" HPOS="674" VPOS="3311" WIDTH="77" HEIGHT="38" CONTENT="I&#34;'S" WC="0.42" CC="6744"/>
						<SP ID="P12_SP01319" HPOS="751" VPOS="3356" WIDTH="25"/>
						<String ID="word001378" HPOS="776" VPOS="3304" WIDTH="236" HEIGHT="44" CONTENT="LONDON" WC="0.74" CC="024305"/>
						<SP ID="P12_SP01320" HPOS="1012" VPOS="3356" WIDTH="30"/>
						<String ID="word001379" HPOS="1042" VPOS="3299" WIDTH="289" HEIGHT="44" CONTENT="GdZETTE." WC="0.64" CC="35333333"/>
						<SP ID="P12_SP01321" HPOS="1331" VPOS="3356" WIDTH="0"/>
					</TextLine>
				</TextBlock>
				<TextBlock ID="pa0012008" HPOS="188" VPOS="3400" WIDTH="1375" HEIGHT="885" STYLEREFS="TXT_3 PAR_LEFT">
					<TextLine ID="P12_TL00156" HPOS="501" VPOS="3404" WIDTH="731" HEIGHT="57">
						<String ID="word001380" HPOS="501" VPOS="3418" WIDTH="219" HEIGHT="43" CONTENT="Admiralty" WC="0.75" CC="101331443" STYLEREFS="TXT_4"/>
						<SP ID="P12_SP01322" HPOS="719" VPOS="3461" WIDTH="28"/>
						<String ID="word001381" HPOS="748" VPOS="3416" WIDTH="124" HEIGHT="44" CONTENT="Office," WC="0.56" CC="1555651" STYLEREFS="TXT_6"/>
						<SP ID="P12_SP01323" HPOS="872" VPOS="3461" WIDTH="44"/>
						<String ID="word001382" HPOS="915" VPOS="3409" WIDTH="115" HEIGHT="45" CONTENT="April" WC="0.64" CC="32434" STYLEREFS="TXT_4"/>
						<SP ID="P12_SP01324" HPOS="1030" VPOS="3461" WIDTH="11"/>
						<String ID="word001383" HPOS="1041" VPOS="3407" WIDTH="64" HEIGHT="38" CONTENT="22," WC="0.19" CC="886" STYLEREFS="TXT_4"/>
						<SP ID="P12_SP01325" HPOS="1104" VPOS="3461" WIDTH="22"/>
						<String ID="word001384" HPOS="1127" VPOS="3404" WIDTH="105" HEIGHT="33" CONTENT="LSOI." WC="0.35" CC="74783"/>
						<SP ID="P12_SP01326" HPOS="1232" VPOS="3461" WIDTH="0"/>
					</TextLine>
					<TextLine ID="P12_TL00157" HPOS="624" VPOS="3456" WIDTH="913" HEIGHT="64">
						<String ID="word001385" HPOS="624" VPOS="3481" WIDTH="72" HEIGHT="33" CONTENT="His" WC="0.56" CC="714" STYLEREFS="TXT_4"/>
						<SP ID="P12_SP01327" HPOS="696" VPOS="3514" WIDTH="20"/>
						<String ID="word001386" HPOS="716" VPOS="3472" WIDTH="190" HEIGHT="47" CONTENT="Majesty's" WC="0.79" CC="331121330" STYLEREFS="TXT_4"/>
						<SP ID="P12_SP01328" HPOS="906" VPOS="3520" WIDTH="22"/>
						<String ID="word001387" HPOS="928" VPOS="3474" WIDTH="87" HEIGHT="38" CONTENT="Ship" WC="0.86" CC="1310" STYLEREFS="TXT_4"/>
						<SP ID="P12_SP01329" HPOS="1016" VPOS="3520" WIDTH="26"/>
						<String ID="word001388" HPOS="1042" VPOS="3467" WIDTH="174" HEIGHT="35" CONTENT="Horatio," WC="0.64" CC="65016170" STYLEREFS="TXT_4"/>
						<SP ID="P12_SP01330" HPOS="1215" VPOS="3520" WIDTH="28"/>
						<String ID="word001389" HPOS="1244" VPOS="3461" WIDTH="85" HEIGHT="34" CONTENT="Feb." WC="0.53" CC="6713" STYLEREFS="TXT_4"/>
						<SP ID="P12_SP01331" HPOS="1329" VPOS="3520" WIDTH="24"/>
						<String ID="word001390" HPOS="1352" VPOS="3458" WIDTH="56" HEIGHT="38" CONTENT="19," WC="0.93" CC="011"/>
						<SP ID="P12_SP01332" HPOS="1408" VPOS="3520" WIDTH="22"/>
						<String ID="word001391" HPOS="1430" VPOS="3456" WIDTH="64" HEIGHT="37" CONTENT="ISO" WC="0.49" CC="355"/>
						<SP ID="P12_SP01333" HPOS="1494" VPOS="3520" WIDTH="0"/>
						<String ID="word001392" HPOS="1494" VPOS="3456" WIDTH="43" HEIGHT="37" CONTENT="9." WC="0.49" CC="50"/>
						<SP ID="P12_SP01334" HPOS="1537" VPOS="3520" WIDTH="0"/>
					</TextLine>
					<TextLine ID="P12_TL00158" HPOS="246" VPOS="3506" WIDTH="1296" HEIGHT="66">
						<String ID="word001393" HPOS="246" VPOS="3535" WIDTH="148" HEIGHT="37" CONTENT="SIR—T" WC="0.69" CC="33332"/>
						<SP ID="P12_SP01335" HPOS="393" VPOS="3572" WIDTH="22"/>
						<String ID="word001394" HPOS="416" VPOS="3534" WIDTH="93" HEIGHT="33" CONTENT="have" WC="0.94" CC="0101"/>
						<SP ID="P12_SP01336" HPOS="509" VPOS="3572" WIDTH="18"/>
						<String ID="word001395" HPOS="527" VPOS="3529" WIDTH="63" HEIGHT="35" CONTENT="the" WC="0.96" CC="001"/>
						<SP ID="P12_SP01337" HPOS="589" VPOS="3572" WIDTH="20"/>
						<String ID="word001396" HPOS="609" VPOS="3528" WIDTH="144" HEIGHT="33" CONTENT="honour" WC="0.52" CC="167363"/>
						<SP ID="P12_SP01338" HPOS="754" VPOS="3572" WIDTH="19"/>
						<String ID="word001397" HPOS="772" VPOS="3528" WIDTH="37" HEIGHT="30" CONTENT="to" WC="0.94" CC="01"/>
						<SP ID="P12_SP01339" HPOS="809" VPOS="3572" WIDTH="19"/>
						<String ID="word001398" HPOS="828" VPOS="3520" WIDTH="176" HEIGHT="46" CONTENT="acquaint" WC="0.81" CC="11111441"/>
						<SP ID="P12_SP01340" HPOS="1004" VPOS="3572" WIDTH="22"/>
						<String ID="word001399" HPOS="1026" VPOS="3526" WIDTH="87" HEIGHT="34" CONTENT="you," WC="0.44" CC="6275"/>
						<SP ID="P12_SP01341" HPOS="1114" VPOS="3572" WIDTH="20"/>
						<String ID="word001400" HPOS="1134" VPOS="3513" WIDTH="96" HEIGHT="35" CONTENT="that," WC="0.76" CC="23312"/>
						<SP ID="P12_SP01342" HPOS="1230" VPOS="3572" WIDTH="27"/>
						<String ID="word001401" HPOS="1257" VPOS="3509" WIDTH="34" HEIGHT="32" CONTENT="in" WC="0.72" CC="14"/>
						<SP ID="P12_SP01343" HPOS="1291" VPOS="3572" WIDTH="24"/>
						<String ID="word001402" HPOS="1315" VPOS="3506" WIDTH="227" HEIGHT="46" CONTENT="performing" WC="0.94" CC="1000101002"/>
						<SP ID="P12_SP01344" HPOS="1541" VPOS="3572" WIDTH="0"/>
					</TextLine>
					<TextLine ID="P12_TL00159" HPOS="191" VPOS="3554" WIDTH="1351" HEIGHT="71">
						<String ID="word001403" HPOS="191" VPOS="3589" WIDTH="129" HEIGHT="35" CONTENT="erAers" WC="0.50" CC="538335"/>
						<SP ID="P12_SP01345" HPOS="320" VPOS="3625" WIDTH="14"/>
						<String ID="word001404" HPOS="334" VPOS="3585" WIDTH="35" HEIGHT="33" CONTENT="in" WC="1.00" CC="00"/>
						<SP ID="P12_SP01346" HPOS="370" VPOS="3625" WIDTH="11"/>
						<String ID="word001405" HPOS="380" VPOS="3582" WIDTH="65" HEIGHT="34" CONTENT="the" WC="0.89" CC="030"/>
						<SP ID="P12_SP01347" HPOS="445" VPOS="3625" WIDTH="18"/>
						<String ID="word001406" HPOS="463" VPOS="3578" WIDTH="170" HEIGHT="43" CONTENT="morning" WC="0.79" CC="3601120"/>
						<SP ID="P12_SP01348" HPOS="633" VPOS="3625" WIDTH="17"/>
						<String ID="word001407" HPOS="650" VPOS="3574" WIDTH="46" HEIGHT="33" CONTENT="of" WC="0.94" CC="01"/>
						<SP ID="P12_SP01349" HPOS="696" VPOS="3625" WIDTH="14"/>
						<String ID="word001408" HPOS="710" VPOS="3573" WIDTH="60" HEIGHT="33" CONTENT="the" WC="0.89" CC="210"/>
						<SP ID="P12_SP01350" HPOS="770" VPOS="3625" WIDTH="15"/>
						<String ID="word001409" HPOS="785" VPOS="3572" WIDTH="86" HEIGHT="34" CONTENT="10th" WC="0.92" CC="1101"/>
						<SP ID="P12_SP01351" HPOS="872" VPOS="3625" WIDTH="20"/>
						<String ID="word001410" HPOS="892" VPOS="3570" WIDTH="149" HEIGHT="33" CONTENT="instant," WC="0.68" CC="34315412"/>
						<SP ID="P12_SP01352" HPOS="1041" VPOS="3625" WIDTH="27"/>
						<String ID="word001411" HPOS="1068" VPOS="3563" WIDTH="34" HEIGHT="32" CONTENT="in" WC="0.89" CC="02"/>
						<SP ID="P12_SP01353" HPOS="1102" VPOS="3625" WIDTH="25"/>
						<String ID="word001412" HPOS="1127" VPOS="3561" WIDTH="67" HEIGHT="32" CONTENT="Eat" WC="0.67" CC="711"/>
						<SP ID="P12_SP01354" HPOS="1194" VPOS="3625" WIDTH="20"/>
						<String ID="word001413" HPOS="1214" VPOS="3557" WIDTH="41" HEIGHT="33" CONTENT="19" WC="1.00" CC="00"/>
						<SP ID="P12_SP01355" HPOS="1256" VPOS="3625" WIDTH="14"/>
						<String ID="word001414" HPOS="1270" VPOS="3555" WIDTH="47" HEIGHT="34" CONTENT="50" WC="0.94" CC="01"/>
						<SP ID="P12_SP01356" HPOS="1317" VPOS="3625" WIDTH="37"/>
						<String ID="word001415" HPOS="1354" VPOS="3554" WIDTH="47" HEIGHT="34" CONTENT="N." WC="0.94" CC="10"/>
						<SP ID="P12_SP01357" HPOS="1401" VPOS="3625" WIDTH="26"/>
						<String ID="word001416" HPOS="1427" VPOS="3554" WIDTH="115" HEIGHT="40" CONTENT="Long," WC="0.98" CC="10000"/>
						<SP ID="P12_SP01358" HPOS="1541" VPOS="3625" WIDTH="0"/>
					</TextLine>
					<TextLine ID="P12_TL00160" HPOS="189" VPOS="3599" WIDTH="1354" HEIGHT="74">
						<String ID="word001417" HPOS="189" VPOS="3640" WIDTH="48" HEIGHT="33" CONTENT="033" WC="0.41" CC="871"/>
						<SP ID="P12_SP01359" HPOS="237" VPOS="3673" WIDTH="18"/>
						<String ID="word001418" HPOS="255" VPOS="3635" WIDTH="48" HEIGHT="35" CONTENT="30" WC="0.94" CC="10"/>
						<SP ID="P12_SP01360" HPOS="304" VPOS="3673" WIDTH="30"/>
						<String ID="word001419" HPOS="333" VPOS="3632" WIDTH="61" HEIGHT="33" CONTENT="W." WC="0.94" CC="10"/>
						<SP ID="P12_SP01361" HPOS="394" VPOS="3673" WIDTH="35"/>
						<String ID="word001420" HPOS="430" VPOS="3626" WIDTH="171" HEIGHT="44" CONTENT="standing" WC="0.90" CC="10410100"/>
						<SP ID="P12_SP01362" HPOS="601" VPOS="3673" WIDTH="14"/>
						<String ID="word001421" HPOS="615" VPOS="3625" WIDTH="34" HEIGHT="32" CONTENT="in" WC="0.72" CC="32"/>
						<SP ID="P12_SP01363" HPOS="650" VPOS="3673" WIDTH="20"/>
						<String ID="word001422" HPOS="670" VPOS="3621" WIDTH="65" HEIGHT="33" CONTENT="the" WC="1.00" CC="000"/>
						<SP ID="P12_SP01364" HPOS="735" VPOS="3673" WIDTH="15"/>
						<String ID="word001423" HPOS="750" VPOS="3615" WIDTH="178" HEIGHT="39" CONTENT="larboard" WC="0.90" CC="41001100"/>
						<SP ID="P12_SP01365" HPOS="928" VPOS="3673" WIDTH="28"/>
						<String ID="word001424" HPOS="957" VPOS="3613" WIDTH="104" HEIGHT="39" CONTENT="tack," WC="0.93" CC="00300"/>
						<SP ID="P12_SP01366" HPOS="1061" VPOS="3673" WIDTH="25"/>
						<String ID="word001425" HPOS="1085" VPOS="3605" WIDTH="118" HEIGHT="46" CONTENT="ship's" WC="0.80" CC="100253"/>
						<SP ID="P12_SP01367" HPOS="1204" VPOS="3673" WIDTH="33"/>
						<String ID="word001426" HPOS="1237" VPOS="3604" WIDTH="92" HEIGHT="34" CONTENT="head" WC="0.97" CC="0010"/>
						<SP ID="P12_SP01368" HPOS="1329" VPOS="3673" WIDTH="17"/>
						<String ID="word001427" HPOS="1345" VPOS="3600" WIDTH="107" HEIGHT="37" CONTENT="south" WC="0.58" CC="53335"/>
						<SP ID="P12_SP01369" HPOS="1453" VPOS="3673" WIDTH="19"/>
						<String ID="word001428" HPOS="1472" VPOS="3599" WIDTH="71" HEIGHT="34" CONTENT="and" WC="0.96" CC="100"/>
						<SP ID="P12_SP01370" HPOS="1543" VPOS="3673" WIDTH="0"/>
					</TextLine>
					<TextLine ID="P12_TL00161" HPOS="190" VPOS="3646" WIDTH="1354" HEIGHT="84">
						<String ID="word001429" HPOS="190" VPOS="3687" WIDTH="51" HEIGHT="43" CONTENT="by" WC="0.94" CC="10"/>
						<SP ID="P12_SP01371" HPOS="241" VPOS="3730" WIDTH="19"/>
						<String ID="word001430" HPOS="260" VPOS="3685" WIDTH="92" HEIGHT="38" CONTENT="east," WC="0.95" CC="11000"/>
						<SP ID="P12_SP01372" HPOS="352" VPOS="3730" WIDTH="27"/>
						<String ID="word001431" HPOS="379" VPOS="3679" WIDTH="65" HEIGHT="34" CONTENT="the" WC="1.00" CC="000"/>
						<SP ID="P12_SP01373" HPOS="444" VPOS="3730" WIDTH="22"/>
						<String ID="word001432" HPOS="467" VPOS="3673" WIDTH="138" HEIGHT="37" CONTENT="Driver" WC="0.87" CC="311101"/>
						<SP ID="P12_SP01374" HPOS="605" VPOS="3730" WIDTH="12"/>
						<String ID="word001433" HPOS="617" VPOS="3671" WIDTH="107" HEIGHT="41" CONTENT="sloop" WC="0.91" CC="01120"/>
						<SP ID="P12_SP01375" HPOS="724" VPOS="3730" WIDTH="30"/>
						<String ID="word001434" HPOS="754" VPOS="3667" WIDTH="41" HEIGHT="32" CONTENT="of" WC="1.00" CC="00"/>
						<SP ID="P12_SP01376" HPOS="795" VPOS="3730" WIDTH="17"/>
						<String ID="word001435" HPOS="811" VPOS="3674" WIDTH="81" HEIGHT="25" CONTENT="war" WC="0.96" CC="100"/>
						<SP ID="P12_SP01377" HPOS="893" VPOS="3730" WIDTH="20"/>
						<String ID="word001436" HPOS="913" VPOS="3661" WIDTH="111" HEIGHT="35" CONTENT="under" WC="0.82" CC="00350"/>
						<SP ID="P12_SP01378" HPOS="1024" VPOS="3730" WIDTH="21"/>
						<String ID="word001437" HPOS="1045" VPOS="3666" WIDTH="60" HEIGHT="33" CONTENT="my" WC="1.00" CC="00"/>
						<SP ID="P12_SP01379" HPOS="1106" VPOS="3730" WIDTH="20"/>
						<String ID="word001438" HPOS="1126" VPOS="3653" WIDTH="142" HEIGHT="40" CONTENT="orders," WC="0.76" CC="3144102"/>
						<SP ID="P12_SP01380" HPOS="1267" VPOS="3730" WIDTH="15"/>
						<String ID="word001439" HPOS="1283" VPOS="3652" WIDTH="116" HEIGHT="32" CONTENT="abont" WC="0.67" CC="33333"/>
						<SP ID="P12_SP01381" HPOS="1398" VPOS="3730" WIDTH="20"/>
						<String ID="word001440" HPOS="1419" VPOS="3646" WIDTH="125" HEIGHT="35" CONTENT="fifteen" WC="0.87" CC="2213000"/>
						<SP ID="P12_SP01382" HPOS="1544" VPOS="3730" WIDTH="0"/>
					</TextLine>
					<TextLine ID="P12_TL00162" HPOS="191" VPOS="3697" WIDTH="1347" HEIGHT="72">
						<String ID="word001441" HPOS="191" VPOS="3745" WIDTH="44" HEIGHT="24" CONTENT="or" WC="0.56" CC="53"/>
						<SP ID="P12_SP01383" HPOS="235" VPOS="3769" WIDTH="18"/>
						<String ID="word001442" HPOS="253" VPOS="3732" WIDTH="146" HEIGHT="32" CONTENT="sixteen" WC="0.82" CC="4320011"/>
						<SP ID="P12_SP01384" HPOS="399" VPOS="3769" WIDTH="35"/>
						<String ID="word001443" HPOS="435" VPOS="3723" WIDTH="104" HEIGHT="35" CONTENT="miles" WC="0.62" CC="32435"/>
						<SP ID="P12_SP01385" HPOS="539" VPOS="3769" WIDTH="33"/>
						<String ID="word001444" HPOS="572" VPOS="3718" WIDTH="130" HEIGHT="43" CONTENT="nearly" WC="0.69" CC="661130"/>
						<SP ID="P12_SP01386" HPOS="702" VPOS="3769" WIDTH="20"/>
						<String ID="word001445" HPOS="722" VPOS="3720" WIDTH="136" HEIGHT="33" CONTENT="astern," STYLE="superscript" WC="0.95" CC="0011010"/>
						<SP ID="P12_SP01387" HPOS="857" VPOS="3769" WIDTH="27"/>
						<String ID="word001446" HPOS="885" VPOS="3717" WIDTH="39" HEIGHT="28" CONTENT="at" STYLE="superscript" WC="1.00" CC="00"/>
						<SP ID="P12_SP01388" HPOS="924" VPOS="3769" WIDTH="28"/>
						<String ID="word001447" HPOS="952" VPOS="3705" WIDTH="180" HEIGHT="45" CONTENT="half-past" WC="0.76" CC="114244111"/>
						<SP ID="P12_SP01389" HPOS="1131" VPOS="3769" WIDTH="21"/>
						<String ID="word001448" HPOS="1153" VPOS="3709" WIDTH="77" HEIGHT="31" CONTENT="ten," WC="0.75" CC="1512"/>
						<SP ID="P12_SP01390" HPOS="1230" VPOS="3769" WIDTH="33"/>
						<String ID="word001449" HPOS="1263" VPOS="3697" WIDTH="111" HEIGHT="35" CONTENT="A.M." WC="0.56" CC="5353"/>
						<SP ID="P12_SP01391" HPOS="1374" VPOS="3769" WIDTH="30"/>
						<String ID="word001450" HPOS="1403" VPOS="3704" WIDTH="77" HEIGHT="28" CONTENT="saw" WC="0.74" CC="241"/>
						<SP ID="P12_SP01392" HPOS="1480" VPOS="3769" WIDTH="35"/>
						<String ID="word001451" HPOS="1515" VPOS="3704" WIDTH="22" HEIGHT="22" CONTENT="a" WC="0.89" CC="1"/>
						<SP ID="P12_SP01393" HPOS="1538" VPOS="3769" WIDTH="0"/>
					</TextLine>
					<TextLine ID="P12_TL00163" HPOS="195" VPOS="3743" WIDTH="1354" HEIGHT="77">
						<String ID="word001452" HPOS="195" VPOS="3782" WIDTH="87" HEIGHT="38" CONTENT="sail," WC="0.80" CC="32310"/>
						<SP ID="P12_SP01394" HPOS="282" VPOS="3820" WIDTH="20"/>
						<String ID="word001453" HPOS="302" VPOS="3787" WIDTH="45" HEIGHT="25" CONTENT="on" WC="1.00" CC="00"/>
						<SP ID="P12_SP01395" HPOS="347" VPOS="3820" WIDTH="26"/>
						<String ID="word001454" HPOS="373" VPOS="3783" WIDTH="72" HEIGHT="25" CONTENT="our" WC="1.00" CC="000"/>
						<SP ID="P12_SP01396" HPOS="445" VPOS="3820" WIDTH="15"/>
						<String ID="word001455" HPOS="461" VPOS="3772" WIDTH="59" HEIGHT="33" CONTENT="lee" WC="0.96" CC="100"/>
						<SP ID="P12_SP01397" HPOS="520" VPOS="3820" WIDTH="20"/>
						<String ID="word001456" HPOS="540" VPOS="3769" WIDTH="104" HEIGHT="38" CONTENT="how," WC="0.97" CC="0001"/>
						<SP ID="P12_SP01398" HPOS="644" VPOS="3820" WIDTH="26"/>
						<String ID="word001457" HPOS="670" VPOS="3763" WIDTH="72" HEIGHT="37" CONTENT="and" WC="0.93" CC="101"/>
						<SP ID="P12_SP01399" HPOS="742" VPOS="3820" WIDTH="27"/>
						<String ID="word001458" HPOS="769" VPOS="3759" WIDTH="150" HEIGHT="41" CONTENT="shortly" WC="0.97" CC="0110000"/>
						<SP ID="P12_SP01400" HPOS="919" VPOS="3820" WIDTH="28"/>
						<String ID="word001459" HPOS="947" VPOS="3750" WIDTH="222" HEIGHT="40" CONTENT="afterwards" WC="0.83" CC="0332101104"/>
						<SP ID="P12_SP01401" HPOS="1169" VPOS="3820" WIDTH="25"/>
						<String ID="word001460" HPOS="1194" VPOS="3746" WIDTH="174" HEIGHT="35" CONTENT="another." WC="0.99" CC="00100000"/>
						<SP ID="P12_SP01402" HPOS="1368" VPOS="3820" WIDTH="52"/>
						<String ID="word001461" HPOS="1420" VPOS="3743" WIDTH="46" HEIGHT="33" CONTENT="In" WC="0.83" CC="21"/>
						<SP ID="P12_SP01403" HPOS="1466" VPOS="3820" WIDTH="19"/>
						<String ID="word001462" HPOS="1485" VPOS="3743" WIDTH="64" HEIGHT="33" CONTENT="the" WC="0.96" CC="001"/>
						<SP ID="P12_SP01404" HPOS="1548" VPOS="3820" WIDTH="0"/>
					</TextLine>
					<TextLine ID="P12_TL00164" HPOS="216" VPOS="3789" WIDTH="1334" HEIGHT="74">
						<String ID="word001463" HPOS="216" VPOS="3837" WIDTH="18" HEIGHT="26" CONTENT="0" STYLE="subscript" WC="0.26" CC="7"/>
						<String ID="word001464" HPOS="234" VPOS="3837" WIDTH="35" HEIGHT="26" CONTENT="0r" WC="0.26" CC="83"/>
						<String ID="word001465" HPOS="269" VPOS="3837" WIDTH="18" HEIGHT="26" CONTENT="," STYLE="superscript" WC="0.26" CC="8"/>
						<String ID="word001466" HPOS="287" VPOS="3837" WIDTH="35" HEIGHT="26" CONTENT=".e" WC="0.26" CC="68"/>
						<SP ID="P12_SP01405" HPOS="322" VPOS="3863" WIDTH="18"/>
						<String ID="word001467" HPOS="340" VPOS="3822" WIDTH="47" HEIGHT="40" CONTENT="of" WC="0.83" CC="30"/>
						<SP ID="P12_SP01406" HPOS="387" VPOS="3863" WIDTH="11"/>
						<String ID="word001468" HPOS="398" VPOS="3831" WIDTH="47" HEIGHT="24" CONTENT="an" WC="0.94" CC="10"/>
						<SP ID="P12_SP01407" HPOS="445" VPOS="3863" WIDTH="19"/>
						<String ID="word001469" HPOS="464" VPOS="3819" WIDTH="96" HEIGHT="33" CONTENT="hour" WC="0.97" CC="1000"/>
						<SP ID="P12_SP01408" HPOS="560" VPOS="3863" WIDTH="20"/>
						<String ID="word001470" HPOS="580" VPOS="3824" WIDTH="58" HEIGHT="24" CONTENT="we" WC="0.94" CC="01"/>
						<SP ID="P12_SP01409" HPOS="638" VPOS="3863" WIDTH="18"/>
						<String ID="word001471" HPOS="656" VPOS="3807" WIDTH="216" HEIGHT="39" CONTENT="dibcovered" WC="0.92" CC="0150000100"/>
						<SP ID="P12_SP01410" HPOS="872" VPOS="3863" WIDTH="19"/>
						<String ID="word001472" HPOS="891" VPOS="3807" WIDTH="65" HEIGHT="34" CONTENT="the" WC="0.96" CC="001"/>
						<SP ID="P12_SP01411" HPOS="956" VPOS="3863" WIDTH="18"/>
						<String ID="word001473" HPOS="973" VPOS="3803" WIDTH="57" HEIGHT="33" CONTENT="lee" WC="0.96" CC="100"/>
						<SP ID="P12_SP01412" HPOS="1030" VPOS="3863" WIDTH="18"/>
						<String ID="word001474" HPOS="1048" VPOS="3808" WIDTH="70" HEIGHT="25" CONTENT="one" WC="0.96" CC="001"/>
						<SP ID="P12_SP01413" HPOS="1117" VPOS="3863" WIDTH="22"/>
						<String ID="word001475" HPOS="1140" VPOS="3794" WIDTH="188" HEIGHT="44" CONTENT="evidently" WC="0.89" CC="140001111"/>
						<SP ID="P12_SP01414" HPOS="1328" VPOS="3863" WIDTH="31"/>
						<String ID="word001476" HPOS="1358" VPOS="3796" WIDTH="25" HEIGHT="30" CONTENT="t." WC="0.67" CC="24"/>
						<SP ID="P12_SP01415" HPOS="1383" VPOS="3863" WIDTH="45"/>
						<String ID="word001477" HPOS="1428" VPOS="3789" WIDTH="46" HEIGHT="34" CONTENT="be" WC="0.89" CC="11"/>
						<SP ID="P12_SP01416" HPOS="1474" VPOS="3863" WIDTH="31"/>
						<String ID="word001478" HPOS="1505" VPOS="3798" WIDTH="45" HEIGHT="24" CONTENT="an" WC="0.94" CC="01"/>
						<SP ID="P12_SP01417" HPOS="1550" VPOS="3863" WIDTH="0"/>
					</TextLine>
					<TextLine ID="P12_TL00165" HPOS="194" VPOS="3837" WIDTH="1357" HEIGHT="82">
						<String ID="word001479" HPOS="194" VPOS="3873" WIDTH="163" HEIGHT="46" CONTENT="enemy's" WC="0.67" CC="1753113"/>
						<SP ID="P12_SP01418" HPOS="357" VPOS="3919" WIDTH="31"/>
						<String ID="word001480" HPOS="387" VPOS="3869" WIDTH="156" HEIGHT="43" CONTENT="frigate," WC="0.94" CC="00111100"/>
						<SP ID="P12_SP01419" HPOS="543" VPOS="3919" WIDTH="24"/>
						<String ID="word001481" HPOS="567" VPOS="3861" WIDTH="72" HEIGHT="35" CONTENT="and" WC="0.93" CC="101"/>
						<SP ID="P12_SP01420" HPOS="639" VPOS="3919" WIDTH="15"/>
						<String ID="word001482" HPOS="654" VPOS="3860" WIDTH="66" HEIGHT="34" CONTENT="the" WC="1.00" CC="000"/>
						<SP ID="P12_SP01421" HPOS="720" VPOS="3919" WIDTH="18"/>
						<String ID="word001483" HPOS="738" VPOS="3856" WIDTH="111" HEIGHT="35" CONTENT="other" WC="0.98" CC="00100"/>
						<SP ID="P12_SP01422" HPOS="849" VPOS="3919" WIDTH="17"/>
						<String ID="word001484" HPOS="866" VPOS="3862" WIDTH="72" HEIGHT="26" CONTENT="one" WC="1.00" CC="000"/>
						<SP ID="P12_SP01423" HPOS="938" VPOS="3919" WIDTH="21"/>
						<String ID="word001485" HPOS="959" VPOS="3853" WIDTH="20" HEIGHT="34" CONTENT="I" WC="0.67" CC="3"/>
						<SP ID="P12_SP01424" HPOS="979" VPOS="3919" WIDTH="20"/>
						<String ID="word001486" HPOS="999" VPOS="3847" WIDTH="93" HEIGHT="37" CONTENT="took" WC="1.00" CC="0000"/>
						<SP ID="P12_SP01425" HPOS="1093" VPOS="3919" WIDTH="18"/>
						<String ID="word001487" HPOS="1110" VPOS="3854" WIDTH="39" HEIGHT="26" CONTENT="to" WC="1.00" CC="00"/>
						<SP ID="P12_SP01426" HPOS="1149" VPOS="3919" WIDTH="13"/>
						<String ID="word001488" HPOS="1162" VPOS="3844" WIDTH="47" HEIGHT="34" CONTENT="be" WC="0.83" CC="03"/>
						<SP ID="P12_SP01427" HPOS="1209" VPOS="3919" WIDTH="17"/>
						<String ID="word001489" HPOS="1226" VPOS="3853" WIDTH="48" HEIGHT="31" CONTENT="an" WC="0.94" CC="01"/>
						<SP ID="P12_SP01428" HPOS="1274" VPOS="3919" WIDTH="20"/>
						<String ID="word001490" HPOS="1294" VPOS="3837" WIDTH="154" HEIGHT="47" CONTENT="English" WC="0.86" CC="1312002"/>
						<SP ID="P12_SP01429" HPOS="1448" VPOS="3919" WIDTH="19"/>
						<String ID="word001491" HPOS="1467" VPOS="3837" WIDTH="84" HEIGHT="44" CONTENT="brig" WC="1.00" CC="0000"/>
						<SP ID="P12_SP01430" HPOS="1551" VPOS="3919" WIDTH="0"/>
					</TextLine>
					<TextLine ID="P12_TL00166" HPOS="196" VPOS="3913" WIDTH="422" HEIGHT="49">
						<String ID="word001492" HPOS="196" VPOS="3926" WIDTH="45" HEIGHT="34" CONTENT="of" WC="1.00" CC="00"/>
						<SP ID="P12_SP01431" HPOS="241" VPOS="3960" WIDTH="18"/>
						<String ID="word001493" HPOS="259" VPOS="3933" WIDTH="78" HEIGHT="24" CONTENT="war" WC="0.74" CC="151"/>
						<SP ID="P12_SP01432" HPOS="337" VPOS="3960" WIDTH="17"/>
						<String ID="word001494" HPOS="353" VPOS="3917" WIDTH="165" HEIGHT="45" CONTENT="dogging" WC="0.98" CC="0000010"/>
						<SP ID="P12_SP01433" HPOS="519" VPOS="3961" WIDTH="19"/>
						<String ID="word001495" HPOS="537" VPOS="3913" WIDTH="80" HEIGHT="33" CONTENT="her." WC="0.97" CC="0100"/>
						<SP ID="P12_SP01434" HPOS="618" VPOS="3961" WIDTH="0"/>
					</TextLine>
					<TextLine ID="P12_TL00167" HPOS="246" VPOS="3931" WIDTH="1309" HEIGHT="77">
						<String ID="word001496" HPOS="246" VPOS="3972" WIDTH="84" HEIGHT="35" CONTENT="The" WC="0.67" CC="144"/>
						<SP ID="P12_SP01435" HPOS="330" VPOS="4007" WIDTH="15"/>
						<String ID="word001497" HPOS="345" VPOS="3961" WIDTH="165" HEIGHT="45" CONTENT="enemy's" WC="0.78" CC="3113114"/>
						<SP ID="P12_SP01436" HPOS="510" VPOS="4007" WIDTH="35"/>
						<String ID="word001498" HPOS="546" VPOS="3958" WIDTH="141" HEIGHT="43" CONTENT="frigate" WC="0.89" CC="0131011"/>
						<SP ID="P12_SP01437" HPOS="686" VPOS="4007" WIDTH="31"/>
						<String ID="word001499" HPOS="717" VPOS="3963" WIDTH="47" HEIGHT="25" CONTENT="en" WC="0.72" CC="50"/>
						<SP ID="P12_SP01438" HPOS="764" VPOS="4007" WIDTH="30"/>
						<String ID="word001500" HPOS="794" VPOS="3947" WIDTH="161" HEIGHT="44" CONTENT="making" WC="1.00" CC="000000"/>
						<SP ID="P12_SP01439" HPOS="954" VPOS="4007" WIDTH="19"/>
						<String ID="word001501" HPOS="973" VPOS="3954" WIDTH="38" HEIGHT="24" CONTENT="us" WC="0.89" CC="11"/>
						<SP ID="P12_SP01440" HPOS="1011" VPOS="4007" WIDTH="18"/>
						<String ID="word001502" HPOS="1029" VPOS="3945" WIDTH="67" HEIGHT="33" CONTENT="out" WC="1.00" CC="000"/>
						<SP ID="P12_SP01441" HPOS="1096" VPOS="4007" WIDTH="24"/>
						<String ID="word001503" HPOS="1120" VPOS="3940" WIDTH="92" HEIGHT="32" CONTENT="bore" WC="0.64" CC="7231"/>
						<SP ID="P12_SP01442" HPOS="1212" VPOS="4007" WIDTH="17"/>
						<String ID="word001504" HPOS="1228" VPOS="3935" WIDTH="100" HEIGHT="44" CONTENT="right" WC="0.76" CC="41420"/>
						<SP ID="P12_SP01443" HPOS="1329" VPOS="4007" WIDTH="21"/>
						<String ID="word001505" HPOS="1350" VPOS="3945" WIDTH="50" HEIGHT="34" CONTENT="up" WC="0.94" CC="01"/>
						<SP ID="P12_SP01444" HPOS="1400" VPOS="4007" WIDTH="26"/>
						<String ID="word001506" HPOS="1426" VPOS="3931" WIDTH="129" HEIGHT="35" CONTENT="before" WC="0.94" CC="110100"/>
						<SP ID="P12_SP01445" HPOS="1554" VPOS="4007" WIDTH="0"/>
					</TextLine>
					<TextLine ID="P12_TL00168" HPOS="198" VPOS="3978" WIDTH="1356" HEIGHT="77">
						<String ID="word001507" HPOS="198" VPOS="4020" WIDTH="65" HEIGHT="34" CONTENT="the" WC="0.56" CC="435"/>
						<SP ID="P12_SP01446" HPOS="263" VPOS="4055" WIDTH="32"/>
						<String ID="word001508" HPOS="295" VPOS="4016" WIDTH="93" HEIGHT="34" CONTENT="wind" WC="0.86" CC="2003"/>
						<SP ID="P12_SP01447" HPOS="389" VPOS="4055" WIDTH="20"/>
						<String ID="word001509" HPOS="409" VPOS="4013" WIDTH="60" HEIGHT="33" CONTENT="for" WC="1.00" CC="000"/>
						<SP ID="P12_SP01448" HPOS="469" VPOS="4055" WIDTH="18"/>
						<String ID="word001510" HPOS="487" VPOS="4022" WIDTH="24" HEIGHT="22" CONTENT="a" WC="0.89" CC="1"/>
						<SP ID="P12_SP01449" HPOS="510" VPOS="4055" WIDTH="22"/>
						<String ID="word001511" HPOS="533" VPOS="4007" WIDTH="105" HEIGHT="35" CONTENT="short" WC="0.95" CC="10100"/>
						<SP ID="P12_SP01450" HPOS="638" VPOS="4055" WIDTH="19"/>
						<String ID="word001512" HPOS="657" VPOS="4003" WIDTH="119" HEIGHT="40" CONTENT="time,." WC="0.69" CC="223226"/>
						<SP ID="P12_SP01451" HPOS="776" VPOS="4055" WIDTH="11"/>
						<String ID="word001513" HPOS="787" VPOS="3998" WIDTH="70" HEIGHT="34" CONTENT="but" WC="1.00" CC="000"/>
						<SP ID="P12_SP01452" HPOS="856" VPOS="4055" WIDTH="25"/>
						<String ID="word001514" HPOS="881" VPOS="4004" WIDTH="94" HEIGHT="34" CONTENT="very" WC="0.97" CC="1000"/>
						<SP ID="P12_SP01453" HPOS="976" VPOS="4055" WIDTH="20"/>
						<String ID="word001515" HPOS="996" VPOS="4000" WIDTH="87" HEIGHT="26" CONTENT="pion" WC="0.61" CC="7520"/>
						<SP ID="P12_SP01454" HPOS="1083" VPOS="4055" WIDTH="26"/>
						<String ID="word001516" HPOS="1109" VPOS="3985" WIDTH="135" HEIGHT="37" CONTENT="hauled" WC="0.96" CC="000110"/>
						<SP ID="P12_SP01455" HPOS="1244" VPOS="4055" WIDTH="15"/>
						<String ID="word001517" HPOS="1259" VPOS="3993" WIDTH="50" HEIGHT="33" CONTENT="up" WC="0.72" CC="50"/>
						<SP ID="P12_SP01456" HPOS="1309" VPOS="4055" WIDTH="18"/>
						<String ID="word001518" HPOS="1326" VPOS="3983" WIDTH="126" HEIGHT="44" CONTENT="again." WC="0.98" CC="000010"/>
						<SP ID="P12_SP01457" HPOS="1453" VPOS="4055" WIDTH="53"/>
						<String ID="word001519" HPOS="1506" VPOS="3978" WIDTH="48" HEIGHT="35" CONTENT="At" WC="1.00" CC="00"/>
						<SP ID="P12_SP01458" HPOS="1554" VPOS="4055" WIDTH="0"/>
					</TextLine>
					<TextLine ID="P12_TL00169" HPOS="198" VPOS="4025" WIDTH="1360" HEIGHT="83">
						<String ID="word001520" HPOS="198" VPOS="4065" WIDTH="299" HEIGHT="43" CONTENT="three-tioarters" WC="0.61" CC="400046777333333"/>
						<SP ID="P12_SP01459" HPOS="497" VPOS="4108" WIDTH="28"/>
						<String ID="word001521" HPOS="526" VPOS="4058" WIDTH="85" HEIGHT="44" CONTENT="past" WC="0.97" CC="1000"/>
						<SP ID="P12_SP01460" HPOS="611" VPOS="4108" WIDTH="32"/>
						<String ID="word001522" HPOS="643" VPOS="4050" WIDTH="141" HEIGHT="37" CONTENT="twelve" WC="0.91" CC="010310"/>
						<SP ID="P12_SP01461" HPOS="783" VPOS="4108" WIDTH="27"/>
						<String ID="word001523" HPOS="810" VPOS="4055" WIDTH="57" HEIGHT="26" CONTENT="we" WC="0.89" CC="11"/>
						<SP ID="P12_SP01462" HPOS="867" VPOS="4108" WIDTH="31"/>
						<String ID="word001524" HPOS="898" VPOS="4049" WIDTH="79" HEIGHT="28" CONTENT="met" WC="0.89" CC="300"/>
						<SP ID="P12_SP01463" HPOS="977" VPOS="4108" WIDTH="41"/>
						<String ID="word001525" HPOS="1018" VPOS="4048" WIDTH="102" HEIGHT="34" CONTENT="upon" WC="0.86" CC="3011"/>
						<SP ID="P12_SP01464" HPOS="1120" VPOS="4108" WIDTH="33"/>
						<String ID="word001526" HPOS="1153" VPOS="4031" WIDTH="168" HEIGHT="37" CONTENT="different" WC="0.78" CC="131700150"/>
						<SP ID="P12_SP01465" HPOS="1320" VPOS="4108" WIDTH="34"/>
						<String ID="word001527" HPOS="1355" VPOS="4033" WIDTH="107" HEIGHT="34" CONTENT="tact'," WC="0.70" CC="223252"/>
						<SP ID="P12_SP01466" HPOS="1462" VPOS="4108" WIDTH="25"/>
						<String ID="word001528" HPOS="1487" VPOS="4025" WIDTH="71" HEIGHT="34" CONTENT="and" WC="0.89" CC="120"/>
						<SP ID="P12_SP01467" HPOS="1558" VPOS="4108" WIDTH="0"/>
					</TextLine>
					<TextLine ID="P12_TL00170" HPOS="203" VPOS="4071" WIDTH="1354" HEIGHT="77">
						<String ID="word001529" HPOS="203" VPOS="4126" WIDTH="102" HEIGHT="22" CONTENT="come" WC="0.50" CC="5814" STYLEREFS="TXT_4"/>
						<SP ID="P12_SP01468" HPOS="305" VPOS="4148" WIDTH="32"/>
						<String ID="word001530" HPOS="337" VPOS="4119" WIDTH="37" HEIGHT="27" CONTENT="to" WC="0.39" CC="56" STYLEREFS="TXT_4"/>
						<SP ID="P12_SP01469" HPOS="373" VPOS="4148" WIDTH="20"/>
						<String ID="word001531" HPOS="393" VPOS="4110" WIDTH="100" HEIGHT="34" CONTENT="close" WC="0.98" CC="01000" STYLEREFS="TXT_4"/>
						<SP ID="P12_SP01470" HPOS="494" VPOS="4148" WIDTH="31"/>
						<String ID="word001532" HPOS="524" VPOS="4102" WIDTH="145" HEIGHT="38" CONTENT="action," WC="0.95" CC="1000020"/>
						<SP ID="P12_SP01471" HPOS="670" VPOS="4148" WIDTH="26"/>
						<String ID="word001533" HPOS="696" VPOS="4096" WIDTH="65" HEIGHT="37" CONTENT="the" WC="0.85" CC="040"/>
						<SP ID="P12_SP01472" HPOS="761" VPOS="4148" WIDTH="31"/>
						<String ID="word001534" HPOS="791" VPOS="4089" WIDTH="175" HEIGHT="41" CONTENT="Horatio" WC="0.84" CC="6101002"/>
						<SP ID="P12_SP01473" HPOS="966" VPOS="4148" WIDTH="19"/>
						<String ID="word001535" HPOS="985" VPOS="4084" WIDTH="163" HEIGHT="40" CONTENT="wearing" WC="0.81" CC="2611011"/>
						<SP ID="P12_SP01474" HPOS="1148" VPOS="4148" WIDTH="31"/>
						<String ID="word001536" HPOS="1179" VPOS="4081" WIDTH="111" HEIGHT="34" CONTENT="under" WC="1.00" CC="00000"/>
						<SP ID="P12_SP01475" HPOS="1290" VPOS="4148" WIDTH="19"/>
						<String ID="word001537" HPOS="1309" VPOS="4076" WIDTH="63" HEIGHT="34" CONTENT="the" WC="0.93" CC="011"/>
						<SP ID="P12_SP01476" HPOS="1371" VPOS="4148" WIDTH="24"/>
						<String ID="word001538" HPOS="1395" VPOS="4071" WIDTH="162" HEIGHT="47" CONTENT="enemy's" WC="0.70" CC="4333321"/>
						<SP ID="P12_SP01477" HPOS="1557" VPOS="4148" WIDTH="0"/>
					</TextLine>
					<TextLine ID="P12_TL00171" HPOS="204" VPOS="4120" WIDTH="1359" HEIGHT="79">
						<String ID="word001539" HPOS="204" VPOS="4172" WIDTH="97" HEIGHT="25" CONTENT="stern" WC="0.51" CC="55336"/>
						<SP ID="P12_SP01478" HPOS="301" VPOS="4196" WIDTH="30"/>
						<String ID="word001540" HPOS="331" VPOS="4167" WIDTH="34" HEIGHT="22" CONTENT=".o" WC="0.17" CC="78"/>
						<SP ID="P12_SP01479" HPOS="365" VPOS="4196" WIDTH="13"/>
						<String ID="word001541" HPOS="378" VPOS="4162" WIDTH="60" HEIGHT="35" CONTENT="get" WC="0.56" CC="741"/>
						<SP ID="P12_SP01480" HPOS="438" VPOS="4198" WIDTH="18"/>
						<String ID="word001542" HPOS="456" VPOS="4162" WIDTH="102" HEIGHT="37" CONTENT="upon" WC="1.00" CC="0000"/>
						<SP ID="P12_SP01481" HPOS="557" VPOS="4199" WIDTH="14"/>
						<String ID="word001543" HPOS="572" VPOS="4148" WIDTH="64" HEIGHT="37" CONTENT="the" WC="0.93" CC="101"/>
						<SP ID="P12_SP01482" HPOS="635" VPOS="4199" WIDTH="17"/>
						<String ID="word001544" HPOS="652" VPOS="4154" WIDTH="102" HEIGHT="27" CONTENT="same" WC="1.00" CC="0000"/>
						<SP ID="P12_SP01483" HPOS="754" VPOS="4199" WIDTH="18"/>
						<String ID="word001545" HPOS="771" VPOS="4141" WIDTH="92" HEIGHT="38" CONTENT="tack" WC="0.94" CC="0200"/>
						<SP ID="P12_SP01484" HPOS="863" VPOS="4199" WIDTH="15"/>
						<String ID="word001546" HPOS="879" VPOS="4137" WIDTH="94" HEIGHT="35" CONTENT="with" WC="0.81" CC="1024"/>
						<SP ID="P12_SP01485" HPOS="973" VPOS="4199" WIDTH="21"/>
						<String ID="word001547" HPOS="994" VPOS="4134" WIDTH="79" HEIGHT="34" CONTENT="her." WC="0.97" CC="0100"/>
						<SP ID="P12_SP01486" HPOS="1074" VPOS="4199" WIDTH="58"/>
						<String ID="word001548" HPOS="1131" VPOS="4128" WIDTH="43" HEIGHT="35" CONTENT="In" WC="0.83" CC="12"/>
						<SP ID="P12_SP01487" HPOS="1174" VPOS="4199" WIDTH="20"/>
						<String ID="word001549" HPOS="1194" VPOS="4127" WIDTH="63" HEIGHT="34" CONTENT="the" WC="1.00" CC="000"/>
						<SP ID="P12_SP01488" HPOS="1257" VPOS="4199" WIDTH="14"/>
						<String ID="word001550" HPOS="1271" VPOS="4123" WIDTH="106" HEIGHT="44" CONTENT="early" WC="0.84" CC="15010"/>
						<SP ID="P12_SP01489" HPOS="1377" VPOS="4199" WIDTH="32"/>
						<String ID="word001551" HPOS="1409" VPOS="4128" WIDTH="85" HEIGHT="40" CONTENT="part" WC="0.97" CC="0100"/>
						<SP ID="P12_SP01490" HPOS="1494" VPOS="4199" WIDTH="28"/>
						<String ID="word001552" HPOS="1522" VPOS="4120" WIDTH="40" HEIGHT="34" CONTENT="of" WC="0.94" CC="01"/>
						<SP ID="P12_SP01491" HPOS="1563" VPOS="4199" WIDTH="0"/>
					</TextLine>
					<TextLine ID="P12_TL00172" HPOS="207" VPOS="4170" WIDTH="1354" HEIGHT="75">
						<String ID="word001553" HPOS="207" VPOS="4214" WIDTH="63" HEIGHT="31" CONTENT="the" WC="0.59" CC="146"/>
						<SP ID="P12_SP01492" HPOS="269" VPOS="4245" WIDTH="31"/>
						<String ID="word001554" HPOS="300" VPOS="4209" WIDTH="123" HEIGHT="32" CONTENT='"Winn' WC="0.40" CC="86535"/>
						<SP ID="P12_SP01493" HPOS="423" VPOS="4245" WIDTH="18"/>
						<String ID="word001555" HPOS="441" VPOS="4202" WIDTH="66" HEIGHT="34" CONTENT="the" WC="1.00" CC="000"/>
						<SP ID="P12_SP01494" HPOS="507" VPOS="4245" WIDTH="18"/>
						<String ID="word001556" HPOS="524" VPOS="4201" WIDTH="158" HEIGHT="39" CONTENT="country" WC="0.90" CC="3020001"/>
						<SP ID="P12_SP01495" HPOS="683" VPOS="4245" WIDTH="21"/>
						<String ID="word001557" HPOS="704" VPOS="4193" WIDTH="72" HEIGHT="34" CONTENT="lost" WC="0.97" CC="0100"/>
						<SP ID="P12_SP01496" HPOS="776" VPOS="4245" WIDTH="21"/>
						<String ID="word001558" HPOS="797" VPOS="4188" WIDTH="64" HEIGHT="37" CONTENT="the" WC="0.96" CC="001"/>
						<SP ID="P12_SP01497" HPOS="861" VPOS="4245" WIDTH="28"/>
						<String ID="word001559" HPOS="889" VPOS="4183" WIDTH="161" HEIGHT="39" CONTENT="services" WC="0.86" CC="00100333"/>
						<SP ID="P12_SP01498" HPOS="1050" VPOS="4245" WIDTH="34"/>
						<String ID="word001560" HPOS="1084" VPOS="4176" WIDTH="43" HEIGHT="35" CONTENT="of" WC="0.94" CC="10"/>
						<SP ID="P12_SP01499" HPOS="1127" VPOS="4245" WIDTH="24"/>
						<String ID="word001561" HPOS="1150" VPOS="4176" WIDTH="63" HEIGHT="33" CONTENT="the" WC="0.81" CC="050"/>
						<SP ID="P12_SP01500" HPOS="1213" VPOS="4245" WIDTH="32"/>
						<String ID="word001562" HPOS="1245" VPOS="4178" WIDTH="80" HEIGHT="31" CONTENT="tirst" WC="0.51" CC="38533"/>
						<SP ID="P12_SP01501" HPOS="1325" VPOS="4245" WIDTH="30"/>
						<String ID="word001563" HPOS="1355" VPOS="4170" WIDTH="206" HEIGHT="35" CONTENT="lieutenant" WC="0.85" CC="3130000420"/>
						<SP ID="P12_SP01502" HPOS="1560" VPOS="4245" WIDTH="0"/>
					</TextLine>
					<TextLine ID="P12_TL00173" HPOS="396" VPOS="4215" WIDTH="1167" HEIGHT="70">
						<String ID="word001564" HPOS="396" VPOS="4252" WIDTH="85" HEIGHT="33" CONTENT=";Intl" WC="0.53" CC="56253"/>
						<SP ID="P12_SP01503" HPOS="481" VPOS="4285" WIDTH="26"/>
						<String ID="word001565" HPOS="507" VPOS="4247" WIDTH="145" HEIGHT="38" CONTENT="Dixon," WC="0.85" CC="010331"/>
						<SP ID="P12_SP01504" HPOS="652" VPOS="4285" WIDTH="31"/>
						<String ID="word001566" HPOS="683" VPOS="4233" WIDTH="241" HEIGHT="52" CONTENT="beinghadly" WC="0.41" CC="3535884368"/>
						<SP ID="P12_SP01505" HPOS="924" VPOS="4285" WIDTH="21"/>
						<String ID="word001567" HPOS="945" VPOS="4226" WIDTH="197" HEIGHT="43" CONTENT="wounded." WC="0.64" CC="43330454"/>
						<SP ID="P12_SP01506" HPOS="1142" VPOS="4285" WIDTH="27"/>
						<String ID="word001568" HPOS="1169" VPOS="4220" WIDTH="71" HEIGHT="38" CONTENT="and" WC="1.00" CC="000"/>
						<SP ID="P12_SP01507" HPOS="1240" VPOS="4285" WIDTH="14"/>
						<String ID="word001569" HPOS="1254" VPOS="4226" WIDTH="63" HEIGHT="30" CONTENT="not" WC="0.81" CC="131"/>
						<SP ID="P12_SP01508" HPOS="1317" VPOS="4285" WIDTH="25"/>
						<String ID="word001570" HPOS="1342" VPOS="4219" WIDTH="89" HEIGHT="45" CONTENT="long" WC="0.67" CC="4530"/>
						<SP ID="P12_SP01509" HPOS="1430" VPOS="4285" WIDTH="17"/>
						<String ID="word001571" HPOS="1447" VPOS="4215" WIDTH="116" HEIGHT="44" CONTENT="after," WC="0.81" CC="010117"/>
						<SP ID="P12_SP01510" HPOS="1563" VPOS="4285" WIDTH="0"/>
					</TextLine>
				</TextBlock>
				<TextBlock ID="P12_TB00009" HPOS="3282" VPOS="76" WIDTH="71" HEIGHT="120" STYLEREFS="TXT_3 PAR_LEFT">
					<TextLine ID="P12_TL00174" HPOS="3282" VPOS="76" WIDTH="71" HEIGHT="67">
						<String ID="P12_ST01572" HPOS="3282" VPOS="76" WIDTH="71" HEIGHT="67" CONTENT="Al" WC="1.00" CC="00"/>
						<SP ID="P12_SP01511" HPOS="3353" VPOS="143" WIDTH="0"/>
					</TextLine>
					<TextLine ID="P12_TL00175" HPOS="3293" VPOS="163" WIDTH="60" HEIGHT="33">
						<String ID="P12_ST01573" HPOS="3293" VPOS="163" WIDTH="60" HEIGHT="33" CONTENT="as" WC="0.28" CC="58"/>
						<SP ID="P12_SP01512" HPOS="3353" VPOS="196" WIDTH="0"/>
					</TextLine>
				</TextBlock>
				<TextBlock ID="P12_TB00010" HPOS="3294" VPOS="274" WIDTH="59" HEIGHT="87" STYLEREFS="TXT_4 PAR_RIGHT">
					<TextLine ID="P12_TL00176" HPOS="3294" VPOS="322" WIDTH="59" HEIGHT="39">
						<String ID="P12_ST01574" HPOS="3294" VPOS="322" WIDTH="59" HEIGHT="39" CONTENT="J4ll" WC="0.28" CC="4787"/>
						<SP ID="P12_SP01513" HPOS="3353" VPOS="361" WIDTH="0"/>
					</TextLine>
				</TextBlock>
				<TextBlock ID="P12_TB00011" HPOS="3302" VPOS="478" WIDTH="51" HEIGHT="85" STYLEREFS="TXT_0 PAR_LEFT">
					<TextLine ID="P12_TL00177" HPOS="3302" VPOS="478" WIDTH="50" HEIGHT="46">
						<String ID="P12_ST01575" HPOS="3302" VPOS="478" WIDTH="50" HEIGHT="46" CONTENT="Ai" WC="1.00" CC="00"/>
						<SP ID="P12_SP01514" HPOS="3352" VPOS="524" WIDTH="0"/>
					</TextLine>
					<TextLine ID="P12_TL00178" HPOS="3306" VPOS="528" WIDTH="47" HEIGHT="35">
						<String ID="P12_ST01576" HPOS="3306" VPOS="528" WIDTH="47" HEIGHT="35" CONTENT=";311" WC="0.89" CC="0400"/>
						<SP ID="P12_SP01515" HPOS="3353" VPOS="563" WIDTH="0"/>
					</TextLine>
				</TextBlock>
				<TextBlock ID="P12_TB00012" HPOS="3324" VPOS="1300" WIDTH="30" HEIGHT="119" STYLEREFS="TXT_0 PAR_LEFT">
					<TextLine ID="P12_TL00179" HPOS="3324" VPOS="1300" WIDTH="30" HEIGHT="24">
						<String ID="P12_ST01577" HPOS="3324" VPOS="1300" WIDTH="30" HEIGHT="24" CONTENT="al" WC="0.67" CC="06" STYLEREFS="TXT_3"/>
						<SP ID="P12_SP01516" HPOS="3353" VPOS="1324" WIDTH="0"/>
					</TextLine>
					<TextLine ID="P12_TL00180" HPOS="3325" VPOS="1345" WIDTH="26" HEIGHT="26">
						<String ID="P12_ST01578" HPOS="3325" VPOS="1345" WIDTH="26" HEIGHT="26" CONTENT="tl" WC="0.22" CC="68"/>
						<SP ID="P12_SP01517" HPOS="3351" VPOS="1371" WIDTH="0"/>
					</TextLine>
					<TextLine ID="P12_TL00181" HPOS="3332" VPOS="1387" WIDTH="21" HEIGHT="32">
						<String ID="P12_ST01579" HPOS="3332" VPOS="1387" WIDTH="21" HEIGHT="32" CONTENT="L" WC="0.78" CC="2"/>
						<SP ID="P12_SP01518" HPOS="3353" VPOS="1419" WIDTH="0"/>
					</TextLine>
				</TextBlock>
			</PrintSpace>
		</Page>
	</Layout>
</alto>
