3354 4441
454 83 357 115 THE

666 365 11 11 .

304 485 109 56 No.
438 484 90 56 69.

925 72 892 120 NATIONAL
1920 78 943 112 REGISTER.

2147 203 17 21 -t

2152 224 6 0 ,

1054 236 7 13 4

1206 235 4 11 ,
1248 235 6 8 t

2013 237 6 5 .
2024 234 11 9 •

1192 319 113 54 .ur
1326 320 144 58 tuna;
1483 327 130 48 can:
1619 325 198 46 tttution,
1840 320 280 52 anb.Lazg.

872 351 12 12 •

2728 470 185 54 PRICE
2939 468 96 56 9d.

1702 652 102 41 been
1824 656 39 38 in
1881 657 111 39 chief
2016 660 90 50 part
2126 648 239 46 occasioned
2400 651 53 52 by
2473 648 98 51 !this
2604 646 151 52 origin,
2779 645 119 40 much
2922 658 116 27 inure

1702 730 59 33 w,
1793 712 155 51 indeed,
1981 720 110 37 'than
2128 717 53 51 by
2215 728 77 27 any
2328 709 222 58 particular
2583 713 142 35 events
2753 705 80 40 and
2868 704 152 43 circum-

1704 783 155 34 stances
1879 778 128 40 which
2027 780 103 38 have
2148 774 287 53 subsequently
2470 770 214 41 occurred.
2741 768 87 40 The
2858 764 190 43 fountain

1706 839 48 38 of
1769 840 70 39 the
1857 841 78 38 evil
1955 841 71 38 has
2044 840 99 39 been
2164 839 40 38 in
2225 840 67 35 the
2307 834 145 40 hostile
2471 828 246 57 feeling-4n
2733 830 73 38 tho
2820 827 228 53 unfriendly

1709 900 126 45 mindi
1864 901 126 40 which
2010 900 70 40 has
2098 913 44 26 so
2163 899 97 53 loig
2298 894 295 44 characterised
2614 893 73 40 the
2720 892 250 41 intercourse
3006 887 50 39 of

1709 963 70 38 the
1798 967 79 34 two
1899 965 313 39 Governments.
2269 961 126 44 Lacli,
2419 958 141 51 seeing,
2574 954 81 40 nni
2672 953 175 52 judging
2865 951 187 52 through

1711 1024 79 39 this
1809 1024 195 45 medium,
2034 1022 279 45 have.tOrmed
2347 1020 70 41 the
2433 1024 104 35 most
2565 1026 188 43 perverse
2776 1011 159 43 lingual
2953 1024 77 27 con-

1710 1082 207 51 clusions;*
1936 1084 100 38 each
2065 1084 71 38 has
2153 1083 151 52 argued
2326 1082 92 40 that
2454 1081 61 38 his
2545 1090 87 33 own
2670 1075 182 54 peculiar
2888 1075 168 46 interest

1714 1157 79 40 was

1813 1144 174 52 ,directly

2008 1149 19 50 .
2027 1149 177 50 coutrar.y
2204 1149 40 50 ..
2244 1149 40 50 to
2322 1143 70 39 the
2427 1143 187 38 interests
2648 1139 50 39 of
2722 1136 69 40 the
2813 1135 133 46 other,
2978 1131 78 46 and

1713 1204 94 40 that
1822 1207 184 39 America
2026 1207 77 38 and
2140 1202 198 54 England,
2366 1209 46 35 to
2447 1204 54 38 be
2538 1202 39 38 in
2606 1199 111 40 their
2747 1204 93 34 true
2875 1194 185 57 political

1716 1265 188 50 relation,
1933 1266 139 41 should
2095 1266 48 39 be
2158 1264 161 41 natural
2339 1265 189 39 enemies.

1833 1329 4 14 .
2210 1329 5 14 .
2257 1329 5 14 ..
2346 1331 15 5 ..

1769 1356 56 37 As
1845 1359 44 33 to
1906 1354 70 43 the
2013 1352 229 40 immediate
2277 1363 118 27 cause
2413 1349 51 40 of
2487 1349 67 40 the
2575 1345 215 46 American
2828 1343 229 53 Embargo,

1720 1415 32 38 it
1772 1421 109 43 must
1915 1420 72 39 not
2020 1415 51 40 be
2104 1411 243 47 contended,
2378 1411 74 39 but
2484 1410 90 39 that
2593 1410 70 38 the
2683 1406 163 54 English
2867 1404 191 50 Ministry

1719 1474 107 54 hue
1846 1473 235 58 apparently
2109 1474 239 41 committed
2385 1474 71 38 the
2481 1475 170 50 grossest
2685 1481 146 27 errors.
2889 1467 172 40 France,

1724 1538 96 40 with
1850 1539 69 39 the
1937 1539 100 38 view
2056 1537 48 40 of
2127 1538 235 50 destroying
2383 1534 66 38 the
2471 1533 161 52 English
2654 1540 243 33 commerce,
2927 1526 136 43 issued

1726 1599 66 39 the
1814 1599 129 40 Berlin
1980 1603 165 43 Decree,
2176 1599 51 51 by
2248 1597 130 40 which
2400 1597 69 38 she
2504 1592 157 41 erected
2695 1589 151 43 herself
2869 1589 87 39 into
2992 1586 71 40 the

1726 1662 216 52 Sovereip
1965 1659 48 40 of
2039 1661 51 39 all
2109 1657 157 41 neutral
2297 1657 177 44 nations,
2504 1655 76 39 and
2614 1655 39 38 in
2674 1652 76 39 this
2767 1648 185 43 asserned
2967 1648 74 40 cha-

1726 1727 133 35 racter
1879 1723 125 46 issued
2024 1735 50 26 an
2093 1721 106 40 edict
2219 1721 66 38 for
2300 1717 169 54 putting
2489 1730 21 26 a
2532 1715 197 51 kingdom
2764 1713 124 40 under
2919 1710 120 40 block-

1728 1786 90 37 ade.
1848 1773 1 64 •
1876 1786 84 38 The
1995 1782 302 54 promulgation
2327 1780 50 39 of
2399 1780 80 40 this
2510 1781 155 38 Decree
2702 1788 79 26 was
2815 1773 195 53 certainly
3039 1787 28 25 a

1731 1851 106 34 most
1854 1852 246 47 outrageous
2128 1850 304 45 extravagance
2457 1840 50 39 of
2529 1839 234 53 despotism.
2818 1839 80 37 But
2926 1835 34 39 it
2987 1834 81 43 had

1730 1915 87 39 not,
1848 1909 76 39 and
1935 1907 145 52 indeed
2095 1905 119 40 could
2230 1911 71 33 not
2316 1904 119 46 have,
2467 1916 26 26 a
2509 1898 196 56 practical
2721 1897 119 44 (Sect
2859 1909 182 28 commen-

1731 1976 136 33 surate
1889 1970 91 39 with
2001 1970 50 37 its
2076 1968 182 46 Witness
2291 1967 53 43 of_
2365 1976 182 27 menace.
2606 1963 38 38 It
2676 1958 81 46 fell,
2790 1959 38 39 in
2849 1958 97 46 fact,
2976 1970 41 26 as
3047 1969 27 27 a

1733 2037 74 34 tru
1828 2047 39 28 Iv
1869 2047 20 24 n
1897 2035 22 47 J
1919 2035 24 47 .
1943 2035 213 47 :ellen—as
2174 2042 25 25 a
2217 2026 286 43 thunder-bolt
2524 2027 37 39 iu
2580 2023 78 40 the
2657 2035 100 32 seas,
2789 2020 286 53 extinguished

1735 2107 44 26 as
1798 2107 97 25 soon
1916 2107 43 25 us
1987 2091 131 43 it-fell.
2174 2094 35 37 it
2229 2102 81 28 was
2327 2089 38 41 in
2391 2088 91 38 vain
2499 2087 67 40 for
2582 2086 115 40 those
2719 2088 40 34 to
2781 2082 100 40 issue
2902 2094 52 25 an
2967 2081 110 39 edict

1736 2153 50 40 of
1809 2152 240 46 bluckaile;
2049 2152 24 46 -
2073 2152 73 46 who
2179 2152 86 46 had
2291 2145 202 56 no-aliiiii

2515 2146 163 51 .ntwnr
2707 2150 44 37 to
2781 2146 170 37 exccute
2972 2141 104 39 their

1736 2216 155 41 decree.
1946 2216 89 40 The
2054 2212 163 54 English
2241 2207 214 56 psissesseds
2454 2207 19 56 .
2473 2207 60 56 the
2548 2205 130 40 whole
2696 2204 91 39 fare
2806 2204 47 37 of
2880 2203 67 38 the
2962 2215 113 28 seas;

1737 2277 77 40 and
1853 2277 187 40 Neutrals
2070 2276 77 39 and
2176 2272 163 52 English
2375 2270 149 53 might,
2568 2265 221 46 therefore,
2833 2263 110 41 atilse
2970 2263 105 39 have

1716 2328 1 52 •
1737 2328 240 52 contemned
1995 2335 219 41 tlie'Berlin
2232 2335 142 39 Order.

1793 2417 122 43 Ilere,
1959 2412 222 46 therefore,
2223 2425 81 25 was
2333 2409 69 39 the
2435 2406 110 40 main
2576 2417 115 30 error
2728 2400 47 43 of
2811 2401 67 40 the
2910 2399 167 53 English

1740 2478 201 50 Ministry.
1998 2476 111 51 They
2131 2472 149 39 looked
2301 2471 138 40 rather
2458 2476 45 33 to
2520 2469 65 41 the
2600 2466 217 52 despotism
2835 2464 48 38 of
2906 2464 71 38 the
3004 2464 54 37 De-

1739 2544 187 33 cree—to
1954 2537 50 39 its
2039 2543 111 33 extra
2160 2538 149 47 vagaat
2340 2531 201 39 insolence
2568 2528 77 40 and
2674 2525 278 51 haughtiness,
2981 2522 102 40 than

1741 2606 45 32 to
1806 2601 50 37 its
1883 2597 193 52 prectical
2102 2596 136 40 effect.
2295 2594 41 40 If
2357 2593 97 52 they
2489 2590 79 40 had
2602 2587 235 43 considered
2875 2584 96 52 only
3009 2584 73 43 the

1716 2644 2 78 1
1742 2661 123 39 latter
1881 2661 171 52 quality,
2080 2672 43 27 as
2157 2660 39 38 in
2218 2656 200 54 prudence
2448 2653 98 52 they
2580 2650 132 51 ought
2743 2654 44 33 to
2824 2648 104 39 have
2960 2644 125 50 done,

1742 2726 97 50 they
1861 2722 132 40 would
2013 2724 104 38 have
2134 2719 136 53 passed
2293 2719 66 38 the
2382 2713 154 45 French
2576 2715 155 37 Decree
2766 2711 38 37 in
2841 2707 119 39 sileut
2987 2719 77 28 con-

1742 2785 281 52 tempt--they
2057 2781 136 40 would
2248 2780 105 40 have
2387 2774 169 45 deemed
2589 2773 71 40 the
2713 2773 181 38 contrast
2944 2767 52 40 of
3032 2767 52 39 its

1746 2859 165 30 menace
1945 2844 98 39 with
2076 2844 48 39 its
2157 2841 237 43 imbecility,
2424 2850 44 26 as
2502 2835 155 51 worthy
2694 2831 92 52 only
2828 2830 50 39 of
2901 2826 185 44 ridicule.

1748 2907 155 41 Instead
1937 2907 50 41 of
2008 2906 145 53 taking
2181 2903 33 39 it
2242 2904 41 38 in
2319 2901 78 40 this
2431 2900 120 52 point
2588 2895 47 40 of
2662 2896 118 40 view,
2811 2891 67 38 the
2917 2889 168 52 English

1750 2970 177 52 Ministry
1950 2974 104 33 most
2073 2963 187 52 absurdly
2298 2960 195 54 regarded
2517 2961 30 37 it
2576 2956 94 51 only
2704 2967 41 27 as
2766 2967 50 25 an
2838 2956 252 47 outrageous

1749 3032 133 43 insult,
1931 3031 76 40 and
2044 3027 136 51 acting
2218 3037 109 39 upon
2360 3021 104 40 their
2502 3019 185 50 feelings,
2727 3012 152 40 instead
2913 3011 47 39 of
2983 3011 111 39 their

1741 3091 253 56 judgments,
2026 3086 226 45 retaliated,
2280 3098 41 26 as
2347 3083 92 52 they
2461 3080 194 50 thought,
2688 3079 48 51 by
2763 3089 22 26 a
2805 3073 156 41 limiter
2985 3085 83 26 mea-

1750 3168 105 26 sure.
1912 3152 178 45 Passion,
2132 3150 203 41 however,
2381 3146 31 38 is
2450 3141 154 52 usually
2642 3145 74 33 too
2753 3136 126 41 blind,
2910 3133 80 40 and
3025 3138 74 34 too

1752 3215 256 53 precipitate,
2036 3216 43 34 to
2098 3208 235 53 distinguish
2366 3206 70 40 the
2473 3208 120 35 exact
2623 3206 149 34 nature
2807 3196 132 43 either
2974 3195 50 39 of
3048 3196 52 38 its

1752 3279 161 50 objects
1928 3289 46 25 or
1989 3274 50 39 of
2049 3275 47 38 its
2117 3274 274 39 instruments.
2448 3266 87 39 And
2554 3278 58 30 NO,
2642 3265 39 37 in
2704 3261 98 46 feet,
2833 3259 27 39 it
2882 3256 220 52 happened

1755 3343 37 35 in
1817 3339 76 39 this
1910 3350 89 28 ca;e
2013 3352 13 30 ;
2055 3335 69 38 the
2156 3330 230 43 retaliation
2406 3338 83 27 was
2510 3339 44 26 so
2572 3324 94 53 only
2691 3324 39 37 in
2763 3318 344 56 appearance—it

1755 3415 94 31 was,
1881 3400 37 38 in
1946 3398 98 46 fact,
2075 3409 22 25 a
2130 3392 231 54 repetition,
2392 3402 51 27 an
2481 3386 231 44 extension,
2741 3384 47 44 at
2815 3383 70 39 the
2906 3377 200 43 mischief

1757 3475 109 40 upon
1899 3472 73 27 our
1991 3470 90 27 own
2112 3456 135 40 heads.
2306 3452 87 39 The
2424 3459 149 40 enemy
2604 3444 132 41 issued
2774 3456 25 27 a
2833 3443 161 41 decree,
3024 3441 78 38 but

1756 3522 119 41 could
1898 3527 69 34 not
1987 3522 170 37 execute
2183 3519 45 37 it.
2287 3516 45 37 hi
2349 3524 79 27 our
2448 3509 244 53 precipitate
2712 3502 98 53 folly
2832 3517 58 25 we
2911 3502 104 40 took
3037 3502 72 38 the

1757 3587 215 38 execution
1997 3587 39 33 iu
2054 3593 76 27 our
2148 3589 93 28 own
2261 3574 148 44 hands;
2439 3585 61 27 we
2533 3567 172 53 literally
2738 3570 126 50 swept
2895 3566 69 39 the
2994 3574 85 28 seas
3094 3576 13 32 ;

1761 3660 57 25 we
1851 3644 176 52 actually
2065 3638 229 43 blockaded
2335 3638 183 40 France,'
2546 3631 73 40 and
2659 3630 50 53 by
2760 3627 71 44 the
2880 3625 235 41 conditions

1762 3709 126 40 winch
1910 3719 59 26 we
2002 3685 178 74 imposed
2200 3712 106 41 upon
2331 3693 204 47 Neutrals,
2567 3690 222 57 prevented
2811 3687 111 41 them
2941 3685 174 41 erectus

1761 3770 80 53 ally
1863 3769 104 40 from
1985 3767 163 50 coining
2171 3770 44 32 to
2245 3775 74 26 our
2341 3770 91 27 own
2464 3757 135 39 Ports.
2661 3750 203 46 America,
2895 3748 152 41 unable
3067 3750 47 34 to

1762 3831 71 43 @ell
1854 3846 73 27 our
1961 3826 319 47 manufactures,
2310 3834 80 26 was
2409 3830 96 40 very
2541 3815 228 40 indifferent
2806 3824 43 28 as
2878 3815 46 34 to
2954 3809 163 52 buying

1765 3895 129 40 them.
1948 3893 85 38 Her
2061 3885 175 57 possible
2254 3893 231 31 commerce
2507 3891 78 26 was
2611 3874 155 41 !hulled
2805 3874 52 51 by
2897 3869 112 40 what
3038 3882 83 28 was

1765 3951 272 53 immediately
2072 3947 158 40 wanted
2251 3947 50 52 by
2322 3941 167 44 herself.
2546 3939 97 40 This
2679 3951 77 26 bias
2789 3948 145 40 rowpn
2943 3934 77 41 rnti
3028 3933 92 54 sely

1768 4030 96 40 very
1887 4012 113 44 little.
2057 4011 100 45 Two
2174 4009 229 52 important
2419 4003 146 43 results
2581 3996 276 52 immediately
2881 3994 246 43 follawed—

1767 4081 38 40 in
1824 4075 69 44 the
1905 4076 92 40 first
2026 4071 128 57 place,

2172 4083 87 39 ,our
2284 4063 164 58 English
2471 4062 331 44 manufacturers
2818 4057 180 41 suffered
3017 4058 111 38 most

1721 4123 18 66 I
1767 4133 276 56 considerably
2063 4134 110 40 from
2194 4133 67 45 the
2281 4127 248 45 diminished
2545 4122 198 56 demand;
2776 4121 78 40 and
2889 4120 41 43 iu
2965 4120 74 40 the
3069 4130 59 27 se-

952 478 54 70 -
1006 478 495 70 „,SUNDAY,
1567 483 304 56 APRIL
1911 482 94 65 23,
2057 478 157 56 1809.

946 441 24 12 •.:

928 456 20 13 4.
992 456 8 13 t

694 573 12 8 ..
722 580 8 1 _
743 567 6 7 •

535 651 358 48 POLITICAL
922 639 478 69 DlSQl;l§rtioN.

693 807 187 34 ktIMBER.
907 810 321 30 SIXTY-SEVEN.

632 928 307 44 RELATIONS
966 931 69 39 OF
1065 928 266 41 ARIERICA.

360 1064 91 41 The
468 1063 195 43 relations
690 1064 181 43 between
894 1064 191 41 America
1103 1063 77 40 and
1214 1062 184 53 England
1419 1062 174 41 become
1605 1075 41 26 so

308 1124 182 50 critical,
513 1128 73 41 and
609 1141 96 43 may
725 1128 234 52 eventually
981 1126 92 41 lead
1093 1131 44 34 to
1154 1124 96 43 such
1271 1127 224 51 important
1514 1124 133 44 issues,

308 1187 92 40 that
420 1188 31 38 it
467 1187 32 39 is
517 1187 236 52 incurpbent
774 1202 109 40 upon
904 1202 45 26 us
969 1194 45 34 to
1032 1194 116 34 cater
1167 1187 84 40 into
1269 1196 116 31 some
1401 1183 123 43 detail
1543 1196 109 41 upon

311 1259 27 31 a
369 1250 156 53 subject
555 1263 45 28 so
633 1251 211 53 generally
880 1250 254 53 interesting.
1187 1248 136 44 There
1359 1247 31 39 is
1422 1245 231 54 something

311 1324 100 41 very
430 1311 182 54 peculiar
631 1313 41 39 in
704 1312 69 40 the

784 1311 172 54 _general
981 1311 169 40 relative
1175 1305 195 45 situation
1394 1307 50 40 of
1467 1307 187 40 America

313 1374 81 40 and
415 1371 196 56 England.
671 1375 87 40 The
772 1381 83 34 two
875 1374 206 40 countries
1100 1371 194 41 have-the
1307 1383 111 26 same
1437 1369 220 53 language,

314 1436 72 39 the
404 1448 109 27 same
541 1435 167 53 general
738 1435 150 48 habits,
928 1435 80 40 and
1036 1448 61 26 we
1129 1433 131 52 might.
1289 1431 148 41 almost
1463 1444 86 40 say,
1590 1431 67 40 the

315 1509 112 28 same
448 1498 106 41 mind
574 1498 77 39 and
674 1498 330 52 understanding.
1061 1495 91 40 The
1183 1494 234 39 Americans
1435 1506 69 27 are
1522 1499 76 34 not
1615 1491 64 44 of

315 1559 71 39 the
400 1572 190 27 common
606 1559 138 45 stock,
755 1559 175 41 without
943 1557 292 54 participating
1247 1560 41 33 at
1305 1550 67 45 the
1385 1566 107 27 same
1506 1556 100 40 time
1620 1557 37 38 in

317 1620 228 53 something
563 1620 52 39 of
637 1622 71 40 the
725 1632 193 30 common
938 1624 161 35 nature.
1156 1619 35 38 It
1212 1618 31 39 is
1258 1616 83 41 .the
1361 1616 300 41 characteristic

317 1683 116 52 pride
449 1683 51 40 of
522 1683 260 53 Englishmen
802 1689 45 33 to
868 1683 117 39 think
1002 1682 78 40 and
1098 1678 124 52 speak
1241 1676 360 57 contemptuously
1620 1680 47 39 of

315 1743 122 44 other
456 1748 220 45 countries,
705 1746 80 41 and
804 1744 190 53 perhaps,
1026 1756 44 26 as
1103 1741 221 53 compared
1346 1741 96 39 with
1460 1754 77 27 our
1558 1754 105 30 own,

318 1807 80 39 this
417 1813 209 47 contempt
647 1820 91 39 may
759 1812 76 34 not
856 1807 48 39 be
925 1805 233 54 altogether
1181 1818 43 26 so
1248 1802 295 40 unreasonable
1564 1814 43 27 as
1635 1804 31 37 it

320 1881 96 41 may
437 1876 41 33 at
508 1871 89 40 first
621 1883 151 41 appear
789 1885 12 31 ;
840 1870 89 47 but,
958 1874 45 34 to
1031 1880 70 26 use
1134 1879 24 25 a
1176 1865 149 52 vulgar
1359 1865 249 52 expression,
1638 1865 28 38 it.
1698 1861 7 56 I

320 1931 138 40 would
495 1932 48 40 be
575 1932 193 54 defiling._:
778 1944 83 28 our
896 1944 92 26 own
1020 1936 106 39 nest,
1172 1933 44 35 to
1251 1926 79 40 feel
1369 1941 47 26 or
1452 1939 163 39 express
1646 1939 21 25 a

322 1994 154 40 similar
491 2000 210 48 contempt
720 1994 52 41 of
791 1996 72 39 the
881 1991 257 44 Americans.
1194 1989 112 39 With
1341 2001 112 27 some
1491 1988 180 53 peculiar
1703 1983 2 65 I

321 2054 184 46 national
528 2054 135 43 habits
689 2054 308 56 superinduced,
1028 2054 98 52 they
1154 2063 69 28 are
1247 2049 206 54 generally
1473 2049 72 41 the
1563 2061 109 27 same

328 2114 96 40 with
445 2114 228 47 ourselves;
704 2119 96 51 they
821 2118 104 39 have
960 2117 80 38 the•
1064 2126 110 28 same
1202 2113 222 51 sensibility
1460 2112 129 39 under
1610 2108 43 44 in-

322 2177 230 54 sult---they
574 2178 107 41 have
702 2179 67 39 the
782 2191 112 28 same
912 2178 122 46 vices,
1067 2176 77 40 and
1165 2176 65 39 the
1248 2187 113 26 same
1382 2173 167 39 virtues.

379 2241 87 38 Our
485 2238 182 54 political
694 2239 194 41 relations
911 2241 100 38 with
1030 2237 187 41 America
1246 2249 94 40 may
1363 2237 51 39 he
1441 2232 230 44 considered
1704 2232 1 60 t

326 2300 129 40 under
488 2301 116 40 three
641 2302 307 39 heads:—their
986 2300 151 54 origin,
1165 2297 109 44 their
1292 2296 137 41 actual
1447 2302 122 41 state,
1598 2296 74 39 and

326 2361 109 39 their
452 2361 202 52 probable
676 2362 170 41 results.

381 2422 109 38 With
513 2428 156 47 respect
687 2427 43 34 to
751 2424 70 41 the
841 2422 151 53 origin'
1013 2420 51 40 of
1088 2421 69 39 the
1186 2425 164 47 present
1382 2419 171 40 relative
1572 2424 102 35 state

330 2481 52 39 of
404 2484 185 40 America
605 2485 80 39 and
707 2481 200 56 England,
937 2485 32 38 it
996 2496 93 39 may
1111 2484 47 38 be
1176 2481 146 51 briefly
1343 2480 215 45 observed,
1589 2480 84 38 that

332 2546 70 38 the
422 2544 144 43 hostile
598 2544 154 48 feeling-
768 2546 39 38 in
840 2545 69 39 the
925 2549 293 47 governments
1252 2543 50 39 of
1326 2543 70 40 the
1428 2548 81 33 two
1534 2543 142 52 people
1704 2529 1 67 I

330 2620 74 27 are
433 2607 142 41 coeval
595 2608 97 39 with
715 2609 69 38 the
806 2609 214 38 American
1059 2606 268 40 Revolution.
1385 2606 170 44 Nations
1576 2604 102 39 have
1704 2593 1 60 I

334 2667 106 40 their
461 2667 124 53 pride,
598 2676 63 32 •as
680 2668 85 39 well
785 2681 44 26 as
850 2667 255 40 individuals.
1161 2667 73 38 We
1252 2672 154 34 cannot
1437 2665 133 54 forget
1591 2667 85 39 that
1704 2660 1 60 1

338 2731 188 40 America
546 2744 78 26 was
645 2743 99 28 once
763 2743 77 28 our
859 2731 158 47 subject
1033 2746 13 28 ;
1080 2730 70 38 the
1178 2726 306 41 remembrance
1519 2726 161 41 rankles
1704 2726 1 59 ,

338 2792 40 38 in
398 2804 76 28 our
506 2791 125 46 mind,
663 2792 77 39 and
759 2798 188 45 corrupts
965 2790 56 40 all
1042 2791 72 40 the
1144 2789 246 41 benevolent
1422 2789 197 40 humours
1638 2789 47 38 of

335 2865 80 27 our
435 2858 169 48 temper.
663 2854 73 38 We
755 2864 64 27 see
839 2852 171 51 nothing
1030 2851 38 38 in
1093 2850 190 40 America
1307 2850 77 39 but
1413 2862 22 26 a
1467 2849 215 40 successNl

339 2915 126 47 repel,
496 2915 77 41 and
593 2915 76 39 her
687 2909 161 58 present
866 2919 97 34 tone
976 2914 51 39 of
1049 2911 200 53 equality,
1277 2923 44 26 as
1348 2909 220 52 compared
1587 2910 91 39 with

340 2978 73 38 her
433 2976 150 39 former
604 2973 196 43 relations
830 2988 41 26 as
891 2987 25 26 a
946 2974 276 52 dependency,
1252 2972 107 40 have
1375 2976 44 34 to
1439 2985 45 26 us
1512 2970 70 40 the
1613 2983 52 39 ap-

338 3051 207 41 pearance.
556 3039 59 39 of.
632 3038 213 40 insolence.
902 3039 203 45 America,
1135 3047 52 26 on
1207 3034 74 50 the,
1296 3033 123 39 other
1437 3033 123 45 hand,
1590 3032 94 40 feels

339 3099 206 52 naturally
565 3099 215 54 indignant
814 3098 90 41 that
922 3112 60 26 we
1011 3098 133 39 refuse
1178 3097 69 38 hec
1267 3096 76 43 the
1370 3093 102 40 rank
1494 3094 78 38 and
1594 3094 89 39 esti-

343 3164 152 38 Illation
515 3159 129 43 which
666 3162 146 53 belong
850 3167 43 34 to
912 3159 97 43 her;
1041 3159 79 38 and
1153 3157 104 40 from
1281 3157 79 39 this
1380 3161 104 35 state
1517 3155 52 40 of
1593 3155 74 40 feel-

340 3224 87 51 ill,
458 3223 77 38 and
565 3222 144 43 indeed
741 3222 50 41 of
815 3222 156 40 mutual
1004 3222 154 50 acting,
1198 3222 182 37 between
1413 3217 71 39 the
1517 3222 98 40 two,
1658 3219 30 37 it

344 3291 151 35 cannot
513 3285 50 40 be
580 3285 162 45 denied,
772 3285 92 40 that
882 3283 194 40 America
1109 3281 76 39 and
1221 3279 185 53 England
1443 3279 105 39 have
1569 3291 119 27 uever

344 3350 103 35 been
467 3346 202 43 amicable
687 3352 41 34 at
754 3346 132 41 heart.
943 3346 90 39 The
1058 3344 176 40 conduct
1254 3341 48 40 of
1328 3341 71 40 the
1417 3343 109 38 PITT
1550 3340 115 40 Minis-

343 3413 84 47 try,
455 3420 231 33 moreover,
715 3407 130 40 which
866 3420 78 26 was
972 3419 45 28 so
1041 3406 98 51 long
1173 3405 38 39 in
1231 3416 155 41 power,
1415 3402 79 41 still
1530 3400 162 43 further

345 3470 253 52 aggravated
619 3469 83 40 this
719 3467 172 56 original
914 3467 181 41 ill-leven
1111 3481 11 30 ;
1152 3464 96 53 they
1274 3464 148 40 almost
1441 3462 246 53 laboriously

344 3530 175 41 insulted
550 3530 190 44 America
771 3542 103 28 even
893 3530 39 39 in
963 3528 107 40 their
1102 3524 243 57 diplomatic
1374 3523 315 53 appointments.

346 3592 136 41 Those
503 3607 105 33 men,
639 3592 94 41 who
748 3592 105 47 have
870 3591 104 41 been
1004 3589 159 41 termed
1187 3589 226 51 American
1446 3583 249 54 Loyalists—

347 3653 196 57 certainly
581 3667 27 27 a
641 3664 99 44 very
772 3650 255 45 honourable
1065 3650 78 40 and
1179 3646 253 57 respectable
1462 3645 119 46 class,
1624 3645 70 39 but

348 3711 195 59 certainly
563 3722 93 43 too,
680 3722 77 35 tot
776 3728 94 27 men
891 3717 44 38 to
956 3715 50 40 be
1028 3712 38 39 in
1102 3711 149 40 favour
1269 3710 100 40 with
1389 3707 71 40 the
1479 3706 215 43 American

351 3775 256 56 Republican
643 3774 452 51 Government—these
1131 3787 92 28 men
1256 3784 106 28 wore
1397 3769 224 53 appointed
1656 3782 41 27 as

352 3840 182 47 Consuls,
565 3843 181 51 Envoys,
772 3840 81 41 and
885 3836 308 44 Ambassadors.
1248 3834 129 40 Their
1407 3833 180 40 conduct
1620 3841 78 30 was

350 3901 99 40 such
482 3914 25 28 a
555 3901 137 53 reisht
720 3902 107 41 have
857 3900 104 43 been
992 3896 198 56 expected
1208 3912 13 31 ;
1250 3898 98 48 they
1369 3891 330 56 ostentatiously,

353 3964 79 38 and
461 3964 235 43 sumetlines
726 3960 309 57 outrageously,
1065 3958 177 50 adopted
1276 3957 71 41 the
1383 3959 107 38 most
1512 3953 187 54 haughty

352 4028 115 43 tone,
497 4025 79 40 and
594 4025 187 54 avenged
795 4024 110 44 their
920 4024 162 41 former
1098 4019 263 43 misfortunes
1380 4017 56 53 by
1468 4017 110 41 their
1615 4029 65 41 pre-

356 4091 85 33 gent
461 4087 228 54 contempt.

407 4148 85 43 The
513 4146 137 43 actual
670 4146 193 47 relations
880 4148 51 41 of
956 4146 189 46 America
1163 4141 79 45 and
1264 4143 129 44 Great
1411 4140 157 45 Britsia
1600 4139 104 43 have

410 4207 87 43 rot.
524 4211 203 41 11.—Ac.
