3354 4441
273 94 223 66 APRIL
527 91 100 57 23.'

1146 79 149 56 THE
1329 73 383 58 NATIONAL
1746 67 391 59 REGISTER;

653 226 306 33 BANKRUPTCY
991 224 265 28 ENLARGED.

331 293 125 38 James
476 288 133 40 Brace,
628 285 213 39 Butt-lane,
861 279 204 48 Deptford,
1083 278 143 45 dealer,
1252 275 99 35 from
1364 273 112 47 April
1493 274 65 43 22,
1584 279 40 28 to

286 343 97 38 June
400 341 59 40 10,
484 341 39 31 at
541 343 77 35 ten,
633 340 41 30 at
691 331 216 40 Guildhall,
938 327 168 35 London.

816 396 280 30 RANKRUPTS.

340 444 164 39 Richard
524 442 145 41 Heath,
687 441 428 44 Throgmorton-street,
1146 431 207 41 merchant,
1382 435 40 32 to
1439 429 193 35 surrender

293 497 106 44 April
417 496 63 40 4,
497 494 90 43 May
607 490 38 41 6,
664 489 70 35 and
750 489 99 33 June
866 487 40 41 S,
938 489 39 31 at
992 494 84 32 one,
1109 489 39 28 at
1168 480 209 37 Guildhall.
1430 480 201 43 Attorney,

296 548 73 34 Nr.
391 543 156 38 Adams,
566 540 77 34 Old
661 539 150 34 jewrv.

339 593 100 34 John
482 589 38 32 W
530 588 123 40 illson,
692 574 256 48 Beak-street,
985 579 313 44 Golden-square,
1345 573 292 40 man's-mercer,

299 640 106 44 April
418 639 15 41 1
433 639 48 41 25,
502 638 90 43 May
606 634 37 44 6,
660 632 69 37 and
743 632 99 35 June
853 632 40 39 3,
909 634 39 28 at
965 627 152 41 twelve,
1135 633 39 27 at
1187 622 209 37 Guildhall.
1435 621 202 44 Attorney,

301 690 73 34 Mr.
392 685 145 39 Dixon,
560 684 288 39 Nassau-street,
870 677 115 34 Soho.

348 733 159 35 Edward
539 732 190 44 Empsom,
769 725 320 44 Bowling-street,
1121 719 275 38 Westminster,
1424 716 216 39 victualler,

300 783 107 45 April
422 782 63 39 2.5,
515 781 87 44 May
626 781 39 38 3,
698 775 71 34 and
784 775 100 33 June
900 774 39 34 3,
965 777 43 28 at
1022 777 73 32 ten,
1113 775 41 27 at
1169 767 220 35 Guildhall.
1441 765 202 43 Attorney,

304 828 293 46 Mr.-Shepherd,
619 826 257 44 Hyde-street,
900 817 268 44 Bloomsbury.

346 878 102 35 John
464 875 195 39 Andrews,
683 872 248 37 Manchester,
951 867 220 43 innkeeper,
1192 863 86 44 May
1300 862 89 41 1,8,
1409 860 69 34 and
1491 859 99 35 June
1607 856 35 39 3,

304 933 12 31 ;
315 933 13 31 4
328 933 13 31 t
378 933 91 32 two,
502 928 38 28 at
568 924 65 33 the
659 919 139 37 Palace
837 919 81 38 inn,
951 915 252 33 Manchester.
1256 909 209 39 Attornies,
1496 906 146 33 Messrs.

308 977 149 40 Cooper
471 971 71 35 and
567 971 126 38 Lowe,
728 960 497 48 Southampton-buildings,
1263 958 149 34 London
1427 969 11 28 ;
1480 953 69 35 and
1571 953 72 33 Mr.

309 1024 156 40 Jepson,
513 1018 222 34 I::.4llcitester.

541 1069 167 34 Diinson,
730 1063 211 38 Lancaster,
960 1056 335 43 woollen-draper,
1317 1052 91 43 May
1431 1051 57 38 15,
1506 1056 38 28 at
1565 1049 86 41 five,

397 1115 182 34 :111.13i01e
602 1115 39 37 3,
670 1119 35 26 at
724 1111 143 38 eleven,
900 1114 39 27 at
959 1110 60 30 the
1037 1102 136 46 King's
1198 1102 106 34 Arms
1326 1102 83 34 Inn,
1441 1100 209 33 Lancaster.

318 1167 22 33 A
351 1165 163 38 vorilics,
548 1162 145 32 :llesttr.
711 1156 214 37 Wakelock
952 1154 72 33 and
1044 1152 216 40 Makinsim,
1279 1147 175 46 Temple,
1479 1144 175 39 Louden;

487 1208 5 5 .
508 1208 4 5 -

312 1214 66 33 and
402 1212 73 34 Mr.
494 1209 200 38 Atkinson,
718 1208 208 31 Lancaster.

359 1259 144 45 Joseph
523 1258 172 39 Wal:ier,
724 1254 90 35 Est
835 1250 169 41 Ardslee,
1025 1247 135 40 York,
1194 1245 165 39 malster,
1396 1241 90 43 May
1502 1240 66 41 25,
1594 1239 63 43 26,

314 1309 66 34 and
397 1309 98 33 JUN('
508 1307 38 35 3,
580 1311 38 26 at
633 1304 144 37 eleven,
800 1305 39 28 at
856 1298 59 33 the
933 1287 190 54 Elephant
1140 1293 67 35 and
1225 1292 148 38 Castle,
1409 1289 129 35 York.
1589 1286 48 34 At-

317 1356 149 39 tornies,
495 1355 74 34 Mr.
589 1352 196 44 Seymour,
822 1346 115 35 York
951 1358 12 30 ;
989 1344 70 35 and
1076 1345 73 32 Mr.
1170 1341 133 41 Smith,
1325 1337 142 37 Middle
1486 1336 176 45 Temple,

322 1403 157 35 London.

366 1449 182 38 Redshaw
572 1448 151 44 Spring,
744 1444 164 39 Caistor,
934 1440 165 39 Lincoln,
1128 1447 156 27 mercer,
1319 1434 93 45 May
1430 1431 56 43 11,
1504 1431 60 41 12,
1591 1429 70 34 and

319 1500 97 33 :tune
431 1501 41 38 3,
489 1504 39 28 at
544 1498 143 38 elevea,
711 1500 40 27 at
769 1494 63 32 the
849 1494 146 38 George
1018 1488 84 39 Inn,
1131 1487 161 32 Caistor.
1352 1480 207 39 Attornies,
1587 1479 73 33 Mr.

325 1546 215 40 .Nicholson,
565 1544 119 34 Louth
700 1553 12 31 ;
737 1540 74 35 and
828 1539 146 34 Messrs.
1000 1535 115 43 Leith
1135 1533 70 34 and
1227 1533 146 39 Mason,
1394 1528 93 34 New
1509 1526 135 44 Bridge-

326 1599 128 37 street,
475 1592 161 35 Loudon.

561 1637 184 40 Pawlett,
776 1637 117 33 Great
911 1630 341 37 Windmill-street,
1285 1624 228 40 Middlesex,
1547 1622 97 33 victu-

325 1693 107 41 aller,
455 1689 111 46 April
580 1689 60 39 24,
659 1690 43 31 at
717 1685 156 39 twelve,
894 1682 89 44 May
1002 1681 35 39 1,
1051 1685 38 26 at
1108 1687 84 30 one,
1208 1676 70 34 and
1293 1675 24 33 J
1330 1684 66 24 one
1408 1675 38 40 3,
1462 1678 40 27 at
1521 1675 76 35 ten,
1629 1676 39 26 at

327 1736 208 38 Guildhall.
593 1734 197 44 Attorney.
811 1730 74 35 Mr.
909 1728 149 44 Crosse
1077 1724 198 37 New-Inn.

374 1787 161 33 Thomas
560 1783 112 38 Wilt,
703 1779 285 40 Shaft's-court,
1031 1773 164 40 London,
1230 1769 143 39 dealer,
1407 1766 111 43 April
1539 1765 65 41 24,
1631 1772 41 27 at

331 1834 152 41 twelve,
503 1833 87 44 May
611 1833 34 38 I,
661 1834 39 30 at
718 1839 84 30 ot.e,
821 1826 71 35 and
906 1826 146 38 Juael,
1070 1827 41 28 at
1123 1826 76 33 ten,
1214 1826 38 26 at
1265 1814 214 38 Guildhall.
1539 1814 112 34 Attor-

333 1884 93 39 nies,
450 1883 138 33 Messrs.
614 1879 65 33 Bat
692 1878 66 33 her
774 1877 72 34 and
862 1873 164 38 Cranch,
1046 1870 265 37 Union-court,
1331 1863 276 35 Broad-street.

385 1930 111 34 Peter
510 1928 182 40 Jackson,
715 1924 248 37 Manchester,
983 1909 635 46 small-ware-manufacturer,May
1637 1907 38 43 6,

337 1976 37 44 6,
402 1978 69 34 and
487 1976 94 34 Juue
599 1976 39 38 3,
664 1980 40 28 at
719 1978 72 34 ten,
820 1977 41 28 at
872 1971 63 32 the
950 1970 85 32 Star
1054 1967 84 40 Inn,
1174 1963 226 41 Deansgate,
1428 1957 248 35 Manchester.

338 2026 207 43 Attornies,
583 2022 146 35 Messrs.
749 2023 152 38 Cooper
918 2017 71 33 and
1024 2015 128 39 Lowe,
1186 2004 491 48 Southampton-buildings,

341 2074 174 39 London;
542 2072 69 34 and
630 2070 76 34 Mr.
722 2067 148 39 Cooke,
888 2062 165 43 Salford,
1078 2062 213 32 Lancaster.

385 2119 102 35 John
503 2120 171 39 Parsons,
687 2126 76 26 sen.
776 2113 72 38 bn:l
861 2113 103 34 John
984 2111 167 41 Parsons,
1161 2106 85 46 jun.
1271 2098 270 48 Ludgate-hill,
1559 2099 98 33 book-

339 2169 137 43 sellers,
498 2166 106 46 April
618 2167 63 37 29,
702 2165 87 41 May
806 2165 39 39 6,
861 2165 71 31 and
951 2160 99 32 June
1068 2158 39 40 3,
1126 2160 44 31 at
1187 2164 85 31 one,
1289 2158 44 30 at
1351 2150 208 37 Guildhall.
1613 2145 47 35 At-

339 2224 146 38 torney.
508 2217 70 33 Mr.
593 2213 131 40 Glenn,
745 2207 266 43 Garlick-hill,
1030 2204 209 35 Bow-lane.

386 2264 161 34 Titamas
563 2262 155 40 Adam.,
741 2259 250 44 Iligh-street,
1030 2250 193 45 Borough,
1256 2244 211 44 inuholder,
1489 2242 115 47 April
1618 2242 65 40 '29,

344 2311 86 46 May
448 2314 39 39 2,
504 2311 70 34 and
591 2310 97 34 June
705 2308 39 40 3,
771 2314 41 27 at
830 2315 73 31 ten,
920 2310 40 27 at
979 2300 216 38 Guildhall.
1246 2300 208 39 Attorney,
1479 2293 76 34 Mr.
1576 2290 81 34 Law-

340 2370 104 25 rence
469 2359 200 40 Williams,
689 2354 320 39 Cuesitor-street,
1028 2346 315 45 Chancery-lane.

389 2406 143 46 Joseph
561 2406 168 44 Cooper,
765 2402 135 34 Irlams
927 2398 93 33 o'th'
1052 2395 131 44 Eight.
1217 2393 215 39 Lancaster,
1469 2385 216 41 victualler,

345 2457 90 43 May
458 2456 89 39 1,2,
563 2452 71 34 and
652 2452 22 34 J
685 2461 67 22 tine
764 2452 38 38 3,
836 2454 41 28 at
896 2457 93 30 two,
1017 2450 41 30 at
1071 2444 66 34 the
1154 2443 87 43 Dog
1259 2441 165 35 Tavern,
1461 2435 226 41 Deansgate,

346 2504 243 33 Manchester.
644 2498 207 41 Atto.nies,
892 2497 146 32 Messrs.
1062 2491 167 35 Foulkes
1245 2486 71 37 and
1336 2483 213 40 Creswell,
1583 2483 105 32 Man-

345 2556 142 31 chester
501 2563 8 27 ;
537 2550 69 35 and
684 2556 84 26 ssrs.
783 2543 169 38 Foulkes
966 2541 71 35 and
1054 2537 197 45 Longdile,
1269 2531 138 48 Gray's
1422 2530 78 41 Inn,
1520 2529 165 34 Loudon.

391 2598 148 44 Joseph
562 2595 170 40 Mordue,
762 2589 255 43 Wall's-End,
1046 2582 364 40 Northumberland,
1441 2580 247 44 ship-owner,

350 2648 107 44 April
481 2646 61 40 25,
575 2650 39 28 at
637 2642 151 40 twelve,
821 2641 81 43 Nlay
930 2639 59 40 15,
1020 2635 72 34 and
1121 2634 100 34 June
1244 2631 40 41 3,
1317 2635 45 30 at
1385 2628 144 39 eleven,
1563 2631 41 28 at
1628 2626 61 33 the

348 2698 145 41 George
504 2694 164 38 Tavern,
691 2689 122 35 North
828 2687 158 34 Shields.
1030 2681 206 43 Attoruies,
1248 2679 78 34 Mr.
1345 2675 111 35 Fenw
1467 2674 77 41 kit,
1563 2665 126 45 North

351 2743 169 40 Shields;
547 2739 70 35 and
637 2739 144 32 Me-srs.
802 2734 203 46 Meggison,
1028 2726 320 46 Hatton-garden,
1369 2722 159 37 London.

404 2791 139 33 Walter
562 2787 128 41 Price,
713 2784 154 43 Cardiff,
898 2777 341 46 Glamorganshire,
1258 2772 256 45 shopkeeper,
1540 2769 93 45 May
1651 2767 39 41 5,

351 2837 116 40 6,:m1
488 2837 94 34 June
595 2837 38 38 3,
654 2841 39 27 at
713 2836 63 31 the
796 2831 174 35 Rummer
986 2830 164 37 'raven!,
1178 2824 61 33 All
1259 2817 254 44 Saints'-lane,
1534 2817 155 33 Bristol.

359 2885 155 39 ktoraie
514 2885 22 39 ,
536 2885 22 39 ,
580 2884 72 37 Mr.
667 2881 197 46 Stepticus,
883 2877 137 37 Bristol
1037 2889 11 27 ;
1072 2874 72 35 and
1161 2872 76 35 Mr.
1253 2872 143 37 Sweet,
1416 2863 132 47 King's
1565 2864 125 35 Bench

360 2934 145 40 Walks,
521 2931 170 45 Temple.

400 2983 135 33 Oliver
554 2976 243 40 Newcombe,
821 2974 281 38 Holles-street,
1130 2969 57 37 St.
1213 2961 313 50 Mary-le-Bone,
1556 2959 118 47 uphal-

354 3034 129 37 sterer,
502 3027 110 44 April
626 3027 64 39 4,
711 3026 87 41 May
819 3025 37 40 2,
874 3022 71 35 and
966 3021 99 34 June
1083 3019 38 40 3,
1139 3022 40 30 at
1196 3020 74 34 teu,
1294 3017 40 31 at
1362 3007 210 39 Guildhall.
1626 3006 45 40 At-

357 3086 144 34 torney,
522 3078 71 33 Mr.
615 3072 129 43 Allen,
763 3071 159 37 Carlisle
945 3076 128 34 street,
1095 3065 265 44 Soho-square.

404 3125 189 33 Abraham
619 3124 105 38 Low,
744 3119 175 40 Iloston,
939 3117 228 37 Middlesex,
1193 3110 159 39 builder,
1383 3104 113 47 April
1513 3105 64 40 25,
1604 3103 90 44 May

357 3174 34 34 6.
417 3172 71 34 and
509 3172 99 37 June
637 3171 40 38 3,
703 3176 39 28 at
759 3180 84 28 one,
874 3174 41 27 at
948 3162 210 38 Guildhall.
1211 3158 210 37 Attornies,
1441 3152 71 35 Mr.
1547 3150 148 44 Alfred,

359 3219 292 47 thapeLstreet,
672 3215 235 37 Pentonville
925 3226 12 28 ;
963 3213 70 35 and
1055 3211 71 34 Mr.
1149 3208 113 40 Burn,
1284 3204 181 35 Colemaa
1482 3207 129 27 street.

406 3267 143 46 Sophia
573 3266 194 40 Ilenshall,
785 3265 328 34 Newman-street,
1131 3254 148 38 Oxford
1303 3253 124 43 Road,
1444 3248 252 45 shopkeeper,

361 3317 110 45 April
490 3315 20 40 Y
510 3315 43 40 5,
574 3314 89 44 May
680 3315 38 38 2,
743 3319 41 30 at
802 3312 144 40 eleven,
978 3308 70 35 and
1068 3306 97 35 Ante
1192 3305 27 40 t,
1254 3308 35 27 at
1311 3306 77 35 ten,
1420 3302 39 30 at
1487 3295 209 35 Guildhall.

364 3366 200 39 Attorney,
580 3361 72 33 Mr.
671 3360 151 43 Stokes,
835 3359 307 41 Golden-square.

417 3411 163 32 William
602 3410 197 44 Gillespie,
815 3404 371 48 Basinghall-street,
1201 3398 131 39 tailor,
1350 3393 109 47 April
1474 3391 63 44 29,
1556 3391 92 44 May
1663 3391 35 45 2,
1698 3391 18 45 1

360 3458 71 37 and
450 3458 98 34 June
567 3461 38 38 3,
633 3463 38 27 at
692 3456 151 40 twelve,
868 3462 38 27 at
928 3450 213 40 Guildhall.
1196 3445 208 40 Attornies,
1433 3443 145 34 Messrs.
1600 3437 77 37 Van-

363 3509 146 34 dercoua
528 3507 70 34 and
619 3507 159 43 Comp',
800 3502 219 40 Bush-lane,
1035 3500 302 35 Cannon-street.

410 3554 129 35 James
561 3555 136 39 Laton,
730 3553 209 39 Godstone,
970 3550 155 40 Surrey,
1149 3544 154 37 farmer,
1330 3537 116 46 April
1459 3539 61 40 29,
1556 3535 93 45 May
1667 3535 37 39 6,

365 3604 69 34 and
463 3605 20 32 J
495 3613 65 25 nue
592 3605 39 37 3,
657 3608 38 27 at
724 3601 152 38 twelve,
907 3606 40 26 at
972 3593 208 39 Guildhall.
1235 3589 208 38 Attornies,
1480 3586 74 33 Mr.
1580 3586 123 41 Dyne,

365 3651 198 45 Serjeanes
582 3652 80 38 Inn,
693 3648 265 41 Fleet-street;
985 3644 69 34 and
1077 3643 74 33 Mr.
1174 3634 246 43 Drummond,
1439 3632 193 35 Croydon.

413 3702 161 32 Thomas
600 3698 124 39 Ward,
746 3689 435 50 Kingston-upon-Hull,
1199 3685 206 39 merchant,
1419 3683 87 44 May
1522 3679 96 43 5,6,
1637 3678 70 46 aqd

370 3748 93 34 Jane
476 3750 41 39 :,
534 3748 196 38 ateleven,
746 3751 37 27 at
804 3745 63 32 the
894 3743 145 43 Cieorge
1069 3729 443 48 Inn,Kingston-upon-I
1521 3732 8 27 I
1540 3729 67 34 ull.
1637 3730 48 32 At-

366 3797 151 38 tornies,
546 3796 149 33 Messrs.
717 3794 132 33 Rosser
867 3790 69 34 and
952 3790 89 38 ion,
1064 3780 413 45 Barrietes-buildings,
1499 3776 187 34 Holborn.

418 3843 123 34 David
565 3841 169 46 Mews,
756 3841 163 41 Bangor,
948 3830 333 45 carunrvonsbirc,
1310 3828 180 43 druggist,
1514 3823 115 45 April
1646 3824 63 38 24,

367 3892 61 40 95,
454 3892 69 33 and
543 3892 96 34 June
672 3893 38 46 3,
743 3894 39 28 at
813 3888 144 37 eleven,
980 3891 43 28 at
1043 3876 239 39 Wakeman's
1313 3875 135 39 Hotel,
1478 3873 229 33 Caratirvon.

372 3940 203 37 Attoroies,
606 3940 72 32 Mr.
696 3934 204 43 Edmunds,
926 3930 154 38 Lincoln
1102 3928 66 35 lun
1186 3940 9 28 ;
1220 3925 72 35 and
1316 3924 76 34 Mr.

1409 3921 111 43 Ellis,
1541 3919 170 40 PHlleli,

373 3989 135 32 C.triert
522 3986 182 34 vonslilie.

422 4036 158 32 Thomas
600 4035 159 43 Ashton,
781 4026 204 43 Stamford,
1013 4022 274 41 Lincolnshire,
1318 4017 274 46 linen-draper,
1624 4013 89 44 May

456 4082 57 39 19,
537 4093 67 22 ane.
625 4082 97 33 June
738 4083 38 33 3.
809 4089 37 24 at
867 4080 144 38 eleven,
1029 4078 39 30 at
1087 4072 64 34 the
1172 4069 145 46 George
1352 4065 83 41 Inn,
1462 4064 57 35 St.
1541 4063 175 35 Martins

366 4129 185 37 titArnford
575 4133 136 33 Baron.
765 4129 67 35 Att
999 4123 149 43 Mespra.
1170 4117 169 37 Jackson
1354 4114 81 40 And
1452 4111 119 44 Jude,
1599 4111 94 34 Slaw-

372 4178 93 37 ford.

2922 58 103 51 260

1734 207 106 34 Isaac
1854 206 43 32 IV
1906 202 165 40 heildon,
2085 201 321 44 Copthall-court,
2426 196 426 44 Throginorton-Areet,
2874 189 159 44 packer,

1689 253 87 45 May
1801 252 103 41 6,9,
1937 252 72 33 and
2039 250 97 32 June
2153 244 38 44 a,
2225 253 40 28 at
2296 254 71 30 ten,
2396 252 41 27 at
2727 241 207 40 Attorney,
2954 236 78 32 Mr.

1694 301 156 44 Bryant,
1871 298 324 45 Copthall-court,
2210 294 423 43 Throginorton-street.

1740 348 143 33 Gideon
1905 345 138 38 Lewis,
2080 344 124 33 White
2238 341 241 37 Lion-street,
2513 339 39 31 W
2563 337 144 34 hitecha
2717 333 77 45 pet,
2820 331 217 39 victualler,

1694 396 111 45 April
1825 394 64 41 tn,
1910 394 90 43 May
2021 393 40 38 '2,
2078 391 71 33 and
2173 391 100 33 June
2290 390 38 34 3.
2356 393 40 27 at
2413 396 76 31 ten,
2507 391 35 27 at
2565 383 211 37 Guildhall.
2832 381 203 40 Attorney,

1700 444 71 33 Mr.
1791 443 182 41 Hawley,
1995 442 286 34 Dorset-street,
2307 436 185 40 Salisbur)
2505 443 162 33 -square.

1744 490 144 33 Robert
1904 488 168 40 DallSoll,
2093 487 158 41 Gulgate
2277 484 34 32 in
2331 482 113 39 UM,
2465 478 237 35 Lancashire.
2720 474 319 40 coal-merchant,

1809 536 63 40 15,
1885 536 143 38 atlive,
2050 534 58 39 16,
2124 533 70 34 and
2215 531 98 34 June
2326 530 35 40 3,
2393 534 40 28 at
2450 528 146 39 eleven,
2614 533 38 26 at
2667 528 61 31 the
2763 521 130 45 King',
2916 522 123 38 Arms,

1704 585 234 34 Lancashire.
2014 580 203 40 Attornies,
2251 580 145 32 Me,srs.
2440 574 210 39 lileasdale,
2702 570 233 40 Alexander,
2969 567 73 34 and

1707 633 149 41 llntue,
1881 632 93 33 New
2000 630 83 43 Inn,
2101 627 149 34 London
2267 639 11 26 ;
2306 626 69 33 and
2396 625 74 33 Mr.
2498 622 137 39 Willis,
2657 618 239 34 Lancashire.

2231 706 267 30 DIVIDCNOS.

1755 769 89 43 May
1864 768 56 34 13.
1948 768 130 34 James
2105 764 149 44 Hurry,
2288 759 164 35 Richard
2485 756 163 40 Powles,
2679 756 71 33 and
2784 756 85 33 Ives
2901 751 151 43 Hurry,

1710 815 113 44 Nag's
1844 815 252 39 Ilead-court,
2131 809 413 37 Graceehurch-street,
2580 804 222 37 merchants,
2833 808 38 26 at
2909 808 73 31 ten,
3012 808 40 24 at

1711 861 353 44 Guildhall.May
2083 861 59 33 26.
2171 859 103 33 John
2304 857 117 43 Ridge
2450 854 33 33 15
2492 860 84 39 pcol
2584 859 27 34 t,
2648 852 243 35 ileddlioster,
2908 853 146 27 Somer.

1711 911 167 41 setshire,
1897 919 145 34 grocer,
2060 914 38 26 at
2114 908 144 38 eleven,
2293 912 38 27 at
2348 904 64 34 the
2434 902 175 33 Rumwer
2628 901 164 34 Taveili,
2831 896 61 33 All

1715 958 96 43 lane,
1833 957 300 43 Bristol.--May
2165 954 56 38 16.
2250 953 102 33 John
2376 950 148 37 llarknes
2524 950 19 37 ,
2543 950 38 37 :,
2610 947 273 35 Addle-street,
2915 943 113 31 Wood-

1715 1011 130 34 street,
1860 1004 207 41 merchant,
2086 1010 37 26 at
2138 1013 83 26 one,
2236 1007 38 27 at
2290 997 281 37 6uildhall..l
2583 1005 65 22 one
2672 994 57 33 15.
2759 992 104 33 John
2889 991 26 32 ti
2924 998 33 24 et
2967 991 85 37 rell,

1722 1054 154 38 Exeter,
1893 1050 313 39 corn-merchant,
2225 1054 37 27 at
2282 1048 142 39 eleven;,
2440 1050 41 27 at
2500 1045 61 31 the
2580 1043 73 33 Oid
2674 1043 151 32 London
2850 1039 81 37 Inn,
2953 1037 31 32 E
3019 1046 18 22 e

1720 1102 204 39 ter.--Alav
1945 1102 61 31 20.
2031 1097 164 34 Richard
2220 1095 216 44 Maughain,
2456 1091 154 39 Breidfor
2609 1091 19 39 ,
2628 1091 40 39 !,
2686 1091 154 40 draper,
2855 1095 35 24 at
2961 1085 32 31 el
3005 1095 57 26 e,

1720 1154 38 28 at
1779 1147 210 40 Guildhall,
2028 1143 305 43 London.May
2357 1142 56 33 16.
2446 1137 203 37 Fred:ll;7k
2681 1136 137 38 .lu,Ctu,
2854 1133 207 34 otherwise

1726 1195 120 33 Fedor
1884 1193 152 34 lwanof
2066 1193 130 39 Judin,
2271 1191 220 41 Net-wart,
2526 1188 222 40 Throgmort
2758 1188 193 28 on-street,
2970 1191 94 21 me:-

1722 1244 122 39 chant,
1860 1247 38 27 at
1916 1252 83 27 one,
2013 1248 38 25 at
2067 1238 351 43 Guildhall.--May
2433 1235 59 34 30.
2520 1234 152 33 Charles
2687 1231 237 39 Troutbeek,
2944 1228 97 33 Ruth-

1723 1291 239 43 bonc-place,
1982 1286 276 39 Oxford-road,
2287 1284 249 44 upholsterer,
2570 1287 39 27 at
2628 1289 73 33 ten,
2735 1284 39 28 at
2797 1276 210 35 Guildhall.

1729 1338 87 44 May
1839 1337 54 33 16.
1913 1337 194 33 Jonathan
2125 1336 80 32 Fox
2218 1333 73 33 and
2308 1332 168 33 Wiiliam
2499 1330 103 39 Fox,
2626 1330 217 37 Pavement,
2863 1325 202 41 Finsbury,

1727 1385 221 40 :nerchants,
1980 1389 41 28 at
2053 1394 84 28 one,
2169 1389 40 26 at
2252 1377 357 38 Guildhall.June
2741 1372 164 35 Edward
2947 1372 120 40 11u1.t,

1730 1433 283 43 Duke's-court,
2035 1430 176 39 Pimlico,
2235 1430 145 43 painter
2394 1426 71 34 and
2480 1424 157 43 glazier,
2650 1429 38 27 at
2702 1429 76 34 tee,
2797 1427 34 27 at
2852 1420 110 34 (AU
2973 1420 92 32 nab.

1728 1480 145 34 June
1890 1480 35 34 3.
1956 1480 169 32 'William
2143 1478 163 38 Mereec,
2341 1474 93 33 Mile
2454 1474 94 38 Ens!,
2583 1474 178 43 Stepney,
2794 1468 195 39 house-di'a
2989 1468 19 39 .
3008 1468 60 39 er,

1728 1534 40 30 at
1785 1538 81 33 one,
1902 1533 40 28 at
1959 1525 364 37 Guildhall.--June
2348 1524 34 33 3.
2428 1521 21 34 J
2459 1520 113 45 oseph
2596 1519 117 39 Dean,
2751 1518 318 41 liutting-street,

1734 1577 198 33 wholesale
1963 1573 269 44 liuen-draper,
2269 1578 40 26 at
2341 1577 9 26 t
2372 1570 17 40 x
2388 1570 17 40 -
2405 1570 89 40 elce,
2522 1573 39 27 at
2600 1565 353 41 GuilWiall.May
3002 1563 59 34 1(1.

1736 1624 149 34 Dnncan
1926 1620 223 39 Maclaurin,
2180 1620 311 38 Watling-street,
2530 1615 314 35 uarehouseinan,
2863 1618 37 26 at
2919 1622 85 28 one,
3030 1617 43 27 at

1734 1671 208 35 Guildhall.
1951 1670 136 44 May
2108 1669 53 33 IS.
2193 1667 155 35 Francis
2365 1664 106 40 Cole,
2491 1663 25 33 N
2526 1664 83 31 min
2622 1663 56 32 Ta
2687 1672 26 21 w
2721 1669 78 31 ton,
2819 1659 252 39 Devonshire,

1734 1719 268 43 serge-maker,
2027 1723 39 27 at
2092 1717 145 39 eleven,
2263 1720 39 28 at
2331 1711 165 45 Philip's
2517 1710 130 40 Hotel,
2683 1708 30 33 E
2746 1707 242 43 eter.May
3011 1707 60 33 15.

1736 1767 144 35 Samuel
1913 1767 89 39 Lee,
2052 1762 203 43 Bradford,
2296 1760 233 38 Yorkshire,
2559 1754 433 38 cotton-manufacturer,
3033 1761 43 26 at

1735 1817 143 38 eleven,
1912 1819 41 28 at
1983 1813 63 33 the
2080 1812 139 35 Talbot
2256 1809 85 39 Inn,
2378 1805 341 43 Bradford.May
2745 1804 58 33 15.
2837 1804 103 32 Isaac
2962 1801 111 39 Cole,

1742 1861 198 40 Mamhull,
1970 1859 255 40 DorsetsLiire,
2259 1856 257 43 woolstapler,
2548 1859 40 26 at
2617 1852 152 39 twelve,
2804 1858 39 26 at
2862 1851 60 33 the
2948 1850 125 33 White

1741 1911 124 40 Swan,
1896 1906 403 44 Shaftesbury.May
2333 1904 57 33 1).
2424 1903 130 33 James
2584 1898 276 39 Cruckshanks,
2894 1897 163 33 Gerrard-

1741 1964 130 34 street,
1889 1957 117 40 Soho,
2028 1952 391 39 sash-manufacturer,
2437 1956 37 26 at
2496 1956 74 33 ten,
2588 1955 35 26 at
2642 1944 353 38 Guildhall.--May
3025 1943 52 37 16.

1746 2006 93 35 Paul
1864 2003 128 37 Bache
2008 2002 71 34 and
2093 2002 158 34 Andrew
2278 1998 139 40 Bache,
2444 1993 634 47 Basingliall-street,merchants,m

1744 2054 151 39 twelve,
1913 2056 43 31 at
1974 2048 352 45 Guildhall.--May
2348 2047 57 35 16.
2433 2044 156 34 Charles
2609 2041 169 43 Medley,
2802 2041 86 33 Bolt
2904 2040 71 34 and
2995 2040 83 33 Tun

1750 2101 78 41 Inn,
1851 2100 255 39 Fle.et-street,
2122 2096 285 38 coach-master,
2426 2099 40 27 at
2491 2093 144 35 eleven,
2719 2087 286 37 Guildhall.J
3015 2098 69 21 nue

1749 2152 33 32 1.
1812 2150 40 33 W
1863 2147 120 33 illiam
2014 2145 229 44 Kennerley,
2274 2141 145 37 Hullo's
2440 2139 163 44 Chapel,
2630 2137 196 39 Cheshire,
2857 2145 157 31 mercer,
3044 2143 41 24 :at

1748 2204 93 35 two,
1871 2198 40 32 at
1941 2196 64 34 the
2030 2191 250 37 Macclesfield
2298 2192 105 32 Aries
2432 2189 135 41 Hotel,
2604 2184 339 37 Alaectestield.J
2954 2193 66 24 tow
3041 2190 37 26 ;..

1748 2245 162 35 Thomas
1925 2244 210 44 Chapman,
2171 2237 265 39 Macclesfield,
2459 2235 195 40 Cheshire,
2670 2232 172 40 butcher,
2862 2238 38 26 at
2928 2237 12 26 t
2949 2232 106 31 we:vs

1747 2298 40 30 at
1812 2294 61 33 the
1891 2294 87 32 Star
2016 2293 80 38 Inn,
2119 2284 392 44 Manchcster.May
2535 2282 54 34 lb.
2617 2282 102 33 John
2752 2278 135 41 Smith,
2922 2278 90 33 satri

1750 2341 85 38 hill,
1867 2348 148 33 grocer,
2049 2343 41 28 at
2114 2347 84 30 one,
2229 2341 39 27 at
2301 2330 351 44 Guildhall.May
2669 2330 64 34 21.
2774 2326 148 35 Samuel
2955 2326 129 39 Peas-,

1755 2387 273 41 Bread-street,
2053 2385 168 39 London;
2261 2381 100 34 John
2399 2380 167 39 Wat,on,
2706 2376 174 34 Watson.
2897 2373 89 46 jUU.
3015 2376 71 31 an.i

1749 2435 148 43 Joseph
1920 2434 168 38 IVatson,
2111 2432 171 39 Preston,
2306 2428 235 38 Lancashire,
2571 2422 461 40 cotton-manufacturers,
3048 2431 40 24 at

1750 2485 143 38 cleveti,
1926 2490 40 27 at
2002 2478 209 41 Guildhall,
2246 2477 307 41 Landon.--May
2578 2473 51 33 13.
2659 2473 131 33 James
2811 2471 112 41 Lang,
2948 2470 111 34 \Vali(
3073 2487 18 8 -

1752 2531 102 44 field,
1878 2530 231 40 Yorkshire,
2131 2526 203 40 merchant,
2361 2532 39 26 at
2420 2525 144 37 eleNeu,
2583 2528 39 26 at
2640 2522 61 31 the
2724 2519 130 33 Willie
2878 2517 98 34 hart
3005 2516 56 35 Int
3078 2542 13 14 ,

1757 2576 369 44 Wakefield.May
2144 2576 60 33 30.
2231 2574 35 33 14
2282 2572 117 34 illiam
2418 2571 195 37 Fincham,
2628 2567 315 47 Coxent-garden,
2962 2563 106 37 earth-

1750 2634 252 32 enwarcman,
2030 2629 39 30 at
2095 2634 83 31 one,
2206 2627 43 30 at
2268 2619 352 43 Guildhall.--May
2644 2615 57 37 16.
2753 2615 142 33 Robert
2933 2614 163 40 Barber,

1756 2673 299 39 Oxford-street,
2081 2668 194 46 jeweller,
2307 2674 40 30 at
2387 2667 156 40 twelve,
2583 2669 40 30 at
2665 2661 360 37 Guildhall.---lune
3057 2662 40 33 3.

1760 2722 167 35 William
1939 2720 183 39 Gardner,
2152 2719 135 39 Ligon,
2309 2714 280 38 Bedfordshire,
2622 2712 403 37 sack-manufacturer,
3052 2713 43 30 at

1755 2780 84 32 one,
1880 2774 40 28 at
1952 2766 210 41 Guildhall,
2193 2764 311 44 London.--May
2530 2761 60 35 'el'.
2639 2760 35 31 .1%
2688 2760 120 31 itliain
2846 2757 247 41 Richardson,

1755 2812 252 46 New-Cross,
2026 2818 150 39 Surrey,
2196 2812 133 40 baker,
2348 2819 37 26 at
2407 2815 146 32 eleven,
2588 2813 38 30 at
2643 2806 213 39 Guildhall,
2881 2804 217 35 Loudon.

1759 2869 91 46 May
1873 2865 57 35 16.
1967 2865 38 32 W
2017 2863 117 35 illiam
2154 2862 197 37 Freeman,
2370 2857 116 38 South
2505 2858 116 38 Cave,
2644 2855 226 38 Yorkshire,
2883 2862 150 34 grocer,
3050 2858 43 28 at

1756 2916 144 44 eleven,
1915 2919 39 31 at
1970 2914 61 33 the
2052 2911 172 43 Neptune
2244 2909 14 34 I
2269 2920 59 30 no,
2342 2901 573 51 Kingston-upon-111;11.May
2935 2901 38 32 9.
2993 2897 109 37 Juhu

1759 2965 182 43 Johnsen,
1959 2957 278 41 Ilelbutu-hill,
2255 2954 274 46 linen-draper,
2542 2959 41 28 at
2598 2952 142 39 eleven,
2754 2954 43 30 at
2816 2948 209 34 Guildhall.

2146 3028 433 30 CERTIFICAICS-.M4
2591 3026 24 25 Y
2648 3017 57 35 13.

1806 3091 105 35 John
1951 3086 176 41 MLane,
2186 3084 116 33 Little
2346 3080 334 44 Newport-street,
2726 3074 379 37 wine-merchant.

1760 3141 164 35 Thowag
1946 3137 150 45 Hughes
2118 3131 138 46 Lloyd,
2280 3130 171 43 Poultry,
2471 3124 498 38 slnte-merchant.Lance
2993 3122 91 35 Bent-

1761 3188 78 44 ley,
1873 3185 256 44 High-Are:et,
2158 3178 194 41 Lambeth,
2383 3171 526 43 cheesetnonger.Williaut
2934 3171 176 40 Barlow,

1765 3234 220 45 Stockport,
2008 3229 196 41 Cheshire,
2217 3221 582 40 timber-merchant.Thotbas
2815 3219 188 40 Hickson,
3026 3219 64 34 Lei-

1761 3287 287 39 cester-square,
2067 3280 90 33 boot
2178 3275 72 34 and
2272 3269 405 39 shoemaker.Peter
2695 3267 158 38 Davies.
2878 3267 111 33 Little
3007 3267 109 34 Sait.t

1767 3331 143 34 Andrew
1910 3331 24 34 ,
1933 3331 145 34 trcet,
2113 3326 115 32 Seven
2250 3322 122 40 DiAls,
2388 3318 326 37 dealer...tames
2746 3314 174 35 Atkic:4o:
2939 3339 13 18 ,
2980 3314 112 35 Clcvt-

1762 3378 181 46 le)-mill,
1980 3372 234 40 Laticahhire,
2250 3369 182 35 miller.
2445 3369 197 32 Lassrence
2679 3365 158 39 Cotton,
2875 3363 221 35 Fei.cattrch-

1766 3432 125 35 street,
1923 3417 405 47 merchant.--Joseph
2365 3415 150 40 Portal,
2563 3412 398 45 llishorgate-street,
2999 3411 99 33 linen-

1767 3470 309 50 draper.John
2106 3467 202 41 Edwards,
2337 3463 86 37 Cail
2463 3463 70 34 Cot
2545 3461 39 41 h,
2613 3461 119 40 flint,
2769 3458 278 34 manufacturer
3077 3456 47 39 of

1765 3515 436 46 earthenware.Luke
2220 3515 164 39 Horner,
2412 3513 214 38 Lancaster,
2643 3508 351 33 common-brewer.

1824 3665 86 41 The
1932 3664 148 51 Livery
2093 3659 52 44 Of
2159 3657 168 41 London
2348 3658 169 41 Dinner,
2535 3665 53 26 on
2608 3652 165 52 Friday,
2794 3654 43 35 at
2855 3650 69 39 the
2946 3647 172 44 Londott

1773 3722 180 41 Tavern,
1975 3729 78 27 was
2068 3712 98 41 fully
2183 3710 204 43 attended.
2450 3706 106 41 Lord
2581 3705 237 45 Folks:one,
2843 3705 76 38 Mr.
2939 3703 182 44 Wardle,

1776 3774 87 40 Mr..
1879 3770 131 46 Coke,
2049 3770 79 38 Mr.
2160 3767 164 45 Curwen
2324 3767 28 45 i
2387 3763 79 41 Mr.
2500 3757 252 45 Whitbread,
2787 3757 76 38 and
2897 3756 227 43 Alderman,

1774 3826 171 41 Combe,
1976 3834 105 27 were
2107 3829 154 40 among
2290 3817 116 38 those
2435 3814 94 39 who
2563 3810 208 41 de:ivered
2802 3810 105 38 their
2936 3808 187 54 political

1774 3878 237 41 sentiments
2033 3887 107 39 upon
2160 3872 71 41 the
2257 3869 204 44 occasion,
2496 3866 80 40 and
2609 3865 124 50 urged
2765 3862 71 39 the
2863 3865 189 47 necess4y
3077 3860 53 41 of

1780 3931 206 40 Reform.-
2009 3927 80 40 Mr.
2105 3924 180 45 Wardle,
2302 3922 38 39 in
2361 3922 63 38 his
2441 3918 162 54 speech,
2623 3914 175 44 asserted
2819 3914 90 40 that
2929 3914 51 39 he
3000 3912 43 40 k,
3059 3927 67 26 ow.

1779 3984 149 51 nothing
1928 3984 22 51 -
1977 3979 52 40 of
2046 3980 96 38 Mrs.
2164 3977 167 45 Clarke,
2354 3972 99 43 until
2480 3972 52 39 he
2563 3971 69 41 hut
2644 3969 69 43 ted
2726 3969 77 41 her
2823 3972 73 35 cut
2916 3972 45 34 to
2981 3969 149 39 obtan

1779 4037 71 39 kir
1867 4036 239 48 testisnony,
2133 4030 79 40 and
2241 4028 143 41 denied
2412 4038 79 39 Any
2524 4025 206 50 improper
2759 4026 172 35 connect
2953 4035 51 25 on
3027 4035 24 21 u
3077 4025 34 35 ti
3111 4025 18 35 t

1775 4089 94 48 that
1885 4081 244 60 Lady,Sir
2147 4082 164 43 Pfaucis
2326 4080 193 52 13urdett
2518 4080 24 52 -
2542 4080 50 52 4i
2606 4075 220 56 prevented
2842 4074 109 41 from
2967 4078 161 38 tatc:nct

1783 4155 66 44 !AA
