3354 4441
317 104 222 57 APRIL
573 103 33 50 2

315 241 185 41 narkimity
517 239 44 33 of
575 234 304 53 ParliamenWpr
895 233 183 35 claim•ito
1085 230 195 43 indulgence
1280 230 20 43 ;
1313 227 60 37 for
1384 237 26 31 a
1422 227 235 46 proposition

315 288 60 37 for
392 289 34 33 al
436 287 120 44 tering
556 287 20 44 .
576 287 20 44 a
613 276 142 41 t)rmer
767 280 201 47 decision.:
998 278 255 46 In,dointthis
1253 278 21 46 -
1274 278 22 46 '
1297 278 189 39 however,
1512 274 48 34 he
1579 283 76 25 was

315 338 119 44 solely
455 331 159 38 actuated
614 331 20 38 .
647 332 51 44 by
717 340 25 31 a
758 327 129 46 regied
907 325 39 38 to
953 313 2 69 ,
970 320 141 52 justice
1116 350 11 14 ,
1159 325 72 47 and
1247 320 59 37 for
1324 322 64 35 the
1403 321 193 51 diameter
1613 320 45 34 of
1667 313 1 69 1

317 385 83 33 that
419 383 151 39 House;
580 390 40 25 as
635 372 48 40 116
694 381 83 30 *Vac
788 386 34 24 IV
831 367 103 51 holly
947 367 270 51 unnt4tittinted
1234 370 92 35 with
1344 370 64 35 the
1417 373 19 32 -
1436 373 136 32 connect
1578 369 90 37 inns..l

315 432 45 33 of
372 431 60 34 the
452 429 141 46 gallant
615 426 139 35 Officer
771 429 38 30 to
830 423 126 34 whose
974 430 81 26 case
1063 422 18 33 -
1081 422 38 33 he
1136 429 78 26 was
1231 423 38 31 to
1284 416 117 37 refer.
1450 416 84 35 The
1552 412 98 38 Hun.

319 480 167 34 taronet
502 477 87 37 then
608 471 206 48 proceeded
833 478 38 27 to
888 475 111 37 state,
1016 468 89 45 -that
1124 467 33 34 if
1172 468 46 33 ho
1233 465 73 43 had
1325 468 91 33 been
1442 468 210 43 msent...at

318 527 63 34 the
413 526 221 38 discuydon,
666 523 43 32 he
739 519 130 34 should
901 517 93 34 have
1026 508 197 52 employed
1254 513 57 34 his
1341 511 150 35 humble
1511 510 144 41 ell'ofts,;

317 573 143 45 though
481 572 45 33 he
543 573 100 32 thirst
661 573 61 30 not
744 568 126 35 flatter
893 562 158 37 hini4elf
1058 562 46 33 he
1121 561 132 34 should
1281 561 94 38 Gave
1393 560 246 39 beett'sUccess-

317 621 73 41 fill,
410 630 35 27 to
459 618 168 35 dissitade
643 615 63 35 the
724 615 132 40 House
868 612 98 34 from
981 612 66 32 the
1061 609 163 34 decision
1241 608 32 33 it
1286 606 73 35 had
1374 611 104 31 tome
1492 612 54 28 to.
1597 602 61 35 He

318 670 89 33 then
425 666 201 37 contended
654 664 85 34 that
771 658 281 47 prevarication
1070 656 107 37 could
1195 659 63 31 not
1279 648 182 52 apply:to
1489 646 64 44 the
1579 652 60 34 evi-

318 717 116 35 dence
459 715 176 44 given.by
654 713 90 32 that
757 710 151 41 Officer,
925 706 73 35 and
1022 715 72 25 was
1113 703 276 47 proceeding.to
1406 710 46 26 an
1468 699 191 35 examine•

321 765 78 33 don
418 762 44 35 of
475 763 64 33 the
556 762 176 35 evidence
750 758 35 34 in
802 758 63 33 the
883 752 149 48 printed
1049 752 181 41 inintites,.
1241 750 38 34 in
1296 748 111 37 order
1424 754 39 28 to
1481 744 177 39 establish

321 814 83 33 that
422 811 123 45 point,
569 810 109 32 when
1320 810 5 46 .
1358 810 4 46 .
1391 810 5 46 .

373 860 72 32 Mr.
468 855 226 37 Whitbread
713 853 119 34 called
848 850 63 35 the
938 849 102 41 Hop.
1062 847 164 40 Baronet
1251 850 40 30 to
1316 842 126 44 order,
1472 853 43 25 as
1531 841 46 35 he
1593 850 66 26 nn*

320 906 174 34 derstood
516 905 201 44 his-object
728 907 41 26 to
784 901 43 31 he
843 905 38 27 to
901 899 131 34 induce
1045 896 64 33 the
1130 895 124 34 House
1265 898 40 31 to
1322 901 146 25 reverse
1483 901 25 25 a
1522 891 138 34 solemn

321 953 165 33 decision
500 953 31 33 it
544 951 71 34 had
634 960 105 22 come
752 953 38 28 to
803 950 35 33 in
857 947 72 32 this,
946 945 158 39 Session,
1120 944 35 33 in
1175 941 60 34 the
1250 951 98 25 same
1361 939 158 43 Session,
1535 937 125 35 which

322 1011 78 24 was
417 1004 175 38 contrary
612 1003 38 27 to
667 997 61 32 the
748 1003 109 35 usage
875 994 41 33 of
944 993 243 33 Parliament.

370 1049 83 33 The
481 1045 169 46 Speaker
672 1043 143 34 was`of
841 1042 63 33 the
920 1050 98 26 same
1036 1036 287 47 opinion.—Sif
1338 1035 164 37 Thomas
1518 1032 145 35 Turton

321 1094 243 44 accordingly
583 1093 201 34 -withdrew
804 1090 56 34 his
880 1089 161 35 motion,

534 1173 105 24 BILL
657 1172 53 25 TO
736 1169 208 26 PREVENT
961 1166 92 26 run
1074 1165 109 28 SALE
1202 1165 57 25 OF
1280 1160 178 30 PLACES.

374 1220 97 35 Lord
500 1219 206 34 Folkstone
729 1218 69 34 had
815 1228 22 22 a
857 1218 72 33 few
947 1213 119 34 words
1084 1218 39 30 to
1154 1222 66 32 say
1248 1221 46 22 on
1313 1211 66 33 the
1394 1205 156 48 subject.
1602 1205 64 35 He

326 1267 178 38 observed
526 1267 81 33 that
637 1266 103 34 these
758 1264 137 35 sort-sof
909 1261 219 47 preventive
1155 1259 86 34 bills
1254 1267 89 35 very
1361 1257 123 43 rarely
1502 1252 65 35 did
1591 1264 73 33 any

324 1316 112 50 good.
491 1315 52 34 As
561 1315 86 41 long
671 1324 41 22 as
730 1312 239 45 temptations
986 1319 97 22 were
1102 1306 152 34 sufThred
1280 1311 39 28 to
1339 1303 156 39 remain,
1513 1300 154 35 offences

327 1363 124 34 would
484 1363 46 32 be
560 1362 228 33 committed.
847 1355 343 43 Notwithstanding.
1214 1355 60 32 the
1304 1350 206 47 provisions
1528 1349 43 32 of
1580 1349 84 33 such

326 1413 102 39 bills,
449 1411 61 33 the
530 1404 190 48 ingenuity
739 1406 46 37 a
804 1407 176 34 offenders
1006 1403 120 34 would
1146 1402 174 34 continue
1345 1406 46 27 to.
1410 1396 116 35 evade
1554 1396 113 39 them,

326 1466 40 28 at
380 1470 21 21 a
419 1460 102 32 little
540 1467 102 24 more
660 1467 46 24 ex
716 1466 112 34 pence
846 1466 43 22 or
907 1453 161 35 trouble.
1123 1450 40 34 If
1178 1449 64 34 the
1260 1447 149 45 inquiry
1427 1447 45 32 he
1492 1443 71 34 had
1584 1453 64 34 pro-

328 1507 112 48 posed
459 1518 22 21 a
501 1505 72 34 few
591 1505 129 45 nights
751 1505 99 33 since
868 1502 73 33 had
964 1502 91 32 been
1080 1508 94 35 gone
1194 1498 93 39 into,
1306 1495 104 33 there
1430 1492 123 34 would
1574 1492 92 33 have

327 1558 90 31 been
435 1565 46 24 no
497 1553 170 33 occasion
684 1551 58 34 for
756 1551 61 33 the
830 1552 144 43 present
994 1552 178 30 measure.
1225 1544 51 33 As
1294 1550 38 26 to
1352 1543 64 33 the
1433 1540 120 33 othces
1583 1550 65 24 con-

325 1603 126 34 nected
471 1600 92 34 with
586 1600 61 34 the
667 1605 123 28 courts
809 1598 41 33 of
865 1598 89 38 law,
976 1597 44 32 he
1031 1593 109 35 found
1160 1591 87 44 they
1270 1590 69 33 had
1357 1590 92 33 been
1467 1587 57 33 for
1547 1598 24 21 a
1585 1589 85 41 long

325 1651 90 34 time
435 1649 191 45 regularly
644 1649 145 43 bought
810 1645 71 34 and
898 1643 96 40 sold,
1015 1643 65 33 but
1098 1642 45 32 he
1161 1638 110 35 could
1365 1649 46 21 no
1431 1644 129 26 reason
1581 1636 86 43 why

327 1698 73 32 this
417 1697 165 44 pr:ctice
598 1695 130 34 should
750 1695 45 32 he
813 1691 152 35 suirored
987 1697 39 27 to
1043 1688 185 37 continue.
1283 1687 122 33 There
1426 1694 74 22 was
1515 1682 156 33 another

328 1746 189 40 Omission,
540 1744 191 38 however,
761 1741 37 33 in
824 1740 60 34 the
909 1746 77 33 act,
1007 1737 123 35 which
1152 1733 189 46 appeared
1361 1739 37 27 to
1419 1731 74 33 him
1512 1730 44 33 of
1572 1740 99 24 more

327 1792 172 38 material
517 1776 4 53 •
534 1794 174 31 moment.
762 1788 83 34 The
869 1787 183 34 attention
1072 1786 46 33 of
1139 1786 64 31 the
1217 1782 125 33 House
1369 1779 70 34 had
1456 1779 90 33 been
1565 1776 104 35 much

330 1841 102 35 fixed
449 1846 39 26 to
524 1840 86 33 Last
641 1838 107 34 India
778 1835 234 43 w•riterships
1043 1833 70 33 and
1140 1830 228 44 cadetships,
1391 1830 71 31 but
1474 1827 104 32 there
1599 1835 73 24 was

328 1889 161 34 another
507 1887 104 44 thing
638 1885 45 34 of
699 1885 105 34 much
824 1893 100 24 more
954 1890 248 35 consequence
1231 1877 122 35 which
1388 1874 73 35 had
1494 1880 61 27 not
1583 1873 90 33 been

330 1936 165 33 noticed.
527 1936 35 33 It
582 1944 73 24 was
673 1937 92 28 most
784 1932 190 33 notorious
993 1930 83 33 that
1094 1929 106 33 there
1219 1936 76 24 was
1313 1936 22 21 a
1352 1922 118 35 traffic
1489 1922 58 33 for
1567 1922 109 32 other

331 1971 141 57 plAees.,
498 1983 70 33 and
602 1982 81 34 also
713 1981 60 33 for
797 1985 93 28 seats
928 1980 35 32 in
996 1971 314 43 Parliament.—(
1320 1974 104 32 Hear
1440 1969 15 32 !
1482 1971 86 31 hear
1585 1968 92 41 !)

332 2031 94 33 This
445 2041 74 22 was
537 2040 25 24 a
575 2030 104 43 thing
696 2033 94 30 most
807 2033 175 37 contrary
1004 2030 38 28 to
1058 2034 115 33 every
1189 2021 84 33 idea
1284 2020 43 33 of
1339 2020 66 33 the
1420 2016 256 39 constitution,

331 2079 70 33 and
432 2085 64 27 vet
530 2079 32 44 it
587 2088 77 24 was
694 2080 93 30 most
806 2075 191 33 notorious
1011 2086 12 26 ;
1049 2073 70 32 and
1136 2082 40 22 as
1202 2069 31 33 it
1256 2079 77 22 was
1351 2070 92 28 most
1469 2066 207 39 notoriotv,
1710 2066 2 57 -

333 2125 46 38 be
409 2114 157 56 thought
593 2125 63 33 the
678 2124 117 41 Right
817 2121 243 34 [Linton:able
1081 2118 215 35 Gentleman
1313 2112 124 38 would
1456 2112 47 33 do
1527 2112 81 33 well
1638 2117 38 28 to

331 2167 194 39 introduce
543 2183 22 25 a
586 2173 123 33 clause
730 2171 34 32 in
784 2170 54 33 his
867 2170 66 33 bill
954 2176 38 27 to
1013 2172 156 39 prevent
1198 2163 213 43 trafficking
1433 2159 59 34 for
1519 2157 94 35 seats
1641 2158 35 35 in

337 2219 124 37 Parlia
461 2219 20 37 ,
481 2219 105 37 aent.
640 2220 84 33 The
749 2218 188 43 Treasury
960 2226 74 22 was
1058 2215 74 34 .the
1156 2213 110 45 place
1302 2210 126 33 where
1452 2207 74 33 this
1560 2206 117 34 traffic

334 2275 100 33 went
469 2278 56 22 on•
546 2272 38 28 to
620 2268 60 32 the
706 2270 162 39 greatest
883 2264 70 33 and
976 2270 93 27 most
1085 2265 156 39 corrupt
1258 2262 143 31 extent.
1452 2255 80 34 The
1553 2257 104 31 Secre-

334 2320 87 38 tary
445 2314 48 33 of
501 2307 64 41 tire
582 2314 190 39 Treasury
796 2322 74 25 was
894 2310 190 45 generally
1104 2308 60 34 the
1181 2310 110 41 agent
1320 2306 34 32 in
1372 2303 53 33 all
1444 2302 105 34 those
1567 2307 94 28 trans-

332 2363 146 32 actions
506 2373 45 24 on
579 2362 63 32 the
677 2366 85 41 part
796 2360 44 33 of
868 2357 63 34 the
959 2357 261 38 Government,
1256 2353 18 41 (
1283 2353 102 33 Ilear
1397 2352 14 32 !
1448 2352 86 32 hear
1550 2349 14 33 !
1571 2348 19 44 )

334 2408 219 37 ciendetnen
572 2415 122 27 meant
713 2409 47 35 by
785 2407 73 37 this
878 2405 169 45 sneering
1065 2411 35 30 to
1122 2402 117 44 imply
1259 2411 25 22 at
1298 2401 119 32 doubt
1436 2398 40 33 of
1494 2398 53 33 hi-
1567 2401 93 30 state-

334 2464 118 39 tusat,
475 2457 45 33 he

539 2457 142 46 ,sktpuld
713 2457 46 32 be
784 2464 85 34 very
908 2453 130 45 happy
1058 2457 39 30 to
1115 2451 45 34 he
1176 2447 164 35 allowed
1362 2457 25 24 a
1411 2445 210 34 committee
1643 2451 35 26 to

334 2505 176 35 exatuitie
523 2505 76 34 into
615 2505 61 32 the
698 2503 91 33 fact.
843 2502 52 34 At
912 2510 115 33 every
1044 2492 217 39 dissolution
1278 2494 43 35 of
1335 2494 221 44 oarliament
1578 2492 100 33 there

340 2549 74 38 i%O.s
432 2561 46 26 an
500 2551 102 33 office
618 2561 99 34 open
735 2555 39 28 at
791 2548 63 35 the
874 2552 185 37 trensnry,
1077 2544 137 37 where'
1227 2533 66 44 the
1304 2536 139 39 friends
1457 2539 43 33 of
1508 2539 154 33 adminis-

339 2601 141 32 tration
491 2598 123 34 stated
627 2598 100 33 theft
741 2604 125 33 terms,
882 2594 71 34 and
973 2593 125 40 where
1115 2601 146 35 persons
1280 2589 104 35 made
1397 2588 98 34 their
1511 2588 172 43 bargains

339 2660 47 30 on
403 2648 172 38 differeot
602 2653 128 33 terms,
754 2643 201 44 according
974 2647 45 30 to
1045 2641 63 34 the
1140 2639 171 34 abilities
1337 2636 93 34 with
1450 2635 124 34 which
1593 2634 87 44 they

341 2705 99 24 were
458 2693 185 46 supposed
679 2688 161 50 capable
874 2687 43 37 of
946 2688 222 45 stipporting
1188 2687 59 33 the
1277 2687 265 32 Government.
1593 2681 92 33 This

341 2737 148 40 svnQitis
510 2740 79 39 firm
617 2732 131 47 belief,
769 2739 70 34 anti
860 2739 50 33 he
920 2733 171 37 believed
1113 2735 31 33 it
1161 2735 79 32 was
1254 2734 79 33 also
1351 2732 65 33 the
1433 2730 119 34 belief
1566 2730 43 33 of
1623 2730 61 34 the

339 2791 151 45 pantie..
631 2789 161 44 thought
814 2786 63 35 the
899 2785 128 33 House
1058 2783 130 33 should
1219 2785 143 31 correct
1390 2780 131 32 abuses
1554 2777 46 33 of
1613 2777 73 33 this

339 2836 210 51 tpagpitude
549 2836 21 51 s
588 2841 48 30 at.
654 2836 65 44 the
739 2845 98 25 same
857 2833 90 44 time
966 2832 83 39 that
1077 2831 86 44 they
1186 2838 97 27 were
1291 2828 19 47 -
1310 2828 137 47 passing
1463 2836 24 25 a
1504 2824 71 35 bill
1593 2824 93 34 with

346 2893 146 47 respect
510 2894 37 25 to
565 2894 120 25 minor
700 2884 171 39 offences.

393 2948 76 38 Mr,
491 2948 169 44 Creevey
676 2944 98 41 said,
801 2943 81 35 that
900 2942 65 34 the
980 2939 146 40 Noble.
1127 2939 99 40 Lord
1240 2948 85 28 was
1341 2935 184 48 perfectly
1544 2940 145 30 correct

343 2996 38 34 in
399 2994 152 44 stating,
579 2994 80 33 that
663 2999 18 28 -
680 2992 146 35 seats-in
849 2991 229 34 Parliatnent
1097 2988 71 34 had
1188 2987 92 34 been
1299 2985 229 44 notoriously
1548 2982 141 46 bought

341 3044 71 33 and
442 3043 91 34 sold-
554 3044 54 43 by-
634 3043 61 33 the
725 3040 203 43 Treasury.
977 3038 69 34 Ile
1071 3035 126 34 would
1224 3044 83 33 say,
1337 3032 80 35 that
1443 3031 72 35 this
1528 3038 20 26 -
1548 3038 63 26 vas
1629 3037 61 27 not

341 3093 87 41 wily
461 3090 57 35 Ms
546 3089 135 40 belief,
706 3090 66 34 hut
801 3089 83 34 that
909 3086 46 35 it:
970 3097 76 24 was
1075 3083 132 34 within
1234 3083 57 33 his
1319 3078 239 45 knowledge.
1610 3078 81 32 The

343 3141 194 41 Treasury
556 3145 60 31 not
643 3137 90 47 only
751 3137 136 45 openly
908 3132 144 46 bought
1068 3132 70 35 and
1156 3131 80 33 sold
1260 3130 102 33 those
1381 3133 110 33 seat,
1519 3128 65 33 but
1603 3126 81 41 the)

343 3182 90 45 lievt
454 3187 37 32 in
503 3195 21 22 a
536 3184 103 43 great
656 3184 136 43 degree
807 3183 63 34 the
882 3181 202 46 monopoly
1102 3177 45 37 of
1161 3178 80 35 that

1256 3176 168 40 .market.
1480 3174 38 33 If
1531 3175 74 32 this
1620 3184 71 31 Ao,

341 3234 210 43 attempted
573 3237 37 28 to
627 3233 56 40 be
698 3230 135 35 denied
857 3231 51 44 by
930 3229 204 40 Ministers,
1161 3227 47 33 he
1225 3217 131 41 should
1374 3220 46 37 he
1437 3222 83 45 glad
1541 3227 37 28 to
1600 3222 92 31 have

345 3276 332 48 the-opportunity
694 3279 45 35 of
754 3276 159 47 proving
928 3278 46 41 it,
999 3275 72 35 and
1091 3275 45 33 he
1154 3273 111 35 could
1279 3270 118 45 easily
1415 3280 117 35 prove
1550 3270 31 32 it
1599 3268 97 33 from

346 3328 61 34 the
426 3327 74 45 lips
520 3327 44 33 of
576 3338 71 34 any
661 3338 70 22 one
748 3326 85 35 who
850 3325 72 34 had
941 3333 87 26 ever
1042 3324 91 33 been
1148 3325 198 39 Secretary
1358 3318 45 33 of
1417 3318 63 33 the
1495 3318 200 44 Treasury.

350 3377 34 33 It
420 3386 77 22 was
524 3374 171 39 absolute
716 3383 180 25 -nonsense
920 3371 72 35 and
1022 3370 168 38 delusion
1218 3379 46 24 On
1293 3367 63 33 the
1374 3365 142 45 public,
1543 3365 59 33 for
1633 3364 64 33 the

347 3423 131 34 House
504 3429 39 26 to
561 3423 113 43 spend
697 3422 99 33 their
814 3423 89 32 time
921 3420 37 33 in
974 3418 234 40 considering
1222 3416 130 33 abuses
1380 3416 35 31 in
1431 3412 64 34 the
1517 3412 156 34 Commis-

345 3471 141 33 sioners
517 3469 45 33 of
582 3471 61 32 the
676 3470 170 43 Lottery,
879 3468 72 33 and
992 3476 113 34 every
1136 3465 110 31 oilier
1291 3462 119 34 minor
1449 3461 248 46 department,

350 3520 106 32 when
483 3519 86 43 they
589 3519 128 39 knew,
743 3516 72 34 and
844 3516 107 33 when
969 3515 65 34 the
1058 3513 129 47 public
1208 3513 123 37 k'ww,
1357 3508 84 34 that
1460 3507 60 34 the
1538 3514 159 38 greatest

347 3567 44 32 of
404 3566 52 34 all
475 3566 130 34 atuscs
626 3576 77 22 was
720 3565 207 44 constantly
947 3561 189 47 practised
1155 3560 44 45 b)
1221 3568 112 35 every
1357 3559 196 41 Secretary
1573 3555 43 34 of
1637 3554 63 34 the

350 3614 207 44 Treasury.
585 3614 35 32 in
641 3613 141 44 buying
804 3611 70 35 and
893 3611 133 44 selling
1050 3614 94 30 seats
1173 3606 38 34 in
1241 3605 241 37 Parliament.
1534 3604 58 34 To
1619 3602 79 35 talk

351 3660 43 34 of
419 3672 24 22 a
458 3660 223 35 dissolution
703 3659 44 34 of
763 3658 231 39 Parliament
1019 3666 40 25 as
1076 3665 48 26 an
1147 3653 143 47 appeal
1310 3659 40 27 to
1385 3652 65 34 the
1469 3651 138 46 people
1628 3659 76 24 was

350 3719 103 22 mere
484 3709 178 44 mockery
684 3707 72 34 and
787 3706 234 45 imposition.
1072 3703 41 38 It
1136 3713 78 24 was
1243 3698 185 50 perfectly
1449 3699 85 34 well
1564 3698 138 33 known

354 3756 83 34 that
458 3768 24 21 a
497 3756 228 35 dissolution
739 3752 44 35 of
806 3752 234 37 Parliament
1058 3761 77 32 was
1161 3756 63 30 not
1241 3759 46 24 tin
1305 3746 139 47 appeal
1472 3754 40 27 to
1530 3746 64 34 the
1613 3756 66 35 peo-

354 3804 79 44 ple,
469 3804 67 33 but
569 3811 39 27 to
635 3804 64 33 the
732 3803 187 44 Treasury
956 3798 155 45 (Hear!
1137 3798 110 34 Rear
1263 3795 35 46 !)
1326 3794 195 45 Although
1558 3795 44 33 he
1632 3793 71 34 had

353 3856 103 35 great
478 3856 143 43 respect
641 3853 60 33 tar
726 3850 65 34 the
810 3850 72 35 last
899 3849 272 38 Goverment,
1195 3844 70 34 and
1285 3844 106 33 owed
1411 3853 100 33 some
1530 3840 174 48 personal

353 3898 152 34 favours
527 3907 37 25 to
583 3900 117 40 them,
729 3905 63 38 Set
808 3895 48 37 he
872 3901 93 30 must
983 3905 85 35 say,
1093 3894 84 34 that
1194 3892 100 35 their
1310 3891 219 34 dissolution
1545 3887 45 37 of
1615 3887 71 35 Par-

357 3945 155 35 liament
537 3953 40 27 at
605 3946 64 34 the
693 3947 69 32 end
793 3945 45 34 of
860 3944 87 34 four
974 3952 126 37 years,
1123 3940 84 37 like
1235 3939 65 35 the
1325 3939 220 34 dissolution
1565 3939 50 43 by
1645 3937 64 33 the

357 4000 150 35 present
528 3994 203 41 Ministers,
758 3999 38 27 at
815 3991 65 38 the
898 3990 70 39 end
987 3990 45 35 of
1058 3990 117 35 about
1193 3987 86 35 four
1296 3986 162 41 months,
1485 3996 77 24 was
1581 3989 64 31 not
1663 3993 45 22 nn

354 4042 142 44 appeal
517 4048 38 27 to
576 4042 60 33 the
666 4043 138 45 people
824 4041 69 34 but
909 4048 39 27 to
967 4037 64 38 the
1054 4036 188 46 Treasury
1269 4032 115 46 (loud
1397 4036 91 32 cries
1505 4031 50 47 of
1573 4031 105 37 Hear
1695 4030 13 32 !

358 4088 107 33 Hear
481 4088 35 44 !)
561 4089 105 34 Until
698 4081 64 44 tie
790 4085 129 38 House
939 4095 74 25 was
1039 4083 169 45 disposed
1234 4088 38 30 to
1289 4088 175 39 suppress
1487 4081 77 33 this
1580 4080 130 33 odious

360 4135 69 33 and
448 4137 330 35 unconstitutional
797 4135 136 40 traffic,
959 4134 64 34 the
1038 4131 213 47 legislating
1265 4140 45 26 on
1324 4129 106 37 those
1443 4129 126 37 .miaow
1581 4127 132 37 abuses

372 4192 80 30 was
471 4195 98 26 mere
589 4186 180 45 mockery
788 4185 71 38 and
875 4181 189 38 delusion.

1189 90 150 57 THE
1370 91 380 58 NATIONAL
1783 86 383 56 REGISTER.

1765 217 81 34 The
1861 216 222 37 Chancellor
2108 216 45 33 of
2167 216 59 32 the
2248 215 220 43 Exchequer
2484 214 94 37 said,
2607 211 44 32 he
2672 219 74 22 was
2766 208 126 41 happy
2915 211 35 26 to
2969 204 72 33 find

1717 265 79 34 that
1807 266 66 33 the
1887 263 123 35 Noble
2029 263 96 34 Lord
2139 261 115 45 (Lord
2276 257 240 43 Folkestone)
2538 257 69 33 had
2616 254 19 35 -
2635 254 196 35 attributed
2854 253 196 33 whatever'

1717 312 103 34 there
1839 312 126 34 wasof
1972 311 189 45 obscurity
2183 309 35 33 in
2237 309 73 33 this
2330 307 93 39 Bill,
2450 312 38 27 to
2506 305 60 34 the
2584 305 118 32 derive
2721 304 41 30 of
2778 300 151 43 making
2955 301 25 31 it
3001 308 40 22 as

1715 359 300 44 comprehensive
2033 370 44 21 as
2102 358 176 45 possible.
2330 356 61 33 lie
2420 364 71 22 was
2524 353 78 32 also
2630 351 85 43 glad
2738 350 76 33 that
2835 348 60 32 the
2916 346 125 33 Nobla

1717 405 98 35 Lord
1833 405 71 37 had
1919 405 177 35 admitted
2117 404 81 33 that
2217 403 61 33 the
2297 400 214 35 Iiill•would
2530 399 126 32 render
2674 397 61 32 the
2752 397 230 32 commission
3001 393 52 33 of

1717 454 268 37 thestoilences
1998 462 98 25 more
2119 450 152 34 difficult
2301 451 34 32 in
2355 449 136 32 future.
2542 448 53 31 As
2614 451 34 26 to
2676 443 63 33 the
2760 442 183 45 purchase
2969 441 85 34 and•

1717 501 77 33 sale.
1812 501 46 33 of
1880 501 124 46 places
2037 498 195 35 connected
2250 496 92 35 with
2362 495 63 33 the
2454 495 132 32 Courts
2614 494 41 31 of
2680 491 159 41 Justice,
2869 490 77 32 that
2968 489 71 31 had

1720 547 191 45 prevailed
1926 547 93 33 from
2040 557 87 33 very
2146 548 135 31 remote
2301 546 118 34 times,
2437 543 63 31 but
2529 540 45 32 he
2588 539 165 34 believed
2773 537 79 32 that
2871 539 26 31 it
2915 536 124 34 woold

1717 599 64 28 not
1798 594 45 34 be
1858 595 78 34 said
1952 594 91 34 that
2055 594 60 34 the
2135 592 165 46 practice
2317 598 39 27 at
2373 586 268 39 all'interfered
2657 586 90 33 with
2766 586 60 32 the
2861 586 122 41 levity
3002 583 46 33 of

1721 640 61 34 the
1795 643 294 34 administration
2108 640 43 34 of
2169 639 156 45 ,justice.
2376 638 52 33 As
2457 641 37 28 to
2515 635 100 32 what
2644 632 71 33 hail
2747 633 89 31 been
2852 631 189 43 sugge:ted

1724 687 90 35 with
1828 692 149 43 respect
2003 690 115 33 tothe
2134 687 216 44 prevention
2369 684 45 33 of
2428 684 59 32 the
2506 681 117 34 tratlie
2640 679 60 33 for
2718 685 93 26 seats
2830 680 35 30 in
2896 679 128 32 Parlia-

1722 741 111 34 ment,
1854 737 73 33 this
1946 736 120 34 would
2087 736 45 32 be
2147 744 24 24 a
2187 737 131 31 matter
2336 731 122 34 which
2476 729 113 41 might
2604 728 113 43 fairly
2738 729 44 30 he
2799 725 116 33 stated
2935 725 106 32 when

1723 781 60 35 the
1804 783 77 35 Bill
1899 783 129 33 should
2040 793 103 25 come
2163 782 74 32 into
2256 790 22 24 a
2297 780 233 34 Committee.
2558 772 1 46 -
2585 775 39 33 If
2649 775 60 32 the
2724 774 129 33 .Noble
2867 772 1 46 •
2885 772 92 32 Lord
3002 774 52 31 or'

1724 827 99 37 lion.
1844 830 215 35 Gentleman
2082 828 124 37 would
2235 828 85 33 then
2346 827 105 35 brine
2478 826 51 32 lot
2545 821 102 35 ward
2665 833 72 32 any
2758 819 231 46 proposiSton
3007 819 50 34 of

1724 876 80 34 that
1832 883 93 37 sort,
1951 878 61 34 the
2036 878 125 33 house
2187 875 123 33 would
2329 874 47 33 be
2394 883 86 24 vt‘ry
2499 870 115 41 ready
2634 874 38 28 to
2699 870 89 31 take
2806 868 26 31 it
2854 867 76 33 into
2948 867 97 33 their

1724 925 281 34 consideration.
2053 925 83 33 The
2154 924 124 33 Noble
2296 921 93 33 Lord
2407 920 67 33 had
2490 918 116 34 stated
2627 917 56 33 his
2700 917 77 32 firm
2797 913 120 34 belief
2929 915 40 32 of
2983 913 65 33 the

1724 972 184 35 existence
1926 970 45 34 of
1982 971 83 35 such
2083 970 253 40 transactions,
2355 970 67 32 and
2446 970 57 32 the
2519 966 98 33 lion.
2633 964 219 33 Gentleman
2868 960 67 33 had
2953 970 97 34 gone

1726 1018 157 44 further,
1910 1019 71 34 and
2006 1019 132 40 stated,
2154 1017 78 33 that
2258 1016 31 34 it.
2304 1026 74 24 was
2399 1016 91 33 with
2499 1015 33 33 in
2552 1013 54 34 his
2623 1011 170 33 atisolute
2813 1009 235 40 knowledge.

1727 1068 80 33 The
1828 1067 96 34 lion.
1944 1068 213 33 Gentleman
2183 1072 38 27 to
2249 1064 44 33 be
2322 1074 97 27 sure,
2439 1062 112 37 might
2577 1062 96 32 have
2702 1068 99 22 some
2818 1056 20 41 ,
2838 1056 226 41 knowleflgel

1728 1114 91 33 from
1838 1115 63 33 the
1922 1114 207 34 confidence
2152 1117 37 28 %s
2189 1113 83 33 tile!)
2303 1121 73 22 was
2401 1108 151 45 reposed
2583 1109 33 31 in
2637 1107 73 33 him
2733 1107 47 43 by
2802 1104 64 33 the
2882 1106 73 37 bite
2974 1104 80 32 Ad.

1729 1161 351 40 ministration,with
2095 1160 120 34 whom
2228 1160 47 32 lie
2288 1169 72 22 was
2373 1156 196 35 connected
2663 1154 100 32 Lead
2776 1154 90 32 cries
2878 1153 46 41 el
2936 1153 84 31 kyr
3034 1149 17 34 !

1729 1211 86 31 hear
1828 1209 13 32 !
1848 1212 19 40 )
1923 1209 58 33 Ile
1997 1208 105 34 could
2121 1217 60 25 not
2203 1206 188 38 recollect,
2419 1205 187 38 however,
2634 1202 81 32 that
2734 1201 80 32 that
2832 1200 102 33 Hon.
2955 1200 72 31 Gen-

1730 1256 133 34 tleman
1894 1254 96 45 (Mr.
2009 1253 181 46 Creevey)
2225 1253 85 38 had,
2334 1257 39 28 at
2392 1252 63 32 the
2472 1252 86 32 tithe
2581 1250 103 33 when
2698 1259 24 22 a
2746 1245 150 46 specific
2915 1246 137 44 charge

1733 1315 73 24 wits
1822 1303 163 45 brought
2001 1304 143 43 against
2156 1312 24 22 a
2199 1303 191 40 Secretary
2409 1298 44 33 of
2470 1299 63 32 the
2552 1299 189 39 Treasury
2760 1296 58 33 for
2832 1296 89 32 such

2940 1287 96 39 inter-

1731 1350 142 35 ference
1900 1352 106 41 given
2040 1351 61 33 the
2134 1350 125 32 House
2293 1349 60 32 the
2387 1349 131 31 beeelit
2544 1345 41 33 of
2611 1345 53 31 his
2686 1342 231 45 knowledge.
2969 1342 85 33 The

1734 1400 125 33 House
1879 1400 126 33 would
2021 1398 185 44 perceive,
2223 1396 89 32 'that
2343 1395 59 32 the
2421 1404 79 21 rest-
2519 1394 44 32 he
2580 1391 145 34 alluded
2747 1388 52 34 to
2799 1388 81 33 'iris
2902 1388 105 33 wfien
3025 1398 27 22 a

1733 1449 133 41 charge
1893 1457 74 21 was
1996 1446 154 43 brought
2170 1444 138 43 against
2326 1453 24 21 a
2376 1444 189 38 Seirteary
2587 1440 41 33 of
2653 1441 60 31 the
2733 1439 197 41 .Treasury
2954 1436 97 43 (Mr.

1737 1494 226 33 l'remantle)
1978 1493 58 32 for
2053 1492 236 34 interference
2304 1492 33 31 in
2355 1491 60 31 the
2432 1488 157 33 election
2609 1486 41 33 of
2668 1483 242 45 Ilempshire,
2930 1483 126 34 where

1737 1543 41 31 he
1795 1552 72 22 was
1886 1540 248 34 undoubtedly
2152 1537 259 35 a.freeholder.
2463 1537 31 32 T
2502 1532 92 35 he'll
2604 1544 58 24 on.
2680 1532 289 33 Gent!emanelil
2992 1537 65 27 not

1737 1591 80 32 then
1839 1590 63 32 tell
1924 1590 60 31 the
2004 1589 124 33 House
2152 1598 22 21 a
2198 1585 99 33 word
2317 1583 40 34 of
2374 1584 78 32 that
2481 1583 163 43 practice
2672 1579 119 33 which
2826 1590 74 22 was
2922 1578 132 33 within

1737 1637 144 32 hisown
1902 1636 231 39 knowledge,
2154 1633 43 33 of
2219 1632 217 34 S.•cretaries
2454 1629 41 33 of
2507 1630 59 32 the
2584 1629 182 41 Treesury
2787 1628 193 41 corruptly
3002 1625 37 33 in-

1737 1683 175 43 terfering
1931 1682 35 33 in
1991 1684 59 32 the
2068 1681 158 35 election
2254 1680 43 34 of
2313 1675 182 38 Members
2513 1676 44 33 of
2584 1676 237 33 Padia:nent.
2881 1675 112 32 When
3013 1675 46 32 he

1739 1731 67 32 had
1826 1733 78 31 that
1923 1730 231 38 knowledge,
2177 1728 81 32 how
2278 1727 63 33 did
2361 1727 27 32 it
2409 1726 146 43 happen
2575 1723 78 32 that
2673 1721 54 33 his
2744 1721 209 44 patriotism
2982 1730 77 22 was

1736 1781 124 41 asleep
1880 1789 45 22 on
1945 1779 79 33 that
2054 1775 234 35 remarkable
2320 1773 170 34 occasion
2507 1772 77 37 ?—(
2598 1772 97 44 Heat:
2711 1768 11 32 !
2754 1772 89 28 hear
2862 1767 34 43 !)
2948 1766 41 35 If
3014 1768 46 33 he

1742 1827 135 39 would,
1904 1825 185 40 however,
2127 1825 81 32 then
2229 1822 105 43 bring
2352 1820 162 33 foreard
2537 1817 234 45 impartially
2787 1815 105 33 those
2910 1815 150 44 specific

1739 1884 97 24 cases
1850 1874 83 33 that
1958 1883 92 24 were
2072 1871 135 38 within
2228 1870 53 33 his
2306 1879 84 22 own
2409 1866 231 41 knowledge,
2669 1864 45 33 lie
2737 1863 120 34 would
2874 1864 188 45 probably

1741 1922 67 33 find
1828 1922 61 33 the
1911 1920 125 34 Ilouse
2053 1929 86 33 very
2159 1918 110 44 ready
2287 1923 35 26 to
2335 1916 125 34 attend
2477 1918 35 30 to
2533 1913 112 33 them.

1787 1968 74 33 Mr.
1885 1968 158 33 Whitby(
2056 1976 26 25 a
2096 1968 8 31 I
2124 1965 92 41 said,
2243 1967 77 31 that
2350 1964 44 32 he
2418 1972 72 22 wens
2513 1962 124 43 happy
2659 1958 79 43 that
2765 1957 63 34 the
2845 1958 221 43 suggestio:s

1740 2015 44 34 of
1805 2016 56 33 his
1880 2015 123 34 Noble
2020 2016 69 31 and
2113 2014 11 33 I
2134 2014 73 32 [on.
2237 2010 150 34 Friends
2399 2008 188 45 appeared
2607 2014 37 26 to
2663 2007 44 33 be
2727 2006 167 33 received
2914 2006 91 34 with
3025 2016 43 24 so

1742 2063 105 34 much
1865 2062 202 43 cordiality
2086 2063 48 41 by
2154 2060 60 32 the
2237 2060 116 43 Right
2381 2059 97 32 Hun.
2504 2055 214 34 Genthonan
2740 2053 80 44 (the
2848 2053 223 33 Chancellor

1742 2112 40 32 of
1804 2111 64 33 the
1887 2108 260 44 Exchequer),
2173 2107 69 33 and
2258 2108 78 31 that
2356 2106 27 32 it
2402 2104 142 34 seemed
2571 2107 38 28 to
2627 2102 45 32 he
2689 2101 182 32 admitted
2903 2100 79 33 that
3005 2101 65 33 the

1743 2158 164 45 practice
1928 2157 43 34 of
1991 2157 207 41 trafficking
2216 2154 56 33 for
2287 2158 93 30 seats
2393 2153 34 33 iu
2444 2151 230 35 Parliament
2693 2159 73 24 was
2786 2158 24 24 a
2820 2148 105 41 thing
2942 2148 125 33 which

1742 2205 112 44 ought
1872 2210 64 28 not
1955 2213 37 25 to
2022 2206 41 32 be
2089 2203 195 33 tolerated.
2340 2203 61 33 He
2417 2197 183 46 supposed
2620 2197 81 32 that
2730 2196 106 33 when
2865 2196 59 32 the
2957 2194 117 40 Rigll

1744 2254 97 34 lion.
1865 2254 215 34 Gentleman
2094 2250 83 44 (the
2197 2249 222 35 Chancellor
2435 2248 44 33 of
2500 2248 63 31 the
2578 2242 243 46 Exchequer)
2841 2242 117 34 called
2974 2252 100 34 upon

1743 2311 45 22 an
1808 2301 100 34 Hon.
1933 2300 132 33 Friend
2086 2297 43 35 of
2151 2295 54 35 his
2225 2296 90 44 (air.
2336 2291 200 41 Creevev),
2564 2298 37 27 to
2621 2293 104 40 bring
2751 2301 67 25 one
2836 2296 53 27 set
2906 2289 44 34 of
2974 2301 100 24 cases

1743 2347 125 33 before
1886 2347 64 33 the
1971 2348 138 37 Douse,
2141 2346 45 32 he
2203 2355 74 22 was
2295 2346 78 31 also
2408 2331 112 52 really
2542 2346 37 27 to
2602 2339 159 43 practise
2779 2339 81 32 that
2881 2337 176 44 impartia-

1743 2395 71 44 lity
1834 2395 123 33 which
1972 2394 43 32 he
2030 2392 287 40 recommended,
2342 2391 70 33 and
2427 2391 105 41 brio;
2546 2386 162 33 forward
2724 2386 103 32 those
2841 2394 98 24 cases
2953 2386 122 32 which

1747 2452 94 25 were
1860 2443 132 34 within
2014 2441 50 33 his
2083 2439 233 41 knowledge.
2367 2439 125 43 (ticar
2504 2437 13 32 !
2549 2433 118 35 Hear!
2683 2438 12 38 )
2752 2434 35 31 It
2806 2443 76 22 was
2907 2441 176 27 nonsense.

1746 2497 37 26 to
1802 2490 150 45 pretend
1983 2494 35 27 to
2037 2490 45 32 he
2118 2489 169 40 ignerant
2310 2484 44 34 of
2376 2484 100 33 those
2494 2484 143 32 abuses.
2698 2480 112 33 What
2846 2480 165 32 Member
3039 2480 46 33 of

1749 2537 229 33 Parliament
2002 2546 72 22 was
2092 2536 106 32 there
2222 2536 79 32 that
2317 2532 60 45 djd
2408 2539 64 25 not
2496 2531 109 32 know
2635 2528 326 41 thatsuch•things
2982 2538 99 24 were

1744 2585 92 33 done
1851 2584 12 33 ?
1880 2584 8 8 '
1913 2581 80 37 Did
2013 2589 59 28 not
2104 2583 45 32 he
2183 2582 123 40 know,
2333 2577 60 35 did
2424 2587 63 26 tot
2519 2578 64 33 the
2610 2576 113 44 Right
2746 2564 103 45 hon.
2870 2575 215 34 Gentleman

1749 2634 125 39 know,
1897 2630 65 35 did
1981 2636 63 30 not
2057 2640 113 33 every
2187 2629 99 44 body
2315 2627 35 33 in
2368 2628 63 32 the
2465 2627 123 33 House
2607 2624 128 35 know',
2760 2623 83 33 that
2861 2621 103 34 there
2982 2624 106 32 were

1749 2689 105 34 many
1877 2679 184 33 Members
2098 2679 85 33 who
2212 2682 53 27 sat
2301 2675 118 40 there,
2447 2674 80 33 that
2565 2682 94 22 were
2691 2672 321 43 Representatives
3043 2670 46 34 of

1749 2728 152 41 nothing
1920 2727 65 33 but
2001 2726 97 33 their
2113 2737 84 22 own
2217 2725 129 41 money
2362 2724 13 32 ?
2428 2725 12 38 (
2458 2720 100 34 Loud
2576 2721 89 31 cri::>
2680 2728 35 30 of
2737 2722 100 37 hear,
2858 2719 98 37 hcar,
2986 2718 98 39 /;.one

1750 2779 56 30 the
1826 2777 215 41 Opposition
2056 2777 37 31 I,e
2100 2776 102 31 nches
2215 2773 12 31 !
2237 2777 11 38 )
2301 2770 81 35 And
2404 2770 28 33 it
2447 2779 71 24 was
2530 2769 79 33 a4so
2630 2767 132 33 known
2778 2766 80 32 that
2871 2776 104 34 many
3001 2765 84 33 who

1754 2824 67 34 had
1844 2823 89 44 paid
1955 2822 93 33 their
2069 2826 130 37 money
2222 2819 56 33 cur
2296 2819 93 31 their
2408 2823 92 26 seat,:
2519 2817 74 32 shill
2623 2813 65 34 felt
2718 2813 214 33 themselves
2948 2815 116 41 depen-

1750 2870 84 37 dent
1852 2880 46 22 on
1915 2868 109 35 other
2040 2878 94 30 men,
2159 2867 71 34 and
2259 2864 32 34 if
2316 2867 87 41 they
2437 2862 156 35 differed
2626 2862 97 33 from
2752 2862 97 32 them
2883 2859 66 34 felt
2978 2863 106 31 those

1752 2921 143 43 qualms
1928 2916 44 33 of
2006 2917 210 33 conscience
2241 2923 43 24 or
2304 2913 43 34 of
2370 2913 142 33 hoimur
2542 2908 119 40 which
2689 2909 107 32 made.
2825 2908 97 32 them
2956 2913 133 27 vacate

1754 2968 87 33 both
1864 2966 63 33 the
1944 2969 74 28 seat
2037 2965 67 33 and
2127 2963 61 33 the
2209 2970 126 33 meney
2356 2961 86 41 they
2466 2959 67 33 had
2562 2957 86 44 paid
2669 2956 60 33 for
2758 2957 41 33 it.
2855 2956 37 32 It
2921 2966 73 21 was
3022 2960 67 28 not

1754 3013 178 43 certainly
1951 3022 70 34 any
2040 3013 89 31 char
2139 3025 13 24 te
2157 3020 19 21 e'.
2200 3009 141 40 agaihst
2362 3008 59 31 the
2454 3013 143 37 present
2611 3004 295 34 Administratioi
2921 3009 54 25 .to
2992 3007 99 28 state

1756 3064 40 34 dp
1796 3064 63 34 e.:
1880 3059 117 38 thites
2002 3084 11 13 ,
2039 3059 57 32 for
2118 3057 60 34 the
2198 3058 132 39 charge
2343 3053 156 46 applied
2519 3064 38 21 as
2578 3051 80 34 well
2689 3057 39 26 to
2746 3051 73 32 him
2833 3051 71 32 and
2930 3056 35 27 to
2982 3051 111 32 other

1761 3110 165 33 Member
1965 3107 43 32 of
2043 3109 60 31 the
2138 3105 141 38 ilitesta
2571 3102 83 40 lang
2689 3099 135 32 known
2869 3098 79 33 that
2989 3098 107 33 those

1760 3158 117 43 things
1924 3165 96 22 were
2056 3155 111 38 done,
2212 3151 67 33 and
2317 3143 12 6 '

2328 3162 32 20 wc
2376 3155 9 26 t
2425 3158 111 25 newer
2564 3146 167 43 brought
2766 3146 30 32 it
2836 3145 167 33 forward
3056 3151 39 27 to

1765 3207 224 33 Parliament
2036 3201 33 32 in
2115 3211 21 21 a
2189 3207 137 37 proper
2363 3197 149 41 shape..
2565 3193 21 51 A
2608 3193 22 51 3
2652 3193 44 51 to
2721 3194 73 32 •the
2829 3203 81 24 case
2952 3193 39 33 of
3033 3194 61 32 the

1763 3253 227 44 Hampshire
2017 3248 174 40 election,
2233 3247 64 32 the
2331 3244 117 41 Right
2483 3241 255 35 Moo:treble.
2763 3241 216 32 Geetieman
3015 3241 81 33 (the

1763 3299 223 37 Chancellor
2004 3296 43 32 el
2061 3296 61 32 the
2146 3289 240 47 Es.chequer)
2408 3289 194 46 happened
2620 3291 118 31 ahout
2766 3289 79 31 that
2882 3288 85 32 time
2995 3296 37 24 to
3069 3299 25 24 a

1763 3358 86 25 very
1867 3347 104 33 short
1994 3344 145 44 pt:rtion
2172 3341 44 32 of
2248 3343 52 31 Ilk
2320 3338 81 43 lice,
2427 3345 38 26 to
2483 3341 46 30 be
2564 3338 34 32 in
2630 3347 24 21 a
2676 3337 195 33 Minaritse
2923 3335 60 33 He
3000 3333 99 45 (hlr.

1769 3389 235 45 Whitbread:
2024 3390 66 33 had
2113 3391 91 32 been
2222 3387 57 34 for
2302 3383 19 51 l
2340 3383 19 51 9
2378 3383 116 51 years,
2512 3383 191 47 generally
2719 3384 35 32 in
2771 3394 22 21 a
2817 3383 197 43 Minority,
3031 3383 73 33 and

1763 3442 187 33 theteforh
1983 3439 53 33 he'
2056 3448 74 24 was
2167 3446 85 33 very
2272 3441 67 37 apt
2370 3442 37 25 to
2427 3433 105 33 think
2570 3431 207 33 Minorities
2799 3430 98 45 right
2915 3444 9 22 ;
2960 3431 64 32 bat
3040 3432 63 31 the

1768 3490 112 43 Right
1913 3488 96 32 [lon.
2030 3487 216 33 Gentleman
2307 3484 45 30 ho
2383 3481 70 33 had
2474 3481 91 32 been
2582 3490 39 24 so
2652 3478 139 33 seldom
2812 3478 35 33 in
2865 3489 24 21 a
2923 3478 193 33 Minorite.

1766 3549 32 21 to
1828 3539 81 32 that
1932 3534 81 33 aloe
2036 3544 33 28 c,
2096 3533 130 33 should
2249 3533 123 31 rather
2391 3531 44 30 be
2450 3527 157 34 inclined
2636 3533 35 26 to
2692 3534 144 37 suspect
2858 3527 79 33 that
2956 3527 45 31 he
3030 3536 77 24 was

1769 3598 22 22 w
1805 3595 90 28 roue
1916 3582 103 33 when
2041 3579 161 35 headed
2225 3591 39 21 so
2282 3582 170 38 contrary
2473 3576 33 32 to
2531 3576 53 31 his
2604 3574 98 32 usual
2722 3572 182 46 prectice.
2939 3573 168 34 Without

1768 3634 190 37 however,
1984 3628 165 41 meaning
2170 3633 37 26 to
2232 3627 149 37 arraieu
2407 3634 70 22 any
2519 3622 204 43 particuler
2754 3622 193 32 Secretary
2970 3619 45 34 of
3044 3624 64 31 the

1768 3683 203 40 'treasury,
2002 3677 41 33 he
2079 3674 126 34 would
2241 3679 94 31 state
2366 3671 208 44 generally,
2610 3677 80 26 teat
2724 3670 113 32 under
2868 3670 61 31 the
2960 3672 148 39 present

1767 3735 132 38 system
1917 3725 52 35 all
1989 3723 222 33 Secretaries
2226 3720 45 33 of
2293 3722 63 32 the
2374 3722 185 39 Trensury
2582 3717 70 32 had
2680 3716 219 33 themselves
2919 3716 110 33 under
3045 3717 65 32 the

1769 3775 177 41 necessity
1967 3770 44 37 of
2022 3771 123 43 acting
2159 3770 34 32 iu
2213 3769 72 32 this
2315 3777 162 30 marmer,
2497 3765 70 32 and
2600 3768 103 30 there
2722 3763 27 34 is
2774 3763 145 43 always
2942 3774 46 21 an
3014 3774 98 33 open

1772 3822 143 37 market
1935 3824 39 30 at
1990 3819 60 34 the
2067 3819 187 41 Treasury
2267 3816 58 32 for
2341 3814 172 44 bargains
2532 3811 45 34 of
2584 3813 71 32 this
2674 3819 143 26 nature.
2851 3810 46 40 If,
2923 3811 191 38 however,

1773 3872 61 33 the
1854 3869 128 35 House
1998 3875 71 24 was
2087 3866 170 44 disposed
2278 3870 37 26 to
2334 3863 112 33 make
2464 3863 30 31 it
2510 3873 22 20 a
2546 3860 293 32 misdemeanour
2857 3863 38 27 to
2922 3859 113 32 trallic
3056 3857 60 32 for

1775 3919 89 35 East
1887 3915 112 35 India
2017 3912 247 45 Writerships
2296 3911 70 33 and
2406 3909 236 41 Cadetships,
2670 3907 89 43 they
2778 3906 132 32 should
2930 3905 188 43 certainly

1775 3963 87 38 take
1879 3973 99 25 some
1991 3961 118 34 notice
2125 3958 44 35 of
2181 3971 22 21 a
2224 3958 113 33 tralfe:
2363 3957 118 33 which
2506 3966 73 22 was
2597 3954 150 43 equally
2767 3964 39 22 as
2825 3954 207 35 notorices,
3052 3954 66 31 hut

1774 4023 100 25 more
1890 4009 216 35 scandalous
2121 4007 70 33 and
2206 4004 339 37 enconstitutihnal.
2584 4003 37 33 if
2636 4000 60 34 tire
2720 4002 112 41 itiabt
2852 4002 146 32 lion.:.'
3007 4003 96 32 emir

1775 4071 83 24 man
1886 4057 122 35 would
2024 4056 142 45 appeal
2198 4061 37 27 to
2265 4055 54 32 his
2337 4054 110 33 until:,
2483 4051 202 37 neiehbour
2714 4052 11 38 (
2744 4051 92 30 Lord
2858 4045 262 48 Castlereagh)

1776 4109 77 34 that
1874 4107 129 34 Noble
2022 4103 96 35 Lord
2141 4101 118 35 would
2283 4101 133 33 inform
2437 4101 76 32 him
2530 4100 79 32 that
2626 4100 38 30 iu
2683 4096 32 39 11
2715 4096 15 39 -
2731 4096 115 39 eta:id,
2863 4098 115 31 about
2996 4104 24 26 a
3038 4107 32 22 in
3086 4097 8 33 i

1778 4150 165 45 lion.and
1971 4163 25 26 a
2024 4150 83 37 half
2135 4150 74 35 had
2226 4150 93 34 been
2352 4147 90 48 paid
2474 4147 58 35 for
2546 4147 63 33 the
2637 4146 183 45 puichase
2848 4144 44 34 of
2916 4144 154 44 Boron

3270 35 25 84 \
