3354 4441
156 105 214 58 APRIL
404 106 99 48 25.-

197 240 102 38 Lord
332 235 219 46 Liverpool,
580 235 37 38 in
635 234 188 44 replying,
847 231 83 44 used
948 242 104 34 malty
1072 231 52 34 .of
1139 231 326 45 theaegutueitsttl-

150 289 117 43 iready
293 298 48 24 'so
359 283 20 35 -
379 283 162 35 familiar
578 287 38 27 to
646 281 104 41 those
783 279 83 35 who
894 279 93 34 have
1007 279 111 34 heard
1136 280 60 33 the
1213 280 154 44 grounds
1384 289 109 34 upon.

150 335 126 39 which
293 333 58 37 his
372 330 195 46 Majesty's
586 328 189 37 Ministers
793 327 128 33 defend
945 327 92 32 their
1052 338 181 25 measures
1244 327 90 34 with
1355 328 125 43 regard

146 392 39 27 to
204 381 136 46 Spain.
394 379 105 37 With
528 381 144 40 respect
706 383 37 26 to
777 376 64 32 the
873 373 209 34 intimation
1119 374 45 32 of
1192 374 119 34 blame
1329 383 38 26 to
1385 374 97 33 their

149 431 156 37 conduct
325 429 34 34 in
378 430 60 31 not
461 425 171 44 waiting,
660 422 60 35 On.
748 423 107 33 result
873 419 46 33 of
945 419 60 35 the
1018 422 220 34 enthusiasm
1257 419 40 35 of
1311 422 63 33 the
1393 422 90 43 Spa-
1509 419 1 50 ,

148 478 80 41 nish
262 476 155 46 people,
441 472 150 37 excited
624 474 52 43 by
693 470 63 33 the
774 470 223 43 aggressions
1023 468 46 33 of
1082 469 64 33 the
1160 478 144 34 enemy,
1335 470 43 33 he
1404 470 76 37 said

150 528 99 38 that,
280 523 35 35 if
344 522 92 35 thdt.
448 521 224 35 enthusiasm
699 516 70 34 had
807 519 89 31 been
922 516 172 41 suffered,
1121 526 91 24 even
1232 516 32 32 it'
1278 516 30 33 it
1329 526 72 30 was
1421 517 59 31 hot

178 572 131 45 artial,
337 574 38 31 to
400 568 226 47 experience
661 567 64 37 the
743 563 109 47 tardy
875 569 157 38 support
1049 563 46 32 of
1122 563 180 44 England,
1330 562 52 34 his
1404 563 54 33 Ma-

143 585 136 81 jesty's

299 618 188 35 Ministers
508 614 123 34 would
652 612 126 34 indeed
800 612 91 35 have
913 609 172 35 deserved
1108 611 61 32 the
1185 611 239 43 reprobation
1443 611 45 33 of

152 678 115 34 every
288 677 80 22 man
387 666 38 32 in
449 665 61 33 the
540 660 174 54 country.
765 659 79 34 The
865 659 122 38 Noble
1010 659 91 35 lord
1123 658 149 43 having,
1297 659 32 32 in
1352 669 22 22 a
1395 661 89 30 most

151 718 174 43 eloquent
345 712 69 33 and
433 711 181 35 luminous
632 706 150 46 speech,
810 706 193 33 combated
1020 706 48 32 all
1090 705 65 33 the
1174 705 117 44 points
1317 704 45 34 of
1388 706 96 32 Lord

307 761 157 39 motion,
482 758 70 34 and
572 756 207 37 contrasted
798 755 59 35 the
872 744 211 46 documents
1142 752 52 33 ith
1214 751 54 34 his
1278 754 208 39 assertions,

154 810 107 37 made
279 817 25 27 a
321 807 187 47 powerful
527 804 139 47 appeal
686 809 38 27 to
750 803 63 33 the
827 802 102 46 Sense
946 801 44 34 Of
1000 800 61 35 the
1077 800 145 39 House,
1238 800 67 35 and
1325 800 159 41 augured

156 860 94 34 from
272 855 99 35 their
386 854 168 37 decision
565 863 21 22 a
605 850 185 44 complete
806 848 243 44 exculpation
1069 848 45 33 of
1128 847 56 34 his
1204 846 191 47 Majesty's
1414 848 48 33 Go-

156 907 197 33 vernment
371 901 94 39 from
484 912 71 33 any
573 901 107 34 share
710 898 131 37 °filial
860 896 124 35 blame
1007 906 38 24 so
1075 894 161 46 directly
1253 888 165 51 imputed
1449 901 37 26 to

154 953 102 38 their
272 950 155 41 conduct
444 948 91 38 with
549 950 19 43 -
568 950 132 43 respect
718 950 37 32 to
771 945 154 43 Spanish
940 943 139 35 affairs.

210 1000 96 35 Lord
331 998 124 40 Moira
478 997 93 33 took
593 1005 45 24 an
657 992 182 37 extended
859 992 93 33 view
983 989 45 34 of
1041 991 61 39 the
1115 989 194 46 campaign
1322 987 94 35 from
1444 989 45 34 its

157 1049 142 45 origin,
339 1044 70 34 and
443 1042 200 43 contended
663 1041 81 35 that
775 1038 185 35 Ministers
984 1038 67 33 had
1085 1038 107 33 acted
1226 1038 158 34 without
1417 1046 70 34 any

156 1096 102 35 fixed
280 1095 103 44 plan,
407 1091 70 34 and
501 1090 158 35 witlniut
678 1096 143 26 cooeert
846 1088 87 34 with
958 1085 126 45 Spain.
1121 1087 106 41 Vie).
1245 1083 69 34 had
1331 1084 141 44 neglect-

156 1146 45 35 el
246 1142 64 34 the
345 1150 139 35 proper
501 1143 157 31 moment
690 1136 43 34 of
756 1135 146 39 sending
932 1142 125 34 troops
1088 1140 38 26 to
1147 1134 125 43 Spain,
1297 1133 70 33 and
1388 1131 105 33 when

157 1192 92 44 they
267 1188 61 34 did
347 1188 85 37 snd
451 1188 115 39 them,
594 1186 69 34 had
683 1182 221 38 established
926 1194 45 20 no
992 1182 84 45 plan
1095 1180 45 34 of
1163 1180 210 44 operations
1402 1180 89 34 with

157 1240 64 34 the
242 1237 156 45 Spanish
418 1234 152 35 armies,
625 1232 183 34 Ministers
823 1230 111 45 ought
952 1235 37 27 to
1010 1230 90 33 have
1117 1227 203 35 calculated
1343 1225 103 34 when
1465 1227 28 33 it

161 1298 78 25 was
259 1285 123 44 likely
404 1285 78 33 that
509 1280 209 37 additional
742 1279 141 35 French
914 1283 128 38 (loops
1062 1277 124 34 would
1206 1273 85 46 join
1322 1274 99 33 thorn!
1447 1285 45 21 in

161 1336 64 37 the
260 1333 119 34 Ebru.
432 1331 81 33 The
559 1330 119 33 direct
723 1337 129 22 course
878 1325 182 43 certainly
1108 1323 123 34 would
1274 1322 92 33 have
1408 1324 89 31 been

159 1390 40 31 to
246 1381 98 35 have
384 1383 78 31 sent
485 1388 69 24 our
582 1383 130 37 troops
738 1376 118 32 there.
932 1372 83 34 The
1049 1370 171 37 difficulty
1263 1380 67 24 our
1369 1374 130 40 troops

162 1427 253 47 experienced
433 1427 35 33 in
482 1423 170 44 effecting
666 1422 99 35 their
770 1421 184 45 junction,
971 1421 116 39 might
1108 1420 92 32 have
1219 1419 86 32 been
1318 1427 97 34 seen,
1428 1417 70 32 and

165 1476 115 44 ought
300 1480 38 30 to
358 1474 94 34 have
472 1474 89 32 been
582 1470 214 45 prevented.
839 1468 79 34 The
938 1467 118 35 Noble
1068 1468 200 40 .Secretary
1284 1465 70 33 had
1375 1466 123 31 talked

167 1525 106 34 much
299 1521 46 35 of
359 1521 63 35 the
449 1530 135 34 energy
605 1517 46 35 of
663 1518 64 41 the
738 1515 216 46 Spaniards,
973 1514 59 33 but
1049 1514 80 32 that
1152 1514 152 33 General
1328 1514 80 32 who
1427 1511 70 34 had

168 1573 92 33 been
279 1580 46 24 on
346 1570 63 33 the
426 1574 102 38 spot,
557 1566 70 34 and
665 1565 84 33 who
767 1565 178 32 laboured
966 1563 112 33 under
1104 1572 39 22 so
1168 1571 103 33 many
1294 1559 206 35 difficulties

165 1619 98 37 from
287 1618 74 33 this
383 1628 86 32 very
487 1624 122 31 cause,
630 1612 69 35 had
718 1611 120 35 stated
854 1611 98 34 their
965 1610 165 33 disunion
1157 1607 66 33 and
1237 1607 145 45 general
1404 1612 96 28 want

163 1667 45 35 of
221 1665 231 35 attachment
472 1671 37 25 to
536 1663 60 33 the
615 1670 122 25 cause.
794 1657 72 44 Mr.
888 1657 115 35 Frere
1023 1668 72 24 was
1120 1664 60 25 not
1204 1655 57 34 the
1277 1664 126 34 person
1420 1655 80 33 who

165 1715 120 45 ought
305 1719 37 30 to
364 1713 97 35 have
495 1713 91 30 been
617 1709 67 33 sent
684 1709 18 33 -
717 1708 39 33 to
791 1707 128 46 Spain,
939 1704 228 43 considering
1189 1715 26 21 w
1227 1703 63 33 hat
1309 1703 69 32 had
1390 1703 111 32 taken

167 1762 113 47 place
306 1759 249 38 before•with
588 1763 148 38 respect
762 1760 40 28 to
820 1754 79 34 that
925 1753 216 34 Gentleman
1172 1750 38 33 in
1234 1749 79 35 that
1331 1755 168 39 ccaintry.

216 1808 97 40 Lord
335 1807 193 35 Sidomoth
548 1805 107 39 could
677 1811 61 28 not
761 1794 86 52 kelp
863 1801 146 45 saying,
1036 1800 97 39 that,
1159 1798 35 34 in
1221 1796 56 35 his
1303 1798 112 37 mind,
1443 1799 60 32 the

165 1861 210 39 arguments
393 1854 56 35 'of
469 1853 64 35 the
554 1853 123 34 Noble
698 1851 91 41 Earl
819 1850 84 37 who
928 1846 213 35 introduced
1173 1846 72 33 this
1271 1846 138 33 motion
1434 1845 69 33 had

167 1906 66 35 the
261 1904 156 37 decided
444 1900 318 48 preponderance.
815 1897 78 34 The
930 1894 122 37 Noble
1087 1893 97 35 Lord
1215 1892 83 35 then
1330 1892 155 46 proceed-

165 1952 45 33 ed
246 1957 39 31 to
314 1951 111 34 make
458 1959 99 31 some
589 1944 254 39 observations
868 1956 45 21 on
941 1944 63 33 the
1031 1943 128 33 letters
1183 1939 92 35 from
1296 1939 72 35 Mr.
1394 1939 113 34 Frere

169 2003 39 32 to
227 2000 118 35 Sir.J.
371 2000 144 39 Moore,
541 1996 137 43 stating
691 1995 30 33 it
733 2003 39 26 as
790 1993 56 34 his
863 1991 154 45 opinion
1036 1989 96 33 from
1150 1989 100 33 these
1269 1989 139 38 letters,
1428 1988 79 34 that

171 2048 197 33 whatever
384 2046 118 44 might
521 2046 46 32 be
585 2043 61 33 the
665 2042 81 34 zeal
761 2041 41 33 of
819 2042 70 32 Mr.
913 2041 129 38 Frere,
1058 2037 44 33 he
1113 2035 115 43 ought
1244 2043 35 25 to
1292 2035 44 32 be
1349 2035 156 33 recalled

175 2094 97 33 from
293 2094 61 34 the
369 2094 178 33 situation
567 2089 124 38 which
719 2089 44 35 he
793 2099 80 24 now
894 2087 111 43 theld,
1036 2085 243 44 particularly
1309 2093 40 22 83
1384 2083 53 31 his
1457 2081 34 34 in-

169 2141 230 35 terefertoce
415 2152 77 22 was
510 2140 135 45 in'part
664 2145 37 34 to
720 2139 44 32 be
777 2137 165 35 ascribed
961 2134 61 35 the
1043 2132 143 47 painful
1206 2131 168 38 disasters
1388 2130 119 35 which

180 2199 71 25 our
274 2187 209 45 arony..had
520 2185 267 46 experienced.

219 2236 85 34 The
324 2237 133 39 !louse
470 2235 86 40 then
575 2231 151 39 divided
745 2242 45 22 on
811 2231 89 37 Earl
915 2226 133 45 Orey's
1065 2225 157 41 motiap.
1250 2225 83 39 The
1343 2225 168 35 numbers

169 2283 143 46 were-r
312 2283 286 46 Non-contents
624 2284 162 37 present,
808 2278 65 35 33.
924 2277 178 39 Proxie,
1121 2275 60 34 62.
1206 2271 7 46 I
1238 2272 170 37 Contents
1428 2283 63 34 pre-

167 2337 98 34 sent,
293 2329 63 37 50.
398 2329 190 41 •Proxies,
617 2328 61 34 42.
702 2324 9 50 I
736 2324 182 47 Majority

940 2322 71 46 ,for
1043 2323 189 35 Ministers
1260 2328 161 40 present,
1446 2322 63 33 33.

177 2378 181 44 Proxies,
374 2379 66 40 20.

224 2425 273 46 Adjoitrotpdat
515 2425 116 41 Seven
644 2420 163 39 o'Clock
829 2420 40 33 in
886 2420 66 34 the
961 2418 188 46 Morning,

540 2513 6 7 ,

1208 2529 25 22 11
1233 2529 12 22 1
1245 2529 13 22 1
1350 2529 1 22 '

554 2557 176 44 HOUSE
762 2556 66 39 OF
856 2548 285 59 CQ.NO:IONS.

720 2622 2 30 •

507 2662 5 50 •
621 2662 193 50 Mondaiy,
846 2662 124 47 4pril

221 2735 85 37 The
319 2733 84 38 Mill
424 2733 61 44 fVt.r
514 2731 174 46 building
703 2743 24 24 a
752 2730 138 48 Bridge
921 2738 123 33 across
1074 2727 65 37 the
1154 2726 157 37 Thttices
1329 2726 97 35 front
1452 2722 64 48 111?

175 2785 128 43 Savoy
319 2791 37 26 to
376 2781 255 47 thlL'oftpo;ite
648 2777 124 43 shore,
794 2789 74 25 was
886 2778 87 33 read
990 2786 24 25 a
1030 2774 137 43 second
1181 2774 97 50 litne
1278 2774 19 50 k
1297 2774 78 50 ria4
1388 2769 128 44 order=

172 2832 45 34 ed
234 2839 37 27 to
287 2836 51 28 he'
351 2830 227 40 committed.

561 2870 162 41 ABUSES
751 2884 57 25 OF
839 2878 288 41 tATRAIIMAGE.

228 2924 98 38 Lord
348 2927 60 33 Fo
420 2927 91 41 t.ttv
511 2927 18 41 -
529 2927 56 41 roN
596 2934 22 25 r
652 2921 98 43 said,
769 2922 46 41 he
834 2920 139 35 ishould
1009 2920 149 35 trouble
1173 2917 71 38 the
1263 2902 131 53 litatti
1422 2927 115 41 very,

176 2974 111 34 hviea
352 2970 126 37 befire
500 2969 44 38 he
561 2970 198 45 submitted
787 2970 58 33 his
867 2968 142 39 motion
1028 2966 60 37 for
1102 2968 100 33 their
1226 2966 288 35 consideration.

178 3026 50 28 I-4n
250 3033 107 21 ninny
547 3030 46 25 no
613 3030 103 33 ways
748 3017 197 40 connected
974 3014 91 35 with
1100 3014 417 46 railitaryinttronage,

178 3072 133 32 abuses
338 3069 203 41 extending
559 3060 18 51 t
595 3060 18 51 4
632 3060 54 51 the
712 3065 135 37 church
867 3065 72 34 and
964 3063 54 34 all
1043 3063 64 35 the
1133 3063 249 48 departments
1397 3060 46 35 of
1454 3060 65 35 the

175 3123 115 34 t.tate,
309 3116 73 35 had
402 3113 92 38 been
515 3115 183 52 disclose()
716 3116 38 31 in
768 3115 63 35 tile
866 3112 155 34 minutes
1037 3110 45 34 of
1090 3105 270 47 evidenceliid
1388 3105 130 39 before

176 3164 67 34 the
259 3164 129 34 House
404 3175 47 22 on
469 3164 63 33 the
549 3164 155 44 charges
717 3162 143 43 against
888 3158 57 37 his
965 3157 123 45 Royal
1108 3154 183 52 Highness
1317 3158 61 43 the
1400 3157 118 34 Duke

177 3210 47 37 of
240 3209 135 44 York,
392 3204 83 40 that
494 3210 46 34 he
554 3209 161 46 thought
739 3210 30 32 it
798 3206 219 47 impossible
1033 3206 59 34 for
1110 3207 64 34 the
1194 3203 126 37 House
1337 3208 65 31 not
1420 3210 39 32 to
1470 3203 46 45 gO

177 3261 80 32 into
272 3266 104 27 some
403 3255 155 39 Ptirther.
568 3259 165 44 inquiry,
761 3256 69 34 and
848 3261 38 28 to
902 3254 213 34 endeavour
1134 3260 38 28 to
1189 3254 100 33 'nice
1307 3252 83 35 how
1411 3250 105 37 much

176 3307 151 34 farther
345 3306 111 34 those`
472 3306 133 37 abtises
622 3305 202 41 extended,
853 3314 40 31 as
919 3301 89 37 well
1030 3301 93 33 with
1150 3311 25 25 a
1191 3302 97 33 view
1317 3305 39 28 to
1384 3299 132 46 punish

177 3356 107 31 those
306 3353 86 33 who
413 3353 99 34 were
526 3354 64 35 the
601 3352 156 39 anchors
771 3351 44 34 of
835 3353 115 39 them,
965 3359 40 25 as
1024 3356 38 30 to
1082 3353 156 40 prevent
1261 3350 31 32 a
1304 3357 215 25 recurrence

177 3402 45 33 of
237 3400 100 35 them
365 3400 35 38 in
428 3400 137 38 future.
618 3398 83 37 The
729 3400 129 34 abuses
882 3399 35 37 in
944 3392 65 41 the
1042 3398 206 45 patronage
1277 3394 45 37 of
1346 3396 61 34 the
1430 3394 90 35 East

183 3448 110 35 India
307 3449 123 44 Comp
430 3458 90 35 :ply,
540 3446 123 38 which
685 3448 72 34 had
783 3449 92 33 been
907 3457 43 24 so
984 3444 167 46 recently
1180 3443 103 35 Iliade
1302 3444 145 46 public,
1462 3441 40 37 af-

181 3496 133 33 forded
335 3493 32 37 a
393 3496 124 45 strong
530 3495 143 46 ground
707 3494 60 35 for
784 3495 188 45 suspicion
1000 3494 81 34 that
1117 3491 128 39 there-
1251 3488 145 38 existed
1409 3496 112 38 many

177 3544 113 34 other
319 3548 158 40 corrupt
500 3546 71 32 and
605 3542 171 35 criminal
803 3541 241 37 transactions
1078 3540 46 34 of
1148 3542 25 32 a
1206 3537 143 50 t;milar
1376 3546 143 38 nature,

183 3592 126 35 which
328 3592 30 34 it
378 3601 76 26 was
469 3592 64 35 the
547 3593 92 44 duty
658 3591 47 37 of
717 3591 64 34 the
800 3589 126 48 Mouse
945 3595 38 27 to
1003 3588 145 46 inquire
1160 3587 92 47 itao,
1271 3587 33 33 in
1317 3586 110 41 order
1441 3585 80 35 that

178 3639 96 46 they
293 3639 117 46 might
425 3640 120 45 adopt
563 3648 143 37 proper
724 3646 183 33 measures
930 3641 39 28 to
985 3643 66 40 put
1068 3646 24 25 a
1114 3640 86 44 stop
1219 3640 37 27 to
1267 3634 98 33 them
1383 3633 61 34 for
1461 3635 64 32 the

185 3685 139 38 future.
380 3686 63 35 He
467 3686 204 43 concluded
715 3686 92 41 with
847 3684 167 46 moving;
1094 3684 102 34 That
1218 3686 24 31 a
1265 3681 125 45 Seleg
1416 3680 84 38 Com-

182 3736 131 34 mittee
332 3736 46 33 he
391 3735 208 46 appointed
618 3739 39 39 to
677 3725 146 56 inquire
841 3733 79 37 into
932 3737 155 40 corrupt
1106 3731 182 46 practices
1299 3729 71 40 and
1393 3729 131 35 abuses

188 3781 94 35 With
304 3784 129 44 regard
449 3777 201 45 Wieners
671 3783 46 33 of
735 3781 149 35 Service
898 3778 60 35 for
971 3778 139 45 raising
1128 3787 96 32 men,
1237 3777 67 34 and
1323 3777 35 33 in
1376 3777 63 34 the
1454 3777 57 33 dis-

185 3831 107 43 posal
322 3830 44 33 of
391 3830 30 33 C
527 3830 128 35 issions
681 3831 35 33 in
744 3830 63 34 the
835 3829 117 43 Army
969 3840 11 26 ;
1005 3827 70 34 and
1102 3827 83 34 also
1211 3831 37 28 to
1269 3824 155 45 -inquire
1449 3824 79 34 into

187 3886 157 35 corrupt
365 3876 182 45 practices
568 3879 73 35 and
659 3880 131 33 abuses
808 3876 90 38 with
913 3876 130 40 regard
1065 3881 43 27 to
1143 3874 61 33 the
1221 3873 162 46 disposal
1402 3872 45 35 of
1460 3872 47 35 Of-

188 3922 86 44 fixes
306 3925 33 34 in
356 3928 61 38 the
437 3927 119 43 State,
578 3926 72 44 nud
679 3933 40 26 to
750 3930 128 41 report
907 3924 63 33 the
987 3933 100 24 sane
1116 3928 38 28 to
1186 3920 61 38 the
1266 3920 144 44 House,
1428 3920 96 35 from

190 3972 94 34 time
299 3979 38 27 to
354 3973 104 43 time,
472 3985 39 26 ai
531 3973 89 45 ibex
639 3985 83 33 may
745 3969 107 48 think

239 4030 80 34 The
337 4031 209 34 Crt.t!vcEt
563 4039 81 26 t.OR
673 4030 44 34 of
737 4030 63 34 the
814 4030 279 39 EXCACQUER
1119 4025 98 44 said,
1239 4025 45 38 he
1299 4025 70 39 felt
1384 4015 152 45 himself

190 4076 150 38 obliged
360 4085 43 34 to,
416 4088 144 34 oppose
576 4082 65 32 the
659 4085 74 27 mot
743 4078 84 38 ioa,,
841 4080 158 33 because
1018 4077 45 32 he
1087 4075 197 39 conceived
1307 4076 28 33 it
1363 4082 149 27 unneces-

188 4133 105 34 sary.
347 4126 60 34 lie
442 4135 73 26 was
534 4133 70 30 not.
618 4127 184 47 prepared
821 4130 40 28 to
893 4134 65 34 say
979 4124 81 33 that
1091 4131 104 25 some
1219 4122 130 38 abuses
1381 4121 63 35 did
1473 4116 59 39 not

191 4172 116 43 exist,
334 4173 64 37 but
430 4174 37 56 its
468 4168 4 61 ,
485 4174 57 39 his
567 4173 193 51 judipsent
759 4173 22 51 s
808 4172 19 48 l
827 4172 19 48 i
846 4172 216 48 ke.eXideleC
1081 4181 48 27 pfa
1149 4169 120 39 which
1290 4168 247 46 thowitibpeS

1042 96 148 56 THE
1222 86 373 71 gATIONAL
1632 100 381 54 REGISTER.

2785 81 33 44 4
2828 93 24 28 1Z

1541 229 105 43 coutd

1541 239 174 34 che
1734 239 141 45 proved
1891 237 64 37 did
1972 244 61 26 not
2066 242 66 28 rest
2156 248 43 20 on
2230 235 99 33 sttelei
2329 235 14 33 ,
2343 235 58 33 ..nt
2424 231 136 43 ground
2581 239 37 24 t.,
2641 234 78 30 lea''
2745 239 37 21 I.)
2817 231 26 32 Il
2843 231 13 32 i
2874 242 7 9 •

1545 283 229 46 punishment
1791 286 119 33 nfinir
1930 295 148 33 presto's
2099 282 83 33 who
2197 282 118 43 reany
2339 281 67 31 !rid
2427 280 60 31 the
2505 279 162 43 dispo-al
2689 276 43 33 of
2746 275 70 34 otra
2830 291 48 19 0-.

1543 327 79 38 The
1655 332 118 45 Right
1819 332 102 34 Hun.
1959 332 213 33 Cienticroatt
2210 328 96 38 said,
2350 327 211 32 Gentlemen
2598 326 112 40 might
2756 327 126 39 lati:,;it,

1545 379 60 33 but
1641 379 44 33 he
1724 379 214 35 considered
1982 379 65 32 the
2085 376 141 44 subject
2262 376 37 32 in
2334 383 34 22 t-
2438 385 48 21 set
2499 374 94 31 ioi-s
2639 384 20 21 a
2706 372 104 44 point
2846 371 45 32 of

1545 426 91 32 view
1657 432 38 27 to
1711 428 161 43 partake
1890 424 45 35 of
1944 424 100 33 their
2063 424 224 33 merriment.
2331 422 59 32 lie
2409 419 194 34 conceived
2626 419 28 33 it
2674 430 56 33 poi
2828 419 54 44 rly

1545 470 226 38 inadvisable
1786 474 69 34 and
1891 471 254 44 inexpedient,
2171 477 38 26 at
2229 480 21 24 a
2287 474 155 27 moment
2471 468 78 33 like
2569 468 61 32 the
2667 472 157 37 rreent,
2843 471 40 27 to

1545 526 51 28 set
1613 529 45 24 on
1688 522 80 33 foot
1782 531 43 22 no
1847 521 146 43 inquiry
2015 529 40 22 so
2074 517 187 34 indefinite
2282 516 34 32 in
2337 516 44 32 its
2399 514 124 46 object
2541 524 37 22 as
2601 515 78 31 that
2696 513 188 45 proposed

1545 568 47 40 by
1611 568 61 33 the
1709 568 123 34 Noble
1871 567 109 33 Lord.
2034 565 80 37 The
2140 565 141 33 motion
2311 562 43 32 of
2382 561 63 34 the
2478 561 30 35 N
2635 561 92 32 Lord
2760 561 123 32 v.oulit

1546 620 59 26 not
1637 614 80 34 lead
1747 621 38 26 to
1826 614 64 32 the
1916 614 209 33 conviction
2154 612 44 34 of
2223 621 72 32 any
2323 609 161 33 offender
2519 611 122 30 whom
2670 609 59 31 the
2758 607 129 33 Ifooie

1550 661 118 33 would
1688 661 69 34 feel
1780 663 76 31 itsc'
1865 661 18 31 f
1894 661 85 32 caltt
2004 661 8 31 i
2034 671 98 32 upon
2150 667 37 25 to
2216 657 145 43 punish.
2395 658 37 32 It
2457 653 117 34 would
2595 657 44 30 be
2653 666 18 21 :i
2693 654 194 32 deviatitot

1550 707 90 33 from
1672 710 66 32 the
1773 710 175 32 ordinary
1978 718 129 22 course
2132 706 44 32 of
2199 705 301 38 Parliamentary
2536 702 259 45 pr.r-eedings,
2817 702 45 30 be-

1548 767 103 24 cause
1682 757 104 31 there
1825 764 72 24 n;.s
1930 755 154 41 nothing
2100 755 151 44 speci•c
2287 752 35 33 in
2354 752 46 31 its
2430 749 119 46 object
2569 762 9 27 ;
2608 750 71 31 ntld
2699 748 189 44 1101)41)11e

1548 803 204 41 advantage
1770 803 103 33 could
1896 803 44 32 be
1968 802 296 44 expectedliorn
2283 800 45 41 it,
2359 798 66 33 but
2443 796 103 34 touch
2564 796 130 46 public
2719 796 151 33 inconve-

1551 850 120 34 nience
1688 849 125 34 would
1831 849 96 34 arise
1945 854 64 28 out
2028 849 43 32 of
2086 850 39 32 it.

1600 898 94 32 Lord
1731 899 89 31 Anu
1832 907 165 24 ittuALu
2028 896 236 34 llAttlvros
2278 889 4 48 •
2294 891 204 47 supported
2528 891 61 34 the
2615 889 157 34 motion.

1603 957 91 34 Lord
1717 957 289 35 FOLKCiTONE
2037 956 94 41 said,
2159 957 45 32 he
2220 954 111 34 could
2350 963 63 25 not
2433 953 136 39 permit
2588 950 65 35 the
2683 953 208 39 arguments

1552 1005 43 33 of
1604 1006 60 32 the
1681 1005 223 34 Chancellor
1923 1005 41 33 of
1981 1003 61 34 the'
2065 1004 246 44 Excheqeuer
2322 1006 39 30 to
2381 1011 85 35 pass
2487 999 157 34 without
2663 1007 67 24 oue
2748 1009 41 21 or
2810 1004 78 27 two

1553 1054 266 32 ob;ervations.
1873 1051 43 33 If
1943 1051 59 33 the
2037 1051 115 41 Right
2181 1051 105 32 lion.
2320 1050 216 33 Gentinnan
2567 1058 22 20 %I
2594 1057 12 21 -
2606 1057 12 21 a
2617 1057 13 21 ,
2630 1057 13 21 :
2669 1046 41 31 of
2735 1044 156 45 opinioa

1553 1098 78 34 that
1662 1101 131 32 abuses
1809 1097 60 34 did
1889 1103 64 28 not
1965 1098 115 38 exist,
2107 1096 44 34 he
2178 1096 132 35 should
2342 1103 156 38 support
2518 1095 53 33 his
2591 1096 141 31 motion
2751 1091 59 33 for
2828 1091 65 32 the

1554 1147 256 45 appointment
1830 1144 43 34 of
1884 1156 22 22 a
1926 1146 240 40 Committee,
2186 1144 171 38 bec;:use,
2386 1144 31 31 if
2440 1143 85 44 they
2545 1141 47 33 Jo
2614 1147 79 34 not,
2720 1141 27 31 it
2770 1150 43 22 wt
2830 1139 60 33 old

1558 1195 135 32 relieve
1714 1194 60 33 the
1791 1194 126 43 public
1938 1193 111 38 mind,
2082 1193 84 32 who
2198 1191 107 34 thick
2334 1189 137 35 other.%
2483 1189 64 40 ise,
2572 1189 71 33 and
2678 1196 113 37 prove
2810 1188 85 37 074

1558 1240 83 45 they
1657 1241 47 32 do
1724 1250 61 24 not
1799 1254 9 25 ;
1838 1240 70 33 and
1929 1240 32 32 if
1984 1240 27 32 it
2033 1250 96 22 wt.:l.!!
2145 1239 136 43 proved
2302 1238 79 34 that
2409 1238 87 43 they
2511 1237 45 33 do
2575 1235 117 37 exist.
2717 1233 31 34 k
2769 1233 126 34 would

1558 1290 135 32 relieve
1711 1287 63 34 the
1796 1285 126 47 public
1951 1286 71 33 mio
2022 1286 25 33 4
2080 1296 37 22 to
2135 1297 54 21 se-
2211 1285 80 33 that
2313 1292 97 37 steps
2445 1294 98 24 were
2561 1285 117 33 taken
2696 1287 41 28 Se
2758 1280 136 45 punish

1563 1337 39 31 Or
1620 1336 196 34 offenders.
1867 1335 81 33 The
1965 1331 128 37 Noble
2117 1333 89 32 Lord
2226 1331 198 35 coiwialed
2448 1331 87 34 with
2558 1330 214 43 observing,
2823 1329 71 33 h:tt

1560 1383 31 32 if
1622 1395 40 21 or
1715 1383 105 40 thing
1832 1382 109 34 could
1963 1382 94 34 raise
2078 1382 57 33 the
2297 1381 96 32 mind
2406 1388 37 24 to
2460 1390 22 21 a
2494 1380 206 43 dangerous
2719 1376 176 41 ferment,

1561 1430 24 31 it
1615 1429 126 37 woulA
1762 1434 40 28 be
1824 1435 59 27 tle
1903 1429 219 45 opposition
2140 1428 44 33 of
2197 1428 64 33 the
2282 1428 220 33 Chancelltr;
2520 1426 41 32 of
2578 1427 60 32 the
2662 1424 231 44 Exchequer

1564 1488 32 21 to
1617 1480 51 32 ids
1688 1488 44 33 pr
1748 1476 191 44 'position,
1965 1487 24 21 w
2004 1475 48 32 ho
2072 1485 72 24 was
2176 1467 148 40 hiatself
2323 1467 18 40 .
2341 1467 57 40 the
2419 1473 112 34 friend
2549 1473 71 34 and
2641 1472 180 34 associate
2850 1470 47 32 of

1561 1527 59 31 the
1642 1537 92 33 perst
1806 1524 207 45 suspected,
2039 1521 86 39 and,
2145 1522 33 33 in
2198 1521 57 32 his
2285 1521 119 33 beli..f
2425 1521 117 44 guilty
2561 1520 43 33 of
2619 1530 98 33 .gross
2735 1519 136 34 maker-

1570 1572 125 33 ntions
1714 1572 72 34 and
1800 1571 235 44 corruptions
2053 1572 34 31 in
2105 1570 99 34 their
2224 1570 126 44 public
2368 1569 285 44 employments.

1612 1632 92 33 Lord
1742 1631 96 35 irEN
1850 1642 24 26 Ft
1884 1639 26 26 Y
1951 1631 144 34 PETTY
2132 1629 151 35 differed
2304 1629 94 33 front
2435 1628 60 34 the
2523 1626 223 37 Chancellor
2763 1625 43 34 of
2830 1624 64 35 the

1566 1677 224 46 Exchequer
1805 1690 40 22 as
1860 1687 38 26 to
1919 1677 56 34 his
1991 1680 96 31 view
2106 1677 43 34 of
2171 1678 61 32 the
2249 1675 156 43 subject,
2433 1676 64 33 hut
2531 1675 107 34 could
2659 1683 60 25 not
2738 1678 161 40 support

1565 1731 58 30 the
1651 1728 142 33 motion
1826 1726 45 34 of
1898 1726 60 33 the
1987 1726 124 34 Noble
2132 1724 113 39 Lord,
2282 1724 113 31 unless
2421 1722 102 33 there
2549 1730 76 25 was
2660 1731 98 24 some
2793 1730 104 24 more

1564 1775 130 43 soeciti
1694 1775 19 43 ,
1729 1774 142 38 Ernund
1891 1774 105 32 wade
2011 1775 61 30 nut
2093 1774 83 31 than
2198 1773 44 31 he
2275 1772 67 32 hal
2363 1769 185 38 allekr,eil.
2604 1769 57 32 He
2680 1768 98 33 con:[
2794 1768 100 33 lered

1643 1821 142 37 motion
1793 1827 43 31 as
1857 1813 69 44 100
1941 1820 167 46 general,
2128 1819 71 35 and
2217 1819 81 34 that
2316 1827 45 26 03
2380 1817 90 37 COMM
2470 1817 22 37 .
2492 1817 45 37 !.
2548 1820 57 32 tee
2622 1814 128 35 shou'd
2769 1815 45 33 be
2830 1820 83 28 et:-•

1566 1872 139 33 trusted-
1722 1873 92 32 with
1832 1872 85 32 such
1937 1872 103 40 large
2055 1879 159 34 powers.
2256 1866 59 34 He
2339 1866 122 32 would
2479 1866 69 32 ieel
2568 1864 170 44 disposed
2758 1867 38 30 to
2813 1872 73 33 stip-

1570 1924 84 39 port
1675 1918 64 33 the
1760 1918 124 34 Noble
1902 1917 96 34 Lord
2017 1928 45 24 on
2075 1925 72 33 any
2165 1916 142 33 motion
2324 1912 56 34 for
2398 1924 47 21 an
2473 1912 172 45 enquiry,
2674 1910 120 34 which
2819 1918 76 26 w;.s

1592 1964 161 35 rounded
1782 1975 45 25 on
1857 1974 73 35 any
1955 1964 139 45 special
2108 1962 220 40 allegation,
2347 1961 76 34 and
2445 1958 246 45 particularly
2724 1970 38 21 so
2784 1957 32 33 in
2835 1957 69 37 the

1571 2022 137 35 present
1730 2016 94 31 state
1841 2011 46 33 of
1917 2011 60 33 the
2008 2010 126 45 public
2158 2009 117 38 mind.,
2306 2008 106 34 when
2443 2008 44 32 he
2505 2006 156 44 thought
2691 2004 211 44 something

1570 2062 110 40 ought
1695 2067 37 27 to
1759 2061 45 32 be
1817 2060 93 33 done
1929 2063 37 30 to
1978 2057 131 45 satisfy
2126 2056 65 34 the
2210 2056 142 46 public.
2409 2055 71 33 But
2499 2055 44 33 he
2562 2063 77 25 was
2654 2063 46 24 an
2718 2061 126 34 enemy
2864 2060 41 25 to

1570 2108 144 43 ,general
1733 2107 193 45 inquiries,
1951 2107 155 33 because
2119 2105 46 34 he
2180 2114 112 25 never
2308 2105 107 33 knew
2430 2113 46 25 an
2493 2102 163 34 instance
2676 2100 122 34 where
2813 2100 92 44 they

1573 2156 187 44 produced
1794 2165 77 33 any
1904 2153 183 46 practical
2120 2153 169 33 benefits.

1619 2216 76 34 Mr.
1717 2215 287 37 WitiTnntan
2023 2212 164 34 believed
2210 2211 63 34 the
2298 2210 145 45 general
2471 2209 136 45 feeling
2633 2211 66 32 out
2732 2205 46 35 of
2797 2207 111 34 doors

1577 2272 89 30 was,
1702 2263 84 33 that
1818 2262 33 33 if
1871 2261 87 35 such
1993 2270 25 25 a
2054 2261 221 33 Committee
2310 2269 93 24 were
2431 2257 220 45 appointed.
2689 2267 22 24 a
2733 2258 80 30 vast
2843 2264 44 25 va-

1573 2310 96 44 riety
1695 2309 45 33 of
1760 2315 154 38 corrupt
1942 2309 183 45 practices
2165 2307 123 35 would
2322 2307 45 32 be
2405 2306 157 41 brought
2593 2309 38 28 to
2665 2303 106 43 light.
2824 2303 85 33 The

1578 2356 71 34 Bill
1669 2356 213 34 introduced
1903 2356 50 44 by
1971 2355 64 34 the
2053 2355 112 44 Right
2193 2354 244 34 Honourable
2452 2353 219 34 Gentleman
2689 2350 45 33 he
2752 2348 159 40 thought

1573 2411 61 28 not
1650 2405 123 43 likely
1792 2409 39 28 to
1847 2408 96 30 meet
1970 2404 53 37 all
2052 2404 99 32 these
2166 2402 131 33 abuses
2315 2401 79 32 that
2419 2409 98 24 were
2543 2399 37 34 in
2604 2400 204 34 existence.
2833 2395 76 37 ant

1574 2451 188 35 therefore
1794 2450 105 35 there
1931 2459 78 26 was
2041 2459 26 26 a
2093 2448 177 39 necessity
2308 2446 57 34 for
2393 2446 145 35 further
2564 2446 165 45 inquiry.
2785 2445 40 34 If
2849 2450 81 30 the'

1573 2498 229 47 delinquents
1817 2498 109 34 could
1945 2504 63 28 not
2029 2498 47 33 be
2106 2496 180 46 punished
2310 2493 162 45 by-law,
2494 2494 50 32 let
2569 2492 100 35 them
2699 2493 46 33 be
2763 2492 131 46 punish-

1573 2546 44 34 ed
1633 2556 40 25 as
1690 2545 124 35 others
1834 2544 73 35 had
1928 2545 106 40 been,
2061 2545 48 43 by
2130 2544 63 33 the
2205 2548 191 40 contempt
2414 2543 70 33 and
2500 2542 221 34 execration
2746 2539 45 34 of
2813 2539 103 33 their

1576 2597 171 40 country,
1796 2591 144 44 (Hear,
1969 2594 87 33 hear
2067 2593 15 33 !
2091 2594 18 40 )
2160 2591 58 32 lie
2244 2590 198 34 coneeiveti
2473 2590 27 32 it
2530 2589 208 45 peculiarly
2759 2596 158 35 proper,

1579 2642 110 33 while
1707 2642 64 33 fhe
1788 2640 132 45 public
1935 2640 98 34 mind
2054 2648 74 25 was
2156 2639 34 33 in
2209 2637 85 32 such
2314 2648 22 20 a
2353 2643 96 26 stare
2466 2637 43 33 of
2523 2635 183 46 aOtation
2725 2646 38 22 a-
2793 2635 26 32 it
2839 2644 77 24 was

1578 2688 37 39 in
1630 2694 39 30 at
1685 2698 163 39 present,
1876 2693 39 28 to
1930 2687 164 46 apprdnt
2120 2694 24 26 a
2173 2683 227 37 Committee
2417 2682 46 37 of
2487 2691 111 28 twent
2628 2693 90 25 -one
2748 2693 61 34 pet
2832 2689 85 33 WM,

1579 2737 87 37 with
1681 2737 92 35 such
1789 2745 144 34 powers
1944 2746 40 24 as
1998 2734 63 34 the
2073 2734 124 35 Noble
2213 2733 94 34 Lord
2323 2737 70 30 had
2411 2732 200 45 proposed.
2673 2733 93 39 Utley
2787 2740 21 20 e
2823 2730 93 34 ould

1578 2790 61 28 not
1655 2785 48 33 be
1730 2793 182 31 accusers,
1938 2784 65 34 but
2022 2781 123 34 would
2167 2781 94 34 have
2282 2786 39 27 to
2348 2781 58 43 lay
2441 2779 129 33 before
2589 2780 61 32 the
2674 2779 123 32 Hawse
2823 2777 91 34 suet

1578 2831 190 35 material*
1792 2841 40 25 as
1857 2841 105 24 came
1989 2830 128 34 before
2135 2829 115 41 them,
2280 2838 98 28 upon
2399 2828 123 33 which
2552 2826 64 33 the
2640 2825 130 35 House
2789 2824 100 35 woul
2900 2823 19 34 I

1576 2880 223 35 afterwards
1818 2880 96 33 have
1928 2883 40 30 to
1985 2877 98 34 form
2106 2887 25 24 a
2150 2874 209 47 ,indgineet.
2412 2876 80 33 The
2524 2876 99 32 Hoe.
2649 2875 163 31 Me.i,!)er
2830 2883 69 22 con-

1578 2927 176 35 cluded.w
1766 2924 53 41 ith
1832 2924 223 46 expreosing
2070 2924 57 34 his
2145 2924 130 44 hearty
2296 2933 240 25 concurrence
2562 2923 34 32 in
2628 2922 60 33 the
2714 2921 146 33 Motion
2880 2916 48 38 of

1580 2974 61 35 the
1658 2974 129 39 Noble
1801 2974 116 34 Lord.

1628 3033 77 37 Mr.
1736 3034 197 44 Secretary
1954 3032 215 37 CANNING
2196 3030 158 44 thought
2387 3032 31 33 it
2450 3028 187 45 impolitic
2663 3028 35 34 in
2732 3037 72 35 Any
2822 3030 102 32 state

1578 3080 52 37 of.
1652 3081 65 37 the
1753 3081 131 45 public
1920 3081 97 34 mind
2055 3086 38 28 to
2133 3078 126 35 excite
2297 3079 37 32 in
2373 3079 30 33 it
2451 3076 275 47 expectations,
2770 3076 53 33 let
2848 3076 76 40 .the

1578 3139 249 38 consequence
1874 3131 44 34 be
1956 3130 102 33 what
2086 3129 28 33 it
2156 3137 100 33 may,
2288 3126 124 33 where
2445 3125 100 33 there
2571 3135 76 22 was
2674 3133 45 22 no
2745 3126 180 41 prospect

1579 3177 44 34 of
1637 3177 100 39 their
1756 3177 109 43 being
1884 3176 180 35 realized.
2119 3174 150 43 Indeed,
2282 3174 30 32 it
2334 3171 123 35 would
2472 3172 44 32 he
2528 3170 217 47 impossible
2770 3170 56 33 for
2846 3171 76 32 him

1580 3226 236 44 consistently
1841 3224 93 35 with
1956 3224 102 34 what
2074 3223 45 33 he
2152 3220 65 35 felt
2239 3228 38 27 to
2300 3222 44 33 he
2366 3221 54 34 his
2438 3222 106 43 duty,
2569 3221 72 33 and
2679 3219 60 34 the
2765 3219 89 32 duty
2882 3217 45 33 of

1580 3280 113 37 every
1726 3281 86 26 man
1844 3272 86 35 who
1962 3270 132 34 valued
2131 3268 61 34 the
2222 3268 96 33 form
2352 3268 41 33 of
2430 3267 64 34 the
2523 3270 235 34 kovernment
2784 3265 44 34 of
2852 3265 74 35 this

1581 3327 154 38 country
1762 3330 41 25 as
1832 3319 30 34 it
1891 3330 85 24 now
2002 3318 125 35 stood.
2152 3320 63 31 not
2250 3320 38 30 to
2308 3315 83 43 give
2412 3315 73 33 this
2502 3315 148 33 Motion
2686 3314 54 32 his
2765 3314 156 32 desidcd

1583 3367 187 45 negative.
1821 3366 44 34 In
1892 3366 188 45 opposing
2111 3372 41 31 it,
2191 3364 43 33 he
2274 3363 66 35 felt
2382 3364 30 33 it
2445 3372 214 33 necessary,
2680 3360 193 41 however,
2888 3371 38 21 to

1583 3422 107 35 state,
1720 3415 84 35 that
1845 3413 46 33 he
1932 3424 76 22 was
2041 3418 66 28 not
2132 3411 185 45 opposing
2350 3411 154 44 specific
2543 3411 19 33 i.
2582 3409 111 47 quiry
2737 3410 77 33 into
2842 3420 65 31 spe-

1583 3463 83 34 cific
1694 3464 131 39 abuse,
1854 3462 67 34 but
1949 3462 84 33 that
2060 3462 28 33 it
2122 3470 74 25 was
2224 3459 64 34 the
2320 3458 152 45 specific
2498 3462 142 30 moti,,a
2673 3456 128 34 before
2830 3457 99 33 them

1587 3510 120 34 which
1744 3509 47 37 he
1822 3508 243 46 deprecated.
2131 3508 67 33 Ills
2229 3507 217 44 opposition
2478 3511 38 28 to
2546 3509 65 30 the
2641 3515 84 30 one,
2759 3503 63 34 did
2868 3507 66 31 INA

1585 3559 119 45 imply
1722 3556 189 45 objection
1939 3565 35 25 to
2003 3556 64 33 the
2096 3555 120 34 other.
2269 3553 71 35 Ili,
2369 3554 117 44 Right
2524 3553 243 35 llooourable
2792 3552 142 34 Friend

1589 3617 70 24 was
1685 3604 230 44 represented
1936 3605 85 44 (hut
2041 3604 46 32 he
2108 3613 72 24 was
2197 3611 84 25 sure
2308 3602 26 32 it
2367 3612 76 24 was
2460 3599 292 40 unintentional)
2771 3605 39 28 to
2832 3601 89 31 have
2921 3601 22 31 ,

1585 3654 148 41 thrown
1747 3653 204 41 something
1970 3652 80 33 like
2069 3663 22 22 a
2105 3659 120 25 screen
2243 3659 91 24 over
2349 3650 201 43 particular
2569 3650 145 40 abuses,
2727 3647 47 45 by
2791 3647 119 45 apply-

1590 3702 57 44 ing
1657 3712 26 24 a
1702 3699 145 45 remedy
1871 3699 35 33 in
1923 3711 21 20 a
1962 3698 210 46 legislative
2198 3697 97 34 form
2314 3703 37 28 to
2366 3698 142 33 certain
2532 3696 130 43 illegal
2688 3697 70 33 and
2778 3700 157 35 corrupt

1591 3749 178 43 practices
1786 3746 85 35 that
1897 3745 72 35 had
1985 3748 93 33 been
2098 3744 137 46 proved
2254 3751 41 26 to
2310 3744 115 35 exit.
2478 3744 123 33 There
2622 3754 99 24 were
2752 3743 182 33 remedies

1587 3796 85 35 able
1688 3796 73 34 and
1778 3794 180 38 sufficient
1989 3800 40 28 to
2062 3794 118 34 check
2199 3793 63 33 the
2283 3802 167 34 progress
2467 3791 43 34 of
2536 3794 149 37 abuses,
2715 3790 105 33 when
2842 3790 89 43 they

1589 3855 64 24 are
1693 3842 116 37 under
1844 3842 60 33 the
1939 3841 274 34 consideration
2265 3840 43 33 of
2354 3841 227 33 Parliament
2667 3839 269 44 consequently

1592 3892 44 35 he
1654 3892 63 33 did
1737 3894 63 31 not
1818 3891 177 34 conceive
2030 3889 30 33 it
2087 3894 38 28 to
2144 3889 44 32 be
2217 3887 64 33 the
2308 3888 91 44 duty
2417 3888 45 32 of
2490 3888 61 32 the
2577 3888 130 33 House
2741 3891 37 28 to
2809 3887 126 43 apply

1591 3950 79 24 new
1691 3938 194 40 remedies,
1905 3935 33 35 if
1952 3935 63 35 old
2036 3946 84 26 ones
2141 3945 96 24 were
2250 3935 86 33 able
2354 3940 39 28 to
2412 3946 145 24 remove
2571 3934 63 33 the
2647 3933 92 34 evils
2752 3933 40 34 of
2807 3932 128 34 which

1592 3987 64 34 the
1682 3985 126 37 Noble
1831 3984 96 34 Lord
1946 3983 250 47 complained.
2255 3984 86 34 Was
2359 3983 30 34 it
2413 3986 40 30 to
2484 3983 59 33 the
2569 3981 202 34 discussion
2804 3979 45 35 of
2874 3981 67 32 the

1594 4033 124 37 whole
1734 4035 136 43 syStem
1887 4031 45 34 of
1952 4031 63 35 the
2037 4031 353 35 constitution—the
2417 4030 158 37 conduct
2601 4029 44 34 of
2673 4030 60 34 the
2753 4039 79 25 men
2854 4039 28 21 w
2895 4029 1 48 •
2916 4037 26 27 •

1596 4083 69 37 bad
1683 4081 104 35 filled
1801 4082 64 33 the
1879 4078 301 37 administration
2199 4078 44 33 of
2267 4078 246 34 Government
2530 4078 58 33 for
2607 4077 65 33 the
2687 4077 71 33 last
2769 4083 151 38 centui.,
2934 4101 14 15 ,

1596 4130 70 35 and
1683 4130 66 32 the
1783 4137 183 25 measures
2002 4127 124 34 which
2156 4127 276 35 characterised
2466 4128 99 33 their
2597 4126 267 35 career—that
2895 4124 47 33 he

1579 4173 4 46 '
1599 4175 125 40 v%ould
1747 4175 123 39 direct
1883 4175 71 37 the
1980 4175 185 38 attention
2194 4175 44 38 of
2268 4174 73 39 this;
2373 4174 222 39 Committee
2611 4174 14 34 ?
2692 4173 254 46 imputations

3294 578 54 185 I
