3354 4441
302 102 219 57 APRIL
540 100 85 50 23.

308 254 89 38 The
410 255 93 47 joy,
530 249 209 40 however,
770 255 84 27 was
870 235 278 58 considerably
1169 240 191 53 damped,
1391 239 52 53 by
1463 252 26 27 a
1507 242 135 48 report

308 315 94 39 that
420 314 70 38 the
508 309 156 53 gallant
683 308 120 52 Capt.
822 306 233 40 CoettnAtit
1068 301 74 41 fell
1154 301 44 41 in
1213 302 67 39 the
1297 302 157 45 action;
1482 301 74 39 but
1570 301 77 39 this

312 378 157 57 proved
483 380 45 34 to
544 374 54 43 be
618 385 25 28 a
663 370 191 43 mistake.

367 441 90 39 The
493 439 168 39 Gazette
694 435 344 47 Extraordinary,
1077 429 132 43 which
1239 426 85 44 will
1359 429 53 46 be
1443 426 128 41 found
1609 428 37 39 in

314 504 171 39 another
504 506 89 48 part
613 498 51 40 of
678 511 78 26 our
781 498 149 50 raper,
961 507 78 26 was
1069 490 213 56 pirblished
1300 496 45 37 at
1363 491 90 39 nine
1472 489 175 41 o'clock.

313 569 78 39 We
409 579 119 28 never
549 565 231 40 remember
815 575 50 25 an
901 560 208 45 occasion,
1137 560 41 38 in
1201 556 131 40 which
1352 556 72 40 the
1441 561 109 34 town
1570 567 80 27 was

317 641 116 30 more
449 628 220 46 animated,
698 626 39 38 in
761 622 125 40 which
920 622 71 40 the
1023 633 157 30 success
1205 632 80 28 was
1312 626 119 34 Thore

319 694 77 38 and
417 691 78 40 had
517 703 43 27 so
582 687 105 41 little
705 693 44 33 to
771 686 105 51 alloy
899 685 50 39 it.

441 810 131 41 WAR
599 806 262 44 BETWEEN
893 803 235 40 AUSTRIA
1154 802 111 41 AND
1294 800 233 41 FRANCE.

374 883 125 39 What
526 894 59 27 we
615 879 80 41 had
713 879 198 43 foreseen,
943 876 156 45 indeed,
1127 874 109 39 what
1261 885 61 27 we
1343 872 104 39 have
1463 869 190 46 dreaded,

321 937 73 41 has
410 928 43 46 at
471 925 136 61 length
637 931 211 44 occurred,
876 928 79 39 and
986 928 106 39 after
1113 939 113 41 years
1258 924 48 40 of
1336 922 248 46 vacillation,
1615 922 47 38 of

322 991 198 40 alternate
536 987 180 39 decision
738 985 77 38 and
839 980 272 47 irresolution,
1140 979 46 39 of
1201 990 167 28 menace
1387 989 51 26 on
1465 987 76 28 one
1558 974 98 45 side,

324 1044 78 38 and
439 1054 50 26 an
526 1037 214 54 equivocal
771 1036 239 44 submission
1042 1046 53 26 on
1124 1032 71 40 the
1230 1031 136 43 other,
1396 1032 149 37 France
1579 1026 76 39 and

324 1096 165 39 Austria
515 1106 71 25 are
619 1091 122 53 again
759 1088 253 45 committed,
1043 1085 80 40 and
1141 1085 102 38 have
1260 1085 123 50 again
1417 1080 177 41 resorted
1615 1085 43 33 to

324 1148 72 38 the
417 1148 74 37 last
509 1147 143 52 appeal
671 1143 47 39 of
732 1143 174 39 nations.
964 1140 96 40 This
1089 1142 143 37 resort,
1263 1137 38 37 in
1322 1135 202 39 whatever
1544 1131 115 52 point

326 1200 52 40 of
391 1201 99 38 view
508 1199 30 38 it
554 1201 30 34 is
598 1202 44 33 to
659 1198 51 38 be
724 1194 253 45 considered,
992 1194 31 38 is
1036 1192 52 39 of
1097 1202 24 28 a
1137 1195 103 33 most
1260 1189 220 48 important
1499 1191 159 39 nature,

326 1253 78 40 and
424 1265 92 39 may
537 1248 228 52 eventually
790 1248 86 39 lead
906 1252 45 33 to
971 1254 292 43 consequences
1284 1240 129 40 which
1433 1251 86 40 may
1541 1239 118 48 again

324 1304 171 52 entirely
528 1316 98 40 vary
646 1304 71 38 the
735 1303 91 38 face
843 1300 46 39 of
920 1302 180 48 Europe.
1150 1297 91 37 The
1276 1292 222 40 calamities
1525 1292 48 37 of
1596 1290 67 39 the

330 1359 230 41 Continent,
592 1355 78 39 and
689 1355 72 39 the
782 1352 157 54 passive
953 1349 237 43 submission
1213 1346 130 39 which
1364 1343 172 41 resulted
1556 1342 106 40 from

328 1413 130 43 them,
487 1409 74 38 had
585 1410 132 50 began
736 1413 47 33 to
798 1407 91 52 give
906 1419 50 26 an
978 1404 58 39 air
1055 1403 47 40 of
1120 1398 254 54 tranquillity
1389 1413 11 24 :
1429 1397 112 38 there
1563 1407 102 28 were

330 1462 193 52 certainly
543 1473 219 32 murmurs,
777 1460 78 38 and
875 1459 170 51 perhaps
1063 1467 149 32 curses,
1240 1457 73 34 not
1336 1449 100 40 lotul.
1450 1450 77 39 but
1547 1448 116 52 deep,

331 1517 76 38 but
425 1515 142 52 people
595 1513 158 40 seemed
776 1509 226 41 reconciled
1012 1517 43 32 to
1071 1508 106 40 their
1194 1504 294 54 degradation,•
1507 1501 77 39 and
1604 1514 41 25 as-

331 1569 138 40 sumed
490 1573 43 33 at
553 1566 99 39 least
674 1566 69 38 the
762 1561 184 43 external
974 1571 250 44 appearance
1240 1558 50 39 of
1305 1571 25 25 a
1351 1557 152 52 patient
1519 1566 124 39 expec-

332 1622 130 39 tation
498 1619 47 40 of
572 1619 131 39 better
733 1618 130 39 times.
920 1619 164 35 Austria
1113 1613 71 39 has
1211 1617 43 34 at
1273 1609 139 53 length
1434 1607 122 39 taken
1593 1606 72 39 her

332 1672 235 46 resolution,
599 1671 79 40 and
696 1671 223 39 .whatever
952 1668 115 40 there
1103 1667 31 38 is
1166 1664 47 41 of
1235 1663 69 41 the
1341 1659 227 45 disaffected
1589 1659 76 39 and

332 1727 224 41 turbulent,
588 1727 107 37 must
713 1737 90 26 now
828 1721 98 53 rally
946 1720 156 41 around
1124 1720 83 38 her.

387 1781 86 38 The
490 1778 185 40 Austrian
693 1775 299 53 proclamation
1012 1775 30 38 is
1056 1785 98 39 very
1169 1768 180 54 strongly
1371 1763 295 46 characterised

328 1832 102 39 with
462 1832 70 38 the
567 1834 159 48 present
763 1827 133 43 actual
918 1826 235 54 disposition
1173 1822 48 44 of
1245 1819 330 46 Austria,—with
1594 1815 73 46 her

335 1885 128 52 hopes
491 1885 77 37 and
601 1885 71 38 her
690 1880 274 46 fears,—with
997 1880 71 39 her
1087 1878 206 50 desperate
1312 1872 122 41 effort
1465 1867 79 46 and
1571 1869 94 40 with

334 1938 76 40 her
443 1936 79 41 due
555 1949 112 27 sense
697 1935 52 40 of
781 1935 50 40 its
868 1932 178 54 perilous
1076 1935 156 37 nature.
1309 1929 89 37 The
1450 1922 219 50 Archduke

338 1991 195 38 CIIARLES
565 1991 31 38 is
609 1994 72 35 too
700 1994 120 48 great
847 2001 25 26 a
899 1985 170 41 General
1100 1987 76 38 not
1193 1988 41 32 to
1252 1981 120 39 know
1395 1978 65 39 the
1494 1975 99 53 peril
1625 1980 44 35 to

335 2043 132 38 which
487 2043 52 38 he
574 2047 93 50 puts
697 2043 61 38 his
776 2039 280 54 country—he
1076 2043 73 34 too
1181 2033 86 43 welt
1303 2030 265 43 understands
1592 2028 71 39 the

337 2095 171 40 relative
526 2093 191 41 situation
739 2093 50 40 of
808 2096 152 37 France
979 2091 90 40 and.
1084 2088 181 44 Austria,
1278 2089 44 35 to
1337 2086 104 38 have
1455 2096 76 39 any
1553 2081 118 40 other

335 2147 142 53 hopes,
508 2148 72 39 but
617 2161 54 26 on
703 2148 71 39 the
795 2154 104 33 most
922 2145 154 40 valiant
1111 2141 137 41 efforts
1267 2139 48 38 of
1328 2152 26 25 a
1374 2137 133 39 united
1526 2135 143 38 nation

335 2202 78 38 and
432 2199 188 53 soldiery,
640 2199 196 40 seconded
854 2200 46 52 by
919 2200 90 38 that
1026 2197 213 40 assistance
1254 2191 130 40 which
1411 2187 259 45 Providence,

334 2252 44 39 in
410 2265 53 26 an
491 2252 145 39 honest
665 2263 137 37 cause,
829 2254 115 38 often
983 2250 172 39 bestows
1186 2259 52 26 on
1287 2244 71 38 the
1408 2241 110 38 weak
1556 2241 112 38 when

335 2304 177 53 opposed
534 2310 43 34 to
595 2304 70 39 the
692 2311 155 48 strong.
904 2307 38 38 It
961 2300 131 41 would
1123 2301 50 39 be
1194 2295 200 43 uncandid
1422 2294 37 39 in
1480 2294 67 37 the
1569 2297 103 33 most

335 2363 182 33 extreme
531 2357 167 53 degree,
730 2361 46 34 to
803 2355 285 54 congratulate
1116 2353 70 40 the
1213 2349 148 41 British
1391 2346 137 54 public
1547 2359 51 25 on
1619 2357 50 25 an

335 2415 124 35 event
472 2409 128 40 which
622 2414 44 35 at
694 2409 89 41 best
815 2411 32 39 is
876 2408 176 53 perilous
1069 2405 44 41 in
1134 2405 69 40 the
1219 2407 198 34 extreme.
1473 2400 74 37 We
1569 2398 104 39 have

338 2474 124 30 never
478 2461 106 41 dealt
604 2463 40 39 in
663 2461 98 41 such
781 2461 167 56 general
980 2459 200 44 delusion,
1209 2454 76 39 and
1316 2466 59 27 we
1394 2452 74 40 will
1488 2456 76 33 not
1581 2463 89 27 now

338 2516 137 54 begin.
530 2516 167 40 Austria
723 2515 76 43 has
826 2526 76 30 our
930 2513 158 45 wishes,
1117 2522 76 30 our
1220 2510 110 37 most
1349 2506 139 39 ardent
1519 2504 141 52 hopes;
1659 2504 24 52 .

339 2569 76 40 but
433 2581 77 28 our
539 2568 128 54 hopes
681 2580 69 30 are
769 2565 235 52 trembling,
1024 2564 79 40 and
1133 2572 76 30 our
1234 2559 143 39 Wishes
1406 2570 66 27 are
1502 2555 172 41 blended

339 2621 97 41 with
456 2633 76 28 our
548 2622 327 52 apprehensions.
932 2621 74 38 We
1023 2617 80 40 feel
1135 2615 65 40 for
1220 2613 178 44 Austria,
1421 2624 54 31 as,
1504 2609 39 38 in
1564 2609 87 39 simi-

339 2675 63 39 lar
419 2675 327 45 circumstances,
776 2688 59 26 we
854 2672 142 41 should
1015 2669 80 40 feel
1113 2666 69 41 for
1199 2665 219 41 ourselves.
1473 2665 85 39 Our
1573 2660 80 43 feel-

339 2731 104 50 ings,
459 2741 53 26 on
531 2726 99 40 such
647 2740 51 26 an
717 2727 206 45 occasion,
940 2722 143 44 should
1107 2726 73 35 not
1199 2720 163 52 depress
1377 2728 74 28 our
1469 2727 206 40 energy—

339 2793 60 27 we
419 2780 130 39 would
569 2780 57 39 do
645 2778 52 41 all
715 2780 93 39 that
828 2792 60 27 we
904 2777 137 43 could,
1074 2774 80 40 and
1174 2773 97 40 look
1290 2777 47 37 to
1356 2771 71 40 the
1444 2767 230 54 protecting

339 2835 110 40 hand
468 2833 47 41 of
528 2833 169 41 Heaven
713 2838 46 35 to
777 2831 144 43 second
941 2842 76 30 our
1033 2828 156 41 efforts.

393 2888 135 40 There
541 2898 70 27 are
628 2898 79 28 one
724 2898 50 28 or
789 2891 83 35 two
887 2885 312 39 circumstances
1217 2878 40 39 in
1273 2878 150 39 favour
1436 2874 47 41 of
1498 2875 175 39 Austria.

341 2941 45 40 In
413 2940 74 40 the
513 2937 86 41 first
631 2937 132 56 place,
793 2940 67 43 the
880 2937 178 39 German
1083 2931 293 53 Confederacy,
1396 2934 44 35 at
1455 2931 162 51 present
1636 2927 40 38 in

341 2992 187 48 alliance,
548 2992 143 41 indeed
724 2992 41 40 in
794 2988 133 44 actual
948 2985 307 57 incorporation
1273 2982 99 43 with
1394 2983 168 41 France,
1584 2992 90 40 may

340 3054 97 45 -very
458 3045 203 53 naturally
691 3045 52 41 be
774 3043 210 57 presumed
1017 3048 45 32 to
1095 3040 105 38 have
1231 3047 118 32 more
1378 3032 214 56 sympathy
1613 3032 64 39 for

341 3100 183 46 Austria,
543 3099 99 39 than
659 3098 70 41 for
748 3099 71 40 the
842 3099 194 50 Emperor
1056 3096 248 38 NAPOLCON.
1363 3084 97 46 This
1480 3085 172 43 Confede-

341 3165 94 39 racy
456 3165 80 26 was
554 3163 99 41 very
673 3150 181 54 skilfully
874 3155 77 48 put
969 3146 191 54 together
1176 3144 54 53 by
1254 3145 176 40 France;
1462 3139 72 39 hut
1556 3139 30 38 it
1599 3150 81 27 was

341 3211 77 46 put
443 3204 195 54 together
656 3210 41 33 at
726 3217 26 26 a
778 3204 99 40 time
906 3202 79 40 and
1017 3197 143 56 period
1182 3197 113 39 when
1317 3195 165 41 Austr:a
1500 3204 78 26 was
1598 3191 38 38 in
1656 3204 24 25 a

341 3256 187 41 different
563 3256 198 40 situation
801 3263 46 33 to
880 3256 112 40 what
1023 3253 72 40 she
1127 3263 90 27 now
1247 3247 191 43 exhibits.
1501 3243 177 46 Austria,

341 3309 202 54 powerful
561 3309 79 40 and
661 3311 236 46 ambitious,
931 3309 71 39 the
1026 3315 188 43 supreme
1232 3313 141 41 power
1400 3300 37 37 in
1459 3299 221 51 Germany,

341 3376 81 27 was
442 3376 51 27 an
510 3363 139 52 object
667 3364 48 40 of
744 3369 152 40 terror,
928 3360 77 40 and
1023 3357 210 43 therefore
1251 3354 48 39 of
1328 3365 124 39 envy,
1468 3356 45 34 to
1533 3350 52 41 all
1612 3354 69 35 the

343 3417 120 39 other
482 3417 180 40 German
683 3417 176 39 Princes.
913 3415 115 51 They
1055 3423 106 28 were
1187 3406 178 57 pleased,
1390 3405 219 45 therefore,
1637 3407 45 34 to

343 3481 66 28 see
429 3469 72 39 her
521 3469 208 47 humbled,
750 3470 78 41 and
849 3469 38 39 in
911 3468 72 40 the
997 3469 182 37 moment
1198 3461 47 40 of
1253 3461 70 38 the
1343 3457 274 56 gratification
1638 3455 50 41 of

343 3522 109 40 their
468 3536 102 40 envy
592 3524 141 39 forgot
750 3523 72 39 the
854 3522 184 40 interests
1056 3517 51 40 of
1133 3517 105 39 their
1256 3524 90 28 own
1368 3510 145 53 safety.
1567 3509 112 52 They

343 3574 144 54 forgot
515 3578 91 38 that
639 3576 35 39 if
700 3575 184 44 Austria,
918 3575 53 59 by
1004 3574 73 38 her
1110 3567 184 54 superior
1326 3563 168 41 relative
1528 3575 154 40 power,

346 3628 226 53 trespassed
591 3641 60 28 on.
665 3628 115 41 them
800 3624 249 50 herselt,—if
1071 3622 72 40 she
1163 3617 272 53 occasionally
1455 3614 182 43 assumed
1661 3628 22 26 a

345 3685 115 43 tone,
478 3683 76 40 and
575 3681 178 53 perhaps
774 3694 52 27 an
846 3680 135 41 active
998 3689 155 43 power,
1185 3673 126 40 which
1333 3683 83 27 was
1431 3673 189 48 contrary
1638 3673 44 33 to

345 3732 109 43 their
471 3735 379 54 privileges,—they
870 3735 156 51 forgot,
1042 3743 63 27 we
1123 3739 84 41 say,
1222 3726 90 39 that
1333 3724 69 39 she
1421 3735 77 27 was
1513 3719 169 46 enabled

345 3785 53 56 by
413 3789 70 40 the
502 3802 111 28 same
627 3801 137 41 power
783 3795 46 34 to
844 3788 169 40 become
1030 3783 110 39 their
1165 3783 227 51 protector,
1410 3776 89 40 that
1515 3775 71 39 she
1605 3778 79 33 was

347 3841 110 41 their
469 3842 161 40 natural
641 3842 158 40 barrier
814 3841 158 52 against
983 3837 240 51 foreigners,
1238 3831 78 39 and
1331 3830 198 39 thateven
1547 3841 24 25 a
1581 3829 104 39 state

348 3894 52 41 of
404 3895 188 53 jealousy
611 3896 79 39 and
702 3895 196 40 domestic
913 3889 150 52 rivalry
1078 3888 98 40 with
1193 3899 22 27 a
1227 3881 201 58 powerful
1442 3880 242 53 neighbour,

350 3960 80 27 was
464 3948 133 40 better
632 3948 98 39 than
770 3947 188 40 absolute
992 3941 227 51 subjection
1252 3937 130 41 under
1402 3948 39 26 •a,
1460 3932 226 56 'foreigner.

350 4000 115 52 They
485 4000 141 53 forgot
645 4000 83 40 this
758 4006 44 34 at
829 4000 70 39 the
919 4000 113 38 time,
1065 3996 76 38 but
1172 3993 103 39 have
1293 3987 206 41 doubtless
1519 3987 170 40 become

350 4055 115 40 wiser
491 4055 51 52 by
572 4056 257 53 experience.
882 4050 181 43 Austria,
1094 4046 222 41 therefore,
1350 4056 89 38 may
1461 4038 98 43 look
1590 4038 96 40 with

350 4108 259 51 expectation
626 4114 45 35 to
689 4108 80 40 this
783 4111 185 48 quarter,
984 4102 78 41 and
1081 4100 32 40 it
1134 4101 30 37 is
1181 4096 165 41 evident
1367 4096 87 39 that
1473 4094 71 39 she
1557 4097 111 35 enter-

351 4160 104 40 tains
482 4162 111 40 these
619 4159 128 57 hopes
775 4159 106 43 from
913 4157 71 41 the
1010 4167 98 40 very
1141 4150 209 54 language.
1365 4146 48 44 of
1434 4146 69 44 the
1526 4143 141 45 Procla-

352 4209 155 44 maim

1280 4329 2 4 •

1417 4312 51 27 .i

1798 231 117 38 Year
1925 233 224 41 lrlnotshnti
2163 241 19 31 ;
2181 241 98 31 never
2296 230 85 33 Clow
2399 230 61 32 for
2492 228 163 43 Foreign
2673 227 167 35 interests
2870 224 69 32 and
2970 224 52 32 Fo-

1708 281 105 44 reign
1824 287 288 37 nointousisests.
2131 285 60 31 not
2204 289 48 25 on
2269 280 74 43 you
2360 276 97 33 shall
2485 276 64 33 the
2578 283 105 32 curse
2699 272 124 44 alight
2843 278 37 26 to
2902 270 128 34 annihi-

1708 330 76 32 late
1799 328 170 41 innocent
1977 328 185 43 pations;•
2174 326 73 34 and
2268 335 89 25 over
2375 325 63 31 the
2447 322 132 33 bodies
2594 322 45 32 of
2657 321 61 33 the
2738 319 233 44 slaughtered
2986 318 44 33 de-

1710 372 141 37 fenders
1869 373 44 35 of
1923 374 98 34 their
2034 370 154 47 coniitry
2205 378 38 28 to
2264 370 93 46 pave
2378 367 63 37 the
2459 380 86 30 way
2577 367 61 35 fur
2667 378 25 24 a
2721 366 188 45 foreigner
2928 374 37 25 to
2986 364 66 35 the

1710 423 158 44 usurped
1887 423 146 34 throne.
2087 422 33 33 A
2137 420 162 45 happier
2317 419 50 33 lot
2386 418 138 34 awaits
2543 426 73 35 you
2634 426 9 28 ;
2672 415 64 34 the
2756 412 141 45 liberty
2914 412 46 34 of
2979 413 56 33 Lit-

1713 478 90 35 rope
1822 470 65 35 has
1922 470 112 33 taken
2060 468 126 44 refuge
2200 468 116 32 under
2334 472 66 26 oar
2419 465 171 33 banners.
2646 461 113 38 Your
2774 462 174 34 victories
2970 461 79 34 will

1710 517 103 33 loose
1832 517 46 33 its
1893 517 144 37 fetters,
2052 515 70 34 and
2143 524 94 34 your
2256 513 167 34 brothers
2441 510 37 34 in
2497 511 203 41 Germany,
2717 511 63 41 yet
2800 509 40 33 in
2851 507 65 35 the
2935 516 117 26 ran:.3

1713 565 41 32 of
1765 565 61 33 the
1830 556 2 51 ,
1843 568 144 39 enemy,
2001 565 92 41 'long
2111 563 56 33 for
2181 562 99 32 their
2297 560 249 34 deliverance.
2602 557 93 34 Yoe
2711 567 67 22 are
2790 556 161 44 engaged
2969 556 37 33 in
3028 563 24 26 a

1704 618 78 37 just
1799 622 129 30 cause;
1941 611 200 34 othemise
2158 609 13 33 I
2189 609 132 33 should
2333 613 60 28 not
2413 614 149 37 appear
2577 611 39 28 at
2630 615 96 34 your

1767 667 98 37 This
1884 666 31 40 is
1936 678 51 26 an
2011 664 162 40 evident
2193 663 172 39 allusion
2395 666 44 33 to
2460 661 72 38 the
2552 658 181 41 Gorman
2765 656 289 43 Confederates

1716 718 38 38 in
1769 718 70 39 the
1858 713 157 44 Freich
2034 717 170 46 Armies',
2225 716 78 38 and
2334 728 57 25 we
2406 711 181 40 scarcely
2610 710 116 40 think
2748 710 90 38 that
2854 709 80 39 this
2952 709 83 39 allu-

1715 771 86 38 sion
1821 770 133 39 would
1974 770 104 38 !mire
2094 771 98 37 been
2213 768 132 41 made,
2367 765 132 40 unless
2519 764 116 39 there
2656 776 80 25 was
2756 774 113 27 some
2888 774 168 27 reason.

1719 822 89 41 able
1826 824 105 51 hope
1949 823 91 38 that
2060 822 30 39 it
2111 821 76 39 will
2210 822 50 37 he
2280 819 183 40 verified.

1770 875 87 39 The
1887 874 184 53 personal
2102 874 170 39 abilities
2304 872 47 39 of
2378 873 70 38 the
2479 867 224 43 Archduke
2730 868 324 48 Cnantik;may

1719 927 171 40 awaken
1904 940 28 25 a
1961 925 230 41 reasonable
2213 926 122 51 hope,
2375 926 89 37 that
2485 922 207 39 whatever
2709 932 74 26 can
2806 920 50 39 be
2883 918 106 40 done
3005 920 57 52 bf

1719 980 152 39 human
1891 979 135 45 effort,
2044 978 81 38 will
2139 978 169 39 be•done
2319 978 48 51 by
2386 977 102 38 him.
2519 973 89 40 The
2626 971 217 41 Archduke
2864 965 197 54 ttrAnini

1721 1033 32 39 is
1770 1028 247 58 confessedly
2037 1031 70 40 the
2124 1035 102 34 most
2237 1029 92 40 able
2343 1026 174 41 General
2528 1026 46 39 'in
2594 1029 177 48 hurope,
2791 1024 76 38 and
2880 1024 102 39 'had'
2989 1026 72 38 the

1721 1085 161 40 natural
1904 1084 175 52 timidity
2112 1083 47 38 of
2180 1084 71 38 the
2269 1085 201 50 Emperor
2494 1080 198 43 fn.kscfs,
2713 1076 174 41 suffered
2906 1077 86 38 him
3013 1081 50 35 to

1722 1139 104 39 have
1846 1137 60 39 his
1922 1135 305 50 tieelscope,*he
2246 1135 130 40 would
2399 1134 105 38 have
2523 1130 222 56 precluded
2765 1130 70 38 the
2863 1126 198 57 necessity

1722 1192 48 37 of
1793 1191 162 53 signing
1970 1189 69 39 the
2056 1189 129 38 Peace
2204 1188 51 39 of
2271 1186 337 52 Presburgli.—lt
2624 1189 106 33 must
2752 1183 48 39 be
2819 1182 79 39 Still
2916 1182 146 39 within

1723 1244 67 39 the
1811 1254 181 39 memory
2004 1240 50 39 of
2062 1239 53 40 all
2135 1253 77 27 our
2225 1240 194 43 Readers,
2437 1241 93 37 that
2549 1238 70 38 the
2629 1234 224 44 Archduke
2869 1235 196 39 CHARLES

1723 1296 79 40 had
1824 1292 204 44 advanced
2049 1293 137 40 within
2207 1292 113 41 three
2335 1293 97 51 days
2446 1287 210 45 Imaisah.of
2673 1289 167 44 Vienna,
2854 1287 117 39 when
2994 1287 71 39 the

1727 1351 197 50 Emperor
1941 1350 184 37 FRANCIS
2163 1357 80 28 wag
2275 1344 177 45 induced.
2476 1349 44 37 to
2532 1341 138 52 ,s9l,icit
2681 1354 70 32 ran
2778 1339 289 43 Armistice.—

1726 1401 92 41 The.
1852 1404 195 47 Emperor
2080 1400 185 46 FRANCIS
2306 1397 28 40 is
2369 1396 207 41 doubtless
2613 1393 206 54 possessed
2852 1391 50 41 of
2942 1404 123 35 some

1727 1454 176 51 amiable
1919 1449 304 57 qttalities,—he,
2241 1449 31 40 is
2293 1448 169 41 beloved
2484 1448 50 52 by
2549 1443 61 46 his
2626 1447 151 56 Veeple
2794 1440 148 63 forhis
2960 1443 78 54 gen-

1727 1505 161 46 tleness,
1906 1505 77 56 *1,14
2002 1502 78 44 still
2102 1501 117 43 more
2238 1499 66 46 far
2322 1500 66 45 the
2405 1488 4 72 .
2421 1498 194 56 patriotic
2634 1488 344 61 aftectionihich
3006 1496 59 43 he

1727 1554 72 46 has
1830 1559 164 52 alma,
2009 1554 210 52 exhibited
2232 1593 17 8 ~t
2256 1551 176 47 owards
2460 1553 61 40 his
2539 1556 174 47 country
2719 1580 7 8 .
2733 1572 45 7 —
2781 1548 30 43 B
2817 1548 47 43 ut
2880 1546 69 44 the
2967 1553 96 38 Em.

1727 1626 120 39 peror
2159 1606 306 43 unfortunately
2498 1605 102 40 been
2627 1600 137 56 placed
2787 1606 35 37 in
2844 1603 219 41 situations

1728 1665 64 39 for
1811 1664 129 40 which
1956 1663 53 39 he
2027 1662 24 39 is
2050 1662 13 39 ,
2073 1659 222 53 peculiarly
2319 1659 189 40 unfitted.
2567 1662 43 34 In
2647 1669 26 26 a
2704 1662 106 34 stale
2845 1657 48 37 of
2920 1669 151 38 peace,,

1727 1717 79 40 and
1819 1715 168 41 lama'
2006 1711 270 53 tranquillity,
2297 1710 252 40 thero.could
2562 1714 72 33 not
2647 1709 105 38 have
2765 1710 98 37 heen
2882 1721 24 26 a
2927 1710 144 40 better

1728 1769 234 64 Sovereign,
1981 1769 77 38 but
2072 1766 230 38 theaeasou
2316 1763 46 39 of
2375 1763 104 56 peril
2502 1763 31 38 is
2552 1767 72 34 not
2643 1761 128 40 suited
2790 1766 41 33 to
2854 1774 24 26 a
2901 1762 164 47 Prince;

1728 1824 135 38 whose
1881 1824 120 51 olery
2021 1815 175 57 quality,
2210 1817 162 39 natural
2387 1815 80 40 and
2487 1813 206 64 acquired,
2712 1814 31 38 is
2759 1813 157 52 pacific.

2191 1867 47 25 SO

1780 1886 74 37 We
1893 1887 90 47 may
2021 1881 126 51 expec
2152 1870 13 50 t
2165 1870 13 50 '
2191 1892 52 28 LP
2270 1877 98 41 bear
2404 1867 53 63 by,
2457 1867 18 63 l
2490 1877 72 48 tim
2603 1880 98 34 next
2739 1871 170 59 :arrivais
2909 1871 19 59 t
2928 1871 20 59 .
2978 1866 100 70 Ofit

1733 1935 266 43 BONAP:ttrri
2031 1932 74 43 has
2132 1936 73 48 put
2236 1930 213 40 himselfat
2484 1928 71 43 Ile
2589 1928 104 45 bead
2726 1925 50 40 of
2793 1925 4 59 •
2809 1926 64 39 his
2895 1926 183 52 arinseis,„

1733 1990 118 52 Spain
1870 1990 69 37 has
1957 1982 169 43 becOme
2145 1981 320 54 comparatively
2484 1974 48 50 of
2549 1981 103 39 little
2673 1985 197 39 mement.
2919 1981 99 38 Now
3040 1980 37 45 is,

1731 2044 67 38 the
1814 2043 99 39 time
1931 2040 65 40 for
2016 2039 70 38 the
2119 2035 214 54 Spaniards
2367 2037 77 39 and
2484 2037 254 47 Portuguese
2770 2037 45 34 to
2845 2031 111 38 work
2981 2030 4 59 •
2999 2030 79 41 out

1734 2096 104 39 their
1857 2107 87 26 own
1964 2092 268 40 deliverance.
2289 2089 202 39 Lathan
2510 2086 110 40 avail
2641 2083 241 44 themselves
2898 2085 47 38 of
2962 2083 48 46 it,
3026 2096 47 30 or

1734 2150 50 38 be
1800 2148 130 39 slaves
1950 2145 66 39 fur
2033 2156 110 30 ever.

1762 2196 18 0 -

3074 2196 7 14 a

1786 2262 124 52 Many
1933 2261 172 52 Foreign
2124 2262 152 50 Papers
2296 2256 102 39 have
2418 2252 161 40 arrived
2611 2251 38 40 in
2682 2244 74 47 the
2772 2262 142 30 course
2930 2248 50 43 of
3007 2251 71 39 the

1734 2317 80 37 late
1831 2315 126 46 week,
1977 2316 94 50 they
2101 2326 67 26 are
2187 2309 154 53 strictly
2362 2308 191 39 however
2584 2306 152 48 Dutch,
2764 2306 79 39 and
2868 2304 209 39 therefore

1734 2367 122 53 being
1877 2367 96 53 only
1991 2380 24 26 a
2035 2366 99 38 kind
2156 2363 48 40 of
2228 2362 144 40 second
2388 2359 106 41 hand
2517 2355 273 54 intelligetice.
2844 2356 89 39 The
2950 2369 103 39 open-

1734 2422 67 38 inc.
1834 2420 50 39 of
1911 2421 69 38 the
2016 2419 132 39 Dutch
2165 2421 116 48 ports
2302 2414 194 53 promises
2511 2411 146 39 almost
2674 2414 45 34 to
2738 2409 149 52 deluge
2914 2421 46 27 us
2980 2408 102 40 with

1734 2456 129 58 these'
1863 2472 204 53 journals.
2086 2456 5 70 '

1786 2526 87 39 The
1890 2525 133 39 affairs
2041 2524 50 39 of
2099 2523 138 54 Spain,
2257 2532 44 28 as
2317 2518 97 53 they
2435 2529 96 40 may
2548 2517 53 38 be
2617 2513 200 41 collected
2836 2513 106 40 from
2965 2513 117 40 these

1735 2580 168 53 Papers,
1916 2589 69 28 are
2000 2576 138 40 rather
2157 2569 327 47 unfavourable;
2515 2571 32 37 it
2575 2568 32 39 is
2624 2567 132 40 stated
2784 2565 93 40 that
2902 2565 181 40 General

1736 2634 176 38 SEBASTI
1923 2644 73 25 ANT
2017 2629 74 45 has
2111 2627 188 41 defeated
2317 2624 69 39 the
2406 2635 120 39 army
2549 2619 52 41 of
2609 2619 240 50 Andalusia,
2864 2619 77 40 and
2963 2615 126 44 taken

1736 2683 155 41 Cindad
1916 2682 118 46 Real,
2053 2681 133 41 whilst
2217 2679 71 43 the
2311 2676 120 41 Duke
2453 2676 50 38 of
2520 2670 292 44 BELLuNo'has
2831 2670 146 41 routed
2999 2672 64 40 .Ge-

1736 2735 112 41 neral
1870 2739 203 43 CUESTAS,
2091 2722 1 59 .
2111 2735 74 39 and
2209 2734 39 38 in
2280 2741 278 39 consequence
2585 2726 194 40 obtained
2803 2724 217 52 posseision
3040 2722 51 40 of

1740 2789 170 41 Merida.
1965 2789 132 40 These
2113 2791 193 35 accounts
2324 2797 67 26 arc
2411 2781 123 54 given
2552 2780 38 39 in
2621 2780 72 39 the
2711 2778 132 41 Dutch
2867 2790 139 38 papers
3041 2777 18 37 a
3059 2777 38 37 4.

1737 2842 210 41 extracted
1965 2842 107 39 from
2096 2842 78 37 The
2197 2842 215 37 Morilteur.
2487 2836 59 37 In'
2565 2831 294 40 contradiction
2893 2837 41 30 :0
2970 2836 113 33 thee;

1737 2900 253 40 statements,
2021 2894 32 40 it
2072 2893 71 39 has
2163 2894 99 38 been
2285 2887 172 43 asserted
2481 2887 89 38 that
2591 2889 270 47 government
2883 2883 103 37 have
3026 2896 58 25 re.

1736 2949 139 40 ceived
1898 2948 255 50 intelligence
2173 2947 51 50 by
2246 2943 170 52 Captain
2451 2943 275 39 SCHONBERG,
2739 2935 2 63 •
2760 2936 50 38 of
2842 2935 66 39 the
2947 2935 137 45 Loire,

1740 3004 87 38 that
1852 3002 116 39 three
2000 2999 156 41 actions
2187 2996 79 40 had
2296 2993 195 43 occurred
2529 2994 178 35 between
2738 2986 182 43 °Marshal
2952 2989 139 37 Soeur

1740 3054 74 39 and
1838 3057 210 41 Rommva,
2072 3053 37 38 in
2132 3050 129 39 which
2284 3050 67 38 the
2372 3046 120 39 latter
2516 3057 77 25 was
2613 3040 240 53 completely
2876 3040 219 45 defeated,.

1740 3109 74 39 and
1852 3107 38 40 in
1917 3111 274 47 consequence
2216 3099 226 53 compelled
2484 3110 45 26 us
2557 3102 44 33 to
2621 3093 71 39 fail
2713 3093 104 39 back
2839 3106 112 38 upon
2986 3093 79 39 Por-

1742 3159 128 54 tugal.
1900 3161 116 51 Upon
2030 3164 70 34 the
2112 3156 194 41 collation
2321 3152 46 39 of
2376 3152 69 39 the
2459 3156 81 33 two
2557 3151 208 39 accounts,
2784 3148 32 37 it
2830 3152 105 33 must
2955 3143 53 43 be
3021 3158 47 27 ac-

1741 3211 267 52 knowledged
2041 3211 91 39 that
2158 3209 71 39 the
2258 3204 150 41 French
2432 3202 257 51 intelligence
2712 3201 30 37 is
2778 3211 115 26 more
2916 3201 154 38 circum-

1742 3265 180 46 stantial,
1956 3276 112 26 more
2106 3260 237 56 particular.
2418 3256 91 40 The
2548 3253 132 41 Dutch

2715 3263 167 41 .papers,
2917 3250 178 54 quoting

1743 3320 105 39 from
1873 3318 322 41 The.Vonitenr,
2235 3312 148 53 specify
2406 3309 317 39 circumstances
2743 3306 77 38 and
2838 3305 259 51 particulars,

1746 3372 132 40 whilst
1910 3371 69 39 the
2013 3367 184 52 alledged
2236 3363 267 41 information
2536 3361 50 51 by
2622 3359 172 50 Captain
2830 3359 266 39 SCHONBERG

1747 3426 30 39 is
1806 3426 76 39 but
1922 3437 24 25 a
1978 3433 110 28 mere
2122 3419 133 40 naked
2290 3419 234 37 statement.
2595 3413 89 37 The
2725 3411 154 39 French
2910 3409 191 52 alledged

1747 3478 204 43 victories,
1988 3485 234 34 moreover,
2263 3472 104 38 have
2399 3467 157 41 certain
2576 3464 144 39 visible
2754 3464 119 38 facts.
2948 3463 149 40 Ciudid

1749 3530 100 40 Real
1871 3530 31 39 is
1922 3529 80 38 said
2023 3539 44 28 to
2085 3528 50 37 be
2154 3528 37 37 in
2212 3523 221 53 possession
2453 3517 51 40 of
2518 3516 178 40 General
2712 3521 276 43 SE.sairriast,
3019 3516 80 40 and

1749 3582 172 47 Merida,
1943 3581 48 40 of
2006 3578 174 43 General
2200 3579 57 39 CC
2268 3589 113 26 ESTA.

1799 3703 90 41 The
1918 3698 260 56 proceedings
2212 3694 51 41 of
2289 3693 248 41 Pulioment
2574 3692 40 39 in
2652 3690 70 40 the
2763 3703 145 27 course
2927 3689 67 40 'of
3027 3689 70 39 the

1752 3756 111 45 week
1885 3755 112 40 have.
2010 3754 100 38 been
2132 3746 211 53 unusually
2359 3745 213 43 ,animated
2595 3745 79 39 and
2695 3743 259 51 interestiug.
3006 3743 97 41 Tha

1747 3809 148 41 second
1917 3807 165 50 reading
2099 3804 46 39 of
2164 3804 78 39 Mr.
2258 3803 171 40 Pencev
2439 3816 21 21 A
2470 3802 53 35 L.'s
2539 3797 92 46 Bill,
2653 3810 84 25 was
2748 3797 191 38 attended
2963 3795 100 39 with
3079 3807 25 26 a

1750 3868 106 34 most
1891 3861 228 50 impoitant
2158 3856 176 46 Debate.
2369 3853 39 40 iu
2430 3850 135 50 which
2589 3850 109 40 Lord
2719 3850 255 39 FoLisToper.
2994 3847 109 40 took

1750 3915 90 40 that
1859 3909 279 45 briiliant.and
2156 3908 168 52 leading
2348 3905 170 45 station,
2539 3909 45 33 to
2611 3902 129 39 which
2765 3902 50 39 he
2839 3902 31 39 is
2889 3901 130 40 called
3045 3902 53 52 by

1749 3970 70 39 the
1832 3967 149 39 almost
2001 3964 248 39 unanimous
2282 3959 116 40 voice
2428 3959 50 38 of
2504 3957 70 39 the
2595 3954 508 53 'Country.—According

1752 4029 41 34 to
1813 4020 71 39 the
1904 4020 220 45 statement
2156 4015 50 41 of
2223 4013 59 39 his
2302 4011 214 51 Lordship,
2545 4007 83 41 and
2661 4007 143 39 indeed
2843 4007 51 52 by
2915 4007 73 39 the
3007 4020 76 27 con-

1752 4074 146 41 fession
1918 4071 51 40 of
1991 4072 91 38 the
2082 4067 291 45 CHANCELLOR
2392 4064 48 40 of
2458 4065 71 38 the
2549 4063 206 43 Excueou
2765 4076 57 25 ER
2842 4062 115 38 there
2978 4074 132 27 seems

1753 4136 43 33 to
1815 4127 51 40 he
1903 4123 135 53 ample
2057 4135 117 27 room
2213 4121 66 39 fur
2298 4130 25 27 a
2342 4117 176 40 Reform
2549 4115 40 39 in
2619 4114 294 43 Parliament..
2940 4115 79 39 We
3038 4127 69 30 are

1719 4168 1 53 I
1754 4183 71 38 not
1853 4178 70 41 the
1943 4172 221 46 advocates
2199 4172 69 43 for
2298 4169 243 44 innovation
2563 4168 41 41 in
2623 4168 220 40 turbulent
2863 4172 17 34 t
2901 4181 105 31 met:,
3026 4168 78 40 hut

1185 93 149 54 THE
1369 93 374 53 NATIONAL
1780 87 381 61 REGISTER.
