3392 4441
184 162 100 53 V3O

1078 141 154 54 THE•
1261 123 381 66 NkTIONAL
1678 110 407 74 REGISTER..

193 307 105 34 way,
325 295 125 33 united
471 293 113 34 under
601 300 69 25 one
689 288 221 43 Sovereign,
939 282 128 33 would
1085 281 46 32 be
1150 286 103 26 more
1271 273 89 35 able
1377 275 38 27 to
1431 275 91 27 coon-

195 351 118 28 terari
341 341 131 34 Russia
493 341 89 32 than
599 335 209 47 separately
823 360 8 7 .
886 335 109 31 Some
1033 328 80 43 rely
1150 328 45 31 im
1231 321 64 37 the
1329 315 152 37 Wisdom
1513 308 43 52 of

198 403 70 22 our
286 392 265 34 Government,
569 386 67 35 and
660 385 61 34 the
741 380 162 45 strength
922 379 46 33 of
986 378 63 33 the
1064 374 126 35 nation
1209 383 11 25 ;
1247 376 100 26 some
1367 373 45 26 till
1434 360 130 37 Alex-.

200 437 145 37 antleFi
360 436 206 45 expressed
585 433 156 40 Pelinp,-:
755 431 57 32 for
831 432 61 28 tiw
913 425 175 38 Swedes;
1113 419 70 35 and
1202 417 138 38 others,
1358 410 76 35 still
1455 415 102 27 inure

203 487 155 38 absurd,
373 497 47 21 on
441 484 58 32 the
519 493 137 33 genero
666 481 66 41 •ity
754 477 45 33 of
815 478 230 39 Bonaparte.
1077 467 168 38 Sweden,
1265 469 99 40 poor
1383 455 188 39 Sweden,',

209 536 32 33 is
260 534 129 45 placed
410 534 65 31 bet
494 547 6 6 •
513 541 70 22 een
601 537 76 25 two
698 527 99 38 fire-,
826 523 71 34 and
928 523 17 32 1
973 522 98 41 hope
1100 517 64 33 she
1191 511 79 35 will
1304 511 66 32 not
1398 507 46 33 be
1474 511 71 30 coll-

210 582 125 37 imated
354 588 40 27 to
407 580 109 34 ashes
533 579 51 43 by
604 575 111 37 both.

489 680 327 51 IMPERIAL
847 664 456 58 PARLIAMENT.

648 788 177 41 HOUSE
857 784 65 39 OF
958 776 193 46 LORDS.

680 889 198 45 .41onday,
919 882 128 48 April
1065 882 60 34 17.

279 964 83 34 The
381 961 96 38 Earl
495 961 44 34 of
556 957 197 46 Liverpool
776 954 129 34 moved
928 952 64 33 the
1012 945 132 37 thanks
1162 941 43 37 of
1218 941 66 35 the
1297 940 131 34 House
1454 938 40 32 to
1512 930 65 38 the

235 1012 155 35 ()dicers
404 1011 72 35 and
495 1019 81 25 men
596 1007 81 33 who
698 1005 69 33 had
787 999 156 38 reduced
959 999 60 33 the
1037 993 112 35 island
1169 991 43 34 of
1230 987 243 43 Martinique.

288 1061 94 32 Lord
405 1059 270 34 OaExvit.t.t:
703 1052 61 32 did
793 1056 60 28 not
883 1054 144 38 oppose
1046 1043 61 34 the
1139 1039 103 35 Vote
1260 1036 43 35 of
1319 1032 168 37 Thanks.
1541 1028 37 34 It

240 1119 76 22 was
335 1107 157 34 merited
511 1108 45 39 by
575 1104 60 32 the
656 1100 123 35 Naval
797 1097 67 33 and
887 1094 102 35 Land
1009 1085 280 41 Commanders,
1315 1082 169 35 Officers,
1509 1077 72 33 and

239 1155 105 35 Ale).
400 1156 61 32 lie
481 1149 139 38 wished
639 1148 85 41 only
744 1153 63 27 not
824 1149 38 28 to
882 1144 43 31 he
943 1139 156 44 thought
1119 1142 37 27 to
1174 1140 172 38 approve
1358 1129 65 33 the
1439 1124 145 45 policy,

242 1214 45 22 or
308 1204 124 33 rAther
450 1199 198 45 impolicy,
674 1195 44 33 of
735 1192 122 35 ohich
891 1189 248 33 Government
1167 1182 72 33 had
1267 1181 92 31 been
1385 1175 137 46 guilty,
1551 1173 35 32 in

242 1251 139 44 sating
392 1247 158 37 another
563 1254 105 32 sugar
689 1241 117 34 island
824 1245 38 28 to
881 1238 105 33 those
1005 1232 122 35 which
1152 1240 53 21 we
1218 1225 155 44 &heady
1387 1220 201 47 possessed,

244 1299 71 34 and
335 1299 63 33 the
418 1294 162 45 produce
596 1291 45 34 of
657 1287 123 37 which
798 1285 107 37 could
927 1283 71 35 find
1026 1292 44 22 no
1089 1278 159 34 market.

296 1345 81 35 The
394 1344 96 35 Earl
521 1341 47 34 of
592 1339 266 33 LivEnrOOL
875 1329 213 37 vindicated
1119 1326 61 32 the
1205 1323 175 43 conquest
1400 1317 41 34 of
1457 1313 109 38 Marti-

249 1395 128 44 pique,
404 1403 46 21 on
464 1394 156 30 account
635 1384 44 34 or
693 1384 61 33 the
765 1380 163 44 strength
941 1378 70 33 and
1024 1374 162 48 position
1196 1371 111 33 tiftfm
1323 1365 129 34 island.
1507 1361 80 35 Had

250 1443 48 33 lite
319 1439 143 37 viewed
481 1439 27 32 it
527 1435 141 40 merely
689 1434 34 32 in
741 1443 24 22 a
777 1427 239 38 commercial
1039 1423 106 40 light,
1251 1416 124 33 would
1395 1414 92 33 have
1508 1420 60 37 pro-

252 1488 115 45 bably
385 1482 229 39 entertained
633 1482 64 32 the
712 1489 99 25 same
823 1475 158 46 opinion
997 1482 40 24 as
1050 1470 60 33 the
1130 1466 123 37 Noble
1270 1462 111 37 Lord.

299 1537 83 34 The
400 1534 100 35 Vote
519 1531 46 35 of
572 1528 156 35 Thanks
742 1534 38 26 to
795 1526 60 34 the
870 1521 193 38 Generals,
1093 1517 118 34 Naval
1226 1508 255 40 Commander,
1504 1504 57 37 Mi-

255 1593 93 32 lers,
364 1581 73 37 and
458 1580 102 43 Men,
586 1578 90 34 then
692 1573 131 47 passed
842 1581 93 25 nern.
954 1560 370 48 di.is.—Adjourned.

719 1676 195 44 Tuesday,
944 1668 125 47 April

703 1748 190 30 SIWIISII
915 1741 249 28 CAMPAIGV.
1186 1730 8 7 •

308 1813 81 34 'rte.
430 1808 89 35 Earl
552 1806 45 35 of
619 1807 96 34 Livl
733 1811 148 28 ttroor.
909 1794 194 40 observed,
1136 1793 98 35 that,
1261 1783 282 44 notkrstanding
1573 1782 27 33 it

263 1871 38 26 w
315 1877 25 17 t,
357 1859 65 35 the
443 1858 180 35 intention
641 1854 43 33 of
706 1852 61 34 the
787 1847 125 39 Noble
931 1844 90 37 Earl
1042 1843 123 43 (Grey
1179 1850 6 28 )
1206 1846 38 26 to
1264 1845 106 25 move
1388 1834 59 33 for
1463 1831 143 34 certain

261 1919 159 33 papers,
449 1902 213 38 forwarded
683 1900 37 34 in
738 1898 63 34 the
819 1893 124 38 month
964 1892 44 33 of
1030 1889 167 37 October
1217 1886 69 33 last
1303 1890 38 26 to
1362 1881 71 37 this
1452 1886 154 34 country

262 1957 21 32 h
283 1957 22 32 ,
337 1956 64 33 the
416 1955 118 34 (facto.
547 1950 44 34 of
613 1946 180 38 Gallicia,
820 1945 45 32 he
892 1941 72 34 had
977 1936 176 38 searched
1173 1935 57 32 for
1248 1932 61 33 the
1329 1930 213 34 documents
1554 1925 35 33 al-

266 2003 39 35 lu
335 2003 40 33 ed
391 2008 39 28 to
449 2002 35 33 in
502 2000 63 33 the
579 1997 119 38 office,
722 1994 70 34 and
811 1991 86 41 they
917 1987 107 37 could
1043 1996 45 24 no
1109 1983 120 33 where
1248 1982 46 32 be
1311 1977 126 34 found.
1488 1974 123 34 There

268 2061 39 25 w
324 2061 47 21 •re
389 2059 99 35 page
509 2057 17 24 a
539 2046 45 35 of
595 2044 63 33 the
670 2043 48 34 2d
741 2041 43 34 of
796 2036 182 41 October,
1005 2035 67 33 but
1085 2036 65 30 not
1167 2029 43 33 of
1222 2030 61 31 the
1307 2027 85 33 10th
1409 2023 70 33 and
1501 2022 15 33 I
1530 2021 58 35 Ith
1602 2030 11 30 ;

270 2099 71 34 but
359 2098 37 33 in
415 2107 81 27 case
516 2096 86 32 thoy
622 2089 131 34 should
772 2088 46 34 be
836 2083 128 43 found,
990 2082 89 43 they
1093 2078 125 37 would
1238 2076 45 32 be
1310 2074 79 33 laid
1406 2069 130 35 before
1554 2068 60 34 the

273 2146 133 35 House
423 2141 213 39 forthwith.

325 2193 39 34 It
383 2203 80 22 was
481 2187 145 38 insisted
646 2189 50 40 by
729 2183 94 37 Lord
842 2180 148 38 GREY,
1015 2176 83 35 that
1128 2173 63 34 the
1214 2167 230 38 instructions
1474 2167 81 32 sent
1580 2167 38 28 to

275 2241 77 35 Mr.
371 2239 131 40 Frere,
528 2232 196 39 connected
746 2231 90 34 with
867 2228 64 34 the
952 2225 164 34 advance
1146 2219 47 35 of
1213 2219 64 33 the
1311 2213 144 39 British
1487 2217 131 37 troops

279 2289 77 32 into
376 2285 130 45 Spain,
531 2283 72 35 and
622 2282 61 33 the
702 2274 325 43 communications
1043 2268 104 37 made
1160 2270 50 40 by
1224 2265 80 34 that
1323 2261 170 37 Minister
1511 2264 38 27 to
1561 2258 60 33 Sir

279 2334 103 35 John
402 2335 150 38 Moore,
579 2331 35 33 in
630 2333 248 39 consequence
895 2322 45 34 of
956 2321 103 33 those
1076 2314 248 38 instructions,
1348 2309 117 44 ought
1478 2311 38 28 to
1530 2306 83 38 have
1612 2306 21 38 :

282 2385 90 33 been
391 2380 78 35 laid
489 2379 130 35 before
635 2375 65 34 the
865 2369 161 34 withont
1044 2372 158 31 reserve,
1227 2360 69 34 and
1328 2356 141 43 though
1486 2353 65 35 the
1571 2353 35 32 in-

283 2430 21 34 t
313 2430 171 33 oloation
503 2424 165 37 nfl'orded
689 2421 63 35 the
770 2420 126 34 Rouse
917 2418 43 41 by
986 2415 54 32 his
1071 2408 185 47 Majesty's
1285 2404 189 37 "'Ministers
1507 2400 117 44 might

286 2479 44 32 he
348 2476 126 46 ample
495 2476 33 31 in
547 2483 96 24 Some
660 2472 141 45 points,
824 2472 65 40 yet
904 2465 26 33 it
951 2473 72 22 was
1041 2466 60 27 not
1119 2457 194 37 bullicient,
1338 2452 70 33 and
1426 2460 104 24 more
1550 2457 74 24 was

289 2523 148 37 wanted
458 2529 37 28 to
509 2522 128 34 render
652 2519 63 33 the
735 2512 237 38 information
992 2506 172 47 required
1181 2503 201 45 cmplete.

340 2571 96 33 Lord
459 2571 43 33 LI
513 2580 19 24 V
544 2575 178 28 I:ttro0I.
741 2562 143 46 replied
913 2557 190 47 generally
1123 2559 38 28 to
1189 2552 99 32 these
1318 2545 72 37 and
1411 2544 110 34 other
1547 2552 61 34 sug-

286 2621 164 46 gestions
483 2619 47 43 by
557 2627 59 33 say
630 2615 74 41 in;,
731 2610 80 35 that
846 2610 60 33 the
924 2603 236 37 information
1192 2597 156 41 already
1374 2591 164 39 afforded
1567 2593 60 32 the

441 2675 98 34 upon
556 2665 61 32 the
643 2659 143 44 subject
809 2656 44 33 of
873 2655 65 33 the
957 2649 157 47 Spanish
1131 2646 196 45 campaign
1359 2650 74 25 was
1452 2639 126 45 ample
1594 2637 37 33 in

289 2715 61 33 the
361 2720 183 31 extreme,
572 2711 70 33 and
656 2708 78 33 that
752 2707 52 32 his
820 2701 190 46 Majesty's
1023 2702 31 31 (.;
1062 2699 208 31 overnment
1290 2694 119 31 meant
1428 2692 125 31 Wrest
1569 2686 65 33 the

279 2760 250 48 justification
549 2758 44 35 of
614 2757 99 35 their
724 2754 156 35 conduct
900 2760 98 34 upon
1012 2747 83 33 that
1111 2741 253 38 information.
1402 2733 228 47 Adjourned.

1630 184 8 7 •
1683 184 30 12 •,••
1735 184 9 9 •

2600 92 221 59 APRIL
2842 99 84 47 23.

1611 257 154 45 wally
1781 249 58 41 led
1858 259 41 30 to
1912 249 384 46 misrepresentations
2314 246 44 33 of
2378 243 112 40 facts,
2516 250 43 25 or
2576 243 39 31 to
2633 246 200 26 erroneous
2848 243 104 25 mean

1613 314 112 27 sores.
1769 302 111 37 .Both
1907 298 202 47 haditaken
2128 298 110 45 place
2263 293 135 44 during
2414 292 63 34 the
2497 291 76 32 late
2591 291 159 31 contests
2770 283 35 33 in
2826 281 137 45 Spain.

1622 353 57 33 He
1695 348 224 38 recollected
1945 347 60 34 the
2034 345 169 45 glowing
2220 344 158 44 pictures
2398 339 84 34 that
2499 334 70 37 had
2591 335 96 35 been
2705 332 111 44 given
2833 328 48 35 of
2893 327 69 34 the

1622 398 208 47 patriotism
1841 396 56 35 'of
1911 396 64 35 the
1985 391 226 47 'Spaniards,
2228 391 70 34 and
2316 387 64 35 the
2396 383 274 46 exaggeration
2683 379 45 33 of
2743 378 100 34 their
2861 374 85 35 mili-

1622 455 84 38 tary
1724 446 118 40 force,
1860 444 124 35 which
2006 452 73 24 was
2091 439 85 35 said
2187 446 34 25 to
2242 437 93 33 have
2349 432 197 37 amounted
2565 437 37 27 to
2617 426 163 41 400,000
2790 425 178 39 soldiers,

1626 508 25 21 v.
1664 495 53 35 ith
1737 506 76 22 are
1825 502 96 22 serve
1945 490 45 33 of
2011 500 99 24 more
2131 484 90 38 than
2241 484 163 40 600,000
2430 490 92 26 men.
2577 477 76 34 But
2676 474 98 35 after
2802 470 163 44 lookieg

1615 554 99 22 .over
1739 542 65 33 the
1830 539 182 35 defective
2029 537 211 33 documents
2261 531 120 34 which
2402 528 71 35 had
2493 528 91 34 been
2602 523 80 37 laid
2699 531 47 25 on
2764 520 64 34 the
2848 517 106 35 table

1616 592 57 33 •he
1691 588 112 38 found
1822 589 81 32 that
1928 585 94 35 Lord
2044 583 59 33 W.
2130 581 196 40 Bentinck,
2352 586 40 27 at
2418 576 64 34 the
2507 573 309 37 commencement
2835 567 45 33 of
2903 563 80 35 the•

1620 641 163 38 .contest,
1827 635 74 34 had
1946 635 77 32 sent
2063 631 64 34 the
2171 634 91 30 most
2297 622 259 45 discouraging
2594 622 175 32 accounts
2812 620 48 28 to•
2891 613 77 34 this

1632 691 171 39 country.
1856 684 52 34 As
1938 686 38 30 to
2002 680 63 33 the
2089 678 112 45 spirit
2233 674 118 35 which
2383 683 74 25 %YRS
2484 665 198 47 displayed
2712 665 48 41 by
2786 663 61 32 the
2877 661 71 44 Spa-

1633 732 139 39 niards,
1800 731 43 34 he
1861 730 122 35 would
2009 725 100 37 refer
2132 725 99 35 their
2267 720 200 45 Lordships
2489 725 38 27 to
2543 726 22 24 a
2593 715 110 33 letter
2718 710 45 34 of
2786 710 59 33 Sir
2867 706 107 37 John

1641 783 144 39 ;More,
1809 777 112 38 dated
1941 777 60 33 the
2026 775 87 35 21th
2132 772 45 34 of
2198 771 227 37 November,
2453 768 35 33 in
2507 762 124 35 which
2665 761 45 32 he
2722 756 144 44 staled,
2894 755 92 33 that.

1639 830 26 32 it
1685 829 72 33 had
1792 828 90 33 been
1907 823 157 37 entirely
2101 819 158 46 damped
2293 819 47 44 by
2368 817 99 32 their
2497 813 78 34 first
2606 808 158 37 defeats.
2819 804 44 33 In
2897 802 77 34 Mr.

1644 875 146 37 t'rot's
1806 875 112 33 letter
1944 872 41 34 of
2008 861 61 44 the
2087 869 89 34 nth
2198 868 41 33 of
2261 865 228 38 November,
2516 862 41 35 in.
2567 865 145 26 answer
2739 860 39 28 to
2798 852 59 34 Sir
2875 849 106 34 John

1645 926 146 38 Moore,
1817 922 91 33 they
1924 918 120 37 would
2066 918 70 33 find
2157 915 80 33 that
2257 915 44 32 he
2311 908 191 39 described
2523 907 61 34 the
2603 902 194 47 provinces
2817 895 163 43 through

1646 987 21 21 sit
1681 972 84 33 Mich
1786 970 64 38 the
1871 958 137 54 British
2027 973 105 33 army
2156 973 96 25 were
2280 961 85 33 then
2386 959 161 45 passing,
2572 965 39 22 as
2629 954 61 32 the
2725 951 90 32 Last
2844 946 117 32 distio-

1643 1019 154 47 guished
1814 1017 58 35 for
1891 1013 176 47 patriotic
2083 1012 124 45 spirit.
2267 1010 109 34 Front
2396 1007 109 33 other
2523 999 239 37 testimonies,
2789 994 56 34 his
2870 990 93 37 Lord-

1646 1071 81 41 ship
1746 1065 165 44 strongly
1925 1061 189 45 suspected
2135 1061 80 32 that
2237 1058 78 33 that
2339 1058 110 31 letter
2470 1049 70 35 had
2552 1045 151 38 sutfvred
2722 1051 144 32 strange
2885 1039 78 33 alte-

1650 1117 167 38 rations;
1843 1113 80 33 that
1954 1117 167 37 passages
2156 1107 67 33 had
2261 1106 89 33 been
2372 1100 170 39 omitted,
2567 1097 67 33 and
2670 1094 79 34 that
2781 1091 94 32 what
2898 1094 85 27 now

1649 1163 142 37 scented
1809 1169 35 26 to
1865 1159 96 37 refer
1988 1163 37 26 to
2044 1166 66 24 one
2140 1154 104 34 Small
2272 1157 83 41 part
2388 1150 41 32 of
2452 1142 63 40 the
2546 1149 155 34 country
2713 1139 131 39 .alone,
2871 1136 34 34 in
2924 1134 66 34 the

1652 1212 159 45 original
1831 1206 181 35 extended
2026 1213 34 24 to
2075 1205 60 31 the
2154 1202 119 32 whale
2290 1200 41 33 of
2346 1191 97 40 Lr.tn
2457 1193 70 35 and
2546 1191 90 35 both
2655 1191 50 33 C:
2711 1187 112 34 stile'.
2869 1181 119 35 Blake

1654 1261 70 33 had
1741 1260 112 33 tt,st::t
1872 1253 138 44 80,,C01
2040 1261 94 30 men,
2166 1246 158 37 Paiafoy
2360 1245 91 41 12,00
2451 1245 19 41 4
2470 1245 37 41 i,
2537 1240 176 33 Castarms
2745 1232 152 37 'A3,000,
2937 1228 52 33 all

1654 1307 115 35 badly
1787 1302 167 39 clothed,
1970 1300 67 33 and
2059 1299 34 33 in
2124 1309 20 18 e
2158 1303 63 27 ant
2241 1296 41 32 of
2294 1305 110 27 arms,
2430 1290 70 35 and
2516 1287 60 33 the
2597 1283 139 35 Fre,tch
2757 1278 175 47 upwards
2949 1274 45 34 of

1662 1345 167 48 100,600.
1874 1351 34 33 It
1926 1359 72 22 w;!-
2014 1355 92 34 trite,
2122 1354 8 25 t
2141 1346 59 32 hr.?
2217 1349 35 28 at
2267 1343 60 33 the
2343 1338 194 40 beginning
2554 1335 40 33 or
2609 1333 60 32 the
2683 1328 196 45 campaign
2893 1332 100 26 some

1655 1402 169 46 splendid
1853 1398 92 32 feats
1963 1396 124 41 iought
2121 1396 45 30 he
2194 1390 152 46 'pointed
2373 1396 78 24 oft!.
2507 1382 106 34 After
2644 1380 63 32 the
2741 1374 144 37 Freoch
2921 1369 72 35 had

1662 1449 181 38 retreated
1860 1456 91 24 over
1969 1446 58 32 Gas
2044 1443 122 33 Ebra,
2197 1437 69 34 had
2284 1442 59 28 not
2365 1436 59 31 the
2446 1433 136 43 legions
2601 1427 44 35 of
2673 1426 111 43 Spain
2802 1421 92 35 stalk
2914 1420 78 31 into

1658 1501 130 41 spine
1806 1495 69 34 anti
1891 1493 154 34 careless
2057 1488 190 34 indolence
2265 1487 11 32 ?
2315 1483 111 32 What
2443 1480 70 34 had
2532 1479 83 32 they
2629 1475 94 33 done
2738 1479 38 25 to
2793 1476 124 26 secure
2933 1465 67 33 the

1661 1544 268 47 italependcace
1943 1540 40 32 of
2109 1533 178 38 country?
2321 1532 89 33 Fort
2420 1541 9 19 s
2443 1530 39 32 -ti
2490 1538 40 22 ve
2541 1521 178 39 thousand
2735 1515 141 37 Freoch
2887 1514 117 33 alone

1667 1599 22 30 n
1700 1606 59 24 ere
1775 1592 84 37 left,
1873 1587 70 34 and
1957 1586 81 44 they
2055 1594 100 25 were
2177 1579 208 47 permitted,
2396 1572 242 39 unmolested,
2654 1573 37 28 to
2712 1576 136 37 possess
2867 1560 129 43 nearly

1665 1638 189 40 one-third
1877 1635 45 34 of
1952 1636 126 43 Spain,
2121 1630 91 34 until
2245 1629 63 33 the
2341 1625 300 34 reinforcements
2679 1613 123 37 which
2830 1611 86 43 they
2939 1618 40 24 re-

1664 1688 128 38 ceived
1811 1684 71 35 had
1896 1684 115 33 sworn
2031 1682 98 31 theta
2148 1687 90 25 once
2264 1684 99 24 more
2382 1674 77 32 inw
2477 1680 46 25 an
2542 1665 175 43 invading
2740 1670 120 34 army.
2913 1656 96 34 The•

1667 1736 265 37 Governments
1958 1728 122 34 tvitich
2107 1724 72 35 had
2207 1723 91 34 been
2326 1717 143 38 formed
2500 1719 34 32 in
2558 1723 113 33 every
2704 1709 193 46 province,
2926 1703 72 33 had

1670 1782 201 39 weakened
1885 1780 50 43 by
1946 1775 164 43 dividing
2122 1774 61 33 the
2203 1772 120 41 ruling
2334 1767 210 43 authority.
2595 1761 84 34 The
2692 1760 20 33 J
2724 1762 104 28 tunas
2842 1752 70 34 had
2928 1752 74 32 lost

1671 1835 60 34 the
1749 1830 207 38 confidence
1972 1825 43 32 of
2030 1822 63 32 the
2109 1820 150 45 people,
2284 1815 67 35 and
2378 1815 50 32 all
2450 1815 113 40 hopes
2580 1808 45 33 of
2635 1815 141 26 success::
2794 1806 91 28 must
2907 1799 97 33 have

1670 1885 93 32 been
1785 1879 175 41 giveaup
1980 1873 46 41 by
2046 1870 63 34 the
2131 1865 188 46 impartial
2337 1863 70 33 and
2427 1854 275 46 clear-sighted.
2756 1850 128 37 Under
2902 1846 103 33 these

1672 1931 293 34 circumstances,
1987 1919 43 33 he
2048 1916 159 37 thought
2225 1919 79 27 that
2321 1911 195 34 assistance
2533 1903 116 45 might
2667 1900 94 34 have
2779 1898 91 32 been
2885 1891 126 35 Skid-.

1674 1978 63 39 ed,
1748 1978 65 30 but
1827 1978 63 26 not
1900 1967 85 39 such
1998 1978 22 21 a
2050 1964 70 33 had
2137 1964 91 32 been
2244 1967 89 27 sent.
2382 1959 57 32 Au
2452 1965 89 32 army
2541 1965 22 32 .
2572 1961 77 25 was
2663 1959 46 24 flu
2738 1941 188 47 required,
2942 1942 67 37 bat

1675 2035 113 27 arms,
1799 2027 150 35 money,
1961 2015 66 33 and
2049 2010 220 46 provisions.
2301 2006 185 34 Ministers
2497 1997 115 46 ought
2624 2004 39 27 to
2679 1996 96 34 have
2792 1985 177 41 followed
2983 1997 26 24 a

1680 2070 148 46 regular
1841 2067 105 45 plan,
1970 2069 135 37 sprung
2122 2059 97 33 front
2238 2062 138 26 mature
2387 2048 289 40 consideration,
2691 2043 71 35 and
2781 2037 91 37 tried
2894 2034 102 37 infor-

1681 2119 155 35 mation.
1890 2112 76 35 But
1983 2112 80 30 how
2083 2106 73 34 had
2171 2105 87 43 they
2284 2099 168 47 disposed
2470 2095 44 34 of
2528 2095 61 34 the
2607 2094 116 34 forces
2740 2087 46 34 of
2802 2087 72 34 this
2901 2092 84 26 tout

1681 2173 78 39 try.
1809 2161 110 44 They
1951 2157 71 35 had
2052 2156 77 33 first
2145 2158 77 28 sent
2241 2151 59 35 Sir
2315 2148 105 35 John
2441 2146 144 38 Moore,
2606 2140 96 33 with
2721 2134 132 43 11.,000
2877 2140 80 27 men
2975 2133 40 28 to

1685 2212 169 39 Sweden,
1871 2216 40 27 to
1926 2206 105 34 assist
2047 2203 84 34 that
2143 2199 104 35 small
2272 2196 172 45 kingdom
2459 2191 141 39 against
2619 2187 63 34 the
2696 2180 167 51 gigantic
2881 2185 132 39 power

1683 2262 45 35 of
1741 2262 45 33 its
1804 2256 207 38 assailants,
2029 2251 161 38 France,
2210 2245 144 40 Russia,
2378 2241 72 35 and
2489 2235 203 38 Denmark.
2747 2231 73 34 But
2838 2228 86 43 they
2946 2222 72 34 had

1684 2316 78 28 sent
1778 2308 58 34 Sir
1852 2304 105 34 John
1969 2301 149 35 Moore,
2141 2295 162 43 scarcely
2331 2290 180 40 knowing
2528 2284 102 33 what
2657 2281 46 35 he
2721 2274 132 40 should
2862 2272 66 43 do,
2946 2270 72 34 and

1682 2356 150 44 leaving
1843 2352 78 35 him
1936 2349 35 34 in
1987 2347 93 35 total
2100 2346 196 43 ignorance
2311 2340 44 34 of
2365 2336 98 35 their
2481 2331 208 38 intentions.
2750 2324 84 37 The
2850 2320 150 45 digrace-

1667 2369 1 71 '
1685 2406 53 34 ful
1760 2402 112 35 result
1899 2396 44 35 of
1962 2395 83 34 that
2065 2388 223 48 expedition
2307 2396 77 25 was
2402 2383 86 37 well
2519 2381 151 34 known.
2720 2374 61 35 lie
2809 2370 86 34 then
2920 2369 103 32 coins

1690 2451 111 47 pared
1819 2448 64 35 the
1907 2445 154 35 conduct
2078 2440 44 35 of
2137 2439 231 41 Bonaparte,
2388 2432 86 35 who
2494 2430 35 34 in
2556 2427 104 37 three
2678 2421 99 37 short
2798 2415 125 37 weeks
2942 2413 73 34 had

1688 2493 230 43 annihilated
1935 2492 53 34 all
2006 2491 60 34 the
2081 2484 161 48 Spanish
2254 2479 243 41 artuies,who
2517 2484 96 28 were
2629 2480 37 26 to
2683 2469 223 44 co-operate
2928 2460 91 34 with

1689 2558 102 28 ours,
1804 2544 72 35 and
1894 2535 246 40 had.reached
2167 2535 151 40 Burgos,
2339 2530 59 34 the
2421 2525 107 47 point
2544 2522 126 35 where
2688 2528 67 25 our
2776 2522 130 33 troops
2923 2517 99 25 were

1691 2601 39 30 to
1757 2594 102 35 unite
1887 2587 229 38 themselves,
2148 2581 128 35 before
2310 2578 77 33 Sir'
2401 2572 126 38 David
2557 2568 120 38 Baird
2709 2565 72 33 had
2813 2561 118 44 begun
2966 2555 57 34 his

1693 2641 125 38 march
1835 2639 98 34 from
1958 2629 185 44 Corinn',
2164 2629 70 35 and
2259 2636 21 26 a
2306 2626 72 44 day
2399 2622 133 37 before
2559 2617 64 35 Sir
2652 2613 103 37 John
2783 2609 132 34 Moore
2953 2602 74 34 lit:cl

1694 2688 149 37 entered
1861 2686 231 33 Salamanca.
2148 2678 59 34 lie
2222 2673 156 43 thought
2394 2670 84 34 that
2498 2669 57 33 the
2572 2661 132 41 second
2722 2657 162 37 advance
2906 2650 46 35 of
2966 2649 64 35 the

1676 2698 1 77 •
1700 2734 141 39 British
1860 2743 123 32 army,
2003 2728 104 35 when
2135 2732 65 28 not
2230 2734 24 22 a
2282 2721 115 43 single
2430 2714 158 47 Spanish
2606 2708 129 39 sword
2757 2714 77 26 was
2850 2699 124 37 raised
2993 2698 37 34 in

1697 2787 47 34 its
1762 2785 174 44 support,
1954 2779 66 33 and
2047 2780 64 28 toe
2128 2776 162 43 greatest
2308 2773 83 41 part
2413 2766 45 33 of
2483 2764 64 33 the
2572 2766 155 35 country
2750 2761 77 26 was
2842 2744 181 47 occupied

1700 2837 46 41 by
1769 2831 60 35 the
1843 2832 146 33 enemy,
2009 2824 123 34 14110FC
2150 2819 152 41 cavalry
2319 2812 156 39 scoured
2502 2812 60 33 the
2590 2806 119 46 plains
2728 2797 214 41 unresisted,
2959 2792 73 34 and

1700 2878 122 39 raised
1837 2872 268 39 contributions
2119 2865 229 47 unopposed,
2363 2872 21 25 a
2402 2868 182 30 measure,
2601 2852 142 39 which,
2753 2843 182 45 although
2950 2841 64 43 dig-

1698 2928 111 37 nified
1827 2926 48 44 by
1897 2923 60 35 the
1977 2922 194 40 Secretary
2189 2917 43 32 of
2250 2916 100 31 State
2370 2909 91 34 with
2474 2908 60 33 the
2554 2913 104 26 name
2678 2897 41 43 of
2735 2894 131 40 useful,
2891 2900 87 31 was,
2995 2896 41 26 as

1701 2979 48 33 its
1762 2973 113 37 reshtt
1887 2969 72 39 had
1977 2961 156 54 proved,
2153 2961 220 37 destrective
2388 2956 44 34 of
2446 2965 69 25 our
2531 2954 79 32 best
2626 2949 145 41 troops,
2797 2941 69 34 and
2883 2936 94 38 fatal
2996 2941 41 28 to

1702 3025 65 34 the
1783 3024 165 37 interests
1961 3017 43 34 of
2022 3014 133 46 Spain.
2210 3008 83 38 Had
2314 3007 59 34 Sir
2386 3002 104 37 John
2511 3002 131 35 Moore
2660 2993 135 37 retired
2816 2996 38 26 to
2880 2998 25 24 a
2919 2985 116 40 situas

1696 3073 86 33 lion
1801 3067 126 37 where
1948 3065 44 34 he
2007 3060 110 43 could
2132 3059 107 34 make
2259 3067 22 24 a
2297 3054 118 38 stand,
2443 3052 61 32 the
2522 3043 187 48 dispersed
2738 3037 157 48 patriots
2919 3030 123 46 might

1707 3122 93 37 have
1817 3110 177 52 gathered
2016 3106 139 39 around
2179 3106 87 37 hint,
2293 3102 70 35 and
2388 3098 131 38 raised.
2533 3105 91 25 once
2643 3099 98 26 inure
2761 3089 61 32 the
2841 3086 137 32 banner
2998 3077 45 35 of

1706 3167 184 35 freedom.
1939 3158 79 39 The
2035 3151 178 40 frontiers
2229 3152 41 35 of
2293 3146 180 46 Portugal
2500 3155 43 24 or
2574 3138 207 39 Andalusia
2803 3131 125 37 would
2948 3128 98 35 halt,

1706 3210 169 39 afforded
1892 3209 76 34 him
1984 3217 22 24 a
2019 3204 78 35 Safe
2113 3206 138 33 retreat
2265 3211 11 30 ;
2311 3197 69 35 and
2407 3197 34 33 in
2461 3195 63 32 the
2543 3191 128 39 latter,
2707 3185 59 33 the
2786 3176 256 50 initireguablF

1708 3262 149 34 fortress
1874 3256 46 37 of
1933 3253 195 38 Gibraltar
2143 3249 122 35 would
2281 3248 91 32 have
2381 3241 149 39 secured
2548 3239 72 34 him
2639 3247 25 22 a
2678 3231 74 35 safe
2765 3226 278 38 embarkation.

1709 3311 81 35 The
1806 3306 126 43 Noble
1954 3304 194 41 Secretary
2160 3295 44 37 of
2218 3296 104 37 State
2339 3294 70 34 bad
2428 3287 159 38 asserted
2607 3285 83 35 that
2704 3280 71 35 this
2791 3278 163 35 advance
2974 3269 73 35 had

1709 3359 92 34 been
1830 3354 110 34 made
1963 3351 37 33 in
2027 3354 247 35 consequence
2304 3341 45 35 of
2370 3341 76 33 Mr.
2479 3334 146 37 Frew:4
2659 3334 181 37 message;
2868 3325 66 30 but
2968 3319 74 34 this

1711 3415 79 24 was
1814 3399 217 39 incredible.
2096 3394 85 35 The.
2198 3393 74 32 fact
2293 3399 89 33 was,
2421 3387 79 33 that
2520 3384 71 33 Mr.
2619 3379 111 34 Frere
2751 3385 76 22 was
2844 3367 217 43 miserably.

1710 3452 175 35 deficient
1913 3448 37 35 in
1977 3441 254 39 information.
2282 3438 81 34 The
2391 3430 124 41 Noble
2541 3429 91 37 Earl
2652 3426 84 34 then
2758 3418 149 38 alluded
2930 3416 37 33 to
2988 3417 63 34 thd

1711 3501 221 43 subsequent
1963 3489 311 47 correspoudence
2307 3484 45 38 of
2382 3483 74 34 Mr.
2494 3480 123 37 Frere,
2648 3481 35 27 to
2718 3471 61 34 the
2806 3468 91 35 false
2931 3462 99 35 infor-

1713 3547 141 37 mation
1864 3540 193 40 contained
2074 3541 35 32 in
2125 3534 124 39 which
2270 3534 44 34 he
2329 3528 206 39 attributed
2549 3526 135 33 .llrno,t
2700 3521 63 32 the
2783 3515 123 34 whole
2930 3510 44 37 of
2989 3510 63 33 the

1716 3595 240 35 unfortunato
1985 3594 124 28 events
2143 3582 122 38 which
2297 3580 96 35 betel
2426 3578 63 34 the
2528 3570 141 38 British
2702 3568 137 40 Army.
2897 3557 152 43 Having

1713 3641 122 39 stated
1861 3639 66 35 the
1946 3634 187 48 principal
2148 3640 144 27 .reason
2319 3639 46 24 on
2396 3625 126 35 which
2554 3621 45 33 he
2617 3613 159 39 founded
2809 3609 57 34 his
2895 3607 161 43 charges

1715 3690 146 47 against
1876 3687 57 33 his
1951 3680 191 50 Majesty's
2161 3677 200 43 :Ministers,
2381 3673 45 34 he
2443 3669 130 37 should
2593 3670 66 31 not
2672 3667 104 30 enter
2793 3667 83 25 now
2896 3656 80 33 into
2995 3654 60 32 the

1719 3741 137 32 minute
1873 3730 265 40 ramifications
2158 3725 43 35 of
2212 3725 72 34 this
2298 3724 206 43 important
2517 3716 185 47 question,
2730 3710 35 34 in
2793 3702 203 38 almoscall
3017 3698 45 34 of

1722 3784 137 40 which,
1894 3782 45 34 he
1967 3777 163 46 imputed
2158 3775 122 34 blame
2298 3776 35 30 to
2366 3771 57 34 his
2445 3761 195 50 Majesty's
2660 3758 260 35 Goverumeot.
2974 3751 102 40 The,

1726 3835 25 34 N
1869 3828 97 37 Lord
1983 3823 216 39 concluded,
2219 3820 98 35 after
2334 3829 24 26 a
2374 3821 94 31 most
2487 3813 83 35 able
2587 3806 155 47 weed',
2772 3806 48 41 by
2841 3800 150 41 moving

1818 3878 100 37 That
1933 3886 51 26 an
1995 3869 148 39 humble
2159 3869 155 37 Address
2328 3862 135 38 should
2483 3862 46 33 be
2545 3854 190 51 presetatil
2757 3860 37 25 to
2813 3850 53 33 his
2880 3847 182 47 Majesty,

1720 3927 243 43 mewing-that
1981 3922 60 34 the
2070 3920 170 43 disgrace
2278 3912 119 37 which
2430 3912 65 34 bas
2531 3902 175 39 attended
2740 3902 66 32 tine
2837 3894 226 47 expedition

1722 3980 41 31 to
1783 3974 115 45 Sp:tin
1920 3981 72 25 was
2011 3970 11 33 i
2039 3980 7 22 t
2076 3971 247 39 consequence
2357 3960 44 33 of
2432 3958 65 35 the
2532 3960 99 28 want
2665 3950 44 37 of
2730 3947 77 34 sudi
2843 3941 202 37 cieotinfor-

1726 4023 137 35 illation
1898 4029 46 25 on
1978 4017 61 35 the
2075 4019 86 40 part
2194 4011 115 35 ()fills
2344 4006 113 46 1.114:
2459 4004 81 45 lay's
2575 3999 203 38 Ministers,
2804 3993 96 33 with
2919 3993 148 40 respect

1724 4077 40 30 to
1785 4071 61 33 the
1859 4071 96 31 state
1974 4065 43 34 of
2029 4064 129 34 affairs
2184 4059 37 39 in
2239 4058 86 38 that,
2336 4061 177 37 country,
2543 4051 83 33 autt•
2646 4045 100 35 their
2769 4042 143 44 steAleet
2942 4039 35 34 in
3006 4039 63 30 not

1726 4117 163 43 forming
1910 4124 24 25 a
1958 4110 149 47 plan'of
2132 4106 230 47 operation*,
2395 4111 25 27 ta
2422 4102 46 34 ud
2498 4100 41 33 of
2555 4097 105 33 those
2680 4101 120 26 means
2822 4084 122 38 which
2960 4084 117 34 alone.

1728 4165 110 38 could
1858 4165 96 32 have
1968 4157 157 37 enabled
2150 4156 64 39 tag
2241 4150 144 45 Mritisb
2401 4156 102 38 aoas
2522 4154 44 28 tcs
2578 4147 51 34 be.
2639 4140 46 40 of
2698 4134 234 52 itaisartasi&
2952 4142 39 25 to
3008 4130 64 33 the

1731 4209 159 50 ap.mish

2217 4234 9 5 .

723 2855 35 38 if
767 2854 19 41 -
785 2854 200 41 eduesda.y,
1013 2848 37 37 _I
1051 2849 81 45 prii
1156 2845 60 35 19.

344 2930 73 33 Jr.
441 2928 158 39 Ureters,
624 2926 97 33 from
744 2922 60 32 the
823 2921 184 41 liana/ter
1025 2913 113 35 Office
1174 2910 34 33 in
1250 2904 165 41 Ireland,
1442 2900 193 50 presented

293 2975 63 37 the
377 2978 163 33 lli.ttlem;
559 2973 158 35 relative
736 2978 37 25 to
793 2967 60 34 the
874 2963 171 37 Lie&lion
1064 2960 41 34 of
1128 2957 96 37 Lord
1245 2956 28 33 V
1286 2950 352 45 im7ountißountjoy

291 3035 39 24 as
343 3037 24 22 a
383 3022 207 44 Temporal
615 3021 93 33 Peer
728 3017 45 35 of
796 3012 164 43 Ireland,
989 3011 34 34 in
1046 3008 63 34 the
1135 3015 103 26 room
1258 3006 41 32 of
1323 3002 63 34 the
1403 3000 172 45 biarquis
1602 2998 37 35 o'

287 3073 126 44 -*lip,
436 3069 191 37 deceased.

683 3119 235 30 CAMPAIGN
943 3116 46 25 IN
1010 3112 154 33 SPAIN,
1182 3100 70 34 SC.

343 3182 87 35 The
452 3180 87 37 End
563 3178 43 32 of
632 3172 204 46 Liverpool
870 3168 78 37 laid
983 3177 46 24 on
1059 3165 59 32 the
1150 3163 99 34 table
1281 3171 24 25 a
1337 3159 111 34 letter
1465 3157 97 35 from
1583 3154 60 37 the

302 3230 122 39 Junta
435 3229 45 33 of
493 3226 167 37 Gallicia
676 3230 39 26 to
731 3219 165 47 Captain
931 3215 195 41 Kennedy.

356 3278 99 34 Lord
475 3273 198 38 Auckland
693 3267 177 37 adverted
891 3272 38 26 to
948 3263 65 33 the
1031 3262 159 33 Returns
1209 3257 44 33 of
1273 3255 63 35 the
1359 3256 70 33 loss
1461 3248 183 39 :sustained
1648 3248 1 64 ,

306 3328 53 35 by
380 3335 70 24 our
475 3330 131 37 troop%
632 3331 35 22 in
689 3318 131 44 Spain,
846 3312 71 37 and
931 3308 195 40 observed,
1152 3308 84 32 that
1254 3315 46 24 no
1329 3302 119 33 notice
1469 3300 69 34 had
1558 3300 89 33 been

301 3376 120 35 4aken
441 3372 45 34 of
506 3371 64 33 the
582 3367 152 35 number
749 3364 44 34 of
804 3363 177 33 deserters
1002 3358 94 33 from
1111 3356 60 33 the
1188 3361 130 34 enemy
1341 3350 83 37 INN)
1441 3347 69 34 had
1517 3345 130 48 joined

305 3432 71 26 our
393 3430 120 34 army,
544 3418 46 33 be
612 3413 131 37 should
759 3407 188 38 therefore
965 3416 106 26 move
1089 3403 58 35 for
1162 3412 24 25 a
1206 3402 141 33 Return
1364 3398 41 34 of
1420 3397 58 33 the
1496 3394 152 35 number

306 3471 45 35 of
372 3478 148 39 persons
537 3477 40 22 so
592 3459 184 38 recrhitea
796 3459 34 33 in
850 3456 130 45 Spain.
1031 3451 146 46 Agreed
1193 3444 337 47 to.—Adjourned.

789 3557 167 45 l'riday,
979 3554 119 48 April
1115 3554 64 34 21.

750 3618 188 31 SI'ANISU
967 3605 254 39 esitratt;:g.

364 3672 93 35 Earl
493 3670 103 44 Grey
615 3665 94 41 said,
746 3664 46 32 he
846 3670 77 24 was
950 3661 65 30 not
1042 3665 70 22 one
1154 3651 41 34 of
1233 3651 105 34 those
1378 3646 81 34 who
1498 3641 156 46 thought

313 3723 85 35 that
432 3719 157 35 Mini-ter
589 3724 15 31 ,
605 3724 31 31 ;,
652 3719 40 30 at
720 3711 81 34 that
820 3712 175 32 moment,
1028 3711 96 25 were
1154 3699 100 44 lying
1281 3709 46 25 on
1354 3706 20 24 a
1404 3693 69 35 bed
1494 3692 45 34 of
1559 3700 94 25 roses

313 3769 172 35 —Their
516 3764 180 34 situation
732 3769 76 22 was
839 3754 157 45 fraught
1029 3749 92 35 with
1146 3745 209 35 difficulties
1389 3739 69 38 and
1488 3739 165 45 dangers,

314 3820 69 34 hut
419 3815 100 34 their
550 3810 157 37 conduct
741 3807 71 33 had
843 3810 63 27 not
940 3804 92 31 been
1067 3797 85 33 such
1180 3806 40 24 as
1245 3801 39 26 to
1313 3798 161 38 cooper
1493 3787 64 35 the
1590 3796 69 25 one

313 3866 76 40 and
419 3862 103 34 ward
557 3859 57 35 nil'
657 3856 64 34 the
749 3854 120 33 other.
970 3848 81 34 Yet
1085 3839 21 41 u
1107 3839 21 41 o
1128 3839 283 41 twithstanding
1439 3836 61 33 the
1539 3834 117 44 heavy

311 3918 133 37 lose,,
474 3908 123 37 which
618 3902 161 45 thronli
798 3899 100 34 their
917 3895 319 41 mismanagement
1300 3898 18 22 e
1339 3886 69 34 had
1427 3882 168 41 suffered,
1625 3882 34 32 in

311 3965 117 35 lives,
449 3956 230 46 magr.zines,
697 3957 196 30 treasures,
922 3944 70 35 tint]
1015 3943 60 33 the
1091 3939 76 35 still
1188 3935 152 37 heavier
1358 3934 69 33 loss
1444 3930 41 38 of
1502 3931 157 40 honour,

308 4010 56 40 Se
386 4006 123 46 firmly
531 4002 158 44 thought
709 3999 84 33 that
819 3997 34 31 iu
873 3993 63 34 the
956 3990 112 35 bands
1090 3986 43 35 of
1147 3985 155 46 prudent
1319 3991 93 31 men,
1440 3980 117 33 treat
1581 3976 60 34 Bri-

315 4059 80 33 tain
420 4054 120 37 would
560 4051 76 34 still
660 4056 115 37 prove
793 4042 110 45 equal
935 4045 35 27 to
998 4038 60 33 the
1087 4035 195 44 desperate
1303 4032 141 32 contest
1470 4026 38 37 in
1539 4023 122 35 which

312 4107 67 37 she
415 4115 76 21 wad
519 4097 180 46 engaged.
764 4093 59 34 lie
853 4087 159 45 thought
1041 4084 28 33 it
1097 4080 123 38 would
1245 4080 94 33 have
1364 4077 90 34 been
1481 4075 63 33 the
1574 4071 87 45 duty

313 4154 47 35 •f
394 4152 203 37 Ministers,
622 4156 24 22 a
676 4143 74 34 few
785 4136 143 37 months
954 4144 90 33 ago,
1077 4135 14 28 t
1106 4142 7 20 e
1131 4130 126 32 abate,
1294 4123 136 35 instead
1456 4122 43 34 of
1527 4120 120 35 inflam-

317 4204 65 44 ing
399 4202 50 41 tiy
462 4198 96 34 false
578 4188 330 50 representations,
921 4189 11 26 t
941 4182 44 33 he
994 4176 222 52 enthusiasm
1230 4173 43 35 of
1287 4173 60 34 the
1365 4169 136 37 British
1514 4168 151 46 people,

378 4247 168 39 cooloess
572 4243 110 37 alone
710 4234 109 46 wald
839 4234 97 34 hcre
959 4226 148 40 isvorei
1133 4231 152 30 becccisi
1339 4217 236 44 Untireviass
1594 4215 72 37 fro-
