3354 4441
1051 144 151 53 THE
1239 129 379 63 NATIONAL
1651 124 392 57 REGISTER.

156 287 125 33 which
308 298 76 24 was
400 296 22 22 a
441 286 164 33 decisive
632 282 116 46 proof
763 283 79 32 that
861 280 107 35 those
987 279 122 43 things
1123 283 98 26 were
1239 270 211 35 considered
1468 279 41 24 as

159 334 167 43 money's
340 333 141 40 worth,
498 344 38 22 as
548 343 24 24 a
596 330 239 37 marketable
847 326 244 43 commodity.
1147 322 39 34 It
1208 328 77 26 was
1303 315 215 46 impossible

157 383 63 34 for
239 383 74 33 him
335 387 40 28 to
400 383 111 33 know
531 380 84 33 that
635 380 61 33 the
711 377 168 45 practice
900 374 126 34 which
1048 371 73 37 had
1148 367 195 47 prevailed
1371 370 38 28 to
1424 364 90 35 such

161 441 48 25 an
234 437 132 28 extent
394 429 34 32 in
462 439 25 24 a
514 426 275 45 neighbouring
822 423 195 45 kingdom,
1050 420 80 34 also
1155 413 193 51 prevailed
1377 413 34 33 in
1444 412 74 33 this

163 485 175 37 country.
393 475 44 35 if
450 476 73 34 this
548 476 172 44 practice
739 482 79 25 was
847 476 66 28 not
940 465 215 47 destroyed,
1181 465 32 33 it
1251 461 124 38 would
1398 459 34 33 in
1452 459 65 34 the

165 526 70 37 end
253 526 151 43 destroy
423 535 56 22 us.
534 524 53 33 .As
607 530 37 27 to
665 524 61 32 the
739 521 77 34 tale
829 520 45 34 of
894 517 165 46 judicial
1078 513 213 37 aituations,
1317 508 45 34 he
1377 507 59 33 did
1456 511 64 30 not

168 573 154 45 pretend
341 579 39 28 to
393 582 66 33 say
476 572 81 33 that
578 572 30 33 it
637 568 156 35 affected
811 567 64 35 the
893 566 128 46 purity
1043 563 45 33 of
1113 563 63 33 the
1195 555 325 40 Administration,

167 622 67 32 but
255 621 45 33 he
324 620 124 34 would
467 620 74 33 still
561 630 66 25 say
647 618 83 35 that
750 617 28 33 it
798 626 76 22 was
886 625 46 24 an
948 612 207 41 anomAy,
1173 605 125 37 which
1316 601 128 37 should
1475 602 46 32 he

170 667 193 35 removed.
418 667 39 33 It
476 667 124 33 would
620 667 46 34 be
681 676 87 32 easy
793 670 37 27 to
848 664 107 44 place
972 661 67 34 the
1056 659 73 34 fees
1147 654 41 34 of
1200 654 98 34 their
1312 651 118 34 offices
1452 650 35 33 in
1500 659 25 22 a

168 717 152 44 general
344 716 104 38 fund,
465 715 61 34 for
542 715 208 41 increasing
761 712 64 33 the
841 709 155 38 salaries
1012 707 43 34 of
1068 706 63 34 the
1139 703 146 46 judges.
1318 698 57 35 lie
1391 696 133 45 agreed

170 764 193 47 perfectly
398 763 93 34 with
529 762 56 34 his
620 759 244 37 ilot:ourable
891 751 139 40 friend
1074 754 94 44 (Mr.
1189 745 188 46 Crcecey)
1403 746 84 32 that
1505 754 22 24 a

176 811 239 35 Dissolution
436 811 41 32 of
495 810 230 33 Parliament
746 817 76 24 was
840 813 65 28 not
921 815 47 22 an
990 802 139 46 appeal
1153 806 39 28 to
1212 798 61 32 the
1299 794 136 48 people
1462 793 66 33 but

176 867 40 27 to
235 861 63 33 the
315 860 207 43 Treasury.
556 857 64 33 On
639 857 60 33 the
718 857 71 34 last
811 853 233 37 Dissolution
1065 848 187 35 Ministers
1269 839 259 38 endeavoured

176 914 41 27 to
248 913 59 28 set
333 908 61 33 the
429 907 139 45 people
596 905 98 39 mad,
719 902 71 34 and
810 902 84 33 then
913 896 130 37 talked
1070 896 44 33 of
1139 891 204 48 appealing
1376 896 37 26 to
1429 888 103 33 their

176 966 117 24 sense.
348 954 83 34 The
449 965 99 22 sense
568 953 47 33 of
639 953 59 34 the
726 951 136 44 people
882 948 70 32 had
972 954 104 26 some
1091 944 111 43 slight
1225 940 178 33 influence
1419 935 57 34 fat
1507 945 25 22 a

175 1003 168 35 General
369 1003 170 34 Election
560 1012 11 27 ;
608 1002 64 32 but
703 999 61 33 the
784 1003 100 38 great
914 989 319 51 preponderating
1259 987 176 34 influence
1455 992 77 24 was

180 1050 66 35 the
274 1051 180 34 influence
474 1049 44 34 of
533 1048 63 34 the
607 1050 204 40 Treasury.

230 1098 84 34 The
346 1098 76 33 Bill
445 1107 74 24 was
550 1096 87 33 then
670 1094 87 33 read
788 1103 24 22 a
828 1090 130 35 second
985 1090 106 40 time,
1117 1085 71 35 and
1231 1080 158 39 ordered
1421 1083 40 31 to
1488 1078 47 33 be

183 1144 224 38 committed
425 1155 47 24 on
491 1143 174 44 Tuesday
678 1135 474 50 sennight.—adjourned.

667 1240 169 48 Friday,
857 1238 126 50 ilyril
1000 1239 69 34 21.

239 1312 66 34 No
321 1312 162 34 business
500 1310 46 35 of
559 1310 250 41 importance.

300 1463 74 33 TO
402 1462 115 34 OUR
544 1457 376 38 SUBSCRIBERS
948 1456 117 35 AND
1093 1454 115 35 THE
1233 1443 215 46 PUBLIC.

246 1556 37 39 A.
305 1557 171 37 Portrait
495 1554 45 37 of
555 1554 65 35 the
641 1554 158 35 DUKE
817 1553 45 34 of
881 1551 167 43 KENT,
1067 1547 182 47 engraved
1267 1546 51 45 by
1335 1547 130 33 Scilly
1474 1553 72 30 Inv,

200 1618 94 34 from
313 1626 24 22 a
359 1615 154 35 Picture
533 1615 48 44 by
602 1613 188 43 Edridge,
810 1612 35 32 in
883 1610 63 33 the
979 1609 203 45 possession
1214 1604 45 34 of
1289 1603 61 35 the
1383 1603 164 35 Princess

198 1675 170 40 Arne*
392 1674 83 35 that
496 1684 76 25 was
592 1672 174 34 intended
782 1677 39 27 to
837 1671 48 33 be
904 1668 193 37 delivered
1119 1665 197 35 GRATIS
1335 1663 89 35 This
1443 1661 105 44 Day,

198 1737 113 35 could
331 1741 64 30 not
411 1735 167 44 possibly
600 1735 46 32 he
664 1731 185 45 prepared
867 1730 35 33 in
922 1730 102 33 time.
1077 1727 81 37 The
1179 1724 235 46 Proprietors
1431 1721 117 45 possi-
1564 1721 1 58 '

200 1798 123 44 tively
341 1796 125 34 assure
484 1795 100 34 their
604 1794 236 34 Subscribers
866 1792 69 33 and
957 1792 63 32 the
1043 1789 149 39 Pu4lie,
1212 1787 78 34 that
1306 1786 63 34 the
1383 1783 167 34 Portrait

202 1854 84 34 will
307 1854 47 34 be
372 1854 117 43 ready
503 1853 60 33 for
581 1851 170 41 delivery
764 1861 47 21 on
835 1848 229 33 SUNDAY
1083 1845 162 40 NEXT,
1271 1841 110 46 April
1395 1841 60 33 SO.

254 1911 85 33 'Tie
360 1910 244 44 Proprietors
624 1907 44 33 of
689 1907 78 32 The
790 1906 184 33 National
996 1905 169 41 .I??gister
1181 1900 97 33 have
1293 1898 145 34 learned
1461 1907 27 21 Iv
1499 1894 53 34 ith

206 1968 65 33 the
288 1971 138 30 utmost
448 1970 138 40 regret,
601 1965 84 33 that
702 1972 110 33 many
824 1961 44 34 of
878 1962 47 33 its
939 1961 163 33 Readers
1117 1959 93 32 have
1225 1958 91 32 been
1326 1952 177 47 deprived
1519 1952 40 33 of

208 2023 193 44 receiving
418 2023 65 32 the
501 2021 190 34 Portraits
705 2017 125 35 which
844 2017 96 33 have
959 2017 92 33 been
1070 2013 187 37 delivered
1273 2019 172 26 GRATIS.
1500 2009 56 34 To

209 2083 159 41 prevent
398 2078 144 34 similar
559 2076 243 45 complaints,
827 2074 72 35 and
927 2078 41 31 to
998 2081 125 25 secure
1156 2070 65 32 the
1250 2067 253 46 preservation
1520 2065 45 33 of

213 2135 66 33 the
311 2135 202 39 Portraits,
542 2143 41 25 as
600 2134 78 32 well
694 2143 43 24 as
769 2135 35 30 to
828 2141 44 33 pi
885 2134 103 30 f:vetit
1011 2135 235 33 anneressary
1278 2124 72 34 and
1371 2125 188 40 improper

215 2193 38 39 ci
253 2193 19 39 ,
272 2193 113 39 :rges,
411 2190 63 33 the
494 2189 243 46 Proprietors
763 2189 46 33 he
855 2187 105 33 leave
989 2191 39 30 to
1048 2184 132 34 inform
1200 2180 244 39 Subscribers,
1480 2180 80 32 that

215 2246 64 34 the
306 2246 123 33 Prints
455 2246 80 32 will
555 2251 81 34 not,
654 2245 61 33 for
739 2245 63 33 the
822 2244 137 41 future,
986 2243 46 32 he
1052 2239 187 34 delivered
1259 2243 39 30 to
1316 2237 61 34 the
1396 2235 167 35 Venders

217 2307 45 33 of
292 2304 265 44 Newspapers,
579 2302 164 35 without
763 2301 210 45 particular
992 2298 125 34 orders
1135 2296 96 34 from
1250 2294 63 34 the
1331 2293 229 35 Subscriber.

216 2362 83 38 The
321 2361 185 33 Portraits
508 2359 99 34 will
627 2360 46 33 be
691 2357 69 35 left
776 2365 38 27 at
834 2357 61 32 the
913 2356 118 34 Mice
1050 2354 91 34 until
1159 2357 78 30 seat
1254 2350 72 34 for.

269 2415 220 37 Immediate
504 2415 142 33 Orders
659 2414 137 34 should
816 2415 45 32 be
875 2420 79 27 sent
972 2419 41 26 to
1031 2411 65 33 the
1111 2409 133 39 Office,
1266 2408 58 39 11,
1345 2404 197 37 Catherine-

221 2479 132 34 stre;.A,
370 2472 149 39 Strand,
530 2472 43 41 by
592 2473 119 39 letter,
726 2473 89 40 post
827 2470 105 44 paid,
946 2477 44 25 or
1006 2467 106 43 given
1133 2471 37 28 to
1187 2465 65 34 the
1271 2463 207 35 Newsmen.

341 2616 167 54 THE
548 2610 435 58 NATIONAL
1023 2604 420 58 REGISTER.

776 2769 260 52 tottDon,

565 2874 237 45 SUNDAY,
830 2872 168 39 APRIL
1018 2874 67 43 23,
1117 2870 116 37 1809.

495 3015 233 31 POLITIC.IL
754 3012 180 30 lir6NT9
959 3012 56 26 CP
1038 3012 97 26 TI:111
1161 3008 155 27 R'EER.

405 3119 385 44 DESTRUCTION
813 3118 66 37 OF
900 3113 113 39 THE
1032 3112 175 40 BREST
1226 3110 187 41 FLEET.

286 3194 38 39 It
344 3191 32 38 is
391 3190 93 39 with
507 3188 69 41 the
598 3190 106 35 most
722 3183 157 41 sincere
898 3180 184 54 pleasure
1100 3191 58 26 we
1174 3178 105 39 have
1293 3183 45 34 to
1356 3187 226 33 announce,

234 3254 93 40 that
345 3253 172 37 ztnothcr
533 3247 130 41 laurel
679 3247 77 39 has
772 3246 103 39 been
898 3241 126 41 added
1045 3247 38 33 to
1100 3241 69 39 the
1196 3237 190 41 National
1401 3239 183 45 Wreath,

409 3314 146 37 invos!l
594 3309 67 39 the
694 3306 191 53 Temples
914 3302 50 40 of
993 3302 72 40 the
1108 3302 208 39 Guardian
1357 3301 151 39 Genius
1545 3300 46 39 of

239 3377 174 39 Bria.
477 3373 185 48 Victory,
700 3367 161 46 indeed,
889 3371 45 34 to
972 3377 72 28 use
1077 3364 70 39 the
1180 3364 131 40 words
1345 3361 50 39 of
1424 3367 161 46 poetry,

237 3450 131 30 st,i7is
385 3442 41 32 to
448 3436 104 37 have
573 3431 123 41 tiken
718 3431 72 38 her
810 3430 240 50 permanent
1069 3430 85 34 scat
1181 3426 39 37 in
1244 3425 67 39 the
1330 3424 141 40 I.lfith
1494 3425 61 37 tm-

242 3500 99 45 n;res
348 3498 145 37 —here
529 3495 71 39 she
620 3506 129 27 secnis
783 3497 46 33 to
859 3501 115 27 wave
1009 3487 14 39 ;
1024 3498 59 27 ter
1121 3498 125 40 wings
1251 3515 9 17 ,
1307 3485 77 40 and
1415 3491 44 33 to
1493 3485 94 39 Bold

240 3563 74 38 lbr
344 3557 194 56 proudest
556 3555 164 39 throne.

294 3638 91 39 The
415 3631 151 43 assault
586 3644 53 27 on
661 3628 70 40 the
745 3625 157 45 Trench
925 3622 131 46 Fleet,
1076 3624 40 39 in
1144 3625 158 50 Basque
1330 3621 154 46 Roads,
1521 3621 71 39 has

242 3704 104 40 bccn
367 3713 43 26 as
429 3693 219 45 successful
676 3707 43 26 as
733 3693 70 39 the
822 3690 163 41 fondest
1016 3689 268 51 imagination
1304 3687 117 39 could
1449 3687 122 39 antici-

242 3772 113 47 pate.
413 3761 90 40 The
535 3759 117 39 Brest
673 3755 113 39 Fleet
808 3755 72 38 has
898 3754 103 38 been
1024 3750 231 53 altogether
1291 3749 229 50 destroyed,
1548 3761 46 26 or

242 3824 195 45 reodered
456 3817 324 45 unserviceable.
837 3814 200 52 Perhaps,
1054 3811 69 40 the
1137 3810 131 40 whole
1281 3808 131 40 Naval
1429 3810 162 52 History

241 3889 52 40 of
309 3889 67 39 the
397 3886 171 48 country
593 3883 152 37 cannot
768 3876 178 53 produce
965 3888 51 26 an
1030 3872 201 51 example,
1248 3872 40 38 in
1305 3870 125 46 which
1448 3870 145 43 British

242 3948 150 44 Valour
411 3948 74 39 has
507 3944 122 41 made
647 3954 25 27 a
693 3954 120 26 more
829 3939 148 51 daring
998 3940 191 46 attempt,
1220 3934 74 40 and
1316 3935 98 39 been
1435 3947 135 26 accom-

243 4012 150 58 panied
418 4009 97 40 with
531 4020 24 26 a
578 4018 116 27 more
712 4002 183 40 brilliant
915 3997 141 44 result.
1116 4000 35 37 It
1173 3997 28 38 is
1219 3996 105 52 truly
1345 3993 189 53 cheering
1552 3997 46 35 to

247 4090 78 27 our
339 4076 154 43 hearts,
522 4071 91 40 that
631 4067 39 40 in
691 4078 24 26 a
735 4065 103 39 lime
856 4061 51 40 of
920 4076 44 26 so
985 4059 120 52 much
1122 4057 163 53 general
1305 4058 165 40 disaster
1483 4062 43 33 to
1547 4052 50 40 all

246 4139 72 46 the
338 4139 132 40 States
489 4134 48 39 of
553 4135 185 47 Europe,
769 4140 60 28 we
855 4124 107 39 have
994 4122 99 41 such
1128 4121 183 51 frequent
1331 4119 206 40 occasions
1556 4123 43 33 to

247 4196 289 58 congratulate
556 4206 79 27 our
652 4194 274 47 countrymen
950 4198 56 43 on
1026 4196 78 26 our
1124 4194 90 28 own
1245 4193 207 28 successes.
1511 4179 41 40 If
1563 4180 35 38 in

246 4264 74 41 the
352 4258 170 60 gcaeral
553 4256 97 43 club
679 4253 57 47 of
771 4252 70 44 the
861 4254 85 37 war
965 4256 123 45 every
1122 4257 78 31 one
1235 4241 79 44 had
1342 4240 260 47 contributed

2435 52 17 15 •

2561 105 219 54 APRIL
2831 107 86 52 23.

1579 283 44 25 so
1656 267 120 41 much
1807 266 141 44 effort,
1976 263 79 41 and
2081 275 45 27 so
2163 257 120 43 much
2314 268 171 32 success,
2513 250 71 40 the
2616 244 165 58 general
2813 244 104 39 issue

1581 330 131 43 would
1728 331 105 39 have
1850 328 104 41 been
1972 313 319 64 verfdifferent,
2291 313 22 64 -
2314 313 70 64 and
2400 319 162 48 Europe
2576 309 135 41 would
2726 312 73 37 not
2815 307 104 39 have

1584 400 40 34 to
1645 392 154 41 reckon
1817 404 46 28 so
1881 402 119 41 many
2022 387 171 43 Nations
2210 380 203 46 subdued,
2432 376 86 44 'and
2537 387 46 28 so
2602 385 120 40 many
2746 367 176 44 millions

1585 454 246 53 extirpated.

1637 519 87 39 The
1742 513 143 45 attack
1904 524 52 27 on
1976 511 72 40 the
2067 511 116 40 Brest
2211 506 118 43 Fleet
2342 515 80 28 was
2454 500 116 41 made
2590 509 53 28 on
2663 495 72 41 the
2767 491 96 41 llth
2877 488 53 43 of

1592 579 124 54 April,
1754 582 44 37 at
1826 566 123 64 eight
1972 567 162 52 o'clock
2172 570 41 39 in
2251 567 70 41 the
2348 563 189 52 evening.
2596 559 90 40 The
2714 553 215 53 attacking

1587 643 219 52 squadron,
1834 651 44 28 as
1909 638 32 40 it
1964 633 136 43 would
2120 643 154 44 appear
2289 630 53 52 by
2363 627 70 40 the
2448 626 181 41 Gazette,
2656 620 67 39 for
2744 617 79 40 this
2842 615 72 39 offi-

1591 700 73 43 cial
1683 699 206 40 narrative
1909 697 32 40 is
1957 697 38 38 in
2016 707 112 28 some
2146 693 146 51 degree
2311 685 213 45 confused,
2550 678 198 44 consisted
2776 676 50 39 of
2848 680 83 33 two

1592 758 331 50 divisions,--the
1939 757 194 51 covering
2152 751 209 54 squadron
2376 748 50 41 of
2447 744 104 43 Lord
2571 745 255 38 COCURANE,
2854 733 80 40 and

1594 827 48 37 he
1662 823 204 51 fire-ships
1881 819 64 41 led
1958 831 54 27 on
2028 819 53 52 by
2115 817 119 51 Capt.
2249 811 312 40 WootnninGE,
2575 806 40 38 in
2627 803 70 39 the
2709 798 226 41 Mediator.

1594 886 86 41 The
1698 883 107 40 Wind
1826 878 176 54 blowing
2021 879 106 40 from
2156 876 71 40 the
2246 868 246 47 Northward
2524 862 188 57 impelled
2745 862 126 41 them,
2889 856 53 40 of

1597 960 141 28 coarse
1756 959 52 27 on
1824 944 72 40 the
1911 940 255 54 enemy,who
2187 950 105 27 were
2308 931 202 44 anchored
2530 935 44 33 to
2593 928 71 39 the
2683 919 256 47 Southward,

1598 1010 76 38 and
1695 1007 69 41 the
1783 1006 195 41 freshness
1997 1003 50 39 of
2061 1003 46 45 it,
2128 999 190 53 together
2342 996 96 40 with
2457 994 67 39 the
2542 990 250 51 consequent
2805 984 132 50 heavy

1598 1085 83 33 sea,
1700 1082 105 43 gave
1822 1083 25 27 a
1873 1070 256 41 momentum
2151 1068 50 37 to
2220 1062 71 40 the
2311 1058 222 44 Mediator,
2570 1052 131 40 which
2720 1045 169 43 enabled
2909 1045 34 38 it

1602 1140 43 34 to
1662 1131 129 41 break
1807 1131 70 39 the
1894 1130 143 41 boom,
2053 1140 47 26 or
2118 1124 135 46 chain,
2274 1123 52 51 by
2346 1119 126 40 which
2497 1117 67 40 the
2582 1111 208 56 approach
2807 1115 45 33 to
2871 1106 73 40 the

1602 1198 178 48 enemy's
1794 1194 96 39 fleet
1903 1204 81 26 was
1997 1187 213 41 defended.
2267 1185 90 38 The
2374 1179 150 43 French
2541 1178 103 39 forts
2661 1174 78 40 and
2754 1169 188 53 shipping

1605 1254 177 56 opposed
1802 1254 70 40 the
1892 1251 150 43 assault
2061 1252 51 50 by
2133 1261 26 26 a
2190 1258 97 41 very
2309 1245 130 48 heavy
2461 1241 89 45 fire,
2582 1239 74 40 but
2675 1235 71 39 the
2765 1235 176 46 bravery

1605 1318 50 41 of
1667 1318 70 40 the
1750 1315 148 44 British
1915 1324 161 31 seamen
2092 1320 217 30 overcame
2324 1304 53 41 all
2395 1300 214 45 obstacles,
2622 1297 79 40 and
2720 1289 228 58 compelled

1606 1382 69 39 the
1693 1391 143 39 enemy
1857 1382 44 35 to
1931 1389 84 27 run.
2035 1372 107 40 their
2176 1368 144 43 vessels
2353 1378 53 27 on
2439 1359 320 45 shore.—Seven
2779 1355 50 41 of
2844 1352 104 40 their

1611 1441 142 40 vessels
1770 1437 261 52 accordingly
2055 1430 226 58 grounded,
2315 1430 80 39 five
2409 1427 50 40 of
2472 1423 149 46 which,
2640 1422 208 40 however,
2876 1417 79 50 got

1611 1505 85 38 into
1714 1502 69 39 the
1796 1501 200 40 Charente
2011 1496 138 39 before
2167 1492 220 56 day-light.

1662 1567 60 38 On
1742 1563 71 41 the
1828 1560 211 52 following
2060 1558 94 52 day,
2176 1557 69 38 the
2264 1553 110 47 12th,
2396 1551 129 39 about
2544 1552 80 33 two
2646 1540 181 47 o'clock,
2845 1534 109 45 Lord

1612 1628 236 38 CocKaANE
1877 1622 65 43 led
1971 1620 71 39 the
2075 1617 138 41 attack
2246 1619 40 35 in
2324 1613 72 40 the
2417 1609 265 56 lmperieuse,
2700 1603 79 41 and
2796 1598 159 54 opened

1613 1694 59 38 his
1690 1691 77 39 fire
1785 1703 54 26 on
1872 1689 71 39 the
1971 1687 203 43 Calcutta,
2206 1681 130 40 which
2375 1691 100 41 very
2507 1672 177 58 speedily
2713 1669 144 41 struck
2883 1667 76 41 her

1613 1754 161 39 colours
1793 1768 9 28 ;
1831 1750 69 39 the
1919 1748 104 41 Yille
2042 1748 51 39 de
2114 1743 195 41 Varsovie
2329 1740 78 41 and
2426 1740 71 39 the
2515 1736 194 56 Aquilon,
2726 1743 109 28 were
2863 1729 97 40 then

1616 1813 257 52 successively
1897 1809 208 45 attacked,
2124 1808 81 40 and
2238 1801 261 53 successively
2537 1796 280 41 surrendered.
2872 1789 90 41 The

1618 1880 198 51 prisoners
1835 1887 104 27 were
1959 1871 210 44 removed,
2203 1867 77 40 and
2310 1866 97 51 they
2439 1874 102 27 were
2568 1866 63 34 set
2656 1871 52 26 on
2732 1858 86 38 fire.
2875 1852 89 39 The

1618 1952 142 39 enemy
1789 1935 242 44 themselves
2049 1930 213 53 destroyed
2283 1929 67 39 the
2372 1926 226 41 Tonnerre,
2617 1920 135 51 seeing
2767 1918 31 39 it
2815 1916 124 51 impos-

1620 2001 96 41 sible
1736 2007 45 34 to
1795 2011 94 33 save
1909 1998 46 39 it.
2009 1996 89 40 The
2120 1994 104 39 Vile
2243 1993 48 39 de
2307 1988 196 43 Varsovie
2530 1998 80 26 was
2642 1996 26 26 a
2700 1985 52 34 80
2771 1991 99 40 gun,
2889 1976 73 41 the

1623 2067 208 37 Tonnerre
1848 2075 25 26 a
1894 2063 66 44 64,
1978 2059 70 39 the
2070 2055 188 54 Aquillon
2283 2067 25 25 a
2322 2057 69 40 74,
2404 2050 78 39 and
2503 2048 69 40 the
2591 2043 190 43 Calcutta
2800 2055 25 25 a
2844 2043 66 37 56.

1676 2126 59 38 On
1750 2124 70 39 the
1839 2120 118 54 night
1975 2119 50 40 of
2048 2119 71 38 the
2156 2115 92 39 12th
2283 2113 175 39 another
2490 2111 175 48 attempt
2694 2117 81 26 was
2796 2101 113 40 made
2921 2105 46 35 to

1628 2187 71 39 fire
1726 2185 71 40 the
1812 2183 112 53 *ships
1956 2194 52 26 on
2047 2180 137 45 shore,
2211 2179 74 38 but
2316 2174 109 39 from
2460 2173 71 39 the
2568 2167 256 41 shallowness
2839 2161 46 40 of
2896 2161 73 39 the

1630 2256 125 35 water
1787 2250 32 39 it
1848 2261 83 28 was
1963 2246 164 40 deemed
2159 2256 115 27 more
2302 2239 177 54 prudent
2499 2242 44 34 to
2563 2231 189 43 abandon
2780 2228 45 40 it.
2882 2226 90 39 The

1628 2315 143 41 vessels
1786 2314 180 41 likewise
1983 2311 132 41 which
2144 2309 80 40 had
2239 2304 170 53 escaped
2431 2304 86 38 into
2536 2300 70 40 the
2626 2298 221 40 Charente,
2863 2304 110 27 were

1625 2376 208 54 separated
1856 2374 161 54 beyond
2039 2373 69 39 the
2126 2370 118 40 reach
2261 2368 48 39 of
2321 2370 161 50 present
2498 2360 157 41 attack.

1681 2440 87 39 The
1788 2440 168 39 Gazette
1974 2435 98 39 here
2091 2431 216 43 concludes
2335 2427 98 39 with
2466 2438 25 26 a
2510 2421 87 40 well
2617 2418 169 43 merited
2806 2413 170 54 compli.

1630 2507 110 34 ment
1757 2506 44 33 to
1822 2498 107 41 Lord
1950 2500 254 39 Cocriamsc,
2220 2493 93 38 who
2335 2486 196 52 certainly
2555 2497 129 27 seems
2702 2486 46 34 to
2772 2479 51 39 be
2844 2470 112 46 tread-

1631 2570 69 52 ing
1722 2567 39 41 in
1780 2565 72 43 the
1869 2567 107 53 steps
1995 2563 48 41 of
2059 2563 69 40 the
2146 2557 204 44 lamented
2380 2557 185 41 NELSON,
2588 2549 80 43 and
2682 2546 112 45 who,
2815 2543 35 40 if
2872 2543 78 39 Pro-

1633 2630 167 40 vidence
1815 2628 104 43 shall
1951 2637 191 44 preserve
2173 2622 61 40 his
2270 2619 86 46 life,
2392 2616 81 40 will
2509 2611 211 44 doubtless
2739 2606 143 44 obtain
2906 2602 74 40 the

1633 2709 109 26 same
1756 2695 209 47 eminence
1983 2692 50 40 of
2044 2689 122 56 glory
2187 2686 77 43 and
2285 2682 252 54 reputation.
2594 2682 39 37 It
2650 2678 33 40 is
2713 2674 107 53 truly
2838 2681 120 31 conso-

1637 2759 133 50 latory
1786 2761 46 34 to
1850 2754 70 40 the
1937 2752 170 51 feelings
2122 2748 50 43 of
2187 2748 67 39 the
2268 2750 191 47 country,
2479 2741 91 40 that
2596 2740 43 39 in
2657 2737 119 41 times
2804 2732 56 41 Of
2882 2728 99 41 such

1618 2818 117 53 :peril
1767 2817 77 40 and
1864 2813 197 52 difficulty
2094 2813 158 39 heaven
2284 2819 130 28 seems
2446 2809 46 35 to
2528 2803 107 39 have
2670 2799 124 53 given
2825 2806 47 27 us
2889 2800 99 39 men,

1638 2878 130 40 suited
1787 2884 45 33 to
1846 2878 69 39 the
1933 2874 204 43 occasion.
2179 2871 132 39 There
2330 2869 32 37 is
2381 2880 54 25 no
2457 2865 191 52 languor,
2665 2872 56 27 no
2739 2852 252 46 reluctance;

1642 2955 51 24 no
1709 2940 158 52 despair
1889 2937 48 39 of
1950 2937 69 39 the
2033 2934 139 56 public
2192 2943 133 32 cause,
2346 2929 131 38 either
2492 2926 38 39 in
2551 2935 78 28 our
2648 2923 113 39 fleets
2787 2930 46 27 or
2851 2916 40 39 in
2909 2915 78 39 out

1643 2999 144 43 armies
1802 3018 11 28 ;
1845 3014 77 26 our
1937 2998 167 40 soldiers
2122 2995 78 40 and
2220 2991 143 41 sailors
2381 3002 57 39 go
2459 2987 110 40 forth
2600 2985 43 38 in
2669 2982 71 41 the
2764 2978 73 43 full
2855 2983 112 32 assur-

1644 3078 102 28 ance
1775 3064 48 40 of
1856 3063 177 51 victory,
2067 3059 78 39 and
2179 3057 80 39 this
2287 3050 194 52 laudable
2510 3058 229 32 assurance,
2771 3041 80 41 this
2868 3035 123 43 noble

1644 3126 250 45 confidence,
1909 3122 163 41 enables
2083 3120 113 39 them
2218 3123 43 34 to
2280 3112 250 53 accomplish
2557 3109 106 41 their
2692 3100 298 58 expectations.

1648 3191 116 50 Long
1783 3200 94 39 may
1898 3185 80 39 this
1996 3183 117 53 spirit
2128 3181 213 40 continue,
2355 3175 69 41 for
2439 3189 44 26 so
2505 3172 96 52 long
2622 3169 83 40 will
2724 3174 76 34 otir
2816 3168 174 50 country

1649 3257 71 32 not
1734 3249 93 53 only
1848 3250 51 38 be
1919 3247 99 45 safe,
2037 3247 76 38 but
2133 3242 198 54 glorious.

1702 3313 86 38 The
1805 3308 123 41 result
1948 3307 48 40 of
2010 3308 81 39 this
2109 3304 184 54 glorious
2324 3299 119 41 affair
2476 3294 209 43 therefore
2720 3291 46 46 is,
2798 3285 91 45 that
2922 3285 72 41 the

1655 3377 112 37 lii-est
1799 3372 93 39 fleet
1911 3370 72 39 has
2016 3364 260 56 disappeared
2301 3363 110 38 from
2445 3360 67 40 the
2535 3358 159 39 surface
2720 3353 50 39 of
2781 3352 77 41 the.
2878 3361 84 27 seas
2981 3364 13 28 ;

1654 3436 93 38 fir::
1765 3433 72 39 sail
1857 3433 106 38 have
1983 3432 98 43 been
2102 3425 233 54 destroyed,
2356 3424 115 40 three
2505 3420 139 40 driven
2678 3431 53 26 on
2752 3416 132 44 shore,
2916 3409 81 41 and

1652 3498 70 39 the
1737 3494 263 44 commander
2022 3491 48 40 of
2085 3491 71 39 the
2177 3491 94 39 fleet
2289 3484 229 53 compelled
2536 3488 44 34 to
2602 3493 74 27 run
2698 3480 86 38 into
2811 3474 70 39 the
2895 3472 79 39 Cha-

1656 3565 126 39 rente,
1805 3557 126 40 which
1952 3556 32 38 is
2000 3552 195 53 certainly
2216 3556 73 34 not
2317 3549 135 40 either
2478 3559 25 26 a
2520 3543 85 40 safe
2626 3555 48 27 or
2707 3543 38 35 a'
2758 3531 242 46 favourable

1655 3622 165 45 station,
1841 3633 46 25 or
1905 3614 14 43 .
1919 3614 31 43 it
1970 3615 131 41 would
2121 3615 105 39 have
2257 3614 100 39 been
2387 3609 131 40 taken
2548 3604 158 43 before.
2763 3598 87 41 The
2870 3594 136 53 wit&

1657 3684 50 40 of
1717 3697 77 26 our
1813 3680 79 41 losi
1910 3680 165 40 consists
2092 3677 50 47 of
2156 3683 81 38 two
2251 3674 159 40 officers
2430 3670 77 40 and
2522 3667 113 54 eight
2656 3676 96 30 men
2763 3658 142 46 kilted,
2924 3654 79 41 and

1657 3746 151 39 sixteen
1830 3744 159 38 officers
2006 3739 76 39 and
2105 3745 81 33 two
2205 3749 91 27 men
2317 3732 220 41 wounded.

1710 3808 89 39 The
1828 3807 194 38 accounts
2049 3815 106 39 were
2189 3798 185 52 brought
2406 3801 45 34 to
2487 3793 71 41 the
2589 3785 233 52 Admiralty
2857 3783 52 53 by
2944 3781 63 40 Sir

1663 3870 158 39 HENRY
1857 3870 47 38 B.
1939 3861 165 50 NzaLE,
2134 3863 70 40 the
2236 3863 86 38 first
2349 3857 174 53 Captain
2559 3854 50 40 of
2639 3850 106 41 Lord
2779 3850 227 38 GA.151111E12.

1662 3931 87 40 The
1780 3927 255 53 intelligence
2065 3939 93 26 was.
2171 3920 279 52 immediately
2485 3909 334 47 communicated
2862 3914 43 34 to
2936 3906 74 40 the

1663 3994 117 39 Loan
1806 3993 70 38 MA
1885 4005 102 32 von,
2020 3984 76 44 and
2117 3986 180 53 through
2319 3984 85 39 him
2439 3986 44 34 to
2503 3980 70 40 the
2589 3974 162 43 Public.
2810 3974 2 65 •

1715 4054 87 39 The
1818 4052 113 39 Park
1954 4052 78 38 and
2052 4052 148 38 Tower
2219 4059 104 41 guns
2343 4056 104 28 were
2464 4039 102 44 fired
2581 4045 41 33 at
2639 4037 81 41 five
2739 4030 176 47 o'clock,
2931 4026 81 44 and

1664 4121 40 34 at
1722 4113 213 54 night-fall
1954 4111 67 40 the
2040 4110 146 41 Public
2205 4108 226 53 Buildings,
2452 4104 70 39 the
2543 4103 131 40 Horse
2688 4095 175 44 Guards,
2882 4093 104 39 Trea-

1663 4189 112 38 sury,
1811 4174 172 53 Foreign
2016 4172 125 41 Office
2163 4172 40 39 in
2239 4159 372 61 Downing-street;
2636 4161 206 40 Somerset
2858 4155 154 43 Douse,

1663 4238 80 41 and
1759 4235 54 43 all
1833 4235 69 43 the
1922 4235 117 41 other
2049 4232 146 45 Public
2210 4232 161 47 Offices,
2387 4240 104 31 were
2503 4221 223 56 brilliantly
2739 4212 275 50 *llluminata.
