3449 4417
287 94 256 63 MARCH
566 94 76 46 19.

343 226 156 35 General
630 231 103 22 Gust;
743 230 24 24 71
813 222 94 39 said,
943 222 91 32 with
1072 220 150 41 feelings
1264 219 44 33 of
1336 215 182 44 gratitude
1561 217 38 28 to-

298 276 120 34 wards
439 274 53 32 his
510 269 123 45 Royal
658 269 177 41 Highness
862 267 54 34 for
948 270 64 32 the
1041 278 106 22 many
1166 266 125 33 marks
1316 263 44 33 of
1382 261 165 47 personal
1565 259 38 34 fa-

293 332 94 24 vour
409 321 45 33 he
470 317 246 45 eaperieuced
739 313 43 34 of
800 315 89 38 him,
909 315 27 32 it.
964 324 76 25 was
1055 315 76 32 ant
1131 304 20 43 .
1152 304 149 43 without
1315 311 61 33 the
1394 314 89 30 most
1498 307 102 33 heart-

298 371 71 34 felt
389 373 119 38 regret
529 366 45 32 he
594 374 74 22 was
681 363 150 44 obliged
852 367 35 27 to
905 361 83 44 ;Ice
1016 372 24 22 a
1057 367 85 27 -,nste
1156 358 40 35 of
1218 367 146 26 censure
1380 366 46 22 on
1444 359 78 30 that
1535 363 64 25 con-

300 418 102 37 duct,
420 420 37 27 to
477 412 139 38 which,
631 410 214 38 otherwise,
866 407 43 33 he
925 409 107 33 could
1054 407 90 33 bear
1161 407 120 43 ample
1297 404 191 34 testimony
1508 400 43 33 of
1565 400 60 32 the

302 474 91 25 most
415 468 239 45 merttornaus
667 469 32 22 sc
709 468 12 22 t
730 457 79 33 vice
824 462 35 28 to
881 455 61 34 the
963 465 103 24 army
1084 455 67 34 and
1167 454 61 32 the
1252 456 169 30 country.
1478 449 86 33 But.
1581 455 45 24 on

304 517 139 38 aqtlest
454 519 58 22 ion
531 506 78 33 Itke
630 506 86 39 this,
733 511 113 34 every
865 502 137 41 feeling
1019 501 44 32 of
1080 502 143 43 private
1241 497 266 34 consideration
1535 498 45 27 mu
1580 498 46 27 st

305 559 103 45 yield
432 565 37 25 to
490 555 128 43 public
637 555 106 41 duty,
769 552 70 32 and
863 549 44 33 he
922 549 133 33 should
1081 548 170 33 conceive
1271 544 149 33 himself
1435 540 193 37 unworthy

307 606 43 34 of
379 617 22 21 a
431 607 79 30 seat
543 612 34 21 in
604 601 81 32 that
713 600 125 39 house,
872 596 32 33 if
927 596 45 33 he
998 606 74 24 was
1108 592 200 37 influenced
1342 592 47 31 by
1423 601 69 32 any
1525 588 105 32 other

309 653 138 34 motive
476 650 89 32 than
593 659 24 21 a
643 645 150 35 faithful
828 644 191 43 discharge
1051 643 43 33 of
1117 643 56 33 his
1199 641 104 41 duty.
1358 635 107 37 After
1493 647 24 21 a
1543 643 87 25 most

306 699 143 35 careful
487 697 143 44 ierusal
663 693 41 33 of
729 693 53 32 all
815 691 63 34 the
906 691 194 43 testimony
1139 689 41 32 of
1209 687 63 32 the
1292 686 197 39 witnesses,
1517 681 70 34 and
1612 691 21 24 a

311 750 100 32 close
428 743 252 37 examination
699 737 44 35 of
758 741 60 32 the
839 739 146 33 various
1002 737 208 34 documents
1225 744 45 22 on
1289 738 61 27 the
1368 732 116 39 table,
1504 730 60 34 the
1581 738 37 22 re-

311 796 74 33 6111t
410 793 43 33 of
467 793 81 32 that
574 785 270 38 consideration
865 788 59 32 has
941 785 106 38 been,
1067 784 79 33 that
1163 782 45 33 he
1228 791 73 21 was
1332 780 41 32 of
1388 777 149 46 opinion
1556 776 80 32 that

315 843 57 33 his
402 839 124 45 Royal
557 833 213 47 Highness's
785 834 154 33 conduct
967 831 69 33 had
1062 829 92 35 been
1170 827 203 43 extremely
1400 824 241 43 culpable.—

317 891 135 41 Heavy
467 883 94 46 guilt
579 883 116 33 rested
717 889 98 35 upon
834 879 89 40 him,
937 879 71 34 and
1026 878 91 34 until
1131 878 77 32 that
1224 875 91 41 guilt
1335 883 77 22 was
1428 870 211 45 disproved.

318 937 45 33 he
381 935 106 33 could
510 938 61 28 not
599 941 63 32 say
681 931 80 31 that
783 927 61 32 the
865 926 242 35 Commander
1136 924 34 33 in
1195 921 112 35 Chief
1329 920 106 34 could
1455 918 81 34 hold
1561 917 78 33 that

321 984 178 34 situation
519 990 71 33 any
609 979 126 41 longer
756 974 90 33 with
866 973 158 37 comfort
1054 978 37 27 to
1122 969 158 40 himself,
1299 979 41 22 or
1357 966 229 35 satisfaction
1607 970 34 28 to

322 1033 66 32 the
410 1029 142 45 public.

369 1080 81 32 The
471 1077 305 32 CHANCELLOR
813 1067 43 34 of
880 1069 60 35 the
976 1067 280 39 Exerttountt
1287 1062 83 34 then
1391 1071 79 22 rose
1504 1059 58 33 for
1580 1059 63 33 the

322 1135 162 37 pnrpose
513 1122 44 34 of
587 1121 145 41 moving
772 1116 54 34 his
863 1116 197 35 resolutinn
1093 1111 210 45 expressive
1336 1108 43 34 of
1398 1108 63 34 the
1493 1106 152 46 opinion

322 1173 47 34 of
391 1174 63 32 the
480 1170 98 44 guilt
604 1178 43 24 or
674 1167 195 32 innocence
899 1163 43 33 of
965 1163 63 32 the
1065 1160 109 35 Duke
1208 1157 40 33 of
1274 1156 129 35 York.
1462 1154 80 35 The
1569 1153 58 33 evi-

326 1222 112 32 dence
455 1217 164 35 atforded
635 1225 44 24 no
697 1212 138 46 ground
854 1211 187 35 whatever
1058 1208 58 33 for
1133 1205 168 41 thinking
1316 1204 56 32 his
1389 1202 118 43 Royal
1528 1200 94 40 High-

327 1279 77 22 ness
418 1266 119 44 guilty
557 1263 41 34 of
622 1259 217 45 corruption
869 1260 35 33 in
934 1260 60 31 the
1013 1253 195 37 execution
1224 1251 43 34 of
1281 1251 53 33 his
1354 1250 89 45 duty
1457 1261 9 26 ;
1494 1258 65 24 nor
1578 1246 71 34 had

328 1317 105 32 there
464 1315 91 32 been
592 1320 72 33 any
698 1305 138 47 ground
870 1305 104 34 made
1009 1309 64 28 out
1113 1302 58 32 for
1204 1297 222 44 attributing
1454 1302 37 27 to
1524 1294 73 33 him
1629 1304 24 22 a

330 1363 222 35 connivance
585 1362 40 30 at
658 1354 231 45 corruption.
943 1352 59 33 He
1029 1346 178 45 certainly
1231 1355 76 25 was
1330 1351 63 27 not
1420 1341 180 47 prepared
1619 1341 33 32 in

330 1409 158 43 framing
524 1407 54 32 his
612 1402 220 35 resolutions
859 1409 38 25 to
927 1404 93 27 meet
1048 1396 61 34 the
1136 1393 203 46 particular
1367 1391 113 34 views
1505 1388 44 33 of
1563 1385 90 35 each

333 1457 219 33 Gentleman
581 1450 244 45 respectively
850 1460 44 21 on
928 1446 73 34 this
1033 1443 180 46 question.
1265 1439 133 35 Indeed
1430 1439 41 32 he
1504 1434 63 34 did
1594 1439 61 30 not

330 1505 176 32 conceive
528 1504 27 31 it
575 1500 194 33 consistent
790 1496 89 33 with
899 1495 100 33 what
1018 1502 74 24 was
1111 1491 70 32 due
1200 1495 35 26 to
1256 1486 61 34 the
1341 1485 107 34 Duke
1467 1482 43 34 of
1530 1480 126 40 York,

334 1552 70 34 and
435 1552 64 32 the
516 1550 87 41 duty
634 1548 41 31 lie
707 1543 163 45 imposed
905 1551 98 35 upon
1030 1535 161 40 himwlf,
1215 1540 39 28 to
1286 1533 115 34 couch
1420 1543 24 24 a
1461 1530 197 34 resolution

335 1599 125 34 which
484 1607 73 22 was
578 1604 35 24 to
632 1592 129 34 decide
785 1600 99 35 upon
904 1590 54 34 his
976 1589 73 43 guil
1056 1593 14 27 t
1085 1594 44 24 or
1147 1584 208 37 innocence,
1382 1578 43 35 of
1436 1578 60 34 the
1513 1577 148 41 charges

334 1645 210 35 attributed
559 1649 38 27 to
619 1643 71 32 him
710 1641 35 32 in
763 1641 145 40 general
928 1646 40 22 or
1003 1641 117 37 vague
1152 1636 106 28 terms
1276 1641 12 27 ;
1317 1628 54 33 his
1389 1625 120 45 object
1533 1633 74 25 was
1628 1630 33 25 to

340 1696 106 40 bring
475 1693 63 33 the
557 1691 111 33 house
684 1688 39 33 tti
748 1697 25 21 a
800 1685 161 33 decisive
981 1680 209 37 conclusion
1225 1682 98 39 Upon
1356 1674 73 33 this
1463 1672 202 43 important

340 1740 136 37 branch
496 1739 45 34 of
556 1739 59 32 the
630 1740 100 41 quest
738 1736 76 39 ion,
823 1733 67 34 and
905 1731 105 33 leave
1028 1726 86 38 such
1128 1724 104 33 other
1246 1721 201 41 remaining
1463 1719 155 41 grounds
1628 1716 41 33 of

340 1788 206 44 complaint
556 1795 39 24 as
608 1783 211 33 Gentlemen
834 1779 115 44 might
966 1776 106 33 think
1089 1781 139 37 proper
1244 1776 38 27 to
1297 1767 137 43 ground
1452 1778 22 22 a
1494 1765 146 44 proceed-

343 1837 61 43 lug
422 1844 97 37 upon
534 1833 57 33 for
607 1840 98 24 seine
718 1830 107 32 other
839 1834 125 27 course
978 1822 43 34 of
1030 1821 177 47 deck,lon.
1230 1817 105 33 With
1356 1820 139 37 respect
1513 1819 35 25 to
1569 1811 81 32 inno-

343 1889 83 28 cent
438 1881 237 35 connivance,
698 1876 120 34 which
839 1886 21 21 a
875 1873 100 43 right
994 1870 85 33 hon.
1100 1866 214 35 OPntleman
1342 1861 94 44 (Mr.
1455 1860 39 33 W
1502 1856 167 41 indham)

343 1928 207 37 attributed
567 1932 39 27 to
625 1926 60 32 the
707 1924 110 35 Duke
837 1923 33 32 in
891 1920 59 37 the
979 1925 128 26 course
1131 1913 43 33 of
1199 1913 63 32 the
1284 1911 133 33 debate
1434 1918 45 22 on
1495 1917 22 24 a
1535 1906 137 32 former

345 1978 122 43 night,
483 1975 163 43 namely,
674 1971 81 33 that
775 1969 87 34 kind
878 1967 46 34 of
947 1964 239 34 connivance,
1213 1970 46 22 on
1278 1958 56 33 his
1351 1959 100 39 part,
1472 1952 120 33 which
1611 1951 59 32 did

346 2031 65 27 not
444 2022 198 33 constitute
670 2019 84 32 that
780 2019 131 40 degree
938 2011 44 34 of
997 2007 219 41 knowledge
1234 2006 41 33 of
1291 2006 190 41 improper
1496 1998 117 34 traffic
1641 1998 32 33 in

350 2070 174 43 Military
548 2065 231 38 Promotions
801 2062 118 35 which
937 2057 106 35 could
1063 2057 45 32 be
1120 2053 117 35 called
1253 2050 168 35 criminal
1440 2047 231 37 connivance.

352 2119 63 34 lie
433 2106 125 43 would
573 2121 81 26 now
676 2112 84 44 only
780 2122 60 31 say
861 2120 22 22 a
901 2108 70 33 few
994 2104 122 34 words
1136 2101 90 33 with
1244 2104 145 39 respect
1403 2104 38 25 to
1453 2096 61 32 the
1533 2099 141 38 present

352 2166 105 33 mode
475 2165 44 31 of
544 2160 220 46 proceeding
780 2161 47 40 by
852 2154 210 34 Resolution
1074 2150 69 33 and
1160 2148 171 33 Address.
1385 2144 59 33 Ile
1462 2143 70 33 had
1550 2139 128 33 before

348 2212 136 38 stated,
502 2210 70 33 and
593 2207 44 33 he
657 2206 124 34 would
796 2205 107 43 again
922 2207 126 37 repeat
1071 2199 44 37 it,
1133 2197 79 32 that
1230 2194 57 33 his
1307 2190 183 47 principal
1508 2187 120 43 object
1645 2186 33 32 in

354 2259 223 46 proceeding
606 2257 50 41 by
693 2254 231 35 Restitution,
956 2257 72 22 was
1054 2245 33 33 in
1106 2244 109 32 order
1231 2249 38 25 to
1286 2238 200 34 determine
1514 2233 165 33 whether

356 2309 102 37 there
480 2315 76 22 was
572 2301 137 44 ground
729 2301 57 32 for
801 2296 220 48 proceeding
1030 2300 38 26 to
1085 2291 99 33 trial.
1243 2287 40 35 if
1297 2287 61 33 the
1380 2285 111 34 Duke
1509 2282 44 34 of
1566 2280 113 35 York

356 2353 133 35 should
509 2353 45 32 he
585 2349 110 34 Anoka
720 2349 118 41 guilty
857 2346 40 32 of
911 2340 234 44 corruption,
1165 2347 44 24 or
1235 2335 43 34 of
1300 2342 111 35 grave
1439 2329 184 45 suspicion
1642 2327 43 31 of

354 2400 219 45 corruption
600 2408 41 21 or
661 2396 235 34 connivance,
925 2392 85 32 then
1025 2394 100 37 upon
1141 2396 24 21 a
1185 2380 214 37 Resolution
1423 2385 40 27 to
1479 2378 83 32 that
1576 2374 106 34 effect

357 2450 110 38 being
482 2445 148 37 entered
646 2454 98 33 upon
764 2443 60 33 the
843 2437 172 38 Journals
1041 2444 39 24 as
1097 2443 21 22 a
1136 2432 145 33 distinct
1299 2427 170 44 opinion,
1496 2424 59 33 the
1574 2422 107 33 house

357 2497 120 44 might
491 2492 146 35 address
652 2493 53 31 his
726 2487 151 46 Majest)
902 2486 58 33 for
976 2494 24 22 a
1019 2479 177 35 dismissal
1215 2476 41 34 of
1269 2477 64 32 the
1354 2473 125 35 Duke,
1504 2480 44 24 or
1564 2469 60 33 for
1639 2476 46 25 an

361 2542 272 46 impeachment
654 2537 126 34 before
816 2535 53 33 his
891 2533 123 33 .Peers.
1063 2528 91 33 This
1183 2525 92 33 then.
1298 2523 45 33 he
1359 2518 195 35 conceived
1573 2520 39 28 to
1642 2515 44 32 he

360 2591 66 34 the
444 2596 91 27 most
552 2588 146 44 regular
710 2593 128 25 course
854 2582 81 32 that
961 2575 110 37 could
1089 2576 94 31 have
1196 2572 91 32 been
1316 2567 171 47 pursued,
1512 2569 39 28 to
1577 2559 109 35 avoid

359 2639 54 33 all
441 2639 61 32 the
534 2633 281 35 inconvenience
844 2627 41 34 of
917 2624 156 35 Address
1110 2622 34 32 in
1170 2619 61 33 the
1261 2617 78 33 first
1372 2616 170 31 instanced
1607 2608 79 33 The

363 2683 100 44 right
483 2683 87 33 hon.
593 2680 216 35 Gentleman
828 2670 198 39 concluded
1051 2670 50 43 by
1126 2665 145 44 moving
1291 2665 61 32 the
1370 2659 194 37 following
1577 2656 90 33 Reso-

591 2730 97 33 That
707 2727 28 33 it
755 2730 30 30 is
796 2726 61 31 the
870 2720 152 46 opinion
1041 2717 41 32 of
1093 2717 60 33 the
1173 2715 125 38 house,
1315 2709 102 33 after
1429 2708 61 33 the
1501 2704 120 33 fullest
1637 2704 34 31 in-

364 2779 227 45 vestigation
608 2777 41 32 of
659 2776 48 32 all
730 2773 61 33 the
819 2771 175 33 evidence
1024 2764 78 34 laid
1131 2759 128 35 before
1294 2757 97 34 them
1413 2757 50 43 by
1491 2754 63 31 the
1580 2751 81 34 Com-

365 2829 129 34 mittee
513 2825 45 34 of
570 2825 60 33 the
652 2822 123 33 whole
798 2819 128 35 house,
950 2809 207 50 appointed
1170 2815 39 27 to
1225 2804 219 41 investigate
1459 2802 61 33 the
1537 2797 154 35 conduct

371 2876 45 33 of
430 2875 63 33 the
522 2872 112 34 Duke
650 2868 45 37 of
713 2867 129 39 York,
870 2865 78 32 that
961 2862 64 34 the
1041 2857 78 35 said
1141 2855 174 34 evidence
1328 2849 133 37 affords
1482 2855 44 25 no
1540 2843 152 45 grounds

378 2926 60 31 for
451 2921 180 41 charging
651 2919 53 32 his
726 2914 122 44 Royal
872 2910 194 44 llighness,
1091 2906 35 33 in
1139 2906 63 32 the
1217 2900 196 37 execution
1431 2896 40 33 of
1483 2895 58 32 tis
1558 2889 132 37 official

367 2970 133 39 duties,
533 2967 90 34 with
640 2967 60 32 the
724 2960 167 47 personal
914 2954 220 45 corruption
1157 2948 141 44 alleged
1317 2944 141 45 against
1483 2942 89 38 him,
1602 2947 43 25 or
1657 2935 44 35 of

372 3030 70 32 any
463 3017 223 33 connivance
710 3011 44 32 of
769 3012 59 31 the
846 3006 178 45 practices
1033 2999 144 37 therein

422 3066 76 33 Mr.
523 3064 227 32 1.1'11'1.17,T0
763 3066 19 24 N
807 3053 155 45 thought
993 3050 81 34 that
1095 3046 61 34 the
1178 3043 143 34 Motion
1339 3040 41 33 of
1395 3040 60 32 the
1478 3031 221 39 Chancellor

373 3113 44 34 of
432 3115 60 32 the
521 3110 223 43 Exchequer
767 3115 74 22 was
857 3098 157 35 founded
1041 3106 46 21 on
1104 3104 44 24 an
1167 3090 203 44 imaginary
1393 3085 113 43 right,
1531 3081 69 33 and
1620 3079 78 33 that

374 3162 46 32 he
441 3161 116 43 ought
585 3164 64 26 not
666 3164 38 24 to
722 3149 149 37 enforce
891 3149 39 33 it.
986 3144 99 34 That
1119 3148 37 25 to
1172 3135 130 38 decide
1320 3133 167 33 whether
1505 3131 64 31 the
1590 3126 110 34 Duke

376 3219 78 24 was
482 3207 122 43 guilty
635 3213 44 24 or
713 3207 80 32 not,
826 3206 92 25 were
943 3201 37 26 to
1013 3196 181 30 sentence,
1220 3182 138 37 instead
1388 3180 44 34 of
1456 3177 137 41 merely
1620 3182 63 37 pre-

378 3257 132 44 paring
531 3256 59 28 the
612 3261 83 32 way
716 3249 59 33 fur
793 3249 41 30 it.
867 3246 79 41 Any
969 3250 79 24 man
1069 3237 84 32 who
1172 3231 90 37 took
1279 3240 46 25 an
1341 3226 189 45 impartial
1551 3223 91 32 view
1667 3219 41 33 of

376 3312 64 24 tie
457 3301 175 34 evidence
653 3296 124 33 which
797 3293 69 33 had
883 3295 87 28 been
991 3282 170 39 unfolded
1173 3281 131 40 during
1316 3278 58 32 the
1385 3274 164 43 frequent
1564 3280 18 24 e
1616 3278 53 21 afn

1678 3278 14 19 t-

378 3358 58 31 nat
446 3350 77 33 ions
541 3347 81 33 that
648 3344 71 33 had
735 3343 110 33 taken
1156 3327 107 34 think
1281 3325 63 33 the
1362 3324 148 39 charges
1530 3318 66 31 had
1617 3317 89 30 taco

379 3398 96 33 fully
504 3391 282 38 substantiated.
839 3389 100 40 Toe).
965 3391 97 25 were
1093 3383 59 30 not
1169 3372 138 48 proved
1326 3372 47 41 by
1395 3370 60 33 the
1470 3369 99 33 forre
1594 3363 40 31 pr
1646 3372 30 21 w-

379 3451 182 37 pm:cots,
583 3443 60 37 the
663 3437 174 38 thunders
855 3433 41 33 of
908 3432 202 43 eloquence
1126 3425 123 35 alone,
1267 3420 64 33 but
1351 3419 45 40 by
1417 3426 24 22 a
1466 3415 83 32 milli

1560 3410 15 44 i
1576 3410 15 44 t
1591 3410 115 44 tlieits

380 3495 44 32 of
438 3487 265 39 corroborated
742 3482 142 47 proofs.
935 3480 176 35 Amongst
1146 3471 61 33 the
1234 3469 111 33 latter
1374 3472 74 25 was
1480 3463 76 32 that
1590 3469 22 20 o
1628 3456 80 33 loch

381 3539 143 37 ranked
547 3542 87 28 next
652 3543 37 22 to
713 3533 61 32 the
802 3527 201 37 confession
1022 3523 43 33 of
1080 3521 60 33 the
1165 3514 168 40 accused,
1361 3511 57 33 his
1431 3506 280 40 hautl-wrtiog.

383 3589 84 33 The
485 3583 229 34 honourable
737 3578 167 34 Member
922 3574 85 33 then
1024 3566 150 37 alluded
1204 3570 38 26 to
1260 3563 60 31 the
1354 3557 222 45 regulations
1594 3552 43 32 of
1652 3557 59 25 toe

385 3646 93 27 Year
501 3632 106 39 16SO,
638 3630 105 32 when
761 3628 26 31 it
810 3635 73 22 was
900 3617 157 38 ordered
1076 3615 81 33 that
1185 3621 45 24 no
1251 3607 168 35 Member
1435 3604 43 32 of
1500 3602 61 33 the
1593 3599 118 33 House

384 3684 45 34 of
445 3684 195 31 Commons
659 3674 133 35 should
809 3677 132 38 accept
961 3676 70 32 any
1052 3663 119 43 otlice,
1199 3667 41 24 or
1257 3665 91 24 even
1367 3652 63 38 the
1447 3647 161 47 promise
1625 3643 41 34 of
1693 3652 22 24 a

389 3730 125 56 place,
544 3737 26 22 v.
585 3726 123 33 ithant
728 3720 169 40 vacating
918 3715 53 34 his
991 3719 91 26 seat.
1136 3707 60 33 He
1208 3702 182 41 certainly
1409 3697 118 35 would
1550 3697 45 31 be
1613 3700 100 44 sorry

389 3787 99 25 were
508 3782 64 27 not
592 3772 187 34 Ministers
793 3762 163 40 allowed
971 3765 37 28 to
1028 3759 98 40 keep
1144 3754 98 34 their
1257 3758 96 26 seats
1381 3746 35 33 in
1444 3746 59 32 the
1532 3744 124 35 goose,

1683 3737 35 32 in

387 3826 111 33 order
519 3829 37 27 to
574 3822 45 31 be
635 3820 86 32 able
755 3823 38 25 ta
811 3811 157 46 explain
996 3808 63 32 the
1085 3804 152 32 motives
1271 3796 43 33 of
1342 3795 99 33 their
1457 3790 168 34 conduct,
1651 3784 66 34 and

389 3880 146 26 answer
553 3868 63 33 for
643 3867 45 32 its
715 3868 106 37 con.e
821 3868 43 37 qu
863 3868 129 37 euces.
1050 3853 69 33 tut
1155 3849 45 33 he
1227 3842 110 35 could
1367 3846 63 30 not
1461 3835 19 37 r
1480 3835 120 37 efrain
1626 3831 92 34 from

386 3918 178 43 thinking
582 3915 83 32 that
679 3909 152 45 imparti
895 3913 8 26 t
913 3917 15 26 y
953 3901 120 34 would
1093 3900 46 31 be
1153 3904 100 25 more
1271 3889 122 44 likely
1414 3893 38 27 to
1472 3886 50 33 tix
1539 3891 45 25 tic
1603 3876 120 38 abode

393 3969 35 33 in
450 3966 104 32 Saint
585 3956 196 50 Stephen's
800 3953 163 45 Chapel,
993 3956 96 28 wire
1113 3952 91 26 none
1230 3943 65 32 but
1329 3935 169 50 placeless
1498 3935 19 50 .
1541 3930 184 34 Members

392 4015 123 33 there.
573 4011 58 32 lie
651 4006 70 34 had
742 4012 38 26 to
800 4002 115 34 thank
927 4009 46 24 an
994 3999 41 30 ho
1036 3999 41 30 n.
1104 3991 161 34 member
1285 3983 96 44 (11r.
1403 3976 185 43 Canning)
1607 3976 119 32 whom

394 4061 47 34 he
459 4059 66 33 did
544 4065 60 27 not
626 4055 174 45 perceive
826 4051 35 32 in
881 4051 59 30 the
961 4046 124 34 hous?,
1115 4039 57 32 for
1204 4046 22 21 a
1256 4032 165 34 delicate
1450 4026 159 33 allusion
1630 4028 37 26 to
1684 4029 44 25 an

391 4108 181 34 anecdote
591 4102 156 40 relating
764 4106 37 26 to
821 4098 54 32 his
891 4098 103 40 great
1009 4084 253 50 gsandfather.
1313 4078 61 33 He
1390 4080 170 31 however
1577 4069 155 35 thought

404 4155 33 40 It
456 4153 122 37 unfair
596 4146 38 41 in
652 4150 81 39 that
745 4144 216 39 Gentlemau
990 4144 41 31 to
1061 4141 103 39 wage
1186 4135 83 31 war
1285 4126 93 38 With
1397 4128 188 38 weapons,
1615 4113 119 39 which

2893 43 83 46 lBi

1683 214 96 24 were
1796 203 177 41 certainly
1993 197 169 44 unequal,
2187 196 97 33 since
2302 193 46 33 he
2366 190 67 32 had
2466 185 136 34 looked
2622 193 87 22 over
2743 180 63 32 the
2833 187 106 35 Line-
2957 176 44 33 of

1682 250 156 44 history,
1861 249 70 34 and
1948 248 78 33 also
2044 241 194 41 tradition,
2265 242 33 31 in
2328 240 94 37 vain,
2451 234 60 32 for
2541 242 45 22 an
2619 231 151 31 account
2791 226 43 32 of
2864 227 51 30 his
2933 233 43 24 an-

1682 304 146 34 cestors,
1865 296 69 33 and
1967 294 98 34 their
2094 291 118 32 deeds.
2280 286 78 33 The
2392 294 41 21 co
2438 293 19 21 u
2463 289 81 27 ntry
2588 278 93 40 hung
2715 272 90 34 with
2895 282 17 21 x

1684 346 170 41 swfience
1883 353 45 22 on
1957 341 61 33 the
2052 339 90 32 issue
2181 335 41 33 of
2254 333 72 33 this
2357 332 197 41 important
2591 324 175 32 business.
2833 319 79 33 The
2949 319 35 30 in-

1685 396 109 28 terest
1813 389 119 34 which
1967 389 28 32 it
2023 385 67 33 had
2117 381 165 39 excited,
2309 376 182 46 pervaded
2520 381 112 32 every
2663 370 118 34 chess;
2810 365 27 33 it
2862 363 144 34 formed

1689 439 59 31 the
1765 437 117 33 theme
1899 435 41 33 of
1959 443 111 33 every
2092 428 268 38 conversation.
2411 416 70 39 And
2480 416 24 39 /
2504 416 142 39 should
2678 426 39 20 so
2748 422 107 25 many
2877 407 131 47 proofs

1693 484 90 33 have
1801 485 87 31 been
1905 480 178 46 exposed,
2108 489 39 22 so
2181 485 106 32 many
2321 468 269 38 examinations
2626 463 92 32 hav‘.•
2737 459 111 34 taken
2880 458 124 43 place,

1691 531 66 33 unit
1783 542 37 21 so
1839 540 102 32 many
1962 529 146 31 debates
2124 522 118 35 called
2261 520 97 34 forth
2378 519 58 31 the
2465 515 200 40 eloquence
2700 508 43 33 of
2776 506 230 33 Parliament

1693 578 56 32 for
1766 587 45 22 to
1828 578 105 32 other
1948 582 159 37 purpose
2122 572 64 32 but
2206 575 37 27 to
2274 569 155 41 produce
2457 572 21 21 a
2502 556 180 35 shameful
2704 560 84 27 vote
2813 552 41 32 of
2884 552 122 32 entire

1693 624 203 45 acquittal;
1925 622 83 33 how
2036 621 70 31 low
2143 615 122 35 would
2293 615 45 31 he
2362 611 60 33 the
2452 605 239 35 humiliation
2708 601 43 32 of
2779 599 63 33 the
2868 596 112 34 house
2999 596 11 33 !

1697 672 80 32 how
1796 671 163 33 omnious
1980 665 119 37 would
2117 665 46 32 he
2198 664 45 32 its
2271 656 243 46 degradation
2548 652 33 32 in
2613 648 59 33 the
2709 646 130 45 public
2865 645 128 32 estima-

1698 718 94 34 tion!
1848 716 39 34 If
1923 716 63 32 the
2016 712 174 39 decision,
2215 707 67 33 and
2322 707 43 32 be
2396 697 261 50 apprehended
2692 693 107 34 much
2826 692 27 32 it
2887 690 130 33 would

1698 765 44 32 he
1755 775 37 22 Fo
1813 759 214 38 terminated
2047 761 32 32 in
2096 761 61 31 the
2185 752 180 46 acquittal
2396 750 41 33 of
2461 749 63 31 the
2541 742 170 38 accused,
2738 741 98 31 what
2856 737 161 43 security

1698 811 85 33 does
1801 811 100 33 there
1917 809 97 33 exist
2028 806 56 34 for
2101 815 35 24 us
2151 806 13 32 ?
2217 803 79 32 The
2317 800 94 32 lion.
2434 793 168 35 Member
2619 785 120 46 hoped
2759 787 119 32 better
2896 782 44 34 of
2953 783 64 34 the

1703 857 148 33 wisdom
1869 856 43 34 of
1924 862 9 27 t
1941 856 19 31 h
1964 866 19 22 e
2002 855 124 35 house,
2141 849 71 34 and
2229 846 174 41 sincerely
2418 839 138 35 wished
2569 839 30 32 it
2615 835 115 41 might
2750 842 129 34 prove,
2895 831 47 43 by
2955 831 61 31 the

1702 911 83 27 vote
1800 906 28 32 it
1844 902 119 34 would
1980 909 98 35 give,
2095 899 80 33 that
2194 896 26 33 it
2242 891 162 37 imitated
2418 889 61 33 the
2493 885 155 37 conduct
2665 881 44 35 of
2721 881 151 39 heaven,
2895 876 122 33 which

1706 956 26 31 is
1749 963 43 22 no
1813 956 180 39 respecter
2013 946 41 33 of
2069 953 157 35 person.

1752 999 58 33 Sir
1827 999 93 32 Too
1967 1004 45 24 As
2026 994 58 33 Tu
2095 1002 76 25 wro
2226 989 78 33 also
2331 980 180 46 regretted
2533 978 105 40 being
2656 970 206 47 compelled
2882 976 37 27 to
2937 969 86 46 give

1706 1057 22 22 a
1750 1052 81 26 vote
1848 1056 45 22 on
1920 1044 61 32 the
1998 1041 163 45 question
2192 1037 41 32 of
2259 1033 117 44 guilty
2406 1039 43 21 or
2479 1032 61 27 not
2559 1025 118 44 guilty
2696 1020 45 33 of
2757 1018 168 46 personal
2942 1028 63 21 cor-

1707 1094 162 44 ruption,
1894 1100 44 25 or
1955 1088 151 45 spotless
2124 1085 204 33 innocence.
2381 1078 57 33 No
2456 1072 222 34 alternative
2709 1076 85 25 now
2825 1063 198 35 remained.

1707 1141 120 33 Those
1847 1137 83 33 who
1949 1135 116 43 might
2083 1133 92 33 have
2193 1128 152 41 thought
2365 1126 72 32 him
2452 1119 190 46 culpable,
2661 1116 138 41 merely
2817 1113 152 32 because
2983 1110 46 33 he

1710 1187 70 33 bad
1796 1191 63 28 not
1874 1181 163 37 checked
2053 1182 61 31 the
2134 1179 107 33 hands
2268 1173 44 34 of
2326 1173 104 40 guilt.
2458 1169 159 32 without
2636 1159 273 50 participating
2928 1159 35 32 in
2983 1159 47 31 its

1708 1235 234 39 advantages,
1967 1230 69 32 and
2056 1227 81 33 who
2169 1222 119 35 would
2317 1222 89 30 have
2425 1215 109 33 voted
2552 1212 56 34 for
2626 1209 130 33 milder
2776 1204 254 47 proceedings,

1714 1290 93 25 were
1824 1289 81 25 now
1933 1276 146 43 obliged
2109 1279 38 28 to
2169 1271 145 34 declare
2349 1266 70 33 him
2446 1261 120 45 guilty
2594 1258 44 33 of
2662 1258 61 32 the
2756 1253 123 34 whole
2897 1250 44 34 of
2970 1253 63 31 the

1711 1329 165 39 charges,
1903 1335 44 22 or
1959 1323 126 44 acquit
2118 1319 73 33 him
2220 1317 43 31 of
2285 1324 106 30 every
2420 1307 211 35 accusation
2659 1302 77 34 laid
2769 1302 143 43 against
2941 1298 92 38 him,

1713 1375 142 43 against
1870 1372 97 33 their
1993 1380 80 22 own
2092 1367 222 35 convictiou,
2339 1359 65 33 and
2424 1358 97 31 their
2538 1363 81 22 own
2644 1349 56 34 coo
2700 1349 18 34 ,
2718 1349 151 34 icieuce.
2928 1346 11 32 I
2950 1349 9 28 t
2991 1344 45 33 he

1719 1431 94 24 were
1830 1417 206 47 acquitted,
2060 1416 59 32 the
2138 1411 125 35 nation
2291 1406 117 35 would
2427 1414 63 32 say
2507 1401 79 33 that
2606 1398 229 33 Parliament
2856 1393 69 33 had
2941 1391 97 34 done

1719 1468 128 41 nothing
1846 1468 18 41 -
1864 1468 19 41 ,
1896 1465 69 34 and
1985 1465 44 32 he
2044 1470 90 26 even
2151 1469 81 22 now
2255 1456 102 32 much
2378 1452 120 34 feared
2520 1450 78 30 that
2619 1446 84 41 they
2726 1441 120 33 would
2862 1450 64 33 say
2948 1439 74 33 they-

1722 1515 162 33 intended
1925 1518 40 27 to
2006 1511 46 32 do
2093 1507 164 40 nothing.
2311 1501 132 34 Before
2484 1496 79 33 Cod
2598 1492 70 33 and
2702 1491 56 32 his
2792 1491 170 35 country,
2993 1486 46 32 he

1722 1561 167 33 declared
1930 1560 30 32 it
2002 1567 73 24 was
2108 1556 54 32 his
2204 1553 79 31 firm
2324 1547 168 45 opinion,
2525 1543 80 32 that
2629 1540 61 31 the
2734 1522 243 47 Commander
3004 1532 38 34 in

1722 1607 112 37 Chief
1859 1607 104 33 knew
2000 1604 100 33 what
2130 1602 151 39 corrupt
2307 1592 177 47 practices
2515 1597 92 24 vvere
2633 1583 143 37 c;.i.rried
2803 1592 44 22 on
2862 1593 11 22 t
2903 1581 137 40 having

1726 1658 80 31 that
1831 1652 207 37 conviction
2055 1646 194 46 impressed
2269 1655 44 20 on
2333 1641 52 33 his
2401 1636 115 38 mind,
2535 1635 43 32 he
2598 1631 119 34 would
2738 1631 44 30 be
2797 1639 46 21 an
2862 1626 182 33 infamous

1726 1703 144 33 dastard
1907 1700 33 33 if
1967 1698 45 33 he
2043 1695 133 34 shrunk
2212 1693 92 32 from
2336 1688 59 33 the
2426 1680 237 43 acknowlolg.
2663 1680 43 43 ,,
2706 1680 66 43 ent
2804 1675 44 32 of
2878 1675 41 32 it.
2978 1674 65 32 Let

1727 1760 70 34 any
1818 1757 66 25 one
1902 1748 86 33 who
2021 1741 126 35 should
2181 1740 46 32 do
2256 1749 38 20 so
2324 1733 122 45 repair
2479 1736 40 26 to
2554 1728 54 32 his
2633 1726 248 35 constituents,
2908 1719 136 34 inform

1730 1804 94 26 them
1846 1796 78 31 how
1949 1794 44 32 he
2009 1791 69 34 bad
2096 1787 124 40 voted,
2245 1785 69 32 and
2331 1782 65 34 ask
2415 1780 99 32 them
2537 1773 162 34 whether
2730 1772 43 32 he
2792 1769 67 32 had
2877 1768 94 32 done
2991 1767 56 32 his

1730 1844 87 45 duty
1835 1843 13 33 ?
1902 1841 61 33 He
1998 1847 73 24 was
2099 1840 78 33 not,
2205 1835 185 32 however,
2418 1824 144 40 willing
2581 1826 38 27 to
2652 1817 161 44 degrade
2844 1825 69 30 any
2947 1822 97 26 man.

1730 1899 89 25 even
1837 1890 34 32 in
1892 1886 252 43 imagination,
2170 1881 58 32 for
2246 1879 43 32 he
2311 1873 116 46 hoped
2448 1873 28 31 it
2499 1881 24 20 w
2535 1866 84 35 mild
2639 1874 109 26 never
2769 1864 46 31 he
2832 1861 161 33 realized
3011 1858 45 35 of

1731 1949 71 24 any
1822 1936 157 33 member
2000 1932 78 33 that
2101 1930 44 32 he
2159 1925 128 34 should
2302 1925 45 31 be
2363 1918 157 46 capable
2535 1915 41 33 of
2589 1915 84 32 such
2691 1917 154 35 corrupt
2863 1907 185 43 servility.

1783 1985 73 31 Mr.
1879 1982 163 34 DICKIN
2054 1987 43 25 SO
2108 1987 19 24 N
2158 1970 200 48 supported
2381 1969 58 32 Sir
2471 1964 163 34 Thomas
2653 1959 144 33 Turton
2813 1967 14 21 s
2849 1956 167 32 Ammend-

1737 2036 110 28 merit.

1786 2078 70 33 Mr.
1881 2075 175 34 Fut,r,ra
2074 2066 175 38 defended
2275 2065 61 33 the
2363 2061 111 35 Duke
2500 2057 45 33 of
2562 2054 129 37 York,
2712 2052 70 33 and
2802 2049 154 41 thought
2974 2047 77 33 him

1740 2135 64 24 one
1828 2124 46 44 of
1897 2124 57 32 the

1978 2121 110 44 ,finest
2115 2115 170 33 Generats
2321 2107 170 44 England
2516 2114 81 22 ever
2630 2100 83 34 had.
2766 2098 60 33 lle
2848 2095 120 33 would
2991 2100 61 27 net

1737 2174 83 40 give
1856 2170 53 33 his
1933 2177 85 24 vole
2042 2174 37 26 to
2117 2161 126 46 punish
2272 2170 21 22 a
2321 2166 125 35 person
2473 2161 45 24 on
2551 2148 201 45 suspicion.
2805 2145 58 37 lie
2893 2153 74 21 was
2994 2147 65 28 not

1739 2218 119 34 afraid
1877 2215 111 34 aids
2006 2212 256 35 Constituents.
2267 2203 91 34 —If
2374 2203 100 32 there
2492 2209 71 24 %vas
2580 2207 22 21 a
2616 2192 217 35 di:-solution
2851 2190 43 33 of
2911 2189 129 33 Parlia-

1741 2272 107 33 ment,
1877 2265 48 32 let
1949 2263 96 33 them
2072 2267 58 26 try
2160 2257 72 32 him
2251 2254 107 40 again
2379 2251 32 31 ia
2435 2249 59 31 the
2520 2245 139 40 shabby
2694 2248 149 26 manlier
2872 2239 85 40 they
2988 2235 71 33 had

1740 2313 103 32 done,
1897 2310 59 34 Ile
1976 2307 146 34 finished
2143 2306 45 32 by
2207 2310 43 24 ex
2262 2298 156 46 pre.sing
2435 2295 57 32 his
2511 2294 81 32 love
2608 2290 57 32 for
2694 2289 56 32 his
2779 2285 181 40 Country,
2991 2282 71 32 and

2080 2352 39 33 If
2144 2352 103 32 there
2267 2359 27 20 is
2309 2356 67 31 any
2396 2353 81 24 man
2500 2352 24 20 tt
2537 2341 45 30 ho
2601 2339 85 31 does
2705 2339 61 30 not
2781 2331 78 34 like
2880 2330 182 44 England,

1743 2407 106 33 damn
1869 2402 174 34 him—let
2061 2400 72 33 him
2154 2399 104 32 leave
2280 2395 21 32 it
2321 2394 8 32 !

1795 2452 93 34 Lord
1915 2452 216 33 Mortre'ru
2150 2440 195 46 expressed
2370 2438 52 32 his
2439 2432 223 38 conviution,
2691 2430 81 32 that
2792 2426 61 33 the
2871 2424 139 43 charge
3025 2420 45 34 of

1746 2499 211 43 corruption
1987 2497 67 32 and
2070 2492 222 35 connivance
2314 2496 71 24 was
2404 2491 60 25 not
2481 2494 39 19 so
2538 2481 137 39 clearly
2696 2476 72 33 and
2797 2472 270 40 satisfactorily

1749 2546 135 45 proved
1900 2555 38 24 as
1956 2549 38 27 to
2011 2541 130 34 enable
2159 2538 72 32 him
2251 2544 37 22 to
2309 2541 206 37 pronounce
2532 2528 60 32 the
2611 2526 111 32 Duke
2741 2520 43 33 of
2799 2520 112 33 York.
2930 2518 142 41 guilty.

1748 2593 155 45 (Bear!
1930 2593 57 32 hea
1987 2593 20 32 ,
2021 2589 13 31 !
2053 2588 102 44 font
2174 2585 57 32 the
2251 2578 221 35 illinisterial
2496 2572 175 33 Benches!
2687 2576 11 32 )

1796 2640 109 34 After
1920 2649 20 21 a
1963 2637 69 32 few
2066 2633 116 33 words
2206 2630 92 32 from
2319 2622 59 37 tlise
2396 2622 222 35 Chancellor
2636 2619 41 32 of
2702 2615 61 34 the
2785 2613 224 44 Exchequer
3037 2611 33 32 in

1750 2686 255 45 explanation,
2040 2681 72 34 Mr.
2134 2683 54 26 .Sti
2194 2685 111 30 inner,
2344 2675 66 32 Mr.
2435 2670 74 32 Wil
2519 2672 40 28 he
2567 2667 130 33 rforce.
2732 2663 70 32 and
2826 2662 93 31 Lord
2942 2660 31 31 1!
2985 2667 90 33 enry

1756 2737 124 41 Petty,
1894 2740 35 26 to
1946 2732 118 32 whom
2083 2727 63 34 the
2163 2721 221 38 Chaucellor
2394 2719 41 32 of
2450 2718 61 32 tit:.
2531 2717 217 39 Exchequer
2771 2708 157 44 replied,
2947 2717 20 21 a
2989 2715 86 22 cot:-

1756 2781 176 34 versation
1952 2778 89 33 took
2065 2777 104 43 place
2187 2774 164 30 between
2373 2769 71 32 Mr.
2470 2761 234 35 Whitbread,
2735 2758 59 31 Sir
2813 2756 40 33 J.
2878 2754 197 40 Pultenry,

1756 2832 57 31 Sir
1830 2829 161 32 Thomas
2021 2824 155 33 Tullio',
2215 2818 73 33 Mr.
2309 2815 146 38 Yorke,
2485 2811 70 31 atria
2590 2809 69 32 Mr.
2679 2804 177 40 Canuimug,

2891 2811 24 20 w
2929 2802 67 31 Iwo
3017 2800 59 31 the

1755 2876 162 44 question
1954 2882 73 22 was
2056 2865 214 37 vociferous!
2284 2877 12 21 y
2319 2861 115 33 called
2469 2857 76 39 for,
2570 2855 67 34 and
2668 2854 63 32 the
2759 2851 107 32 house
2896 2846 181 38 divided;

1756 2924 92 40 first,
1866 2931 44 24 on
1930 2920 59 33 Sir
2006 2917 159 33 Thomas
2184 2908 170 37 Turton's
2374 2906 250 37 Amendment,

2019 2966 110 41 Ayes,
2220 2957 70 33 —N
2302 2966 73 28 oes,
2392 2948 274 45 :lA—Ntajorit
2676 2957 34 28 v,
2734 2944 80 33 199.

1806 3017 80 34 The
1903 3018 93 32 next
2008 3011 156 33 division
2184 3017 71 22 was
2269 3015 45 22 on
2342 3005 59 31 the
2425 2999 221 35 Chancellor
2675 2993 45 34 of
2744 2998 64 27 the
2831 2986 255 46 Exchequer's

1761 3064 126 35 second
1912 3058 228 37 Resolution,

1809 3113 30 33 A
1851 3104 318 47 vev,(i7S—Noes,
2189 3094 296 46 hl6—Majority
2507 3091 57 34 for
2581 3090 63 34 the
2657 3089 112 33 Duke
2781 3083 46 37 of
2846 3081 111 37 York
2978 3084 64 32 S.

1809 3154 215 47 Adjourned
2036 3159 37 26 at
2093 3150 94 35 live
2200 3146 168 34 o'Clock.

1818 3269 84 40 The
1923 3262 230 46 Caledonia,
2169 3262 202 39 Tonnant,
2529 3265 120 28 r;o:is,
2683 3247 78 38 and
2783 3244 187 43 Bellow',
2999 3241 96 39 with

1768 3321 152 40 several
1958 3320 164 48 frigates
2143 3313 74 39 and
2241 3312 143 46 sloops,
2421 3306 126 37 under
2570 3311 66 31 toe
2657 3315 20 24 e
2691 3298 189 39 ammand
2909 3298 47 37 of
2991 3293 107 40 Lord

1773 3374 206 40 Gambier,
2000 3366 155 41 arrived
2177 3363 46 48 ofr
2223 3363 17 48 .
2265 3361 149 39 Roche
2415 3358 73 37 fort
2520 3371 50 22 on
2606 3361 65 31 the
2693 3353 89 38 7th.
2839 3350 133 39 There
2996 3359 32 27 is
3045 3359 57 26 no

1770 3431 149 37 chance
1952 3422 48 40 of
2029 3419 152 52 getting
2211 3415 61 39 otr
2298 3417 66 35 the
2396 3411 76 37 line
2502 3406 50 40 of
2583 3405 129 40 hat:!e
2752 3403 89 53 ship
2862 3402 129 38 which
3022 3412 79 25 ISII4

1774 3481 133 38 driven
1924 3489 53 26 on
1998 3474 132 39 shore.
2192 3471 83 35 Our
2294 3465 60 38 .of
2370 3464 65 38 the
2463 3462 96 57 friza
2558 3462 19 57 .
2577 3462 58 57 tes
2657 3457 40 39 ih
2717 3462 28 32 .t
2770 3459 99 34 went
2893 3468 51 24 on
2965 3452 117 43 shore
3081 3452 24 43 '

1778 3534 158 47 has,got
1952 3528 70 43 oti,
2052 3524 76 39 and
2150 3522 32 38 is
2203 3519 193 46 rrtitting.
2453 3511 259 44 L'riatienne,
2748 3511 53 33 La
2820 3506 189 52 Calypso,
3030 3504 78 38 and

1779 3588 51 35 Le
1848 3586 194 37 Terrence
2063 3574 150 43 French
2233 3570 183 51 frigates,
2434 3578 71 26 are
2526 3579 21 20 v
2563 3563 103 51 holiy
2691 3565 228 45 destroyed.

1831 3638 51 38 At
1902 3645 24 27 a
1941 3634 126 37 Court
2087 3626 48 40 cf
2170 3630 197 35 Common
2388 3622 130 37 (unlit
2533 3615 24 39 3
2590 3617 87 37 held
2701 3627 52 24 on
2789 3609 231 43 Thursday,
3040 3608 72 39 the

1780 3691 125 38 Court
1924 3679 217 59 proceeded
2164 3681 44 35 to
2237 3673 40 41 co
2277 3673 20 41 ,
2297 3673 120 41 isider
2438 3684 24 24 a
2487 3672 137 47 report
2644 3676 92 30 trop
2774 3665 69 38 the
2864 3665 249 37 Committee

1780 3742 48 38 of
1843 3741 85 50 City
1957 3733 123 41 Lands
2099 3729 171 40 relative
2303 3733 41 30 to
2373 3719 229 44 Smithfield
2626 3719 180 43 Market,
2844 3715 74 39 and
2941 3712 174 39 ordered

1783 3794 65 38 the
1880 3788 240 43 Committee
2141 3789 41 31 to
2205 3778 167 53 proceed
2407 3777 35 35 in
2472 3772 246 39 Parliament
2739 3777 43 30 to
2802 3768 138 38 obtain
2963 3780 50 25 an
3035 3768 83 37 Act

1786 3846 60 38 for
1866 3843 46 38 its
1933 3836 176 44 removal
2131 3841 44 32 to
2197 3837 69 33 the
2283 3826 223 57 Spa-Field,
2538 3823 216 51 t'eloaging
2770 3826 45 33 to
2838 3819 103 39 Lord
2967 3820 48 35 No
3015 3820 25 35 ,
3052 3817 45 39 th-

1785 3900 181 48 ampton,
1995 3904 48 26 or
2063 3896 39 30 to
2126 3889 66 37 the
2213 3883 103 40 Field
2335 3881 209 48 adjoin:Lig
2564 3880 207 47 13:tpig.4o.
2789 3870 137 46 Wells,
2949 3869 145 52 beloag-

1788 3951 61 48 ing
1873 3953 41 32 to
1939 3944 105 39 Lord
2076 3939 209 50 Caithorp,
2314 3947 47 26 or
2391 3944 111 27 some
2539 3928 113 39 Other
2685 3926 113 52 1.14:e
2825 3935 209 39 necessary
3057 3924 65 38 tor

1789 4000 164 47 making
1975 4011 24 22 a
2017 3992 169 41 suitable
2206 3990 76 38 and
2308 3983 278 43 commodious
2608 3979 181 43 Market,
2822 3977 96 38 with
2952 3976 171 38 instrue.

1793 4054 102 39 lions
1906 4057 43 32 to
1969 4049 70 38 the
2060 4048 242 38 Cointnii.fre
2321 4045 43 33 to
2378 4036 139 39 obtain
2548 4033 69 39 the
2650 4032 125 50 City's
2797 4029 128 53 rights
2943 4028 78 38 and
3044 4028 60 52 pri-

1794 4106 146 50 viieges
1962 4108 44 34 to
2024 4101 48 39 be
2087 4094 197 45 extended
2301 4097 44 35 to
2363 4090 77 40 and
2454 4098 100 30 over
2572 4085 69 40 the
2655 4096 128 28 same.

3436 138 11 13 I

50 61 2 2 .
2417 61 5 2 .

287 94 256 64 MARCH
566 94 76 46 19.
1133 86 145 52 THE
1315 80 376 58 NATIONAL
1728 69 354 59 REGISTER
2888 41 90 48 .187
3346 30 12 6 -
3370 30 1 129 •

2089 106 13 12 .

454 187 110 5 .
565 187 2 5 .

305 141 5 58 .
407 189 61 6 ...
2276 141 126 18 ________

2096 120 5 44 •
2611 146 14 5 -
3265 120 5 44 i

343 226 156 35 cent:qui
531 222 86 34 FE/I
630 231 50 22 GU
689 231 44 22 St:
743 230 24 24 N
813 222 94 39 Said,

943 222 91 32 with
1072 220 150 41 feelings
1264 219 44 33 of
1336 215 182 44 gratitude
1561 217 57 28 to-
1683 214 96 24 were
1796 203 177 41 certainly
1993 197 169 44 unequal,
2187 196 97 33 since
2302 193 46 33 he
2366 190 67 32 had
2466 185 136 34 looked
2622 193 87 22 over
2743 180 63 32 the
2833 187 106 35 poses
2957 176 44 33 of

298 276 120 34 wards
439 274 53 32 his
510 269 123 45 llosal
658 269 177 41 Ifinhness
862 267 54 34 for
948 270 64 32 the
1041 278 106 22 many
1166 266 125 33 marks
1316 263 21 33 o
1337 263 22 33 f
1382 261 41 47 pe
1423 261 41 47 rs
1465 261 83 47 onas
1565 259 18 34 e
1583 259 19 34 a
1602 259 19 34 _
1682 250 156 44 history,
1861 249 70 34 and
1948 248 78 33 also
2044 241 194 41 tradition,
2265 242 33 31 in
2328 240 94 37 vain,
2451 234 60 32 for
2541 242 45 22 an
2619 231 151 31 ;aroma
2791 226 43 32 of
2864 227 51 30 h;s
2933 233 64 24 an-
3302 224 2 90 .
3332 224 1 90 .

3332 244 4 9 .

3302 252 4 19 .
3321 252 15 19 ,

293 332 94 24 your
409 321 45 33 he
470 317 246 45 experienced
739 313 43 34 of
800 315 89 38 him,
909 315 27 32 it.
964 324 76 25 was
1055 317 66 31 not
1140 314 161 32 without
1315 311 61 33 the
1394 314 21 30 m
1415 314 22 30 o
1437 314 45 30 st
1498 307 122 33 heart-
1682 304 146 34 cestors,
1865 296 69 33 and
1967 294 98 34 their
2094 291 118 32 deeds.
2280 286 78 33 The
2392 289 152 33 country
2588 278 93 32 haws
2715 272 90 34 with
2843 272 157 32 mixious

3294 276 43 59 )!i

298 371 71 34 felt
389 373 119 38 regret
529 366 45 32 he
594 374 74 22 was
681 363 150 44 obliged
852 367 35 27 to
905 361 83 44 ;Ice
1028 372 12 22 t
1057 367 85 27 note
1156 358 40 35 of
1218 367 146 26 censure
1380 366 46 22 on
1444 359 78 30 that
1535 363 85 25 con-
1684 346 170 41 !.tvtience
1883 353 45 22 on
1957 341 61 33 the
2052 339 90 32 issue
2181 335 41 33 of
2254 333 72 33 this
2357 332 197 41 important
2591 324 175 32 business:.
2833 319 79 33 'Pie
2949 319 52 30 in-

300 418 102 37 duct,
420 420 37 27 to
477 412 139 38 which,
631 410 214 38 otherwise,
866 407 43 33 he
925 409 107 33 could
1054 407 90 33 bear
1161 407 120 43 ample
1297 404 191 34 testimony
1508 400 21 33 o
1530 400 21 33 f
1565 400 60 32 the
1685 396 109 28 terest
1813 389 119 34 which
1967 389 28 32 it
2023 385 67 33 had
2117 381 165 39 excited,
2309 376 182 46 pervaded
2520 381 112 32 every
2663 370 118 34 chess;
2810 365 27 33 it
2862 363 144 34 formed
3304 363 2 92 •
3364 363 1 92 •

302 474 91 25 most
415 459 239 34 meritorious
667 468 53 24 sir
730 457 79 33 vise
824 462 35 28 to
881 455 61 34 the
963 465 103 24 army'
1084 455 67 34 and
1167 454 61 32 the
1252 456 169 30 country.
1478 449 86 33 But.
1581 454 22 25 o
1604 454 22 25 n
1689 439 59 31 the
1765 437 117 33 theme
1899 435 41 33 of
1959 443 111 25 every
2092 428 268 38 conversation.
2411 416 235 39 And/should
2678 426 39 20 so
2748 422 107 25 many
2877 407 131 47 proofs

304 524 25 20 a
343 509 169 46 qoestion
531 506 78 33 like
630 506 86 39 this,
733 511 113 34 every
865 502 137 41 feeling
1019 501 44 32 of
1080 502 143 43 priv;sie
1241 497 266 34 consideration
1535 498 91 27 most
1693 484 90 33 have
1801 485 87 31 been
1905 480 178 46 exposed,
2108 489 39 22 so
2181 485 106 26 many
2321 468 180 38 examinat
2500 468 90 38 ions
2626 463 92 32 have
2737 459 111 34 taken
2880 458 35 43 pl
2921 469 20 20 a
2944 467 59 27 ce,

305 559 103 45 yield
432 565 37 25 to
490 554 128 44 public
637 555 85 41 duty
722 555 21 41 ,
769 552 70 32 and
863 549 44 33 he
922 549 133 33 should
1081 548 106 33 conce
1187 548 64 33 ive
1271 544 149 33 himself
1435 540 193 37 unworthy
1691 531 66 33 tool
1783 542 37 21 so
1839 540 102 32 many
1962 529 146 31 debates
2124 522 118 35 called
2261 520 97 34 forth
2378 519 58 31 the
2465 515 200 40 eloquence
2700 508 43 33 of
2776 506 230 33 Palliallitla
3299 506 2 98 .
3322 506 2 98 .

307 606 43 34 of
379 617 22 21 a
431 607 79 30 seat
543 604 34 30 in
604 601 81 32 that
713 600 125 39 house,
872 596 32 33 it
927 596 45 33 he
998 606 74 24 was
1108 592 200 37 influenced
1342 592 47 31 by
1423 601 69 32 any
1525 588 105 32 other
1693 578 56 32 for
1766 587 45 22 co
1828 578 105 32 other
1948 582 159 37 purpose
2122 572 64 32 but
2206 575 37 27 to
2274 569 155 41 produce
2457 572 21 21 a
2502 556 180 35 shameful
2704 560 84 27 viol?
2813 552 41 32 of
2884 552 122 32 entire

309 653 138 34 motive
476 650 89 32 than
593 659 24 21 a
643 645 150 35 Faithful
828 644 191 43 discharge
1051 643 43 33 of
1117 643 56 33 his
1199 641 104 41 duty.
1358 635 107 37 After
1493 647 24 21 a
1543 643 87 25 most
1656 624 240 45 'acquittal;
1925 622 83 33 how
2036 621 70 31 low
2143 615 122 35 would
2293 615 45 31 he
2362 611 60 33 the
2452 605 239 35 humiliation
2708 601 43 32 of
2779 599 63 33 the
2868 596 112 34 house
2999 596 11 33 !
3321 600 7 13 ,
3424 585 1 103 •

306 699 143 35 careful
487 697 143 44 oerusal
663 693 41 33 of
729 693 53 32 all
815 691 63 34 the
906 691 194 43 testimony
1139 689 41 32 of
1209 687 63 32 the
1292 686 197 39 witnesses,
1517 681 70 34 and
1612 691 21 24 a
1697 672 80 32 how
1796 671 163 33 omnious
1980 665 119 37 would
2117 665 46 32 be
2198 664 45 32 its
2271 656 243 46 degradation
2548 652 33 32 in
2613 648 59 33 the
2709 646 130 45 public
2865 645 149 32 estimis-

3296 633 2 70 -1
3320 650 7 48 l
3419 633 27 27 -,...

311 750 100 32 close
428 743 252 37 examination
699 737 44 35 of
758 741 60 32 the
839 739 146 33 various
1002 737 208 34 documents
1225 744 45 22 on
1289 738 61 27 the
1368 732 116 39 table,
1504 730 60 34 the
1581 738 54 22 re-
1698 718 94 34 fiat)!
1818 716 70 34 .If
1923 716 63 32 the
2016 712 174 39 decision,
2215 707 67 33 and
2322 707 43 32 he
2396 697 24 50 a
2420 697 47 50 pp
2467 697 190 50 rehended
2692 693 107 34 much
2826 692 27 32 it
2887 690 130 33 would

311 796 74 33 full
410 793 43 33 of
467 793 81 32 that
574 785 270 38 consideration
865 788 59 32 has
941 785 106 38 been,
1067 784 79 33 that
1163 782 45 33 he
1228 791 73 21 was
1332 780 41 32 of
1388 777 149 46 opinion
1556 776 80 32 that
1698 765 44 32 he
1755 775 37 22 so
1813 759 214 38 terminated
2047 761 32 32 in
2096 761 61 31 the
2185 752 180 46 acquittal
2396 750 41 33 of
2461 749 63 31 the
2541 742 170 38 accused,
2738 741 98 31 what
2856 737 163 43 security

315 843 57 33 his
402 839 124 45 Royal
557 833 213 47 Highness's
785 834 154 33 conduct
967 831 69 33 had
1062 829 92 35 been
1170 827 45 43 ex
1215 827 135 43 tremel
1350 827 24 43 y
1400 824 241 43 culpable.—
1698 811 85 33 does
1801 811 100 33 there
1917 809 97 33 exist
2028 806 56 34 for
2101 815 35 24 us
2151 806 13 32 ?
2217 803 79 32 The
2317 800 94 32 Hon.
2434 793 168 35 Member
2619 785 120 46 hoped
2759 787 119 32 better
2896 782 44 34 of
2953 783 64 34 the

3438 816 2 2 •

317 891 135 41 Heavy
467 883 94 46 guilt
579 883 116 33 rested
717 889 98 35 upon
834 879 89 40 him,
937 879 71 34 and
1026 878 91 34 until
1131 878 77 32 that
1224 875 91 41 guilt
1335 883 77 22 teas
1428 870 211 45 disproved.
1703 857 148 33 wisdom
1869 856 43 34 of
1924 856 59 33 the
2002 855 124 35 house,
2141 849 71 34 and
2229 846 174 41 sincerely
2418 853 25 21 ss
2456 839 100 34 kited
2569 839 30 32 it
2615 835 115 41 might
2750 842 129 34 prove,
2895 831 47 43 by
2955 831 64 31 the
3296 831 46 26 i:.

318 937 45 33 he
381 935 106 33 could
510 938 61 28 not
599 941 63 32 say
681 931 80 31 that
783 927 61 32 the
865 926 242 35 Commander
1136 924 34 33 in
1195 921 112 35 Chief
1329 920 106 34 could
1455 918 81 34 load
1561 917 39 33 th
1600 917 19 33 a
1619 917 20 33 t
1702 911 83 27 vole
1800 906 28 32 it
1844 902 119 34 would
1980 909 98 35 give,
2095 899 80 33 that
2194 896 26 33 it
2242 891 162 37 imitated
2418 889 61 33 the
2493 885 155 37 conduct
2665 881 44 35 of
2721 881 151 39 heaven,
2895 876 124 33 which

321 984 178 34 situation
519 990 71 33 any
609 979 126 41 longer
756 974 90 33 with
866 973 158 37 comfort
1054 978 37 27 to
1122 969 158 40 himself,
1299 979 41 22 or
1357 966 229 35 satisfaction
1607 970 34 28 to
1706 956 26 31 is
1749 963 21 22 n
1770 963 21 22 o
1813 956 79 39 resp
1892 956 100 39 ecter
2013 946 41 33 of
2069 953 19 35 p
2088 953 138 35 erson?.

322 1033 66 32 the
410 1029 142 45 public.
1752 999 58 33 Sir
1827 999 93 32 Too
1930 1007 25 21 NI
1967 1006 19 21 A
1995 1004 17 24 s
2026 994 58 33 Tu
2095 1002 76 25 RTO
2184 1002 18 21 N
2226 989 78 33 also
2331 980 180 46 regretted
2533 978 105 40 being
2656 970 206 47 compelled
2882 976 37 27 to
2937 969 86 46 give

369 1080 81 32 The
471 1077 305 32 CHANCELLOR
813 1067 43 34 of
880 1069 60 35 the
976 1067 280 39 Exeritiountt
1287 1062 83 34 then
1391 1071 79 22 rose
1504 1059 58 33 for
1580 1059 63 33 the
1675 1018 5 93 •
1706 1057 22 22 a
1750 1052 81 26 vote
1848 1056 45 22 on
1920 1044 61 32 the
1998 1041 163 45 question
2192 1037 41 32 of
2259 1033 117 44 guilty
2406 1039 43 21 or
2479 1032 61 27 not
2559 1025 118 44 guilty
2696 1020 45 33 of
2757 1018 168 46 personal
2942 1028 83 21 row-

322 1135 162 37 porpose
513 1122 44 34 of
587 1121 145 41 moving
772 1116 54 34 his
863 1116 197 35 resolutinn
1093 1111 210 45 expressive
1336 1108 43 34 of
1398 1108 63 34 the
1493 1106 152 46 opinion
1707 1094 162 44 ruption,
1894 1100 44 25 or
1955 1088 151 45 spotless
2124 1085 204 33 innocence.
2381 1078 57 33 No
2456 1072 222 34 alternative
2709 1076 85 25 now
2825 1063 198 35 remained.
3300 1009 15 66 i
3315 1009 17 66 t

3301 1069 4 24 s
3327 1069 5 24 ,

322 1173 47 34 of
391 1174 63 32 the
480 1170 98 44 guilt
604 1178 43 24 or
674 1167 195 32 innocence
899 1163 43 33 of
965 1163 63 32 the
1065 1160 109 35 Duke
1208 1157 40 33 of
1274 1156 25 35 Y
1299 1156 78 35 ork
1377 1156 26 35 .
1462 1154 80 35 The
1569 1153 77 33 evi-
1707 1141 120 33 Those
1847 1137 83 33 who
1949 1135 116 43 might
2083 1133 92 33 have
2193 1128 152 41 thought
2365 1126 72 32 him
2452 1119 190 46 cuipanle,
2661 1116 138 41 merely
2817 1113 152 32 because
2983 1110 46 33 he
3327 1102 5 112 s

326 1222 112 32 deuce
455 1217 164 35 atforded
635 1225 44 24 no
697 1212 138 46 ground
854 1211 187 35 whatever
1058 1208 58 33 for
1133 1205 168 41 thinking
1316 1204 56 32 his
1389 1202 118 43 Royal
1528 1200 118 37 'ILO-
1710 1187 70 33 bad
1796 1191 63 28 not
1874 1181 163 37 checked
2053 1182 61 31 the
2134 1179 107 33 hands
2268 1173 44 34 of
2326 1173 104 40 guilt.
2458 1169 159 32 without
2636 1159 273 50 participating
2928 1159 35 32 in
2983 1159 47 31 its

327 1279 77 22 ness
418 1266 119 44 guilty
557 1263 41 34 of
622 1259 217 45 corruption
869 1260 35 33 in
934 1260 60 31 the
1013 1253 130 37 execut
1143 1253 21 37 i
1165 1253 44 37 on
1224 1251 43 34 of
1281 1251 18 33 h
1299 1251 18 33 i
1317 1251 18 33 s
1354 1250 66 45 dut
1420 1250 22 45 y
1457 1261 9 26 ;
1494 1258 65 24 nor
1578 1246 71 34 had
1708 1235 234 39 advantages,
1967 1230 69 32 and
2056 1227 81 33 who
2169 1222 119 35 would
2317 1222 89 30 have
2425 1215 109 33 voted
2552 1212 56 34 for
2626 1209 130 33 milder
2776 1204 254 47 proceedings,

328 1317 105 32 there
464 1315 91 32 been
592 1320 72 33 any
698 1305 138 47 ground
870 1305 104 34 made
1009 1309 64 28 out
1113 1302 58 32 for
1204 1297 222 44 attributing
1454 1302 37 27 to
1524 1294 73 33 him
1629 1304 24 22 a
1714 1290 93 25 were
1824 1289 81 25 now
1933 1276 146 43 obliged
2109 1279 38 28 to
2169 1271 145 34 declare
2349 1266 70 33 him
2446 1261 120 45 guilty
2594 1258 44 33 of
2662 1258 61 32 the
2756 1253 123 34 whole
2897 1250 44 34 of
2970 1253 63 31 the
3317 1256 17 17 ~

118 1298 1 100 •
131 1298 2 100 •
330 1363 222 35 connivance
585 1362 40 30 at
658 1354 231 45 corruption.
943 1352 59 33 He
1029 1346 178 45 certainly
1231 1355 76 25 was
1330 1351 63 27 not
1420 1341 180 47 prepared
1619 1341 33 32 in
1711 1329 165 39 charges,
1903 1335 44 22 or
1959 1323 126 44 acquit
2118 1319 73 33 him
2220 1317 43 31 of
2285 1324 106 30 every
2420 1307 211 35 accusation
2659 1302 77 34 laid
2769 1302 143 43 against
2941 1298 92 38 him,

109 1375 217 64 s
326 1375 1528 64 against
1870 1372 97 33 their
1993 1380 80 22 own
2092 1367 222 35 conviction,
2339 1359 65 33 and
2424 1358 97 31 their
2538 1363 81 22 own
2644 1349 224 34 coliscieuce.
2928 1345 37 33 If
2991 1344 45 33 he

137 1409 44 2308 l
181 1409 307 2308 framing
524 1407 54 32 his
612 1402 201 515 resolutions
813 1402 19 515 .
859 1409 38 25 to
927 1404 93 27 meet
1048 1396 61 34 the
1136 1393 203 46 particular
1367 1391 113 34 views
1505 1388 44 33 of
1563 1385 90 35 each

333 1457 219 33 Gentleman
581 1465 9 21 r
596 1450 229 45 espectively
850 1460 44 21 on
928 1446 73 34 this
1033 1443 180 46 question.
1265 1439 133 35 Indeed
1430 1439 41 32 he
1504 1434 63 34 did
1594 1439 61 30 not

330 1505 176 32 conceive
528 1504 27 31 it
575 1500 194 33 consistent
790 1496 89 33 with
899 1495 100 33 what
1018 1502 74 24 was
1111 1491 70 32 due
1200 1495 35 26 to
1256 1486 61 34 the
1341 1485 107 34 Duke
1467 1482 43 34 of
1530 1480 126 40 York,

334 1552 70 34 and
435 1552 64 32 the
516 1550 87 41 duty
634 1548 41 31 lie
707 1543 163 45 imposed
905 1551 98 35 upon
1030 1535 161 40 himself,
1215 1540 39 28 to
1286 1533 115 34 couch
1420 1543 24 24 a
1461 1530 197 34 resolution

335 1599 125 34 which
484 1607 73 22 was
578 1604 35 24 to
632 1592 129 34 decide
785 1600 99 35 upon
904 1590 54 34 his
976 1589 94 43 guilt
1085 1594 44 24 or
1147 1584 208 37 innocence,
1382 1578 43 35 of
1436 1578 60 34 time
1513 1577 148 41 charges

334 1645 210 35 attributed
559 1649 38 27 to
619 1643 71 32 him
710 1641 35 32 in
763 1641 145 40 ;Faecal
928 1646 40 22 or
1003 1641 117 37 vague
1152 1636 106 28 terms
1276 1641 12 27 ;
1317 1628 54 33 his
1389 1625 120 45 object
1533 1633 74 25 was
1628 1630 33 25 to

340 1696 106 40 bring
475 1693 63 33 the
557 1691 111 33 house
684 1688 39 33 lei
748 1697 25 21 a
800 1677 161 41 decisive
981 1680 209 37 conclusion
1225 1682 98 39 Upon
1356 1674 73 33 this
1463 1672 202 43 important

340 1740 136 37 branch
496 1739 45 34 of
556 1739 59 32 the
630 1740 100 41 quest
738 1736 76 39 ion,
823 1733 67 34 and
905 1731 105 33 leave
1028 1726 86 38 such
1128 1724 104 33 other
1246 1721 201 41 remaining
1463 1719 155 41 grounds
1628 1716 41 33 of
1719 1431 94 24 were
1830 1417 206 47 acquitted,
2060 1416 59 32 the
2138 1411 125 35 nation
2291 1406 117 35 would
2427 1414 63 32 say
2507 1401 79 33 that
2606 1398 229 33 Parliament
2856 1393 69 33 had
2941 1391 97 34 done

1719 1468 164 41 nothing:,
1896 1465 69 34 and
1985 1465 44 32 he
2044 1470 90 26 even
2151 1469 81 22 now
2255 1456 102 32 much
2378 1452 120 34 feared
2520 1450 78 30 that
2619 1446 84 41 they
2726 1441 120 33 would
2862 1450 64 33 say
2948 1439 92 43 they

1722 1515 162 33 intended
1925 1518 40 27 to
2006 1511 46 32 do
2093 1507 164 40 nothing.
2311 1501 132 34 Before
2484 1496 79 33 God
2598 1492 70 33 and
2702 1491 56 32 his
2792 1491 170 35 country,
2993 1486 46 32 he

1722 1561 167 33 declared
1930 1560 30 32 it
2002 1567 73 24 was
2108 1556 54 32 his
2204 1553 22 31 fi
2232 1560 51 22 rm
2324 1547 168 45 opinion,
2525 1543 80 32 that
2629 1540 61 31 the
2734 1522 243 47 Commander
3004 1532 38 34 in

1722 1607 112 37 Chief
1859 1607 104 33 knew
2000 1604 100 33 what
2130 1602 151 39 corrupt
2307 1592 177 47 practices
2515 1597 92 24 were
2633 1583 143 37 corried
2803 1592 44 22 on
2862 1593 11 22 ;
2903 1581 137 40 having

1726 1658 80 31 that
1831 1652 207 37 conviction
2055 1646 194 46 impressed
2269 1655 44 20 on
2333 1641 52 33 his
2401 1636 115 38 mind,
2535 1635 43 32 he
2598 1631 119 34 would
2738 1631 44 30 be
2797 1639 46 21 an
2862 1626 182 33 infamous

1726 1703 144 33 dastard
1907 1700 33 33 if
1967 1698 45 33 he
2043 1695 133 34 shrunk
2212 1693 92 32 front
2336 1688 59 33 the
2426 1680 346 43 acknowholg.sent
2804 1675 44 32 of
2878 1675 41 32 it.
2978 1674 65 32 Let

340 1788 206 44 complaint
556 1795 39 24 as
608 1783 211 33 Gentlemen
834 1779 115 44 might
966 1776 106 33 think
1089 1781 139 37 proper
1244 1776 38 27 to
1297 1767 137 43 ground
1452 1778 22 22 a
1494 1765 167 44 proceed_
1727 1760 70 34 any
1818 1757 66 25 one
1902 1748 86 33 who
2021 1741 126 35 should
2181 1740 46 32 do
2256 1749 38 20 so
2324 1733 122 45 repair
2479 1736 40 26 to
2554 1728 54 32 his
2633 1726 248 35 constituents,
2908 1719 136 34 inform

343 1837 61 43 lug
422 1844 97 37 upon
534 1833 57 33 for
607 1840 98 24 some
718 1830 107 32 other
839 1834 125 27 course
978 1822 43 34 of
1030 1821 177 38 decision.
1230 1817 105 33 With
1356 1820 139 37 respect
1513 1819 35 25 to
1569 1811 102 32 inno-

343 1889 83 28 cent
438 1881 237 33 connivance.
698 1876 120 34 which
839 1886 21 21 a
875 1873 100 43 right
994 1870 85 33 hon.
1100 1859 214 43 Ginitleman
1342 1861 94 44 (Mr.
1455 1856 214 41 Windham)

343 1928 207 37 attributed
567 1932 39 27 to
625 1926 60 32 the
707 1924 110 35 Duke
837 1923 33 32 in
891 1920 59 37 the
979 1925 128 26 course
1131 1913 43 33 of
1199 1913 63 32 the
1284 1911 133 33 debate
1434 1918 45 22 on
1495 1917 22 24 a
1535 1906 137 32 former

345 1978 122 43 night,
483 1975 163 43 namely,
674 1971 81 33 that
775 1969 87 34 kind
878 1967 46 34 of
947 1964 239 34 connivance,
1213 1970 46 22 on
1278 1958 56 33 his
1351 1959 100 39 part,
1472 1952 120 33 which
1611 1951 59 32 did

346 2031 65 27 not
444 2022 198 33 constitute
670 2019 84 32 that
780 2019 131 40 degree
938 2011 44 34 of
997 2007 219 41 knowledge
1234 2006 41 33 of
1291 2006 190 41 improper
1496 2000 72 33 traf
1570 1998 20 33 fi
1594 2009 19 22 c
1641 1998 32 33 in

350 2070 174 43 Military
548 2065 231 38 Promotions
801 2062 118 35 which
937 2057 106 35 could
1063 2057 45 32 lie
1120 2053 117 35 called
1253 2050 168 35 criminal
1440 2047 231 37 connivance.

352 2119 63 34 He
433 2117 125 32 would
573 2121 81 26 now
676 2112 84 44 only
780 2122 60 31 say
861 2120 22 22 a
901 2108 70 33 few
994 2104 122 34 words
1136 2101 90 33 with
1244 2104 145 39 respect
1403 2104 38 25 to
1453 2096 61 32 the
1533 2099 141 38 present

352 2166 110 33 [node
462 2166 22 33 -

475 2165 44 31 of
544 2160 169 46 proceedi

348 2212 136 38 stated,
502 2210 70 33 and
593 2207 44 33 he
657 2217 71 24 wot

356 2309 102 37 there

480 2315 76 22 was

572 2301 137 44 grouted
730 2184 20 56 i'
750 2184 31 56 'ld
796 2216 41 24 ao

354 2259 223 46 proceeding

356 2353 133 35 should
509 2353 45 32 he
585 2353 12 31 t

593 2349 8 7 '

601 2365 8 18 i
728 2254 73 32 esol
852 2154 210 34 Resolution
1074 2150 69 33 nod
1160 2148 171 33 Address.
1385 2144 59 33 Ile
1462 2143 70 33 had
1550 2139 128 33 before

870 2205 6 6 •

822 2215 81 33 ,sain
922 2207 126 37 repeat

807 2254 118 35 ution,
956 2257 72 22 was
1054 2245 7 32 i
1071 2199 44 37 it,
1133 2197 79 32 that
1230 2194 57 33 his
1307 2190 183 47 principal
1508 2187 120 43 object
1645 2186 33 32 in

1068 2256 19 22 n
1106 2244 109 32 order
1231 2249 38 25 to
1286 2238 200 34 determine
1514 2233 80 33 whe
1602 2233 33 33 th
1641 2244 39 22 er
1739 2219 58 33 aft

729 2301 57 32 for
801 2296 220 48 proceeding
1030 2300 38 26 to
1085 2291 99 33 trial.
1243 2287 40 35 if
1297 2287 61 33 the
1380 2285 111 34 Duke
1509 2282 44 34 of
1566 2280 113 35 York
1741 2275 54 24 me

613 2349 81 33 mod
720 2346 177 45 guiltyof
922 2356 7 6 •
1068 2340 7 7 •

911 2340 234 44 corruption,
1165 2347 44 24 or
1235 2335 43 34 of
1300 2342 111 35 grave
1439 2329 184 45 suspicion
1642 2327 43 31 of
1740 2313 57 32 dm

354 2257 9 230 c
364 2257 9 230 4
373 2257 9 230 o
383 2257 9 230 e
392 2257 9 230 r
402 2257 20 230 in
422 2257 20 230 rt
442 2257 9 230 ,
451 2257 9 230 t
461 2257 9 230 z
470 2257 9 230 p
480 2257 9 230 e
489 2257 9 230 t
498 2257 9 230 i
508 2257 9 230 i
517 2257 11 230 i
528 2257 11 230 i
539 2257 11 230 t
549 2257 11 230 i
560 2257 11 230 e
570 2257 11 230 n
581 2257 21 230 re
602 2257 11 230 t
613 2257 11 230 b
624 2257 21 230 ir
645 2257 11 230 Y
693 2169 71 117 ltn'r

661 2161 222 269 connivance,
883 2161 41 269 by
925 2392 85 32 then
1025 2394 100 37 upon
1141 2396 24 21 a
1185 2380 214 37 Resolution
1423 2385 40 27 to
1479 2378 83 32 that
1576 2374 106 34 effect

357 2497 120 44 mignit
609 2445 20 33 d
646 2456 19 21 u

361 2542 272 46 impeachment
674 2454 70 33 lion
764 2443 60 33 the
843 2437 172 38 Journals
1041 2444 39 24 as
1097 2443 21 22 a
1136 2432 145 33 distinct
1299 2427 170 44 opinion,
1496 2424 59 33 the
1574 2422 107 33 house

491 2492 146 35 address
652 2493 53 31 his
726 2487 151 46 Alajest)
902 2486 58 33 for
976 2494 24 22 a
1019 2479 177 35 dismissal
1215 2476 41 34 of
1269 2477 64 32 the
1354 2473 125 35 Duke,
1504 2480 44 24 or
1564 2469 60 33 for
1639 2476 46 24 an

654 2537 126 34 before
816 2535 53 33 his
891 2533 123 33 Peers.
1063 2528 91 33 This
1183 2525 92 33 then.
1298 2523 45 33 he
1359 2518 195 35 conceived
1573 2520 39 28 to
1642 2515 44 32 be

360 2591 66 34 the
444 2596 91 27 most
552 2588 146 44 regular
710 2593 128 25 course
854 2582 81 32 that
961 2575 110 37 could
1089 2576 94 31 have
1196 2572 91 32 been
1316 2567 171 47 pursued,

1801 2181 19 24 e

1799 2230 7 20 ;

1796 2275 8 24 1

1741 2369 69 24 exc

1786 2078 70 33 Mr.
1881 2075 175 34 Fut.r.ra
2074 2066 175 38 defended
2275 2065 61 33 the
2363 2061 111 35 Duke
2500 2057 45 33 of
2562 2054 129 37 York,
2712 2052 70 33 and
2802 2049 154 41 thought
2974 2047 77 33 him

1856 2170 53 33 his
1933 2179 19 21 V

1811 2218 47 32 kid
1877 2215 65 34 ell

1741 2272 107 33 Inert,
1877 2265 48 32 let

1802 2323 40 21 ie,
1897 2310 50 34 lit

1945 2177 18 70 t
1963 2177 56 70 ole
2042 2174 37 26 to

1959 2216 28 31 is
2006 2215 104 33 Const

1949 2263 96 33 them

1945 2320 11 12 .
1976 2307 123 34 finishe
2117 2174 45 33 Liu

2117 2212 51 35 itii

2072 2267 58 33 try
2160 2257 8 32 I

1804 2357 163 34 daiminff
2080 2352 39 33 If
2144 2357 12 26 t

1943 2380 37 18 ny

1743 2407 106 33 dalllil
1869 2402 174 34 him—let
2061 2400 34 33 hi

359 2639 54 33 all
441 2639 61 32 the
534 2633 281 35 inconvenience
844 2627 41 34 of
917 2624 156 35 Address
1110 2622 34 32 in
1170 2619 61 33 the
1261 2617 78 33 first
1372 2616 170 31 instance.
1607 2608 79 33 The
1748 2593 155 45 (Hear!
1930 2589 104 35 ketv!
2053 2624 9 7 .

363 2683 100 44 right
483 2683 87 33 hon.
593 2680 216 35 Gentleman
828 2670 198 39 concluded
1051 2670 50 43 by
1126 2665 145 44 moving
1291 2665 61 32 the
1370 2659 194 37 following
1577 2656 112 33 Reso-

591 2730 97 33 That
707 2727 28 33 it
755 2730 30 30 is
796 2726 61 31 the
870 2720 152 46 opinion
1041 2717 41 32 of
1093 2717 60 33 the
1173 2715 125 38 house,
1315 2709 102 33 after
1429 2708 61 33 the
1501 2704 120 33 fullest
1637 2704 51 31 in-

364 2779 227 45 vestigation
608 2777 41 32 of
659 2776 48 32 all
730 2773 61 33 the
819 2771 175 33 evidence
1024 2764 78 34 laid
1131 2759 128 35 before
1294 2757 97 34 them
1413 2757 50 43 by
1491 2754 63 31 the
1580 2751 106 34 Coin-
1730 1767 1316 448 tgniiiitt:.N.nniitr.LivicliceibiNtbdovNottlettili,wftt)tirdteadsksitrheTmhowinhzeoth,erruriti(embsadAddounneehiai:

1730 1844 87 45 duty
1835 1843 13 33 ?
1902 1841 61 33 He
1998 1847 73 24 was
2099 1840 78 33 not,
2205 1835 185 32 however,
2418 1824 144 40 willing
2581 1826 38 27 to
2652 1817 161 44 degrade
2844 1825 69 30 ans•
2947 1822 97 26 man.

1730 1899 89 25 even
1837 1890 34 32 in
1892 1886 252 43 imagination,
2170 1881 58 32 for
2246 1879 43 32 he
2311 1873 116 46 hoped
2448 1873 28 31 it
2499 1866 119 35 would
2639 1874 109 26 never
2769 1864 46 31 be
2832 1861 161 33 realized
3011 1858 45 35 of

1731 1949 71 24 aov
1822 1936 157 33 member
2000 1932 78 33 that
2101 1930 44 32 he
2159 1925 128 34 should
2302 1925 45 31 be
2363 1918 157 46 capable
2535 1915 41 33 of
2589 1915 84 32 such
2691 1917 154 35 corrupt
2863 1918 73 22 seta
2947 1907 102 43 ility.

1740 2135 64 24 one
1828 2124 46 44 of
1897 2124 57 32 the
1978 2121 110 44 finest
2115 2115 170 33 Generals
2321 2107 170 44 England
2516 2114 81 22 ever
2630 2100 83 34 had.
2766 2098 60 33 lie
2848 2095 120 33 would
2991 2100 61 27 not

2169 2161 11 80 i
2179 2161 11 80 e
2190 2161 21 80 ti
2211 2161 11 80 n
2222 2161 11 80 s
2232 2161 11 80 t
2243 2161 11 80 l
2254 2161 11 80 s
2264 2161 12 80 )
2276 2161 24 80 .—
2300 2161 12 80 a
2321 2166 125 35 person
2473 2161 45 24 on
2551 2148 201 45 suspicion.
2805 2145 58 37 Ile
2893 2153 74 21 was
2994 2147 65 28 not

2321 2203 37 34 If

2160 2257 72 32 kiln
2251 2265 66 28 ags
2327 2262 32 22 in
2374 2203 100 32 three

2298 2310 14 21 •
2313 2310 14 21 e
2327 2310 31 21 ss

2102 2307 20 32 d
2143 2306 45 40 by
2207 2310 43 24 ex
2262 2311 35 33 pi

2164 2352 83 30 here
2267 2359 27 20 is
2309 2356 67 21 toy
2396 2353 81 24 man

2102 2409 31 22 m
2154 2399 104 32 leave
2280 2395 21 32 it
2321 2394 8 32 !
2492 2211 22 21 us
2526 2209 37 22 as
2580 2207 22 21 a
2616 2192 217 35 di:-solution
2851 2190 43 33 of
2911 2189 150 33 P:trlia-

2379 2251 32 31 ia
2435 2249 59 31 the
2520 2245 139 40 shabby
2694 2248 149 26 manlier
2872 2239 34 30 th
2911 2246 46 33 ey
2988 2235 71 33 had

2363 2298 35 31 he
2399 2298 19 31 ,
2435 2295 57 32 his
2511 2294 81 32 love
2608 2290 57 32 for
2694 2289 56 32 his
2779 2285 181 35 Country,
2991 2282 71 32 and

2500 2352 24 20 vs
2537 2341 45 30 ho
2601 2339 85 31 does
2705 2339 61 30 not
2781 2331 78 34 like
2880 2330 182 44 England,

1795 2452 93 34 Lord
1915 2452 216 33 Monrcza
2150 2440 195 46 expressed
2370 2438 52 32 his
2439 2432 223 38 convirtion,
2691 2430 81 32 that
2792 2426 61 33 the
2871 2424 139 43 charge
3025 2420 45 34 of

1746 2499 211 43 corruption
1987 2497 67 32 and
2070 2492 222 35 counivance
2314 2496 71 24 was
2404 2491 60 25 not
2481 2494 39 19 so
2538 2481 137 39 clearly
2696 2476 72 33 and
2797 2472 270 40 satisfactorily

1512 2569 39 28 to
1577 2559 109 35 avoid
1749 2546 135 45 proved
1900 2555 38 24 as
1956 2549 38 27 to
2011 2541 130 34 enable
2159 2538 72 32 him
2251 2544 37 22 to
2309 2541 206 37 pronounce
2532 2528 60 32 the
2611 2526 111 32 Duke
2741 2520 43 33 of
2799 2520 112 33 York
2930 2518 142 41 guilty.

2063 2588 24 38 f
2100 2597 54 21 ma
2174 2585 57 32 the
2251 2578 221 35 illinisterial
2496 2572 175 33 Benches!
2687 2576 11 32 )

1796 2640 109 34 After
1920 2649 20 21 a
1963 2637 69 32 few
2066 2633 116 33 words
2206 2630 92 32 from
2319 2622 59 37 tlise
2396 2622 222 35 Chancellor
2636 2619 41 32 of
2702 2615 61 34 the
2785 2613 224 44 Exchequer
3037 2611 33 32 in

1750 2686 255 45 explanation,
2040 2681 72 34 Mr.
2134 2683 171 31 Sitsmillter,
2344 2675 66 32 Alr.
2435 2667 261 35 Wilnerforre.
2732 2663 70 32 and
2826 2662 93 31 Lord
2942 2660 132 40 Henry

1756 2737 124 41 Petty,
1894 2740 35 26 to
1946 2732 118 32 whoop
2083 2727 63 34 the
2163 2721 221 38 Chancellor
2394 2719 41 32 of
2450 2718 61 32 tit:.
2531 2717 217 39 Exchequer
2771 2708 157 44 replied,
2947 2717 20 21 a
2989 2715 86 22 eon-
3123 1481 4 1297 .
3318 1481 4 1297 •
3338 1481 5 1297 ,

3318 1507 9 25 s.

3335 2428 2 1 .

3322 1878 6 18 i

3309 1935 18 38 11‘

3313 1967 15 553 it..
3328 1967 21 553 4...,

3335 2008 4 4 '

3300 2034 4 135 ..
3335 2034 5 135 1

3322 2091 7 17 4

3317 2104 33 46 t

3347 2184 1 5 .

3306 2196 2 37 '
3327 2196 22 37 •1

3320 2228 2 18 •
3334 2228 14 18 il

3344 2281 4 5 .

3326 2291 15 14 44

3330 2378 6 39 i
3335 2378 7 39 l

3345 2448 9 17 ii

3338 2487 5 12 t
3352 2487 2 12 •

3351 2542 2 2 •

3330 2550 18 22 11.

3330 2569 12 11 •,
3420 1910 13 299 ..
3433 1910 6 299 '
3439 1910 7 299 1

3424 2258 4 5 '

3428 2275 9 27 f
3437 2275 9 27 t

3321 2635 15 31 ~
3337 2635 15 31 J
3391 2197 7 459 .
3398 2197 7 459 .
3422 2197 17 459 :4
3438 2197 8 459 :

3334 2681 15 17 4;

3389 2722 1 20 .
3412 2722 7 13 ..

3430 2728 11 7 ~

365 2829 129 34 mittee
513 2825 45 34 of
570 2825 60 33 the
652 2822 123 33 whole
798 2819 128 35 house,
950 2809 207 50 appointed
1170 2815 39 27 to
1225 2804 219 41 investigate
1459 2802 61 33 the
1537 2797 154 35 conduct
1756 2781 176 34 versation
1952 2778 89 33 took
2065 2777 103 43 pl,on
2187 2774 164 30 between
2373 2769 71 32 Ali.
2470 2765 33 31 N%
2522 2761 91 33 bolo
2613 2761 18 35 -
2630 2761 73 35 tad,
2735 2758 59 31 Sir
2813 2756 40 33 J.
2878 2754 32 432 Po
2910 2754 17 432 .
2927 2754 17 432 '
2952 2760 103 24 woe-

3035 2772 15 22 .l
3066 2774 9 14 t
3327 2747 8 34 ,
3393 2735 22 103 :
3416 2735 22 103 r

371 2876 45 33 of
430 2875 63 33 the
522 2872 112 34 Duke
650 2868 45 37 of
713 2867 129 39 York,
870 2865 78 32 that
961 2862 64 34 the
1041 2857 78 35 said
1141 2855 174 34 evidence
1328 2849 133 37 atfords
1482 2855 44 25 no
1540 2843 152 45 grounds
1756 2832 57 31 Sir
1830 2829 161 32 'Flonnas
2021 2824 31 33 Z'
2065 2777 32 43 p
2772 2777 674 132 1

2215 2818 73 33 Air,
2309 2815 146 38 Yorke,
2485 2811 70 31 ana
2590 2809 69 32 Mr.
2679 2807 27 32 C
2711 2804 76 27 i
2787 2815 69 30 anumg,
2891 2811 24 20 s%
2929 2802 67 31 hivn
3017 2800 59 31 the

3333 2807 63 56 .':'

378 2926 60 31 for
451 2921 180 41 chargiuss
651 2919 53 32 his
726 2914 122 35 Rosa!
872 2910 194 44 Highness,
1091 2906 35 33 in
1139 2906 63 32 the
1217 2900 196 37 execution
1431 2896 40 33 of
1489 2904 52 22 ~IS
1558 2889 132 37 official
1755 2876 162 44 question
1954 2882 73 22 was
2207 2818 21 80 A
2229 2818 64 80 iry
2319 2815 24 79 c
2342 2815 74 79 ork
2469 2857 76 39 for,
2570 2855 67 34 and
2668 2854 63 32 the
2759 2851 107 32 house
2896 2846 152 34 divided
3065 2856 12 28 ;

3348 2878 26 33 Is
3374 2878 13 33 -

367 2970 133 39 ditties,
533 2967 90 34 with
640 2967 60 32 the
724 2960 167 47 personal
914 2954 220 45 corruption
1157 2948 141 44 alleged
1317 2944 141 45 against
1483 2942 89 38 him,
1602 2947 43 25 or
1657 2935 44 35 of
1756 2924 92 40 first,
1866 2931 44 24 on
1930 2920 59 33 Sir
2006 2917 159 33 Thomas
2184 2908 170 37 Turton's
2374 2909 27 32 A
2409 2906 215 37 memlutent,

372 3030 70 32 any
463 3017 223 33 connivance
710 3011 44 32 of
769 3012 59 31 the
846 3006 178 45 practices
1033 2999 144 37 therein
2019 2966 26 31 A
2054 2974 74 33 yes,
2147 2959 65 34 IYS
2220 2957 70 33 —N
2302 2966 73 28 oes,
2392 2957 52 30 :
2444 2957 52 30 -
2496 2957 52 30 t
2556 2950 32 43 aj
2597 2948 52 32 oil
2657 2953 53 33 tv,
2734 2944 80 33 199.
3324 2949 26 34 .s.
3383 2949 27 28 ,i.

1806 3017 80 34 The
1903 3018 93 32 next
2008 3011 156 33 division
2184 3017 71 22 was
2269 3015 45 22 on
2342 3005 59 31 the
2425 2999 221 35 Cluisicellor
2675 2993 45 34 of
2744 2998 64 27 the
2831 2986 256 46 Exchequer's
3345 2980 9 40 I
3369 2991 39 19 ...
3425 2980 9 8 '•

422 3066 76 38 Mr.
523 3064 227 32 leYrri.ETO
763 3066 19 24 N
807 3053 155 45 thought
993 3050 81 34 that
1095 3046 61 34 the
1178 3043 143 34 )(lotion
1339 3040 41 33 of
1395 3040 60 32 the
1478 3031 221 39 Chancellor
3332 3011 4 93 r
3335 3011 5 93 ,
3389 3011 27 25 st

2065 3058 6 7 .

2066 3069 74 26 toe,

373 3113 44 34 of
432 3115 60 32 the
521 3110 223 43 Exchequer
767 3115 57 22 Iva
857 3098 157 35 founded
1104 3104 44 24 lot
1167 3092 11 33 i
1244 3102 18 14 s
1283 3098 87 25 nary
1393 3085 113 43 right,
1531 3081 69 33 and
1620 3079 78 33 that

1183 3090 46 56 ma
1230 3090 22 56 r
1252 3090 24 56 i
1761 3064 126 35 second
1944 3060 113 32 esolut

1809 3061 359 90 Ares,‘SlS—Noes,
2189 3094 296 46 'o6—Majority
2507 3091 57 34 for
2581 3090 63 34 the
2657 3089 112 33 Duke
2781 3083 46 37 of
2846 3081 111 37 York
2978 3084 64 32 S.
3327 3071 7 27 .'
3345 3066 9 33 ;
3415 3061 22 34 N

374 3162 46 32 he
441 3161 116 43 ought
585 3164 64 26 not
666 3164 38 24 to
722 3149 149 37 enforce
891 3149 39 33 it.
986 3144 99 34 That
1119 3148 37 25 to
1172 3137 130 35 decide
1320 3133 167 33 whether
1505 3131 64 31 the
1590 3102 1766 59 Duke,
3417 3102 2 102 •
3445 3102 1 102 -

489 3187 21 17 a
3335 3116 9 38 i
3345 3116 9 38 ‘

376 3219 78 24 was
482 3207 122 43 guilty
635 3213 44 24 or
713 3207 80 32 not,
826 3206 92 25 were
943 3201 37 26 to
1013 3196 181 30 sentences
1220 3182 138 37 instead
1388 3180 44 34 of
1456 3177 137 41 merely
1620 3182 83 37 pre-
1809 3154 215 50 Adjourned
2036 3159 37 26 at
2093 3150 94 35 Five
2200 3146 168 34 &Clock.
3334 3137 21 67 1

3386 3172 26 67 ~..
3413 3093 33 224 /

378 3257 132 44 paring
531 3256 59 28 the
612 3261 83 32 way
716 3249 59 33 fur
793 3249 41 30 it.
867 3246 79 41 Any
969 3250 79 24 man
1069 3237 84 32 who
1172 3231 90 37 took
1279 3240 46 25 an
1341 3226 189 45 impartial
1551 3223 91 32 view
1667 3219 41 33 of
2202 3216 445 22 .....................
3417 3193 15 12 s

3333 3206 22 26 io
3407 3204 31 21 .s

376 3308 64 27 tiie
457 3301 175 34 evidence
653 3296 124 33 which
797 3293 69 33 had
883 3295 63 28 bee
952 3291 39 32 n
991 3282 170 39 unfolded
1173 3281 131 40 during
1316 3278 58 32 the
1385 3274 164 43 frequent
1564 3280 18 24 e
1593 3266 112 35 siosi-
1818 3269 84 40 The
1923 3262 230 46 Caledonia,
2169 3262 202 39 Tonnant,
2412 3255 93 37 Hies
2529 3265 120 28 ronts,
2683 3247 78 38 and
2783 3244 187 43 Bellow',
2999 3241 96 39 with

1003 3334 9 6 .

81 3372 12 51 4
93 3372 12 51 1
105 3372 37 51 11.
914 3361 21 9 SI.
984 3359 11 17 9

378 3358 58 31 n:mt
446 3350 77 33 ions
541 3347 81 33 that
648 3344 71 33 had
735 3343 110 33 token
874 3338 124 46 place
1156 3327 107 34 think
1281 3325 63 33 the
1362 3324 148 39 charges
1530 3318 66 31 hod
1617 3317 89 30 lola
1768 3337 25 54 se
1793 3337 13 54 ,
1812 3321 109 40 sterol
1958 3320 164 37 frivates
2143 3313 74 39 and
2241 3312 143 46 sloops,
2421 3306 126 37 wider
2570 3311 66 31 toto
2657 3298 222 41 command
2909 3298 47 37 of
2991 3293 43 40 Lo
3033 3293 21 40 t
3054 3293 44 40 it

2011 3351 24 18 e,
3405 3283 7 9 •
3423 3283 2 85 .

379 3398 96 33 fully
504 3391 282 38 substantiated.
839 3389 100 40 'friey
965 3391 97 25 were
1093 3383 59 30 not
1169 3372 138 48 proved
1326 3372 47 41 by
1395 3370 60 33 the
1470 3369 99 33 forst.
1594 3363 66 31 era
1661 3363 22 31 ,
1683 3363 22 31 -
1723 3363 2 69 -

1773 3374 206 40 Gambier,
2000 3366 155 41 arrived
2177 3363 63 40 ofr
2265 3358 223 43 Rochefort
2520 3371 50 22 on
2606 3361 65 31 the
2693 3353 89 38 Ilh.
2839 3350 133 39 There
2996 3359 32 27 us
3045 3359 57 26 Illf

379 3451 182 37 gninents,
583 3443 60 37 the
663 3442 39 33 th
707 3437 129 33 unders
855 3433 41 33 of
908 3432 202 43 eloquence
1126 3425 123 35 alone,
1267 3420 64 33 but
1351 3419 45 40 by
1417 3426 24 22 a
1466 3415 83 32 mid;
1560 3415 7 30 i
1577 3412 32 41 ill
1619 3410 59 31 kit
1689 3418 17 21 v
2927 3402 6 6 .
3324 3376 21 39 .i
3409 3376 17 32 S

144 3483 9 28 i
1770 3431 149 56 chance
1952 3422 48 40 of
2030 3426 17 33 ,
2047 3426 135 33 rettinn•
2356 3426 8 11 •
2211 3415 61 39 oil'
2298 3417 66 35 the
2396 3411 76 37 line
2502 3406 50 40 of
2583 3405 129 40 hat:le
2752 3403 89 53 ship
2862 3402 129 38 which
3022 3412 79 25 ISII4

2156 3451 26 18 t,
3340 3415 15 37 !'

380 3495 44 32 of
438 3487 265 39 corroborated
742 3482 142 47 proofs.
935 3480 176 35 Amongst
1146 3471 61 33 the
1234 3469 111 33 latter
1374 3472 74 25 was
1480 3463 76 32 that
1590 3469 22 20 vs
1628 3456 80 33 Isist

1774 3482 133 37 amen
1924 3489 53 26 on
1998 3474 132 39 shore.
2192 3471 83 35 One
2294 3465 60 38 •of
2370 3464 38 38 th
2414 3477 21 22 e
2463 3462 65 50 fro,
2531 3465 104 31 -files
2657 3457 40 39 th
2717 3462 28 32 .t
2770 3459 99 34 went
2893 3468 51 24 on
2965 3452 117 43 shore
3081 3452 24 43 '

381 3539 143 37 ranked
547 3542 87 28 next
652 3543 37 22 to
713 3533 61 32 the
802 3527 201 37 confession
1022 3523 43 33 of
1080 3521 60 33 the
1165 3514 168 40 accused,
1361 3511 57 33 his
1431 3506 280 40 Ittiutl-wrAileg.
2518 3493 25 19 is
2569 3510 20 8 ..

383 3589 84 33 The
485 3583 229 34 honourable
737 3578 167 34 Member
922 3574 85 33 then
1024 3566 150 37 alluded
1204 3570 38 26 to
1260 3563 60 31 the
1354 3557 137 45 regulat
1501 3557 74 31 items
1594 3552 43 32 of
1652 3557 59 25 toe
1778 3534 138 47 hassgot
1916 3534 20 47 ,
1952 3528 70 43 on,
2052 3524 76 39 and
2152 3534 30 26 is
2203 3519 193 46 rvtittiqg.
2453 3516 259 39 Vitatientic,
2748 3511 53 33 La
2820 3506 189 52 Calypso,
3030 3504 78 38 and

99 3530 2 143 •
385 3646 93 27 Near
501 3632 106 39 1630,
638 3630 105 32 when
761 3628 26 31 it
810 3635 73 22 was
900 3617 157 38 ordered
1076 3615 81 33 that
1185 3621 45 24 no
1251 3607 168 35 Member
1435 3604 43 32 of
1500 3602 61 33 the
1589 3599 123 33 House
1779 3588 51 35 Le
1848 3586 194 37 Terrence
2063 3574 150 43 French
2233 3570 183 51 frigates,
2434 3578 71 26 are
2526 3579 21 20 v
2563 3563 103 51 holly
2691 3565 228 45 destroyed.
3320 3530 18 41 4i

384 3684 45 34 of
445 3684 195 31 Commons
659 3674 133 35 should
809 3677 132 38 accept
961 3676 70 32 any
1052 3663 119 37 otbce,
1199 3667 41 24 or
1257 3665 91 24 even
1367 3652 63 38 the
1447 3647 161 47 promise
1625 3643 41 34 of
1693 3652 22 24 a
1831 3638 51 38 At
1902 3645 24 27 a
1941 3634 126 37 Court
2087 3626 48 40 of
2170 3630 197 35 Common
2388 3622 17 37 I.
2420 3632 98 24 ount
2533 3615 24 39 3
2590 3617 87 37 held
2701 3627 52 24 on
2789 3609 231 43 Thurselay,
3040 3608 72 39 the

2337 3674 7 6 •
2365 3673 6 15 .

389 3730 125 56 !place,
544 3737 22 22 v
585 3726 123 33 ithlot
728 3720 169 40 vacating
918 3715 53 34 his
991 3719 91 26 seat.
1136 3707 60 33 Ile
1208 3702 182 41 certainly
1409 3697 118 35 would
1550 3697 45 31 he
1613 3700 100 32 sorry

563 3748 7 12 1
645 3665 2 94 1
647 3665 2 94 /
650 3665 4 94 4
1780 3691 125 38 Court
1924 3679 217 59 proceeded
2164 3681 44 35 to
2237 3685 35 30 c0
2272 3685 18 30 ,
2290 3685 72 30 ,5i0
2362 3685 18 30 ,
2380 3685 38 30 .T
2438 3684 24 24 a
2487 3681 66 38 rep
2559 3672 65 34 ort
2644 3676 105 30 trout
2774 3665 69 38 the
2864 3666 249 35 Committee

3341 3661 6 32 i

3341 3772 7 32 I
3396 3782 51 26 ~:,,,,,

389 3787 99 25 were
508 3782 64 27 not
592 3772 187 34 Ministers
793 3762 163 40 allowed
971 3765 37 28 to
1028 3759 98 40 keep
1144 3754 98 34 their
1257 3758 96 26 seats
1381 3746 35 33 in
1444 3746 59 32 the
1532 3744 124 35 house,
1683 3737 35 32 in
1780 3742 48 38 of
1843 3741 85 40 CON'
1957 3733 123 41 Lands
2099 3729 171 40 relative
2303 3733 41 30 to
2373 3719 229 77 Smithfield
2626 3719 180 43 Market,
2844 3715 74 39 and
2941 3712 174 39 ordered

387 3822 11 84 o
398 3822 33 84 ftl
431 3822 21 84 7l
452 3822 21 84 ,,
474 3822 11 84 e
484 3822 11 84 w
495 3822 11 84 r
506 3822 33 84 f.r
539 3822 22 84 to
561 3822 22 84 f,
583 3822 12 84 t
595 3822 12 84 r
607 3822 12 84 e
635 3820 86 32 able
755 3823 38 25 to
811 3811 157 46 espial,'
996 3808 63 32 the
1085 3804 152 32 motives
1271 3796 43 33 of
1342 3793 99 35 their
1457 3790 168 34 conduct,
1651 3784 66 34 and

672 3878 15 20 s
715 3870 203 34 consequeu

386 3918 178 43 thinking
582 3915 83 32 that
679 3909 152 45 imearni
849 3908 35 32 di

393 3969 35 33 in
450 3966 104 32 Saint
585 3964 77 41 Ste{
911 3868 81 80 .es.
1050 3852 69 34 But
1155 3849 45 33 he
1227 3842 110 35 could
1367 3846 63 30 not
1461 3835 139 37 refrain
1626 3831 92 34 from
1786 3848 7 17 ,
1866 3843 26 38 it
1897 3857 15 22 s

895 3913 33 30 ty
953 3901 120 34 would
1093 3900 46 31 be
1153 3904 100 25 more
1271 3889 122 44 likely
1414 3893 38 27 to
1472 3886 50 33 fix
1539 3883 45 32 its
1603 3876 120 38 abode

665 3956 116 37 ,hen's
800 3953 163 45 Chapel.
993 3956 96 28 were
1113 3952 91 26 none
1230 3943 65 32 but
1329 3935 181 45 placeless
1541 3930 184 34 Members
1783 3794 65 38 the
1880 3788 240 43 Committee
2141 3789 41 31 to
2205 3778 167 53 proceed
2407 3777 35 35 h.:
2473 3789 12 22 t
2504 3777 214 34 aroanient
2739 3777 43 30 to
2802 3768 138 38 ohtwn
2963 3780 50 25 an
3035 3768 83 37 Act

1786 3846 60 38 for
1933 3836 176 44 removal
2131 3841 44 32 to
2197 3837 69 33 the
2283 3826 223 57 Spa-Field,
2538 3823 216 51 heloagibg
2770 3826 45 33 to
2838 3819 103 39 Lord
2967 3817 151 39 No,th-

2215 3886 33 12 -•

2153 3881 2 41 .
2183 3900 9 12 .
2224 3886 52 37 ,is
2282 3883 34 38 {:I
2335 3898 6 7 •
2389 3883 6 7 •
2431 3881 6 6 •

1785 3900 181 48 aropton,
1995 3904 48 26 or
2063 3896 39 30 to
2126 3889 66 37 tilt,
2213 3896 12 27 t
2243 3883 41 39 i...
2284 3883 32 39 1.1
2335 3889 207 40 adjo.u.o.,
2564 3880 207 47 Bagssigze.
2789 3870 122 40 Wells
2949 3869 83 39 bele
3032 3869 21 39 .
3074 3883 25 15 o•

2894 3892 5 30 .
2915 3900 11 17 ,
3048 3892 22 30 al
3071 3892 12 30 t
3083 3892 35 30 ..'

1788 3951 38 38 in
1873 3953 41 32 to
1939 3944 105 39 Lord
2076 3939 209 50 Caitliotp,
2314 3947 47 26 or
2391 3944 111 27 some
2539 3928 113 39 other
2685 3926 113 52 I:l4ce
2825 3935 209 39 necessary
3057 3924 65 38 for
3343 3798 15 27 ii

3343 3828 14 20 1.
3383 3759 40 270 .....1.
3423 3759 24 270 '..1

3344 3846 15 24 il
3393 3852 12 25 4,
3405 3852 6 25 ,

3343 3878 17 44 I,
3377 3879 14 25 '''

3381 3930 40 19 ~,,k

392 4015 123 33 there.
573 4011 58 32 lie
651 4006 70 34 had
742 4012 38 26 to
800 4002 115 34 thank
927 4009 46 24 an
994 3999 83 30 hon.
1104 3991 161 34 member
1285 3983 96 44 (Mr.
1403 3976 185 43 Canning)
1607 3976 119 32 whom
1828 3992 7 7 .

1789 4000 164 47 makiiqs
1975 4011 24 22 a
2017 3992 169 41 suAable
2206 3990 76 38 and
2308 3983 278 43 commodious
2608 3979 181 43 Market,
2822 3989 27 26 vs
2861 3977 57 38 ith
2952 3976 174 38 instruc.

394 4061 47 34 he
459 4059 66 33 did
544 4065 60 27 not
626 4055 174 45 perceive
826 4051 35 32 in
881 4051 59 30 the
961 4046 124 34 twos?,
1115 4039 57 32 for
1204 4046 22 21 a
1256 4032 165 34 delicate
1450 4026 159 33 allusion
1630 4028 37 26 to
1684 4029 44 25 an

391 4119 66 24 am_
464 4121 30 19 ct
452 4120 7 8 •
472 4119 7 7 •
489 4108 83 31 lote
591 4102 156 37 relating
764 4106 37 26 to
821 4098 54 32 his
891 4098 103 40 gre:it
1009 4084 253 50 gFandfatlier.
1313 4078 61 33 He
1390 4080 170 31 however
1577 4069 155 35 thouebt
1793 4054 102 39 lions
1906 4057 43 32 to
1969 4049 70 38 the
2060 4048 242 38 Conuni;.l.ce
2321 4045 43 33 to
2378 4036 139 39 obtain
2548 4033 69 39 the
2650 4033 125 48 City's
2797 4030 128 52 rights
2943 4028 78 38 and
3044 4028 80 52 pri-
3331 3950 8 41 .
3339 3950 9 41 t

3371 3946 6 125 .
3377 3946 18 125 .,:
3394 3946 51 125 ,..;,i,.

102 4165 40 175 1
404 4155 33 41 $t
456 4153 122 37 unfair
596 4146 38 41 iO
652 4150 81 39 that
745 4144 216 39 Gentleinau
990 4144 41 31 to
1061 4141 103 39 wage
1186 4135 83 31 war
1285 4126 93 38 with
1397 4128 188 38 weapons,
1615 4113 122 39 which

1753 4148 26 9 ...
1794 4115 146 43 viieges
1962 4108 44 34 to
2024 4101 48 39 be
2087 4094 197 45 extended
2301 4097 44 35 to
2363 4090 77 40 crud
2454 4098 100 30 o‘er
2572 4085 69 40 the
2655 4096 128 28 saute.

2772 4182 4 4 •

3169 4085 4 137 .
3226 4149 8 7 .
3337 4085 24 20 i.;
3403 4091 18 12 ~•
3441 4085 4 137 .

3357 4100 48 30 ~,,v
3405 4100 12 30 ,
3417 4100 12 30 -
3429 4100 13 30 ;

3337 4120 39 32 01!
3394 4130 20 14 4x'
3426 4120 1 32 ,
3442 4120 5 32 I

3338 4144 24 20 It'
3397 4144 17 20 f'
3441 4144 2 20 •

3338 4166 11 24 11
3358 4160 4 30 :
3369 4170 25 19 'tW
3399 4169 11 13 ''
3417 4160 11 25 ••
3428 4160 5 30 7
3432 4160 6 25 '
3445 4160 1 30 '

3345 4214 8 38 I
3353 4214 8 38 '
3404 4209 4 43 •
3428 4209 14 33 H

2908 4284 9 11 •

1133 86 145 51 TILE
1315 80 376 57 NATIONAL
1728 70 373 58 REGISTER.
