3449 4417
217 125 93 47 178

1103 117 145 52 TIIE
1283 107 379 58 NATIONAL
1697 102 381 67 REGISTER,

215 269 156 40 virtue.
426 272 39 38 It
494 270 33 39 is
544 270 256 51 unexpected
820 285 12 30 ;
865 268 90 44 but,
983 265 222 46 therefore,
1235 262 67 40 the
1332 272 112 27 more
1465 257 78 40 daz-

219 321 113 54 xl:ng
350 339 12 30 ;
392 322 79 39 and
502 322 161 40 assisted
683 322 53 52 by
758 322 70 39 the
857 318 190 43 artificial
1068 318 97 40 heat
1187 317 48 39 of
1267 315 67 40 the
1371 318 189 44 treasury

228 378 84 38 and
332 376 110 39 Lord
478 377 348 38 CASTLEREAGH'S
861 374 141 44 Office,
1033 376 106 34 must
1160 369 177 54 produce
1356 379 24 25 a
1411 361 159 54 growth

230 428 53 40 of
294 428 230 54 patriotism
540 428 129 40 which
687 441 93 39 may
803 428 93 39 tend
917 431 45 34 to
981 425 124 40 lessee
1127 424 50 39 its
1194 424 159 52 present
1363 417 189 41 extiorbit-

234 487 76 35 ant
328 482 123 52 price.

286 537 39 35 It
344 535 31 38 is
393 531 157 54 painful
568 539 41 35 to
631 533 141 41 reflect
791 531 96 40 that
900 533 298 39 Governments
1217 539 120 27 never
1357 536 113 40 grow
1488 534 65 27 sen-

231 586 102 41 sible
348 589 46 35 of
415 586 72 41 the
506 587 143 39 abuses
667 587 133 39 which
823 585 256 45 undermine,
1111 582 72 39 and
1217 580 185 40 threaten
1422 582 45 33 to
1486 575 69 39 sub-

230 644 93 37 vert
340 640 128 44 them,
500 639 104 40 until
624 639 70 39 the
723 637 216 54 explosion
972 637 71 39 has
1059 635 126 39 taken
1217 632 115 54 place
1346 647 13 30 ;
1390 638 48 31 or
1459 626 117 43 think

233 692 56 41 of
302 692 223 52 reforming
547 691 103 41 until
686 692 72 39 the
778 693 161 51 project
957 691 31 37 is
1023 684 319 57 impracticable.
1397 681 133 39 There
1551 693 30 25 is

234 750 81 35 not
334 758 25 27 a
394 746 196 46 courtier,
621 758 25 26 a
683 744 233 54 placeinan,
935 756 46 26 or
1017 754 53 27 an
1106 739 222 53 ex-prince,
1358 735 92 39 who
1483 744 81 48 once
1565 744 21 48 ,

235 797 137 52 rioted
391 798 41 39 in
463 797 71 40 the
561 797 243 53 corruption
836 795 126 40 which
985 793 246 41 overturned
1252 790 69 39 the
1351 788 165 39 thrones
1539 789 38 34 oi

235 850 76 40 the
330 854 244 43 BOURBONS,
604 850 90 40 that
728 849 73 40 has
819 853 74 34 not
912 846 93 41 shed
1028 857 119 40 many
1169 857 48 26 an
1239 840 236 52 unavailing
1496 844 86 33 tear

237 909 47 34 at
304 904 72 39 the
391 902 102 54 folly
513 904 79 39 and
611 907 305 48 extravagance
928 898 47 41 of
987 900 61 40 his
1063 898 154 40 former
1234 894 189 41 conduct.
1469 891 111 53 They

239 969 111 27 were
366 956 204 40 reminded
583 956 50 39 of
646 956 71 39 the
739 956 170 38 volcano
930 965 52 27 on
1003 951 131 40 which
1156 948 94 53 they
1271 958 105 28 were
1393 945 191 50 dancing,

241 1009 180 53 singing,
450 1006 175 54 feasting
641 1006 100 40 with
780 1006 105 40 their
918 1004 196 54 parasites
1131 1002 77 39 and
1246 1000 237 44 mistresses;
1515 998 71 38 but

237 1061 100 40 they
361 1059 180 53 laughed
578 1065 45 33 at
638 1059 72 39 the
730 1058 213 52 absurdity
964 1056 48 40 of
1036 1057 71 39 the
1126 1054 157 45 advice,
1311 1051 77 40 and
1409 1048 177 53 thought

239 1114 164 40 Bicetre
415 1126 26 26 a
452 1114 47 38 fit
514 1111 180 40 mansion
709 1111 70 39 for
789 1110 94 40 such
901 1122 51 27 an
963 1111 272 48 extravagant
1245 1104 124 53 wight
1382 1119 14 31 ;
1416 1115 47 26 or
1479 1114 86 26 corn-

237 1165 164 63 plained
418 1165 51 40 of
482 1165 71 40 the
563 1165 304 40 licentiousness
885 1162 51 39 of
948 1162 70 40 the
1028 1174 124 40 press,
1257 1165 77 45 got
1345 1156 69 40 the
1431 1155 157 39 adviser

240 1217 209 44 immured
489 1218 40 39 in
548 1217 69 40 the
635 1217 216 52 dungeons
872 1214 51 40 of
937 1215 69 39 the
1025 1213 161 41 bastile.
1243 1211 113 45 They
1372 1206 216 51 continued

242 1278 53 33 to
313 1283 172 28 carouse
506 1269 79 40 and
613 1276 44 33 to
672 1267 188 41 debauch
876 1266 71 40 the
964 1265 141 54 public
1123 1264 163 45 morals,
1302 1254 60 47 till
1382 1272 80 27 one
1482 1258 106 53 huge

243 1323 217 54 explosion
491 1320 227 41 swallowed
746 1318 257 46 themselves,
1033 1318 71 40 the
1134 1316 217 52 Sovereign
1371 1312 79 41 and
1467 1324 98 27 coun-

247 1383 72 46 try
340 1377 38 39 in
397 1389 80 27 one
496 1385 189 28 common
702 1372 289 53 inexpressible
1011 1371 109 40 ruin.

270 1441 78 40 We
361 1440 66 41 did
442 1440 116 40 exult
570 1437 196 53 sincerely
781 1439 78 39 and
870 1436 184 53 ardently
1064 1437 38 39 in
1115 1435 67 40 the
1196 1434 306 53 investigation,
1515 1431 73 39 and
1610 1431 1 59 '

241 1506 64 30 we
315 1493 201 40 bestowed
529 1505 79 27 our
621 1496 109 35 most
746 1491 249 53 unqualified
1016 1489 272 53 approbation
1307 1500 52 25 on
1380 1480 210 45 !tir.Wsit-

242 1561 81 25 DLE
345 1546 63 40 for
426 1545 60 40 his
501 1545 248 52 patriotism,
769 1556 196 39 courage,
981 1541 78 40 and
1075 1538 305 43 constitutional
1402 1538 165 52 indepen-

239 1599 142 40 dence.
436 1598 74 40 His
521 1596 207 56 example,
744 1609 45 28 as
807 1609 58 26 we
881 1594 162 44 forsaw,
1063 1592 133 41 would
1217 1598 133 34 create
1367 1590 223 40 emulation

244 1651 78 40 and
343 1664 52 26 an
413 1650 207 40 imitation
639 1648 50 45 of
698 1646 65 41 his
784 1646 135 53 manly
938 1646 191 40 conduct.
1187 1646 198 39 However
1402 1644 71 39 the
1491 1644 74 52 pub-

243 1703 57 40 lic
320 1716 90 40 may
428 1703 106 40 have
554 1703 100 40 been
673 1700 282 53 disappointed
977 1698 38 40 in
1036 1700 70 39 the
1119 1696 124 43 result
1256 1696 50 39 of
1317 1696 69 39 the
1400 1696 167 52 proceed-

244 1759 107 51 ings,
371 1756 96 52 they
488 1755 131 39 affori
634 1760 167 45 greater
819 1765 118 28 cause
948 1752 59 40 fit
1028 1750 182 52 triumph
1228 1752 98 37 than
1343 1748 246 53 depression.

248 1811 91 38 The
357 1809 171 39 accused
539 1809 20 38 -
559 1809 60 38 has
638 1809 104 38 been
771 1805 206 52 acquited,
1007 1804 78 39 and
1107 1817 60 26 we
1193 1802 96 39 bow
1309 1801 97 39 with
1427 1801 80 39 due
1524 1801 40 39 de-

243 1861 164 41 ference
424 1867 45 33 to
483 1860 70 40 the
565 1860 202 41 decision;
789 1859 74 38 but
880 1858 115 39 when
1017 1870 60 26 we
1098 1856 137 39 reflect
1251 1866 57 27 on
1329 1853 67 39 the
1416 1854 175 39 number

247 1915 53 39 of
315 1912 249 54 respectable
586 1912 207 40 Members
820 1909 92 40 who
930 1909 124 45 voted
1072 1906 69 40 for
1173 1909 76 38 Mr.
1267 1907 228 38 'WARDLE'S
1514 1906 58 39 ori-

249 1967 112 52 ginal
380 1967 172 43 motion,
573 1978 59 26 we
648 1963 124 41 think
790 1975 60 26 we
870 1955 99 47 have-

1003 1972 123 27 cause
1160 1965 44 33 to
1222 1958 286 53 congratulate
1526 1958 66 39 the

249 2023 197 47 country,
467 2019 90 39 that
576 2019 31 38 it
622 2027 196 41 possesses
854 2019 73 34 124
959 2011 242 43 individuals
1230 2013 40 38 in
1297 2011 70 41 the
1387 2010 65 40 list
1472 2010 51 40 of
1544 2010 51 40 its

250 2070 361 53 Representatives
630 2069 92 39 who
746 2065 183 43 consider
957 2066 50 40 its
1026 2066 165 40 interest
1212 2078 44 26 as
1285 2068 247 48 paramount
1551 2068 43 34 to

252 2135 124 40 every
396 2122 118 39 other
549 2120 249 53 obligation.
853 2122 113 35 Even
996 2118 83 39 this
1106 2118 307 48 circumstance,
1442 2117 126 52 impor-

257 2181 94 34 taut
372 2176 77 39 and
465 2173 255 51 consolatory
741 2185 44 25 as
803 2170 31 40 it
847 2171 50 45 is,
914 2183 61 26 we
994 2171 144 51 regard
1159 2181 43 26 as
1217 2181 26 26 a
1259 2169 220 52 secondary
1499 2181 72 26 con-

254 2228 240 44 sideration,
527 2228 116 38 when
673 2224 223 51 compared
924 2222 96 39 with
1050 2223 70 37 the
1149 2220 176 52 salutary
1359 2220 234 52 impression
1610 2215 1 60 !

252 2280 135 39 which
402 2278 72 40 the
502 2275 216 56 precedent
755 2274 135 41 leaves
922 2287 53 26 on
1007 2275 72 39 the
1116 2272 129 39 minds
1277 2272 50 39 of
1350 2274 71 38 the
1443 2272 148 53 public.

256 2334 133 37 There
402 2331 30 38 is
443 2343 54 26 no
509 2329 211 39 character
737 2341 44 25 so
795 2326 161 40 exalted
969 2326 39 39 in
1023 2326 122 44 rank,
1157 2327 72 38 but
1243 2339 91 38 may
1349 2326 50 38 be
1416 2326 178 53 brought

253 2391 51 32 to
319 2383 89 39 trial
428 2396 53 26 on
508 2381 168 52 charges
694 2380 53 38 of
772 2380 366 43 misdemeanours;
1169 2378 79 39 and
1267 2378 79 39 this
1367 2376 228 54 advantage

254 2435 149 40 should
422 2435 222 48 outweigh,
661 2445 106 26 even
802 2433 37 37 in
860 2431 70 39 the
948 2431 169 51 opinion
1136 2431 47 38 of
1196 2431 70 38 the
1283 2430 215 41 alarmists,
1517 2444 73 38 any

252 2487 318 40 inconvenience
591 2486 130 38 which
743 2484 69 38 the
837 2486 111 34 I):-hi
973 2497 51 25 or
1041 2485 128 35 YoaK
1191 2494 91 39 may
1302 2483 104 39 have
1423 2483 171 41 suffered
1610 2483 1 51 '

256 2542 47 38 in
321 2551 273 40 consequence
613 2538 48 38 of
676 2537 70 39 the
767 2536 195 53 pznlicity
981 2536 51 38 of
1054 2536 63 38 his
1135 2548 175 26 amours.
1367 2537 76 38 We
1461 2536 133 41 would

257 2593 139 39 advise
412 2593 128 43 them,
557 2590 207 43 however,
781 2594 71 33 not
867 2593 44 33 to
932 2588 53 39 let
1002 2590 72 37 the
1088 2588 90 39 idea
1196 2600 96 39 prey
1313 2593 72 34 too
1406 2588 122 40 much
1543 2601 52 28 on
1610 2588 1 57 1

257 2646 111 38 their
385 2643 185 52 feelings,
591 2655 44 25 as
661 2641 37 39 if
725 2641 60 38 his
804 2640 135 51 Ro!.11
958 2640 196 53 Highness
1173 2640 170 47 sliffered
1362 2653 96 40 very
1480 2640 92 53 poig-

257 2696 144 52 nantly
420 2696 107 39 from
547 2695 69 37 the
634 2693 217 40 disclosure
869 2708 11 27 ;
909 2693 65 38 for
986 2706 60 25 we
1062 2705 70 26 are
1152 2705 93 39 very
1261 2692 118 38 much
1398 2691 198 41 mistaken

257 2748 48 41 is
326 2748 89 40 that
435 2747 224 40 Illustrious
680 2748 248 47 Personage,
947 2744 35 39 if
1005 2745 53 38 he
1078 2745 31 37 k
1127 2751 73 33 not
1219 2757 43 26 as
1279 2744 241 53 completely
1541 2746 38 38 in-

260 2802 193 40 different
469 2806 44 33 to
528 2799 109 47 their
656 2798 217 51 sympathy
894 2811 44 25 as
957 2796 51 40 he
1026 2798 31 37 is
1072 2802 47 33 to
1139 2810 76 25 our
1232 2796 227 40 strictures.
1514 2799 83 37 The

260 2859 123 48 great
402 2852 105 40 fault
528 2851 39 39 in
604 2851 61 39 his
686 2850 213 39 character
919 2850 31 37 is
981 2854 72 34 not
1072 2849 202 39 excessive
1304 2849 180 52 delicacy
1502 2867 9 21 :
1543 2850 59 39 his

257 2911 215 46 contempt
493 2903 50 40 of
573 2906 96 37 Mrs.
694 2901 182 41 Clarke's
896 2913 202 32 menaces,
1139 2902 58 38 his
1230 2902 294 39 conscientious
1543 2902 38 39 in-

260 2959 219 39 difference
497 2963 44 32 to
562 2956 67 38 the
648 2954 143 41 claims
804 2954 48 39 of
867 2967 24 25 a
911 2952 149 43 female
1072 2953 105 47 who,
1198 2954 66 39 for
1281 2954 94 39 four
1390 2968 118 39 years
1524 2968 78 27 was

261 3011 74 39 the
356 3011 138 51 object
527 3008 51 40 of
606 3007 60 39 his
684 3007 159 39 dearest
862 3006 228 46 atlections,
1122 3007 69 38 the
1222 3012 136 34 centre
1393 3008 52 38 of
1472 3006 52 40 all
1543 3006 60 40 his

259 3061 233 54 happiness,
523 3061 60 39 his
609 3060 135 39 solace
781 3059 145 38 amidst
958 3057 70 40 the
1059 3059 163 51 anxiety
1253 3059 76 38 and
1361 3060 217 38 embarrass-

261 3120 133 35 ments
411 3115 51 39 of
476 3113 59 40 his
549 3113 180 39 arduous
743 3112 132 47 office,
893 3110 113 43 leave
1022 3110 105 41 little
1139 3110 130 41 doubt
1281 3110 50 40 of
1346 3110 67 41 the
1428 3112 174 39 stoicism

262 3168 54 41 of
331 3168 60 39 his
409 3165 177 54 princely
609 3164 129 40 mind.

321 3234 132 38 There
476 3233 31 39 is
523 3244 54 26 no
608 3230 263 40 observation
893 3244 44 25 so
966 3230 227 53 supremely
1211 3235 96 35 true
1324 3231 185 39 asthat
1533 3244 47 26 no-

265 3286 123 51 thing
403 3286 30 38 is
451 3299 44 25 so
515 3283 231 52 dangerous
768 3296 43 25 as
829 3296 50 25 an
901 3283 185 45 imbecile
1107 3283 143 39 friend.
1309 3283 85 38 The
1416 3287 126 35 DUKE,
1561 3285 47 38 of

270 3343 129 37 YORK
419 3343 109 33 must
544 3337 104 39 have
667 3335 79 40 felt
764 3335 69 39 the
855 3334 76 40 full
947 3335 112 40 force
1081 3337 50 39 of
1144 3335 78 40 this
1243 3337 163 39 remark
1423 3352 13 28 ;
1465 3335 64 40 for
1547 3337 59 39 his

265 3391 224 56 pretended
508 3390 234 44 advocates,
762 3389 109 38 from
891 3400 51 26 an
976 3389 267 52 intemperate
1261 3389 93 39 wish
1389 3394 45 33 to
1454 3389 149 52 displzay

265 3444 112 40 their
396 3442 87 41 zeal
513 3442 39 39 in
581 3442 61 38 his
678 3441 165 45 behalf;
887 3441 106 39 have
1026 3441 252 52 represented
1300 3441 83 39 him
1406 3454 45 26 as
1470 3455 76 26 one
1567 3444 44 38 of

267 3497 76 39 the
361 3495 196 46 weakest,
574 3493 154 46 silliest,
746 3493 79 39 and
844 3498 109 33 most
971 3493 188 52 culpable
1180 3506 91 26 men
1291 3506 53 26 on
1365 3494 67 38 the
1452 3495 157 39 surface

266 3549 56 39 .)f
335 3562 78 26 our
433 3547 138 54 globe.
630 3546 128 39 Their
772 3544 169 40 defence
961 3546 176 39 reminds
1156 3559 44 26 us
1214 3546 47 38 of
1276 3546 70 39 the
1363 3546 102 39 bear
1485 3547 37 38 in
1541 3547 66 39 the

272 3601 130 46 fabie,
443 3600 77 40 and
569 3599 59 40 his
666 3612 52 26 au
729 3598 157 45 kward,
917 3596 156 52 clumsy
1111 3598 84 39 zeal
1237 3599 66 38 for
1336 3598 61 40 his
1431 3598 177 53 sleeping

267 3656 181 39 friend..
507 3650 115 46 Tht:y
664 3651 89 39 also
797 3648 191 51 knocked
1036 3656 76 34 out
1155 3651 69 38 the
1269 3652 163 38 DUKE'S
1479 3652 130 39 brains

265 3707 103 51 (and
397 3718 115 27 some
543 3717 164 40 persons
743 3702 115 53 insist
894 3703 92 39 that
1019 3703 136 38 brains
1186 3715 72 28 are
1286 3716 25 25 a
1346 3716 100 39 very
1479 3705 129 39 useful

270 3758 150 41 article
462 3763 47 35 to
556 3770 24 25 a
630 3754 276 44 Commander
948 3754 15 39 -
964 3754 32 39 in
1054 3755 136 50 Chief)
1248 3755 117 41 when
1410 3756 96 53 they
1548 3771 40 25 re-

266 3811 220 56 presented
536 3809 103 48 him,
674 3809 73 39 for
781 3806 93 43 four
908 3819 133 41 years,
1090 3821 43 26 as
1167 3808 69 39 the
1259 3808 213 40 miserable
1506 3809 104 53 dupe

267 3866 57 39 of
346 3865 70 40 the
433 3868 129 35 worst
576 3861 50 40 of
648 3873 188 28 women...
875 3857 47 41 If
934 3857 70 47 she
1018 3872 81 27 was
1117 3860 70 40 the
1204 3857 228 57 despicable
1444 3863 163 45 wretch,

265 3919 78 40 the
361 3918 90 39 insa
1243 3913 133 52 depict
1395 3913 89 46 her,
1504 3915 106 39 what

263 3972 172 52 opinion
1224 3966 69 39 the
1312 3979 107 28 man,
1440 3967 92 39 who
1551 3981 39 26 sa-

262 4024 171 41 crificed
1230 4018 67 39 the
1326 4025 149 33 esteem
1495 4019 47 40 of
1566 4036 44 25 so

259 4076 183 43 worthie
1222 4071 50 39 of
1297 4072 163 39 curious
1474 4085 112 40 specu-

262 4131 132 40 lation
1365 4124 138 40 before
1543 4128 69 38 the

259 4186 110 43 Sena
1212 4155 77 61 red
1307 4176 53 52 by
1383 4174 80 43 Mr:
1485 4180 124 39 WAa-

2585 100 254 48 MARCH
2884 103 59 46 19

1637 265 89 25 DIX.
1783 252 61 37 To
1867 250 51 37 be
1931 244 221 43 convinced
2169 244 50 39 of
2229 257 50 26 an
2294 244 206 52 impartial
2520 243 176 39 decision
2718 254 52 27 on
2794 241 70 39 the
2883 246 93 47 part

1646 304 47 39 of
1709 302 89 39 that
1818 302 224 39 illustrious
2057 299 124 52 body,
2207 309 61 26 we
2300 296 79 39 will
2399 309 54 39 go
2476 295 106 40 back
2601 302 44 33 to
2675 296 69 38 the
2776 295 137 50 period
2935 293 46 40 of

1638 357 67 38 the
1723 356 144 39 second
1889 353 128 40 Punic
2033 353 120 43 War;
2183 350 78 39 and
2280 350 184 40 consider
2489 350 71 38 the
2580 348 110 39 e:der
2718 350 252 37 AFRICANUS

1639 422 41 26 as
1700 409 69 39 the
1802 412 120 48 party
1943 404 183 43 accused.
2184 403 89 40 The
2294 403 142 39 choice
2461 404 33 37 is
2515 402 137 39 rather
2686 400 80 39 auk
2776 399 123 45 ward,
2915 412 63 25 we

1641 461 287 53 acknowledge
1944 476 12 30 ;
1997 458 65 40 for
2091 470 78 27 our
2187 456 181 41 Readers
2386 454 78 40 will
2486 454 197 53 probably
2709 451 189 40 recollect
2926 464 54 27 au

1642 515 224 39 adventure
1885 511 50 40 of
1967 511 90 41 that
2083 509 99 41 hero
2211 508 133 40 whilst
2380 507 51 40 he
2460 507 269 39 commanded
2766 506 38 39 in
2841 504 137 52 Spain,

1645 567 142 47 which,
1807 567 208 39 whatever
2029 562 211 53 similarity
2258 562 116 39 there
2388 573 92 39 may
2498 561 51 38 be
2565 560 40 38 in
2622 557 177 52 military
2817 561 165 41 talents,

1645 620 117 40 raises
1795 624 113 35 some
1941 617 130 40 doubt
2099 615 181 40 whether
2314 614 72 39 the
2426 618 84 34 two
2550 611 282 41 commanders
2872 622 106 26 were

1645 672 158 54 equally
1826 669 170 44 sensible
2015 676 43 33 to
2075 669 67 39 the
2161 666 242 53 fascinating
2419 678 159 40 powers
2611 665 50 38 of
2676 664 168 52 beauty.
2902 666 81 35 But

1650 739 58 26 we
1729 724 76 41 will
1824 730 73 35 not
1913 736 107 41 press
2039 720 69 40 the
2125 720 253 53 speculation
2395 724 72 34 too
2487 718 65 39 far
2569 733 12 27 ;
2611 716 78 39 and
2709 715 79 39 will
2819 716 162 38 confine

1648 777 202 41 ourselves
1881 782 46 35 to
1948 776 70 40 the
2034 774 276 45 observation,
2340 772 90 39 that
2448 771 34 39 if
2496 770 81 39 this
2607 768 201 53 supposed
2841 780 119 26 occur-

1649 844 116 26 rence
1782 830 80 40 had
1881 829 128 39 taken
2029 826 126 53 place,
2178 839 100 27 even
2301 839 52 26 on
2370 824 67 39 the
2458 824 242 47 anniverary
2715 821 48 39 of
2776 821 67 39 the
2856 820 128 39 battle

1650 883 48 39 of
1711 886 136 43 Zama,
1881 882 69 39 the
1970 881 118 40 order
2107 879 48 38 of
2170 879 69 39 the
2259 876 222 43 illustrious
2502 878 165 39 Roman
2683 880 41 34 to
2745 874 61 39 his
2826 873 157 51 Judges

1652 941 40 34 to
1711 935 143 40 follow
1887 934 85 39 him
1994 938 43 33 to
2055 932 69 39 the
2143 930 169 54 capitol,
2339 930 38 39 in
2394 930 122 39 order
2535 934 45 33 to
2601 933 136 33 return
2765 925 154 41 thanks
2937 932 46 33 to

1651 989 67 39 the
1739 989 110 39 Gods
1867 987 66 40 for
1956 986 89 39 that
2066 983 252 43 memorable
2346 987 138 44 event,
2502 980 138 40 would
2665 985 74 35 not
2757 979 107 39 have
2885 979 100 39 been

1652 1055 43 26 so
1716 1039 213 53 implicitly
1951 1038 171 52 obeyed.

1702 1122 74 38 We
1798 1119 80 41 will
1896 1133 93 26 now
2006 1117 107 40 close
2126 1130 78 27 our
2220 1116 209 40 strictures
2448 1128 53 27 on
2522 1113 80 41 this
2617 1114 154 51 subject
2796 1111 67 41 for
2877 1126 111 27 ever.

1655 1174 109 54 They
1786 1172 105 41 have
1909 1173 145 39 caused
2069 1183 44 26 us
2127 1183 111 26 some
2258 1168 109 54 paiu,
2388 1168 77 39 and
2481 1180 59 26 we
2559 1179 124 26 never
2709 1166 231 39 undertook
2963 1180 25 24 a

1655 1226 90 40 task
1770 1225 98 39 with
1902 1230 163 48 greater
2083 1222 246 40 reluctance.
2386 1222 81 38 But
2502 1232 123 40 every
2660 1219 171 43 motive,
2856 1219 130 38 which

1655 1278 118 40 could
1794 1278 201 40 influence
2013 1277 69 40 the
2099 1276 144 39 citizen
2263 1274 80 40 and
2376 1274 69 39 the
2467 1285 111 35 man,
2596 1272 139 39 forced
2757 1284 45 26 us
2822 1276 45 35 to
2893 1284 71 40 pur-

1656 1345 69 26 sue
1742 1331 67 40 the
1830 1331 96 52 path
1949 1343 60 26 we
2026 1330 104 40 have
2150 1328 141 40 taken.

1709 1411 125 38 Great
1853 1422 152 39 energy
2026 1407 76 40 and
2120 1410 119 48 great
2257 1416 178 39 courage
2454 1415 69 27 are
2542 1402 191 54 requisite
2754 1402 38 38 in
2813 1401 70 40 the
2902 1414 67 39 pre-

1655 1467 86 34 sent
1760 1462 135 46 crisis;
1926 1462 79 39 and
2023 1461 69 39 the
2112 1459 194 51 tendency
2328 1457 50 38 of
2401 1470 74 25 our
2494 1469 93 38 age,
2624 1456 38 38 in
2682 1455 128 40 direct
2830 1460 138 33 contra-

1657 1515 150 46 diction
1838 1521 48 33 to
1918 1528 25 26 a
1976 1514 170 52 flippant
2181 1509 193 40 assertion
2412 1508 51 40 of
2490 1511 79 38 Mr.
2591 1509 196 39 CANNING
2819 1508 77 38 and
2933 1507 60 38 his

1657 1567 159 45 friends,
1833 1569 31 39 is
1876 1567 137 40 rather
2028 1573 43 32 to
2089 1565 151 44 flatter,
2261 1563 97 39 than
2373 1567 43 34 to
2432 1561 176 45 defame,
2627 1574 90 26 men
2735 1559 137 40 vested
2895 1560 97 38 with

1657 1633 149 39 power.
1852 1623 81 37 But
1946 1619 40 40 in
2009 1619 69 39 the
2101 1618 106 39 hour
2232 1616 48 40 of
2290 1616 167 52 danger,
2479 1613 145 40 should
2639 1615 31 39 it
2685 1628 97 26 ever
2794 1613 148 44 arrive,
2965 1613 32 38 it

1659 1672 74 40 will
1748 1672 48 39 be
1817 1672 97 39 then
1931 1685 91 26 seen
2035 1672 89 38 that
2140 1671 69 39 the
2228 1682 164 39 persons
2406 1668 90 39 who
2515 1680 70 26 arc
2597 1680 89 25 now
2704 1667 181 39 branded
2897 1667 63 37 wit
2970 1667 24 37 h

1659 1726 66 39 the
1744 1726 157 51 epithet
1920 1724 52 39 of
1985 1722 207 46 Jacobins,
2225 1721 78 39 will
2321 1719 150 54 display
2497 1731 41 26 as
2555 1719 120 39 much
2698 1719 150 39 ardour
2869 1719 37 39 in
2926 1719 71 39 the

1654 1778 165 39 defence
1837 1778 51 39 of
1897 1778 106 39 their
2020 1781 191 46 country,
2225 1775 74 38 and
2319 1775 172 52 perhaps
2504 1785 130 32 more,
2650 1770 98 39 than
2763 1772 117 38 those
2898 1783 97 39 very

1658 1843 86 26 mon
1763 1830 89 39 who
1869 1843 70 26 are
1954 1843 87 26 now
2056 1830 37 39 in
2109 1828 67 39 the
2191 1827 220 53 possession
2430 1825 48 38 of
2489 1825 50 38 its
2558 1824 158 51 highest
2735 1825 194 37 honours.
2961 1827 37 34 It

1658 1883 30 39 is
1707 1884 67 40 the
1795 1889 106 32 most
1923 1881 200 52 revolting
2143 1880 217 44 insolence,
2381 1892 41 26 as
2443 1876 87 39 well
2551 1889 43 27 as
2611 1876 71 39 the
2704 1881 104 33 most
2826 1877 148 51 danger-

1658 1948 71 27 ous
1747 1936 124 39 abuse
1889 1935 50 38 of
1954 1935 226 51 authority,
2210 1938 44 34 to
2281 1944 142 28 accuse
2443 1928 259 46 individuals,
2733 1929 91 38 who
2845 1929 154 39 benefit

1659 1988 66 39 the
1747 1994 102 33 state
1869 1989 52 51 by
1943 1988 107 39 their
2066 1985 170 41 labours
2251 1985 77 39 and
2349 1984 164 45 talents,
2533 1982 46 37 of
2596 1982 315 39 disaffectionsto
2930 1981 67 40 the

1658 2041 304 39 establishment
1978 2057 12 26 ;
2019 2039 175 40 because
2220 2037 93 51 they
2337 2050 69 26 are
2426 2041 76 34 too
2531 2034 285 53 independent,
2846 2048 48 26 or
2927 2039 71 33 too

1661 2093 141 40 honest
1832 2098 45 34 to
1897 2094 151 39 bestow
2078 2091 313 40 indiscriminate
2420 2089 273 51 approbation
2714 2100 53 26 on
2792 2100 119 40 every
2935 2092 66 34 act

1659 2145 48 39 of
1722 2159 25 25 a
1766 2144 202 41 Minister.
2026 2145 85 39 The
2130 2140 261 57 impartiality
2413 2143 48 38 of
2476 2143 107 37 their
2603 2153 165 26 censnre
2781 2140 31 35 is
2833 2140 69 37 the
2923 2145 78 32 test

1659 2193 50 43 of
1719 2199 105 38 their
1843 2197 383 43 disinterestedness,
2245 2194 64 39 for
2328 2194 69 39 the
2417 2194 99 38 road
2541 2198 40 33 to
2597 2191 233 40 ministerial
2852 2191 149 39 favour

1661 2250 31 38 is
1709 2251 158 39 neither
1883 2250 182 40 freedom
2086 2248 50 40 of
2152 2248 221 51 judgment
2395 2259 74 26 nor
2489 2258 52 27 an
2563 2245 163 39 avowed
2748 2244 254 39 abhorrence

1659 2303 48 38 of
1719 2303 256 51 corruption.
2033 2303 80 38 But
2130 2301 117 38 there
2268 2301 31 38 is
2326 2313 25 26 a
2369 2298 152 40 reward
2545 2298 61 39 far
2635 2298 135 38 above
2792 2297 69 38 the
2888 2296 115 39 smile

1659 2355 47 38 of
1720 2370 25 24 a
1765 2357 129 38 Court
1912 2355 79 40 and
2019 2354 67 40 the
2106 2357 228 48 patronage
2354 2352 50 40 of
2430 2365 24 25 a
2476 2352 203 41 Minister;
2711 2350 78 38 and
2817 2349 89 38 that
2940 2363 41 25 re-

1659 2420 220 41 compence
1897 2420 122 39 every
2049 2419 93 26 man
2169 2419 89 39 may
2282 2404 83 39 find
2396 2405 39 38 in
2456 2405 72 38 the
2546 2404 194 52 applause
2770 2400 51 40 of
2833 2402 61 38 his
2913 2415 90 25 own

1659 2461 248 39 conscience.
1967 2461 131 39 There
2117 2458 45 47 is,
2183 2457 170 45 besides,
2385 2457 38 38 in
2454 2469 113 26 some
2588 2457 163 38 bosoms
2770 2467 24 26 a
2812 2469 163 25 consum-

1661 2513 69 53 ing
1761 2515 93 39 love
1892 2512 51 40 of
1964 2512 201 46 freedom,
2212 2524 48 25 an
2296 2511 152 39 intense
2477 2509 143 39 hatred
2656 2507 50 39 of
2732 2509 237 51 corruption
2991 2523 13 28 ;

1662 2567 103 39 their
1785 2565 156 53 loyalty
1972 2567 30 38 is
2028 2569 73 37 not
2128 2563 208 40 fashioned
2366 2576 74 25 nor
2469 2559 226 41 calculated
2717 2561 221 51 according
2959 2565 45 33 to

1662 2619 69 40 the
1749 2619 142 52 profits
1910 2619 32 39 it
1977 2631 93 39 may
2104 2617 208 52 produce;
2340 2616 96 50 they
2470 2615 92 39 love
2594 2614 109 39 their
2720 2619 172 47 country
2916 2626 66 40 pas-

1662 2672 213 51 sionately,
1891 2672 80 39 and
1989 2670 128 39 detest
2131 2669 98 40 such
2250 2683 43 25 as
2309 2669 223 39 dishonour
2554 2668 43 37 it.

1906 2785 294 44 FOREIGN
2237 2783 520 46 INTELLIGENCE.

1946 2917 152 34 FROM
2126 2916 107 35 TILE
2264 2916 188 34 DUTCH
2485 2914 231 35 PAPERS.

2117 3046 207 22 ItfILLETIN
2354 3045 50 24 Or
2433 3044 52 25 Tyr
2494 3044 22 24 r
2544 3044 123 25 ARMY
2694 3044 52 24 OF
2773 3045 133 24 SPAIN.

1720 3109 28 20 44
1770 3103 87 39 The
1881 3102 122 40 Duke
2022 3103 48 40 of
2094 3102 206 40 Dalmatia
2320 3102 157 39 arrived
2499 3106 43 34 at
2561 3104 91 50 Toy
2672 3115 51 26 on
2743 3102 72 39 the
2839 3103 90 39 10th
2965 3102 48 40 of

1671 3156 223 52 February.
1952 3157 86 38 The
2055 3155 129 39 whole
2205 3156 191 51 province
2426 3154 30 39 is
2474 3154 196 40 subdued.
2730 3156 64 38 He
2811 3155 194 40 collected

1670 3207 51 39 all
1742 3209 59 38 his
1819 3209 133 39 forces
1975 3208 37 38 in
2033 3208 118 39 order
2170 3213 45 33 to
2243 3220 109 26 cross
2372 3207 69 39 the
2469 3207 144 38 Minim
2635 3220 52 25 on
2707 3207 69 39 the
2794 3207 210 54 following

1670 3261 91 51 day.
1820 3263 61 38 lie
1907 3274 83 25 vas
2010 3267 40 32 to
2070 3260 118 39 reach
2211 3263 158 47 Oporto
2395 3260 180 39 between
2595 3260 70 39 the
2683 3261 92 38 13th
2798 3261 78 39 and
2893 3263 115 45 20th,

1672 3314 76 38 and
1770 3314 146 39 Lisbon
1939 3313 180 40 between
2141 3314 69 38 the
2229 3313 97 38 20th
2347 3312 77 39 and
2443 3313 115 38 28th.

1727 3394 26 20 66
1774 3389 87 39 The
1894 3389 163 52 English
2096 3389 106 39 have
2229 3387 221 40 embarked
2472 3393 43 33 at
2554 3389 175 45 Lisbon,.
2752 3389 39 39 in
2825 3389 119 40 order
2965 3394 45 33 to

1674 3441 187 39 abandon
1881 3441 211 53 Portugal.
2151 3444 86 35 The
2258 3454 99 39 rage
2373 3441 48 39 of
2435 3441 69 39 the
2524 3443 257 51 Portuguese
2802 3456 80 24 was
2902 3448 43 33 at
2960 3443 51 38 its

1675 3498 151 33 utmost
1843 3494 159 51 height,
2019 3494 74 39 and
2114 3506 119 39 every
2255 3495 76 50 day
2344 3493 278 41 considerable
2642 3495 76 39 and
2741 3495 150 52 bloody
2911 3509 74 25 con-

1676 3547 102 39 flicts
1798 3547 180 39 between
1998 3547 67 39 the
2088 3549 250 47 Portuguese
2365 3546 76 39 and
2465 3546 165 52 English
2652 3548 102 38 took
2778 3548 130 51 place.
2965 3550 47 37 In

1676 3599 170 39 Gallicia
1870 3600 69 39 the
1950 3600 118 39 Duke
2080 3600 48 39 of
2135 3600 231 51 linchingen
2382 3599 74 38 had
2471 3600 229 50 completed
2718 3601 67 38 the
2798 3599 189 52 organiza-

1675 3651 83 40 tion
1773 3652 50 38 of
1837 3652 71 39 the
1928 3652 207 53 province.
2167 3651 177 40 Admiral
2370 3653 234 38 :',lassaredo
2623 3654 31 37 is
2673 3653 159 39 arrived
2854 3658 44 34 at
2919 3656 71 37 Fer-

1677 3704 74 47 ro!,
1772 3706 79 38 anti
1871 3705 72 39 has
1963 3706 131 53 begun
2114 3710 45 33 to
2180 3706 136 38 revive
2334 3705 70 38 the
2430 3704 165 40 labours
2613 3706 51 38 of
2678 3707 91 38 fiat
2789 3705 226 53 important

1676 3757 171 40 arsenal.
1905 3761 130 37 Peace
2063 3758 31 38 is
2113 3757 175 39 restored
2321 3757 38 38 in
2381 3756 51 39 all
2453 3758 71 38 the
2554 3758 214 51 provinces
2800 3759 125 39 under
2944 3759 70 39 the

1676 3811 216 39 command
1911 3811 51 39 of
1977 3811 67 39 the
2059 3810 123 40 Duke
2199 3810 47 38 of
2264 3810 130 41 Istria,
2424 3810 131 39 which
2578 3811 48 38 lie
2643 3811 181 40 between
2845 3811 69 39 the
2935 3814 53 51 Py-

1680 3878 146 32 renees,
1859 3865 71 39 the
1958 3878 83 31 sea,
2078 3862 215 53 Portugal,
2334 3862 77 40 and
2444 3865 72 38 the
2554 3865 117 39 chain
2704 3865 50 39 of
2784 3865 235 39 mountains

1680 3917 125 38 which
1826 3930 125 26 cover
1972 3915 170 40 Madrid.
2176 3917 182 52 Security
2381 3915 158 40 follows
2558 3917 99 52 days
2676 3918 47 38 of
2738 3917 181 45 disorder
2936 3918 81 39 and

1677 3969 239 40 desolation.
1977 3969 113 52 Daily
2108 3969 260 51 deputations
2402 3969 133 52 repair
2571 3983 52 25 on
2661 3970 52 38 all
2753 3970 100 39 sides
2883 3976 43 32 to
2948 3970 70 40 the

1680 4020 120 51 King.,
1834 4028 41 33 at
1897 4022 174 40 Madrid.
2130 4022 369 51 Re-organization
2533 4023 78 38 and
2633 4022 138 52 public
2803 4024 115 50 spirit
2946 4036 72 27 are

1677 4075 163 52 quickly
1861 4075 209 52 springing
2091 4088 52 39 mp
2164 4075 125 38 under
2308 4076 70 37 the
2396 4088 89 25 new
2513 4075 358 40 Administration.
2928 4076 91 39 The

1683 4127 117 39 Duke
1815 4127 48 39 of
1894 4128 150 39 Beluno
2066 4128 70 38 has
2156 4128 190 39 marched
2373 4131 43 34 to
2435 4128 176 48 Badaios
2631 4146 11 27 ;
2674 4129 52 39 IR:
2746 4131 73 37 has
2839 4128 180 41 restored

1678 4183 41 37 to
1739 4192 123 41 peace
1894 4181 77 40 and
2001 4180 200 41 disarmed
2236 4180 70 43 the
2333 4180 132 41 whole
2484 4181 51 40 of
2551 4183 143 39 Lower
2709 4182 308 44 strema.dura.

870 3914 9 6 ,

430 3914 146 41 atiable
596 3912 236 56 harpy,the
846 3909 4 58 .
886 3909 90 45 *re..
992 3909 161 56 pleased
1169 3919 41 32 to

430 3969 81 40 Ido
527 3969 96 51 they
645 3966 17 40 f
661 3966 17 40 ,
704 3985 11 17 4
732 3964 9 56 :
771 3964 11 56 .
791 3964 30 56 1..
857 3983 26 17 .1
896 3970 7 8 .
956 3985 11 26 :
1007 3964 73 40 rtai
1081 3964 19 40 n
1100 3964 19 40 .
1147 3965 24 39 o
1170 3965 25 39 f

430 4018 4 44 1
451 4022 113 40 hono
767 4028 13 8 -
870 4018 48 28 s-
970 4018 4 44 -
1072 4036 8 18 s
1157 4022 44 35 to

595 4054 47 20 40.
827 4061 12 27 t
933 4044 84 34 ,..Ivc
1017 4044 13 34 ,
1071 4068 9 12 ..
1109 4045 11 18 '

430 4089 45 26 ass
500 4093 6 15 ,
574 4077 8 37 :
815 4110 18 8 ...
1065 4109 13 9 ,
1107 4075 5 44 ,
1127 4075 78 34 tier

592 4126 6 9 ,
1198 4123 7 7 .

443 4141 45 27 se
510 4123 5 65 i
515 4123 5 65 ,
535 4134 21 46 ;
640 4155 6 5 .
1036 4123 5 65 .
1089 4142 13 7 -
1153 4136 40 25 ra
1198 4123 18 56 il

1033 4155 13 28 1
1046 4155 14 28 4
1098 4172 8 7 .
1122 4162 9 26 k
1212 4155 4 33 t

441 4201 8 15 4
469 4176 5 44 I
1057 4189 12 31 %
1106 4209 9 6 .
1162 4176 53 40 dui

430 4231 52 38 1
659 4231 60 38 (
778 4231 118 38 ,
1042 4231 13 38 I
1055 4231 13 38 f
1080 4231 28 20 o&
1114 4231 5 38 .

516 4286 39 43 V.

1050 4318 30 46 .
1080 4318 31 46 7

580 4276 2 20 ,
676 4281 6 14 i
702 4276 6 13 '

569 4298 8 9 '
583 4297 15 27 \
633 4313 6 7 s

530 4329 14 20 i
553 4328 18 13 ..

585 4333 11 18 ~

622 4338 47 67 ;.,

778 4341 7 4 -
807 4326 18 60 1
824 4326 19 60 1

542 4346 85 52 4l
627 4346 28 52 o
681 4350 30 14 I.'

738 4380 21 19 /
983 4365 26 27 %
1009 4354 65 41 4:'

4 2426 6 13 ,

20 2649 50 50 "I'

3196 1200 15 128 i

3430 99 17 50 l
