3449 4417
1133 65 144 51 TILE
1316 64 377 53 NATIONAL
1729 65 381 51 REGISTER.

221 70 92 45 186

201 194 118 34 %%orld
341 196 87 44 thvy
446 195 85 44 felt,
556 196 71 35 and
647 207 97 25 were
765 197 112 46 reialy
893 207 37 26 to
941 200 180 35 condemn
1140 201 156 34 conduct
1312 213 40 24 so
1369 203 180 46 palpably

275 250 126 27 Irroct.

253 291 76 34 Air.
351 294 198 43 Secretary
566 291 59 37 Cot
637 302 21 24 !V
669 301 116 27 NING
804 305 45 24 141
849 305 15 24 ,
865 305 15 24 4
902 295 117 44 ready
1036 301 39 28 to
1095 296 116 34 admit
1232 296 78 34 that
1332 308 96 24 were
1448 299 103 34 there

203 348 73 28 zany
296 350 83 24 man
400 340 33 32 in
454 340 79 33 that
563 340 125 34 House
752 341 45 32 ho
813 343 117 45 might
951 344 43 33 be
1013 353 104 24 more
1133 345 244 45 particularly
1398 347 150 44 pointed

202 396 65 24 eat
283 397 40 22 as
348 385 78 37 free
458 386 93 34 from
570 398 115 33 every
705 389 91 34 kind
826 393 38 30 of
899 392 117 33 undue
1046 390 202 35 influence—
1265 393 43 33 •if
1322 394 102 34 there
1453 404 96 25 were

203 444 69 24 thoe
289 442 38 26 to
350 433 122 34 whom
491 436 65 32 the
575 443 154 37 country
751 438 139 38 would,
911 449 44 24 on
976 439 64 33 the
1058 448 146 34 present
1222 442 188 39 occasion,
1430 442 117 35 above

202 481 53 33 ;.11
275 481 138 39 others,
446 482 90 34 look
566 488 35 27 to
622 483 58 33 for
705 494 47 25 an
771 484 154 45 opinion
954 488 110 40 given
1081 497 47 22 on
1146 488 157 41 ground,
1322 489 174 34 destitute
1512 491 41 33 of

201 531 132 39 teiord
350 537 37 25 to
403 539 112 37 party
535 541 41 22 or
594 539 269 34 management,
891 533 44 33 he
954 534 69 35 had
1045 533 167 35 believed
1234 536 25 32 it
1277 547 79 24 was
1372 536 63 34 the
1449 537 98 35 Hon.

204 579 234 33 tieatleman.
494 579 61 33 He
582 579 71 33 had
671 579 148 46 always
850 581 91 33 been
960 580 182 38 confident
1173 582 79 34 that
1284 583 99 34 lion.
1406 585 129 34 Gentle

202 634 86 24 wan
304 625 124 34 would
446 634 65 26 not
530 628 248 41 compromise
800 628 56 34 his
875 628 154 45 feelings
1046 630 45 33 of
1097 627 137 45 justice
1254 643 46 21 on
1318 632 61 32 the
1397 631 132 46 import-

204 679 63 28 ant
285 674 188 41 question,
497 683 67 25 nor
583 674 110 44 begin
711 685 86 24 now
816 683 37 26 to
872 685 59 25 act
952 678 60 34 the
1045 684 85 37 part
1150 677 44 32 of
1213 690 21 21 a
1256 680 293 46 parliamentary

204 720 194 34 tactician.
452 723 97 34 Such
570 732 76 24 was
664 722 63 34 the
743 725 243 43 expectation
1006 725 46 34 he
1071 726 70 32 had
1161 728 229 33 entertkined
1420 728 44 32 of
1488 729 63 34 the

203 768 157 34 conduct
376 768 47 35 of
437 769 64 35 the
529 769 247 35 Honourable
795 771 230 41 Gentleman,
1052 775 71 32 and
1143 774 43 32 he
1205 781 91 26 must
1315 775 136 34 confess
1468 775 81 35 that

204 814 50 34 lie
287 827 77 24 saw
396 819 91 32 with
507 819 163 41 surprise
694 817 64 34 the
788 829 129 24 course
947 820 128 35 which
1107 820 44 33 he
1186 819 71 35 had
1292 822 125 34 taken.
1468 823 80 34 The

206 861 252 38 _Honourable
484 866 217 34 Gentleman
732 876 76 22 was
843 868 202 44 persuaded
1083 867 80 34 that
1193 867 60 34 the
1276 868 130 44 House
1436 873 111 40 ought

204 917 41 26 to
256 921 105 22 come
373 918 39 27 to
422 924 22 22 a
456 912 164 35 decision
635 913 123 33 which
775 915 120 33 would
914 915 94 33 have
1019 917 63 34 the
1094 917 106 34 effect
1212 915 43 34 of
1265 918 208 44 displacing
1488 922 60 30 the

207 957 115 35 Duke
340 958 46 35 of
398 961 117 34 York
533 959 96 37 from
647 961 56 33 his
722 963 33 32 0
787 961 53 34 ice
850 964 44 32 of
909 964 247 34 Commander
1170 964 33 32 in
1221 964 135 39 Chief;
1374 969 59 32 but
1450 966 66 34 aft'
1533 977 18 24 :•

203 1005 110 34 allow
327 1007 60 43 ing
399 1009 50 34 all
465 1009 65 33 the
543 1009 139 44 weight
700 1009 125 34 which
841 1019 74 25 was
933 1010 71 34 due
1018 1018 38 27 to
1071 1012 63 33 the
1143 1019 47 35 aro
1191 1019 32 35 i'
1222 1019 129 35 onients;
1364 1025 46 21 on
1427 1015 120 34 which

206 1052 47 35 he
269 1052 157 37 founded
446 1056 81 33 that
544 1057 170 44 opinion,
742 1057 77 34 still
839 1061 28 31 it
887 1068 77 24 was
983 1069 90 34 very
1097 1061 171 33 doubtful
1290 1062 168 33 whether
1486 1062 61 34 the

203 1101 132 34 'Louse
363 1114 12 22 t
386 1104 89 33 cold
491 1104 47 34 be
550 1106 227 40 warranted,
791 1109 38 28 to
843 1115 104 25 come
960 1110 38 30 to
1009 1107 91 34 such
1116 1117 24 22 a
1153 1114 102 26 vote.
1277 1106 90 35 Was
1380 1109 25 32 it
1417 1108 130 35 candid

201 1153 201 31 treatment
419 1155 39 31 to
477 1152 63 33 the
556 1152 210 34 Illustrious
784 1153 207 44 Personage
1009 1155 123 35 whose
1146 1166 80 22 ease
1245 1166 76 22 was
1337 1157 110 33 'older
1462 1167 64 25 con-

201 1194 208 37 sideration
426 1204 39 28 to
482 1205 60 27 act
562 1199 81 33 thus
660 1199 13 32 ?
730 1199 87 35 Was
834 1200 87 34 such
939 1212 25 24 a
979 1201 223 44 proceeding
1221 1204 196 39 respectful
1436 1211 35 27 to
1486 1205 61 33 the

201 1244 81 34 first
304 1244 209 46 Personage
534 1246 34 33 in
595 1246 61 34 the
678 1247 204 39 Kingdom,
899 1254 40 28 to
960 1248 123 34 whom
1111 1251 61 33 the
1195 1251 157 39 Address
1374 1263 72 21 was
1463 1263 65 33 pro-

201 1291 117 45 posed
337 1303 40 22 to
400 1293 46 34 be
472 1293 217 44 presented?
746 1296 90 33 Was
870 1296 28 33 it
921 1298 200 33 consistent
1139 1296 90 34 with
1248 1298 298 46 Farliamentary

198 1341 188 43 practice,
406 1341 80 34 that
506 1351 25 22 a
544 1346 84 28 vote
645 1354 41 21 so
698 1342 204 35 undecided
920 1355 40 21 as
974 1345 61 33 the
1056 1345 244 35 Amendment
1316 1348 45 31 of
1372 1346 61 33 the
1447 1346 99 35 lion.

203 1385 219 35 Geutleman
452 1388 97 43 (Mr.
576 1389 167 44 Bankes)
769 1390 131 34 should
937 1393 45 32 be
1018 1393 193 44 preferred
1241 1401 37 25 to
1307 1404 89 30 one,
1426 1394 123 34 which

202 1435 119 32 stated
340 1446 25 22 a
379 1431 106 38 'dear
501 1437 71 32 and
588 1439 154 43 specific
759 1439 156 44 opinion
945 1449 100 35 upon
1071 1440 63 33 the
1161 1441 188 43 principal
1381 1440 103 46 point
1509 1442 44 33 of

197 1482 66 32 the
289 1481 116 44 charg
406 1483 46 33 e?
506 1483 83 34 The
620 1485 104 34 Han.
752 1486 220 34 Gentleman
1000 1487 71 35 had
1102 1487 78 33 said
1200 1488 103 33 there
1338 1500 74 24 was
1430 1500 46 22 no
1495 1499 35 25 re-

197 1528 109 40 cord,
331 1540 20 22 n
354 1531 135 44 othing
515 1532 206 45 excepting
739 1534 65 32 the
833 1533 181 35 Journals
1032 1534 45 34 of
1104 1537 60 32 the
1183 1533 143 37 House.
1381 1537 89 39 Was
1486 1545 60 26 not

197 1577 84 37 slink
299 1578 131 33 record
464 1578 206 35 sufficient?
698 1581 91 39 and,
816 1579 34 34 if
868 1581 288 41 substantiated,
1185 1593 74 22 was
1277 1583 30 34 it
1326 1590 64 27 not
1404 1584 141 44 enough

197 1629 41 28 to
256 1625 96 32 blast
373 1625 60 33 the
454 1626 99 33 fame
570 1626 45 35 of
631 1628 56 33 his
700 1629 128 33 Royal
852 1629 183 44 Highness
1054 1629 35 35 in
1104 1629 61 35 the
1180 1639 86 35 eyes
1279 1630 45 34 of
1338 1632 178 44 posterity
1532 1633 12 33 i

200 1671 98 34 Such
315 1671 89 35 then
424 1684 76 22 was
519 1674 64 33 the
602 1676 107 33 effect
738 1668 45 43 of
811 1675 78 35 that
914 1676 242 35 .Amendment
1182 1678 206 44 supported
1417 1680 46 34 by
1486 1680 61 34 the

198 1716 102 38 non.
315 1720 219 37 Gentleman
550 1722 13 44 (
575 1723 72 33 Mr.
657 1722 270 44 Wilberforce)
945 1724 138 43 though
1097 1723 46 35 he
1156 1736 72 22 was
1247 1726 117 44 ready
1381 1733 37 26 to
1430 1727 112 33 admit

197 1766 65 37 the
278 1767 138 43 charge
435 1769 45 33 of
494 1772 171 43 personal
689 1773 222 44 corruption
944 1773 70 32 and
1033 1773 224 34 connivance
1278 1773 71 33 had
1377 1780 60 27 not
1456 1775 91 33 been

197 1815 145 46 proved
366 1814 58 39 (A
441 1828 63 31 cry
519 1817 50 44 of
580 1818 85 33 No!
696 1819 57 33 Aro
765 1819 40 45 !)
856 1819 79 33 The
958 1819 115 45 Right
1087 1819 247 35 Honourable
1352 1820 194 46 Secretary

196 1863 90 34 then
304 1864 211 44 proceeded
543 1869 40 28 to
618 1866 151 34 remark
804 1877 98 34 upon
922 1867 64 33 the
1002 1872 128 40 strong
1163 1869 120 43 points
1300 1867 46 33 of
1377 1869 61 34 the
1466 1869 60 34 evi-

197 1909 128 38 deuce,
348 1909 73 34 and
435 1912 203 33 concluded
672 1915 47 41 by
738 1915 144 44 saying,
913 1913 45 37 he
973 1913 135 35 should
1123 1915 86 46 give
1228 1916 56 33 his
1304 1919 87 30 vote
1407 1916 59 33 for
1482 1916 65 34 the

197 1957 236 35 amendment
449 1968 39 25 as
507 1959 184 45 proposed
713 1962 51 44 by
796 1962 56 34 his
869 1962 124 45 Right
1019 1962 103 35 Hon.
1154 1962 137 35 Friend
1325 1962 85 45 (the
1423 1964 98 34 Chan-

197 2006 119 34 cellor
333 2006 45 33 of
398 2006 64 34 the
482 2007 263 45 Excheque...)

247 2053 74 35 Mr.
341 2053 46 35 G.
410 2054 60 33 Po
482 2065 20 24 x
513 2063 77 25 sox
600 2065 54 25 nv
683 2057 123 44 spoke
821 2055 146 46 shortly
984 2057 146 44 against
1156 2055 60 37 the
1244 2057 239 35 Resolutions
1508 2059 43 34 of

196 2099 63 34 the
273 2099 223 37 Chancellor
514 2102 44 34 of
572 2102 61 34 the
654 2104 241 45 Exchequer.
948 2105 63 33 He
1032 2115 77 24 was
1126 2105 204 35 convinced
1350 2105 63 35 the
1435 2106 111 34 I)uke

196 2147 47 35 of
261 2147 111 35 York
389 2148 130 41 ought,
544 2150 97 33 from
659 2151 63 34 the
739 2152 175 33 evidence
930 2152 110 45 given
1058 2151 132 37 before
1207 2153 61 34 the
1287 2152 146 44 House,
1448 2159 38 31 to
1502 2157 44 33 be

198 2196 176 35 removed
393 2196 93 34 from
508 2197 54 33 his
578 2206 145 35 present
739 2200 193 33 situation.

246 2243 81 35 The
346 2243 177 39 Question
546 2256 74 22 was
652 2245 86 35 then
758 2248 128 43 loudly
911 2248 123 33 called
1058 2248 60 34 for
1136 2248 96 33 from
1261 2257 117 35 every
1406 2255 84 37 part
1507 2249 44 34 of

196 2290 66 34 the
281 2290 143 43 House,
445 2291 70 34 and
534 2298 181 39 strangers
736 2304 99 24 were
853 2294 154 34 ordered
1039 2301 39 27 to
1117 2295 306 35 withdraw.—A
1449 2298 77 32 divi-

195 2340 80 33 sion
294 2340 85 33 then
393 2341 93 32 took
508 2340 107 41 place
634 2353 45 21 on
700 2341 78 34 Mr.
800 2341 181 34 Bankes's
994 2343 249 38 amendment,

244 2386 103 45 Ayes
367 2387 67 33 199
458 2383 6 47 I
490 2386 99 34 .Toes
608 2388 71 35 :294
700 2387 7 45 I
732 2388 340 45 Thijorityagaitpit
1094 2391 63 33 the
1176 2391 241 34 Amendment
1435 2392 58 35 95.

247 2435 33 34 A
296 2435 132 32 second
445 2434 161 34 division
625 2444 89 26 next
732 2438 131 33 entued
881 2448 44 21 on
939 2438 63 33 the
1017 2438 224 34 Chancellor
1259 2438 45 33 of
1313 2438 61 35 the
1397 2440 124 33 Exche-

196 2481 125 45 quer's
334 2481 79 33 first
438 2481 234 45 Resolution,
699 2485 133 34 moved
849 2496 39 24 as
904 2496 48 24 an
984 2486 247 35 Amendment
1264 2498 47 24 uu
1330 2486 83 37 Col.
1436 2489 81 34 War-

197 2529 92 34 41e's
304 2529 162 34 Address
484 2541 7 21 :

248 2577 98 33 Noes
367 2577 65 32 123
456 2575 6 45 I
484 2578 104 41 Ayes
602 2577 71 35 364
697 2576 7 47 I
729 2578 185 46 Majority
947 2581 34 33 in
1013 2580 137 34 favour
1167 2581 43 33 of
1222 2581 61 34 the
1318 2580 224 38 Chancellor

194 2624 47 37 of
254 2626 61 33 the
335 2623 260 45 Exchequer's
618 2628 246 34 Amendment
886 2627 369 44 X24l.—Adjourned.

622 2744 227 50 Thursday,
878 2744 146 39 March
1049 2748 63 34 16.

243 2811 63 38 No
321 2812 167 37 L•usinc:s
502 2813 46 35 of
562 2813 248 46 importance.

657 2930 344 47 Frin'try„March
1026 2934 60 33 17.

677 3008 125 25 DUKE
830 3008 56 24 OF
918 3007 143 25 YORK.

341 3064 109 32 SPEA
463 3071 92 25 Ern.
573 3060 118 35 stated
706 3060 64 33 the
789 3059 170 45 question
977 3058 59 34 for
1052 3059 65 34 the
1136 3058 273 38 consideration
1426 3060 45 34 of
1483 3060 61 35 the

190 3110 113 32 !louse
337 3117 37 25 to
396 3112 44 30 be
456 3120 40 22 as
515 3109 152 34 follows
823 3106 149 35 humble
1000 3106 163 34 Address
1182 3107 137 45 having
1351 3109 89 33 been
1461 3119 65 34 pro-

193 3157 129 44 posed,
348 3159 71 31 and
449 3168 22 22 a
497 3157 163 34 division
681 3156 138 41 having
836 3155 113 33 taken
967 3155 111 44 place
1096 3164 47 24 on
1175 3155 61 33 the
1253 3155 295 46 expediency,of

193 3204 226 45 proceeding
436 3206 51 43 by
504 3204 176 40 Address,
707 3204 65 33 the
804 3202 111 34 house
947 3211 104 24 came
1070 3209 39 25 to
1127 3201 61 34 the
1204 3201 286 37 determination
1506 3202 43 34 of

193 3253 231 44 proceeding
452 3254 51 43 by
528 3263 26 22 a
580 3252 219 38 resolution,
827 3257 39 27 to
895 3250 61 33 the
986 3248 203 46 following
1202 3249 111 34 effect
1448 3252 98 34 That

191 3301 163 40 Charges
373 3300 137 43 having
528 3300 90 34 been
638 3299 163 41 brought
831 3296 168 34 forward
1028 3298 144 38 against
1191 3295 56 35 his
1270 3296 125 46 Royal
1423 3299 99 41 High-

191 3356 98 26 see.:
289 3350 65 32 the
373 3347 247 35 Commander
639 3347 34 33 in
691 3345 130 39 Chief,
847 3345 172 44 accusing
1041 3345 77 32 him
1135 3344 44 33 of
1199 3345 174 33 criminal
1393 3356 133 35 corrnp-

193 3396 78 33 sion
295 3396 73 33 and
389 3396 227 33 connivance
634 3399 39 30 at
690 3394 146 34 certain
854 3393 132 33 abuses
1007 3393 34 32 in
1061 3402 109 34 army
1205 3392 246 44 promotion=,
1476 3404 46 34 ap-

194 3445 241 41 pointments,
476 3443 70 34 &c.
579 3442 63 34 the
664 3442 115 34 house
807 3442 89 32 feels
915 3442 27 31 it
966 3441 210 32 incumbent
1195 3444 34 27 to
1247 3439 86 43 give
1351 3451 24 24 a
1398 3442 146 33 distinct

193 3493 71 32 .:nd
280 3490 154 44 pointed
452 3490 156 43 opinion
638 3490 45 33 of
705 3491 63 32 the
790 3489 99 31 truth
908 3498 43 21 or
967 3487 197 33 falsehood
1183 3485 45 34 of
1257 3488 106 32 those
1378 3489 167 44 charges,

234 3549 31 22 e.
282 3552 11 27 ;
321 3549 46 22 on
387 3539 60 32 the
468 3537 200 45 propriety
687 3537 46 34 of
758 3536 77 35 this
853 3534 222 43 resolution,
1103 3533 187 35 therefore
1323 3535 74 34 this
1413 3536 133 34 debate

234 3598 39 21 as
289 3596 84 22 now
393 3592 37 27 to
450 3586 47 33 be

244 3634 76 34 Mr.
344 3634 206 34 PERCCVA
563 3644 21 22 r.
611 3633 97 37 said,
745 3631 33 35 if
801 3630 92 37 the.
893 3630 209 37 Gentlemen
1120 3639 46 25 on
1191 3627 64 37 the
1276 3630 112 35 other
1410 3631 79 34 side
1507 3631 44 34 of

191 3683 65 33 the
287 3683 113 33 house
432 3680 72 35 bad
533 3691 46 25 no
599 3680 209 46 objection,
836 3679 45 33 he
908 3678 133 34 shouhi
1064 3677 92 33 wish
1176 3681 38 28 to
1244 3678 200 35 withdraw
1474 3679 72 34 this

197 3730 223 35 Itesolution
457 3729 60 33 for
559 3729 63 33 the
660 3738 163 34 purpose
863 3725 48 34 of
943 3725 241 43 substituting
1215 3726 167 34 another
1428 3728 35 34 in
1499 3726 47 35 its

191 3789 123 24 room.
370 3778 52 32 As
456 3776 64 34 the
556 3775 113 34 house
697 3775 74 34 had
797 3784 105 24 come
935 3777 38 30 to
1000 3771 65 35 the
1083 3772 286 40 determination
1387 3774 43 34 of
1456 3784 66 35 pro-

191 3827 156 41 ceeding
360 3826 53 44 by
431 3824 204 33 resolution
657 3823 142 34 instead
824 3820 45 34 of
891 3820 164 39 address,
1081 3820 72 34 and
1176 3830 40 24 as
1230 3821 51 34 he
1299 3821 73 34 had
1391 3833 45 22 no
1453 3821 91 35 wish

193 3881 40 26 to►
261 3874 141 33 rescind
422 3873 79 35 that
523 3873 181 32 detcrm+n
707 3883 21 21 a
733 3873 93 39 'io►n,
856 3870 64 32 but
945 3868 139 44 merely
1108 3873 39 28 to
1176 3868 197 35 substitute
1389 3869 158 35 another

195 3922 219 39 resolution,
445 3920 91 34 ►cith
556 3931 25 22 a
596 3920 99 34 little
724 3918 221 38 alteration,
973 3917 35 33 in
1037 3915 47 35 its
1102 3926 118 30 room,
1247 3915 44 34 he
1307 3915 159 46 thought
1482 3918 65 33 the

194 3980 161 35 purpose
372 3969 112 40 might
503 3969 46 32 be
559 3966 168 34 aitaint.d
749 3965 161 34 without
922 3964 150 44 putting
1090 3966 60 31 the
1162 3965 170 43 question
1350 3970 38 30 to
1403 3976 22 22 a
1444 3970 98 30 vote.

270 4018 73 33 this
361 4017 207 34 resolution
589 4016 43 33 he
647 4013 139 35 wi-hed
808 4019 37 27 to
859 4012 70 34 add
951 4010 63 34 the
1029 4011 148 44 general
1193 4012 155 43 opinion
1364 4011 69 35 and
1446 4018 100 30 settle

190 4068 45 32 tif
250 4068 66 33 :he
352 4065 128 33 house.
536 4064 61 33 ale
633 4063 72 33 had
732 4072 48 22 no
815 4059 107 39 wish,
950 4058 194 40 however,
1169 4063 38 31 to
1241 4057 106 37 force
1365 4059 45 34 its
1435 4061 112 46 being

280 4116 158 37 liicawit.
465 4113 34 33 if
521 4113 65 33 the
615 4110 116 35 house
758 4107 72 35 had
859 4117 74 34 any
967 4104 206 46 objection,
1199 4107 65 33 lint
1283 4107 46 33 he
1357 4107 106 35 could
1486 4119 60 25 see

222 4175 19 22 u
270 4173 131 26 IUit!OU
424 4161 86 44 why
530 4172 46 25 an
595 4159 227 46 opposition
836 4153 131 39 should
987 4155 48 35 he
1050 4154 38 46 gi
1097 4165 66 26 vest
1179 4157 37 32 to
1234 4155 89 37 such
1337 4163 26 27 a
1377 4162 94 41 step.

2614 65 252 50 MARCH
2894 70 22 45 1
2939 70 34 45 9

1661 211 70 33 Mr.
1757 211 214 34 TIERNEY
2010 209 79 33 said
2128 209 80 34 that
2254 209 45 34 he
2343 209 71 33 had
2459 210 63 33 the
2554 217 178 35 strongest
2767 208 193 48 objection

1611 265 39 27 to
1681 259 61 33 the
1770 257 221 34 Resolution
2030 266 41 24 as
2115 257 26 33 it
2183 256 76 35 Was
2302 267 24 24 w
2337 257 130 38 orded,
2494 257 187 35 imesranch
2708 268 40 24 as
2777 259 27 33 it
2833 259 128 34 would

1610 315 144 35 appear
1793 317 48 24 on
1880 306 61 32 the
1982 304 177 35 Journals
2194 305 46 33 of
2277 305 60 33 the
2382 305 126 40 house,
2535 305 96 34 from
2665 305 87 35 such
2780 317 25 25 a
2836 305 103 34 deter-

1612 356 190 38 mination,
1856 354 80 32 that
1978 353 104 33 there
2112 361 76 24 was
2231 352 34 34 in
2310 352 77 34 fact
2434 352 154 44 nothing.
2630 354 141 44 proved
2815 354 146 41 against

1613 403 54 32 his
1688 403 120 32 Royal
1830 402 30 33 2
1871 402 155 41 iglii:ess,
2050 400 122 33 either
2185 410 47 25 on
2251 402 59 32 the
2328 402 137 41 ground
2485 402 44 32 of
2541 402 170 34 criminal
2733 402 224 44 corruption

1611 459 41 22 or
1669 459 239 28 como‘ance,
1935 459 41 21 or
1991 449 33 32 in
2039 457 72 32 any
2126 448 109 34 other
2251 458 99 33 way,
2380 449 125 32 which
2523 449 84 33 shut
2623 455 64 27 out
2706 449 73 37 the.
2791 449 146 44 pi.E:sibi-

1612 497 66 43 lity
1707 496 43 34 of
1770 497 130 40 giving
1925 507 44 22 an
2004 496 154 41 opinion
2185 507 48 22 on
2265 496 61 33 the
2361 495 109 34 other
2503 503 85 37 part
2621 496 44 34 of
2695 496 56 33 his
2779 496 177 40 caadnet,

1610 546 180 40 certainly
1808 543 189 43 deserving
2013 543 44 32 of
2078 544 63 32 the
2158 549 178 37 strongest
2360 544 313 33 animadversion.
2730 546 44 33 In
2804 544 54 33 his
2878 546 60 43 pri-

1613 599 79 26 vate
1710 593 196 32 character
1923 592 61 32 the
2004 591 136 44 people
2160 591 72 33 had
2248 601 45 24 no
2313 592 165 40 interest,
2499 593 61 32 but
2583 592 34 37 in
2636 592 57 33 his
2715 592 129 44 public
2861 594 71 31 cha-

1612 646 118 27 racter
1748 639 102 33 their
1871 641 148 30 interest
2043 648 72 22 was
2133 648 90 34 very
2239 639 211 43 materially
2470 638 204 34 concerned
2689 651 8 21 :
2728 640 30 32 it
2774 650 74 22 was
2865 650 67 33 pro-

1612 686 109 35 bable
1737 687 45 34 he
1802 687 118 40 might
1939 696 67 22 one
2030 685 72 44 day
2119 696 41 24 or
2178 686 111 33 other
2304 697 104 22 come
2428 693 38 26 to
2487 689 64 32 the
2569 681 146 46 throne,
2744 687 70 32 and
2836 686 32 33 is
2891 687 64 32 the

1610 736 151 43 charges
1772 733 200 34 exhibited
1985 733 146 43 against
2148 733 77 34 him
2244 732 45 34 of
2300 736 221 44 corruption
2542 743 97 25 were
2661 735 155 44 proved,
2831 744 22 24 a
2876 732 78 35 Will

1612 781 44 34 of
1682 781 203 34 Exclusion
1915 787 92 27 must
2033 782 220 44 necessarily
2272 781 144 34 follow.
2473 782 43 34 if
2545 783 64 32 the
2636 782 149 33 records
2815 793 44 21 on
2888 781 65 33 the

1610 829 176 37 Journals
1812 829 46 33 of
1881 828 61 35 the
1974 829 112 33 house
2104 829 118 33 stated
2244 828 60 34 the
2323 830 156 33 conduct
2498 829 44 34 of
2565 829 61 34 the
2648 829 248 34 Commander
2916 828 38 34 in

1613 876 117 35 Chief
1750 886 38 26 to
1819 879 46 32 he
1881 879 148 38 vicious,
2059 875 28 33 it
2118 878 125 33 would
2262 878 44 32 be
2330 878 203 43 degrading
2561 886 64 26 not
2649 883 39 28 to
2717 876 132 34 follow
2870 875 85 34 that

1609 931 193 28 statement
1821 927 50 40 by
1887 934 26 24 a
1942 925 294 43 representation
2255 924 79 33 that
2366 925 44 34 he
2431 935 76 22 was
2536 925 89 33 unfit
2650 935 72 32 any
2754 925 130 40 longer
2910 931 41 26 to

1613 972 85 34 hold
1733 974 63 31 the
1824 971 181 34 situation
2036 977 39 26 at
2112 970 63 35 the
2206 971 92 34 head
2333 971 44 34 of
2402 974 170 43 military
2606 973 139 34 affairs.
2803 972 73 33 But
2910 971 46 32 he

1612 1019 122 34 would
1756 1020 89 33 them
1865 1029 104 25 come
1987 1017 129 34 orfore
2128 1018 63 34 the
2210 1019 112 34 house
2334 1029 41 25 as
2391 1031 24 24 a
2434 1022 130 43 public
2587 1020 269 43 Functionary,
2882 1018 73 34 and

1612 1068 33 33 if
1659 1068 118 44 Royal
1800 1067 226 44 Personages
2043 1076 98 24 were
2159 1074 39 27 to
2218 1068 89 33 take
2324 1068 65 33 the
2405 1068 200 35 situations
2621 1068 43 34 of
2679 1068 137 34 Public

1611 1115 191 39 tionaries,
1821 1114 87 45 they
1930 1119 92 28 must
2041 1113 43 38 of
2091 1123 142 31 course,
2252 1126 39 22 as
2308 1117 112 32 much
2439 1127 40 22 as
2493 1126 72 33 any
2587 1114 109 35 other
2707 1126 155 34 person;
2882 1114 74 34 and

1612 1163 33 33 if
1658 1163 60 33 the
1737 1163 116 33 house
1874 1161 187 44 neglected
2079 1166 40 28 to
2135 1172 157 33 express
2319 1162 100 34 their
2435 1163 285 33 condemnation
2737 1162 46 33 of
2798 1162 63 35 the
2889 1163 45 33 im-

1612 1211 226 45 proprieties
1866 1208 122 35 which
2017 1208 70 33 had
2115 1209 91 34 been
2237 1211 155 44 proved,
2426 1211 63 33 the
2510 1212 122 33 whole
2650 1215 156 39 country
2829 1211 125 33 would

1609 1258 102 34 stand
1744 1270 50 33 up
1828 1258 37 33 in
1900 1257 244 39 indignation.
2207 1257 83 34 The
2323 1258 111 34 Duke
2467 1258 44 33 of
2539 1258 112 34 York
2683 1269 43 22 as
2754 1267 26 24 a
2807 1269 81 22 man
2927 1259 28 31 is

1610 1305 151 35 entitled
1782 1307 47 43 by
1852 1304 91 39 rank
1961 1309 39 28 to
2017 1313 112 34 every
2150 1311 144 37 respect
2313 1317 12 28 ;
2369 1305 46 33 he
2447 1306 28 33 is
2504 1316 24 24 a
2555 1316 80 22 man
2656 1305 34 32 in
2713 1305 146 44 private
2887 1304 70 34 life

1613 1354 84 33 who
1720 1354 28 33 is
1779 1354 93 33 both
1893 1352 86 32 kind
1997 1350 71 35 and
2095 1352 230 39 beneficient,
2354 1354 66 33 but
2456 1354 27 33 it
2505 1354 165 33 becomes
2694 1354 188 32 Members
2909 1351 47 34 of

1613 1401 246 39 Parliament,
1884 1410 39 22 as
1952 1409 24 24 a
2004 1401 90 43 duty
2127 1400 119 33 which
2270 1401 86 44 they
2389 1410 84 24 owe
2504 1407 39 27 to
2575 1401 98 33 their
2691 1401 259 39 constituents,

1611 1446 175 37 however
1795 1446 144 46 painful
1958 1446 64 35 the
2039 1447 201 33 execution
2252 1447 61 34 oft
2323 1448 64 33 hat
2402 1449 91 43 duty
2513 1459 84 32 may
2615 1448 58 41 he,
2702 1453 39 28 to
2760 1447 87 35 take
2865 1457 90 24 care

1612 1495 79 35 that
1710 1496 130 43 public
1857 1495 120 33 offices
2008 1505 65 22 are
2099 1500 61 28 not
2180 1495 100 33 filled
2303 1496 47 43 by
2372 1506 148 34 persons
2555 1502 38 27 to
2615 1495 126 34 whose
2756 1494 201 37 character

1609 1543 63 34 the
1687 1550 91 27 most
1795 1543 139 45 trifling
1945 1544 187 43 suspicion
2146 1544 27 32 is
2185 1543 189 34 attached.
2428 1544 132 33 Unless
2578 1553 56 24 we
2646 1552 174 35 express,
2835 1553 39 24 as
2887 1552 71 25 our

1609 1591 89 45 duty
1716 1590 184 46 requires,
1924 1600 24 22 a
1965 1590 151 33 distinct
2134 1590 157 46 opinion
2309 1591 43 32 of
2367 1590 64 34 the
2458 1592 132 33 abuses
2607 1590 125 34 which
2753 1590 97 35 have
2863 1591 92 32 been

1612 1638 151 43 proved,
1792 1648 57 24 we
1881 1637 93 35 shall
2006 1638 45 33 be
2079 1637 175 34 ashamed
2284 1642 39 30 to
2356 1638 93 34 look
2472 1638 66 35 the
2561 1637 129 45 public
2708 1639 35 32 in
2774 1637 60 35 the
2852 1637 100 35 face.

1612 1685 103 34 WVt
1733 1691 146 40 respect
1896 1691 37 27 to
1951 1684 63 34 the
2037 1684 123 33 Letter
2176 1684 97 34 from
2293 1687 64 33 the
2369 1687 113 33 Duke
2500 1684 46 35 of
2565 1685 111 34 York
2695 1691 40 27 to
2751 1684 63 35 the
2826 1685 129 40 house,

1610 1733 30 33 it
1670 1733 190 46 appeared
1896 1739 38 27 to
1959 1731 76 33 him
2066 1740 37 25 to
2134 1733 45 33 be
2212 1733 64 33 the
2310 1733 240 44 production,
2577 1740 63 26 not
2669 1733 46 33 of
2738 1733 56 33 his
2828 1733 126 43 Royal

1613 1780 178 45 Highness
1820 1779 162 39 himself,
2010 1780 65 32 but
2107 1779 44 33 of
2178 1779 66 35 the
2280 1780 161 35 Cabinet
2478 1780 201 35 Ministers.
2734 1780 85 34 The
2854 1781 104 43 rig!.t

1612 1828 84 34 hon.
1723 1827 220 37 Gentleman
1962 1837 47 24 on
2028 1827 61 33 the
2114 1826 111 37 other
2242 1827 77 34 side
2336 1826 46 35 of
2395 1828 64 34 the
2477 1827 115 35 house
2617 1827 71 35 had
2707 1828 156 34 accused
2884 1830 66 32 the

1610 1876 83 34 hon.
1719 1877 234 39 Gentleman,
1983 1873 84 34 who
2086 1874 162 44 brought
2275 1874 165 35 forward
2471 1877 64 32 the
2551 1876 152 43 charges
2732 1885 86 24 now
2839 1877 94 45 pend-

1609 1923 73 44 ing,
1708 1923 44 33 of
1763 1923 139 45 baying
1925 1923 188 34 consulted
2147 1923 110 33 wiser
2278 1923 72 33 and
2378 1924 129 32 cooler
2526 1923 111 33 heads
2656 1923 90 34 than
2772 1923 54 33 his
2848 1933 103 22 own.

1611 1971 38 33 It
1665 1970 117 45 might
1812 1971 48 33 be
1886 1970 115 44 fairly
2028 1968 93 41 said,
2148 1969 191 43 however,
2356 1970 87 34 that
2463 1971 64 33 the
2545 1970 112 35 Duke
2676 1970 45 34 of
2735 1969 113 38 York
2870 1981 89 25 cons

1607 2017 117 35 suited
1754 2017 157 35 weaker
1942 2016 109 35 heads
2069 2016 87 34 than
2191 2019 56 33 his
2272 2028 102 31 own,
2401 2017 59 35 for
2494 2019 46 34 he
2572 2017 123 35 would
2715 2027 111 26 never
2858 2019 98 33 have

1609 2066 89 33 been
1715 2076 37 22 so
1770 2067 90 32 base
1885 2066 70 33 and
1978 2075 41 24 so
2042 2075 104 24 mean
2163 2075 41 24 as
2226 2073 38 26 to
2295 2066 109 34 write
2421 2066 86 35 such
2526 2076 25 22 a
2571 2066 126 39 letter,
2726 2065 123 35 which
2875 2075 77 24 was

1606 2113 189 44 evidently
1817 2112 170 35 intended
2017 2118 39 28 to
2080 2112 96 33 form
2205 2124 26 22 a
2257 2112 139 44 ground
2431 2113 61 34 for
2519 2112 64 35 the
2606 2118 149 40 present
2774 2112 159 45 proceed-

1609 2160 73 45 ing,
1757 2161 79 40 He,
1887 2161 97 41 (Mr.
2023 2158 183 45 Tierney)
2263 2171 73 24 was
2380 2160 116 45 ready
2543 2166 39 28 to
2623 2170 83 34 say,
2756 2170 47 24 on
2845 2161 112 41 oath,

1606 2209 83 34 that
1717 2209 201 43 according
1950 2216 37 26 to
2023 2206 54 34 his
2108 2207 157 45 opinion
2298 2209 63 33 the
2398 2209 112 33 Duke
2546 2207 46 34 of
2629 2209 27 33 Y
2669 2209 73 33 ork
2773 2217 76 25 was
2882 2215 67 27 nut

1605 2255 118 46 guilty
1741 2255 46 34 of
1796 2262 156 38 corrupt
1971 2255 183 45 practices
2172 2268 11 26 ;
2213 2256 65 33 but
2300 2259 104 30 there
2426 2265 99 25 were
2538 2265 107 34 many
2661 2256 112 33 other
2798 2255 152 37 Gentle,

1607 2314 79 24 men
1720 2304 87 33 who
1825 2303 118 44 might
1962 2303 45 33 be
2026 2301 46 35 or
2098 2301 174 43 fliliereot
2303 2302 188 45 opinions,
2516 2303 72 34 and
2623 2304 89 33 who
2745 2303 125 33 would
2907 2303 50 34 be

1606 2352 145 44 obliged
1769 2356 40 30 to
1834 2352 151 34 declare
2007 2350 50 44 by
2085 2349 74 34 this
2178 2357 87 27 vote
2296 2353 102 33 what
2417 2350 105 35 those
2548 2352 172 44 opinions
2747 2360 111 26 were.
2920 2352 37 33 It

1609 2409 74 22 was
1711 2406 37 26 to
1778 2399 48 33 he
1860 2399 185 45 regretted
2076 2398 61 33 the
2159 2398 115 34 Duke
2308 2399 70 33 had
2413 2404 65 28 not
2509 2399 182 40 resigned,
2720 2399 35 33 in
2786 2398 63 33 the
2868 2399 80 33 first

1606 2447 174 41 instance,
1808 2445 125 35 which
1955 2446 45 32 he
2017 2446 117 43 might
2154 2444 96 35 have
2267 2446 94 34 done
2379 2447 161 33 without
2556 2457 72 33 any
2647 2446 162 43 possible
2829 2445 99 45 impu-

1606 2494 117 34 tation
1740 2494 149 44 against
1907 2494 54 33 his
1978 2492 215 41 character,
2219 2493 69 34 and
2308 2494 48 41 by
2370 2492 89 37 such
2479 2491 154 46 condttet
2648 2494 46 32 he
2709 2492 126 35 would
2858 2494 94 34 have

1603 2541 109 34 saved
1731 2552 24 22 a
1770 2545 110 40 great
1894 2542 83 33 deal
1995 2539 45 35 of
2049 2542 80 33 that
2144 2542 220 44 unpleasant
2382 2541 141 44 feeling
2541 2541 124 34 which
2682 2541 188 45 pervaded
2890 2543 66 32 the

1607 2589 112 34 house
1748 2600 46 22 on
1825 2590 64 32 the
1920 2594 149 39 present
2095 2588 185 35 occasion.
2339 2588 90 41 But,
2452 2598 41 24 as
2524 2588 73 34 this
2617 2598 85 24 case
2731 2598 83 24 now
2831 2589 125 41 stood,

1607 2635 63 35 the
1698 2637 78 33 best
1807 2635 149 37 method
1991 2641 38 28 to
2060 2635 119 45 adopt
2210 2636 126 34 would
2365 2637 45 33 be
2440 2640 41 28 to
2509 2637 86 41 give
2620 2646 24 24 a
2676 2634 154 45 general
2858 2637 98 41 Virlir

1606 2683 46 34 of
1665 2683 61 34 the
1743 2694 107 31 case;
1878 2683 71 34 and
1968 2683 117 34 unless
2099 2682 61 34 the
2176 2683 227 34 Chancellor
2415 2683 46 34 of
2474 2683 65 33 the
2557 2683 227 44 Exchequer
2799 2683 158 44 thought

1609 2741 138 34 proper
1765 2738 39 27 to
1821 2743 105 24 come
1945 2737 38 27 to
2011 2731 76 33 this
2102 2731 302 43 determination,
2432 2731 48 34 he
2496 2731 131 34 should
2646 2738 64 27 not
2728 2732 46 33 be
2793 2731 164 34 allowed

1610 2785 37 27 to
1668 2779 200 33 withdraw
1892 2779 54 33 his
1965 2778 217 34 resolution.

1658 2852 72 34 Mr.
1750 2852 70 34 MA
1830 2862 56 25 un
1898 2862 67 24 tun
1990 2852 202 35 Frry.Grt
2233 2862 54 26 Ln
2306 2852 142 44 begged
2466 2852 60 35 for
2543 2863 70 24 one
2630 2857 161 31 moment
2818 2852 61 35 the
2898 2858 40 30 at-

1607 2901 142 33 tention
1779 2900 44 33 of
1853 2901 60 32 the
1936 2901 142 38 House,
2106 2901 70 33 and
2213 2900 185 34 reminded
2427 2901 102 32 them
2565 2901 58 32 ho
2623 2913 30 20 w•
2672 2911 91 33 very
2785 2901 115 35 liable
2919 2909 41 26 to

1609 2947 380 45 misrepresentations
2015 2947 170 34 different
2213 2947 214 33 Gentlemen
2453 2953 93 28 must
2568 2949 252 43 unavoidably
2841 2950 61 40 be,
2930 2950 34 33 if

1609 2995 85 33 they
1716 3005 98 24 were
1834 2994 197 45 prevented
2066 2993 94 37 from
2196 2995 110 43 being
2333 2995 220 43 sufficiently
2583 2996 168 33 audible.
2806 2996 59 33 lie
2887 2998 73 34 had

1607 3041 65 35 felt
1697 3044 28 32 it
1753 3044 56 32 his
1827 3043 92 41 duty
1938 3047 35 28 to
1995 3048 84 27 vote
2098 3041 58 35 for
2173 3044 93 33 both
2289 3044 61 33 the
2383 3043 197 34 Addresses
2597 3056 12 27 ;
2636 3044 63 33 but
2720 3044 34 33 in
2772 3044 109 41 doing
2901 3057 57 30 so,

1607 3090 45 33 he
1670 3090 171 33 declared
1859 3090 80 33 that
1956 3100 47 24 no
2023 3090 246 34 Honourable
2284 3091 169 33 Member
2467 3089 84 34 who
2565 3090 67 33 had
2649 3090 111 35 voted
2779 3103 45 22 on
2838 3092 123 35 either

1606 3136 41 34 of
1671 3138 61 33 the
1762 3136 217 47 Majorities
2006 3136 148 45 against
2181 3137 120 37 those.
2319 3139 200 33 Addresses
2546 3139 109 33 could
2676 3141 167 43 possibly
2865 3142 98 32 have

1607 3183 64 37 f'ett
1687 3191 151 38 greater
1854 3185 87 44 pain
1962 3184 89 34 than
2069 3184 46 33 he
2132 3185 123 34 would
2274 3193 35 27 at
2326 3187 64 32 the
2415 3187 168 41 disgrace
2600 3196 44 22 or
2655 3187 70 41 deg
2728 3188 169 33 radation
2916 3188 48 35 of

1606 3242 72 34 any
1695 3233 137 33 branch
1852 3233 45 33 of
1922 3231 63 34 the
2014 3233 207 33 illustrious
2250 3233 131 45 family
2398 3237 38 30 to
2470 3233 122 33 which
2614 3233 63 33 the
2699 3213 122 66 !loyal
2846 3236 115 33 Duke

1609 3281 191 41 belonged.
1857 3280 60 33 Ile
1932 3279 169 44 objected
2121 3287 39 26 to
2176 3280 64 35 the
2262 3281 219 33 Resolution
2498 3282 44 32 of
2557 3281 60 33 the
2639 3281 116 43 Right
2784 3282 177 35 Honour,

1606 3327 84 33 able
1710 3328 59 32 the
1789 3327 228 35 Chancellor
2034 3328 43 32 of
2087 3328 61 34 the
2171 3328 241 45 Exchequer,
2439 3328 157 34 because
2615 3328 27 34 it
2663 3327 76 35 was
2757 3331 185 44 professed-

1609 3376 37 41 ly
1665 3381 39 26 to
1723 3376 66 33 end
1826 3374 35 34 in
1879 3385 46 24 an
1952 3376 178 40 Address,
2164 3377 204 45 supposing
2389 3377 45 32 he
2461 3376 72 33 had
2567 3389 45 21 no
2630 3374 189 47 objection
2839 3385 37 26 to
2896 3379 66 33 the

1609 3428 130 31 matter
1750 3422 197 35 contained
1971 3423 35 33 in
2030 3424 79 32 that
2133 3423 233 35 Resolution.
2422 3424 61 33 Ile
2504 3424 70 33 had
2596 3424 106 34 voted
2724 3423 61 35 for
2804 3425 61 37 the
2884 3426 79 33 Ad.

1606 3469 150 41 dresses,
1776 3471 158 33 because
1954 3469 45 35 he
2017 3472 195 41 approved
2231 3472 45 33 of
2300 3472 61 33 the
2379 3477 151 35 'ratter,
2558 3471 137 44 though
2734 3472 45 33 he
2804 3474 158 45 thought

1606 3527 47 25 an
1675 3519 157 33 Address
1854 3527 77 25 was
1954 3523 65 28 not
2036 3520 61 32 the
2115 3524 96 28 mast
2229 3520 185 33 desirable
2434 3520 105 33 mode
2561 3520 45 33 of
2623 3520 240 45 proceeding,
2889 3522 76 33 and

1607 3565 80 34 that
1704 3566 57 33 for
1780 3570 80 28 two
1879 3575 145 24 reasons
2040 3579 11 26 ;
2080 3578 81 31 one,
2181 3566 84 34 that
2284 3567 44 34 he
2344 3567 64 33 did
2430 3573 60 27 not
2509 3566 106 34 think
2637 3567 83 32 that
2740 3567 129 34 House
2887 3580 77 25 was

1609 3618 37 28 to
1664 3614 70 32 call
1755 3612 35 34 in
1811 3613 63 33 the
1893 3612 61 34 aid
1972 3617 39 28 of
2028 3613 64 34 the
2113 3615 141 34 Crown
2272 3621 38 27 to
2329 3614 47 34 do
2394 3615 79 32 that
2499 3614 124 33 which
2641 3615 91 44 they
2752 3625 96 25 were
2864 3618 81 33 suffi-

1606 3660 98 34 cient
1722 3666 40 30 to
1795 3660 48 33 do
1870 3660 219 35 themselves
2102 3673 12 30 ;
2141 3663 70 32 and
2239 3663 156 33 another
2428 3672 92 30 was,
2548 3664 81 32 that
2662 3672 46 24 an
2734 3663 163 34 Address
2916 3677 47 22 on

1605 3709 87 33 such
1710 3718 24 24 a
1760 3705 143 47 subject
1919 3709 61 33 did
2002 3715 63 27 not
2078 3719 148 35 appear
2245 3716 35 26 to
2302 3707 73 35 him
2395 3716 38 27 to
2454 3711 45 31 be
2519 3709 60 34 the
2600 3710 79 32 best
2694 3709 107 35 mode
2818 3710 44 34 of
2876 3709 52 39 con
2928 3709 18 39 .
2946 3709 18 39 .

1606 3755 137 46 slitting
1757 3756 64 33 the
1851 3755 154 46 feelings
2022 3755 44 35 of
2089 3768 22 22 a
2131 3757 201 45 Sovereign
2349 3758 70 33 and
2438 3768 22 24 a
2486 3757 162 41 Father;
2679 3764 60 37 yet
2758 3768 91 25 even
2868 3762 97 38 with,

1609 3803 104 33 those
1729 3803 286 45 disadvantages
2035 3804 44 34 he
2102 3815 78 24 was
2197 3806 208 45 compelled
2426 3810 38 28 to
2493 3813 86 25 vote
2600 3803 58 34 for
2674 3806 63 33 the
2765 3806 200 38 Addresses

1610 3850 35 34 in
1664 3849 214 47 preference
1897 3857 38 27 to
1952 3853 63 33 the
2036 3853 235 33 Resolutions
2300 3853 45 33 of
2375 3853 61 33 the
2467 3852 117 45 Right
2606 3852 247 35 Ilononrable
2867 3857 78 44 Gen-
2944 3857 20 44 .

1609 3899 150 33 demon.
1814 3899 53 34 As
1886 3905 39 27 to
1946 3899 51 34 all
2019 3900 84 34 thnt
2133 3899 71 35 had
2232 3901 91 33 been
2342 3900 78 34 said
2441 3901 92 33 with
2562 3907 146 38 respect
2726 3906 39 28 to
2786 3904 178 35 out-door

1609 3944 191 45 influence,
1821 3945 47 34 he
1891 3957 72 24 was
1978 3946 59 35 far
2056 3947 92 34 from
2166 3947 112 45 being
2290 3948 170 44 disposed
2479 3957 89 26 ever
2584 3953 38 27 to
2640 3948 51 33 let
2706 3958 74 34 any
2800 3952 164 44 popular

1607 4003 66 34 cry
1695 3992 94 37 have
1806 4004 74 33 any
1899 3996 117 33 undue
2043 3994 180 35 influence
2254 4006 45 22 on
2317 3996 58 33 his
2393 4003 87 27 vote
2513 3997 35 32 in
2574 3994 80 34 that
2675 3994 138 44 house;
2839 3998 65 34 hut
2922 4003 41 32 at

1609 4041 64 34 the
1687 4051 100 24 same
1813 4042 93 33 time
1936 4043 45 33 he
2010 4042 159 46 thought
2193 4044 27 33 it
2248 4049 38 28 to
2304 4044 46 33 he
2370 4045 60 33 the
2459 4043 93 45 duty
2570 4042 45 34 of
2629 4043 60 33 the
2714 4043 247 50 Representa.

1609 4089 94 34 fives
1719 4088 46 34 of
1774 4089 65 34 the
1859 4088 159 50 People,
2037 4097 64 30 not
2121 4100 35 27 to
2178 4091 48 35 be
2245 4090 207 38 inditfereat
2466 4101 43 26 or
2525 4091 196 37 insensible
2735 4097 38 31 to
2790 4093 63 37 the
2865 4095 80 45 pub

1606 4135 53 38 lie
1676 4136 171 47 opinion.

3412 102 33 53 N
