3449 4417
302 83 93 46 ISO

1189 86 148 51 THE
1374 85 287 52 NATION

296 214 130 39 bands
463 228 48 25 or
546 215 155 38 fathers
717 215 289 53 !—imploring
1046 220 169 38 fleaven
1256 220 39 35 in
1331 221 94 37 vain
1444 223 8 34 !
1526 221 120 39 Their

298 267 178 46 shrieks,
503 267 106 39 their
640 269 191 51 anguish,
863 281 67 26 are
954 268 145 40 useless
1129 270 168 53 appeals
1328 276 45 34 to
1407 272 107 40 their
1543 273 83 40 fero-

300 322 113 38 cious
433 333 203 40 pursuers.
694 325 26 34 '1
731 320 79 52 hey
833 334 70 26 are
933 327 93 35 torn
1044 322 106 39 from
1176 324 70 39 the
1264 337 109 26 arms
1388 325 50 38 of
1450 325 103 40 their
1572 326 57 39 dis-

296 377 156 37 tracted
487 374 196 45 mothers,
712 376 80 37 and
814 372 136 41 forced
973 381 43 32 to
1036 376 156 40 endure
1207 377 110 39 what
1339 377 80 39 lust
1442 384 72 32 has
1537 385 103 33 ino:it

296 426 157 44 horrid,
484 428 93 51 fury
601 432 105 34 most
726 426 464 56 unbridied,—perhaps
1212 429 40 39 in
1285 429 70 40 the
1391 443 195 39 presence
1604 435 40 37 of

296 481 111 60 tkir
424 481 190 52 pinioned
637 480 204 40 husbands
875 494 47 26 or
944 481 168 40 fathers.

358 534 159 39 Eternal
537 534 255 39 execrations
811 533 105 53 light
938 547 52 25 oa
1012 536 69 37 the
1102 534 103 40 head
1226 534 50 40 of
1299 534 71 40 the
1389 535 156 41 callous
1563 539 63 39 ruf-

299 586 100 46 fian,
413 589 91 35 who
522 586 72 39 has
614 586 223 52 produced,
857 589 45 48 by
928 587 61 38 his
1012 587 89 38 mad
1123 587 219 47 ambition,
1364 589 81 39 this
1465 591 180 41 dreadfu!

296 653 118 26 scene
430 639 48 39 of
494 653 87 25 woe
598 639 77 38 and
703 639 146 53 misery
866 640 163 44 ;—who
1059 640 70 37 has
1144 640 110 43 filled
1290 641 97 39 with
1411 645 234 50 mourning.,

295 691 256 43 diStraeion,
573 691 78 39 and
667 704 125 32 want,
807 706 44 24 so
873 705 119 39 many
1015 693 249 52 respetable

296 746 110 41 have
438 748 73 37 In.st
535 745 69 43 all,
626 745 105 39 their
752 743 204 46 relatives,
981 745 104 38 their
1106 752 172 45 country
1299 748 79 39 and
1408 749 180 46 fortune,

298 813 81 26 one
397 800 76 52 day
494 815 12 28 ;
527 800 96 44 and,
639 800 106 37 what
764 798 30 38 is
815 810 110 26 wore
944 798 255 52 d;siracting,
1215 813 70 26 are
1307 814 89 26 now
1419 801 223 52 compelled

298 859 47 33 to
357 853 52 40 do
424 853 177 51 homage
615 857 44 33 to
673 853 67 37 the
754 863 96 40 very
863 852 110 38 famil
1006 853 252 39 —thecause
1269 852 48 38 of
1325 852 53 40 all
1391 853 106 40 their
1512 855 135 38 losses!

302 908 229 37 NArot.F.ox
559 911 67 32 M.
645 909 28 31 1;
717 919 74 22 rAI
811 907 8 33 !
844 906 197 37 th'zcietis
1056 906 76 38 and
1142 907 89 48 just
1252 906 90 39 God
1359 909 8 34 !
1391 907 92 39 how
1501 920 66 26 are
1581 908 65 38 the

296 958 174 40 feefias
490 958 74 39 and
588 957 214 52 principles
821 957 48 38 of
887 958 67 38 [lie
972 964 159 45 present
1154 971 76 38 age
1251 960 184 37 reversed
1453 977 11 24 ;
1488 960 109 38 when
1620 974 21 25 a

300 1017 200 33 !monster.
521 1013 90 34 who
624 1010 139 39 unites.
783 1010 38 37 in
836 1010 69 38 the
920 1010 158 52 highest
1091 1010 148 52 dep-ee
1250 1010 69 40 the
1329 1017 122 33 worst
1463 1012 183 51 qualities

301 1067 52 38 of
370 1078 21 25 a
412 1068 231 45 eagliqsiro,
664 1076 22 24 a
713 1065 262 45 iiarring:dtt,
997 1063 77 39 and
1096 1076 21 24 a
1137 1068 358 43 „,Chinderhannes,
1524 1065 116 39 cou:d

302 1119 85 39 find
423 1122 143 34 wrote!'
578 1129 41 24 :-!:;
656 1128 41 25 so
737 1116 227 37 hrulatized
999 1129 41 24 as
1072 1121 45 33 to
1150 1115 104 40 rank
1292 1117 85 38 him
1406 1131 150 38 among
1579 1121 67 37 the

302 1172 145 39 heroes
468 1169 77 39 and
569 1173 66 33 the
657 1169 189 51 patricts,
883 1169 90 37 who
1005 1169 106 38 have
1136 1168 215 40 honoured
1372 1173 77 35 and
1470 1170 169 48 enlitth'-

299 1225 106 40 eaed
429 1222 189 38 mankind
635 1225 8 33 !
677 1222 61 37 Ye
758 1221 248 41 m..rderers,
1024 1221 285 52 pickpockets,
1325 1225 74 35 and
1419 1224 228 51 poisoners!

302 1277 130 39 beak
455 1290 24 24 n
497 1289 41 25 &o
566 1273 69 39 die
665 1278 152 47 temple
844 1274 48 37 of
917 1274 109 38 lame
1042 1278 156 35 !—tear
1232 1274 107 40 from
1376 1276 105 39 !heir
1631 1292 15 22 s

302 1331 72 38 the
409 1330 149 39 farmer
594 1332 152 33 statues
759 1326 255 39 !—besmear
1052 1328 77 38 and
1170 1328 187 39 mutikte
1390 1329 109 40 them
1517 1346 11 26 ;
1569 1332 73 37 aro'

305 1382 136 52 boldly
478 1382 110 50 place
625 1380 239 52 yourselves
909 1381 78 38 and
1033 1382 231 38 NAPOLEON
1300 1384 266 37 BONAPARTE

302 1436 123 40 those.
439 1447 100 26 (lIICe
559 1433 194 52 occupied
776 1433 53 52 by
853 1434 196 43 TRAJAN,
1070 1434 327 45 EPAMINONDAS,
1419 1434 131 45 CATO,
1580 1434 58 39 1.11(

305 1500 126 30 yonr.l4
431 1500 18 30 4
449 1500 38 30 Cr
506 1489 188 40 BrAyrus,
717 1486 59 38 Sir
791 1488 183 37 TROMAS
997 1486 174 44 MOORE,
1193 1486 74 38 and
1296 1488 197 37 PALAPoX
1513 1491 9 34 !

361 1543 124 37 Centm
495 1541 77 37 ries
589 1538 102 39 shall
709 1537 184 47 revolve,
915 1538 79 39 and
1010 1532 254 45 revolutions
1276 1538 159 52 change
1456 1538 67 39 the
1538 1538 103 39 form

302 1594 80 40 and
413 1593 118 40 order
553 1591 51 39 of
618 1605 77 25 our
713 1591 126 52 globe
855 1606 24 28 ;•
896 1590 78 39 and
1003 1591 72 39 the
1104 1603 119 26 name
1256 1590 51 39 of
1333 1593 202 37 PALAFOX
1569 1591 73 38 wi!'

304 1648 167 52 acquire
489 1657 87 28 new
596 1643 219 52 s?lendiuir
844 1643 180 52 through
1061 1655 123 40 every
1215 1643 220 40 successive
1470 1643 104 52 hoc
1603 1651 37 31 of

305 1715 22 25 a
327 1715 24 25 ,
352 1714 15 26 ,
367 1714 47 26 es.
472 1701 87 37 The
581 1709 119 26 name
720 1696 47 38 of
783 1697 93 38 that
904 1696 100 40 hero
1025 1695 76 39 will
1124 1708 115 27 cease
1270 1701 44 33 to
1346 1697 50 37 be
1424 1701 217 33 associate:

333 1736 24 17 r•

305 1754 97 39 with
424 1753 69 39 the
511 1750 94 41 love
627 1749 77 39 and
720 1750 240 38 veneration
981 1747 48 39 of
1046 1748 211 45 mankind,
1278 1748 117 38 when
1417 1749 135 51 public
1569 1752 74 35 and

304 1808 162 52 private
497 1804 132 39 virtue
664 1802 99 38 shall
798 1802 104 38 have
928 1801 240 39 abandoned
1189 1813 77 26 our
1290 1800 125 52 globe
1443 1801 66 39 for
1534 1813 106 28 eve...

309 1860 133 39 There
476 1858 33 38 is
534 1856 78 40 still
634 1867 24 27 a
679 1859 170 47 country
872 1853 90 46 left,
992 1853 128 39 which
1142 1866 74 26 can
1246 1852 146 53 openly
1426 1866 136 27 revere
1587 1854 59 38 his

307 1913 156 40 virtues
485 1910 73 39 and
581 1907 197 53 proclaim
802 1907 61 39 his
881 1906 146 39 worth.
1059 1907 148 37 Where
1227 1905 67 40 the
1313 1906 201 51 bayonets
1531 1905 47 39 of
1587 1907 59 38 his

308 1968 237 51 persecutor
566 1965 149 35 cannot
735 1972 86 26 awe
842 1961 48 38 its
909 1958 241 54 population
1169 1959 86 38 into
1272 1958 162 39 silence.
1502 1959 143 39 Where

312 2021 216 39 )'ALAFOX,
561 2014 143 39 should
731 2014 164 38 ►leaven
939 2013 105 38 have
1081 2011 187 41 reserved
1299 2010 85 40 him
1422 2011 65 39 for
1513 2010 133 41 future

311 2072 122 39 eceds
450 2068 50 39 of
521 2066 193 43 heroism,
733 2066 80 39 will
835 2065 80 40 find
937 2063 174 40 another
1135 2066 138 37 native
1307 2068 190 48 country,
1520 2065 126 51 proud

311 2130 48 33 to
387 2124 98 37 class
515 2120 84 39 him
637 2131 152 39 among
820 2119 70 39 the
925 2121 109 34 most
1062 2115 294 52 distinguished
1395 2115 50 39 of
1473 2119 74 37 her
1577 2130 47 40 pa-

312 2176 123 39 &riots
461 2173 77 39 and
569 2177 231 38 statesmen.
862 2213 13 1 _
1387 2213 7 1 _
1426 2213 12 1 _

367 2229 97 39 This
485 2228 30 38 is
535 2226 67 38 the
622 2223 181 51 triumph
826 2222 51 40 of
889 2220 126 40 moral
1028 2222 150 48 justice
1196 2233 100 26 over
1315 2219 123 40 secial
1455 2233 168 32 arrange-

311 2288 149 39 ments;
488 2280 76 37 fe.(l
587 2276 219 39 ieconciles
824 2288 46 26 us
889 2280 43 34 to
951 2274 70 40 the
1035 2272 306 52 imperfections
1354 2274 78 39 and
1452 2269 198 45 disorders

309 2335 130 38 which
459 2343 154 43 appear
634 2330 35 38 in
694 2330 67 37 the
781 2326 293 53 dispensations
1091 2327 50 38 of
1160 2326 328 41 fortune.—The
1521 2327 105 39 virtu-

309 2401 78 26 ous
407 2399 106 30 man,
543 2383 71 39 the
634 2381 139 39 ardent
795 2382 170 50 patriot,
994 2393 72 26 can
1102 2392 122 27 never
1256 2379 51 40 be
1338 2379 308 51 unhappv.—ln

309 2456 27 24 n
356 2441 204 45 dungeon,
589 2450 48 25 or
658 2447 50 24 on
732 2447 19 24 a
775 2438 146 33 throne
938 2451 11 24 ;
980 2433 37 38 in
1039 2432 69 39 the
1128 2431 120 46 circle
1265 2431 48 39 of
1336 2431 60 39 his
1411 2432 138 48 family
1571 2432 76 39 and

308 2493 164 43 friends,
506 2503 45 26 or
566 2503 52 25 on
641 2489 67 38 the
737 2485 188 46 sc;itild;
956 2485 52 39 he
1042 2486 31 38 is
1106 2484 80 39 still
1214 2484 69 39 the
1302 2497 137 30 same;
1470 2484 76 39 and
1579 2484 69 39 the

309 2545 231 40 conviction
563 2543 48 37 of
637 2542 58 37 his
712 2539 130 38 worth
865 2550 206 41 preserves
1090 2538 67 37 the
1176 2536 174 39 serenity
1372 2536 50 39 of
1449 2536 60 39 his
1539 2536 105 40 mind

311 2595 254 56 unimpaired
583 2594 146 40 amidst
749 2591 71 46 the
837 2591 163 38 horrors
1020 2590 46 38 of
1089 2591 71 37 the
1179 2589 210 39 situation.
1448 2590 112 39 PALA
1570 2603 77 26 FON

309 2654 35 38 is
365 2666 53 26 no
437 2650 137 48 object
594 2647 48 39 of
666 2657 77 27 our
776 2644 87 52 pity
880 2643 278 43 ;—whatever
1189 2642 52 39 be
1261 2641 59 39 his
1343 2642 178 44 fate,--a
1541 2643 84 50 fugi-

309 2707 89 38 tive
417 2718 46 25 or
483 2715 24 25 a
527 2702 311 51 prisoner,—we
857 2695 119 40 think
1017 2694 81 39 him
1128 2695 71 38 the
1219 2700 105 33 most
1343 2694 185 39 enviable
1558 2707 90 27 man

309 2772 56 26 on
387 2758 65 39 the
467 2754 89 39 fare
576 2752 50 40 of
647 2764 74 26 our
739 2751 141 52 globe.
935 2747 40 41 If
992 2747 48 39 he
1059 2747 98 40 feels
1176 2760 77 39 any
1270 2747 165 51 anxiety
1453 2764 9 25 ;
1496 2747 28 37 it
1546 2746 28 40 is
1587 2747 64 38 for

309 2812 64 38 his
392 2813 170 46 country
583 2810 9 34 !
626 2804 73 39 but
718 2805 115 37 when
868 2802 51 40 he
938 2800 119 41 looks
1075 2806 44 34 to
1143 2800 175 43 himself,
1350 2799 50 39 he
1434 2805 106 33 must
1571 2800 76 38 find

307 2865 118 39 there
446 2864 174 37 motives
654 2857 48 39 of
732 2855 253 40 satisfaction
1019 2867 112 27 more
1168 2852 191 53 cheering
1391 2852 100 39 than
1513 2850 51 40 all
1583 2852 67 40 the

312 2914 267 43 intoxication
594 2910 51 40 of
667 2923 24 26 a
710 2911 167 38 Roman
899 2907 195 52 triumph.

371 2973 76 35 But
461 2966 72 41 the
550 2976 141 28 career
709 2961 50 39 of
772 2961 61 38 his
854 2960 152 39 virtues
1023 2959 76 40 and
1121 2956 193 54 exploits,
1329 2970 60 25 we
1408 2956 174 39 shudder
1606 2962 44 34 to

313 3021 137 44 think,
484 3021 30 37 is
543 3015 163 53 already
738 3012 247 53 completed.
1042 3012 86 48 Ths
1160 3013 84 37 fate
1276 3011 50 39 of
1352 3011 67 38 the
1448 3009 99 40 hero
1580 3009 71 40 has

315 3077 102 38 boon
450 3070 234 43 denounced
713 3067 38 38 in
783 3066 71 39 the
887 3064 74 40 last
987 3064 193 46 Bulletin,
1270 3066 53 35 PA
1335 3077 45 25 LA
1389 3078 81 24 FOi
1499 3064 31 37 is
1556 3063 71 39 dan-

313 3126 188 51 gcrously
648 3120 116 41 Cold,
796 3117 202 41 relentless
1019 3118 228 38 murderer!
1289 3117 93 38 Yon
1404 3116 105 38 have
1528 3116 120 40 taken

315 3195 111 25 assay
450 3193 21 25 a
493 3180 84 43 life,
611 3172 126 40 which
774 3170 261 54 outweighed
1070 3170 41 38 in
1143 3169 130 39 moral
1307 3168 148 46 worth,
1496 3168 39 39 in
1569 3169 80 41 real

313 3234 168 50 nobility
507 3229 48 41 of
578 3227 104 40 soul,
713 3237 109 40 your
854 3239 89 24 own
972 3223 74 40 and
1070 3222 91 39 that
1191 3221 50 39 of
1264 3221 69 40 the
1354 3226 159 47 present
1530 3234 98 39 gene-

314 3289 132 37 ralion
468 3282 50 41 of
541 3279 266 43 Frenchmen.
865 3279 72 37 We
956 3281 151 34 cannot
1142 3274 194 39 conceive
1363 3273 112 39 what
1502 3274 124 40 incom-

314 3335 252 58 prehensible
585 3333 181 40 accident
788 3331 129 39 threw
939 3332 198 38 PALarox
1175 3326 87 39 into
1290 3326 71 39 the
1378 3332 164 47 present
1561 3340 67 27 ten-

315 3402 89 32 tun
429 3390 118 46 ;—he
567 3384 198 52 belonged
788 3390 44 33 to
852 3397 48 24 an
922 3394 77 38 age
1019 3381 76 39 and
1131 3393 26 25 a
1185 3384 190 47 country,
1396 3378 130 40 which
1548 3378 103 41 have

315 3448 102 37 been
457 3443 93 47 long
583 3454 54 25 no
671 3449 131 27 more.
862 3436 70 39 His
952 3435 211 40 affections
1183 3432 78 39 and
1289 3432 239 39 sentiments
1548 3445 103 26 were

314 3495 223 45 suGcated
559 3494 39 40 in
628 3491 69 40 the
716 3502 158 27 narrow
896 3488 72 39 cell
1003 3488 50 38 of
1072 3485 169 39 modern
1273 3484 171 52 society.
1502 3485 148 45 Rome,

315 3556 40 40 in
379 3553 69 38 her
468 3553 104 34 most
601 3544 182 53 glorious
814 3540 156 54 period,
1007 3553 83 26 was
1119 3540 60 37 his
1198 3541 279 48 country.,
1478 3540 32 37 No
1531 3539 119 38 other

313 3602 255 50 community
602 3595 211 56 presented
849 3607 25 25 a
905 3593 161 39 theatre
1097 3588 242 56 sufficiently
1376 3589 103 39 wide
1499 3587 65 41 for
1583 3589 69 40 the

312 3656 221 54 expansion
548 3651 48 43 of
611 3651 59 39 his
687 3648 184 52 feelings.
901 3646 65 43 for
987 3647 70 39 the
1074 3643 426 54 comprehensiveness
1517 3641 50 40 of
1591 3643 60 40 his

311 3726 25 27 v
345 3724 102 26 iews.

370 3769 118 35 From
510 3759 90 39 that
619 3756 171 39 sublime
806 3756 176 51 picture,
1010 3749 56 41 let
1097 3763 45 26 us
1160 3762 90 26 now
1270 3751 86 38 cast
1380 3761 79 26 our
1476 3761 96 40 eyes
1589 3761 54 27 on

311 3819 93 41 that
439 3815 48 39 of
513 3802 587 51 BONAPARTE%—surrounded
1137 3802 94 39 with
1266 3801 53 39 all
1350 3801 69 39 the
1452 3801 115 52 glare
1603 3801 48 39 of

311 3873 154 39 human
484 3859 475 60 grandeur,—counting
977 3857 132 52 Kings
1137 3854 81 40 and
1239 3853 163 40 Princes
1419 3866 155 40 among
1591 3853 60 40 his

309 3922 149 41 vassals
491 3918 79 41 anti
606 3919 182 38 servants
803 3912 148 46 ;—and
997 3907 151 43 behold
1199 3907 84 39 him
1328 3906 189 40 tortured
1554 3906 93 39 with

305 3977 187 54 jealousy
513 3971 77 41 and
612 3970 89 38 fear
713 3979 93 34 ;—a
824 3971 184 45 stranger
1026 3976 54 27 on
1100 3963 71 38 the
1189 3960 89 39 face
1297 3959 50 39 of
1368 3960 70 38 the
1455 3958 116 40 earth
1585 3974 66 30 ;

312 4045 50 26 an
379 4029 150 40 outlaw
547 4025 37 38 in
606 4020 149 52 society
775 4016 288 53 ;—labouring
1081 4012 234 52 incessantly
1339 4011 78 39 and
1434 4011 214 48 anxiously

309 4091 46 34 to
387 4084 51 37 be
472 4074 241 54 completely
752 4069 213 41 miserable
981 4065 305 52 ;—distrusting
1318 4065 76 39 and
1419 4064 144 54 hating
1597 4056 52 48 all

308 4134 210 44 mankind,
549 4126 261 54 particularly
843 4124 69 39 the
950 4123 143 38 honest
1113 4120 77 39 and
1222 4120 66 38 the
1307 4117 110 53 good
1433 4134 12 28 ;
1478 4117 172 41 because

299 4193 59 38 lie
379 4193 30 37 is
428 4186 208 41 conscious
656 4181 85 39 that
758 4178 52 41 he
829 4188 194 43 possesses
1036 4174 78 40 and
1131 4172 138 40 merits
1287 4170 67 40 the
1369 4170 76 41 full
1466 4185 184 30 measure

1674 91 84 51 AL
1796 94 380 52 REGISTER.

2072 195 57 14 ~..

2681 98 255 52 MARCH
2976 103 77 51 19.

1711 228 48 39 Of
1785 230 106 41 their
1905 234 256 41 detestation.
2225 236 60 38 He
2303 248 90 40 :nay
2413 234 76 40 call
2512 237 86 37 PAL
2604 250 20 22 A
2634 250 78 24 rox
2727 250 24 25 a
2769 239 182 45 coward,
2978 240 84 39 and

1717 282 63 39 die
1800 286 146 52 people
1967 287 50 39 of
2031 291 219 58 Saragossa
2278 301 24 25 a
2319 287 214 40 miserable
2554 288 139 40 rabble
2709 306 11 27 ;
2754 292 72 38 but
2848 291 37 40 if
2915 291 52 40 he
2993 306 44 26 re-

1715 337 80 38 tain
1825 351 77 39 any
1925 345 112 34 trace
2057 340 47 39 of
2128 345 156 34 former
2300 340 273 54 impressions,
2606 341 51 39 he
2685 343 72 39 has
2790 344 71 38 the
2878 344 155 40 mortifi-

1717 390 130 39 ;iition
1869 397 45 32 to
1933 392 109 47 feel,•
2060 396 89 37 that
2167 407 100 25 even
2293 393 69 39 the
2396 393 117 40 vilest
2533 393 78 39 and
2647 402 105 32 most
2784 397 204 39 obdurate
3011 397 52 41 of

1717 442 57 39 his
1807 457 90 26 own
1938 445 172 41 minions
2144 446 122 52 laugh
2288 452 43 33 at
2350 445 69 40 the
2437 451 305 48 extravagance
2771 449 50 39 of
2845 449 63 39 his
2939 462 116 40 rage,

1716 495 73 39 and
1806 497 197 40 condemn
2022 500 69 40 the
2109 513 113 40 gross
2244 500 242 52 impudence
2500 501 48 37 of
2572 501 59 38 his
2650 501 228 39 falsehood.

1768 550 72 37 We
1872 552 106 52 hope
1998 553 112 39 there
2131 566 69 25 arc
2229 566 52 25 no
2306 565 111 28 more
2434 553 197 39 admirers
2653 554 37 38 in
2722 554 78 39 this
2815 559 174 47 country
3009 554 53 41 of

1717 599 85 41 that
1822 604 163 40 ruffian.
2044 606 40 38 If
2099 605 113 40 there
2231 619 84 32 arc,
2336 605 77 40 and
2430 606 92 52 they
2539 606 144 39 should
2698 606 105 39 have
2820 607 71 38 the
2904 606 130 40 effron-

1719 658 81 47 tery
1824 660 45 34 to
1904 657 169 40 disclose
2108 658 89 39 that
2217 658 263 45 admiration,
2510 658 96 52 they
2643 658 143 39 should
2826 660 51 38 be
2907 659 150 41 kicked

1717 705 100 40 from
1839 722 122 40 every
1978 710 168 52 society.
2205 710 123 40 Their
2344 710 243 46 admiration
2609 711 31 39 is
2657 711 274 52 complicated
2949 717 85 34 trea-

1714 762 246 53 son;—they
1988 776 70 26 are
2088 764 165 38 traitors
2281 769 44 33 to
2355 763 106 39 their
2481 769 170 50 country
2675 778 41 25 as
2738 764 85 39 well
2851 777 44 26 as
2927 771 44 33 to
2999 764 57 41 all

1717 814 204 40 mankind.
1946 816 89 40 The
2047 816 168 51 journal
2231 816 126 39 which
2376 815 145 50 should
2542 819 139 37 evince
2700 833 22 22 a
2737 817 130 52 single
2885 816 111 40 word
3015 819 40 41 in

1713 868 265 39 extenuation
1997 869 47 38 of
2053 869 61 39 his
2127 870 159 46 crimes,
2301 868 185 40 deserves
2502 874 41 34 to
2559 870 50 39 be
2628 870 125 40 burnt
2770 872 50 52 by
2839 870 70 39 the
2924 869 128 41 hands

1715 919 48 37 gif
1778 920 67 38 the
1864 920 222 53 hangman.

1767 972 85 39 The
1867 974 165 39 defence
2053 974 50 39 of
2113 977 217 51 Saragossa
2350 974 46 45 is,
2417 977 361 52 unquestionably,
2809 976 72 40 the
2896 976 162 40 noblest

1717 1031 237 35 monument
1985 1028 50 39 of
2049 1029 165 39 modern
2252 1028 184 39 warfare.
2498 1029 70 39 We
2589 1029 80 40 find
2705 1043 102 26 even
2829 1030 40 38 in
2896 1031 157 38 antient

1716 1080 156 38 records
1892 1080 93 52 only
2006 1085 80 34 two
2106 1081 222 52 examples,
2350 1081 76 39 and
2444 1081 117 39 those
2582 1084 38 35 in
2637 1082 67 39 the
2718 1095 94 40 very
2839 1074 216 47 Peninsula

1717 1131 124 39 where
1860 1133 79 38 this
1959 1134 71 38 has
2044 1134 100 39 been
2166 1134 416 52 gisen,—Saguntum
2606 1135 74 38 and
2702 1136 236 38 Numantia.
2996 1139 48 37 In

1724 1195 263 40 sousequence
2034 1188 50 37 of
2119 1187 69 38 the
2239 1186 230 52 perfection
2524 1192 45 33 to
2619 1186 129 39 which
2794 1186 72 40 the
2908 1193 64 35 art
3008 1187 53 39 of

1830 1238 30 35 is
1892 1238 182 52 brought
2106 1245 43 32 at
2184 1244 176 46 present,
2389 1238 210 41 fortresses
2630 1239 50 39 of
2708 1240 67 38 the
2807 1240 92 38 first
2933 1240 122 39 order

1815 1290 148 39 unahle
2001 1297 44 33 to
2080 1291 150 39 sastain
2277 1305 22 24 a
2337 1291 111 52 siege
2472 1292 63 38 'of
2567 1297 81 33 two
2696 1292 182 39 months.
2952 1296 102 37 Two

1748 1343 113 39 rend)
1886 1343 162 45 armies,
2070 1341 223 44 concluded
2331 1344 48 52 by
2417 1344 117 39 three
2568 1343 211 45 Marshals,
2813 1344 109 40 have
2950 1345 102 39 been

1715 1395 209 52 .uriployed
1946 1396 65 40 for
2031 1400 115 38 three
2167 1398 176 43 months,
2363 1397 156 47 against
2542 1409 21 26 a
2585 1397 124 52 place,
2731 1397 130 39 which
2895 1410 79 27 was
2994 1411 54 25 no

1720 1453 125 34 mtter
1874 1450 99 38 than
2013 1465 47 24 au
2083 1465 100 38 open
2207 1456 124 33 town.
2389 1453 44 50 Et
2433 1453 21 50 .
2454 1453 66 50 ery
2562 1450 139 44 house,
2739 1463 123 39 every
2884 1450 170 47 church,

1724 1500 63 38 oat
1809 1506 124 35 street
1971 1517 105 26 were
2111 1504 213 41 defended,
2354 1508 44 33 to
2437 1502 69 39 the
2544 1502 69 39 last
2639 1505 239 51 extremity,
2907 1505 51 50 by
2981 1505 71 39 the

1728 1565 183 32 ;onerous
1930 1554 265 41 inhabitants.
2252 1558 33 39 A
2308 1569 220 26 numerous
2548 1557 77 38 and
2659 1557 247 39 formidable
2942 1557 111 38 artil-

1713 1603 80 54 LI
1814 1619 81 27 was
1915 1609 98 53 kept
2054 1609 167 53 playing
2252 1607 113 53 night
2396 1609 78 39 and
2504 1609 74 53 day
2603 1623 50 25 on
2676 1610 67 38 the
2763 1610 99 51 city.
2922 1610 132 39 Mines

1728 1671 85 26 vere
1834 1659 236 54 incessantly
2096 1675 170 39 sprung,
2287 1662 129 38 which
2437 1661 99 40 blew
2559 1675 52 39 up
2633 1662 129 39 whole
2781 1667 188 47 quarters
2987 1669 41 32 to-

1713 1711 138 43 .;ether
1870 1714 96 39 with
1985 1714 67 39 the
2076 1715 143 51 people
2277 1714 53 39 ho
2347 1714 155 40 rcs!ded
2524 1714 130 45 theme,
2676 1714 85 39 into
2779 1717 67 35 the
2868 1714 59 39 air
2942 1731 11 28 ;
2975 1714 78 39 and

1733 1763 89 39 !Rise
1847 1766 270 53 complicated
2159 1768 165 38 horrors
2359 1767 119 39 could
2509 1773 72 33 not
2610 1767 154 39 subdue
2785 1767 69 43 the
2874 1767 111 52 spirit
3007 1767 51 39 of

1731 1815 47 40 he
1793 1819 262 43 Sarnessans
2070 1824 11 34 !
2138 1821 122 38 W:vat
2278 1832 19 26 a
2316 1818 172 40 sublime
2511 1820 155 51 picture
2685 1824 11 38 I
2754 1821 119 37 What
2893 1832 24 26 a
2937 1820 112 52 unity

1716 1867 46 39 •)f
1775 1869 76 40 will
1872 1872 78 39 and
1972 1874 137 38 action
2131 1873 38 38 in
2191 1886 43 25 so
2254 1872 112 51 large
2386 1884 25 26 a
2432 1873 103 51 body
2623 1872 86 38 The
2737 1872 146 52 longer
2903 1885 59 25 me
2980 1885 47 25 ex-

1722 1923 122 39 mine
1865 1924 45 46 it,
1946 1925 71 38 the
2037 1939 112 26 more
2172 1938 57 26 we
2248 1924 171 45 admire,
2454 1924 90 40 love
2561 1926 77 37 and
2656 1929 286 34 commiserate
2962 1924 91 38 that

1716 1977 307 47 magnanimous
2053 1977 170 54 people;
2252 1978 69 41 the
2353 1990 112 25 more
2498 1978 256 39 execrations
2790 1978 54 39 do
2882 1991 59 24 we
2972 1977 78 39 call

1716 2027 110 39 :town
1848 2042 53 26 on
1922 2031 72 38 the
2013 2033 103 37 head
2135 2030 50 39 of
2200 2031 66 38 the
2289 2031 180 38 Monster
2490 2033 91 35 who
2609 2031 73 38 has
2709 2029 204 53 wantonly
2935 2043 91 26 exer-

1715 2080 100 39 cised
1831 2093 52 26 on
1903 2081 115 41 them
2031 2096 45 26 so
2098 2083 119 40 much
2238 2094 150 37 savage
2408 2082 190 48 ferocity.

1768 2194 131 39 Dutch
1924 2197 191 39 Gazettes
2141 2202 45 34 to
2215 2196 72 40 the
2313 2196 90 39 12th
2426 2196 152 40 instant
2597 2196 158 44 arrived
2776 2210 53 26 on
2846 2196 143 51 Friday
3012 2194 40 40 in

1714 2250 120 37 town.
1892 2249 126 39 Their
2050 2256 184 32 contents
2265 2248 233 52 extinguish
2530 2262 102 26 even
2663 2249 70 39 the
2761 2249 165 40 shadow
2948 2249 47 37 of
3022 2259 26 26 a

1714 2298 125 39 doubt
1858 2301 133 41 which
2015 2301 131 53 might
2165 2302 105 39 have
2288 2301 102 39 been
2405 2300 79 40 still
2504 2302 252 38 entertained
2772 2301 48 39 of
2833 2315 24 25 a
2881 2313 169 40 rupture

1715 2350 176 43 between
1915 2356 157 38 France
2092 2354 77 39 and
2191 2354 180 39 Austria.
2414 2355 53 37 As
2486 2366 59 26 we
2565 2354 148 57 always
2731 2354 321 53 anticipated,—

1714 2402 69 41 the
1809 2406 123 39 latter
1952 2407 32 38 is
2004 2409 69 37 the
2094 2419 226 40 aggressor.
2378 2406 74 38 We
2481 2406 78 39 hail
2594 2394 90 51 this
2692 2409 294 37 circumstance
3007 2419 44 25 as

1711 2470 50 25 an
1783 2459 228 51 auspicious
2031 2466 204 46 symptom
2256 2458 100 47 ;—it
2375 2458 33 39 is
2427 2471 50 26 an
2497 2464 161 38 earnest
2679 2458 46 40 of
2737 2460 67 38 the
2826 2458 222 40 resolution

1713 2510 93 39 with
1827 2511 130 40 which
1991 2513 72 38 she
2096 2513 72 37 has
2199 2511 250 41 determined
2478 2517 43 34 to
2552 2524 117 40 carry
2691 2525 53 25 on
2776 2512 69 39 the
2872 2516 174 35 contest.

1714 2563 369 53 Notwithstanding
2118 2567 70 39 the
2224 2564 175 45 artifice,
2440 2563 276 51 subterfuges,
2757 2564 77 39 and
2874 2562 175 43 affected

1711 2614 276 52 depreciation
2010 2617 128 40 which
2161 2617 117 40 mark
2298 2617 70 38 the
2389 2616 161 41 articles
2570 2617 38 38 in
2631 2620 66 35 the
2718 2620 223 43 ,4enitrur,
2959 2617 91 38 that

1715 2668 139 40 advert
1872 2675 45 34 to
1933 2670 72 39 the
2020 2670 188 48 financial
2224 2669 78 41 and
2326 2669 175 53 military
2524 2682 204 27 resources
2748 2670 48 38 of
2816 2670 177 46 Austria,
3017 2670 32 38 it

1717 2733 28 25 is
1776 2734 91 40 easy
1889 2730 44 35 to
1955 2725 185 50 perceise
2158 2725 92 39 that
2278 2725 268 41 BoNAPARTE
2565 2732 135 30 enters
2720 2724 93 39 with
2836 2727 120 44 great
2976 2735 41 25 re-

1717 2772 178 41 luctance
1916 2790 56 26 on
1991 2777 69 39 the
2075 2781 159 47 present
2251 2780 171 35 contest.
2480 2776 73 39 We
2575 2787 90 26 miss
2685 2789 22 24 a
2726 2780 142 46 strong
2887 2776 162 39 feature

1717 2825 37 39 in
1792 2828 59 39 his
1884 2829 343 41 conduct,—that
2259 2828 283 53 promptitude
2582 2826 77 40 and
2698 2829 194 50 rapidity,
2920 2826 131 43 which

1716 2881 295 39 characterised
2042 2882 60 38 his
2135 2881 152 40 former
2324 2881 248 48 operations.
2606 2878 156 41 Almost
2781 2885 80 32 two
2888 2880 161 41 months

1719 2931 104 40 have
1841 2933 167 54 already
2027 2934 162 53 elapsed
2216 2934 109 39 since
2343 2931 63 43 his
2421 2933 221 54 departure
2661 2931 104 39 from
2787 2934 119 51 Spain
2927 2948 12 30 ;
2972 2933 80 39 and

1717 2986 364 53 notwithstanding
2134 2987 72 44 the
2256 2986 215 52 menacing
2520 2985 345 40 demonstrations
2917 2985 131 40 which

1719 3039 157 38 Austria
1894 3038 221 43 continued
2135 3045 45 34 to
2200 3039 123 40 make
2342 3039 106 38 since
2481 3038 90 39 that
2593 3038 113 45 time;
2737 3038 288 39 notwithstand-

1716 3090 67 50 ing
1801 3091 69 39 the
1883 3091 189 56 jealousy
2094 3093 78 39 and
2192 3091 203 40 irritation
2422 3090 52 40 he
2493 3090 204 53 displayed
2718 3097 43 33 at
2781 3092 70 38 the
2871 3091 177 39 conduct

1716 3143 48 38 of
1781 3144 87 38 that
1886 3157 155 40 power,
2070 3145 52 39 he
2141 3144 79 40 still
2241 3143 221 41 continued
2479 3143 58 39 his
2552 3143 141 39 efforts
2712 3149 44 33 to
2776 3144 276 53 compromise

1717 3195 67 40 the
1804 3197 159 51 subject
1978 3198 52 39 of
2039 3197 162 54 dispute
2220 3198 51 51 by
2294 3195 279 53 negociation.
2630 3196 72 38 We
2722 3209 69 27 are
2803 3194 183 53 justified
3004 3202 48 34 to

1716 3248 106 39 draw
1840 3255 83 34 two
1945 3250 255 40 conclusions
2233 3263 52 25 on
2319 3249 71 40 the
2409 3248 348 45 occasion,—that
2791 3249 61 40 his
2885 3254 163 47 present

1719 3314 132 27 means
1884 3317 70 26 arc
1988 3304 244 53 inadequate
2251 3308 43 34 to
2314 3315 116 40 carry
2451 3315 51 25 on
2533 3302 70 38 the
2623 3306 157 37 contest
2799 3304 99 38 with
2921 3317 24 26 a
2963 3314 66 27 cer-

1717 3353 125 54 falnty
1863 3357 48 38 of
1925 3370 143 33 success
2068 3370 20 33 .
2088 3370 21 33 ;
2141 3356 78 40 and
2239 3356 90 40 that
2354 3369 22 25 a
2395 3369 86 26 new
2497 3367 83 26 war
2601 3354 31 38 is
2666 3354 224 51 extremely
2924 3361 99 46 wipo
3024 3361 25 46 .

1716 3407 116 51 pular
1851 3407 39 40 in
1913 3411 167 39 France.
2138 3410 130 39 These
2287 3407 268 46 conclusions,
2593 3407 37 40 if
2641 3407 87 40 well
2748 3407 195 47 founded,
2973 3405 83 44 will

1715 3467 174 33 account
1907 3462 69 39 for
1996 3462 93 39 that
2108 3461 123 40 tissue
2248 3462 51 39 of
2313 3459 188 41 falshood
2519 3459 79 41 and
2619 3461 123 39 abuse
2761 3461 130 40 which
2914 3474 67 26 are
2998 3474 46 26 so

1717 3514 229 48 prominent
1977 3514 40 39 in
2035 3514 72 40 the
2125 3514 184 39 remarks
2328 3514 48 39 of
2402 3514 72 39 the
2494 3513 152 40 French
2670 3514 77 39 and
2769 3513 138 41 Dutch
2929 3516 123 37 Jour•

1717 3566 96 40 mils.
1872 3567 195 40 Previous
2087 3573 44 33 to
2150 3568 71 43 the
2238 3573 81 33 two
2341 3566 74 40 last
2434 3567 236 52 campaigns
2691 3579 52 26 on
2773 3566 71 40 the
2878 3567 172 39 Danube

1716 3619 74 39 and
1824 3619 71 39 the
1913 3620 110 47 Saal,
2050 3619 118 41 when
2197 3620 72 40 the
2287 3625 139 48 tyrant
2446 3632 81 26 was
2558 3632 93 26 sure
2681 3619 48 39 of
2760 3619 60 39 his
2855 3632 116 39 prey,
2999 3619 52 39 he

1715 3671 197 53 glaringly
1931 3672 169 41 affected
2115 3673 70 40 the
2205 3685 93 39 very
2315 3684 159 28 reverse
2494 3671 47 39 of
2552 3671 79 40 this
2649 3671 200 47 conduct;
2872 3672 77 38 and
2965 3684 58 26 em-

1717 3723 141 52 ployed
1886 3739 21 24 a
1929 3737 202 28 nauseous
2147 3726 124 38 strain
2291 3724 51 41 of
2367 3724 219 58 sympathy
2609 3724 77 39 and
2708 3729 135 46 regret
2864 3724 112 39 when
2996 3724 53 38 he

1715 3777 191 40 adverted
1938 3783 46 35 to
2017 3778 70 39 the
2118 3782 244 48 infatuation
2381 3778 51 39 of
2456 3780 72 38 the
2546 3782 142 35 courts
2721 3776 50 40 of
2787 3778 157 38 Vienna
2973 3776 79 38 and

1719 3828 143 40 Berlin.
1893 3831 99 39 This
2011 3831 223 40 detectable
2254 3837 97 33 cant
2363 3844 81 26 was
2464 3843 124 27 never
2608 3830 96 40 used
2725 3827 96 43 with
2839 3844 117 25 more
2975 3842 50 26 un-

1715 3882 185 53 blushing
1920 3883 219 47 insolence,
2163 3885 98 39 than
2281 3883 151 53 during
2452 3883 70 40 the
2541 3883 117 39 short
2676 3882 170 41 interval
2868 3883 51 40 of
2931 3895 25 25 a
2973 3881 81 39 few

1713 3934 112 52 days,
1856 3935 131 46 which
2017 3937 234 40 intervened
2271 3937 181 40 between
2473 3938 70 39 the
2561 3938 103 39 time
2682 3937 50 39 of
2744 3934 64 41 his
2825 3934 151 41 arrival
3007 3940 48 33 at

1713 3989 250 53 Wurtzburg
1993 3990 78 39 and
2089 3990 72 40 the
2193 3990 126 39 battle
2350 3989 51 40 of
2427 3990 119 39 Jena.
2588 3987 116 41 After
2721 3989 51 40 he
2791 3990 78 39 had
2890 3989 165 52 already

1713 4042 169 39 decreed
1922 4043 69 39 the
2020 4043 124 40 doom
2176 4043 50 39 of
2251 4043 72 39 the
2344 4044 190 39 Prussian
2570 4043 220 60 monarchl
2807 4059 13 30 ;
2851 4043 107 39 after
2991 4042 64 39 his

1715 4095 145 39 armies
1893 4095 79 39 had
1995 4095 133 52 begun
2159 4096 106 40 their
2285 4095 139 40 march
2446 4096 40 39 in
2504 4108 123 40 every
2646 4095 196 41 direction
2858 4113 12 27 ;
2906 4095 77 39 and
3011 4095 44 39 in

1715 4148 242 52 proportion
1978 4161 43 26 as
2040 4152 92 48 they
2156 4148 260 52 approached
2435 4150 72 39 the
2526 4149 193 40 frontiers
2738 4148 50 41 of
2815 4152 240 47 Saxony,—

1711 4199 71 41 the
1796 4200 204 54 language
2015 4200 52 41 of
2076 4201 70 41 the
2163 4202 90 52 wily
2271 4201 148 41 ruffian
2440 4202 168 41 became
2622 4215 115 27 more
2753 4201 263 52 conciliatory

1318 4087 76 18 anu
1419 4087 144 32 naminb
1597 4087 52 18 ail

1715 4095 145 39 armies
1893 4095 79 39 had
1995 4095 133 52 begun
2159 4096 106 40 their
2285 4095 139 40 march
2446 4096 40 39 in
2504 4108 123 40 every
2646 4087 196 50 direction
2858 4113 12 27 ;
2906 4095 77 39 and
3011 4095 44 39 in
3296 4087 45 46 14

1222 4120 66 38 the
1307 4117 110 53 good
1433 4134 12 28 ;
1478 4117 172 41 because

1715 4148 242 52 proportion
1978 4161 43 26 as
2040 4152 92 48 they
2156 4148 260 53 approached
2435 4150 72 39 the
2526 4149 193 40 frontiers
2738 4148 50 41 of
2815 4152 240 47 Saxony,—

1202 4172 67 40 rits
1287 4170 67 40 the
1369 4170 76 41 full
1466 4185 184 30 measure

1711 4199 71 41 the
1796 4200 204 54 language
2015 4200 52 41 of
2076 4201 70 41 the
2163 4202 90 53 wily
2271 4201 148 41 ruffian
2440 4202 168 41 became
2622 4215 115 27 more
2753 4201 263 52 conciliatory
3034 4215 15 30 ;
