3449 4417
237 94 30 50 .1

1119 115 150 54 THE
1306 116 46 47 N
1459 113 222 50 10NAL
1719 105 124 58 REt
1869 115 159 50 IsTE
2037 117 61 48 It.

239 260 247 44 themselves
520 267 38 38 in
593 269 118 40 other
743 270 158 41 homes.
959 276 113 39 Thus
1104 291 58 26 we
1196 280 220 51 proceeded
1449 283 43 34 to
1513 278 67 39 the

242 314 124 57 Cosso
389 322 43 43 (a
464 326 119 44 peat
611 327 122 34 street
767 325 39 38 in
833 330 237 50 Saragmsa)
1095 332 132 38 where
1261 345 57 25 we
1351 332 116 38 made
1485 345 71 25 our-

239 367 130 38 selves
402 378 167 32 masters
599 374 46 37 of
669 376 66 39 the
771 378 201 54 buildings
992 381 50 38 of
1056 385 66 35 the
1147 384 138 39 Public
1309 383 163 40 Schools
1498 384 80 38 and

241 420 247 53 Univerety.
547 425 87 40 The
653 441 142 40 enemy
821 433 285 39 endeavoured
1127 441 44 32 to
1193 449 154 40 oppose
1368 437 144 38 miners
1532 442 43 32 to

237 472 172 46 riiners;
446 477 72 38 hilt
540 477 73 39 less
634 482 91 37 used
739 488 45 33 to
806 483 78 39 this
901 491 83 33 sort
1004 485 50 39 of
1067 491 226 47 operation,
1311 490 106 38 their
1435 490 143 37 millers

239 539 105 27 svere
361 540 124 41 every
509 530 74 52 day
608 531 233 44 discovered
861 539 76 38 and
961 539 239 41 suilbeated.
1259 542 97 38 This
1387 541 118 39 mode
1535 540 46 40 of

239 578 210 53 besiegin
481 585 190 39 retnLred
702 587 50 39 its
783 601 188 40 progress
1002 591 112 48 slow,
1144 594 74 38 but
1256 608 109 32 sure,
1394 596 77 37 and
1505 593 72 40 less

239 630 247 43 destructive
501 640 44 34 to
565 635 67 40 the
651 650 129 41 army.
839 643 130 39 While
985 643 113 41 three
1119 647 234 52 companies
1372 647 50 38 of
1433 646 145 39 miners

240 683 79 38 and
341 685 48 37 et
391 686 63 46 ;'.ht
475 690 234 51 companies
728 692 47 38 of
789 706 164 40 sappers
972 698 158 39 carried
1153 713 52 24 on
1227 699 76 38 this
1323 702 233 37 suliterrane-

241 748 76 27 ous
335 750 98 32 war,
467 741 70 38 the
555 755 296 41 consequences
870 746 47 39 of
934 748 128 40 which
1087 764 99 26 were
1204 765 45 26 so
1280 752 201 45 dreadful,
1509 751 70 39 the

242 789 74 39 fire
338 803 48 24 en
417 794 67 38 the
502 798 112 33 town
634 809 80 26 was
730 797 102 53 kept
852 813 53 40 up
926 801 50 51 by
1007 807 184 35 mortars.
1251 806 84 38 Ten
1354 802 98 54 days
1472 803 106 39 after

241 841 71 38 the
331 844 143 39 ati.ack
495 846 77 38 bad
596 848 149 51 begun,
774 852 71 39 the
866 855 213 38 surrender
1097 854 48 39 of
1156 857 67 38 the
1243 861 106 35 town
1372 870 80 25 was
1472 856 84 39 anti-

240 894 177 53 cipated.
477 899 87 38 The
582 913 113 39 army
715 902 78 40 had
809 905 197 51 possessed
1026 907 113 39 itself
1152 907 47 40 of
1213 922 78 25 one
1320 909 106 39 third
1448 909 48 38 of
1509 908 67 38 the

241 946 163 45 houses,
436 951 76 39 and
544 951 183 43 fortified
763 956 111 39 itself
905 957 37 38 in
976 958 129 40 them.
1161 961 87 39 The
1269 961 157 39 Church
1448 961 126 39 which

241 1002 220 39 contained
494 1004 71 38 the
594 1005 133 53 image
748 1007 51 39 of
821 1012 84 37 Our
926 1011 107 38 Lady
1054 1012 50 39 of
1127 1013 124 46 Pilar,
1287 1015 125 38 which
1450 1015 47 52 by
1533 1026 43 26 so

244 1065 119 33 many
387 1055 183 40 miracles
591 1057 77 40 had
689 1061 200 50 promised
921 1067 43 34 to
984 1054 148 51 defend
1155 1067 70 38 the
1243 1071 126 40 town,
1390 1080 79 25 was
1488 1067 66 39 bat-

242 1098 113 46 tered
369 1106 119 40 down
510 1109 54 53 by
580 1109 158 47 bombs,
759 1113 77 39 and
853 1127 52 27 no
922 1113 142 54 longer
1080 1117 221 40 habitable.
1357 1119 85 39 The
1462 1119 113 39 Duke

243 1157 50 38 of
309 1160 254 41 Montebello
574 1162 168 41 deemed
759 1165 30 39 it
808 1178 204 44 necessary
1030 1174 43 33 to
1089 1169 97 39 take
1206 1170 221 52 possession
1447 1170 50 39 of
1508 1172 67 38 the

244 1209 73 39 loft
338 1211 112 40 hank
471 1213 50 39 of
535 1214 69 39 the
635 1217 122 45 river,
791 1218 40 39 in
865 1220 117 40 order
1003 1221 91 41 that
1126 1213 58 48 his
1204 1222 72 39 tire
1300 1222 129 52 might
1459 1224 117 38 reach

241 1263 71 39 ti:c
334 1265 148 40 middle
501 1266 51 38 of
566 1269 70 38 the
656 1272 122 35 town.
836 1271 59 41 Th
895 1271 30 41 e
943 1273 24 40 G
966 1273 123 40 enera
1089 1273 25 40 l
1137 1274 24 38 o
1161 1274 25 38 f
1202 1276 198 45 Division,
1423 1276 152 45 Gaza'',

244 1317 118 39 made
383 1317 167 40 himself
570 1325 148 34 master
738 1320 50 40 of
801 1323 70 39 the
889 1325 142 51 bridge
1059 1328 52 51 by
1131 1341 26 24 a
1183 1326 149 40 sudden
1354 1328 77 39 and
1452 1328 104 52 itnpe-

243 1374 124 34 tuous
394 1372 157 45 attack,
580 1384 56 27 *n
663 1372 69 39 the
750 1376 191 53 morning
969 1378 51 39 of
1043 1380 67 38 the
1142 1378 91 40 17th
1265 1380 223 52 February.
1547 1383 28 37 A

240 1419 163 56 battery
424 1423 50 38 of
487 1423 93 54 fifty
604 1424 130 53 pieces
752 1440 83 26 was
854 1428 142 54 played
1028 1431 63 39 oft'
1119 1436 43 34 at
1195 1431 116 39 three
1348 1431 161 40 o'clock
1539 1433 39 39 in

242 1473 71 39 the
333 1474 236 43 afternoon.
628 1478 31 39 A.
680 1478 201 43 battalion
901 1481 48 40 of
961 1483 72 39 the
1080 1482 67 40 91h
1170 1483 198 52 regiment
1388 1485 191 40 attacked

242 1526 79 39 and
335 1527 103 38 took
462 1530 224 52 possession
707 1532 47 38 of
769 1546 25 26 a
808 1546 96 40 very
924 1533 110 54 large
1050 1541 244 47 monastery,
1324 1538 70 38 the
1409 1535 110 40 walls
1538 1541 47 34 of

243 1578 132 41 which
409 1593 104 27 were
531 1581 52 39 of
599 1581 132 47 brick,
762 1587 77 35 and
861 1586 103 39 from
985 1587 115 39 three
1133 1592 45 34 to
1209 1589 96 40 four
1339 1589 81 39 feet
1449 1589 129 41 thick.

244 1631 176 39 General
455 1633 143 39 Gazon
632 1636 96 38 then
751 1639 181 51 repaired
964 1641 92 38 with
1080 1641 170 52 rapidity
1273 1646 44 33 to
1333 1642 69 38 the
1422 1641 159 53 bridge,

242 1696 99 26 over
361 1684 130 40 which
515 1687 70 39 the
613 1688 228 52 insurgents
862 1691 115 40 made
998 1693 106 39 their
1126 1698 150 33 retreat
1294 1698 46 33 to
1359 1694 67 38 the
1444 1698 104 35 town
1567 1711 11 26 ;

242 1735 52 39 he
322 1736 124 39 killed
467 1752 24 25 a
511 1744 90 33 vast
630 1743 189 45 number,
850 1744 116 38 made
999 1748 103 35 4000
1140 1744 215 52 prisoners,
1393 1753 188 45 amongst

243 1788 133 40 whom
400 1802 105 27 were
523 1798 85 32 two
622 1794 209 48 Generals,
848 1795 141 46 twelve
1006 1796 202 46 Colonels,
1221 1798 187 40 nineteen

244 1841 204 46 Colonels,
470 1843 77 39 and
568 1850 78 34 230
666 1847 177 39 Officers.
906 1851 56 37 He
983 1848 100 40 took
1106 1848 125 53 thirty
1256 1851 128 51 pieces
1404 1852 47 37 of'
1468 1851 91 39 artil-

243 1891 99 56 lery.
402 1894 149 52 Nearly
575 1896 54 39 alt
644 1898 71 44 the
733 1903 142 50 troops
894 1902 46 38 of
951 1902 67 39 the
1041 1902 77 39 line
1137 1902 37 39 in
1195 1904 70 37 the
1284 1907 107 33 town
1413 1903 78 39 had
1513 1905 44 38 be-

242 1950 61 34 set
335 1946 83 40 this
450 1946 227 53 important
711 1957 105 46 part,
848 1952 124 40 which
996 1954 79 39 had
1103 1955 97 38 been
1221 1955 235 39 threatened
1473 1957 106 38 since

244 1998 70 38 the
337 1998 110 39 10:h.
507 2003 52 35 At
579 2002 72 38 the
669 2016 109 25 smite
797 2013 182 32 moment
1000 2007 70 38 the
1096 2007 116 38 Duke
1228 2008 47 37 of
1294 2009 198 38 Abrantes
1511 2023 46 25 en-

248 2052 111 38 tered
377 2052 67 38 thc
459 2054 76 38 Cos
535 2065 15 26 -
550 2065 32 26 so
596 2053 176 52 throu:rb
791 2057 154 39 several
958 2059 174 38 covered
1146 2072 122 38 ways,
1284 2061 76 37 and
1378 2061 50 50 by
1444 2074 135 26 means

247 2101 50 37 of
322 2107 78 34 No
431 2104 115 39 small
568 2108 139 44 mines,
739 2108 100 37 blew
861 2122 51 39 up
932 2109 70 39 the
1020 2109 201 50 buildings
1243 2111 46 38 of
1305 2113 69 37 the
1404 2113 171 39 Schools.

249 2156 117 38 ACer
403 2156 110 41 these
552 2165 151 38 esents,
754 2164 132 37 terror
919 2176 77 26 was
1028 2163 143 52 spread
1217 2165 255 51 throughout
1513 2166 67 39 the

250 2212 123 34 t4yru.
430 2207 87 39 The
537 2213 143 40 Junta,
715 2211 38 38 in
781 2213 122 39 order
921 2219 40 34 to
983 2228 175 39 procure
1176 2215 131 53 delay,
1339 2218 74 38 and
1439 2219 138 38 obtain

248 2258 98 38 time
367 2264 40 33 to
432 2262 118 37 abate
572 2263 69 37 the
659 2270 131 34 terror
810 2265 50 39 of
891 2267 65 39 the
989 2267 260 46 inhabitants,
1271 2270 149 51 sought
1448 2283 22 25 a
1491 2284 65 38 por-

247 2309 60 53 ky
326 2327 9 25 ;
370 2313 70 39 but
463 2314 105 38 their
589 2316 72 35 had
685 2316 99 39 faith
809 2331 78 25 was
907 2319 162 46 known,
1102 2320 76 38 and
1214 2321 76 37 thi4
1317 2322 155 39 artifice
1500 2337 78 25 was

246 2365 156 39 tiselets.
461 2366 144 53 Thirty
624 2369 117 37 other
762 2370 144 39 houses
927 2383 102 26 were
1056 2373 200 51 possessed
1276 2373 52 52 by
1352 2376 200 38 undermin-

244 2415 85 52 ing,
351 2431 45 24 or
418 2418 48 51 by
493 2418 138 40 mines.
687 2422 54 37 At
762 2421 156 53 length,
938 2435 51 27 on
1016 2424 69 38 the
1101 2430 85 33 21st
1205 2424 50 39 of
1269 2426 223 47 February,
1509 2430 67 39 the

244 2467 131 40 whole
397 2476 109 33 town
526 2484 80 25 was
622 2476 198 48 possessed
844 2476 50 48 by
914 2489 77 26 our
1010 2481 141 47 troops
1170 2494 12 26 ;
1225 2481 144 43 15,000
1397 2469 176 65 infantry

243 2519 79 40 and
341 2525 105 34 2000
467 2523 164 53 cavalry
651 2523 77 39 laid
746 2526 119 40 down
886 2528 105 41 their
1007 2542 110 26 arms
1146 2535 43 33 at
1208 2530 67 39 the
1296 2536 94 46 gate
1406 2532 48 37 of
1482 2536 71 37 Tor-

244 2572 103 46 tilla,
369 2572 77 39 and
478 2578 51 34 40
549 2576 102 51 flags
669 2578 76 38 and
769 2583 73 35 150
862 2580 128 52 pieces
1009 2580 51 40 of
1072 2593 156 27 cannon
1248 2595 105 27 were
1372 2582 202 44 delivered

244 2639 69 38 up.
372 2626 86 39 The
493 2626 229 54 insurgents
752 2630 79 39 lost
861 2637 146 40 20,000
1038 2646 89 26 men
1157 2634 150 51 during
1337 2636 69 38 the
1437 2637 109 51 siege
1563 2656 12 27 ;

247 2682 145 41 13,000
415 2691 99 27 were
533 2679 126 40 found
693 2681 38 39 in
767 2683 70 39 the
865 2685 214 51 hospitals;
1108 2691 76 34 500
1202 2687 91 39 died
1312 2687 122 53 daily.
1492 2691 85 39 The

244 2730 120 39 Duke
386 2732 48 37 of
455 2732 247 39 Montebello
725 2735 133 40 would
892 2737 116 39 allow
1045 2752 52 25 no
1129 2739 266 50 capitulation
1436 2747 41 34 to
1508 2744 69 38 the

241 2786 31 34 10
272 2786 15 34 -
287 2786 61 34 ,var
372 2783 48 38 of
437 2786 231 52 Saragossa.
728 2789 61 39 He
817 2789 92 53 only
933 2789 211 54 published
1163 2792 67 40 the
1254 2791 210 56 following
1485 2807 70 40 pro-

243 2835 145 38 vision,
412 2854 8 19 :

296 2919 131 39 I
428 2953 13 19 Z
441 2953 13 19 ,
320 2919 87 39 Tlie
429 2921 189 39 warrison
643 2923 102 39 shall
762 2930 43 34 at
824 2939 123 34 noon,
966 2940 52 26 on
1038 2927 71 40 the
1128 2931 103 43 21st,
1248 2927 66 53 lay
1333 2928 30 43 d
1363 2928 89 43 own
1473 2931 43 39 th
1515 2931 21 39 e
1537 2931 21 39 i
1558 2931 21 39 r

296 2952 17 19 L

239 2983 110 27 arms
369 2978 43 33 at
431 2974 69 38 the
520 2980 96 45 gate
648 2978 47 35 of
716 2978 183 45 Portilla,
920 2979 130 40 where
1080 2980 92 54 they
1202 2980 99 40 shall
1325 2983 151 39 remain
1496 2985 61 52 pri-

239 3037 137 25 soners
396 3025 47 38 of
462 3039 93 25 war.
615 3028 135 40 Those
769 3031 50 38 of
835 3032 66 37 the
921 3037 138 48 troops
1090 3033 48 38 of
1165 3033 71 39 the
1271 3031 80 41 line
1383 3035 92 39 who
1509 3050 70 26 arc

241 3077 154 51 willing
429 3083 44 33 to
506 3078 102 39 take
630 3081 69 38 the
718 3083 97 38 oath
839 3089 43 33 to
902 3083 107 53 King
1028 3086 168 51 Joseph,
1228 3098 89 40 may
1342 3089 50 38 he
1409 3089 167 39 allowed

242 3133 43 37 to
301 3135 113 33 enter
435 3130 86 38 into
543 3132 60 37 his
624 3133 163 39 service.
846 3138 44 35 In
909 3148 90 27 cage
1023 3137 76 39 this
1113 3146 190 31 entrance
1319 3139 99 39 shall
1439 3146 73 33 not
1530 3142 50 40 be

239 3182 221 51 permitted
560 3184 67 40 the
650 3185 184 40 Minister
870 3188 47 38 of
946 3189 96 39 War
1072 3195 45 34 to
1136 3190 67 39 the
1224 3190 110 52 King
1367 3193 52 38 of
1443 3195 136 51 Spain,

241 3234 97 51 they
361 3235 100 39 shall
563 3239 203 48 prisoners
798 3240 51 38 of
880 3254 80 25 war
994 3241 78 39 and
1101 3247 89 35 sent
1207 3248 45 33 to
1274 3244 164 40 France.
1495 3247 57 39 Th
1552 3247 30 39 e

243 3287 176 53 worship
441 3283 48 43 a
506 3289 90 37 G.t
617 3289 98 40 shall
742 3293 48 37 be
819 3293 254 40 reverenced.
1129 3294 61 39 All
1212 3295 70 39 the
1302 3296 181 54 artillery
1504 3301 74 37 and

241 3341 275 39 ammunition
539 3341 53 37 of
611 3356 117 39 every
752 3345 97 38 kind
869 3345 99 39 shall
989 3346 53 39 be
1069 3346 198 40 delivered
1292 3361 67 38 lip.
1422 3351 61 38 All
1514 3353 66 38 the

240 3404 110 27 arms
369 3391 102 40 shall
491 3394 48 35 be
557 3394 204 51 &posited
784 3402 43 33 at
844 3398 65 38 the
930 3399 122 38 doors
1067 3400 48 37 of
1129 3399 67 39 the
1215 3399 185 41 dillerent
1420 3403 159 50 houses,

241 3446 79 37 aild
339 3444 196 40 collected
559 3448 50 51 by
633 3448 67 39 the
713 3451 222 51 respective
952 3451 210 52 Alcades].

295 3534 89 39 The
404 3537 52 50 mg
456 3537 26 50 .
482 3537 158 50 ezines
660 3539 47 37 of
731 3553 113 31 corn,
868 3539 93 45 rice,
981 3540 78 39 and
1080 3541 112 41 fruit,
1212 3542 130 41 which
1359 3544 104 41 have
1480 3548 98 39 been

244 3587 126 39 found
393 3588 37 37 in
556 3596 125 39 town,
710 3605 71 25 are
803 3605 93 38 very
920 3594 289 39 considerable.
1269 3596 87 39 The
1390 3600 122 39 Duke
1538 3601 47 39 of

241 3639 257 40 liontcheila
515 3643 72 39 has
604 3645 231 37 nominated
860 3645 171 39 General
1051 3646 122 39 Laval
1196 3648 215 40 Governor
1436 3650 48 39 of
1512 3656 46 38 4a-

243 3706 180 38 raqos4n.
485 3696 31 38 A
543 3697 249 50 Deput.qion
827 3698 51 37 of
911 3698 65 38 the
1002 3699 253 45 Priesthood,
1285 3702 76 39 and
1395 3702 187 44 different

240 3746 267 40 inhal)ifants,
543 3748 71 38 bus
632 3754 58 33 set
710 3755 71 33 out
814 3750 64 38 for
909 3752 170 38 :tiadrid.
1139 3752 174 40 Palafox
1346 3755 31 38 is
1411 3756 146 52 danger-

237 3798 118 38 -4/11.4iv
381 3798 53 40 ill.
502 3802 56 37 lk
580 3814 80 25 wai
685 3803 69 37 the
772 3804 138 47 object
930 3803 47 39 of
992 3803 67 39 the
1080 3810 209 47 contempt
1309 3807 50 40 of
1367 3808 69 40 the
1454 3811 128 40 whole

239 3852 146 39 hostile,
406 3867 132 33 army,
559 3854 90 38 who
663 3856 169 40 accused
852 3855 80 39 him
959 3856 50 38 or
1023 3870 220 39 arrogance
1261 3860 76 39 and
1359 3874 217 30 meanness.

237 3906 66 38 lie
341 3919 77 25 'as
451 3920 126 26 never
612 3920 92 26 seen
741 3908 135 38 where
905 3908 113 38 there
1054 3922 79 25 was
1165 3924 76 39 any
1269 3913 169 52 danger.
1494 3917 85 39 The

235 3959 136 38 Count
390 3960 51 37 de
464 3961 185 44 Fneules,
674 3960 185 39 Grandee
879 3961 48 37 of
943 3961 136 51 Spain,
1098 3961 90 40 who
1212 3964 77 39 had
1312 3966 99 40 been
1431 3976 120 33 arrest-

231 4010 52 39 ed
309 4015 46 39 by
380 4013 67 37 the
469 4012 228 51 ii.surgunts
730 4019 11 33 t
787 4029 24 22 0
835 4013 159 39 months
1028 4028 79 39 ago
1139 4029 51 25 on
1228 4017 60 37 his
1306 4024 161 43 estateF,
1496 4035 79 27 was

235 4065 128 38 t'oontl
387 4065 34 38 in
446 4080 19 24 a
488 4067 38 45 e
526 4067 19 45 ,
544 4067 38 45 :n
582 4067 19 45 t
601 4067 79 45 reon
702 4067 50 39 of
763 4067 115 52 eight
896 4067 81 39 feet
997 4080 161 39 square,
1183 4070 76 37 and
1283 4071 65 41 rel
1348 4071 89 41 ease
1436 4071 22 41 d
1480 4090 11 22 :
1521 4089 53 27 no

235 4116 93 46 idea
347 4130 73 28 can
444 4119 51 41 lo
506 4119 165 43 formed
689 4119 50 43 of
754 4119 67 43 the
840 4120 175 41 miseries
1033 4120 51 41 ha
1098 4120 72 40 has
1183 4122 248 56 imdcrione.

2593 113 250 52 MARCH
2888 118 73 53 19.

1905 273 326 45 IMPERIAL.
2263 273 454 46 PARLIAMENT.

2060 387 175 38 POUSF.
2274 389 66 35 OF
2370 387 190 38 LORDS.

2314 495 131 37 Varch
2480 496 59 35 13.

1687 557 79 37 The
1800 557 125 47 !loyal
1962 561 128 34 Asseot
2122 572 77 24 was
2228 562 109 43 given
2368 563 48 41 by
2451 563 246 33 ComtniFsion
2725 567 37 30 to
2794 565 69 39 Fig
2864 562 19 35 -
2883 562 98 35 Meer,

1644 609 132 33 Public
1791 611 67 32 and
1883 609 152 33 Private
2055 609 106 33 Bilis.
2219 609 144 43 Aran,
2391 611 61 32 the
2479 609 138 34 former
2637 621 93 21 were
2751 612 61 32 the
2833 611 143 33 Briti-h

1639 658 69 32 :Uhl
1743 656 94 35 Irish
1876 657 145 34 Militia
2054 656 176 34 Transfer
2264 657 83 33 Bill!
2369 670 8 25 ;
2407 657 61 33 the
2506 658 94 33 Iri,h
2639 658 247 39 Distilleries;
2914 659 64 32 the

1641 705 118 45 Spirit
1791 706 146 43 Import
1967 704 69 33 and
2067 704 148 43 Export
2254 705 222 39 Regulation
2513 706 104 39 Lill;
2644 705 60 33 the
2747 705 98 34 Flax
2885 705 92 33 Seed

1646 752 145 43 Bounty
1813 754 102 39 Pill;
1942 754 70 32 and
2040 758 38 27 to
2111 752 246 45 Campbell':,
2388 752 189 43 Bassett's,
2603 754 67 32 and
2691 752 195 45 Cregson's
2908 752 47 33 Di-

1642 811 109 21 vorce
1775 800 100 33 Bilk.

1690 848 59 33 do
1770 849 158 33 busiiies9
1946 844 44 37 of
2008 848 229 43 irrportaw.e
2256 847 129 37 durinz
2405 848 61 40 the
2485 847 206 35 remainder
2708 847 41 34 of
2761 847 63 35 The
2841 846 120 38 week.

2019 960 171 40 HOUSE
2220 961 66 35 OF
2350 961 244 38 OMMONS.

2081 1081 191 51 Monda.:,,
2302 1084 143 37 March
2470 1087 59 35 13.

1835 1160 207 27 CITATIGnS
2069 1161 190 25 kGIINST
2277 1161 87 25 Tur
2388 1160 119 25 ovicc
2530 1160 56 25 or
2607 1160 142 26 YORK.

1688 1214 80 33 The
1794 1217 194 32 SecauTa
2003 1222 57 25 toe
2088 1219 37 27 at
2156 1215 73 31 W.t
2241 1224 24 25 a
2301 1213 130 33 should
2464 1213 81 33 lend
2578 1214 53 32 his
2663 1215 183 33 attention
2875 1225 99 24 more

1641 1261 248 43 particularly
1910 1271 37 24 to
1970 1263 87 32 Airs.
2094 1261 139 33 Clarke
2249 1274 11 27 ;
2296 1261 71 32 and
2391 1273 39 21 as
2448 1266 37 27 to
2515 1261 65 33 her
2609 1263 211 40 testimony,
2848 1264 44 31 he
2911 1265 65 31 he.

1643 1309 120 33 lieved
1783 1310 59 32 the
1859 1307 182 46 majority
2060 1309 44 33 of
2124 1309 64 33 the
2210 1310 124 32 Pause
2357 1309 120 33 would
2497 1319 46 31 go
2575 1309 90 33 with
2686 1309 73 33 hiin
2781 1311 34 32 in
2831 1310 124 33 declar-

1642 1356 59 43 iug
1719 1357 79 33 that
1821 1368 45 22 no
1887 1358 161 32 reliance
2070 1358 190 32 whatever
2274 1356 107 33 could
2398 1358 45 33 be
2461 1356 130 44 placed
2611 1368 45 20 on
2683 1357 107 41 it.(
2807 1357 98 33 Cr.:Ls
2931 1358 47 44 of

1646 1404 80 32 No!
1770 1417 40 20 /10
1824 1404 14 33 !
1881 1406 73 33 no!
1998 1406 71 32 and
2278 1404 113 33 11::ar!
2435 1406 85 31 hear
2532 1403 14 32 !
2557 1403 110 40 )--If
2706 1406 63 32 the
2802 1403 171 35 essential

1644 1457 84 39 part
1757 1452 44 33 of
1830 1452 66 33 her
1912 1452 174 35 evidence
2105 1452 115 45 ought
2250 1457 61 27 not
2329 1459 35 25 to
2383 1452 46 33 be
2447 1452 180 39 credited,
2656 1452 85 44 they
2761 1452 115 43 ()tight
2895 1463 60 21 cer-

1643 1499 118 44 tainly
1804 1504 35 30 to
1876 1499 123 35 throw
2042 1500 28 34 it
2117 1506 65 27 out
2224 1499 43 32 of
2298 1498 97 34 their
2425 1499 288 34 corsideratioo.
2767 1500 81 33 The
2884 1501 87 43 only

1643 1547 102 43 point
1765 1547 32 32 in
1811 1546 123 33 which
1950 1547 86 33 they
2055 1547 106 34 could
2181 1548 63 41 lay
2264 1547 123 32 blame
2406 1552 37 27 to
2464 1546 53 32 his
2537 1547 120 43 Royal
2680 1547 198 41 Highness,
2896 1558 76 24 rya-,

1645 1594 59 31 the
1716 1594 234 44 supposition
1970 1594 79 33 that
2070 1596 61 32 she
2150 1594 183 45 possessed
2353 1605 22 22 a
2393 1594 133 43 deerve
2545 1594 44 33 of
2606 1594 189 37 iniblenee,
2810 1596 66 32 and
2895 1594 79 35 that

1642 1641 63 32 the
1727 1643 107 32 Duke
1854 1652 78 22 was
1962 1643 35 32 in
2015 1644 63 31 the
2098 1644 164 41 practice
2280 1642 41 33 of
2347 1642 213 43 complying
2584 1642 90 32 with
2708 1642 66 33 her
2792 1649 177 38 requests.

1645 1688 40 33 In
1706 1688 118 34 either
1840 1690 46 32 of
1906 1690 99 33 these
2034 1700 111 31 cases,
2184 1691 63 33 the
2277 1689 126 34 House
2431 1694 92 28 must
2554 1691 44 32 he
2624 1690 158 32 satisfied
2811 1691 77 32 that
2910 1693 65 32 she

1641 1735 113 44 ought
1787 1742 59 28 not
1864 1743 40 26 to
1936 1737 93 33 haye
2057 1739 66 32 had
2145 1736 81 34 that
2254 1737 176 33 influence
2456 1742 38 27 at
2518 1739 67 32 all.
2688 1739 44 32 ni
2752 1739 93 39 first,
2877 1750 40 20 as
2939 1744 35 26 to

1641 1782 61 33 the
1719 1794 83 22 case
1817 1783 45 33 of
1881 1785 129 32 Brook
2029 1786 67 31 and
2118 1785 162 43 Knight,
2314 1785 34 33 in
2376 1783 124 34 which
2533 1783 46 33 lie
2601 1783 148 44 pointed
2774 1792 66 26 out
2858 1796 22 22 a
2900 1798 51 21 ma-

1641 1831 106 33 terial
1761 1832 270 34 contradiction
2049 1834 165 32 between
2231 1832 61 33 the
2310 1831 172 34 evidence
2500 1832 44 32 of
2558 1833 72 32 Mr.
2655 1831 141 34 Robert
2815 1834 31 33 K
2856 1834 116 43 night,

1639 1878 70 32 and
1726 1879 85 33 Mrs.
1827 1879 158 40 Clarke,
2002 1881 89 32 with
2106 1885 141 39 respect
2261 1889 35 24 to
2309 1887 7 25 t
2327 1880 44 33 he
2381 1880 72 43 slip
2465 1879 44 33 of
2520 1890 129 34 paper.
2670 1880 78 32 The
2765 1887 86 27 next
2869 1881 106 41 point

1643 1935 73 25 was
1734 1926 63 33 the
1812 1928 272 33 consideration
2111 1928 44 32 of
2191 1926 176 40 French's
2393 1928 115 45 Levy.
2559 1928 79 32 .A;111
2662 1926 85 33 here
2767 1928 44 32 he
2825 1929 148 33 noticed

1638 1983 24 22 a
1680 1972 168 34 material
1866 1974 196 33 difference
2081 1975 34 33 in
2134 1974 61 34 the
2215 1975 172 33 evidence
2420 1974 44 34 of
2493 1974 90 33 Miss
2602 1975 144 43 Taylor
2777 1975 71 34 and
2877 1976 91 34 Mrs.

1643 2021 154 34 Clarke.
1848 2020 61 34 He
1928 2023 84 32 then
2027 2021 159 34 referred
2207 2026 37 28 to
2261 2023 60 32 the
2340 2031 83 24 ease
2439 2022 43 32 of
2490 2021 125 45 Major
2633 2022 100 43 Tony
2744 2033 35 30 n,
2799 2024 67 31 end
2889 2034 64 31 par-

1642 2068 175 45 ticularly
1834 2070 77 32 that
1933 2076 84 35 part
2039 2069 122 33 which
2181 2069 170 33 involved
2379 2069 64 33 the
2457 2069 247 44 authenticity
2727 2070 43 32 of
2793 2070 64 32 the
2874 2078 97 27 note.

1638 2117 175 44 Every
1834 2117 233 41 Gentleman,
2105 2118 44 32 he
2169 2117 196 40 observed,
2396 2117 70 32 had
2491 2117 109 41 given
2633 2117 52 32 his
2704 2117 155 44 opinion
2878 2127 97 34 upon

1641 2161 74 35 this
1739 2165 183 43 question,
1956 2165 64 32 but
2052 2176 45 22 no
2130 2174 67 22 one
2233 2164 35 33 in
2306 2164 150 44 reading
2483 2165 30 32 it
2541 2165 105 31 could
2676 2163 132 34 inform
2831 2165 150 33 himself

1641 2211 44 32 of
1700 2212 99 33 what
1818 2212 25 33 it
1865 2217 136 30 meant.
2049 2212 56 33 To
2124 2212 45 33 he
2186 2220 97 32 sure,
2314 2213 30 31 it
2365 2211 149 33 chewed
2538 2211 80 33 that
2633 2220 97 24 some
2751 2212 223 34 intercourse

1641 2264 92 28 must
1754 2259 90 33 have
1863 2262 112 31 taken
1994 2258 106 46 place
2127 2261 168 32 between
2330 2259 54 33 his
2415 2259 123 41 Royal
2580 2258 182 40 Highness
2781 2259 69 32 and
2884 2261 87 37 Mrs.

1644 2306 155 39 Clarke,
1818 2308 64 32 but
1902 2307 104 34 there
2026 2317 72 24 was
2118 2315 59 30 not
2200 2306 61 33 the
2289 2308 90 32 least
2399 2316 126 22 reason
2554 2310 38 28 to
2613 2317 159 33 suppose
2789 2306 97 34 from
2911 2310 53 30 the
2965 2310 19 30 ,

1639 2362 159 26 contents
1815 2354 44 34 of
1874 2354 79 34 that
1971 2361 99 34 note,
2091 2356 78 32 that
2189 2365 72 33 any
2280 2357 151 39 corrupt
2454 2353 181 44 practices
2661 2365 94 22 were
2786 2360 37 26 to
2844 2355 45 32 he
2909 2355 44 32 im-

1641 2401 111 41 puted
1770 2406 37 28 to
1843 2401 56 33 his
1931 2402 123 33 Royal
2091 2402 184 43 Highness
2306 2402 60 32 the
2399 2401 109 33 Duke
2537 2400 43 33 of
2606 2401 120 33 York.
2778 2402 83 33 The
2885 2409 87 26 next

1637 2458 83 24 case
1739 2459 73 24 was
1822 2450 83 34 that
1923 2451 43 33 of
1993 2448 152 35 Colonel
2165 2448 131 41 Shaw,
2317 2450 63 32 but
2401 2448 28 33 it
2452 2448 120 33 would
2593 2448 45 33 be
2656 2448 221 33 recollected
2894 2451 83 32 that

1638 2496 73 33 this
1731 2498 214 34 Gentleman
1962 2497 109 34 owed
2086 2497 54 33 his
2160 2499 211 41 promotion
2392 2502 37 26 to
2448 2496 61 33 the
2525 2496 93 44 good
2640 2497 120 33 offices
2778 2497 43 32 or
2838 2498 59 32 Sir
2919 2499 52 33 if.

1643 2542 177 47 Burrard,
1848 2545 86 34 who
1956 2544 71 37 had
2044 2544 137 35 known
2202 2545 76 33 him
2294 2544 71 34 and
2386 2543 57 34 his
2459 2543 123 34 father
2600 2543 94 34 from
2714 2555 24 24 a
2758 2555 89 33 very
2867 2546 105 34 early

1641 2591 144 44 period.
1839 2593 106 34 With
1965 2598 141 38 respect
2122 2598 37 27 to
2180 2593 61 33 the
2257 2602 81 24 case
2353 2591 40 34 of
2415 2591 124 45 Major
2555 2593 157 39 Turner,
2741 2593 41 33 he
2806 2604 72 21 was
2894 2606 57 22 sur-

1641 2639 119 44 prised
1778 2641 66 34 and
1871 2641 213 34 astonished
2109 2642 104 31 when
2243 2640 43 33 he
2308 2639 70 34 bad
2396 2639 112 34 heard
2526 2640 27 31 it
2570 2640 152 40 argued,
2748 2642 79 32 that
2851 2641 26 31 it
2901 2653 58 20 ktee
2959 2653 15 20 ,

1638 2692 64 30 not
1721 2687 60 34 the
1799 2689 167 33 bounden
1991 2689 92 44 duty
2112 2686 44 34 of
2177 2688 65 33 the
2269 2687 247 35 Commander
2536 2688 34 31 in
2600 2687 118 33 Chief
2743 2693 38 27 to
2807 2694 81 35 stop
2913 2691 61 31 the

1638 2734 221 46 resignation
1889 2735 45 34 of
1959 2737 81 34 that
2059 2735 123 34 officer
2209 2735 92 33 notil
2324 2745 137 33 proper
2480 2734 145 44 inquiry
2659 2735 71 32 had
2758 2737 89 31 been
2868 2738 105 31 made

1638 2792 39 22 as
1706 2789 38 27 to
1770 2784 59 32 the
1848 2784 100 33 truth
1970 2784 43 34 of
2033 2783 65 35 the
2125 2783 157 43 charges
2302 2781 120 33 which
2445 2791 99 24 were
2559 2783 143 41 alleged
2722 2783 139 40 against

1639 2829 83 34 The
1740 2830 111 43 Right
1867 2830 103 35 Hon.
1988 2830 158 35 Baronet
2159 2831 86 33 then
2261 2829 146 34 noticed
2420 2829 63 33 the
2497 2839 83 22 case
2593 2829 44 33 of
2652 2829 87 33 Hoyt
2752 2831 70 37 ler,
2836 2832 139 34 which,

1637 2876 48 34 lie
1715 2877 191 41 observed,
1931 2878 190 46 depended
2145 2877 161 39 entirely
2334 2885 100 35 upon
2463 2877 61 32 the
2544 2876 1 48 I
2546 2884 139 26 .esteno
2694 2889 18 20 13
2721 2889 7 20 S
2728 2889 7 20 ,
2759 2877 43 33 of
2826 2877 151 34 himself

1639 2923 70 34 and
1739 2926 85 33 Airb.
1843 2926 155 35 Clarke.
2052 2926 37 34 It
2106 2926 28 32 is
2152 2928 66 31 not
2244 2926 113 43 likely
2383 2924 78 33 that
2481 2935 22 22 a
2528 2934 130 33 person
2680 2936 24 20 tt
2718 2915 45 43 ho
2791 2926 70 32 bad
2883 2927 92 33 beer,

1641 2973 139 44 proved
1808 2978 35 30 to
1872 2974 46 33 he
1937 2973 35 34 in
1998 2972 64 35 the
2092 2972 123 35 habits
2233 2972 45 33 of
2304 2972 86 33 such
2420 2972 98 33 close
2546 2970 175 45 intimacy
2756 2973 91 34 with
2876 2974 90 32 Mrs.

1641 3019 158 43 Clarke,
1838 3019 135 37 should
2015 3019 94 35 have
2150 3018 190 35 advanced
2382 3018 119 35 10W.
2575 3019 39 33 In
2654 3030 112 25 every
2813 3021 158 32 instance

1639 3067 44 34 of
1703 3069 217 44 corruption
1951 3069 63 33 the
2043 3069 126 33 House
2202 3066 132 35 should
2365 3066 45 34 be
2439 3065 185 46 perfectly
2652 3067 161 33 satisfied
2843 3069 79 33 that
2949 3079 21 22 a

1639 3115 189 35 successful
1847 3116 239 34 termination
2104 3113 72 34 had
2190 3115 92 33 been
2300 3120 69 38 put
2386 3119 38 27 to
2453 3115 63 32 the
2544 3115 142 41 alleged
2704 3120 93 28 acts.
2854 3116 118 33 Could

1641 3161 65 34 the
1724 3162 124 35 House
1865 3172 104 25 come
1996 3169 38 30 to
2052 3174 71 33 any
2148 3162 86 35 such
2263 3161 209 34 conclusion
2491 3161 96 33 front
2608 3163 59 32 the
2685 3163 174 33 evidence
2883 3164 87 34 they

1641 3209 73 34 had
1731 3200 138 45 head!
1898 3210 83 34 The
2006 3210 125 34 Hottse
2151 3220 77 25 was
2245 3209 34 33 in
2298 3209 200 44 possessioa
2517 3209 43 32 or
2585 3210 59 32 the
2657 3211 314 38 evidencethey

1641 3256 89 44 had,
1754 3268 40 22 as
1827 3257 28 34 it
1877 3268 115 31 were,
2016 3265 64 39 got
2099 3257 135 34 behind
2252 3257 60 33 the
2339 3267 105 24 scene
2461 3257 44 32 of
2532 3257 231 43 corruption,
2790 3259 70 33 and
2882 3260 89 44 they

1642 3304 72 34 had
1734 3317 123 24 reason
1878 3311 39 30 to
1941 3306 143 34 believe
2098 3306 81 33 that
2215 3306 31 32 it
2267 3314 74 24 was
2359 3305 187 33 unknown
2567 3311 37 26 to
2636 3306 54 31 his
2711 3305 123 46 Royal
2851 3307 98 43 High-

1641 3361 77 25 ness
1735 3352 61 34 the
1809 3354 244 34 Commander
2073 3353 34 34 in
2122 3351 176 44 Chief(
2309 3353 104 33 !Lear
2428 3352 13 32 !
2469 3352 87 32 hear
2567 3352 13 31 !
2607 3354 85 31 hear
2711 3354 35 40 !)

1693 3400 58 33 Sir
1775 3400 54 34 FR
1841 3411 19 24 A
1876 3411 91 25 NCI%
1993 3402 57 33 Br
2060 3410 137 26 ttnuTT
2215 3402 97 39 said,
2336 3412 24 21 a
2389 3409 100 25 more
2507 3400 152 33 difficult
2680 3402 81 32 task
2781 3402 89 33 than
2888 3402 83 34 that

1644 3446 124 35 which
1783 3459 72 24 was
1885 3459 83 24 now
1990 3449 162 44 imposed
2181 3458 50 24 on
2264 3448 87 43 him,
2381 3449 35 33 in
2450 3446 63 34 the
2529 3449 198 32 execution
2759 3450 45 32 of
2823 3461 24 21 a
2867 3451 84 41 pain-

1643 3495 51 34 ful
1729 3496 104 44 duty,
1876 3496 45 33 he
1962 3496 110 35 could
2117 3502 65 28 not
2223 3496 190 34 recollect.
2485 3496 37 32 It
2567 3506 72 24 was
2679 3497 293 33 extraordinary

1642 3548 38 28 to
1706 3555 60 22 see
1789 3546 59 32 the
1881 3544 222 34 Chancellor
2133 3543 45 34 of
2207 3541 64 35 the
2306 3542 237 45 Exchequer,
2585 3543 63 32 the
2683 3544 183 44 Attorney
2898 3546 47 31 Ge-

1642 3592 116 40 neral,
1783 3592 69 34 and
1880 3602 24 22 a
1926 3591 120 35 whole
2067 3592 171 33 Phalanx
2270 3591 41 33 of
2336 3593 138 32 Crown
2505 3592 187 41 Lawyers,
2722 3602 26 20 tv
2761 3591 60 39 lin,
2856 3592 33 32 in
2919 3593 51 32 all

1642 3639 170 34 criminal
1831 3640 283 43 arraignments,
2140 3639 146 44 usually
2306 3639 103 33 stood
2437 3628 168 44 forward
2622 3639 34 32 in
2673 3645 156 38 support
2850 3638 44 33 of
2911 3639 60 33 the

1644 3686 125 43 public
1786 3697 122 32 cause,
1936 3689 34 32 in
1990 3687 86 40 this,
2101 3694 80 37 step
2202 3693 63 27 out
2281 3685 43 34 of
2336 3686 208 34 thelteaten
2564 3697 139 28 course,
2731 3686 70 33 and
2820 3687 152 32 become

1644 3733 61 33 the
1731 3735 198 33 advocates
1946 3735 45 33 of
2011 3735 63 33 the
2091 3735 177 40 accused;
2295 3733 70 33 and
2399 3739 63 28 not
2492 3733 139 44 merely
2660 3735 117 44 adopt
2796 3735 61 32 the
2887 3741 83 37 part

1643 3781 43 33 of
1697 3782 204 41 defenders,
1931 3783 64 33 but
2011 3793 105 30 even,
2145 3782 129 33 before
2306 3782 61 32 the
2383 3793 85 22 case
2485 3791 119 22 comes
2636 3782 112 32 under
2779 3781 99 33 their
2897 3781 73 33 fair

1641 3830 286 40 consideration,
1954 3830 150 41 making
2118 3841 48 33 up
2187 3830 97 33 their
2300 3830 116 32 minds
2433 3836 39 25 to
2496 3840 24 21 a
2545 3828 142 44 perfect
2702 3830 208 32 conviction
2931 3828 45 33 of

1643 3876 60 33 the
1722 3878 191 34 innocence
1928 3878 44 32 of
1984 3878 60 33 the
2061 3883 112 39 party
2205 3878 89 43 they
2329 3887 96 22 were
2443 3878 115 32 about
2574 3881 38 28 to
2644 3878 128 32 defend
2794 3883 7 34 (
2822 3878 113 32 Order
2952 3876 13 32 !

1641 3924 131 35 orrice!
1791 3926 182 34 re-cchoeal
1980 3926 105 44 front
2099 3927 57 31 the
2172 3925 309 33 Ministerialsidc
2493 3924 46 44 of
2545 3925 57 31 the
2617 3924 158 37 llGu.se).
2806 3924 80 33 The
2907 3925 61 32 Rt.

1641 3973 102 33 Hon.
1763 3973 227 41 Gentleman,
2009 3973 137 34 instead
2172 3972 44 34 of
2246 3976 13 39 ,
2259 3976 157 39 Ltionlii:;r.
2443 3983 47 32 up
2519 3970 91 35 with
2631 3971 59 32 the
2718 3971 254 44 itepartiality

1639 4020 43 32 of
1694 4031 24 22 a
1726 4019 130 45 judge,
1883 4031 45 22 (to
1946 4020 61 33 the
2027 4028 175 33 contrary
2223 4020 148 33 bvcatne
2391 4020 60 32 the
2474 4020 26 32 A
2512 4024 39 27 :Iv
2559 4028 104 25 ()cote
2691 4018 58 33 for
2769 4020 59 31 the
2846 4020 104 32 crimi-

1637 4068 77 41 nal,
1731 4070 67 32 and
1819 4070 32 32 in
1872 4069 61 34 the
1952 4070 154 33 absence
2117 4070 44 32 of
2172 4069 164 32 ealidinir
2353 4070 90 41 kept
2463 4067 170 39 catching
2649 4072 38 26 at
2708 4067 126 45 pitiful
2856 4067 117 33 tritlet

1638 4121 34 27 to
1691 4121 156 40 support
1866 4116 56 33 his
1938 4127 94 27 case,
2053 4119 69 31 and
2135 4116 99 34 after
2246 4117 48 32 all
2314 4116 104 33 made
2430 4126 24 21 a
2469 4120 91 28 most
2574 4113 221 45 injudicious
2806 4114 164 34 defence.

1638 4165 80 39 The
1729 4165 219 39 Chancellor
1967 4163 41 38 of
2019 4165 59 37 the
2094 4165 227 45 Lieberettr
2343 4163 69 38 had
2430 4165 96 43 said,
2555 4162 78 35 that
2647 4162 57 39 .111
2720 4163 60 33 the
2793 4163 175 34 cvideucc

3156 0 291 165 17,
