3449 4417
444 98 354 107 THE
3282 61 89 280 ill

70 219 6 6 .
905 87 637 107 NATION
1558 80 222 109 AL
1886 79 120 102 n
2131 66 385 112 GIST
2533 64 98 104 E
2640 61 116 102 R
2773 133 25 30 .

1178 324 111 50 Our
1309 320 136 56 ling,
1466 318 327 51 canttitution,
1815 324 25 37 ta
1845 320 56 39 ng
1926 312 168 47 41-atik.

631 376 5 47 •
1656 386 78 31 ~...
1928 402 19 6 -
2200 376 2 47 .
2280 376 58 6 _

2225 393 15 6 ...
2303 283 4 128 .
3286 283 71 128 1:Y

309 497 89 58 No
409 543 7 8 .
441 394 1743 161 64.
2765 394 581 161 t

524 541 7 9 .
665 533 14 15 ,
1088 480 377 60 SUNDAY
1478 523 13 20 ,

2099 504 22 14 ..,
2207 508 9 11 •
2696 448 50 53 P
2746 465 93 35 RIC
2848 441 91 58 E
2942 476 52 22 +.

309 611 526 20 .....s,......asasaass.
1659 591 25 13 --
1701 565 1094 39 _ssaaassaassase

3293 534 15 24 s
3350 526 18 26 .'

1655 609 8 39 I
1741 637 7 6 .
2164 591 17 5 ...

61 671 46 128 L
536 669 351 46 POLITICAL
914 663 154 52 DISQ
1078 661 35 43 U.
1126 659 122 44 NIT
1256 658 63 43 10
1328 656 60 44 N.
1688 634 103 41 ficial
1818 635 247 50 delinquents
2083 648 8 25 ;
2122 627 191 41 servility,
2349 637 47 26 on
2432 622 66 37 the
2533 622 90 46 part
2655 617 48 38 of
2730 617 111 43 erest
2861 609 135 52 public

746 736 437 25 .............................
1688 697 157 44 bodies;
1876 694 202 40 eeelusive
2104 689 243 56 pretensions
2375 689 56 34 set
2450 693 52 39 up
2536 681 48 50 by
2616 687 133 41 power
2774 674 76 35 and
2882 671 115 37 those

733 809 53 27 NV
798 809 27 22 M
836 806 80 26 HER
946 803 35 24 SI
990 802 53 24 XT
1054 798 107 26 Y-TW
1172 797 40 26 O.
1702 759 154 39 )I,skin‘r
1886 761 34 35 in
1945 757 47 37 its
2015 768 86 25 rays
2119 770 11 28 ;
2161 750 250 39 indifference
2430 751 41 31 to
2490 743 64 37 the
2582 742 154 45 private
2756 731 125 40 morel
2903 731 71 39 cha-

893 863 187 19 ............--
1693 826 124 34 racter
1831 793 8 65 ‘
1864 793 18 65 of
1907 798 144 59 candida
2052 798 20 59 .
2072 798 64 59 tes
2164 813 64 39 for
2255 811 129 39 ()Rice,
2412 804 77 39 and
2518 798 204 54 partiality
2748 795 35 38 in
2807 795 67 37 the

2895 793 17 66 •
2911 793 86 66 desi-
3301 796 6 37 I

742 917 152 43 DUKE
922 915 65 38 OF
1017 909 170 41 YORK'.
1691 883 103 37 sions
1822 876 46 43 of
1889 878 163 52 justice.
2107 874 96 39 This
2230 868 254 50 knowledge,
2512 862 215 53 pertinent,
2756 854 242 51 impressive,

1693 943 76 40 and
1800 941 197 48 alarming
2030 951 40 25 as
2104 938 31 37 it
2165 935 44 43 is,
2239 946 56 24 we
2327 930 128 50 might
2489 927 102 37 have
2620 917 185 53 acquired
2835 915 105 38 from
2978 927 25 25 a

399 1054 90 39 This
506 1046 32 44 is
553 1059 97 34 true,
667 1051 80 34 that
765 1048 61 35 the
844 1044 150 35 wisdom
1007 1041 41 34 of
1061 1041 98 32 these
1175 1038 113 34 latter
1305 1036 104 33 times
1428 1033 35 33 in
1480 1033 148 33 Priners
1663 991 6 71 I
1691 1002 220 56 superficial
1935 998 236 51 knowledge
2190 996 46 38 of
2251 994 167 47 history,
2446 989 104 38 from
2571 997 22 25 a
2614 990 228 31 recurrence
2863 981 43 33 to
2924 976 79 37 late

742 1106 184 34 deliveries
958 1098 71 35 and
1046 1097 176 44 shiftings
1239 1093 43 33 of
1293 1093 151 43 dangers
1460 1090 69 33 and
1547 1089 47 33 mi.
1594 1089 17 33 ,
1611 1089 17 33 -
1693 1071 137 34 events
1848 1065 37 35 in
1907 1063 117 39 other
2043 1058 216 40 countries,
2287 1054 109 38 from
2422 1062 48 25 an
2493 1043 197 43 attention
2711 1045 41 33 to
2772 1037 69 39 the
2869 1046 137 28 causes

305 1115 144 40 effairs,
467 1114 30 32 is
514 1109 209 46 ratherfne
742 1107 24 33 d
931 1126 11 18 ,

308 1172 131 43 chiefs,
456 1172 96 32 when
570 1170 81 39 they
669 1176 59 21 arc
752 1172 100 30 near,
883 1159 85 34 than
996 1154 94 34 solid
1117 1153 66 33 and
1208 1149 182 45 grounded
1417 1156 144 25 courses
1592 1152 35 26 to
1693 1126 128 40 which
1859 1126 61 39 led
1951 1130 44 32 to
2033 1123 136 35 recent
2204 1111 246 44 revolutions
2476 1120 53 27 on
2558 1106 66 39 the
2660 1100 217 41 contineut.
2933 1096 73 38 We

99 1440 35 531 .1
135 1440 18 531 .
309 1230 97 44 keep
428 1228 96 33 them
541 1222 128 35 aloof:
700 1220 72 35 But
791 1217 72 34 this
883 1215 28 33 is
925 1215 65 32 but
1002 1217 38 28 to
1064 1214 59 40 try
1155 1206 183 35 masteries
1359 1204 87 32 with
1465 1201 163 40 fortune;

312 1286 71 33 and
403 1286 44 31 lel
458 1294 78 21 men
555 1281 132 33 beware
706 1276 83 33 how
809 1273 87 41 they
914 1269 79 43 negl
993 1269 60 43 ect
1072 1264 69 35 and
1157 1263 110 34 suffer
1284 1264 135 31 matter
1430 1257 43 34 of
1485 1257 144 34 trouble
1694 1191 11 102 c
1704 1191 21 102 f(
1726 1191 11 102 a
1736 1191 21 102 )l
1757 1191 11 102 n
1768 1191 24 102 io

1770 1189 25 102 l
1795 1189 50 102 ed
1845 1189 50 102 ‘;

312 1349 19 27 t
331 1349 19 27 o
371 1343 44 32 be
431 1337 180 48 prepared
626 1348 9 27 ;

657 1333 65 45 .for
739 1343 45 24 no
803 1341 81 21 man
905 1337 64 22 can
980 1322 130 47 prbid
1124 1322 56 32 the
1196 1318 206 44 spark,nor
1421 1315 64 33 tell
1499 1315 132 32 whence
1698 1315 33 39 if

313 1402 30 31 it
357 1410 83 32 may
782 1385 109 40 11,40
891 1385 44 40 N.

892 1449 172 21 ----saiss--
1898 1248 48 39 ell
1967 1257 176 41 express,

2177 1179 93 39 with
2309 1189 22 25 a
2366 1176 142 48 degree
2538 1170 47 38 of
2617 1165 45 54 pe
2662 1165 45 54 rt
2707 1165 22 54 u
2730 1165 22 54 r
2752 1165 22 54 b
2774 1165 136 54 ation,
2949 1173 59 26 we

1967 1257 176 41 express,
2166 1243 66 37 the
2249 1248 138 30 course
2405 1234 46 38 of
2463 1232 65 40 the
2544 1228 133 53 procee
2678 1228 67 53 din
2745 1228 22 53 g
2767 1228 45 53 s,
2831 1231 41 32 to
2887 1224 122 38 know

1744 1326 74 37 any
1841 1310 94 39 such
1956 1310 224 47 symptoms
2198 1311 100 27 were
2319 1293 136 40 visible
2474 1294 35 37 in
2531 1305 73 25 our
2624 1302 89 26 own
2734 1286 145 38 affairs.
2935 1284 74 37 We

1696 1372 162 43 exulted
1877 1384 53 26 on
1952 1369 76 38 this
2048 1367 162 39 account
2210 1367 24 39 ,
2252 1359 40 39 in
2304 1358 66 38 the
2385 1351 41 52 in
2426 1351 106 52 vesti
2532 1351 21 52 g
2554 1351 106 52 ation
2678 1361 78 31 ;Ise
2769 1341 131 54 antici
2900 1341 21 54 p
2921 1341 90 54 ated
3311 1289 7 63 I
3351 478 4 937 '

1698 1436 70 39 the
1787 1433 182 53 pleasure
1996 1426 126 39 which
2152 1433 119 38 every
2302 1419 89 38 real
2415 1410 268 43 disinterested
2711 1407 123 39 friend
2868 1404 50 40 of
2942 1402 71 39 the
3309 1352 9 69 I
3319 1352 9 69 ,

367 1515 99 38 This
485 1509 241 52 description
746 1507 31 38 is
795 1518 44 26 so
860 1499 184 44 forcible,
1068 1498 100 48 just,
1196 1492 79 39 and
1297 1488 222 54 prophetic,
1550 1488 85 38 that
1703 1499 154 50 present
1874 1487 305 45 establishment
2197 1479 129 41 would
2357 1475 76 41 feel
2454 1480 40 32 at
2515 1475 47 35 its
2577 1468 334 44 conclusion.—lt
2931 1462 80 40 will

318 1577 30 38 it
364 1577 94 38 does
472 1580 72 32 not
560 1571 156 51 require
733 1565 119 40 much
863 1560 203 54 ingenuity
1085 1561 44 33 to
1149 1553 120 39 make
1290 1551 67 39 the
1377 1547 256 54 application.
1701 1557 156 45 silence,
1887 1566 58 25 we
1971 1544 222 57 freqnently
2215 1541 97 45 said,
2339 1538 234 40 discontent,
2601 1532 77 38 and
2696 1527 200 41 confound
2929 1538 83 26 ma-
3035 1518 4 104 •

315 1637 41 38 If
372 1649 74 39 any
471 1633 47 39 of
533 1645 77 26 our
628 1629 188 44 Readers,
835 1617 283 46 nevertheless,
1134 1615 115 39 and
1263 1625 109 26 some
1390 1607 191 52 difficulty
1602 1609 34 37 in
1704 1618 138 50 lie•nity
1860 1631 11 28 ;
1900 1613 66 39 for
1998 1622 57 27 we
2083 1603 195 56 expected
2310 1598 168 51 nothing
2499 1594 70 39 less
2598 1594 96 38 than
2726 1605 20 24 a
2766 1587 253 51 triumphant
3313 1517 20 104 I.

262 1649 5 100 •
318 1696 194 53 applying
542 1694 45 45 it,
609 1693 53 39 let
678 1690 109 38 them
806 1683 185 41 examine
1019 1680 69 38 the
1113 1675 176 41 conduct
1307 1672 76 39 and
1411 1669 229 54 expedients
1704 1677 149 53 display
1883 1674 47 39 of
1967 1672 66 39 the
2065 1667 198 52 practical
2296 1657 237 54 superiority
2571 1652 47 40 of
2648 1667 73 25 our
2754 1649 262 41 institutions.

320 1759 48 38 of
381 1757 65 39 the
465 1759 159 51 present
637 1753 177 38 servauts
828 1744 46 40 of
883 1744 70 39 the
969 1737 280 48 crown—they
1265 1733 149 40 furnish
1431 1744 48 26 an
1496 1729 144 53 ample,
1659 1710 5 99 ,
1711 1743 109 37 have
1852 1748 58 26 we
1941 1734 102 37 been
2073 1739 141 39 wrong
2249 1726 39 37 in
2319 1717 239 48 attributing
2593 1726 183 28 common
2804 1710 215 53 prudence,

322 1837 24 25 a
378 1818 243 48 distressing,
650 1812 294 45 commentary.
1002 1804 78 38 For
1106 1812 77 25 our
1209 1809 90 26 own
1320 1800 104 46 part,
1452 1806 59 24 we
1543 1792 102 38 have
1708 1800 187 50 integrity
1916 1794 78 40 and
2014 1788 195 52 foresight
2228 1791 40 33 to
2290 1794 106 30 men,
2425 1779 87 38 who
2533 1775 56 40 fill
2608 1775 69 37 the
2692 1772 151 48 highest
2862 1772 137 50 depart-

322 1885 100 38 been
459 1877 169 51 forcibly
661 1871 137 43 struck
819 1869 94 38 with
951 1867 50 35 its
1033 1860 198 48 alarming
1267 1856 200 40 reference
1500 1858 43 32 to
1578 1852 66 38 the
1711 1866 124 35 merits
1861 1860 38 37 in
1920 1857 67 38 the
2011 1857 103 34 state
2131 1854 12 32 ?
2176 1848 54 38 Or
2249 1846 104 38 have
2381 1854 58 25 we
2457 1834 190 54 expected
2682 1839 66 32 too
2769 1832 117 38 much
2915 1831 107 39 from

322 1943 174 41 decision
513 1939 48 39 of
574 1952 25 25 a
620 1933 146 43 certain
783 1926 215 51 assembly,
1015 1929 40 34 to
1070 1922 66 38 the
1152 1926 155 44 temper
1319 1916 46 38 of
1381 1917 67 37 the
1462 1854 1659 120 country,
3122 1854 208 120 t

1711 1928 66 37 the
1809 1920 132 39 virtue
1975 1915 47 40 of
2048 1911 211 41 Ministers,
2298 1905 39 38 in
2374 1899 215 54 supposing
2611 1894 105 39 that
2717 1894 27 39 .
2744 1894 67 37 the
2849 1893 174 40 honour,
3331 1879 12 15 ,

3347 1893 19 21 4'

3361 1907 6 20 t

86 2011 19 617 1
105 2011 40 617 11
145 2011 20 617 1
324 2011 45 34 to
389 2006 66 38 the
474 2000 184 40 volcanic
685 1996 210 39 character
924 1988 48 40 of
997 1987 69 39 the
1085 1985 157 51 present
1263 1978 123 44 crisis,
1417 1980 78 35 and
1522 1981 38 33 to
1587 1977 37 34 th
1629 1988 20 24 e

322 2070 154 37 wisdom
498 2065 47 50 of
570 2065 104 35 these
697 2061 120 34 Miler
844 2057 112 33 ti;nes
983 2052 40 35 in
1054 2049 158 45 princes
1245 2041 137 48 afairs
1397 2050 111 31 ;—so
1528 2047 122 39 grave

326 2128 78 40 and
438 2122 234 54 impressive
707 2131 50 26 an
794 2111 226 51 authority,
1049 2120 60 26 we
1142 2102 146 53 hoped,
1320 2098 132 52 might
1481 2095 93 40 tend
1609 2100 39 32 to
1713 1985 139 40 safety,
1881 1980 79 39 and
1980 1971 224 57 prosperity
2226 1967 46 40 of
2288 1965 66 40 the
2373 1967 167 44 country
2559 1955 132 40 would
2721 1954 47 39 be
2787 1956 242 48 paramount

1714 2049 39 38 in
1765 2044 103 39 their
1887 2039 130 41 minds
2034 2042 43 32 to
2096 2033 69 39 the
2184 2023 185 46 eventual
2388 2022 76 40 loss
2481 2019 46 39 of
2535 2019 104 39 their
2656 2014 142 46 offal
2817 2013 211 39 influence.

1766 2109 85 39 The
1864 2104 262 50 delinquency
2146 2094 48 40 of
2209 2093 66 38 the
2289 2083 265 45 Commander
2568 2081 39 38 in
2628 2078 119 41 Ch:ef
2760 2078 28 38 is
2802 2089 87 25 now
2904 2080 73 37 cut
2989 2070 47 41 of
3326 1982 5 171 ,
3350 1982 4 171 •

3325 1919 17 281 t
3341 1919 33 281 il
3374 1919 17 281 l

325 2203 152 39 expose
497 2186 77 41 and
600 2185 156 38 correct
775 2178 70 38 the
865 2176 182 50 flippant,
1076 2160 231 58 sophistical
1325 2159 78 40 and
1431 2157 137 50 frothy
1589 2156 44 38 de-

136 2206 4 89 .
327 2250 256 41 chmations,
635 2241 124 41 which
796 2238 76 38 had
907 2237 99 35 been
1044 2220 214 59 employed
1289 2220 46 43 to
1359 2206 189 53 iewilder
1577 2217 76 37 and

1719 2173 66 39 the
1796 2167 184 53 question
1998 2178 9 26 ;
2040 2161 87 40 hut,
2148 2156 53 38 did
2202 2156 19 38 -
2236 2164 54 26 we
2309 2148 57 40 fill
2385 2161 22 24 a
2437 2143 191 39 situation
2648 2138 48 40 of
2722 2135 115 53 equal
2869 2147 159 27 ri`snotp.

1719 2232 163 40 sibility,
1909 2238 61 25 we
1990 2219 133 40 would
2154 2219 86 38 no!,
2261 2211 65 38 for
2353 2209 70 38 the
2443 2205 195 38 treasures
2667 2198 47 38 of
2735 2198 66 37 the
2836 2196 85 38 uai%
2933 2176 9 58 e
2942 2176 11 58 s
2957 2209 12 31 r
2969 2209 60 31 5,..,
3326 2202 12 34 f

331 2315 226 39 einbarrass
588 2308 66 38 the
676 2302 132 56 public
836 2296 182 56 opinion.
1072 2293 76 37 We
1179 2288 104 39 have
1309 2280 191 43 attended
1524 2284 44 32 to
1589 2280 67 37 the

1720 2304 143 40 expose
1876 2284 210 43 -ourselves
2104 2285 44 33 to
2181 2276 66 38 the
2268 2272 193 46 suspicion
2480 2262 124 39 which
2627 2258 123 40 rested
2780 2270 50 25 on
2854 2256 60 38 his
2940 2256 91 37 chi:-
3328 2256 4 89 '

343 2370 283 51 itlveslinasion
656 2365 46 39 of
729 2363 67 39 the
816 2361 175 47 Charges
1017 2352 157 52 against
1205 2348 70 38 the
1294 2347 128 41 Musa
1444 2356 48 22 OF
1520 2342 133 41 YORK,
3330 2294 5 128 ,
3377 2294 4 128 .

1723 2357 138 37 racter.
1922 2349 32 38 A
1974 2347 116 50 great
2122 2352 60 26 mu
2185 2331 28 53 jo
2213 2331 15 53 .
2235 2334 43 38 rii
2287 2329 91 53 yof
2400 2328 67 37 the
2499 2326 132 38 'House
2661 2321 47 38 of
2732 2320 215 38 Commons
2965 2316 71 37 has

335 2437 96 52 seith
463 2437 159 50 gseater
656 2426 104 51 pain,
781 2421 180 40 anxietv,
981 2413 76 41 and
1080 2409 252 53 impatience,
1362 2404 98 38 than
1481 2413 56 25 we
1565 2412 43 25 CV
1616 2412 41 25 Cl'
3330 2370 6 11 ,
3370 2334 22 47 :1.!

1724 2413 198 56 acquitted
1951 2409 85 40 him
2056 2405 47 39 of
2130 2404 67 38 the
2224 2396 146 48 charge
2391 2391 46 39 of
2466 2383 280 58 perticipation
2776 2381 74 38 and
2872 2380 164 37 conniv-
3377 2385 18 47 Ii

622 2490 12 21 .
634 2490 12 21 1

335 2499 67 40 did
424 2503 41 33 to
484 2507 74 39 any
591 2502 118 28 (neer,
728 2485 132 53 public
878 2479 200 54 question.
1133 2470 71 40 We
1235 2469 113 39 knew
1376 2465 70 38 the
1466 2461 194 39 influence
2477 2448 34 24 ,e
2543 2448 15 18 L
2572 2448 6 6 .

1726 2481 94 38 ante
1856 2481 40 33 at
1932 2472 70 39 the
2037 2467 165 39 corroet
2235 2461 194 50 pusetenen
2463 2464 40 25 u.
2543 2448 22 37 h
2567 2448 13 37 i
2585 2460 15 24 s
2635 2446 193 41 oiisiress;
2878 2443 72 37 but
2982 2439 59 38 his

335 2561 44 38 it.
391 2557 131 41 wourd
544 2557 102 35 have
660 2559 47 27 on
730 2546 69 39 the
819 2545 137 38 fature
976 2548 154 40 repose,
1157 2529 170 51 security
1349 2525 78 40 and
1444 2524 155 38 honour
1618 2520 48 39 of

1726 2541 184 43 conduct,
1946 2531 144 48 during
2113 2528 90 37 that
2233 2520 200 38 infamous
2451 2507 253 44 association,
2732 2502 191 52 betrayed
2944 2500 94 39 such
3378 2458 15 20 s

3371 2489 13 48 ,i,

339 2622 69 38 the
420 2622 193 46 c9untry.
670 2611 70 37 We
757 2619 104 26 were
881 2600 208 43 conscions
1108 2596 86 37 hoe/
1217 2593 32 38 it
1265 2587 130 41 would
1415 2583 180 43 weaken,
1615 2594 48 27 or

1728 2604 171 48 flagrant
1918 2593 136 41 marks
2074 2587 46 39 of
2145 2581 216 43 weakness,
2381 2578 69 33 not
2473 2577 40 32 to
2542 2582 65 25 say
2631 2563 250 43 imbecillity,
2904 2563 86 37 that
3009 2559 33 39 it
3334 2532 2 120 '

341 2682 243 51 invigorate,
622 2674 65 39 the
719 2668 252 41 attachment
990 2660 48 39 of
1069 2657 69 39 the
1168 2649 143 57 people
1342 2653 44 33 to
1408 2647 70 38 the
1508 2646 157 50 present
1695 2596 4 137 '
3358 2596 4 137 •

1730 2661 128 41 would
1880 2659 48 38 be
1949 2649 203 47 torturing
2173 2644 67 38 the
2258 2639 164 48 feelings
2443 2631 72 39 and
2537 2627 105 59 good
2662 2639 106 25 seuse
2789 2624 46 37 of
2861 2626 67 35 the
2944 2622 76 51 pub-

341 2741 333 47 tstai)lishmeata
720 2732 110 38 these
855 2724 230 43 sentiments
1119 2728 98 27 were
1257 2721 188 30 coiranon
1474 2712 43 33 to
1545 2718 116 38 every

1731 2725 65 41 tic,
1815 2731 104 28 were
1948 2717 51 37 he
2011 2704 71 48 con
2082 2704 144 48 tinued
2243 2704 37 37 in
2301 2698 57 39 his
2380 2698 152 50 reseed.
2544 2688 146 44 sitnati
2691 2688 21 44 o
2712 2688 21 44 u
2733 2688 21 44 .
2809 2683 97 38 Tins
2929 2682 115 37 frank
3356 2682 11 31 t
3378 2678 13 35 s

346 2807 143 38 honest
515 2802 78 39 and
614 2794 222 50 intelligent
857 2799 91 28 man
970 2785 38 37 in
1031 2781 66 39 the
1117 2772 249 48 community
1388 2766 155 41 :—And
1563 2765 104 38 what
1709 2765 4 80 ,

1731 2779 242 48 declaration
1995 2773 47 40 of
2066 2784 76 26 our
2160 2765 227 41 sentiments
2419 2769 89 37 may
2543 2752 48 37 lie
2617 2746 123 41 constr
2740 2746 20 41 ,
2760 2746 63 41 :ed
2856 2759 43 22 as
2927 2745 119 37 &sic.

146 2857 28 195 i

343 2868 73 38 tills
438 2868 100 37 been
561 2862 66 37 the
644 2855 118 43 result
777 2859 11 32 2
822 2851 120 38 What
960 2844 206 40 deference
1182 2838 71 37 has
1266 2835 104 37 -been
1387 2830 130 50 shewn
1534 2832 43 33 to
1594 2826 85 44 this•
1731 2842 168 58 spectful
1920 2848 43 32 to
1981 2836 90 39 that
2102 2832 124 37 Great
2246 2828 243 40 Personag,e;
2537 2813 73 38 but
2643 2822 56 25 we
2719 2806 130 38 would
2887 2805 71 37 ask
2978 2804 71 37 the

347 2926 163 57 general
540 2922 161 48 feelag,
731 2915 79 39 this
829 2907 162 58 general
1011 2900 227 44 conviction
1258 2900 12 33 ?
1294 2894 78 37 .We
1393 2888 115 41 Mush
1530 2893 53 39 at,
1612 2888 20 94 we
1662 2888 9 94 ,

1744 2908 178 44 Vorning
1943 2900 89 39 Post
2052 2891 74 40 and
2148 2890 69 38 the
2241 2887 97 37 Pilot
2369 2885 40 33 to
2430 2875 146 40 inform
2596 2883 60 32 us,
2678 2867 106 39 when
2807 2867 48 37 !!e
2885 2864 69 38 has
2987 2876 60 25 re-

351 3004 106 39 were')
480 2999 112 31 over,
624 2983 65 39 the
704 2974 195 51 servility,
928 2969 66 40 the
1015 2961 267 44 indifference,
1312 2955 67 38 the
1397 2955 181 35 baseness
1596 2944 76 39 and

1736 2965 157 50 seected
1915 2956 161 45 himself
2086 2959 12 32 ?
2156 2952 94 37 Was
2268 2947 28 37 it
2314 2944 38 37 in
2372 2939 58 39 his
2447 2936 128 51 orgies
2594 2937 43 32 at
2654 2924 364 52 Gloucester-place
3033 2927 15 32 ?

3340 2950 5 40 ,
3378 2950 20 40 n

350 3060 92 46 egol
452 3063 69 28 ism
539 3044 50 44 of
609 3058 74 27 our
704 3051 89 43 ar,se.
854 3030 106 45 Love
980 3031 40 38 (it
1022 3027 21 54 -
1043 3027 111 54 place
1174 3022 69 37 has
1259 3009 241 59 'stipplauted
1524 3009 87 37 love
1631 3006 48 61 of
1757 3017 9 5 -

1740 3031 89 37 Was
1847 3027 28 37 it
1898 3025 38 37 in
1957 3021 67 38 the
2039 3011 184 53 example
2241 3008 48 38 he
2306 3015 100 41 gave
2425 3004 40 33 as
2479 3009 22 25 a
2522 2991 172 41 married
2715 3001 86 26 man
2818 2991 13 32 ?
2863 3000 47 25 or
2924 2986 38 37 in
2982 2986 70 37 the

133 3067 4 98 .
352 3110 202 56 country;
594 3107 86 39 Tile
700 3104 125 39 fr:iwn
847 3098 47 39 of
909 3110 20 24 a
950 3091 180 43 Minister
1148 3089 30 34 is
1200 3078 111 43 more
1328 3073 150 41 terrific
1495 3072 93 37 than
1607 3067 66 40 the

124 3047 4 113 .
1740 3091 136 40 choice
1893 3083 78 41 and
1993 3071 289 58 respectability
2307 3065 47 40 of
2368 3061 58 40 his
2445 3056 208 41 associa4.s
2669 3057 11 32 ?
2737 3048 96 40 This
2852 3047 202 51 language

354 3180 175 50 teinpest
557 3168 129 41 which
717 3162 138 53 begins
887 3164 43 33 to
959 3151 146 44 bellow
1136 3142 126 44 round
1298 3150 74 27 our
1391 3135 145 39 shores.
1591 3129 85 38 The

1742 3156 39 39 in
1801 3152 67 38 the
1887 3146 124 39 idiom
2027 3141 47 39 of
2099 3138 168 39 knaves,
2285 3117 313 60 maybe.termed
2611 3128 21 25 a
2647 3110 229 53 conspiracy
2901 3109 159 50 against

126 3257 31 34 ~.
407 3241 157 37 honone
582 3231 48 39 of
645 3243 24 25 a
868 3222 32 39 is
917 3222 69 48 put
1002 3229 38 24 la
1055 3204 263 57 competition
1332 3198 93 39 with
1440 3195 69 38 the
1522 3193 156 39 honour
3389 3156 2 136 •

1744 3214 65 41 the
1827 3211 158 39 throne.
2041 3201 81 38 No:
2147 3197 31 37 it
2193 3194 31 38 is
2241 3206 24 24 a
2276 3184 257 45 confederacy
2551 3175 48 41 of
2617 3176 143 39 virtue,
2776 3172 191 46 decency,
2981 3167 79 39 and

357 3300 50 43 of
419 3300 66 38 the
508 3299 187 46 Empire;
726 3287 76 39 and
823 3283 71 46 the
912 3278 169 50 feelings
1101 3270 46 40 of
1170 3280 51 26 an
1241 3254 216 48 individual
1478 3250 200 52 outweigh

1743 3275 171 40 honour,
1935 3263 157 54 against
2111 3259 103 39 vice,
2233 3247 202 57 priapism,
2450 3240 73 39 anti
2537 3246 223 31 meanness..
2809 3233 77 37 We
2906 3242 66 26 are
2992 3229 70 37 the

358 3365 69 38 the
454 3358 187 51 feelings,
677 3350 77 40 and
775 3348 211 38 Sortunes,
1015 3335 78 40 and
1121 3322 233 57 tranquility
1394 3317 48 41 of
1474 3317 206 38 seventeen
1747 3339 102 35 most
1866 3328 143 41 ardent
2039 3320 215 41 advocates
2271 3312 64 37 for
2366 3306 66 39 the
2464 3302 155 51 present
2646 3291 300 44 establishment
2961 3301 102 32 ;we

361 3423 187 43 millions•
1748 3406 133 30 revere
1900 3389 78 40 and
1998 3386 91 39 love
2118 3393 25 25 a
2161 3369 209 47 monarch,
2391 3364 131 39 whose
2546 3358 154 52 private
2720 3353 64 39 life
2803 3352 31 38 is
2855 3365 41 25 as
2928 3361 133 27 CXelllm
3346 3333 5 132 I
3384 3333 14 28 1,

159 3436 2 90 •
417 3485 86 39 The
523 3474 223 46 difficulties
765 3470 50 40 of
846 3480 76 27 our
939 3458 193 44 situation
1161 3464 71 28 are
1251 3443 200 50 alarming
1466 3456 12 28 ;
1509 3436 90 51 they
1619 3442 64 31 ac-

1750 3457 110 54 plary
1884 3467 38 25 as
1942 3449 60 38 his
2022 3442 133 57 public
2170 3433 174 44 conduct
2361 3428 30 39 is
2409 3422 152 50 worthy
2581 3417 52 40 of
2642 3428 74 28 our
2730 3412 161 53 highest
2901 3422 143 28 venera-

3340 2777 64 743 i

364 3549 211 45 immolate
607 3539 152 56 rapidly
781 3553 12 30 ;
823 3533 78 41 and
922 3531 105 35 what
1054 3526 53 38 des
1121 3531 57 27 we
1194 3524 149 43 oppose
1356 3514 46 34 to
1423 3506 109 39 them
1550 3498 137 40 ?—the
1753 3521 83 37 non
1852 3531 12 28 ;
1909 3523 61 27 we
1998 3508 91 51 give
2118 3515 25 26 a
2166 3491 162 46 decided
2359 3485 229 57 preference
2616 3485 47 33 to
2688 3488 74 27 our
2794 3485 92 27 own
2911 3471 157 40 instizue
3397 3481 6 41 i

365 3618 137 41 fullest
521 3609 155 52 displsy
694 3605 46 39 of
765 3599 135 56 public
917 3595 133 38 virtue
1065 3594 13 32 ?
1109 3600 69 30 no,
1196 3595 54 26 no
1270 3596 11 21 :
1302 3579 84 50 fine
1397 3572 203 40 deliveries
1613 3563 73 40 and
1753 3582 103 38 lions
1900 3583 99 28 over
2048 3574 123 37 every
2218 3556 118 41 other
2383 3552 103 37 form
2531 3542 48 40 of
2637 3539 292 40 Government,
2975 3534 93 43 and,

370 3681 188 50 shifting's
581 3671 47 41 of
656 3670 171 45 daugers
861 3658 78 41 and
971 3647 209 47 mischiefs.
1187 3640 182 39 —These
1388 3646 70 28 ere
1488 3631 66 38 the
1570 3640 119 39 expo-
1755 3643 39 39 in
1833 3638 270 46 consequence
2148 3621 50 40 of
2237 3615 105 41 their
2369 3607 213 41 theoretic,
2619 3614 43 26 as
2688 3598 89 39 well
2812 3609 41 26 as
2880 3592 194 56 practical
3348 3581 50 457 1

146 3761 7 15 .•
369 3750 129 39 clients
511 3742 50 40 of
574 3737 164 41 modern
759 3733 248 38 Statesmen;
1037 3719 110 38 these
1175 3709 105 41 their
1300 3710 124 35 tower
1444 3698 48 40 of
1515 3687 176 57 strength
1757 3699 241 47 excellency,
2028 3703 57 25 we
2104 3686 149 39 cannot
2287 3679 51 38 be
2365 3669 158 46 blamed
2546 3667 66 39 for
2631 3661 174 52 wishing'
2818 3664 45 33 to
2885 3666 187 41 preserve

370 3814 116 39 when
506 3806 98 54 peril
625 3808 32 34 is
678 3811 110 27 near.
848 3796 78 38 But
954 3800 66 26 ore
1042 3781 51 41 all
1114 3780 69 39 the
1209 3774 145 39 lessons
1376 3767 47 39 of
1444 3764 150 47 hi,story
1617 3757 77 40 lost
1759 3765 107 39 them
1885 3761 37 38 in
1937 3754 103 41 their
2060 3750 151 40 utmost
2226 3739 151 54 purity.
2432 3733 37 39 It
2500 3729 77 39 this
2609 3722 240 44 constitutes
2870 3715 206 53 conspira-
3351 3715 5 145 1
3356 3715 5 145 i
3360 3715 5 145 ;

373 3891 21 40 n
394 3891 21 40 i
416 3891 67 40 non
507 3888 61 27 us,
588 3870 69 38 the
676 3866 182 52 precepts
889 3854 46 41 of
951 3850 80 56 pule
1007 3863 43 24 51..
1050 3863 11 24 ,
1062 3849 30 31 r'.
1093 3844 38 39 •'ll
1152 3834 257 61 philosophy,
1441 3830 70 39 the
1544 3826 149 52 phcuo-
1761 3839 45 39 cy
1828 3820 73 43 and
1919 3811 260 58 ja.cobinism,
2209 3815 59 28 we
2287 3800 105 39 have
2421 3806 54 27 no
2493 3787 216 43 hesitation
2730 3788 44 34 to
2803 3780 159 40 declare
2989 3776 92 38 that

376 3956 118 30 mena
515 3939 50 39 of
586 3935 70 40 the
676 3932 162 52 present
874 3934 74 27 awe
1035 3917 72 35 We
1128 3905 78 44 will
1227 3915 102 40 open
1356 3899 112 40 these
1489 3886 209 46 venerable
1763 3901 53 26 we
1834 3895 66 27 are
1912 3880 69 39 the
1997 3873 178 53 greatest
2191 3861 182 56 jaeobins
2392 3853 77 44 and
2487 3849 270 52 conspirators
2773 3853 109 43 upon
2898 3840 69 38 the
2986 3837 90 39 face

378 4007 161 41 records
560 4015 109 26 •we
699 3994 77 41 will
811 3987 105 44 recal
946 3987 118 37 these
1110 3967 229 60 signs—and
1369 3963 110 39 what
1522 3958 53 39 do
1602 3960 97 44 they
1765 3948 45 41 of
1835 3946 70 38 the
1933 3935 131 44 earth.
2118 3930 90 40 The
2242 3921 152 41 friends
2425 3914 77 43 and
2532 3908 220 43 advocates
2778 3904 48 39 of
2854 3900 60 39 his
2944 3894 143 44 Royal

524 4033 1 17 •
559 4033 11 17 ,

3357 3964 4 19 1

377 4075 120 41 teach
521 4085 44 26 us
580 4076 11 31 ?
626 4067 87 40 that
733 4063 67 39 the
836 4052 152 46 certain
1019 4049 229 51 precursors
1278 4032 58 40 of'
1350 4029 69 41 the
1443 4022 152 44 decline
1623 4017 77 43 and
1768 4007 195 53 Highness
1980 4010 65 26 are
2063 3994 39 38 in
2122 3985 248 50 conformity
2383 3981 46 39 to
2447 3977 67 39 the
2533 3984 110 30 same
2663 3967 102 40 rule,
2792 3961 19 61 k
2811 3961 19 61 i
2830 3961 19 61 ,
2849 3961 137 61 lowing,
3008 3959 81 38 dis•
3358 3987 12 27 c

2024 4055 188 57 patriots.
2267 4046 76 39 Wo
2354 4041 80 43 hail
2452 4038 77 41 this
2542 4036 85 39 uew
2644 4029 223 52 aulgeace
2888 4022 51 41 of
2949 4019 139 57 kali()
3376 4025 12 35 i

378 4136 279 58 approaching
689 4130 89 39 ruin
801 4124 50 38 of
873 4135 24 22 a
926 4116 83 40 free
1045 4114 122 37 state,
1191 4113 102 31 were
1569 4093 40 38 to
1641 4081 41 57 of
1682 4081 21 57 :
1768 4070 181 40 intereste
1955 4061 41 45 d,

1678 4148 8 15 .
1726 4093 5 73 ,
3361 4093 38 34 •4,

438 4211 86 39 Fol.
548 4202 193 46 II.—No•
777 4183 154 53 LXIr.

2653 4174 5 22 -
3394 4174 18 22 1

3381 4200 31 26 io

2542 4274 4 20 •
3383 4274 4 20 •
3399 4274 2 20 ,
