3449 4417
1097 117 151 51 TIIF,
1281 118 377 53 NATIONAL
1695 118 376 52 REGISTER.

234 241 79 37 and
335 241 59 34 his
416 241 124 48 hopes
578 241 44 35 of
651 252 25 25 a
702 241 129 52 happy
856 244 263 38 termination
1141 246 50 37 of
1220 246 66 38 the
1307 252 254 45 unfortnnale
1586 260 11 47 fl

234 291 165 48 dispute
419 302 105 25 were
541 302 115 27 more
676 296 195 46 sanguine
888 294 77 38 and
986 296 167 38 certain.
1199 296 97 39 This
1315 298 33 37 is
1365 298 67 38 the
1452 299 90 38 inva-

239 343 132 39 rilble
392 350 94 31 tone
506 343 46 38 of
570 350 281 32 consummate
868 343 184 54 villainy,
1071 347 151 38 certain
1239 348 47 38 of
1300 361 165 27 success.

291 398 37 35 It
348 393 135 40 would
500 394 51 38 be
579 407 24 26 a
631 394 227 40 hazardous
886 399 249 50 speculation
1159 405 45 33 to
1231 400 123 39 found
1376 415 76 38 any
1474 415 71 26 con-

228 448 164 50 jecture
428 459 52 25 on
513 446 71 39 the
624 449 176 37 increase
821 450 47 37 of
894 451 59 37 his
990 452 253 38 moderation
1278 454 78 38 and
1389 467 109 25 sense
1525 454 51 39 of

228 498 154 52 justice
403 498 109 39 since
547 502 90 37 that
673 500 155 51 period.
883 501 185 39 Miracles
1100 515 90 39 may
1225 503 77 39 still
1330 510 184 45 operate.
1532 506 38 38 in

237 565 107 37 ways
365 552 78 38 and
464 552 65 39 for
565 565 191 39 purposes
788 552 214 40 concealed
1032 553 106 40 from
1160 568 76 27 our
1264 555 151 39 limited
1435 557 105 51 sight
1559 573 11 27 ;

237 605 77 38 but
328 604 33 37 if
377 604 70 38 the
467 604 116 39 heart
596 606 46 37 of
660 618 21 25 a
705 607 262 35 BONAPARTE
1000 605 70 40 has
1091 608 164 38 become
1276 609 236 48 susceptible
1531 609 50 37 of

239 661 202 45 generous
461 669 45 25 or
528 656 176 39 humane
724 656 182 52 feelings,
935 670 60 25 we
1017 657 96 40 lock
1144 672 111 38 upon
1276 660 28 37 it
1322 673 44 26 as
1384 660 67 38 the
1470 665 102 33 most

242 710 309 50 extraordinary
591 720 77 26 mat
685 707 203 39 ifestation
931 709 50 39 of
1010 711 143 39 Divine
1187 712 261 39 interference
1482 725 94 26 ever

242 759 196 39 recorded
458 759 39 39 in
516 763 185 48 profane,
735 776 46 24 or
815 772 97 27 even
943 762 137 39 s'cred
1119 763 168 52 history.
1343 765 74 37 We
1435 763 51 39 do
1505 770 73 32 not

241 813 194 39 recollect
457 826 22 25 a
500 811 86 39 well
609 813 300 39 authenticated
947 811 178 43 instance
1144 814 51 39 of
1222 827 119 40 grace
1367 817 213 51 operating

240 878 53 26 era
314 865 172 39 artitlian
510 865 47 38 of
574 865 59 39 his
652 866 202 44 cast,—he
876 865 28 39 is
920 865 276 53 incorrigible.
1252 869 53 38 As
1323 868 33 38 it
1372 868 129 38 would
1527 869 53 37 be

242 917 234 45 danTereus
496 922 43 33 to
556 917 112 39 calcu
691 922 67 33 ate
776 928 54 27 on
844 919 279 50 supernatural
1152 932 150 33 causes,
1331 922 40 34 in
1390 924 165 47 attempt-

244 969 136 52 ingio
396 969 167 52 explain
583 969 69 39 the
672 976 175 32 motives
866 970 47 38 of
928 971 60 37 his
1004 971 151 51 acting,
1182 984 60 25 we
1259 978 105 32 must
1378 971 203 40 endeavor

243 1028 44 31 to
314 1026 175 33 account
523 1019 65 40 for
615 1020 60 39 his
696 1026 162 46 present
875 1020 132 53 policy
1032 1023 216 52 according
1270 1029 43 33 to
1331 1023 116 39 those
1475 1024 85 51 prin-

243 1072 141 51 ciple:,
403 1070 131 41 which
552 1085 106 26 st.em
681 1072 223 53 invariably
927 1078 46 33 to
994 1077 104 37 have
1116 1075 148 52 guided
1279 1077 70 38 the
1363 1075 221 40 ambitious

246 1127 79 38 aril
348 1124 295 53 unprincipled.

296 1178 72 39 We
390 1179 106 38 have
514 1176 230 51 con.,tantly
767 1175 177 46 insisted,
974 1178 40 39 in
1046 1178 234 53 opposition
1312 1183 45 34 to
1394 1192 78 27 our
1489 1180 72 39 bro-

244 1230 94 39 ther
364 1230 259 51 jourecists,
652 1230 78 38 and
751 1235 45 32 to
816 1243 22 25 a
865 1241 92 40 very
989 1230 89 52 silly
1098 1232 78 38 and
1198 1244 25 25 a
1241 1244 93 39 very
1358 1232 230 39 inaccurate

244 1287 223 34 statement
490 1281 48 40 of
553 1281 107 39 Load
690 1283 325 45 CASTLEREAGH,
1044 1283 90 39 that
1154 1284 67 38 the
1243 1284 145 39 French
1411 1283 174 53 military

246 1336 117 38 force
386 1338 28 35 is
431 1341 72 33 not
520 1346 96 26 near
635 1348 45 25 so
711 1346 217 26 numerous
948 1348 43 25 as
1015 1336 30 37 is
1072 1333 207 53 generally
1302 1335 176 39 believed
1509 1338 77 35 and

244 1387 148 39 stated.
454 1390 13 35 l
509 1387 31 39 is
572 1387 339 52 unquestionably
933 1387 70 38 the
1023 1388 163 39 interest
1206 1388 48 38 of
1270 1390 260 35 BONAPARTE
1546 1393 43 34 to

247 1439 171 52 impress
437 1452 25 26 a
480 1452 93 40 very
591 1439 246 39 formidable
852 1440 165 51 opinion
1033 1440 48 38 of
1093 1441 69 38 the
1176 1440 183 51 strength
1381 1440 76 39 and
1473 1453 87 26 num-

248 1492 74 38 ber
341 1492 48 39 of
407 1492 63 38 his
506 1492 170 41 armies;
705 1491 74 39 but
809 1494 59 35 we
895 1498 151 33 camiot
1080 1491 175 53 possibly
1276 1494 189 37 conceive
1485 1493 106 38 what

247 1543 182 40 motives
450 1543 120 39 could
593 1548 167 47 operate
781 1557 52 25 on
854 1543 69 40 the
943 1543 132 40 Noble
1104 1544 105 40 Lord
1243 1548 43 33 to
1305 1550 187 45 promote
1522 1545 70 38 the

250 1594 125 39 views
396 1596 51 38 of
474 1594 71 39 the
568 1600 139 46 tyrant
745 1598 39 35 in
822 1596 78 39 this
931 1602 169 45 respect.
1160 1597 72 38 Ilis
1265 1602 330 35 met-statements

252 1654 111 32 must
383 1649 104 37 arise
509 1646 106 40 from
650 1646 125 41 wilful
809 1649 315 51 prevarication,
1154 1646 304 53 unpardonable
1479 1649 91 53 igno-

254 1711 138 34 rance,
423 1713 47 26 or
508 1701 48 38 he
592 1700 235 40 considered
865 1702 32 37 it
927 1713 43 27 as
1007 1714 24 26 a
1067 1701 314 53 parliamentary
1421 1714 92 27 ruse
1548 1706 47 35 de

244 1766 170 35 guerre,
446 1752 78 39 and
543 1752 209 41 therefore
778 1752 242 52 justifiable.
1084 1754 220 39 Whatever
1336 1754 60 38 his
1426 1753 169 40 motives

252 1818 92 31 may
367 1805 105 39 have
498 1807 118 44 been,
646 1806 31 37 it
698 1806 31 38 is
748 1806 50 38 of
811 1807 69 38 the
906 1805 163 46 highest
1098 1807 254 51 importance
1372 1811 43 34 to
1435 1812 159 33 correct

250 1856 63 39 his
332 1870 115 27 error
465 1856 50 40 of
523 1858 219 51 judgment
771 1871 47 26 or
839 1859 46 38 of
898 1856 167 52 design;
1095 1861 76 35 and
1192 1872 60 25 we
1281 1858 135 39 would
1436 1858 93 39 wish
1551 1863 44 34 to

249 1907 126 40 know
415 1909 63 39 his
509 1910 211 52 authority
759 1909 66 40 for
869 1912 196 52 asserting
1100 1912 91 38 that
1221 1911 69 39 the
1326 1910 152 39 French
1517 1911 78 38 bad

252 1967 178 39 400,000
451 1975 89 26 men
575 1967 43 34 at
647 1962 106 40 their
774 1962 193 53 disposal,
998 1963 119 52 ready
1141 1969 44 33 to
1214 1976 104 37 pour
1338 1965 87 38 into
1446 1964 116 50 Spain
1583 1980 12 30 ;

250 2013 38 39 if
304 2014 69 39 the
393 2014 112 40 force
526 2013 94 53 they
643 2014 77 39 had
754 2015 163 53 already
943 2019 37 34 in
1002 2016 71 39 the
1102 2015 230 47 Peninsula,
1361 2028 83 26 was
1462 2015 112 40 inade-

248 2070 126 46 quate
411 2070 44 34 to
493 2067 112 38 resist
637 2079 78 27 our
749 2080 129 39 army.
934 2070 76 37 We
1041 2068 123 39 know
1198 2070 46 43 it,
1274 2067 321 52 unfortunately,

249 2120 93 37 that
361 2118 67 44 he,
459 2131 43 26 as
524 2118 86 39 well
631 2131 43 26 as
693 2118 60 40 his
776 2120 248 51 colleagues,
1056 2121 92 43 and,
1180 2121 40 38 in
1239 2120 99 43 fact,
1367 2133 119 38 every
1506 2133 67 38 pre-

246 2170 124 39 vious
389 2169 348 47 administration,
759 2180 103 31 were
882 2173 151 53 grossly
1059 2173 189 51 ignorant
1269 2186 52 25 on
1346 2186 22 25 a
1389 2173 157 50 subject
1566 2173 30 37 it

249 2233 85 26 was
353 2236 46 24 so
422 2223 117 38 much
562 2224 106 38 their
686 2223 99 53 duty
816 2229 45 34 to
881 2225 138 47 know,
1049 2228 78 38 and
1156 2226 128 39 which
1311 2226 94 52 they
1427 2225 80 39 had
1528 2224 66 39 the

250 2285 143 27 means
413 2275 48 38 of
472 2274 283 53 ascertaining.

308 2327 87 38 The
416 2327 154 39 French
591 2340 130 39 army,
752 2329 220 52 according
1000 2334 44 34 to
1062 2329 69 38 the
1150 2329 168 52 opinion
1336 2329 52 39 of
1411 2329 72 40 the
1502 2329 92 39 best

252 2378 202 39 informed
480 2393 89 24 men
588 2393 53 25 on
673 2386 67 32 the
757 2383 224 40 continetq,
1013 2394 122 32 never
1172 2382 235 45 amounted,
1436 2383 65 38 for
1525 2381 70 39 the

252 2430 78 40 last
364 2431 118 52 eight
519 2444 130 40 years,
678 2438 44 33 to
759 2438 171 41 :;00,000
958 2433 187 39 effective
1182 2447 104 27 men.
1344 2435 96 38 This
1470 2439 102 34 state-

252 2494 115 28 ment
404 2497 34 25 is
468 2486 293 37 corroborated
794 2486 53 52 by
883 2489 70 35 the
984 2486 211 53 authority
1220 2487 48 39 or
1294 2486 72 40 the
1387 2487 142 39 Prince
1546 2500 26 24 o

253 2538 291 44 110HENLORE,
575 2537 74 38 and
685 2537 209 53 indirectly
917 2539 52 51 by
992 2541 89 35 that
1100 2539 51 38 of
1175 2541 105 37 Lord
1304 2541 286 38 HUTCHINSON.

252 2589 77 38 We
365 2601 73 26 are
477 2589 198 39 informed
711 2589 93 39 that
840 2590 60 40 his
938 2591 193 52 Lordship
1150 2606 79 25 was
1261 2591 48 38 of
1339 2593 164 51 opinion
1522 2593 71 38 the

250 2652 150 41 enemy
436 2641 77 39 had
544 2646 73 35 not
656 2644 170 43 150,000
848 2644 35 37 in
908 2643 174 45 Poland,
1111 2644 148 50 during
1298 2644 69 38 the
1388 2644 74 38 last
1478 2657 84 25 cam-

253 2693 126 52 paign
402 2693 41 38 in
472 2692 91 40 that
582 2699 196 48 country;
809 2696 77 38 and
925 2709 63 25 we
1020 2696 118 37 know
1161 2696 30 38 it
1221 2702 45 33 to
1286 2696 48 38 be
1354 2709 24 25 a.
1414 2696 175 52 positive

252 2745 103 47 fact,
385 2745 93 39 that
498 2747 105 37 their
631 2747 135 39 whole
797 2747 112 40 force
935 2748 182 38 between
1139 2748 69 39 the
1246 2748 151 40 Vistula
1419 2748 76 39 and
1525 2748 69 39 the

253 2798 138 39 Rhine
406 2797 66 41 did
487 2804 74 34 not
576 2803 170 34 amount
767 2805 43 34 to
829 2806 161 40 50,000.
1049 2804 13 37 1
1069 2809 30 31 h
1228 2802 87 38 that
1336 2803 132 38 entire
1483 2813 80 27 cam-

252 2851 125 52 paign
402 2851 94 51 they
521 2865 104 25 were
646 2851 146 41 unable
822 2858 43 33 to
899 2852 200 40 blockade
1137 2851 57 52 111
1213 2851 19 52 e
1251 2851 96 52 small
1371 2856 158 37 fortress
1550 2854 47 39 of

252 2904 198 50 Colberg,
472 2903 66 39 the
557 2906 183 50 garrison
755 2906 50 38 of
816 2906 124 39 which
960 2919 99 26 were
1078 2906 35 39 in
1136 2907 70 38 the
1226 2906 111 39 habit
1354 2906 50 39 of
1429 2907 139 38 extend-

253 2956 70 51 ing
346 2956 107 39 their
465 2957 233 38 excursions
716 2957 66 39 for
802 2970 115 26 more
945 2959 98 38 than
1063 2963 51 33 50
1135 2959 113 38 miles
1269 2960 35 37 in
1326 2972 122 25 every
1467 2959 106 38 direc-

252 3008 112 45 tion;
397 3009 39 37 in
475 3021 79 27 one
588 3009 51 39 of
669 3009 130 39 which
835 3011 94 51 they
959 3009 143 52 picked
1142 3025 52 37 up
1222 3012 170 38 General
1417 3004 176 52 i'ic•roa,

254 3060 93 39 who
364 3073 83 25 was
465 3061 237 40 afterwards
723 3063 233 52 exchanged
979 3064 66 38 for
1065 3065 139 37 &yen
1215 3080 65 21 ea.
1324 3060 5 54 •

307 3115 53 38 As
381 3110 100 56 long
503 3128 41 26 as
578 3115 71 39 the
685 3116 115 51 Siege
830 3115 47 39 of
895 3118 169 35 l)autzic
1095 3116 141 44 lasted,
1264 3115 105 41 their
1403 3115 193 39 offensive

252 3167 237 51 operations
508 3180 52 26 on
586 3167 67 39 the
687 3168 151 39 Vistula
856 3168 275 39 discontinued
1165 3169 65 38 for
1248 3172 106 38 want
1372 3170 50 37 of
1436 3182 47 25 an
1509 3169 69 38 effi-

252 3231 21 25 e
291 3223 70 34 eat
379 3219 135 46 force;
536 3220 130 38 active
685 3221 170 39 warfare
874 3223 56 35 in
930 3221 89 38 that
1035 3226 167 46 quarter
1221 3234 80 26 was
1320 3227 72 33 not
1411 3222 182 39 resumed

252 3270 60 38 till
337 3270 71 39 the
439 3270 208 54 besieging
679 3286 113 31 army
819 3275 73 37 had
924 3274 181 48 rejoined
1136 3274 69 39 the
1243 3274 105 38 main
1371 3274 118 48 body.
1550 3276 44 35 In

250 3320 85 41 like
357 3335 169 26 manner
547 3325 92 51 they
660 3338 106 25 were
787 3326 148 39 unable
956 3332 41 32 to
1017 3339 151 39 oppose
1202 3338 77 40 any
1298 3327 113 52 thing
1433 3326 81 39 like
1534 3339 40 26 re-

249 3376 172 39 sistance
443 3381 43 33 to
502 3376 69 40 the
591 3377 171 39 Swedish
784 3392 112 39 army
915 3378 48 38 of
981 3381 142 43 15,000
1144 3392 107 28 men,
1281 3392 96 26 near
1391 3379 203 39 Stralsund

248 3428 80 38 and
350 3430 211 37 MoteriFat
580 3442 79 25 was
678 3431 165 52 obliged
866 3437 40 33 to
928 3431 144 39 collect
1103 3431 50 38 all
1191 3431 70 39 the
1281 3432 133 38 Du!ch
1439 3438 155 45 troops,

250 3480 92 39 who
380 3482 197 51 occupied
608 3483 71 38 the
709 3484 131 39 banks
870 3482 48 40 of
950 3484 71 38 the
1051 3483 111 46 Elhe,
1193 3483 69 39 the
1283 3484 136 39 Weser
1435 3485 74 38 and
1527 3485 69 38 the

252 3533 110 45 Fees,
394 3534 72 39 the
501 3535 40 48 ;g
541 3535 162 48 arrisons
742 3537 51 38 of
826 3536 259 52 Ilainhurgh,
1116 3535 182 44 Lubeck,
1328 3540 169 35 Bremen
1518 3537 76 38 and

250 3586 214 47 lianovet,
514 3589 136 37 before
689 3589 48 38 he
774 3604 81 25 Ives
883 3588 89 40 able
1007 3595 39 32 to
1083 3591 110 37 resist
1227 3588 78 39 this
1333 3589 112 38 small
1468 3589 126 39 force.

248 3638 76 39 We
346 3639 54 38 do
432 3644 77 34 not
530 3640 158 39 include
707 3643 39 38 in
769 3644 78 38 this
867 3646 216 35 statement
1098 3641 69 39 the
1186 3641 259 52 contingents
1462 3643 48 38 of
1522 3644 47 38 Ba-

248 3691 133 45 varia,
412 3692 306 54 Wurtemberg,
749 3694 77 39 and
857 3694 150 43 Baden,
1035 3694 126 38 which
1196 3706 103 26 were
1323 3694 211 52 mnploved
1556 3694 39 37 in

249 3743 156 46 Silesia,
436 3745 79 39 and
533 3746 129 39 which
699 3759 92 40 may
829 3746 104 40 have
966 3746 222 39 amounted
1225 3751 44 34 to
1302 3746 125 39 about
1449 3737 146 56 40,000

252 3806 107 27 men.

304 3849 122 39 From
444 3849 67 41 the
530 3852 131 39 above
680 3856 215 38 statement
914 3852 28 39 it
963 3852 32 39 is
1015 3852 104 39 clear
1135 3852 90 39 That
1245 3850 70 40 the
1336 3850 130 40 whole
1485 3850 112 40 force

248 3899 51 39 of
322 3902 71 38 the
428 3915 159 40 enemy,
618 3904 206 48 includinz
856 3905 151 45 Dutch,
1043 3905 177 45 Italians,
1270 3904 77 39 and
1385 3905 209 45 Germans,

247 3952 43 38 d
289 3952 28 40 d
334 3959 72 33 not
425 3956 148 39 exceed
591 3961 176 40 250,000
785 3971 105 26 men.
945 3958 125 38 What
1090 3958 157 38 renders
1266 3969 45 27 us
1344 3969 113 27 more
1491 3956 84 53 posi-

247 4009 89 35 tive
373 4006 38 39 in
451 4009 79 38 this
548 4009 198 51 opinion,.
763 4012 38 38 is.
831 4012 46 37 its
908 4010 255 39 coincidence
1199 4009 104 38 with
1328 4022 25 26 a
1380 4013 215 34 statement

247 4058 120 40 made
386 4059 54 52 by
459 4061 71 38 the
553 4063 142 38 Prince
713 4062 48 40 of
777 4065 149 38 IIonEN
1023 4072 35 35 v.,
1080 4062 39 38 in
1139 4062 71 39 the
1228 4067 170 34 autumn
1420 4062 47 39 of
1480 4067 112 33 1806.

249 4110 132 40 When
398 4126 85 26 war
508 4114 181 40 between
710 4116 158 41 Prussia
893 4115 77 39 and
989 4119 247 37 Francewas
1253 4114 177 51 thought
1448 4115 119 50 proba-

249 4160 83 52 ble,
361 4165 53 40 he
433 4170 85 35 sent
539 4178 26 27 a
582 4165 65 43 list
673 4173 41 35 to
739 4169 70 39 the
840 4169 168 40 Cabinet
1028 4167 48 41 of
1098 4166 148 46 Berlin,
1276 4166 195 41 collected
1499 4166 91 40 with

2854 115 85 48 191

1626 247 52 39 all
1697 248 67 39 the
1781 262 195 37 accuracy
2000 249 130 37 which
2147 250 67 34 the
2237 252 194 45 juncture
2452 248 200 48 required,
2681 246 50 38 of
2753 246 69 38 the
2841 257 86 26 seve-

1630 299 56 38 ral
1706 314 116 38 corps
1853 306 40 33 at
1915 301 87 37 that
2031 301 98 37 time
2150 301 37 35 in
2224 302 195 47 :;erienny
2435 300 161 48 ;—they
2619 298 235 44 amounted,
2883 309 46 22 ac-

1629 352 165 51 cording
1817 358 43 32 to
1881 352 58 38 his
1959 357 155 45 report,
2146 359 41 30 to
2207 357 188 38 210,000,
2430 351 162 38 Italians
2610 348 197 40 included.
2865 352 86 47 Airy

1632 415 106 28 man,
1770 404 90 38 who
1881 404 70 38 has
1971 407 59 33 trn
2040 403 125 38 yelled
2189 404 176 47 through
2392 404 165 43 France,
2593 402 74 38 and
2694 403 38 37 in
2756 402 67 38 the
2841 399 113 39 habit

1633 455 47 38 or
1711 456 164 50 making
1897 456 109 38 °brae
2017 455 176 44 vatic:us,
2224 462 106 31 must
2344 454 102 39 have
2460 454 226 45 remarked,
2715 454 90 38 that
2824 465 133 25 scarce

1636 520 22 25 a
1688 507 137 38 :old.er
1845 521 80 24 was
1946 514 39 31 to
2020 508 51 37 be
2101 519 87 26 seen
2228 508 34 35 in
2285 507 69 38 the
2374 506 180 39 interior.
2611 506 84 38 The
2712 517 157 38 enoiry,
2908 511 44 31 at

1638 559 67 38 the
1726 557 136 52 period
1885 572 58 25 we
1962 559 135 38 allude
2130 565 59 39 to,
2228 557 77 39 had
2326 562 73 34 not
2431 561 149 40 40,000
2615 557 37 37 in
2685 557 70 38 the
2774 556 181 40 interim,

1641 609 65 38 the
1752 617 162 45 greater
1951 617 87 45 part
2088 609 47 38 of
2187 609 129 39 which
2370 622 102 26 were
2518 609 220 50 encamped
2804 608 37 37 in
2888 609 70 37 the

1641 661 335 52 neighbourhood
2013 661 50 39 of
2094 661 128 46 Paris,
2256 661 130 38 where
2438 661 92 50 they
2570 673 100 26 were
2722 658 235 52 incessantly

1626 710 1 56 •
1641 715 197 38 exercised
1889 715 123 38 under
2041 713 69 38 the
2141 728 92 38 eyes
2267 713 50 39 of
2347 715 265 38 llosapanTu
2646 710 174 40 himself.
2874 712 87 35 The

1642 767 176 48 garrison
1840 767 97 51 duty
1957 771 40 32 at
2015 768 126 44 Brest,
2161 764 180 47 Touloe,
2361 767 35 37 in
2419 765 66 37 the
2498 764 203 39 fortresses
2717 769 43 32 at
2781 763 177 38 Brabant

1642 819 73 38 &c.
1747 830 81 26 was
1847 817 229 52 performed
2098 819 52 52 by
2183 817 184 45 invalids,
2388 830 47 25 or
2466 816 67 38 the
2552 829 84 25 new
2656 815 208 52 organised
2884 819 52 33 Na-

1644 868 123 40 tional
1786 874 154 46 troops.
1994 870 133 38 There
2150 883 78 24 was
2246 883 25 25 a
2303 868 113 39 small
2453 866 112 40 force
2583 867 48 39 of
2659 867 182 52 regulars
2859 866 103 52 kept

1644 926 39 32 at
1704 921 223 52 Boulogne,
1948 921 73 53 not
2021 921 24 53 e
2044 921 222 53 exceeding
2293 925 141 43 10,000
2456 933 105 26 men.
2619 921 78 37 For
2717 921 69 35 the
2805 920 159 38 defense

1646 971 46 38 of
1708 972 102 51 Italy
1830 974 52 37 he
1902 973 71 38 has
2006 972 148 56 aliNys
2184 973 122 39 relied
2344 986 111 25 more
2489 984 52 27 on
2563 971 69 39 the
2666 977 133 33 terror
2831 972 47 38 of
2906 972 61 38 his

1646 1036 131 35 name,
1815 1025 77 38 and
1922 1026 70 38 the
2024 1025 208 52 inaekvity
2255 1025 50 39 of
2335 1038 77 25 our
2446 1023 193 45 councils,
2668 1023 98 38 than
2802 1036 51 25 on
2887 1036 80 37 any

1646 1076 111 38 force
1778 1075 48 40 he
1856 1089 96 26 ever
1972 1076 243 40 maintained
2239 1078 126 38 there.
2422 1076 106 39 That
2565 1076 28 38 is
2616 1076 150 52 proved
2806 1080 40 33 to
2880 1077 65 35 evi-

1643 1127 124 40 dence
1778 1127 52 52 by
1848 1130 70 35 the
1939 1129 211 38 resistance
2167 1129 125 39 which
2316 1128 171 40 General
2509 1130 167 37 Stewart
2701 1127 119 39 made
2841 1127 116 39 there

1651 1179 91 38 with
1766 1180 58 38 his
1843 1179 113 40 small
1974 1193 131 39 corps.

1698 1232 74 38 We
1788 1232 178 51 thought
1985 1233 27 35 it
2031 1232 46 38 of
2092 1245 270 39 consequence
2380 1237 44 34 to
2445 1231 122 40 make
2583 1231 76 39 this
2678 1235 231 40 statement,
2927 1230 44 39 in

1651 1283 117 39 order
1788 1289 43 33 to
1859 1284 224 38 contradict
2119 1284 69 38 the
2219 1290 266 44 extravagant
2516 1290 191 34 accounts
2741 1283 128 39 which
2898 1297 72 25 are

1652 1341 162 33 current
1833 1349 52 25 on
1905 1335 79 40 this
2001 1335 103 40 head
2120 1350 12 28 ;
2163 1336 76 38 and
2267 1349 59 26 we
2360 1336 76 39 still
2470 1336 170 44 believe,
2672 1336 78 38 and
2779 1335 92 52 defy
2891 1349 79 38 any

1654 1398 73 26 one
1743 1393 44 33 to
1807 1388 227 39 contradict
2053 1400 53 26 on
2121 1390 86 48 just
2225 1387 177 52 grounds
2432 1402 74 24 our
2542 1404 17 21 F.
2565 1393 206 40 tatement,
2800 1388 85 38 that
2906 1389 69 37 the

1656 1439 150 39 French
1828 1439 181 39 effective
2037 1440 223 51 disposable
2290 1440 123 45 force,
2452 1440 129 38 Dutch
2619 1441 74 38 and
2730 1439 162 40 Italians
2911 1441 41 37 in-

1655 1491 155 46 cluded,
1830 1492 98 39 does
1946 1496 70 33 not
2035 1492 149 39 exceed
2205 1496 172 40 300,000
2407 1504 102 26 men.
2565 1494 32 35 A
2627 1496 144 46 great
2771 1492 200 39 accession

1658 1543 47 38 of
1719 1544 198 51 strength,
1937 1544 30 38 it
1983 1557 91 39 may
2096 1545 51 37 be
2166 1543 200 51 objected,
2383 1543 71 39 has
2472 1544 98 38 been
2589 1545 120 37 added
2732 1545 51 51 by
2805 1545 67 37 the
2891 1544 83 39 late

1657 1596 267 52 conscription
1945 1613 9 27 ;
1985 1598 77 38 but
2081 1596 70 39 has
2169 1596 69 38 the
2259 1607 80 26 war
2365 1597 37 35 in
2422 1596 132 51 Spain,
2577 1596 65 38 the
2657 1596 207 53 mortality
2884 1598 50 35 of
2948 1611 27 24 a

1658 1646 136 40 winter
1812 1648 230 54 campaign,
2063 1649 67 37 the
2150 1649 158 48 rigours
2326 1648 50 38 of
2391 1646 150 39 French
2562 1648 161 45 service,
2738 1649 236 39 occasioned

1657 1711 51 25 no
1724 1698 73 40 loss
1814 1728 12 17 ,
1856 1701 135 51 equal,
2022 1706 43 33 at
2083 1698 115 46 least,
2231 1700 37 39 in
2291 1698 184 45 number,
2503 1698 74 38 but
2602 1704 180 47 superior
2799 1701 38 38 in
2854 1701 105 39 eflici-

1659 1765 113 39 ency,
1802 1757 46 33 to
1869 1753 109 39 what
1997 1753 31 38 it
2046 1754 115 50 gains
2177 1753 50 51 by
2248 1752 67 38 the
2333 1752 269 51 conscription
2621 1753 46 37 of
2685 1757 97 33 iBO9
2815 1754 73 37 amid
2913 1757 61 34 ie.

1659 1804 92 41 This
1780 1809 239 39 ,statement,
2059 1818 58 25 we
2144 1811 120 45 hope,
2284 1802 79 40 will
2398 1804 161 52 explain
2589 1808 43 33 to
2665 1817 120 32 many
2817 1805 48 38 of
2893 1819 72 25 on:

1661 1857 176 41 Readers
1865 1857 70 39 the
1968 1853 227 43 relaxation
2229 1856 132 39 which
2394 1856 31 39 is
2457 1856 139 39 visible
2631 1856 35 39 in
2688 1856 70 39 the
2779 1856 126 53 policy
2930 1858 51 37 of

1662 1909 85 39 BON
1755 1922 79 25 APA
1845 1924 96 25 RTE.
1997 1909 87 39 The
2104 1913 117 47 great
2231 1907 107 52 body
2356 1907 48 39 of
2415 1907 60 38 his
2494 1920 113 38 army
2627 1907 30 39 is
2672 1907 38 39 in
2733 1907 115 52 Spain
2867 1925 11 27 ;
2895 1912 79 35 and

1659 1958 50 40 he
1726 1968 151 31 cannot
1898 1961 206 39 leithdraw
2124 1972 25 26 a
2165 1959 278 39 considerable
2461 1965 92 45 part
2569 1959 50 38 of
2631 1959 31 39 it
2682 1959 175 39 without
2876 1962 80 38 risk-

1626 2009 1 54 '
1661 2011 67 39 the
1748 2011 76 40 loss
1845 2014 50 38 of
1909 2013 69 39 the
1998 2011 227 40 Peninsula.
2285 2014 133 38 hence
2445 2017 110 33 these
2574 2009 240 54 sUmpluous
2833 2011 144 41 detail;

1659 2063 48 38 of
1735 2066 208 51 projected
1963 2067 230 46 operations
2212 2066 157 51 against
2399 2063 197 51 Portugal
2627 2065 74 38 and
2722 2065 222 39 Andalusia
2965 2082 9 21 :

1661 2117 74 39 but
1752 2118 149 47 which,
1919 2117 65 39 for
1995 2122 87 33 two
2101 2117 178 43 nsonths,
2297 2117 102 39 have
2415 2117 196 39 consisted
2631 2117 35 38 in
2686 2130 111 25 Mere
2809 2117 142 39 demon-

1659 2170 185 38 stration.
1904 2172 136 37 Hence
2075 2169 67 40 the
2171 2169 200 39 addresses
2392 2169 124 38 which
2541 2181 102 37 pour
2661 2170 35 37 in
2730 2169 107 38 from
2859 2181 119 32 every

1661 2223 189 48 province
1866 2223 78 38 and
1963 2228 110 32 town
2095 2222 39 38 in
2154 2222 142 51 Spain;
2319 2219 221 40 calculated
2559 2225 43 34 to
2619 2233 184 26 overawe
2817 2224 161 37 Austria

1661 2280 84 32 into
1762 2275 265 38 concessions.
2086 2275 34 38 A
2145 2272 159 46 visible,
2331 2278 138 40 strong
2502 2274 177 51 anxiety,
2712 2285 99 26 even
2833 2288 46 24 an
2901 2288 51 25 un-

1658 2327 210 51 certainty,
1902 2327 116 51 begin
2039 2331 45 33 to
2104 2339 150 39 appear
2285 2326 40 38 in
2357 2323 69 40 the
2444 2324 177 39 councils
2648 2323 48 38 of
2722 2326 71 38 the
2828 2331 146 46 tyrant.

1659 2378 85 38 The
1775 2379 266 52 supposition,
2070 2379 244 47 accounting
2347 2378 63 38 for
2443 2378 58 38 his
2536 2376 224 52 inactivity,
2790 2391 44 25 as
2869 2378 34 39 it'
2927 2380 51 37 he

1659 2430 142 39 wished
1821 2431 164 38 Austria
2006 2435 44 34 to
2065 2443 148 39 appear
2233 2431 35 37 it
2290 2430 67 39 the
2380 2430 208 38 thaiacter
2603 2428 48 39 of
2665 2430 67 38 the
2750 2443 208 43 aggressor
2957 2443 24 43 s

1658 2481 30 39 is
1719 2481 214 52 drivelling
1965 2483 37 38 in
2031 2481 72 39 the
2127 2487 198 38 extreme,
2354 2483 73 38 end
2460 2481 158 52 betrays
2641 2494 24 25 a
2683 2483 202 50 profound
2919 2481 41 50 ig-

1657 2546 171 27 norance
1857 2535 51 38 of
1937 2535 69 39 the
2047 2533 129 39 moral
2211 2533 149 48 feeling
2399 2533 76 39 and
2507 2546 150 39 energy
2691 2533 52 38 of
2773 2533 71 39 the
2877 2536 81 38 indi-

1656 2585 148 40 vidual.
1861 2589 63 37 He
1961 2587 141 39 knows
2137 2593 71 33 too
2245 2585 87 39 well
2370 2585 85 39 that
2487 2588 52 38 he
2584 2585 93 40 does
2720 2591 76 33 not
2823 2598 157 40 govern

1657 2639 158 52 Europe
1844 2639 111 39 from
1991 2639 299 50 opinion;—his
2317 2639 206 39 dominion
2561 2639 32 38 is
2626 2639 91 39 that
2751 2639 51 37 of
2831 2652 145 27 terror.

1658 2691 69 38 His
1744 2691 178 51 political
1941 2691 293 41 combinatons
2250 2704 69 26 are
2334 2695 69 33 not
2421 2691 158 38 formed
2595 2691 91 39 with
2704 2691 91 39 that
2811 2691 169 40 de:irate

1654 2743 572 45 d:scrimination,---whether
2241 2745 92 50 they
2357 2741 74 40 will
2456 2744 152 38 receive
2622 2743 66 39 the
2706 2745 274 48 approbation

1656 2807 38 26 in
1731 2807 25 26 a
1783 2794 132 40 moral
1954 2796 112 52 point
2098 2796 51 38 of
2178 2796 115 45 view,
2323 2794 47 39 of
2386 2794 58 38 his
2479 2796 502 51 cotemporaries;---their

1656 2845 93 53 only
1783 2849 141 38 object
1950 2850 30 37 is
1997 2861 154 27 success
2167 2865 11 22 ;
2209 2849 70 37 the
2311 2859 133 26 means
2471 2846 48 38 et'
2546 2852 240 33 atiainmeut
2804 2861 67 25 are
2890 2862 66 39 per-

1657 2898 118 53 fectly
1796 2900 224 40 indifferent
2036 2917 9 27 ;
2070 2900 76 39 and
2167 2898 34 40 if
2212 2901 50 38 he
2283 2900 177 44 succeed,
2481 2898 51 38 he
2554 2900 30 37 is
2602 2900 146 38 certain
2771 2898 50 39 of
2835 2913 120 39 appro-

1626 2950 1 53 ,
1659 2952 255 46 nation;—if
1929 2954 51 38 he
1996 2950 87 46 fall,
2112 2952 61 39 his
2193 2956 198 47 apparent
2421 2952 253 39 moderation
2696 2950 79 40 will
2794 2959 72 32 not
2884 2957 97 46 gain

1659 3004 83 39 him
1759 3018 24 26 a
1801 3004 130 53 single
1951 3006 196 52 partizan,
2179 3018 46 25 or
2236 3017 112 32 yaise
2376 3017 22 26 a
2417 3004 124 48 single
2561 3017 85 26 ern;
2665 3004 34 38 in
2718 3004 60 38 his
2796 3013 187 43 support,

1659 3056 37 39 in
1734 3070 76 39 any
1850 3063 92 46 part
1972 3057 48 39 of
2043 3059 172 47 Europe.
2277 3058 61 37 He
2370 3057 28 37 is
2434 3061 76 32 not
2537 3056 185 52 ignorant
2748 3057 47 37 of
2810 3058 78 37 this
2907 3073 58 24 c-r-

1657 3115 253 39 -cumstance;
1941 3110 73 38 and
2031 3107 183 64 tyeealls
2233 3110 48 37 of
2300 3109 170 44 honour,
2493 3110 148 48 justice
2660 3109 76 38 and
2753 3109 231 47 hurnan;'r,

1659 3162 67 38 the
1747 3162 115 39 voice
1879 3161 51 39 of
1959 3161 58 39 his
2053 3159 334 52 cOttroporaries,
2417 3172 47 26 or
2483 3163 70 35 the
2580 3162 219 50 judgment
2833 3164 48 37 of
2897 3177 59 38 rs-

1659 3214 137 52 terity,
1826 3213 130 41 afford
1977 3227 22 25 a
2030 3213 113 40 weak
2165 3213 157 39 barrier
2355 3219 43 33 to
2417 3213 69 39 the
2512 3216 214 35 execution
2746 3213 52 39 of

1659 3267 105 51 signs
1780 3267 50 39 he
1850 3279 93 25 may
1970 3266 104 39 have
2108 3265 155 39 formed
2293 3266 155 51 against
2480 3266 175 38 Austria.
2717 3267 72 37 His
2807 3268 155 39 modera-

1659 3319 83 39 tion
1773 3319 31 39 is
1821 3319 70 39 the
1907 3318 118 40 effect
2050 3317 50 39 of
2130 3319 228 43 weakneis;
2388 3317 58 39 his
2467 3317 164 50 justice,
2670 3318 50 38 of
2737 3320 246 51 incapacity.

1711 3374 77 37 But
1808 3370 171 40 another
2014 3369 118 40 letter
2150 3370 71 38 has
2241 3370 100 38 been
2366 3369 143 39 foisted
2532 3383 51 25 on
2620 3372 175 51 Europe,
2818 3374 171 40 :mother

1658 3429 125 34 secret
1817 3422 340 52 correspondence
2189 3422 178 39 between
2388 3420 67 39 the
2477 3422 158 39 Editors
2655 3422 47 39 of
2731 3424 71 38 the
2837 3423 76 41 Via
2913 3423 52 41 l!
2965 3442 26 24 a

1661 3477 168 38 Gazette
1858 3476 78 38 and
1972 3475 67 39 the
2079 3475 240 51 Hamburgh
2355 3475 370 48 Correspandenten.
2804 3478 37 37 It
2882 3490 18 27 s

2921 3494 47 27 ae-

1659 3528 197 45 nounced,
1893 3528 200 45 however,
2130 3527 35 38 in
2185 3527 69 39 the
2280 3527 107 39 Paris
2408 3526 203 46 Journals,
2634 3530 92 34 with
2748 3534 74 32 too
2843 3540 146 32 sq•eien

1659 3581 265 38 as'servations
1942 3580 50 39 of
2015 3580 51 38 its
2091 3579 281 52 authenticity.
2446 3580 98 38 This
2564 3578 132 50 letter,
2730 3591 163 43 wuries!
2917 3598 72 26 of:-

1661 3633 91 51 ably
1773 3632 142 54 forged
1941 3633 48 48 by
2010 3632 71 38 the
2100 3632 151 39 French
2270 3633 292 43 Government,
2583 3633 146 38 throws
2748 3647 53 25 an
2817 3634 174 41 obscine

1662 3684 99 51 light
1779 3698 53 26 on
1861 3686 71 38 the
1957 3683 235 54 vacillating
2211 3685 234 38 sentiments
2477 3684 48 38 of
2552 3683 71 40 the
2642 3687 198 39 members
2859 3689 46 39 of
2922 3690 67 38 the

1665 3739 171 38 Rhenish
1861 3737 291 52 Confederacy.
2207 3739 39 37 It
2272 3737 32 39 is
2323 3742 209 48 apparent.
2554 3737 201 45 however,
2790 3738 86 41 that
2894 3742 96 38 they

1661 3791 246 50 apprehend,
1928 3802 47 26 or
1990 3802 67 26 are
2078 3789 197 52 disposed,
2309 3788 37 40 if
2378 3795 70 33 not
2467 3789 248 52 collectively
2740 3795 41 34 at
2815 3791 91 41 least
2930 3795 35 37 ia-

1662 3841 233 44 dividually,
1929 3842 39 38 in
1987 3842 152 39 favour
2157 3842 50 37 of
2222 3841 177 39 Austria.
2469 3842 90 39 The
2589 3844 226 51 paragraph
2842 3844 50 39 of
2921 3846 71 41 the

1663 3894 129 46 letter,
1812 3886 129 47 which
1963 3893 151 40 alludes
2145 3899 44 34 to
2207 3894 90 39 that
2316 3899 89 46 part
2424 3893 50 41 of
2503 3894 69 39 the
2593 3896 185 38 Anstrian
2802 3896 165 41 Declara-

1661 3947 83 38 tion
1763 3946 50 38 of
1826 3948 98 37 War
1939 3946 106 47 (how
2070 3946 70 39 the
2161 3947 141 39 Editor
2321 3948 71 38 has
2411 3953 72 43 got
2503 3960 25 26 a
2546 3947 106 46 sight
2672 3948 48 37 of
2734 3947 80 39 this
2836 3950 132 39 intend-

1658 3999 48 39 ed
1726 3998 275 44 Declaration,
2031 3998 71 39 the
2122 3999 152 39 French
2298 4012 138 39 papers
2457 4000 104 39 have
2581 4005 71 33 not
2670 4002 170 48 deigned
2859 4007 40 33 to
2919 4016 47 26 ex-

1659 4050 146 53 plain),
1837 4051 129 38 which
1978 4050 217 41 'denounce
2220 4064 227 30 vengeance
2466 4052 156 46 against
2641 4051 65 40 the'
2727 4055 200 39 members
2947 4056 51 38 of

1656 4106 72 38 the
1748 4103 159 52 league,
1941 4103 74 39 and
2034 4115 253 35 encourages
2319 4104 66 38 the
2402 4106 172 47 subjects
2594 4110 43 33 to
2655 4104 126 39 shake
2802 4106 64 39 off
2885 4108 106 40 their

1659 4156 292 53 allegiance—
1965 4156 31 39 is
2014 4154 229 43 calculated
2271 4161 46 35 to
2348 4162 118 35 touse
2484 4156 70 43 the
2578 4156 172 53 sluggish
2770 4156 155 53 121'111y
2947 4162 52 40 of

3370 3733 30 20 •7

3436 159 11 32 :,

11 117 13 24 1.
233 115 254 52 MA.RCII
530 115 78 47 19.
1097 117 151 51 THE
1281 118 377 53 NATIONAL
1695 118 376 52 REGISTER.
2854 115 86 50 WI
3420 115 26 25 ~!.

50 155 5 8 ,

44 162 2 5 .

11 214 367 13 i
379 214 52 13 .

234 241 79 37 and
335 240 59 35 his
416 241 124 48 hopes
578 241 44 35 of
651 252 25 25 a
702 241 129 52 happy
856 244 263 38 termination
1141 246 50 37 of
1220 246 66 38 the
1307 252 254 45 unfortnnale
1586 260 6 13 '
1626 247 52 39 all
1697 248 67 39 the
1781 262 195 37 accuracy
2000 249 130 37 which
2147 250 67 34 the
2237 252 194 45 juneture
2452 248 200 48 required,
2681 246 50 38 of
2753 246 69 38 the
2841 257 107 26 see-

234 291 165 48 dispute

3372 294 2 4 .
3445 294 1 4 .

234 291 165 48 dispute
419 302 105 25 were
541 302 115 27 more
676 304 195 39 sanguine
888 294 77 38 and
986 296 167 38 certain.
1199 296 97 39 This
1315 298 33 37 is
1365 298 67 38 the
1452 299 111 38 inva-
1630 299 56 38 cal
1706 314 116 38 corps
1853 306 40 33 at
1915 301 87 37 that
2031 301 98 37 time
2150 301 37 35 in
2224 300 372 43 Gerneins.;—they
2619 298 235 44 amounted,
2883 309 69 22 ne-
3283 291 4 61 '
3302 291 2 61 !

239 343 132 39 riable
392 350 94 31 tone
506 343 46 38 of
570 350 281 32 consummate
868 343 184 54 villainy,
1071 347 151 38 certain
1239 348 47 38 of
1300 361 165 27 success.
1629 352 165 51 cording
1817 358 43 32 to
1881 352 58 38 his
1959 357 155 45 report,
2146 359 41 30 to
2207 357 188 38 210,000,
2430 351 162 38 Italians
2610 348 197 40 included.
2865 352 86 47 Aoy
3262 343 1 60 .
3393 343 1 60 •
3416 343 2 60 •

291 398 37 35 It
348 393 135 40 would
500 394 51 38 be
579 407 24 26 a
631 394 227 40 hazardous
886 399 249 50 speculation
1159 405 45 33 to
1231 400 123 39 found
1376 415 76 38 any
1474 415 94 26 con-
1632 415 106 28 man,
1770 404 90 38 who
1881 404 70 38 has
1971 403 194 38 gavelled
2189 404 176 47 through
2392 404 165 43 France,
2593 402 74 38 and
2694 403 38 37 in
2756 402 67 38 the
2841 399 113 39 habit

228 448 164 50 jecture
428 459 52 25 on
513 446 71 39 the
624 449 176 37 increase
821 450 47 37 of
894 451 59 37 his
990 452 253 38 moderation
1278 454 78 38 and
1389 467 109 25 sense
1525 454 51 39 of
1633 455 47 38 of
1711 456 164 50 making
1897 456 109 38 ohrei
2017 468 21 22 V
2047 455 146 44 ations,
2224 462 106 31 must
2344 454 102 39 have
2460 454 226 45 remarkaal,
2715 454 90 38 that
2824 465 133 25 scarce

228 498 154 52 justice
403 498 109 39 since
547 502 90 37 that
673 500 155 51 period.
883 501 185 39 Miracles
1100 515 90 39 may
1225 503 77 39 still
1330 510 184 45 operate.
1532 506 38 38 in
1636 520 22 25 a
1688 507 137 38 :oliler
1845 521 80 24 was
1946 514 39 31 to
2020 508 51 37 be
2101 519 87 26 seen
2228 508 34 35 in
2285 507 69 38 the
2374 506 180 39 interior.
2611 506 84 38 The
2712 517 157 30 enemy,
2908 511 44 31 at

237 565 107 37 ways
365 552 78 38 and
464 552 65 39 for
565 565 191 39 purposes
788 552 214 40 concealed
1032 553 106 40 from
1160 568 76 27 our
1264 555 151 39 limited
1435 557 105 51 sight
1559 573 11 27 ;
1638 559 67 38 the
1726 557 136 52 period
1885 572 58 25 we
1962 559 135 38 allude
2130 565 59 39 to,
2228 557 77 39 had
2326 562 73 34 not
2431 561 149 40 40,000
2615 557 37 37 in
2685 557 70 38 the
2774 556 181 40 interior,

3309 587 1 20 .
3410 587 37 20 n.,

237 605 77 38 but
328 604 33 37 if
377 604 70 38 the
467 604 116 39 heart
596 606 46 37 of
660 618 21 25 a
705 607 262 35 BONAPARTE
1000 605 46 40 ha
1046 605 24 40 s
1091 608 164 38 become
1276 609 236 48 susceptible
1531 609 50 37 of
1641 609 65 38 the
1752 617 162 45 greater
1951 617 87 45 part
2088 609 47 38 of
2187 609 129 39 which
2370 622 102 26 were
2518 609 220 50 encamped
2804 608 37 37 in
2888 609 70 37 the
3397 607 50 37 `?'Fl

239 664 202 43 generous
461 669 45 25 or
528 656 176 39 humane
724 656 182 52 feelings,
935 670 60 25 we
1017 657 96 40 loek
1144 672 111 38 upon
1276 660 28 37 it
1322 673 44 26 as
1384 660 67 38 the
1470 665 102 33 most
1596 643 6 85 1
1641 661 51 52 ne
1691 661 25 52 i
1716 661 26 52 g
1742 661 52 52 hb
1794 661 78 52 our
1872 661 26 52 h
1898 661 52 52 oo
1950 661 26 52 d
2013 661 25 39 o
2037 661 25 39 f
2094 661 21 46 P
2115 661 43 46 ar
2158 661 21 46 i
2179 661 21 46 s
2200 661 21 46 ,
2256 661 26 38 w
2282 661 26 38 h
2308 661 26 38 e
2334 661 52 38 re
2438 661 92 44 they
2570 673 100 26 were
2722 658 235 43 incessantly
3226 643 1 85 .
3228 643 1 85 .

242 710 309 50 extraordinary
591 707 298 39 manifestation
931 709 50 39 of
1010 711 143 39 Divine
1187 712 261 39 interference
1482 725 94 26 ever
1641 715 197 38 exercised
1889 715 123 38 under
2041 713 69 38 the
2141 728 92 38 eyes
2267 713 50 39 of
2347 715 265 38 BONAPARTE
2646 710 174 40 hilllSislf.
2874 712 87 35 The
3240 707 4 58 .

47 780 22 37 ~..
242 759 196 39 recorded
458 759 39 39 in
516 763 185 48 profane,
735 776 46 24 or
815 772 97 27 even
943 762 137 39 sacred
1119 763 168 52 history.
1343 765 74 37 We
1435 763 51 39 do
1505 770 73 32 not
1642 767 176 48 garrison
1840 767 97 51 duty
1957 771 40 32 at
2015 768 126 44 Brest,
2161 764 180 47 Touloe,
2361 767 35 37 in
2419 765 66 37 the
2498 764 203 39 fortresses
2717 769 43 32 at
2781 763 177 38 13rabizat
3228 755 8 51 i

241 813 194 39 recollect
457 826 22 25 a
500 811 86 39 well
609 813 300 39 authenticated
947 811 178 43 instance
1144 814 51 39 of
1222 827 119 40 grace
1367 817 213 51 operating
1642 819 73 38 &c.
1747 830 81 26 was
1847 817 229 52 performed
2098 819 52 52 by
2183 817 184 45 invalids,
2388 830 47 25 or
2466 816 67 38 the
2552 829 84 25 new
2656 815 208 52 organised
2884 819 77 33 Na-
3426 815 19 33 a'

240 878 53 26 oa
314 865 172 39 arutlian
510 865 47 38 of
574 865 59 39 his
652 866 202 44 cast,—he
876 865 28 39 is
920 865 276 53 incorrigible.
1252 869 53 38 As
1323 868 33 38 it
1372 868 129 38 would
1527 869 53 37 be
1644 868 123 40 tional
1786 874 154 46 troops.
1994 870 133 38 There
2150 883 78 24 was
2246 883 25 25 a
2303 868 113 39 small
2453 866 112 40 force
2583 867 48 39 of
2659 867 182 52 regulars
2859 866 103 52 kept

242 917 234 45 dangerous
496 922 43 33 to
556 917 112 39 calcu
680 922 78 33 tate
776 928 54 27 on
844 922 231 46 supernatin
1087 919 37 38 ai
1152 932 150 33 causes,
1331 922 40 34 in
1390 924 189 47 attempt-
1644 926 39 32 at
1704 921 223 52 Boulogne,
1948 921 319 52 not,exceeding
2293 925 141 43 10,000
2456 933 105 26 men.
2619 921 78 37 For
2717 921 69 35 the
2805 920 159 38 defense

3231 921 8 81 1

244 969 71 52 lug
326 976 54 32 'to
396 969 167 52 explain
583 969 69 39 the
672 976 175 32 motives
866 970 47 38 of
928 971 60 37 his
1004 971 151 51 acting,
1182 984 60 25 we
1259 978 105 32 must
1378 971 203 40 endeavor
1646 971 46 38 of
1708 972 102 51 Italy
1830 974 52 37 he
1902 973 71 38 has
2006 972 148 56 aliNys
2184 973 122 39 relied
2344 986 111 25 more
2489 984 52 27 on
2563 971 69 39 the
2666 977 133 33 terror
2831 972 47 38 of
2906 972 61 38 his

243 1028 44 31 to
314 1026 175 33 account
523 1019 65 40 for
615 1020 60 39 his
696 1026 162 46 present
875 1020 132 53 policy
1032 1023 216 52 according
1270 1029 43 33 to
1331 1023 116 39 those
1475 1024 106 51 prin-
1646 1036 131 35 name,
1815 1025 77 38 and
1922 1026 70 38 the
2024 1026 208 51 inactivity
2255 1025 50 39 of
2335 1038 77 25 our
2446 1023 193 45 councils,
2668 1023 98 38 than
2802 1036 51 25 on
2887 1036 80 30 any
3236 1019 4 58 ;
3274 1019 1 58 ,

243 1072 141 51 ciple;,
403 1070 131 41 which
552 1085 106 26 seem
681 1072 223 53 invariably
927 1078 46 33 to
994 1077 104 37 have
1116 1075 148 52 guided
1279 1077 70 38 the
1363 1075 221 40 ambitious
1646 1076 111 38 force
1778 1075 48 40 he
1856 1089 96 26 ever
1972 1076 243 40 maintained
2239 1078 126 38 there.
2422 1076 106 39 That
2565 1076 28 38 is
2616 1076 150 52 proved
2806 1080 40 33 to
2880 1077 86 35 evi-

246 1127 79 38 and
348 1124 295 53 unprincipled.
1643 1127 124 40 •dence
1778 1127 52 52 by
1848 1130 70 35 the
1939 1129 211 38 resistance
2167 1129 125 39 which
2316 1128 171 40 General
2509 1130 167 37 Stewart
2701 1127 119 39 made
2841 1127 116 39 there
3248 1139 28 32 ~;

580 1178 2734 37 na

296 1178 72 39 We
390 1179 106 38 have
514 1176 230 51 coiantly
767 1175 177 46 insisted,
974 1178 40 39 in
1046 1178 234 53 opposition
1312 1183 45 34 to
1394 1192 78 27 our
1489 1180 96 39 bro-
1651 1179 91 38 with
1766 1180 58 38 his
1843 1179 113 40 small
1974 1193 131 39 corps.
3247 1182 46 37 ,r.

244 1230 94 39 ther
364 1230 259 51 jou:lutists,
652 1230 78 38 and
751 1235 45 32 to
816 1243 22 25 a
865 1241 92 40 very
989 1230 89 52 silly
1098 1232 78 38 and
1198 1244 25 25 a
1241 1244 93 39 very
1358 1232 230 39 inaccurate
1698 1232 74 38 We
1788 1232 178 51 thought
1985 1233 27 35 it
2031 1232 46 38 of
2092 1245 270 39 consequence
2380 1237 44 34 to
2445 1231 122 40 make
2583 1231 76 39 this
2678 1235 231 40 statement,
2927 1230 44 39 in

3270 1270 19 9 ..

3248 1285 22 18 ~

244 1287 223 34 statement
490 1281 48 40 of
553 1281 462 46 LoadCASTLEREAGH,
1044 1283 90 39 that
1154 1284 67 38 the
1243 1284 145 39 French
1411 1283 174 53 military
1651 1283 117 39 order
1788 1289 43 33 to
1859 1284 224 38 contradict
2119 1284 69 38 the
2219 1290 266 44 extravagant
2516 1290 191 34 accounts
2741 1283 128 39 which
2898 1297 72 25 are
3287 1281 5 54 ,

246 1336 117 38 force
386 1338 28 35 is
431 1341 72 33 not
520 1346 96 26 near
635 1348 45 25 so
711 1346 217 26 numerous
948 1348 43 25 as
1015 1336 30 37 is
1072 1333 207 53 generally
1302 1335 176 39 believed
1509 1338 77 35 and
1652 1341 162 33 current
1833 1349 52 25 on
1905 1335 79 40 this
2001 1335 103 40 head
2120 1350 12 28 ;
2163 1336 76 38 and
2267 1349 59 26 we
2360 1336 76 39 still
2470 1336 170 44 believe,
2672 1336 78 38 and
2779 1335 92 52 defy
2891 1349 79 38 any
3247 1356 8 53 i

3288 1377 2 28 ..
3315 1377 2 28 i

244 1387 148 39 stated.
454 1390 13 35 l
509 1387 31 39 is
572 1387 339 52 unquestionably
933 1387 70 38 the
1023 1388 163 39 interest
1206 1388 48 38 of
1270 1390 260 35 BONAPARTE
1546 1393 43 34 to
1654 1398 73 26 one
1743 1393 44 33 to
1807 1388 227 39 contradict
2053 1400 53 26 on
2121 1390 86 48 just
2225 1387 177 52 grounds
2432 1402 74 24 our
2542 1404 17 21 F.
2565 1393 206 40 tatement,
2800 1388 85 38 that
2906 1389 69 37 the
3250 1387 1 52 ,

247 1439 171 52 impress
437 1452 25 26 a
480 1452 93 40 very
591 1439 246 39 formidable
852 1440 165 51 opinion
1033 1440 48 38 of
1093 1441 69 38 the
1176 1440 183 51 strength
1381 1440 76 39 and
1473 1453 116 26 num-
1656 1439 150 39 French
1828 1439 181 39 effective
2037 1440 223 51 disposable
2290 1440 123 45 force,
2452 1440 129 38 Dutch
2619 1441 74 38 and
2730 1439 162 40 Italians
2911 1441 61 37 in-

248 1492 74 38 her
341 1492 48 39 of
407 1492 63 38 his
506 1492 170 41 armies;
705 1491 74 39 but
809 1494 59 35 we
895 1498 151 33 cannot
1080 1491 175 53 possibly
1276 1494 189 37 conceive
1485 1493 106 38 what
1655 1491 155 46 eluded,
1830 1492 98 39 does
1946 1496 70 33 not
2035 1492 149 39 exceed
2205 1496 172 40 300,000
2407 1504 102 26 men.
2565 1494 32 35 A
2627 1496 122 46 great
2771 1492 200 39 accession

3262 1537 2 7 .
3291 1537 2 7 .

247 1543 182 40 motives
450 1543 120 39 could
593 1548 167 47 operate
781 1557 52 25 on
854 1543 69 40 the
943 1543 132 40 Noble
1104 1544 105 40 Lord
1243 1548 43 33 to
1305 1550 187 45 promote
1522 1545 70 38 the
1658 1543 47 38 of
1719 1544 198 51 strength,
1937 1544 30 38 it
1983 1557 91 39 may
2096 1545 51 37 be
2166 1543 200 51 objected,
2383 1543 71 39 has
2472 1544 98 38 been
2589 1545 120 37 added
2732 1545 51 51 by
2805 1545 67 37 the
2891 1544 83 39 late

11 1594 2 54 I
35 1622 15 8 -
250 1594 125 39 views
396 1596 51 38 of
474 1594 71 39 the
568 1600 139 46 tyrant
745 1598 39 35 in
822 1596 78 39 this
931 1602 169 45 respect.
1160 1597 72 38 ilk
1265 1598 330 39 mis-statements
1657 1596 267 52 conscription
1945 1613 9 27 ;
1985 1598 77 38 but
2081 1596 70 39 has
2169 1596 69 38 the
2259 1607 80 26 war
2365 1597 37 35 in
2422 1596 132 51 Spain,
2577 1596 65 38 the
2657 1596 207 53 mortality
2884 1598 50 35 of
2948 1611 27 24 a
3267 1594 12 31 ...

252 1654 111 32 must
383 1649 104 37 arise
509 1646 106 40 from
650 1646 125 41 wilful
809 1649 315 51 prevarication,
1154 1646 304 53 unpardonable
1479 1649 113 53 igno-
1658 1646 136 40 winter
1812 1648 230 54 campaign,
2063 1649 67 37 the
2150 1649 158 48 rigours
2326 1648 50 38 of
2391 1646 150 39 French
2562 1648 161 45 service,
2738 1651 236 37 occasioned
3274 1655 19 27 I,

254 1711 138 34 ranee,
423 1713 47 26 or
508 1701 48 38 he
592 1700 235 40 considered
865 1702 32 37 it
927 1713 43 27 as
1007 1714 24 26 a
1067 1701 314 53 parliamentary
1421 1714 92 27 ruse
1548 1706 47 35 de
1657 1711 51 25 no
1724 1698 73 40 loss
1814 1728 12 17 ,
1856 1701 135 51 equal,
2022 1706 43 33 at
2083 1698 115 46 least,
2231 1700 37 39 in
2291 1698 184 45 number,
2503 1698 74 38 but
2602 1704 180 47 superior
2799 1701 38 38 in
2854 1701 122 39 eflici-
3425 1709 21 17 .:

3424 1731 22 59 ..,

13 1752 2 56 .
244 1766 170 35 guerre,
446 1752 78 39 and
543 1752 209 41 therefore
778 1752 242 52 Justifiable.
1084 1754 220 39 Whatever
1336 1754 60 38 his
1426 1753 169 40 motives
1659 1765 113 39 ency,
1802 1757 46 33 to
1869 1753 109 39 what
1997 1753 31 38 it
2046 1754 115 50 gains
2177 1753 50 51 by
2248 1752 67 38 the
2333 1752 269 51 conscription
2621 1753 46 37 of
2685 1757 97 33 1809
2815 1754 73 37 and
2913 1757 61 34 Jr.
3257 1752 5 56 1

252 1818 92 39 may
367 1805 105 39 have
498 1807 118 44 been,
646 1806 31 37 it
698 1806 31 38 is
748 1806 50 38 of
811 1807 69 38 the
906 1805 163 46 highest
1098 1807 254 51 importance
1372 1811 43 34 to
1435 1812 159 33 correct
1659 1804 92 41 This
1780 1809 239 39 .statement,
2059 1818 58 25 we
2144 1811 120 45 hope,
2284 1802 79 40 will
2398 1804 161 52 explain
2589 1808 43 33 to
2665 1817 120 32 many
2817 1805 48 38 of
2893 1819 79 25 on:-

250 1856 63 39 his
332 1870 115 27 error
465 1856 50 40 of
523 1858 219 51 judgment
771 1871 47 26 or
839 1859 46 38 of
898 1856 167 50 design;
1095 1861 76 35 and
1192 1872 60 25 we
1281 1858 135 39 would
1436 1858 93 39 wish
1551 1863 44 34 to
1661 1857 176 41 Readers
1865 1857 70 39 the
1968 1853 227 43 relaxation
2229 1856 132 39 which
2394 1856 31 39 is
2457 1856 139 39 visible
2631 1856 35 39 in
2688 1856 70 39 the
2779 1856 126 53 policy
2930 1858 51 37 of
3257 1860 21 54 i:

59 1907 2 57 •
249 1907 126 40 know
415 1909 63 39 his
509 1910 211 52 authority
759 1909 66 40 for
869 1912 196 52 asserting
1100 1912 91 38 that
1221 1911 69 39 the
1326 1910 152 39 French
1517 1911 78 38 had
1662 1909 279 40 BONAPARTE.
1997 1909 87 39 The
2104 1913 117 47 great
2231 1907 107 52 body
2356 1907 48 39 of
2415 1907 60 38 his
2494 1920 113 38 army
2627 1907 30 39 is
2672 1907 38 39 in
2733 1907 115 52 Spain
2867 1925 11 27 ;
2895 1912 79 35 and

3415 1928 30 17 -...

3259 1946 19 33 ..,
3426 1946 19 11 ..,

43 1969 22 19 .r.
252 1967 178 39 400,000
451 1975 89 26 men
575 1967 43 34 at
647 1962 106 40 their
774 1962 193 53 disposal,
998 1963 119 52 ready
1141 1969 44 33 to
1214 1976 104 37 pour
1338 1965 87 38 into
1446 1964 116 50 Spain
1583 1980 12 30 ;
1617 1978 6 34 i
1659 1958 50 40 he
1726 1968 151 31 catthot
1898 1961 206 39 withdraw
2124 1972 25 26 a
2165 1959 278 39 considerable
2461 1965 92 45 part
2569 1959 50 38 of
2631 1959 31 39 it
2682 1959 175 39 without
2876 1962 100 38 risk-

250 2013 38 39 if
304 2014 69 39 the
393 2014 112 40 force
526 2013 94 53 they
643 2014 77 39 had
754 2015 163 53 already
943 2019 37 34 in
1002 2016 71 39 the
1102 2015 230 47 Peninsula,
1361 2028 83 26 was
1462 2015 135 40 Made-
1617 2009 5 59 I
1661 2011 67 39 the
1748 2011 76 40 loss
1845 2014 50 38 of
1909 2013 69 39 the
1998 2011 227 40 Peninsula.
2285 2014 133 38 Hence
2445 2017 110 33 these
2574 2009 128 54 sninpl
2712 2026 102 26 nous
2833 2011 144 41 details
3257 2015 34 53 n;
3398 2009 2 59 :
3428 2040 17 19 p

248 2070 126 46 quate
411 2070 44 34 to
493 2067 112 38 resist
637 2079 78 27 our
749 2080 129 39 army.
934 2070 76 37 We
1041 2068 123 39 know
1198 2070 46 43 it,
1274 2067 321 52 unfortunately,
1659 2063 48 38 of
1735 2066 208 51 projected
1963 2067 230 46 operations
2212 2066 157 51 against
2399 2063 197 51 Portugal
2627 2065 74 38 and
2722 2065 222 39 Andalusia.
2965 2057 51 61 :
3167 2057 50 61 ,
3267 2057 50 61 ,
3425 2057 21 41 'W,

58 2104 4 6 .

249 2120 93 37 that
361 2118 67 44 he,
459 2131 43 26 as
524 2118 86 39 (fell
631 2131 43 26 as
693 2118 60 40 his
776 2120 248 51 colleagues,
1056 2121 92 43 and,
1180 2121 40 38 in
1239 2120 99 43 fact,
1367 2133 119 38 every
1506 2133 90 38 pre-
1661 2117 74 39 hut
1752 2118 149 47 which,
1919 2117 65 39 for
1995 2122 87 33 two
2101 2117 178 43 months,
2297 2117 102 39 have
2415 2117 196 39 consisted
2631 2117 35 38 in
2686 2130 111 25 Mere
2809 2117 169 39 del11011.•
3261 2130 30 19 7,

246 2170 124 39 vious
389 2169 348 47 administration,
759 2180 103 31 were
882 2173 151 53 grossly
1059 2173 189 51 ignorant
1269 2186 52 25 on
1346 2186 22 25 a
1389 2173 157 50 subject
1566 2173 30 37 it
1659 2170 185 38 stration.
1904 2172 136 37 Hence
2075 2169 67 40 the
2171 2169 200 39 addresses
2392 2169 124 38 which
2541 2181 102 37 pour
2661 2170 35 37 in
2730 2169 107 38 from
2859 2181 119 32 every

249 2233 85 26 was
353 2236 46 24 so
422 2223 117 38 much
562 2224 106 38 their
686 2223 99 53 duty
816 2229 45 34 to
881 2225 138 47 know,
1049 2228 78 38 and
1156 2226 128 39 which
1311 2226 94 52 they
1427 2225 80 39 had
1528 2224 66 39 the
1661 2223 189 48 province
1866 2223 78 38 and
1963 2228 110 32 town
2095 2222 39 38 in
2154 2222 142 51 Spain;
2319 2219 221 40 calculated
2559 2225 43 34 to
2619 2233 184 26 overawe
2817 2224 161 37 Austria
3257 2219 5 59 .
3298 2238 6 15 ,
3369 2236 13 11 ,

35 2254 3228 15 •4
3286 2254 5 15 •
3367 2254 4 15 •

58 2272 4 54 •
250 2285 143 27 means
413 2275 48 38 of
472 2274 283 53 ascertaining.
1661 2280 84 32 into
1762 2275 265 38 concessions.
2086 2275 34 38 A
2145 2272 159 46 visible,
2331 2278 138 40 strong
2502 2274 177 51 anxiety,
2712 2285 99 26 even
2833 2288 46 24 an
2901 2288 76 25 un-
3402 2272 4 54 '

3286 2302 28 25 .;..,
3366 2302 5 27 .
3432 2323 6 6 ,

308 2327 87 38 The
416 2327 154 39 French
591 2340 130 39 army,
752 2329 220 52 according
1000 2334 44 34 to
1062 2329 69 38 the
1150 2329 168 52 opinion
1336 2329 52 39 of
1411 2329 72 40 the
1502 2329 92 39 best
1658 2327 210 51 certainty,
1902 2327 116 51 begin
2039 2331 45 33 to
2104 2339 150 39 appenr
2285 2326 40 38 in
2357 2323 69 40 the
2444 2324 177 39 councils
2648 2323 48 38 of
2722 2326 71 38 the
2828 2326 402 52 tyren
3230 2333 141 34 .t.
3372 2323 26 58 .
3399 2323 5 58 ,
3425 2326 21 24 ~;,

3287 2348 6 20 :
3415 2349 11 20 ,
3425 2349 21 20 s,

3420 2370 26 27 .....

252 2378 202 39 informed
480 2393 89 24 men
588 2393 53 25 on
673 2386 67 32 the
757 2383 224 40 contineiq,
1013 2381 122 39 never
1172 2382 235 45 amounted,
1436 2383 65 38 for
1525 2381 70 39 the
1659 2378 85 38 The
1775 2379 266 52 supposition,
2070 2379 244 47 accounting
2347 2378 63 38 for
2443 2378 58 38 his
2536 2376 224 52 inactivity,
2790 2391 44 25 as
2869 2378 34 39 if
2927 2380 51 37 he

3263 2412 14 31 .
3278 2412 14 31 1
3307 2412 2 31 '

252 2430 78 40 last
364 2431 118 52 eight
519 2444 130 40 years,
678 2438 44 33 to
759 2438 171 41 300,000
958 2433 187 39 effective
1182 2447 104 27 men.
1344 2435 96 38 This
1470 2439 122 34 state-
1659 2430 142 39 wished
1821 2431 164 38 Austria
2006 2435 44 34 to
2065 2443 148 39 appear
2233 2431 35 37 in
2290 2430 67 39 the
2380 2430 208 38 diameter
2603 2428 48 39 of
2665 2430 67 38 the
2750 2443 208 43 aggressor
2957 2443 24 43 s
3291 2440 26 30 .i.
3356 2428 2 61 •
3402 2448 45 41 ...4

252 2494 115 28 mem
404 2497 34 25 is
468 2486 293 37 corroborated
794 2486 53 52 by
883 2489 70 35 the
984 2486 211 53 authority
1220 2487 48 39 or
1294 2486 72 40 the
1387 2487 142 39 Prince
1546 2500 26 24 o
1658 2481 30 39 is
1719 2481 214 52 drivelling
1965 2483 37 38 in
2031 2481 72 39 the
2127 2487 198 38 extreme,
2354 2483 73 38 end
2460 2481 158 52 betrays
2641 2494 24 25 a
2683 2483 202 50 profound
2919 2481 61 50 ig-
3416 2490 6 52 .
3422 2490 6 52 :
3428 2490 6 52 1
3433 2490 13 52 ,,

253 2538 291 44 NORENLORE,
575 2537 74 38 and
685 2537 209 53 indirectly
917 2539 52 51 by
992 2541 89 35 that
1100 2539 51 38 of
1175 2541 105 37 Lord
1304 2541 286 38 HUTCHINSON.
1657 2546 171 27 norance
1857 2535 51 38 of
1937 2535 69 39 the
2047 2533 129 39 moral
2211 2533 149 48 feeling
2399 2533 76 39 and
2507 2546 150 39 energy
2691 2533 52 38 of
2773 2533 71 39 the
2877 2536 102 38 hail-
3263 2533 2 57 ,

3265 2559 26 5 ..

3392 2542 54 52 ..,1

252 2589 77 38 We
365 2601 73 26 are
477 2589 198 39 informed
711 2589 93 39 that.
840 2590 60 40 his
938 2591 193 52 Lordship
1150 2606 79 25 was
1261 2591 48 38 of
1339 2593 164 51 opinion
1522 2593 71 38 the
1656 2585 148 40 victual.
1861 2589 63 37 Ile
1961 2587 141 39 knows
2137 2593 71 33 too
2245 2585 87 39 well
2370 2585 85 39 that
2487 2588 52 38 he
2584 2585 93 40 does
2720 2591 76 33 not
2823 2598 157 40 govern

250 2652 150 41 enemy
436 2641 77 39 had
544 2646 73 35 not
656 2644 170 43 150,000
848 2644 35 37 in
908 2643 174 45 Poland,
1111 2644 148 50 during
1298 2644 69 38 the
1388 2644 74 38 last
1478 2657 111 25 cam-
1657 2639 158 52 Europe
1844 2639 111 39 from
1991 2642 157 46 opinion
2161 2639 129 40 :—his
2317 2639 206 39 dominion
2561 2639 32 38 is
2626 2639 91 39 that
2751 2639 51 37 of'
2831 2652 145 27 terror.
3257 2588 67 102 '';:"i•
3363 2626 15 30 ..

3404 2641 27 59 P
3432 2648 14 65 l

3418 2591 28 65 :4

3262 2663 27 30 '.

253 2693 126 52 paign
402 2693 41 38 in
472 2692 91 40 that
582 2699 196 48 country;
809 2696 77 38 and
925 2709 63 25 we
1020 2696 118 37 know
1161 2696 30 38 it
1221 2702 45 33 to
1286 2696 48 38 be
1354 2709 24 25 a.
1414 2696 175 52 positive
1658 2691 69 38 His
1744 2691 178 51 political
1941 2691 293 41 combinatons
2250 2704 69 26 are
2334 2695 69 33 not
2421 2691 158 38 formed
2595 2691 91 39 with
2704 2691 91 39 that
2811 2691 169 40 de:irate
3286 2701 25 20 ~.
3391 2691 54 35 ~,a,

3334 2733 1 27 .
3361 2733 66 25 ..-,

252 2745 103 47 fact,
385 2745 93 39 that
498 2747 105 37 their
631 2747 135 39 whole
797 2747 112 40 force
935 2748 182 38 between
1139 2748 69 39 the
1246 2748 151 40 Vistula
1419 2748 76 39 and
1525 2748 69 39 the
1654 2743 572 45 e:scrimination,---whether
2241 2745 92 50 they
2357 2741 74 40 will
2456 2744 152 38 receive
2622 2743 66 39 the
2706 2745 274 48 approbation

3267 2774 11 11 ..

3345 2767 21 33 -:1
3379 2745 67 59 ':',`t.,,

253 2798 138 39 Rhine
406 2797 66 41 did
487 2804 74 34 not
576 2803 170 34 amount
767 2805 43 34 to
829 2806 161 40 50,000.
1049 2803 158 50 During
1228 2802 87 38 that
1336 2803 132 38 entire
1483 2813 106 27 cam-
1656 2807 38 26 in
1731 2807 25 26 a
1783 2794 132 40 moral
1954 2796 112 52 point
2098 2796 51 38 of
2178 2796 115 45 view,
2323 2794 47 39 of
2386 2794 58 38 his
2479 2796 502 51 cotemporaries;---their

252 2851 125 52 paign
402 2851 94 51 they
521 2865 104 25 were
646 2851 146 41 unable
822 2858 43 33 to
899 2852 200 40 blockade
1137 2856 67 37 the
1235 2854 111 39 small
1371 2856 158 37 fortress
1550 2854 48 39 of
1656 2845 93 53 only
1783 2849 141 38 object
1950 2850 30 37 is
1997 2861 154 27 success
2167 2865 11 22 ;
2209 2849 70 37 the
2311 2859 133 26 means
2471 2846 48 38 of
2546 2852 240 33 a!lanoneut
2804 2861 67 25 are
2890 2862 87 39 per-
3265 2846 20 39 ..
3285 2846 11 39 ,
3295 2846 11 39 i
3328 2851 19 21 -1
3347 2851 9 21 .
3386 2848 8 14 '
3417 2845 1 58 •

3267 2874 24 34 Ai
3311 2874 1 39 •
3356 2880 31 33 it'•

252 2904 198 50 Colberg,
472 2903 66 39 the
557 2906 183 50 garrison
755 2906 50 38 of
816 2906 124 39 which
960 2919 99 26 were
1078 2906 35 39 in
1136 2907 57 38 tln
1226 2906 111 39 habit
1354 2906 50 39 of
1429 2907 162 38 extend-
1657 2898 118 53 fee.tly
1796 2887 224 53 iniliflerent
2036 2917 9 27 ;
2070 2900 76 39 and
2167 2898 34 40 if
2212 2901 50 38 he
2283 2900 177 44 succeed,
2481 2898 51 38 he
2554 2900 30 37 is
2602 2900 146 38 certain
2771 2898 50 39 of
2835 2913 144 39 appro..
3275 2891 129 57 il'-'::,,i;::

3346 2948 1 2 .

3274 2949 4 15 I

253 2956 70 51 ing
346 2956 107 39 their
465 2957 233 38 excursions
716 2957 66 39 for
802 2970 115 26 more
945 2959 98 38 than
1063 2963 51 33 50
1135 2959 113 38 miles
1269 2960 35 37 in
1326 2972 122 25 every
1467 2959 128 38 diree-
1659 2952 255 46 nation;—if
1929 2954 51 38 he
1996 2950 87 46 fall,
2112 2952 61 39 his
2193 2965 92 39 aplr
2306 2956 86 34 relit
2421 2952 253 39 moderation
2696 2950 79 40 will
2794 2959 72 32 not
2884 2967 77 37 guil
2961 2967 20 37 t
3296 2952 17 20 .1,
3328 2952 13 26 e
3341 2952 13 26 ,

252 3008 112 45 lion;
397 3009 39 37 in
475 3021 79 27 one
588 3009 51 39 of
669 3009 130 39 which
835 3011 94 51 they
959 3009 143 52 picked
1142 3025 52 37 up
1222 3012 170 38 General
1417 3004 65 52 i'i
1482 3004 44 52 cT
1526 3004 22 52 o
1548 3004 22 52 a
1571 3004 22 52 ,
1659 3004 83 39 him
1759 3018 24 26 a
1801 3004 130 53 single
1951 3006 196 52 partizan,
2179 3018 46 25 or
2236 3004 325 45 aeu
2561 3005 768 38 e
3328 3004 5 58 ,

2308 3017 40 26 se
2376 3017 22 26 a
2417 3004 124 48 single
2590 3018 56 25 rm
2665 3004 34 38 in
2718 3004 60 38 his
2796 3013 187 43 support,
3286 3013 13 18 ~
3326 3009 24 39 :=
3350 3009 24 39 4.
3373 3009 13 39 .

254 3060 93 39 who
364 3073 83 25 was
465 3061 237 40 afterwards
723 3063 233 52 exchanged
979 3064 66 38 fur
1065 3065 139 37 &yen
1215 3080 65 21 ea.
1324 3056 5 59 •
1659 3056 37 39 in
1734 3070 76 39 any
1850 3063 92 46 part
1972 3057 48 39 of
2043 3059 172 47 Europe.
2277 3058 61 37 He
2370 3057 28 37 is
2434 3061 76 32 not
2537 3056 185 52 ignorant
2748 3057 47 37 of
2810 3057 78 38 this
2907 3073 15 24 (
2922 3073 15 24 -
2937 3073 15 24 1
2953 3073 15 24 -
2968 3073 15 24 -
3262 3065 35 41 .t.
3337 3076 6 7 '
3356 3059 13 43 o
3369 3059 13 43 .
3381 3059 28 43 ''
3430 3086 9 7 -

307 3115 53 38 As
381 3110 100 56 long
503 3128 41 26 as
578 3115 71 39 the
685 3116 115 51 Siege
830 3115 47 39 of
895 3118 169 35 Dantzic
1095 3116 141 44 !,sled,
1264 3115 105 41 their
1403 3115 193 39 offensive
1657 3115 253 39 cumstance;
1941 3110 73 38 and
2031 3107 183 64 titfeealls
2233 3110 48 37 of
2300 3109 170 44 honour,
2493 3110 148 48 justice
2660 3109 76 38 and
2753 3109 231 47 hunian;'r,

252 3167 237 51 operations
508 3180 52 26 on
586 3167 67 39 the
687 3168 151 39 Vistula
856 3168 275 39 discontinued
1165 3169 65 38 for
1248 3172 106 38 want
1372 3170 50 37 of
1436 3182 47 25 an
1509 3169 85 38 efli-
1659 3162 67 38 the
1747 3162 115 39 voice
1879 3161 51 39 of
1959 3161 58 39 his
2053 3159 334 52 eotemporaries,
2417 3172 47 26 or
2483 3163 70 35 the
2580 3162 219 50 judgment
2833 3164 48 37 Of
2897 3177 87 38 pet.
3301 3159 4 69 I

3367 3208 37 25 ''.."

252 3231 21 25 c
291 3223 70 34 eat
379 3219 135 46 force;
536 3220 130 38 active
685 3221 170 39 warfare
874 3223 43 35 in
930 3221 89 38 that
1035 3226 167 46 quarter
1221 3234 80 26 was
1320 3227 72 33 not
1411 3222 182 39 resumed
1659 3214 137 52 terity,
1826 3213 130 41 afford
1977 3227 22 25 a
2030 3213 113 40 weak
2165 3213 157 39 barrier
2355 3219 43 33 to
2417 3213 69 39 the
2512 3216 214 35 execution
2746 3213 52 39 of
2822 3227 72 39 an,-
2916 3219 71 34 de-
3287 3213 1 59 ,
3300 3213 4 59 ,

252 3270 60 38 till
337 3270 71 39 the
439 3270 208 54 besieging
679 3286 113 31 army
819 3275 73 37 had
924 3274 181 48 reioined
1136 3274 69 39 the
1243 3274 105 38 main
1371 3274 118 48 body.
1550 3276 44 35 In
1659 3267 105 51 signs
1780 3267 50 39 he
1850 3279 93 39 may
1970 3266 104 39 have
2108 3265 155 39 formed
2293 3266 155 51 against
2480 3266 175 38 Austria.
2717 3267 72 37 His
2807 3268 180 39 imidera-
3283 3259 5 66 I
3299 3259 5 66 i
3338 3270 11 48 .
3348 3270 54 48 .i*:.

80 3317 2 63 •
250 3320 85 41 like
357 3335 169 26 manner
547 3325 92 40 they
660 3338 106 25 were
787 3326 148 39 unable
956 3332 41 32 to
1017 3339 151 39 oppose
1202 3338 77 40 any
1298 3327 113 52 thing
1433 3326 81 39 like
1534 3339 59 26 re-
1659 3319 83 39 tion
1773 3319 31 39 is
1821 3319 70 39 the
1907 3318 118 40 effect
2050 3317 50 39 of
2130 3319 228 43 weakneis;
2388 3317 58 39 his
2467 3317 164 50 justice,
2670 3318 50 38 of
2737 3320 246 51 incapacity.
3299 3318 11 25 !.

249 3376 172 39 sistance
443 3381 43 33 to
502 3376 69 40 the
591 3377 171 39 Swedish
784 3392 112 39 army
915 3378 48 38 of
981 3381 142 43 15,000
1144 3392 107 28 men,
1281 3392 96 26 near
1391 3379 203 39 Stralsund
1711 3374 77 37 But
1808 3370 171 40 another
2014 3369 118 40 letter
2150 3370 71 38 has
2241 3370 100 38 been
2366 3369 143 39 foisted
2532 3383 51 25 on
2620 3372 175 51 Europe,
2818 3374 171 40 another
3282 3311 45 79 1
3327 3311 45 79 ,
3372 3311 45 79 ,

3293 3356 8 46 1
3301 3356 8 46 1
3345 3348 31 50 l'.
3376 3348 11 50 ,

248 3428 80 38 and
350 3430 211 37 Motermt
580 3442 79 25 was
678 3431 165 52 obliged
866 3437 40 33 to
928 3428 19 43 c
947 3428 19 43 o
966 3428 115 43 llect'
1103 3431 50 38 all
1191 3431 70 39 the
1281 3432 133 38 Dut.ch
1439 3438 155 45 troops,
1658 3429 125 34 secret
1817 3422 340 52 correspondence
2189 3422 178 39 between
2388 3420 67 39 the
2477 3422 158 39 Editors
2655 3422 47 39 of
2731 3424 71 38 the
2837 3428 96 37 Vireo
2933 3428 20 37 .
2965 3442 26 24 a

250 3480 92 39 who
380 3482 197 51 occupied
608 3483 71 38 the
709 3484 131 39 banks
870 3482 48 40 of
950 3484 71 38 the
1051 3483 111 46 Ellie,
1193 3483 69 39 the
1283 3484 136 39 Weser
1435 3485 74 38 and
1527 3485 69 38 the
1661 3477 168 38 Gazette
1858 3476 78 38 and
1972 3475 67 39 the
2079 3475 240 52 Hamburgh
2355 3475 370 48 Correspandenten.
2804 3478 37 37 It
2872 3480 27 38 ss
2921 3494 70 27 lc-

3412 3520 6 12 ,
3431 3520 2 13 .

76 3526 5 60 -
252 3533 110 45 Ems,
394 3534 72 39 time
501 3535 202 48 garrisons
742 3537 51 38 of
826 3536 259 50 Ilainhurgh,
1116 3535 182 44 Lubeck,
1328 3540 169 35 Bremen
1518 3537 76 38 and
1659 3528 197 45 nounced,
1893 3528 200 45 however,
2130 3527 35 38 in
2185 3527 69 39 the
2280 3527 107 39 Paris
2408 3526 203 46 Journals,
2634 3530 92 34 with
2748 3534 74 32 too
2843 3540 41 32 sa
2884 3540 20 32 .
2904 3540 85 32 cien

3263 3493 46 138 41'
3390 3530 57 40 ',•'Y

250 3586 214 47 lianovei,
514 3589 136 37 before
689 3589 48 38 he
774 3604 81 25 Ives
883 3588 89 40 able
1007 3595 39 32 to
1083 3591 110 37 resist
1227 3588 78 39 this
1333 3589 112 38 small
1468 3589 126 39 force.
1659 3581 265 38 aa'aervations
1942 3580 50 39 of
2015 3580 51 38 its
2091 3579 281 52 authenticity.
2446 3580 98 38 This
2564 3578 132 50 letter,
2730 3591 163 43 ungtie.!
2917 3598 12 26 0
2929 3598 60 26 ::...
3267 3582 14 103 i
3281 3582 15 103 t
3305 3578 5 107 i

3365 3612 11 7 ~

3402 3591 40 28 ..,..

248 3638 76 39 We
346 3639 54 38 do
432 3644 77 34 not
530 3640 158 39 include
707 3643 39 38 in
769 3644 78 38 this
867 3646 216 35 slatament
1098 3641 69 39 the
1186 3641 259 52 contingents
1462 3643 24 38 o
1486 3643 25 38 f
1522 3644 24 38 B
1546 3644 24 38 a
1570 3644 24 38 .
1661 3633 91 51 ably
1773 3632 142 54 forged
1941 3633 48 48 by
2010 3632 71 38 the
2100 3632 151 39 French
2270 3633 292 43 Government,
2583 3633 146 38 throws
2748 3647 53 25 an
2817 3634 43 38 of
2877 3650 113 26 segue
3406 3661 12 20 ~

248 3691 133 45 varia,
412 3692 306 54 Wurtemberg,
749 3694 77 39 and
857 3694 150 43 Baden,
1035 3694 126 38 which
1196 3706 103 26 were
1323 3694 211 52 employed
1556 3694 39 37 in
1662 3684 99 51 light
1779 3698 53 26 on
1861 3686 71 38 the
1957 3683 235 54 vacillating
2211 3685 234 38 sentiments
2477 3684 48 38 of
2552 3683 71 40 the
2642 3687 198 39 members
2859 3689 46 39 of
2922 3690 67 38 the
3273 3691 37 94 i'
3371 3683 4 103 s
3374 3683 4 103 .

3402 3681 45 52 ~:4'•

81 3732 3294 18 ...
3417 3732 4 18 .
3439 3732 4 18 -

249 3743 156 46 Silesia,
436 3745 79 39 and
533 3746 129 39 which
699 3759 92 40 may
829 3746 104 40 have
966 3746 222 39 amounted
1225 3751 44 34 to
1302 3746 125 39 about
1449 3737 146 56 40,000
1665 3739 171 38 Rhenish
1861 3737 291 52 Confederacy.
2207 3739 39 37 It
2272 3737 32 39 is
2323 3742 209 48 apparent.
2554 3737 201 45 however,
2790 3738 86 41 that
2894 3742 96 38 they
3292 3752 9 13 ~
3384 3756 11 7 ..
3437 3759 7 5 ..

3291 3764 6 53 1
3296 3764 6 53 1
3369 3780 24 20 ffr
3399 3789 21 11 ..
3442 3764 4 53 ,

252 3806 107 28 men.
1661 3791 246 50 apprehend,
1928 3802 47 26 or
1990 3802 67 26 are
2078 3789 197 52 disposed,
2309 3788 37 40 if
2378 3795 70 33 not
2467 3789 248 52 collectively
2740 3795 41 34 at
2815 3791 91 41 leas;
2930 3795 53 37 ie.
3281 3791 7 58 1
3356 3798 79 40 ;).;!'.'"3
3435 3798 8 40 ,

304 3849 122 39 From
444 3849 67 41 the
530 3850 150 40 above
680 3856 215 38 statement
914 3852 28 39 it
963 3852 32 39 is
1015 3852 104 39 clear
1135 3852 90 39 that
1245 3850 70 40 the
1336 3850 130 40 whole
1485 3850 113 40 force
1662 3841 233 44 dividuallv,
1929 3842 39 38 in
1987 3842 152 39 favour
2157 3842 50 37 of
2222 3841 177 39 Austria.
2469 3842 90 39 The
2589 3844 226 51 paragraph
2842 3844 50 39 of
2921 3846 71 41 the
3282 3837 20 63 1.
3302 3837 11 63 :
3313 3837 43 63 .;.;
3383 3855 63 32 -.',:.

248 3899 51 39 of
322 3902 71 38 the
428 3915 159 40 enemy,
618 3904 206 48 including
856 3905 151 45 Dutch,
1043 3905 177 45 Italians,
1270 3904 77 39 and
1385 3905 209 45 Germans,
1663 3894 129 46 letter,
1812 3886 129 47 which
1963 3893 151 40 alludes
2145 3899 44 34 to
2207 3894 90 39 that
2316 3899 89 46 part
2424 3893 50 41 of
2503 3894 69 39 the
2593 3896 185 38 Austrian
2802 3896 188 41 Declara-
3299 3886 2 70 •
3302 3895 45 14 -••,
3348 3904 12 22 A
3360 3904 13 22 .
3374 3906 65 24 i,,.:,.

3281 3905 21 57 li

247 3952 71 40 dal
334 3959 72 33 not
425 3956 148 39 exceed
591 3961 176 40 250,000
785 3971 105 26 men.
945 3958 125 38 What
1090 3958 157 38 renders
1266 3969 45 27 us
1344 3969 113 27 mace
1491 3956 104 53 posi-
1661 3947 83 38 lion
1763 3946 50 38 of
1826 3948 98 37 War
1939 3946 106 47 (how
2070 3946 70 39 the
2161 3947 141 39 Editor
2321 3948 71 38 has
2411 3953 72 43 got
2503 3960 25 26 a
2546 3947 106 46 sight
2672 3948 48 37 of
2734 3947 80 39 this
2836 3950 154 39 intend-
3282 3943 4 66 .
3318 3943 102 41 ~.Fr,i,,

247 4005 89 39 tine
373 4006 38 39 in
451 4009 79 38 this
548 4009 184 51 opinion,
763 4012 38 38 is.
831 4012 46 37 its
908 4010 255 39 coincidence
1199 4009 83 38 with
1281 4009 21 38 .
1328 4022 25 26 a
1380 4013 215 34 statement
1658 4013 22 25 e
1684 3999 22 39 d
1726 3998 275 44 Declaration,
2031 3998 71 39 the
2122 3999 152 39 French
2298 4012 138 39 papers
2457 4000 104 39 have
2581 4005 71 33 nut
2670 4002 170 48 deigned
2859 4007 40 33 to
2919 4016 71 26 ex-
3281 3998 5 61 ,
3305 3998 5 61 :
3322 4015 18 26 -,
3340 4015 8 26 ,
3348 4015 27 26 ,i.
3387 4007 15 37 'i
3403 4007 7 37 ,

76 4054 3234 9 ...,
3361 4044 18 19 ..,

69 4088 17 27 a
247 4058 120 40 made
386 4059 54 52 by
459 4061 71 38 the
553 4063 142 38 Prince
713 4062 48 40 of
777 4065 235 38 IIonENIAM
1023 4072 35 35 IP:,
1080 4062 39 38 in
1139 4062 71 39 the
1228 4067 170 34 autumn
1420 4062 47 39 of
1480 4067 112 33 1806.
1659 4050 146 53 plain),
1837 4051 129 38 which
1978 4050 217 41 'denounce
2220 4064 227 38 vengeance
2466 4052 156 52 against
2641 4051 65 40 the
2727 4055 200 39 meinhera
2947 4056 51 38 of
3322 4080 92 41 's;i,,

249 4110 132 40 When
398 4126 85 26 war
508 4114 181 40 between
710 4116 158 41 Prussia
893 4115 77 39 and
989 4119 151 37 France
1155 4127 80 26 was
1253 4114 177 51 thouelit
1448 4115 143 50 proha-
1615 4120 6 18 1
1656 4106 72 38 the
1748 4103 159 52 league,
1941 4103 74 39 and
2034 4115 253 40 encourages
2319 4104 66 38 the
2402 4106 172 47 subjects
2594 4110 43 33 to
2655 4104 126 39 shake
2802 4106 64 39 off
2885 4108 106 40 their
3281 4103 5 61 I
3359 4103 2 61 .

102 4168 4 4 .

59 4173 48 46 *:.
249 4160 83 52 ble,
361 4165 53 40 he
433 4170 85 35 sent
539 4178 26 27 a
582 4165 65 43 list
673 4173 41 35 to
739 4169 70 39 the
840 4169 168 40 Cabinet
1028 4167 48 41 of
1098 4166 148 48 Berlin,
1276 4166 195 41 collected
1499 4166 91 40 with
1609 4149 12 58 1
1659 4156 292 53 allegiance--
1965 4156 31 39 is
2014 4154 229 43 calculated
2271 4161 46 35 to
2348 4162 118 35 touse
2484 4156 70 43 the
2578 4156 172 53 sluggish
2770 4156 155 56 layalty
2947 4162 53 40 t,f
3296 4137 6 26 ;

3273 4149 30 45 0
3321 4157 54 35 ',..

58 4222 6 46 i
1772 4232 8 7 .
3282 4196 99 48 1'•,,.'.

524 4243 4 40 .
3280 4243 52 40 ii...

89 4304 6 5 .
769 4313 7 5 .

233 115 254 52 M,A.TICTI
530 115 77 47 19.
