3449 4417
1157 116 143 53 THE
1335 102 371 61 NATIONAL
1741 89 374 80 REGISTER.i

785 265 81 41 .red
887 280 11 30 ;
928 262 66 38 the
1028 253 221 44 calamities
1266 248 125 41 which
1411 246 100 39 have
1528 242 45 37 be-

763 332 94 32 ,wn,
889 327 69 28 are
977 325 22 25 a
1016 307 214 52 terrifying
1247 299 184 54 example
1462 302 43 33 to
1530 294 67 39 the

758 370 131 43 which
919 369 69 38 has
1007 366 98 37 been
1128 356 174 45 restored
1320 356 39 38 in
1390 356 211 44 Saragossa

725 426 63 40 ole
815 422 48 40 of
892 423 182 46 Arragon
1090 431 12 26 ;
1131 412 77 40 and
1234 409 67 39 the
1331 411 80 33 two
1447 400 155 41 armies,

725 481 70 38 the
814 481 124 38 town,
958 472 102 38 have
1080 468 98 39 been
1198 468 58 34 set
1269 467 39 32 at
1329 458 155 47 liberty.
1539 454 44 33 Sa-

673 539 129 35 ...entre
821 527 48 40 of
885 526 65 39 the
969 519 262 44 insurrection
1248 514 46 38 of
1310 511 141 51 Stolle;
1480 507 30 37 it
1527 515 79 25 was

656 592 41 35 at
715 585 70 39 the
803 585 113 51 party
940 591 77 24 was
1045 569 171 46 former;,
1248 565 124 39 which
1406 555 137 41 wished
1565 560 43 32 to

661 640 46 38 of

726 637 20 61 .
746 637 61 61 the
823 635 141 59 youse
985 628 46 38 et
1061 622 157 43 Austria
1248 625 40 33 to
1317 617 112 50 reign
1461 622 50 25 on
1544 606 67 39 the

615 690 236 44 indtvvinats
872 684 47 40 of
933 681 76 39 this
1041 683 115 48 parly
1178 671 77 41 had
1274 667 124 54 partly
1419 656 194 48 inherited

628 744 126 41 which
780 752 104 27 were
904 729 248 51 irrevocably
1185 720 159 45 derived
1374 720 107 38 from
1512 711 103 41 their

557 813 112 39 _!ring
692 798 66 38 the
776 806 79 26 war
876 790 46 39 of
932 788 65 39 the
1018 780 239 44 Succession.

542 854 99 40 attic
658 852 45 37 of
718 844 154 43 Tudela
891 854 77 26 was
981 850 86 26 won
1085 848 50 26 on
1147 834 69 37 the
1227 828 71 40 :23ti
1313 826 46 39 of
1376 819 241 45 November,

534 909 70 38 the
624 909 43 34 2i
681 902 38 39 th
754 900 69 37 the
862 891 150 45 French
1033 900 111 37 army
1173 895 100 26 were
1292 873 215 53 encamped
1535 876 41 32 at
1597 881 24 24 a

496 969 133 33 staoce
667 958 106 35 from
796 954 226 43 Saragossa.
1080 940 85 39 The
1183 932 141 57 people
1349 930 48 39 of
1421 925 76 41 this
1517 928 104 32 town

467 1016 122 39 fred.
646 1009 85 38 The
764 1005 182 52 peasants
964 1012 46 24 of
1041 997 182 39 Arragon
1252 984 76 40 had
1346 976 181 57 repaired
1548 973 56 40 thi-

467 1068 76 40 and
565 1069 215 39 Saragossa
811 1048 209 46 contained
1057 1048 145 41 50,000
1222 1051 103 27 men,
1362 1029 155 43 formed
1541 1028 84 35 into

424 1127 112 37 eehts
556 1117 46 40 of
626 1117 96 35 1000
756 1120 105 32 men,
892 1103 73 40 and
986 1095 229 54 companies
1233 1089 45 41 of
1302 1091 85 35 100.
1444 1082 84 38 The
1550 1080 50 37 Ge-

398 1178 34 39 al
455 1174 168 39 Officers
641 1165 73 40 anti
737 1160 227 44 Subalterns
981 1147 195 46 consisted
1196 1144 46 39 of
1257 1139 158 43 Monks.
1470 1136 33 37 A
1522 1130 105 50 body

390 1232 144 44 10,0:'W
556 1234 105 30 men,
681 1217 89 38 who
793 1211 77 41 had
888 1207 162 50 escaped
1072 1201 104 40 from
1198 1193 165 43 Tudela,
1380 1188 78 39 had
1476 1187 155 37 thrown

348 1280 215 66 .iemselves
581 1278 87 35 into
689 1269 65 39 the
774 1272 123 35 town,
919 1258 124 40 which
1067 1267 77 24 was
1169 1243 200 46 furnished
1389 1240 91 39 with
1502 1233 107 63 provi-

330 1350 119 30 moils,
471 1328 155 53 heaped
648 1336 50 38 up
717 1333 37 26 in
777 1310 276 47 innumerable
1074 1302 244 53 magazines,
1345 1294 77 39 and
1443 1284 190 47 defended

328 1393 53 50 by
399 1391 77 35 200
497 1385 129 50 pieces
639 1377 48 38 of
700 1382 170 30 cannon.
930 1364 83 39 The
1028 1363 131 45 image
1179 1354 45 39 of
1248 1364 72 26 our
1343 1345 106 53 Lady
1469 1341 47 40 of
1532 1337 106 41 Pilar

371 1439 151 41 rotilil
540 1429 180 43 miracles
736 1431 41 32 at
794 1424 65 38 the
879 1416 79 40 will
993 1414 47 38 of
1067 1411 65 38 the
1153 1404 164 43 Monks,
1343 1398 90 39 who
1469 1396 51 48 by
1543 1389 93 40 such

335 1505 138 30 means
494 1481 201 45 animated
715 1478 70 39 the
823 1470 100 46 zeal,
943 1468 76 39 and
1041 1457 208 59 preserved
1270 1457 65 37 the
1351 1448 230 43 confidence
1599 1440 47 39 of

335 1548 72 38 the
429 1537 231 45 multitude,
717 1534 43 34 In
776 1530 67 38 the
865 1522 105 44 field,
991 1519 109 37 these
1128 1514 144 41 50,000
1306 1517 89 28 men
1414 1496 130 43 would
1572 1498 73 34 not

337 1602 106 38 have
464 1586 216 47 withstood
702 1584 110 38 three
831 1576 236 52 regiments;
1098 1569 72 37 but
1188 1564 90 38 shut.
1290 1572 52 38 up
1362 1557 39 37 in
1422 1551 102 41 their
1539 1556 105 32 town

340 1651 80 39 and
439 1644 187 53 wrought
660 1648 106 41 upon
797 1633 47 50 by
870 1631 65 35 the
971 1622 151 41 leaders
1154 1616 48 39 of
1234 1612 158 54 parties,
1428 1606 87 38 how
1531 1597 116 41 could

341 1706 97 50 they
462 1710 142 39 escape
643 1691 66 38 the
746 1683 176 43 miseries
941 1676 123 39 which
1098 1672 213 50 iguorauce
1332 1659 76 39 and
1428 1654 220 41 fanaticism

344 1759 104 47 heap
485 1762 105 41 upon
630 1744 69 39 the
717 1739 122 39 heads
862 1733 47 39 of
933 1744 41 24 so
1007 1737 118 38 many
1143 1717 188 41 wretches
1345 1719 12 33 ?
1391 1713 126 38 Every
1539 1706 112 46 thing

344 1805 175 57 possible
540 1813 78 27 was
652 1796 102 38 done
791 1795 40 32 to
867 1782 203 52 enlighten
1100 1775 109 38 them
1235 1768 76 39 and
1338 1765 116 48 bring
1482 1760 110 37 them
1613 1760 41 32 to

348 1871 156 31 reason.
563 1843 274 48 Immediately
854 1838 106 38 after
976 1833 67 38 the
1064 1825 126 41 battle
1201 1822 47 39 of
1263 1817 170 44 Tudela,
1453 1812 65 38 the
1538 1804 124 43 belief

348 1905 248 48 entertained
622 1907 40 32 at
683 1902 210 43 Saragossa
913 1887 116 39 tha
1029 1877 159 44 Madrid
1225 1872 86 40 held
1350 1872 74 35 out
1460 1863 87 39 that
1566 1859 90 48 they

352 1964 26 51 m
378 1964 26 51 i
404 1964 26 51 g
430 1964 54 51 ht
506 1962 47 37 be
582 1951 169 44 reheved
772 1964 9 27 ;
830 1941 77 40 and
943 1939 85 37 that
1046 1935 71 38 the
1135 1928 143 39 armies
1296 1928 43 32 at
1371 1924 120 34 SOITIO
1515 1913 146 41 Sierra,

353 2015 276 41 Guadarama,
656 1996 293 47 Estremadura,
966 1993 122 37 Leon,
1106 1981 76 40 and
1196 1972 223 45 Cataltmia,
1436 1965 129 52 might
1586 1963 60 37 fur-

353 2070 90 39 nish
477 2079 24 24 a
531 2063 161 51 pretext
720 2054 65 37 for
813 2049 70 38 the
902 2040 130 43 Chiefs
1065 2036 46 39 of
1143 2034 67 37 the
1234 2026 226 50 Insurgents
1492 2023 46 32 to
1569 2015 102 50 keep

358 2121 109 39 alive
488 2117 66 38 the
591 2105 228 45 fauaticism
852 2096 48 39 of
932 2094 65 39 the
1028 2085 267 44 inhabitants;
1325 2079 31 37 it
1391 2085 77 26 was
1495 2065 177 44 resolved

360 2177 74 37 not
469 2176 43 31 to
544 2159 209 43 .zarrender
785 2153 70 38 the
886 2154 123 33 town,
1039 2143 73 37 but
1144 2143 43 33 to
1213 2128 191 45 maintain
1439 2137 25 25 a
1496 2130 148 30 commu-

363 2222 181 44 ncatioa
581 2215 94 39 with
713 2207 51 39 all
810 2202 132 52 Spain,
980 2197 38 37 in
1050 2192 118 40 order
1208 2186 87 38 that
1329 2180 94 48 they
1460 2172 130 52 might
1625 2169 53 38 be

366 2270 201 47 informed
604 2267 48 39 of
677 2263 67 38 the
774 2248 267 47 annihilation
1062 2246 46 38 of
1139 2241 69 39 the
1227 2232 161 54 Spanish
1419 2225 157 45 arMies,
1605 2220 73 39 and

367 2331 48 38 of
451 2329 67 35 the
567 2319 306 41 circumstances
917 2301 126 39 whieh
1088 2289 184 44 attended
1306 2285 69 40 the
1410 2285 185 33 entrance
1641 2271 50 39 of

366 2383 71 38 the
475 2374 152 43 French
661 2378 110 39 army
806 2362 85 37 into
928 2349 157 44 Madrid
1106 2352 8 32 !
1146 2347 72 37 but
1256 2339 47 39 all
1333 2335 77 39 this
1439 2328 247 50 intelligence

369 2445 117 28 came
506 2435 44 33 to
568 2427 67 37 the
654 2432 85 30 efirs
752 2415 46 39 of
813 2417 71 35 the
904 2401 240 54 ringleaders
1160 2395 129 40 alone,
1302 2387 78 39 and
1396 2381 289 41 wasunkuown

374 2489 50 50 by
452 2489 66 34 the
541 2477 105 51 body
670 2472 45 39 of
746 2471 66 35 the
834 2460 155 56 peaplc.
1045 2453 86 38 The
1169 2446 106 40 truth
1298 2453 77 26 was
1393 2441 72 34 not
1482 2432 93 51 only
1597 2441 70 26 rou-

376 2552 48 27 te
441 2536 77 40 tied
536 2533 105 39 from
664 2526 123 39 them,
811 2520 71 34 hut
901 2512 100 40 their
1038 2513 177 38 courage
1233 2509 76 25 was
1333 2492 99 48 kept
1452 2500 52 38 up
1524 2486 52 50 by
1598 2481 67 39 lies
1682 2496 8 21 :

381 2598 43 32 at
445 2601 77 26 one
542 2585 116 40 time,
689 2580 65 37 the
783 2567 151 43 French
956 2559 74 40 had
1063 2559 77 35 lost
1169 2552 141 40 40,000
1331 2555 87 27 men
1448 2537 141 41 before
1609 2536 58 35 Ma-

381 2644 89 39 drid
488 2657 11 27 ;
530 2643 44 33 at
591 2631 165 41 another
771 2623 97 39 time
886 2621 187 37 Romana
1091 2607 73 38 had
1180 2598 158 44 entered
1355 2597 158 83 Francee

1509 2619 73 60 terr,
1584 2585 37 41 anti

1625 2635 77 40 ible

1633 2584 66 38 the

394 2696 25 39 F
419 2696 74 39 ren
494 2696 51 39 ch
585 2686 136 48 eagles
745 2688 104 28 were
880 2661 217 57 compelled
1137 2665 40 31 to
1209 2655 52 48 11y
1281 2648 138 41 before
1444 2643 257 43 th

392 2743 181 57 leopard.
631 2735 94 40 This
746 2725 154 58 period,
917 2712 202 47 sacrificed
1136 2715 41 33 to
1195 2700 175 61 political
1393 2699 169 47 objects,
1581 2692 39 38 in
1639 2700 40 26 or-

392 2804 72 38 der
484 2805 43 32 to
547 2793 118 40 allow
687 2802 20 24 a
725 2776 24 47 m
749 2776 193 47 ultitude
956 2778 43 33 to
1019 2777 116 30 come
1154 2769 41 32 to
1217 2767 137 30 reason
1369 2754 89 34 who
1476 2757 99 26 were
1604 2740 80 41 infa-

393 2850 145 44 tuated,
554 2849 48 50 by
624 2837 242 45 fanaticism,
889 2825 72 41 and
978 2837 24 24 a
1013 2828 133 32 terror
1168 2806 165 56 inspired
1350 2806 52 47 by
1417 2799 100 40 their
1534 2790 171 53 enraged

396 2906 172 40 leaders,
592 2908 80 27 was
685 2895 70 37 not
775 2888 76 38 lost
870 2888 43 32 to
926 2880 67 37 the
1015 2867 150 45 French
1183 2867 135 48 Army,
1376 2854 86 39 The
1479 2837 168 53 General
1668 2842 50 39 of

402 2957 237 52 thiginu.rs,
661 2946 178 39 Lacoste,
857 2928 302 47 Aide-de-camp
1181 2922 43 33 to
1244 2914 65 38 the
1332 2911 209 46 Emperor,
1569 2897 76 40 and
1664 2907 47 26 an

402 3014 149 37 Meer
570 3002 48 39 of
635 3001 64 38 the
719 2991 177 58 greatest
909 2981 133 41 merit,
1056 2967 190 47 collected
1265 2970 40 33 at
1333 2959 152 45 Alan
1504 2953 67 38 the
1590 2953 99 35 mate-

405 3063 94 41 rials
524 3057 77 41 and
621 3047 256 45 instrunien!s
891 3038 64 39 for
973 3030 168 47 mining,
1170 3022 39 38 in
1235 3017 118 41 order
1371 3019 39 31 to
1411 2970 39 85 go
1450 2970 98 85 carry
1579 3015 52 27 on
1651 3001 67 37 the

407 3116 314 41 sublerraneous
739 3109 94 32 war,
866 3089 123 40 which
1017 3081 69 39 the
1116 3080 190 46 Emperor
1338 3064 76 40 had
1444 3051 274 48 commanded.

410 3169 89 40 The
529 3156 171 46 General
729 3151 47 40 of
811 3143 194 44 Division,
1037 3129 180 44 Dredon,
1251 3123 87 37 who
1368 3106 52 97 com
1420 3106 208 97 bombmandes,d

412 3154 1313 112 andartillery,

1656 3102 67 40 the

412 3219 40 47 ar
452 3219 162 47 tillery,
645 3201 193 48 collected
875 3211 24 25 a
933 3185 184 59 quantity
1156 3178 47 40 Of
1235 3176 188 38 mortars,

415 3270 219 43 howitzers
653 3261 45 38 of
712 3267 119 39 crery
855 3248 161 40 calibre.
1075 3235 63 41 All
1166 3231 110 39 these
1294 3234 104 28 were
1428 3214 125 51 broug
1553 3214 51 51 ht
1622 3208 105 40 from

416 3319 269 54 Pampelnna,
715 3320 118 30 seven
862 3302 96 40 days
989 3289 136 44 march
1159 3285 125 91 from
1284 3285 158 91 enemy
1659 3309 72 40 i

422 3424 168 46 himself
615 3420 46 39 of
689 3415 113 40 delay
833 3410 39 38 in
902 3403 115 39 order
1036 3403 46 32 to
1102 3387 138 51 fortify
1267 3384 144 39 'Monte

1414 3428 58 38 Dc
1476 3436 12 26 cc
1489 3381 228 76 theorrero,
1719 3363 20 39 and

424 3483 24 39 o
448 3483 47 39 th
495 3483 24 39 e
519 3483 24 39 r
580 3471 157 50 strong]
757 3459 206 59 positions.
1019 3454 60 35 On
1111 3444 72 39 the
1215 3436 90 41 25th
1337 3430 48 40 of

428 3533 169 43 division
620 3526 48 39 of
692 3519 145 43 Socket
856 3513 122 39 drove
998 3504 81 37 him
1097 3497 106 40 from
1224 3490 67 40 the
1309 3480 158 56 heights
1483 3476 41 38 of

1544 3477 59 37 St.
1623 3472 85 38 Lam-

429 3591 109 39 bert,
567 3580 79 39 anti
666 3578 103 38 from
787 3575 83 32 two
891 3553 226 47 ont-works
1134 3542 126 43 which
1281 3549 99 28 were
1401 3531 136 39 within
1559 3521 117 43 reach
1700 3517 48 40 of

429 3643 73 38 the
520 3643 123 33 town.
698 3627 86 38 The
798 3617 167 44 division
985 3609 46 38 of
1045 3595 167 50 General
1231 3596 137 37 Gazan
1383 3586 120 39 drove
1517 3578 67 40 the
1603 3583 138 39 enemy

431 3694 109 39 from
563 3689 67 37 th.-
652 3678 159 46 heights
839 3671 47 40 of
911 3669 53 37 St.
986 3654 214 54 Gregorio,
1230 3645 73 41 and
1323 3638 96 40 with
1449 3635 67 37 the
1535 3633 86 35 21st
1644 3625 81 51 regi-

436 3748 113 38 ment
565 3739 48 40 of
628 3736 66 38 the
711 3732 93 40 line,
835 3720 100 41 took
957 3716 66 38 Ilya
1044 3705 190 43 redoubts
1251 3693 126 43 which
1398 3699 103 27 were
1520 3684 156 38 thrown
1698 3689 52 37 up

437 3800 43 39 in
500 3796 67 39 the
583 3785 185 45 suburbs,
798 3776 79 41 and
898 3762 190 50 defended
1108 3758 67 39 the
1204 3749 112 44 road:;
1333 3744 50 38 of
1407 3744 125 35 Sueva
1552 3732 76 40 and
1658 3731 69 37 Bar-

438 3849 158 41 ceona.
656 3842 60 37 Ile
735 3835 84 38 also
839 3826 115 41 made
973 3810 159 47 himself
1149 3793 496 54 masterlabaratory
1663 3793 92 26 near

442 3900 207 48 Calliego,
677 3892 38 38 in
736 3883 129 41 which
896 3880 73 37 500
998 3873 56 37 SN%
1065 3868 46 38 iss
1131 3860 77 40 had
1239 3844 239 50 entrenched
1508 3833 247 46 themselves.

446 3958 59 37 On
527 3952 70 38 the
627 3956 107 31 same
752 3940 94 48 day,
876 3932 69 39 the
966 3922 118 43 Duke
1106 3915 45 40 of
1178 3904 266 51 Cornegliano
1470 3891 116 43 made
1605 3882 159 44 himself

448 4010 152 37 invster
634 3996 47 41 of
710 3994 67 39 the
795 3984 135 44 works
950 3976 74 41 and
1045 3966 174 59 position
1248 3959 40 38 ot
1322 3956 137 39 Monte
1478 3948 176 37 Torrero

1619 4000 145 33 coners,

1672 3956 11 26 ;
1714 3935 50 39 he

450 4058 103 40 took
570 4054 52 40 ail
656 4049 67 40 the
751 4050 175 34 cannon,
956 4028 115 43 made
1087 4036 24 25 a
1128 4019 115 52 great
1278 4006 169 41 number
1478 3998 48 39 of
1553 3992 211 61 vi

1291 4061 57 39 Th
1348 4061 30 39 e
1398 4054 119 43 Duke
1537 4052 41 35 of
1600 4048 142 45 Correg-

454 4109 77 41 and
557 4107 66 40 did
646 4103 113 50 great
780 4096 86 46 inju
866 4096 44 46 ry
934 4093 40 33 to
994 4080 66 40 the
1080 4082 157 37 elicany.

451 4168 128 39 katto,
612 4157 118 48 being
750 4148 102 44 sick,
883 4142 66 40 the
972 4131 117 45 'Julie
1114 4124 46 41 of
1187 4117 197 44 Abrantes
1411 4116 112 31 came
1543 4104 44 46 at
1604 4098 69 40 the
1704 4094 66 43 be-

2863 54 90 50 179

1799 197 6 2 -
1830 193 17 6 -
1889 194 26 5 --
1956 193 39 5 ---
2016 193 11 2 -

1657 231 165 48 ginning
1835 228 53 37 Of
1905 230 191 40 January,
2126 219 71 38 and
2220 214 98 40 took
2339 207 208 43 command
2567 203 48 39 of
2641 201 65 38 the
2735 198 99 35 third
2857 194 22 38 d
2904 206 51 21 .1-

1659 283 98 38 s'-on.
1815 281 60 37 lie
1891 272 219 57 signalized
2143 270 59 37 his
2230 263 144 41 arrival
2401 263 50 50 by
2472 257 145 48 taking
2644 253 67 38 the
2731 253 224 40 monastery

1661 334 50 41 of
1733 335 53 38 St.
1809 334 163 47 Joseph,
2002 324 74 41 and
2096 320 170 56 pursued
2293 317 59 43 hia
2375 305 243 54 aaYantages
2636 317 50 27 on
2717 301 65 38 the
2806 296 89 39 16th
2916 291 51 45 of

1664 389 194 46 January,
1889 381 48 43 by
1969 379 142 43 taking
2141 374 66 38 the
2238 370 139 51 bridge
2404 366 47 38 of
2477 366 57 35 let
2562 357 154 43 tlueba,
2745 352 128 37 where
2902 345 61 38 his

1665 444 132 45 troops
1818 425 90 53 fixed
1907 425 19 53 .
1946 428 242 44 themselves.
2245 422 86 39 The
2350 417 116 41 Chief
2478 413 48 40 of
2550 407 195 45 Battalion
2769 400 124 44 Stahl,
2921 394 50 41 of

1667 491 69 38 the
1765 491 86 35 14th
1871 485 193 51 ieginterit
2081 480 47 39 of
2153 480 66 38 the
2238 475 91 44 line,
2356 462 281 57 distinguished
2659 454 157 45 himself
2839 456 34 35 in
2897 450 69 39 the

1669 542 135 39 attack
1825 553 51 25 on
1892 544 67 33 the
1980 543 216 37 monastery
2219 529 47 37 of
2293 531 52 33 St.
2365 520 163 52 Joseph,
2558 513 74 41 and
2648 511 65 39 the
2733 506 235 43 Lieutenant

1676 595 130 38 Victor
1830 596 46 33 D.
1897 588 139 41 Butfoa
2053 596 77 25 was
2150 583 65 35 the
2235 581 84 37 first
2339 578 35 35 in
2396 575 65 40 the
2481 570 158 39 assault.
2695 565 84 35 Tne
2799 568 169 28 circuit.

1674 646 188 40 vallatien
1884 643 46 39 of
1946 645 207 44 Saragossa
2172 646 78 25 was
2269 634 71 34 nut
2354 631 66 48 yet
2439 619 177 43 resolved
2634 626 129 37 upon;
2794 609 85 38 that
2891 617 80 26 was

1675 697 224 41 considered
1919 707 40 24 as
1978 687 248 53 iuexpedient
2244 700 11 26 ;
2285 680 74 38 and
2388 691 22 25 a
2430 676 83 39 free
2532 664 334 47 communication
2893 669 81 26 was

1676 751 77 38 still
1779 748 71 40 left
1869 758 117 40 open,
2015 743 37 37 in
2072 741 113 38 order
2218 736 89 37 that
2331 733 65 35 the
2428 726 224 48 Insurgents
2683 715 128 52 might
2843 712 46 35 be
2919 710 59 37 in.

1678 801 151 41 formed
1863 798 46 39 of
1937 797 69 38 the
2024 793 130 39 defeat
2184 788 47 38 of
2250 787 69 38 the
2339 778 175 53 English,
2543 772 77 41 and
2652 770 103 39 their
2781 763 201 40 infamous

1682 856 133 51 flights
1832 855 73 34 out
1923 849 46 38 of
1996 846 131 52 ;'pain.
2181 844 35 33 It
2245 852 26 22 s%
2284 849 40 24 as
2342 847 48 25 on
2421 831 67 39 the
2512 826 90 41 16th
2626 822 45 40 of
2696 822 174 44 January
2893 811 90 41 that

1684 909 66 38 the
1772 902 155 51 English
1948 911 100 26 were
2063 895 137 39 driven
2220 891 85 38 into
2323 891 64 34 the
2405 896 65 26 sea
2486 886 39 32 at
2546 880 200 37 Corunna,
2767 868 73 39 and
2856 869 28 34 it
2906 875 78 26 was

1685 973 51 24 on
1767 959 65 37 the
1869 953 92 39 26th
1993 952 87 37 that
2114 947 64 37 the
2203 940 229 53 eperations
2469 931 139 40 before
2639 930 208 45 Saragossa
2882 927 104 27 were

1685 1007 184 51 seriously
1902 1007 143 48 begun.
2102 997 83 39 The
2215 992 117 41 Deb.!
2360 989 46 39 of
2432 978 246 47 Montebello
2696 971 157 45 arrived
2877 969 113 39 there

1689 1077 50 22 on
1757 1063 64 37 the
1843 1059 110 40 20th,
1984 1068 35 25 in
2040 1050 113 40 order
2172 1054 43 32 to
2237 1054 152 30 assume
2407 1038 66 39 the
2489 1029 211 46 command
2720 1026 48 39 of
2783 1024 67 39 the
2867 1020 124 50 siege.

1691 1119 51 35 As
1762 1126 93 26 soon
1879 1123 40 24 as
1938 1109 47 37 he
2008 1119 76 24 was
2104 1098 157 40 asserel
2290 1095 86 38 that
2404 1091 67 38 the
2497 1084 249 48 intelligence
2767 1074 126 39 which
2916 1081 78 27 was

1694 1165 175 52 brought
1891 1165 80 34 into
1993 1157 66 37 the
2079 1161 103 31 town
2204 1149 77 39 had
2308 1159 51 25 no
2385 1142 131 45 etrect,
2548 1136 77 39 and
2653 1133 84 38 that
2756 1129 74 41 few
2852 1122 145 47 monks

1696 1215 198 54 governed
1922 1213 65 35 the
2011 1207 125 39 minds
2163 1202 46 40 of
2233 1201 70 38 the
2321 1195 156 53 people,
2506 1192 50 38 he
2589 1183 174 41 resolved
2785 1186 43 33 to
2858 1180 69 50 put
2949 1187 52 25 an

1696 1271 74 38 end
1789 1276 43 32 to
1859 1267 109 37 these
2000 1257 252 51 indulgences
2269 1271 8 18 :
2309 1251 141 41 50,000
2483 1244 181 51 peasants
2679 1247 104 26 were
2811 1225 193 44 collected

1700 1337 50 24 on
1788 1322 67 35 the
1889 1316 70 41 kit
1993 1312 129 40 banks
2151 1306 47 40 of
2216 1307 70 35 the
2308 1302 102 38 Ebro
2428 1315 8 20 :
2469 1302 41 32 at
2525 1290 244 51 Pardignera
2796 1283 67 39 the
2885 1279 120 39 Duke

1702 1374 47 39 of
1773 1370 164 41 Treviso
1957 1361 184 45 attacked
2172 1359 111 39 them
2303 1354 89 37 with
2413 1350 110 38 three
2543 1345 210 50 regiments
2769 1352 11 28 ;
2811 1333 74 39 and
2914 1335 71 33 not-

1704 1420 279 51 withstanding
2002 1416 65 38 the
2083 1415 78 37 tine
2181 1407 171 56 position
2373 1402 90 50 they
2486 1393 209 58 possessed,
2709 1393 66 37 the
2796 1385 92 40 64th
2906 1381 85 51 regi-

1708 1481 106 35 ment
1845 1470 141 41 routed
2017 1467 125 43 them,
2171 1461 76 39 and
2280 1457 123 38 threw
2435 1453 107 38 them
2576 1450 81 35 into
2678 1440 189 43 disorder.
2924 1434 89 38 The

1715 1530 86 39 iOth
1824 1526 193 52 regiment
2036 1518 47 40 of
2099 1517 157 39 hussars
2275 1521 77 25 was
2370 1517 48 28 on
2441 1504 66 39 the
2528 1500 105 52 plain
2650 1504 43 31 to
2715 1492 151 41 receive
2885 1486 128 41 them,

1711 1581 74 39 and
1806 1592 24 25 a
1848 1579 116 50 great
1983 1573 168 37 number
2170 1560 196 43 remained
2388 1558 38 37 in
2447 1556 67 38 the
2532 1551 89 40 field
2646 1548 41 37 of
2718 1543 138 39 battle.
2913 1538 104 38 Nine

1715 1633 125 51 pieces
1859 1629 46 38 of
1918 1633 164 32 -cannon
2099 1620 71 38 and
2191 1611 150 43 seseral
2360 1605 202 43 standards
2584 1613 96 26 were
2698 1598 65 38 the
2778 1591 176 51 trophies
2975 1585 48 44 of

1717 1685 73 38 this
1809 1682 170 46 victory,
2037 1677 53 35 At
2117 1672 66 38 the
2202 1678 110 27 same
2339 1663 92 38 time
2459 1658 69 38 the
2552 1654 112 39 Duke
2695 1649 47 38 of
2771 1639 252 46 Montebello

1719 1736 73 39 had
1813 1739 84 33 sent
1916 1731 67 37 the
2006 1726 194 52 Adjutant
2230 1711 289 46 Commandant
2550 1707 176 48 Gusquet
2752 1706 43 32 to
2815 1698 136 38 Zuera.
2982 1691 40 38 in

1721 1788 116 40 order
1856 1791 45 32 to
1919 1782 170 47 disperse
2109 1788 46 25 an
2178 1767 242 50 assemblage
2441 1761 47 38 of
2515 1757 242 48 insurgents;
2789 1749 74 38 this
2889 1744 138 39 officer

1724 1835 184 44 attacked
1928 1835 103 37 4000
2063 1828 45 38 of
2124 1826 107 41 them
2264 1820 91 38 with
2392 1817 113 39 three
2533 1807 240 43 battilions,
2802 1796 231 43 overthrew

1727 1893 123 40 them,
1881 1885 74 41 and
1976 1881 100 40 took
2096 1879 90 39 four
2207 1876 128 52 pieces
2346 1869 45 38 of
2405 1877 172 30 cannon,
2606 1858 91 38 with
2720 1854 102 39 their
2830 1850 201 47 carriages

1729 1944 74 38 and
1841 1942 145 37 horses.
2044 1928 168 44 General
2245 1923 150 40 Fattier
2421 1930 77 25 was
2528 1920 40 32 at
2596 1911 66 38 the
2689 1918 105 28 same
2826 1905 93 35 time
2946 1902 89 34 sent

1734 1994 91 40 with
1856 1993 111 38 three
1996 1981 175 44 hundred
2200 1977 170 47 infantry
2370 1977 21 47 ,
2430 1968 77 39 and
2539 1968 77 35 '2OO
2657 1957 176 45 cavalry,
2867 1948 172 43 towards

1739 2044 196 41 Valencia.
1991 2039 61 43 He
2073 2039 78 33 met
2169 2034 104 40 5000
2289 2026 220 47 insurgents
2533 2022 43 33 at
2597 2011 191 41 Alcanitz,
2818 1996 223 57 compelled

1739 2100 123 40 them,
1885 2104 98 28 even
2003 2091 39 35 in
2063 2087 66 38 the
2148 2089 123 33 town,
2293 2083 43 33 to
2354 2078 128 37 throw
2496 2070 116 39 down
2634 2065 102 39 their
2748 2072 105 26 arms
2872 2055 37 38 in
2931 2052 107 38 their

1740 2148 137 53 flight;
1909 2146 50 37 he
1984 2138 125 43 killed
2127 2137 59 40 six
2205 2128 175 43 hundred
2405 2135 104 30 men.
2542 2118 76 40 and
2644 2112 124 41 seized
2803 2105 243 53 magazines,

1744 2198 233 57 provisions,
2007 2191 77 40 and
2114 2200 100 27 arms
2230 2200 11 25 ;
2272 2190 146 38 among
2451 2176 67 38 the
2548 2172 74 38 last
2646 2177 102 28 were
2777 2167 73 33 100
2880 2153 170 53 English

1747 2251 189 41 muskets.
2023 2244 86 38 The
2146 2223 522 64 Adjutant-Commandant,
2717 2215 162 41 Carrion
2915 2211 133 39 Nizos,

1747 2298 220 46 conducted
1988 2291 159 44 himself
2176 2283 216 56 (gloriously
2428 2284 41 34 at
2491 2278 66 38 the
2587 2270 98 41 head
2704 2268 47 39 of
2781 2280 20 25 a
2820 2262 161 41 column
3007 2254 52 43 of

1750 2357 189 47 infantry.
1996 2342 162 47 Colonel
2181 2339 163 43 Ilnalie,
2365 2334 45 38 of
2419 2331 70 39 the
2506 2327 67 40 4th
2598 2323 191 51 regiment
2807 2316 47 39 of
2872 2316 182 37 Hussars,

1753 2409 72 39 and
1848 2407 65 38 the
1935 2399 117 43 Chief
2066 2396 45 39 of
2130 2391 215 41 Battalion,
2362 2386 158 40 Cantos,
2543 2378 46 39 of
2603 2374 66 40 the
2686 2370 93 40 28th
2802 2366 195 51 regiment
3017 2357 47 45 of

1757 2461 115 51 I,;ght
1889 2456 190 46 Infautry,
2098 2438 282 53 distiie,!eiisbed
2401 2430 247 46 themselves.
2693 2424 126 38 These
2831 2414 231 54 operations

1757 2512 99 41 took
1876 2507 110 54 place
2008 2505 174 37 between
2204 2499 66 35 the
2290 2492 92 38 20th
2404 2486 74 41 and
2493 2481 94 39 261.11
2606 2478 45 39 of
2665 2479 195 43 January,
2914 2472 59 33 On
2995 2464 71 39 the

1760 2564 94 40 26th
1889 2567 65 32 tee
1982 2563 104 31 town
2117 2562 77 26 was
2223 2541 188 52 seriously
2433 2531 206 46 attacked,
2669 2528 76 39 and
2776 2525 70 38 the
2876 2519 191 40 batteries

1762 2628 100 28 were
1893 2623 87 28 nine
1991 2604 135 43 asked,
2158 2598 74 40 and
2265 2602 41 33 at
2326 2604 104 28 noon
2450 2602 52 24 on
2530 2585 69 40 the
2617 2580 91 41 27111
2731 2577 67 39 the
2818 2571 142 41 breach
2992 2578 80 26 was

1767 2661 239 60 practicable
2040 2659 37 38 in
2096 2650 150 45 several
2280 2647 130 53 places
2427 2661 12 26 ;
2471 2640 69 38 the
2569 2643 137 40 troops
2722 2640 105 27 were
2855 2620 142 52 lodged
3034 2619 39 40 in

1769 2722 66 38 the
1861 2717 223 44 monastery
2107 2706 46 38 of
2176 2702 137 39 San-in
2340 2694 157 41 Gracia.
2555 2688 85 39 The
2657 2680 168 46 division
2846 2676 46 38 of
2917 2668 157 44 Grand.

1765 2776 96 47 jean
1879 2763 159 45 entered
2060 2771 109 30 sumo
2187 2760 50 34 80
2259 2753 152 38 houses.
2467 2743 86 39 The
2575 2735 86 41 Col.
2682 2730 196 45 Caloiseki
2898 2725 76 40 and
3007 2722 71 38 the

1773 2823 161 41 soldiers
1959 2817 46 38 of
2031 2815 65 38 the
2117 2805 169 43 'Weisel,
2310 2792 283 54 distinguiShed
2626 2783 243 44 themselves.
2927 2779 50 37 At
3011 2773 69 38 the

1775 2887 106 28 same
1915 2856 367 53 morneutGencral
2315 2851 46 41 at
2391 2846 181 43 Division
2591 2839 162 41 Morlat,
2786 2833 39 39 in
2855 2842 48 27 an
2939 2823 143 44 attack

1778 2939 110 41 upon
1903 2923 67 39 the
1993 2919 67 39 left
2080 2916 80 48 wing
2160 2916 21 48 -
2204 2907 117 41 made
2339 2898 162 45 himself
2516 2900 145 35 master
2680 2890 46 38 of
2743 2885 66 40 the
2831 2880 124 41 whole
2973 2880 89 37 fore-

1780 2976 154 54 ground
1954 2973 46 39 of
2028 2970 69 38 the
2114 2965 175 48 enemy's
2307 2956 174 39 defence.
2538 2950 113 46 Capt.
2675 2943 250 38 Guettemar,
2956 2936 40 33 at
3019 2928 69 40 the

1783 3031 98 40 head
1898 3027 48 39 of
1975 3024 70 39 the
2076 3009 280 63 pioneersoind
2373 3001 204 53 thirty-six
2593 2992 226 57 grenadiers
2831 2987 46 38 of
2885 2983 204 47 theforty.

1785 3081 135 41 fourth
1936 3076 194 52 regiment
2143 3067 92 39 Nrith
2249 3078 21 24 a
2289 3073 84 28 rare
2388 3052 244 52 intrepidity,
2644 3039 189 46 ascended
2849 3038 67 39 the
2928 3031 164 45 breach,

1789 3139 53 37 M.
1867 3128 198 46 Bahiesl,i,
2087 3136 48 25 an
2156 3120 135 39 officer
2311 3113 46 38 of
2373 3111 65 39 the
2463 3103 227 51 Voltigents
2706 3094 48 41 of
2780 3092 69 39 the
2867 3085 175 44 Weixel,
3070 3094 25 27 a

1791 3197 135 45 young
1946 3193 87 26 man
2052 3177 208 37 seventeen
2282 3177 110 40 years
2412 3159 45 39 of
2470 3169 90 40 age,
2580 3151 74 41 and
2675 3143 168 44 covered
2862 3139 96 40 with
2978 3146 120 31 seven

1793 3237 175 44 wouedr,
1989 3243 76 25 was
2083 3227 28 38 th.
2112 3227 9 38 ,
2121 3227 28 38 ..,
2171 3224 80 38 first
2270 3219 87 38 who
2378 3207 197 58 appeared
2598 3214 102 39 upon
2721 3198 67 40 the
2807 3193 163 41 breach,
3014 3189 87 38 The

1796 3291 117 43 Chief
1928 3287 46 37 of
2004 3278 211 45 Battalion,
2237 3274 165 47 Leitine,
2435 3257 286 46 Aid-de-Camp
2743 3254 43 35 to
2811 3247 69 39 the
2900 3243 142 40 Prince
3060 3235 48 44 of

1799 3334 252 50 Neufchatel,
2105 3319 282 52 distingnished
2440 3309 172 46 himself,
2668 3302 74 40 and
2793 3294 178 48 received
3024 3298 81 33 two

1799 3394 118 52 slight
1955 3381 176 46 wounds.
2203 3378 87 38 The
2327 3369 113 40 thief
2473 3364 47 39 of
2585 3356 165 44 attalion
2789 3354 135 37 Haxo,
2961 3347 32 37 is
3025 3343 83 43 alo

1800 3442 80 54 slig
1880 3442 80 54 htly
2007 3431 208 45 wounded,
2263 3426 76 40 and
2387 3365 194 93 likewise
2606 3402 282 57 distinguished
2935 3357 96 81 himse
3031 3357 19 81 s
3050 3357 59 81 lf.

1856 3503 59 34 On
1949 3493 69 40 the
2048 3487 110 41 30th,
2187 3483 69 37 the
2285 3469 257 46 monasteries
2569 3464 47 39 of
2639 3463 65 37 the
2735 3456 190 50 Monique
2946 3450 78 40 and
3045 3446 70 40 the

1807 3548 133 45 Greek
1965 3539 234 54 Augustiaes
2220 3542 104 27 were
2343 3520 206 56 occupied.
2606 3515 104 48 Sixty
2732 3510 144 38 houses
2896 3514 103 28 were
3025 3511 90 40 pose

1809 3604 122 39 sessed
1951 3599 50 50 by
2024 3585 295 50 linden:tieing.
2372 3578 86 39 The
2476 3573 142 38 miners
2636 3565 45 39 of
2696 3563 66 38 the
2794 3557 91 43 14th
2919 3553 200 51 regiment

1809 3644 281 58 distinguished
2109 3634 253 47 themselves.
2421 3630 59 37 On
2485 3624 19 38 -
2504 3624 59 38 the
2581 3624 56 37 Ist
2649 3617 46 39 of
2713 3612 217 48 February,
2949 3596 171 48 General

1817 3709 163 39 Lacoste
2011 3693 180 44 received
2211 3703 24 25 a
2261 3685 94 43 ball.
2383 3679 74 41 and
2491 3673 92 41 died
2615 3674 37 33 in
2683 3669 69 39 the
2772 3661 92 46 field
2884 3660 47 38 of
2947 3659 174 40 honour,.

1818 3763 59 37 He
1906 3767 79 28 was
2006 3764 22 25 a
2048 3751 120 35 brave
2199 3739 78 41 and
2307 3726 286 58 distinguished
2620 3720 150 41 officer.
2828 3715 60 39 ale
2919 3711 73 43 has
3025 3707 102 39 bees

1817 3806 200 46 lamented
2036 3803 47 50 by
2117 3797 67 39 the
2203 3789 132 43 whole
2355 3796 129 39 army,
2510 3780 76 41 but
2614 3784 109 30 more
2744 3763 209 56 especially
2976 3762 51 43 by
3057 3758 71 40 the

1821 3867 210 46 Emperor.
2070 3844 164 46 Colonel
2257 3839 174 53 llegeiat
2444 3827 215 56 spcceeded
2679 3824 80 38 him
2773 3820 39 39 in
2826 3819 69 39 the
2910 3807 219 46 cowman:l

1821 3917 47 39 of
1893 3913 66 39 the
1991 3904 224 54 engineers,
2245 3893 77 40 and
2357 3902 38 27 in
2422 3886 71 53 th#
2522 3876 281 54 qtanagement
2833 3868 46 41 of
2909 3868 71 38 the
3009 3863 124 50 siege.

1822 3969 87 40 The
1944 3969 143 39 enemy
2120 3946 194 47 defended
2348 3952 94 32 ever
2649 3943 6 2 -
2689 3927 117 44 tbrec
2841 3917 159 44 attacks
3034 3925 103 31 were

2687 3971 22 28 ~

1827 4017 113 44 made
1959 4015 52 50 by
2029 4010 138 40 mines,
2197 4000 79 46 and
2295 3979 546 69 ettetylseute
2875 3984 107 34 were
3005 3967 141 40 blows

2398 4046 98 124 94

2493 3943 85 194 lit
2578 3943 58 194 is
2636 3943 28 194 t
2665 3943 30 194 i

1830 4085 70 41 up,
1928 4064 79 45 and
2033 4054 181 50 afforded
2239 4045 85 51 the
2473 4041 27 53 ',.,'
2515 4018 4 109 I
2546 4028 288 71 ,fitiAstttlii4y
2857 4023 48 43 of
2917 4018 226 51 stationing

2404 4111 12 5 -
2520 4089 84 32 .:::
2644 4091 28 24 .-
2766 4080 2 41 .
2796 4080 2 41 .
2841 4080 2 41 _

2336 4093 21 19 -;

2457 4128 25 21 ;r

3419 123 12 18 ~:

3398 2180 39 197 1

3398 2598 48 99 I

578 139 76 48 19.

282 292 216 44 Saragossa
519 278 70 38 has
608 268 175 45 surreudc

278 339 124 43 fallen
422 334 79 38 this
522 327 189 51 unhappy
730 327 53 33 tol

283 389 159 58 people.
501 383 87 39 The
609 389 122 44 peace
758 387 25 25 w

283 441 170 45 cx;ends
483 442 43 33 to
556 433 70 39 the
659 426 124 40 whole

287 496 131 40 which
433 502 104 28 were
553 482 154 45 around
725 481 58 38 the

292 557 167 43 ragossa
481 554 78 25 was
578 539 72 39 the
669 539 115 35 emir(

292 604 40 38 in
365 599 78 39 this
465 602 107 33 t3wn
606 591 91 39 that
715 585 69 39 the

296 652 74 43 call
396 653 38 35 in
456 661 25 26 a
501 646 145 40 Prince
661 640 46 38 of
739 637 44 39 Oil

509 698 87 40 The
615 690 168 44 intlividu

300 762 111 37 these
431 754 175 41 notio:ls,
628 744 126 41 which

304 814 203 38 ancestors
523 804 146 47 during
692 798 66 38 the

361 861 131 38 "'Vile
515 859 81 38 bait
607 854 34 38 to
658 852 45 37 of
718 852 65 35 Tut

309 917 77 40 and
411 914 106 38 alter
534 909 70 38 the
624 902 96 41 ',nth
754 900 30 37 ft

311 967 117 40 satall
454 965 176 39 di:;tatiee
667 956 106 38 from

312 1035 103 26 were
438 1016 150 40 ;trilled.
646 1009 85 38 The
764 1019 19 38 p

314 1076 90 38 they
425 1090 9 27 ;
467 1068 76 40 and
565 1069 215 39 Saragossa

317 1127 220 51 reginleu!s
556 1117 46 40 of
626 1117 96 35 MO
756 1124 27 25 ni

317 1178 116 43 ueral
455 1174 168 39 Otticert;
641 1165 73 40 and
737 1165 46 39 Si

321 1233 48 39 of
390 1232 144 44 10,0:'W
556 1234 105 30 men,
681 1232 27 22 ii,
719 1217 51 38 ho

322 1280 241 48 Vinmselves
581 1278 87 35 into
689 1269 65 39 the
774 1272 9 32 t

327 1341 122 39 sions,
471 1328 155 53 heaped
648 1336 50 38 up
717 1323 37 37 in
777 1319 6 38 i

1244 116 57 51 LE
1335 102 371 61 NATIONAL
1741 89 369 60 REGISTER'
2109 93 7 7 '
2863 54 91 50 179

1244 214 5 77 i
1266 248 125 41 which
1411 246 100 39 have
1528 242 67 37 be-
1657 231 165 58 ginning
1835 228 53 37 ef
1905 230 191 33 January,
2126 219 71 38 and
2220 214 98 40 took
2339 224 85 25 com

2431 222 61 24 ma

1632 136 1324 150 Iti-------------d

2567 203 48 39 of

2641 201 65 38 the
2735 198 99 35 third
2857 194 22 38 d
2904 206 51 21 .0.
3244 102 20 6 ..
3288 99 8 6 ..

3255 139 13 6 .
3300 131 4 14 .

3299 167 5 11 ,

3260 193 7 44 i

1247 299 184 54 example
1462 302 43 33 to
1530 294 67 39 the
1633 286 43 65 1s
1684 295 73 25 -on.
1815 281 60 37 lie
1891 272 219 57 signalized
2143 270 59 37 his
2230 263 144 41 arrival
2401 263 50 50 by
2472 257 145 48 taking
2644 253 67 38 the
2731 253 224 40 monasatry
3270 231 53 60 l'l,

1244 356 58 40 red
1320 356 39 38 in
1390 356 211 44 Saragossa
1636 356 6 39 i
1661 334 50 41 of
1733 335 53 38 St.
1809 334 163 47 Joseph,
2002 324 74 41 and
2096 320 170 56 pursued
2293 317 19 43 h
2311 317 40 43 is
2375 304 122 56 advan
2497 304 48 56 ta
2545 304 24 56 g
2569 304 50 56 es
2636 317 50 27 on
2717 301 65 38 the
2806 296 89 39 16th
2916 291 51 45 of

3272 278 25 32 4'

3272 307 12 48 I

3291 309 7 14 '

1244 409 58 39 the
1331 411 80 33 two
1447 400 155 41 armies,
1664 389 194 46 January,
1889 381 48 43 by
1969 379 142 43 taking
2141 374 66 38 the
2238 370 139 51 bridge
2404 366 47 38 of
2477 366 57 35 La
2562 357 154 43 ilueba,
2745 352 128 37 where
2902 345 61 38 his

1244 467 64 33 tat
1329 458 155 47 liberty.
1539 454 65 33 Sa-
1641 369 5 137 ;
1665 444 132 45 troops
1818 425 109 53 heed'
1946 428 242 44 themselves.
2245 422 86 39 The
2350 417 116 41 Chief
2478 413 48 40 of
2550 407 195 45 Battalion
2769 400 124 44 Stahl,
2921 394 50 41 of
3274 369 22 44 k
3312 369 1 137 .

1248 514 46 38 of
1310 516 141 46 .paid;
1480 507 30 37 it
1527 515 79 25 was
1642 475 5 87 1
1667 491 69 38 the
1765 491 86 35 14th
1871 485 193 51 ieginteet
2081 480 47 39 of
2153 480 66 38 the
2238 475 91 44 line,

2356 462 281 57 distinguished
2659 454 157 45 himself
2839 456 34 35 in
2897 450 69 39 the

1248 565 124 39 which
1406 555 137 41 wished
1565 560 43 32 to
1644 542 159 72 lattack
1825 553 51 25 on
1892 544 67 33 the
1980 543 216 37 monastery
2219 529 47 37 Of
2293 531 52 33 St.
2365 520 163 52 Joseph,
2558 513 74 41 and
2648 511 65 39 the
2733 506 235 43 Lieutenant

1248 625 40 33 to
1317 617 112 50 reign
1461 622 50 25 on
1544 606 67 39 the
1676 595 130 38 Victor
1830 596 46 33 D.
1897 588 139 41 klutfon
2053 596 77 25 was
2150 583 65 35 the
2235 581 84 37 first
2339 578 35 35 in
2396 575 65 40 the
2481 570 158 39 assault.
2695 565 84 35 Tne
2799 568 169 28 circuit.
3318 541 22 38 t,

1244 671 11 40 I
1274 667 20 54 p
1294 667 41 54 ar
1336 667 63 54 tly
1419 656 194 48 inherited
1648 653 6 52 1
1674 646 188 40 vallatien
1884 643 46 39 of
1946 645 93 44 Sarq.
2040 645 19 44 ,
2059 645 94 44 ,ossa
2172 646 78 25 was
2269 634 71 34 not
2354 631 66 48 yet
2439 619 177 43 resolved
2634 626 102 37 upon
2753 628 9 27 ;
2794 609 85 38 that
2891 617 80 26 was

1649 705 6 46 I
1675 697 224 41 considered
1919 707 40 24 as
3268 578 7 31 i
3293 574 48 188 'II

1244 720 100 43 rued
1374 720 107 38 from
1512 711 103 41 their
1978 687 248 53 ioexpedient
2244 700 11 26 ;
2285 680 74 38 and
2388 691 22 25 a
2430 676 83 39 free
2532 664 334 47 communication
2893 669 81 26 was
3270 630 4 133 .
3305 630 5 133 ;
3335 630 6 14 ,

3312 644 5 40 ,
3335 644 7 38 ;

1244 793 13 22 ~
1654 710 4 119 I
1676 751 77 38 sail
1779 748 71 40 left
1869 758 117 40 open,
2015 743 37 37 in
2072 741 113 38 order
2218 736 89 37 that
2331 733 65 35 the
2428 726 224 48 Insurgents
2683 715 128 52 might
2843 712 46 35 be
2919 710 59 37 in.

3273 733 5 26 ;

1244 828 54 40 :23d
1313 826 46 39 of
1376 819 241 45 November,
1678 801 151 41 formed
1863 798 46 39 of
1937 797 69 38 the
2024 793 130 39 defeat
2184 788 47 38 of
2250 787 69 38 the
2339 778 175 44 Enelish,
2543 772 77 41 and
2652 770 103 39 their
2781 763 201 40 infamous

2396 767 441 65 0

1654 835 5 66 I
1682 856 133 45 Rights
1923 849 46 38 of
2011 835 2 66 '

1244 895 30 24 re
1292 873 215 53 encatnped
1535 876 41 32 at
1597 881 24 24 a
1832 855 73 34 out
1996 857 131 40 spell'.
2181 844 35 33 It
2245 852 26 22 s%
2284 849 40 24 as
2342 847 48 25 on
2421 831 67 39 the
2512 826 90 41 16th
2626 822 45 40 of
2696 822 174 44 January
2893 811 90 41 that

1244 932 20 53 o
1264 932 40 53 pi
1304 932 20 53 e
1349 930 24 39 o
1372 930 25 39 f
1421 934 12 32 t
1440 930 19 33 h
1466 925 31 38 is
1517 909 28 51 t
1545 909 57 51 ow
1602 909 58 51 ni
1684 909 66 38 the
1772 902 155 51 English
1948 911 100 26 were
2063 895 137 39 driven
2220 891 85 38 into
2323 891 64 34 the
2405 896 65 26 sea
2486 886 39 32 at
2546 880 200 37 Corunna,
2767 868 73 39 and
2856 869 28 34 it
2906 875 78 26 was

1252 984 76 40 had
1346 976 181 57 repaired
1548 973 73 40 thi-
1685 973 51 24 on
1767 959 65 37 the
1869 953 92 39 26th
1993 952 87 37 that
2114 947 64 37 the
2203 940 229 53 eperationi
2469 931 139 40 before
2639 930 208 45 Saragossa
2882 927 104 27 were

1244 1051 81 27 nen,
1362 1029 155 43 flamed
1541 1028 84 35 into
1685 1007 184 51 seriously,.
1902 1007 143 48 begun.
2102 997 83 39 The
2215 992 117 41 Dale
2360 989 46 39 of
2432 978 171 47 Montebe
2603 978 74 47 llo
2696 971 157 45 arrived
2877 969 113 39 there
3288 994 37 38 ,a
3340 969 4 110 ,

1244 1089 34 41 of
1302 1091 85 35 100.
1444 1082 84 38 The
1550 1080 74 37 Ge-
1689 1077 50 22 on
1757 1063 64 37 the
1843 1059 110 40 euth,
1984 1068 35 25 in
2040 1050 113 40 order
2153 1031 796 54 w

2172 1054 43 32 to
2237 1054 152 30 assume
2407 1038 66 39 the
2489 1029 211 46 command
2720 1026 48 39 of
2783 1024 67 39 the
2867 1020 38 50 sie
2904 1020 12 50 g
2916 1020 26 50 e-
2943 1051 47 19 6

1257 1139 26 43 M
1283 1139 26 43 o
1309 1139 106 43 nks.
1470 1136 33 37 A
1522 1130 105 50 body
1667 1119 25 51 l
1691 1119 51 51 As
1762 1126 93 26 soon
1879 1123 40 24 as
1938 1109 47 37 he
2008 1119 76 24 was
2104 1098 157 40 asi;lred
2290 1095 86 38 that
2404 1091 67 38 the
2497 1084 249 48 intelligence
2767 1074 126 39 which
2916 1081 78 27 was

1244 1193 119 41 udela,
1380 1188 78 39 had
1476 1187 155 37 thrown
1667 1122 5 112 I
1694 1165 175 52 brought
1891 1165 80 34 into
1993 1157 66 37 the
2079 1161 103 31 town
2204 1149 77 39 had
2308 1159 51 25 no
2385 1142 131 45 etrect,
2548 1136 77 39 and
2653 1133 84 38 that
2756 1129 74 41 few
2852 1122 145 47 Monks

1244 1243 125 44 nished
1389 1240 91 39 with
1502 1233 129 63 provi-
1696 1215 198 54 governed
1922 1213 65 35 the
2011 1207 125 39 minds
2163 1202 46 40 of
2233 1201 70 38 the
2321 1195 156 53 people,
2506 1192 50 38 he
2589 1183 174 41 resolved
2785 1186 43 33 to
2858 1180 69 50 put
2949 1187 52 25 an
3325 1139 21 58 ii

1244 1313 74 30 nes,
1345 1294 77 39 and
1443 1284 190 47 defended
1696 1271 74 38 end
1789 1276 43 32 to
1859 1267 109 37 these
2000 1257 252 51 indulgences
2269 1271 8 18 ;
2309 1251 141 41 50,000
2483 1244 181 51 reasants
2679 1247 104 26 were
2811 1225 193 44 collected

3339 1200 9 32 3

3313 1250 22 25 e

1248 1364 72 26 our
1343 1345 106 53 Lady
1469 1341 47 40 of
1532 1337 106 41 Pilar
1700 1337 50 24 On
1788 1322 67 35 the
1889 1317 70 40 kit
1993 1312 129 40 banks
2151 1306 47 40 of
2216 1307 70 35 the
2308 1302 102 38 Ebro
2428 1315 8 20 :
2469 1302 41 32 at
2525 1290 244 51 Pardigucra
2796 1283 67 39 the
2885 1279 120 39 Duke

1244 1404 73 43 iks,
1343 1398 90 39 who
1469 1396 51 48 by
1543 1389 93 40 such
1676 1333 5 113 1
1702 1374 47 39 of
1773 1370 164 41 Treviso
1957 1361 184 45 attacked
2172 1359 111 39 them
2303 1354 89 37 with
2413 1350 110 38 three
2543 1345 210 50 regiments
2769 1352 11 28 ;
2811 1333 74 39 and
2914 1335 94 33 nut-

1244 1385 5 109 I
1270 1457 65 37 the
1351 1448 230 43 confidence
1599 1440 47 39 of
1704 1420 275 48 withstanding
2002 1416 65 38 the
2083 1415 78 37 tine
2181 1407 171 58 position
2373 1402 90 50 they
2486 1393 209 58 possessed,
2709 1393 66 37 the
2796 1385 92 40 64th
2906 1395 105 37 regi-

1708 1481 26 35 m
1734 1481 80 35 ent
1508 1496 35 40 ld
1845 1470 141 41 routed
2017 1467 125 43 them,
2171 1461 76 39 and
2280 1457 123 38 threw
2435 1453 80 38 the
2516 1453 27 38 m
2576 1450 81 35 into
2678 1440 189 43 disorder.
2924 1434 89 38 The

1244 1566 34 34 ut
1306 1517 30 28 m
1336 1517 30 28 e
1365 1517 30 28 n
1414 1496 130 43 would
1572 1498 73 34 not
1708 1481 106 35 meut
1845 1470 141 41 routed
2017 1467 125 43 them,
2171 1461 76 39 and
2280 1457 123 38 threw
2435 1453 107 38 theni
2576 1450 81 35 into
2678 1440 189 43 disorder.
2924 1434 89 38 The

1244 1566 30 34 ut
1290 1572 52 38 up
1362 1557 39 37 in
1422 1551 102 41 their
1539 1556 105 32 town
1572 1498 73 34 not

1715 1530 86 39 10th
1824 1526 193 52 regiment
2036 1518 47 40 of
2099 1517 157 39 hussars
2275 1521 77 25 was
2370 1517 48 28 on
2441 1504 66 39 the
2528 1500 105 52 plain
2650 1504 43 31 to
2715 1492 151 41 receive
2885 1486 128 41 them,
3322 1454 15 34 .1

3332 1491 5 34 i
3356 1491 2 34 .

1244 1618 149 48 parties,
1428 1606 87 38 how
1531 1597 116 41 could
1711 1581 74 39 and
1806 1592 24 25 a
1848 1579 116 50 great
1983 1573 168 37 number
2170 1560 196 43 remained
2388 1558 38 37 in
2447 1556 67 38 the
2532 1551 89 40 field
2646 1548 41 37 of
2718 1543 138 39 battle.
2913 1538 104 38 Nine

3318 1548 8 454 ~
3326 1548 17 454 .1

1715 1633 125 52 pieces
1859 1629 46 38 of
1918 1633 164 32 -canuon
2099 1620 71 38 and
2191 1611 150 43 several
2360 1605 202 43 standards
2584 1613 96 26 were
2698 1598 65 38 the
2778 1591 176 51 trophies
2975 1585 48 44 of

1244 1676 67 28 lice
1332 1659 76 39 and
1428 1654 220 41 fanaticism
1715 1648 9 38 1
3311 1593 28 31 1.

1244 1717 21 40 c
1265 1717 21 40 h
1286 1717 45 40 es
1345 1719 12 33 ?
1391 1713 94 38 Eve
1539 1706 22 46 t
1561 1706 45 46 hi
1606 1706 45 46 ng
1717 1685 73 38 this
1809 1682 170 46 victory,
2037 1677 53 35 At
2117 1672 66 38 the
2202 1678 110 27 same
2339 1663 92 38 time
2459 1658 69 38 the
2552 1654 112 39 Duke
2695 1649 47 38 of
2771 1639 252 46 :Montebello

1244 1768 67 39 and
1338 1765 116 48 bring
1482 1760 110 37 them
1613 1760 41 32 to
1719 1736 73 39 had
1813 1739 84 33 sent
1916 1731 67 37 the
2006 1726 194 52 Adjutant
2230 1711 289 46 Commandant
2550 1707 176 48 Gusquet
2752 1706 43 32 to
2815 1698 136 38 Zuera.
2982 1691 40 38 in

1244 1744 5 116 I'
1263 1817 170 44 Tudela,
1453 1812 65 38 the
1538 1804 124 43 belief
1721 1788 116 40 order
1856 1791 45 32 to
1919 1782 170 47 disperse
2109 1788 46 25 an
2178 1767 242 50 assemblage
2441 1761 47 38 of
2515 1757 242 48 insurgents;
2789 1749 74 38 this
2889 1744 138 39 officer

1244 1872 33 40 me
1277 1872 34 40 ld
1350 1872 74 35 out
1460 1863 21 39 t
1481 1863 21 39 h
1502 1863 22 39 a
1525 1863 22 39 t
1566 1859 22 48 t
1589 1859 22 48 h
1611 1859 45 48 ey
1724 1835 184 44 attacked
1928 1835 103 37 4000
2063 1828 45 38 of
2124 1826 107 41 them
2264 1820 91 38 with
2392 1817 113 39 three
2533 1807 240 43 battalions,
2802 1796 231 43 overthrew

1244 1939 34 24 es
1296 1928 43 32 at
1364 1884 58 74 So

1515 1913 146 41 Sierra,
1727 1893 123 40 them,
1881 1885 74 41 and
1976 1881 100 40 took
2096 1879 90 39 four
2207 1876 128 52 pieces
2346 1869 45 38 of
2405 1877 172 30 cannon,
2606 1858 91 38 with
2720 1850 311 47 lheircarriages

1244 1972 176 43 italtmia,
1436 1965 129 52 might
1586 1963 79 37 fur-
1729 1944 74 38 and
1841 1942 145 37 horses.
2044 1928 168 44 General
2245 1928 22 35 V
2280 1923 116 39 attier
2421 1930 77 25 was
2528 1920 40 32 at
2596 1911 66 38 the
2689 1918 105 28 same
2826 1905 93 35 time
2946 1902 89 34 sent
3304 1902 22 22 h,

1244 2026 216 50 Insurgents
1492 2023 46 32 to
1569 2015 102 50 keep
1734 1994 91 40 with
1856 1993 111 38 three
1996 1981 175 44 hundred
2200 1977 191 47 infantry,
2430 1968 77 39 and
2539 1968 77 35 '2OO
2657 1957 176 45 cavalry,
2867 1948 172 43 towards

1244 2086 17 83 t
1260 2086 17 83 a
1277 2086 17 83 i
1325 2079 31 37 it
1391 2085 77 26 was
1495 2065 177 44 resolved
1739 2044 196 41 Valencia.
1991 2039 61 43 He
2073 2039 78 33 met
2169 2034 104 40 $OOO
2289 2026 220 47 insurgents
2533 2022 43 33 at
2597 2011 191 41 Alcanitz,
2818 1996 223 57 compelled

1244 2128 161 43 laintain
1439 2137 25 25 a
1496 2099 91 60 coma

1739 2100 123 40 them,
1885 2104 98 28 even
2003 2091 39 35 in
2063 2087 66 38 the
2148 2089 123 33 town,
2293 2083 43 33 to
2354 2078 128 37 throw
2496 2070 116 39 down
2634 2065 102 39 their
2748 2072 105 26 arms
2872 2055 37 38 in
2931 2052 107 38 their
3299 2078 14 13 ~
3351 2042 13 57 1'

1244 2189 52 33 tat
1329 2180 94 48 they
1460 2172 130 52 might
1625 2169 53 38 be
1740 2148 137 53 flight;
1909 2146 50 37 he
1984 2138 125 43 killed
2127 2137 59 40 six
2205 2128 175 43 hundred
2405 2135 104 30 men,
2542 2118 76 40 and
2644 2112 124 41 seized
2803 2105 243 53 magazines,
3300 2115 14 40 L'
3350 2099 19 37 i'

1244 2232 144 40 ;,apish
1419 2225 157 45 arciies,
1605 2220 48 39 an
1654 2220 25 39 d
1744 2198 233 57 provisions,
2007 2191 77 40 and
2114 2200 126 27 arms,
2272 2190 146 38 among
2451 2176 67 38 the
2548 2172 74 38 last
2646 2177 102 28 were
2777 2167 73 33 100
2880 2153 170 53 English
3304 2148 15 19 .!
3343 2146 17 24 0

1244 2289 28 38 A
1306 2285 69 40 the
1410 2285 185 33 entrance
1641 2271 50 39 of
1747 2251 189 41 muskets.
2023 2244 86 38 The
2146 2223 522 64 Adjutant-Commandant,
2717 2215 162 41 Carrion
2915 2211 25 35 N
2952 2211 97 39 izos,

3291 2241 8 24 ;

1256 2339 15 39 a
1271 2339 32 39 ll
1333 2335 19 39 t
1352 2335 38 39 hi
1390 2335 20 39 s
1439 2328 20 50 i
1459 2328 61 50 nte
1520 2328 61 50 lli
1581 2328 104 50 gence
1747 2298 220 46 conducted
1988 2291 159 44 himself
2176 2283 216 56 gloriously
2428 2284 41 34 at
2509 2278 48 35 he
2587 2272 117 39 hea
2704 2268 47 39 of
2781 2280 20 25 a
2820 2262 161 41 clumn
3007 2254 52 43 of

1244 2404 45 32 le,
1302 2387 78 39 and
1396 2381 164 41 wasunk
1569 2392 51 25 uo
1628 2388 58 26 wn
1723 2352 7 65 1
1750 2357 189 47 infantry.
1996 2342 162 47 Color.el
2181 2339 163 43 Burthe,
2365 2284 118 87 attic
2483 2284 24 87 t
2506 2327 67 40 4th
2598 2324 191 51 regiment
2807 2278 43 77 of
2850 2278 22 77 o
2872 2316 182 37 Hussars,

1727 2357 5 103 I
1753 2409 72 39 and
1848 2407 65 38 the
1935 2399 117 43 Chief
2066 2396 45 39 of
2130 2391 215 41 Battalion,
2362 2386 158 40 Calltni,
2543 2378 46 39 of
2603 2357 66 57 the
2686 2370 93 40 '2Bth
2802 2366 195 51 regiment
3017 2357 47 45 of

1244 2446 32 37 th
1298 2453 77 26 was
1393 2441 72 34 not
1482 2432 93 51 only
1597 2441 92 26 con-

1244 2509 65 25 was
1333 2492 99 48 kept
1452 2500 52 38 up
1524 2486 52 50 by
1598 2481 67 39 lies
1682 2496 8 21 :
1731 2414 4 126 i
1757 2461 115 40 L'ght
1889 2456 190 46 Infantry',
2098 2438 282 48 distiniished
2401 2437 20 30 I
2422 2430 226 46 LierliSCIVM
2693 2424 126 38 These
2831 2414 231 54 operationS
3378 2426 25 14 ,

1244 2552 66 33 000
1331 2555 87 27 men
1448 2537 141 41 before
1609 2536 86 35 Ma-
1731 2520 7 73 k
1757 2512 99 41 took
1876 2507 110 54 place
2008 2505 174 37 betwecll
2204 2499 66 35 the
2290 2492 92 38 '2oth
2404 2486 74 41 and
2493 2481 94 39 2Gth
2606 2478 45 39 of
2665 2479 195 43 January,
2914 2472 59 33 On
2995 2464 71 39 the
3398 2464 2 130 .

3381 2466 9 33 1
3391 2466 11 33 ,

1244 2598 94 40 tered
1355 2597 165 37 France,
1541 2585 74 41 and
1633 2584 66 38 the
1760 2564 94 40 26th
1889 2567 65 32 tee
1982 2563 104 31 town
2117 2562 77 26 was
2223 2541 188 52 seriously
2433 2531 206 46 attacked,
2669 2528 76 39 and
2776 2525 70 38 the
2876 2519 191 40 batteries

1244 2667 18 24 v
1281 2648 138 41 before
1444 2643 69 39 the
1541 2635 161 44 terrible
1762 2628 100 28 were
1893 2623 87 28 nine
1991 2604 135 43 asked,
2158 2598 74 40 and
2265 2602 41 33 at
2326 2604 104 28 noon
2450 2602 52 24 on
2530 2585 69 40 the
2617 2580 91 41 27th
2731 2577 67 39 the
2818 2571 142 41 breach
2992 2578 80 26 vas
3327 2571 2 119 :
3374 2585 26 14 e

1244 2700 126 43 ;iitical
1393 2699 169 47 objects,
1581 2692 39 38 in
1639 2700 60 26 or-
1741 2619 4 128 .
1767 2661 239 60 practicable
2040 2659 37 38 in
2096 2650 150 45 several
2280 2647 130 53 places
2427 2661 12 26 ;
2471 2640 69 38 the
2569 2643 137 40 troops
2722 2640 105 27 were
2855 2620 142 52 lodged
3034 2619 39 40 in

1244 2767 110 28 eason
1369 2754 89 34 who
1476 2757 99 26 were
1604 2740 80 41 info
1769 2722 66 38 the
1861 2717 223 44 monastery
2107 2706 46 38 of
2176 2702 137 39 San-in
2340 2694 157 41 Gracia.
2555 2688 85 39 The
2657 2680 168 46 division
2846 2676 46 38 of
2917 2668 157 44 Grand.

1534 2790 171 45 enraged
1765 2776 96 47 jean
1879 2763 159 45 entered
2060 2771 109 30 some
2187 2760 50 34 80
2259 2753 152 38 houses.
2467 2743 86 39 The
2575 2735 86 41 Col.
2682 2730 196 45 Caloiseki
2898 2725 76 40 and
3007 2722 71 38 the

1244 2806 90 43 aired
1350 2806 52 37 by
1417 2799 100 40 their

1244 2872 74 43 my,
1376 2848 86 45 The
1479 2837 168 53 General
1668 2842 50 39 of
1773 2823 161 41 soldiers
1959 2817 46 38 of
2031 2815 65 38 the
2117 2805 169 43 NVeiNel,
2310 2792 283 54 distinguiShed
2626 2783 243 44 themselves.
2927 2779 50 37 At
3011 2773 69 38 the

1244 2914 65 38 the
1332 2911 209 46 Emperor,
1569 2897 76 40 and
1664 2907 47 26 an
1775 2887 106 28 same
1915 2856 367 53 morneutGencral
2315 2851 46 41 of
2391 2846 181 43 Division
2591 2839 162 41 Morlat,
2786 2833 39 39 in
2855 2842 48 27 an
2939 2823 143 44 attach

1244 2967 61 37 lat
1333 2959 152 45 Alaeon
1504 2953 67 38 the
1590 2953 124 35 mate-
1778 2939 110 41 upon
1903 2923 67 39 the
1993 2919 67 39 left
2080 2916 102 48 wing
2204 2907 117 41 made
2339 2898 162 45 himself
2516 2900 145 35 master
2680 2890 46 38 of
2743 2885 66 40 the
2831 2880 124 41 whole
2973 2880 110 37 flee-
3330 2880 6 4 -

1409 2991 22 19 :,

1809 2976 124 43 round
1954 2973 46 39 of
2028 2970 69 38 the
2114 2965 175 48 eeemy's
2307 2956 174 39 defence.
2538 2950 113 46 Capt.
2675 2943 250 38 Guettemar,
2956 2936 40 33 at
3019 2928 69 40 the

3409 2939 1 13 .
3436 2939 5 13 .

1244 3017 110 41 order
1371 3019 43 31 to
1434 3018 115 38 carry
1579 3015 52 27 on
1651 3001 67 37 the
1780 2995 24 35 g

1245 3081 61 27 ror
1338 3064 76 40 had
1444 3051 274 48 commanded.
1783 3031 98 40 head
1898 3027 48 39 of
1975 3024 70 39 the
2076 3009 280 63 pioneers,and
2373 3001 204 53 thirty-six
2593 2992 226 57 grenadiers
2831 2987 46 38 of
2885 2983 204 47 theforty.
3321 2995 6 11 .-

1785 3081 135 41 fourth
1936 3076 194 52 reg,inient
2143 3067 92 39 with
2249 3078 21 24 a
2289 3073 84 28 rare
2388 3052 244 52 intrepidity,
2644 3039 189 46 ascended
2849 3038 67 39 the
2928 3031 141 45 breach
3069 3031 24 45 .

1251 3123 87 37 who
1368 3106 260 48 commanded
1656 3102 67 40 the

1789 3139 53 37 M.
1867 3128 198 46 BabiesVe
2087 3136 48 25 an
2156 3120 135 39 officer
2311 3113 46 38 of
2373 3111 65 39 the
2463 3103 227 51 Voltigents
2706 3094 48 41 of
2780 3092 69 39 the
2867 3085 175 44 Weixel,
3070 3094 25 27 a
3360 3104 15 6 ..

1244 3176 180 38 mortars,
1457 3161 156 43 bombs,
1650 3154 76 45 and

1791 3197 135 45 young
1946 3193 87 26 man
2052 3177 208 37 seventeen
2282 3177 110 40 years
2412 3159 45 39 of
2470 3169 90 40 age,
2580 3151 74 41 and
2675 3143 24 44 c
2699 3143 144 44 overed
2862 3139 96 40 with
2978 3146 120 31 seven
3345 3142 7 44 :
3352 3142 17 44 rn
3369 3142 8 44 i

1244 3241 32 26 se
1294 3234 104 28 were
1428 3214 176 51 brought
1622 3208 105 40 from

1793 3237 175 44 svouedr,
1989 3243 76 25 was
2083 3227 28 38 tie
2112 3227 9 38 ,
2121 3227 28 38 ..,
2171 3224 80 38 first
2270 3219 87 38 who
2378 3207 197 58 appeared
2598 3214 102 39 upon
2721 3198 22 40 t
2744 3198 45 40 he
2807 3193 163 41 breach.
3014 3189 87 38 The
3333 3194 15 34 1,

1244 3294 19 25 n
1292 3281 224 41 Saragossa.
1593 3265 41 39 In
1665 3259 66 38 the
1796 3291 59 43 Chief
1857 3291 57 43 Chief
1928 3287 46 37 of
2004 3278 211 45 Battalion,
2237 3274 165 47 Lejune,
2435 3257 286 46 Aid-de-Camp
2743 3254 43 35 to
2811 3247 69 39 the
2900 3243 142 40 Prince
3060 3235 48 44 of
3334 3237 46 31 to,

1244 3345 31 26 is
1300 3335 142 40 enemy
1472 3317 77 41 had
1577 3309 155 45 availed

1799 3334 252 50 Neufchatel.
2105 3319 282 52 distingnished
2440 3309 172 46 himself,
2668 3302 74 40 and
2793 3294 178 48 received
3024 3298 81 33 two

1267 3384 144 39 'Monte
1443 3376 188 37 Torrero,
1659 3363 76 39 and
3337 3299 21 33 e

1244 3436 61 40 sth
1337 3430 48 40 of
1414 3420 220 46 December
1668 3416 71 41 the
1759 3448 6 18 ,
1799 3394 133 61 slight,
2203 3378 87 38 The
2327 3369 113 40 thief
2473 3364 47 39 of
2552 3356 198 46 Battalion
2789 3354 135 37 Haxo,
2961 3347 32 37 is
3025 3343 83 43 also
3337 3328 20 47 )

3351 3367 9 15 1

1244 3490 47 38 he
1309 3480 158 56 heights
1483 3475 46 39 of
1544 3477 59 37 St.
1623 3472 112 38 Lam-
1760 3389 5 146 '
1800 3448 161 48 sl4':htly
2007 3431 208 45 womocii,
2263 3426 76 40 and
2387 3417 172 41 likewise
2606 3402 282 58 distinguished
2935 3393 174 45 himself.
3345 3389 18 26 a
3377 3389 2 146 .

3340 3410 2 4 .

1856 3503 59 34 On
1949 3493 69 40 the
2048 3487 110 41 SOth,
2187 3483 69 37 the
2285 3469 257 46 monasteries
2569 3464 47 39 of
2639 3463 65 37 the
2735 3459 109 46 Moni
2844 3459 27 46 q
2871 3459 54 46 ue
2946 3450 78 40 and
3045 3446 70 40 the

1244 3542 17 38 h
1281 3549 99 28 were
1401 3528 136 43 within
1559 3521 117 43 reach
1700 3517 48 40 ef

1807 3548 133 45 Greek
1965 3539 234 54 Augustines
2220 3542 104 27 were
2343 3520 206 56 occupied.
2606 3515 115 50 Sixty_
2732 3510 144 38 houses
2896 3514 103 28 mere
3025 3511 90 40 pose

1244 3596 124 37 Gazan
1383 3586 120 39 drove
1517 3578 67 40 the
1603 3583 138 39 enemy

1809 3604 122 39 sessed
1951 3599 50 50 by
2024 3585 295 50 undermining.
2372 3578 86 39 The
2476 3573 142 38 miners
2636 3565 45 39 of
2696 3565 66 37 the
2794 3557 91 43 14th
2919 3553 200 51 regiment

1244 3645 59 40 tad
1323 3638 96 40 with
1449 3635 67 37 the
1535 3633 86 35 21st
1644 3638 102 38 regi-

1809 3644 281 58 distinguished

2104 3634 259 69 .themselves.
2421 3624 142 43 Oethe
2581 3624 56 37 Ist
2649 3617 46 39 of
2713 3612 217 48 February,
2949 3609 154 35 Genera

1251 3693 126 43 which
1398 3699 103 27 were
1520 3684 156 38 thrown
1698 3689 52 37 up

1244 3749 47 40 ia
1291 3749 25 40 &
1333 3744 25 38 o
1358 3744 25 38 f
1407 3744 125 35 Sueva
1552 3732 50 40 an
1602 3732 26 40 d
1658 3731 91 37 Bar-
1817 3709 163 39 Lacoste
2011 3693 180 44 received
2211 3703 24 25 a
2261 3685 94 43 ball,
2383 3679 74 41 and
2491 3673 92 41 died
2616 3681 35 26 in
2683 3669 69 39 the
2772 3661 92 46 field
2884 3660 47 38 of
2947 3659 174 40 honour,.
3400 3650 46 22 ee

1774 3707 5 94 I
1818 3763 59 37 He
1906 3767 79 28 was
2006 3764 22 25 a
2048 3751 120 35 brave
2199 3739 78 41 and
2307 3726 286 58 distinguished
2620 3720 150 41 officer.
2828 3715 60 39 He
2919 3711 73 43 has
3025 3707 102 39 bees

1244 3810 47 33 ter
1310 3797 48 39 ef
1380 3807 25 25 a
1420 3793 226 41 laboratory
1663 3793 92 26 near

1244 3844 46 50 en
1290 3844 22 50 t
1312 3844 24 50 r
1336 3844 142 50 enched
1508 3833 247 46 themselves
1817 3806 200 46 lamented
2036 3803 47 50 by
2117 3797 67 39 the
2203 3789 132 43 whole
2355 3796 25 39 a
2380 3796 52 39 rm
2432 3796 26 39 y
2458 3796 26 39 ,
2510 3780 76 41 but
2614 3784 109 30 more
2744 3763 209 56 especially
2976 3762 51 43 by
3057 3758 71 40 the

1821 3867 210 46 Emperor.
2070 3844 164 46 Colonel
2257 3839 174 53 llegeiat
2444 3827 215 56 spcceeded
2679 3824 80 38 him
2773 3820 39 39 in
2826 3819 69 39 the
2910 3807 219 46 cowman:l

1244 3904 200 51 rnegliano
1470 3891 116 43 made
1605 3882 159 44 himself

1799 3917 22 78 i
1821 3917 47 78 of
1893 3913 66 39 the
1991 3911 224 47 engineers,
2245 3893 77 40 and
2357 3902 38 27 in
2420 3887 73 56 thp
2522 3876 281 54 management
2833 3868 46 41 of
2909 3868 71 38 the
3009 3863 124 50 siege.

1248 3958 45 39 of
1322 3956 137 39 Monte
1478 3948 176 37 Torrero
1672 3956 11 26 ;
1714 3935 50 39 he

1822 3969 87 40 The
1944 3969 143 39 enemy
2120 3946 194 47 defended
2348 3952 94 33 aver
2631 3941 28 47 .i
2689 3927 117 44 three
2841 3917 159 44 attacks
3034 3925 103 31 were

1244 3993 1 59 ,
1278 4006 169 41 number
1478 3998 48 39 of
1553 3993 211 54 prisoners,

1787 4032 11 66 i
1798 4032 12 66 l
1827 4017 113 44 made
1959 4015 52 54 by
2029 4010 138 40 mines,
2197 4000 79 46 and

2295 3993 14 64 ,
2309 3993 90 64 eitety
2399 3993 15 64 .

2477 3997 41 65 ...:
2621 4031 14 15 ,
2687 3971 31 66 .:
2718 3971 15 66 1
2733 3971 124 66 1soj!ses
2875 3984 107 34 were
3002 3967 143 60 blows

1291 4061 86 39 The
1398 4054 119 43 Duke
1537 4050 46 38 of
1600 4048 165 45 Correg-

1928 4069 79 40 and
2033 4054 181 50 afforded
2239 4054 79 43 thy
2330 4046 138 65 tfo9V,
2469 4046 24 65 :

2536 4031 299 71 jAiWittlitiM
2857 4023 48 43 of
2917 4026 204 43 stationing
3122 4026 21 43 .

1244 4117 141 43 Kantes
1411 4116 112 31 came
1543 4104 44 38 at
1604 4098 69 40 the
1704 4094 67 43 be-
1788 4085 13 77 l
1801 4085 13 77 i
1830 4085 70 41 uP.

2367 4102 128 47 .7.':i'd
2512 4100 98 40 .1.1-
2680 4103 24 39 ~
2796 4108 25 24 -.
2841 4100 2 50 '

2408 4170 5 21 .
2464 4170 25 18 ...

2387 4233 5 4 .

2616 4232 11 18 '
2663 4230 46 22 .----
2731 4257 22 18 ...
3398 4217 40 11 ...

1915 4305 4 51 -
1980 4349 46 5 --
2036 4349 8 4 -
3347 4305 2 51 _

3344 4320 32 14 ~.
