3449 4417
1136 115 143 50 THE
1318 112 376 53 NATIONAL
1730 112 389 53 REGISTER.'

247 237 18 24 i
291 229 63 33 ;tat
369 231 161 41 grounds
544 243 72 25 was
638 236 27 33 it
684 247 39 22 so
743 236 143 34 refused
904 239 13 33 ?
973 240 116 45 Why,
1110 241 46 34 he
1173 249 126 32 states,
1319 242 80 33 that
1419 241 176 45 although

249 286 25 24 a
293 276 93 34 bood
409 280 72 32 had
503 280 90 35 been
613 285 202 43 promised,
834 291 64 38 yet
917 296 45 24 no
981 288 94 34 bond
1097 288 70 33 had
1188 291 87 32 heen
1292 288 131 44 given!
1476 288 118 34 There

250 324 32 33 is
302 325 60 33 the
381 326 144 34 honour
555 328 41 33 of
617 341 22 21 a
661 330 141 35 Prince'
814 332 59 35 for
891 344 76 34 you
983 334 63 34 !!!
1102 337 15 33 I
1141 337 106 33 think
1267 337 63 33 the
1343 337 176 33 evidence
1535 335 43 33 ad-

252 372 117 34 duced
389 385 84 33 may
493 377 65 32 she
613 378 145 44 clearly
791 380 81 33 that
891 380 64 34 the
984 381 155 35 Honour
1162 384 44 33 of
1225 394 24 24 a
1276 385 136 33 Prince
1430 385 27 34 is
1475 390 60 28 not
1560 387 37 28 at

252 419 53 33 all
327 425 34 27 to
381 422 46 32 be
454 423 117 34 relied
599 435 112 35 upon.
767 426 70 34 His
857 428 126 45 Royal
1016 430 209 44 Highness's
1248 431 122 34 desire
1387 436 38 30 to
1447 439 152 37 procure

252 477 131 33 money
420 465 48 47 by
506 481 72 34 any
614 483 139 32 means,
785 484 44 25 or
863 475 94 35 from
994 488 72 35 any
1104 485 165 38 quarter,
1302 489 74 22 was
1402 480 78 32 also
1505 478 66 32 emi-

250 515 126 45 nently
402 519 262 44 conspicuous.
718 522 80 33 The
819 523 211 34 Gentlemen
1058 528 172 43 opposite
1258 527 125 33 would
1411 528 109 32 make
1538 524 61 34 the

254 562 130 34 House
420 565 148 34 believe
669 568 181 35 Paradise
891 582 78 22 was
1011 574 185 43 regained,
1248 574 81 33 that
1372 574 61 34 the
1470 573 129 44 golden

250 619 73 35 age
340 609 44 33 of
413 613 102 33 truth
539 624 77 24 was
644 617 168 41 revived,
840 619 80 33 that
950 620 51 33 all
1033 631 98 31 were
1155 621 172 33 actuated
1346 621 48 45 by
1431 620 61 34 the
1509 625 91 30 most

252 667 96 34 pure
363 660 71 32 amid
454 660 256 38 disinterested
987 667 70 33 13ut
1075 669 105 33 there
1200 679 71 22 was
1289 669 208 44 something
1522 667 77 33 that

252 705 104 33 these
376 707 216 35 Gentlemen
614 711 69 33 had
702 712 104 44 quire
835 713 243 35 overlooked.
1135 717 102 33 With
1259 716 98 33 them
1384 716 217 45 corruption

256 754 72 32 and
359 765 131 33 money
509 767 98 25 seem
622 764 38 27 to
694 758 94 34 have
807 771 45 21 no
869 759 227 38 distinction.
1153 764 34 33 It
1217 765 26 31 is
1274 768 98 35 true,
1400 764 80 32 that
1500 764 102 32 when

254 809 76 35 any
353 801 41 34 of
422 804 64 32 the
507 804 187 35 Members
724 806 43 33 of
796 809 80 32 that
900 809 125 33 House
1056 810 70 33 had
1161 811 59 32 the
1253 811 141 32 honour
1411 810 46 33 of
1478 810 124 43 dining

257 848 97 34 *Hit
376 848 60 34 the
455 848 188 47 Speaker,
671 854 89 44 they
778 855 60 33 did
854 862 63 27 not
935 856 69 32 find
1025 868 126 34 mohey
1173 859 111 33 under
1305 859 98 33 their
1422 857 129 45 plates.
1557 875 46 6 —

257 901 107 44 They
398 906 156 41 eirs,a,h:
574 902 71 37 and
681 902 107 33 bribe
806 913 84 24 now
909 904 35 34 in
974 905 156 34 another
1150 917 79 31 way
1243 906 130 43 —they
1402 907 85 41 give
1505 915 97 24 some

257 948 123 38 athee,
407 960 44 22 or
469 951 63 34 the
566 953 91 33 like.
713 953 40 33 W
767 951 67 35 nea
865 952 105 37 those
1002 950 126 37 Gents:
1134 964 78 22 then
1237 964 65 22 are
1328 954 145 41 talking
1491 954 111 32 about

260 998 236 44 corruption,
523 999 70 33 and
612 999 83 33 that
713 1000 60 33 the
797 999 111 35 Duke
925 1000 30 35 is
970 1011 45 24 no
1038 1012 81 33 way
1139 1003 133 41 guitty,
1294 1002 86 43 they
1403 1012 103 21 mean
1526 999 76 33 that

260 1054 133 34 money
416 1056 77 22 was
519 1054 63 25 not
608 1049 163 33 actually
793 1056 67 37 put
881 1051 76 31 into
978 1048 53 35 his
1054 1049 124 34 hands.
1237 1050 71 32 But
1329 1049 63 32 the
1411 1059 85 33 way
1517 1048 85 41 they

261 1101 100 24 were
381 1101 38 25 to
449 1093 111 34 know
594 1095 167 34 whether
785 1097 105 33 there
918 1108 61 22 was
979 1108 21 22 -
1017 1097 217 43 corruption
1261 1107 41 22 or
1338 1101 78 31 not,
1446 1106 73 24 was
1547 1095 57 33 for

260 1139 100 33 them
378 1148 35 24 to
433 1141 91 33 look
544 1148 39 27 at
601 1143 60 32 the
677 1144 228 33 motive—at
922 1144 64 33 the
1005 1155 145 22 manner
1166 1146 32 31 in
1218 1143 120 32 which
1354 1144 60 31 the
1429 1136 175 40 influence

263 1198 77 24 was
356 1188 209 33 exercised.
622 1189 59 34 He
711 1192 122 32 would
854 1199 87 25 nest
964 1198 77 27 turn
1061 1193 59 31 the
1143 1193 178 32 attention
1342 1191 43 33 or
1400 1191 61 33 the
1480 1192 124 32 Ilouse

263 1240 40 27 to
322 1234 59 33 the
402 1237 265 34 circumstance
684 1238 43 32 of
738 1239 54 31 his
815 1239 123 34 Royal
961 1239 213 43 Highness's
1191 1239 274 43 eadeavouring
1482 1247 35 24 to
1545 1247 40 22 ne-

265 1283 145 43 gociate
441 1293 22 21 a
498 1285 85 31 loan
604 1285 91 33 with
713 1296 22 24 a
754 1296 79 24 man
866 1287 86 32 who
989 1287 66 32 had
1082 1287 115 43 lately
1231 1287 90 32 been
1350 1298 22 21 a
1403 1286 201 41 bankrupt,

265 1330 159 41 through
443 1330 65 33 the
526 1332 157 33 medium
702 1332 43 33 of
771 1333 90 33 Mrs.
893 1333 171 34 Clarke's
1081 1335 136 32 Soliciu
1217 1335 20 32 ,
1237 1335 20 32 r
1270 1346 9 26 ;
1307 1335 70 32 and
1398 1332 59 33 for
1485 1332 118 33 which

266 1375 189 47 bankrupt
472 1378 46 32 he
534 1380 157 43 applied
711 1384 38 28 to
772 1383 72 32 Mr.
875 1382 76 33 Pitt
971 1381 57 34 for
1044 1394 22 21 a
1085 1384 119 41 place.
1261 1382 77 40 lie,
1351 1382 184 44 applying
1548 1381 59 32 for

265 1435 26 22 a
309 1427 94 38 loan,
433 1427 86 31 who
541 1436 74 22 was
631 1439 40 21 so
691 1429 105 32 much
819 1427 124 35 better
969 1430 176 43 provided
1167 1430 54 31 for
1252 1430 87 32 than
1358 1430 120 32 either
1496 1428 41 33 of
1552 1428 56 33 his

266 1472 124 34 Roval
409 1473 204 34 Brothers?
645 1473 76 43 He,
746 1475 59 33 for
826 1475 124 33 whom
969 1478 58 32 the
1045 1483 152 34 country
1221 1476 69 32 had
1310 1478 93 32 done
1419 1487 39 21 so
1478 1475 102 33 much
1596 1475 7 33 !

266 1518 77 40 Ile,
369 1521 122 32 whom
511 1521 54 33 his
587 1521 159 46 Majesty
765 1524 69 32 had
852 1530 63 27 not
935 1524 180 44 forgotten
1131 1524 7 31 !
1194 1522 64 33 But
1274 1525 61 32 the
1349 1524 259 33 circumstance

266 1567 44 33 of
326 1569 57 32 the
409 1567 142 33 Duke's
585 1565 185 48 applytt)e
789 1574 35 28 to
859 1573 94 31 raise
972 1581 128 25 money
1131 1573 156 39 through
1310 1573 63 31 the
1393 1572 156 32 medium
1569 1571 43 32 Of

267 1615 90 35 Mrs.
381 1615 176 35 Clarke's
578 1617 196 35 Solicitor.
798 1619 120 32 shews
940 1619 54 32 his
1011 1619 117 33 dhsire
1155 1619 31 32 ii'
1211 1619 150 43 mahiog
1380 1619 85 33 stall
1485 1619 104 44 appli-

267 1664 139 33 cations
438 1667 47 38 by
517 1664 66 32 her
601 1665 193 32 influence.
848 1667 84 33 The
966 1667 158 43 striking
1144 1668 141 31 feature
1307 1665 222 44 throughout
1550 1668 58 31 the

268 1711 122 32 whole
406 1710 163 33 business
591 1722 73 22 was
681 1713 61 32 the
762 1714 178 44 grasping
956 1722 35 25 at
1018 1726 57 21 air
1109 1715 100 41 thing
1230 1713 59 33 for
1307 1722 224 34 momentary
1553 1724 37 21 as-

267 1757 167 33 sistance.
493 1756 60 35 He
572 1760 110 33 could
702 1769 64 24 not
782 1762 56 32 this
852 1762 58 32 inc
932 1762 96 33 what
1050 1762 161 33 inei'ziblc
1230 1762 207 39 something
1456 1762 27 31 it
1502 1762 105 32 could

267 1805 47 34 be
333 1807 80 32 that
429 1805 168 35 directed
618 1807 61 33 the
704 1808 162 33 Learned
886 1809 216 32 Sieialeman
1131 1815 38 26 to
1196 1809 107 40 bring
1328 1808 165 33 forward
1513 1819 96 22 mere

266 1853 169 44 nothings
456 1858 39 28 to
514 1854 109 32 rebut
639 1854 87 33 such
746 1866 46 21 an
810 1867 113 22 ocean
940 1857 43 33 of
992 1857 188 41 evidence,
1208 1863 38 27 to
1265 1857 109 43 bring
1393 1856 161 34 forward

673 1913 149 44 Trifles,
839 1916 97 44 light
952 1926 39 24 as
1003 1918 71 39 air,

506 1959 79 34 Are
602 1965 38 28 to
661 1963 60 32 the
728 1961 151 46 jealous
895 1965 269 33 confirmations
1175 1969 27 28 St
1211 1975 90 34 rong

508 2007 54 35 As
578 2009 130 44 proofs
723 2010 44 33 of
776 2010 89 46 holy

270 2066 70 43 Let
380 2069 63 35 the
493 2069 163 35 Learned
686 2070 216 37 Gentleman
941 2073 244 35 look—there
1219 2074 64 33 has
1326 2080 64 28 not
1420 2075 91 33 been
1539 2086 71 32 any

267 2117 162 38 business
443 2128 39 22 so
498 2120 204 43 important
723 2124 37 27 to
780 2122 59 30 the
853 2124 359 39 country—uothiog
1226 2124 76 31 that
1320 2124 64 32 has
1398 2134 40 21 so
1452 2122 157 44 epsaged

270 2167 48 34 its
333 2167 198 39 attention,
560 2167 96 32 since
676 2167 64 32 the
761 2167 206 33 Exclusion
990 2169 73 33 Bill
1084 2170 158 43 engaged
1272 2171 81 32 that
1378 2171 155 32 house's
1550 2173 41 30 de-

268 2215 246 38 liberations;
542 2212 69 33 and
641 2212 44 33 he
705 2219 91 28 most
811 2215 183 44 sincerely
1023 2217 119 44 hoped
1163 2219 79 32 that
1260 2218 60 32 the'
1342 2219 267 32 remembrance

269 2261 46 35 of
330 2262 100 33 those
452 2259 86 34 who
557 2261 60 32 did
635 2262 98 32 their
748 2262 91 37 duty
852 2272 45 24 on
917 2263 79 33 that
1011 2267 185 37 occasico,
1226 2265 120 32 would
1368 2265 128 33 induce
1515 2265 93 32 them

269 2315 65 27 not
354 2319 34 22 to
407 2309 50 32 do
472 2307 170 45 injustice
676 2309 34 32 in
741 2309 86 33 this.
882 2310 190 34 However
1098 2311 89 45 high
1208 2313 59 33 the
1289 2311 92 33 rank
1398 2311 46 33 of
1473 2311 61 33 the
1548 2323 43 21 ac-

269 2356 106 34 cused
398 2356 45 39 14,
465 2356 27 32 it
511 2356 28 32 is
560 2355 65 33 bat
643 2366 21 22 a
683 2356 104 32 small
806 2357 274 34 consideration
1098 2369 46 22 on
1165 2369 58 33 illy
1241 2360 115 37 Mind,
1376 2359 57 33 for
1452 2359 59 33 the
1528 2369 80 24 case

268 2402 35 35 is
330 2404 59 33 the
413 2402 142 45 justice
585 2402 45 32 of
656 2402 222 44 Eng:and.—
893 2405 128 43 (Hear
1036 2405 15 34 !
1201 2417 17 31 )
1269 2408 81 32 The
1367 2407 243 34 Commander

268 2450 40 35 in
330 2450 113 34 Chief
459 2451 65 32 has
541 2448 135 35 offered
694 2451 60 32 the
775 2450 142 35 honour
937 2447 43 38 of
1002 2463 22 24 a
1044 2453 135 34 Prince
1194 2467 8 19 :
1231 2456 64 32 hut
1320 2454 14 32 I
1357 2456 44 31 be
1441 2454 104 33 leave
1570 2460 38 27 to

268 2504 110 33 State,
397 2497 80 33 that
498 2498 60 32 the
580 2497 142 34 honour
739 2497 43 34 of
795 2499 60 33 the
872 2499 117 41 King,
1016 2499 60 33 the
1096 2500 139 33 honour
1253 2502 44 33 of
1311 2502 60 32 the
1385 2503 150 38 Crown,
1548 2503 59 32 the

267 2545 169 33 fountain
456 2543 43 33 of
519 2543 157 45 justice,
705 2545 30 32 is
761 2551 40 27 at
830 2546 123 40 stake,
983 2549 67 32 and
1072 2549 98 33 these
1188 2559 61 24 are
1269 2555 63 26 not
1352 2556 37 25 to
1421 2551 45 31 he
1485 2549 123 34 turned

267 2593 104 34 aside
389 2600 46 35 Dy
459 2591 78 33 that
560 2591 122 32 which
704 2591 28 33 is
751 2603 80 24 now
863 2594 135 33 offered
1035 2602 35 26 to
1107 2606 94 32 your
1235 2597 138 33 notice.
1431 2597 155 33 Unfortu-

268 2639 144 44 nately,
433 2649 99 33 upon
553 2637 72 33 this
654 2636 142 46 hubjeci
816 2640 45 33 of
887 2641 155 39 honour,
1061 2642 104 33 there
1186 2655 26 20 is
1391 2654 24 21 a
1431 2649 171 28 contrast.

269 2685 24 37 I
317 2686 120 34 would
463 2686 89 33 wish
573 2695 72 33 you
666 2691 37 28 to
724 2691 64 39 put
809 2688 33 32 in
860 2689 215 43 opposition
1096 2696 37 25 to
1161 2692 26 31 it
1219 2693 59 30 the
1306 2692 143 32 hollour
1468 2692 41 32 of
1531 2693 78 32 that

266 2737 168 37 witness,
458 2734 85 32 who
565 2734 63 32 has
647 2734 91 32 been
759 2735 150 41 painted
932 2737 33 31 in
984 2737 84 33 such
1089 2737 178 34 infamous
1294 2740 148 32 colours
1459 2745 38 27 at
1517 2750 93 32 your

265 2780 89 40 bar,
370 2791 116 33 every
504 2777 110 38 etiort
630 2786 38 26 to
687 2780 175 40 discredit
885 2783 123 33 whom
1028 2784 61 33 has
1108 2785 143 44 always
1270 2785 208 34 redouaded
1492 2793 38 26 to
1548 2787 60 32 the

265 2829 77 37 coni
341 2829 19 37 •
360 2829 97 37 usina
477 2828 45 33 of
544 2832 103 28 those
671 2828 83 32 who
776 2829 159 43 brought
970 2830 25 33 it
1023 2831 177 34 forward.
1256 2832 74 33 Mr.
1357 2831 106 41 Few,
1486 2844 24 21 a
1526 2835 63 33 wit-

265 2885 97 32 ness,
381 2887 64 22 tins
467 2875 141 45 proved
639 2881 37 27 to
706 2885 90 32 you,
817 2877 81 33 that
928 2878 132 41 having
1090 2881 86 32 sued
1209 2880 87 33 Mrs.
1333 2878 142 35 Clarke
1506 2882 57 32 for
1589 2893 20 22 a

262 2917 106 44 deb;.
391 2936 24 20 w
431 2924 84 32 bidi
536 2923 64 33 site
617 2923 201 33 bucceeded
837 2923 33 33 in
888 2926 178 43 resisting.
1083 2928 71 32 this
1170 2937 159 31 woman,
1345 2929 83 32 who
1443 2931 63 30 has
1521 2929 89 33 keen

262 2975 54 32 st.
328 2970 57 39 mud
404 2982 40 21 so
467 2982 38 21 is
516 2969 15 40 -
531 2969 165 40 .estaeful,
717 2970 265 41 nevertheless,
1007 2974 154 41 thought
1183 2985 137 34 proper
1339 2981 91 27 most
1450 2975 138 33 hothiur-

261 3008 143 50 abl...to
420 3025 71 38 pay
519 3018 91 34 him.
667 3015 44 35 In
728 3018 102 32 short
852 3019 54 32 his
926 3019 120 45 Royal
1061 3021 214 44 Highness's
1290 3022 143 33 honour
1448 3022 85 34 rises
1547 3028 63 28 out

407 3069 203 38 d.seoss.oo
630 3065 83 33 like
733 3065 313 45 Baoquo'sghost,

459 3126 105 33 With
587 3132 143 28 twenty
750 3128 133 32 mortal
905 3126 126 41 gashes
1048 3139 47 25 on
1116 3130 54 35 his
1196 3131 109 41 head,

462 3175 57 34 To
540 3175 91 44 posh
651 3184 40 24 us
706 3164 15 44 *
722 3164 83 44 front
826 3185 69 24 our

262 3231 43 41 It
324 3236 30 33 is
372 3236 235 45 hnpovsible,
640 3237 74 38 Sir,
745 3236 98 39 that,
875 3236 113 33 under
1020 3239 52 33 all
1095 3240 60 33 the
1175 3241 280 35 circumstances
1479 3242 44 33 of
1543 3243 69 32 this

262 3294 100 27 Case,
379 3288 64 28 the
467 3283 110 34 Duke
601 3282 39 34 .if
661 3283 110 34 York
793 3295 65 20 ian
876 3285 116 32 retain
1015 3286 58 33 the
1091 3287 53 33 sit
1144 3288 122 33 nation
1287 3291 44 33 he
1349 3300 80 22 now
1455 3289 100 35 holds
1573 3296 38 28 at

261 3333 66 32 the
348 3333 91 32 head
461 3331 44 34 of
528 3333 59 31 the
607 3341 71 22 arm
678 3341 24 22 ,
718 3334 59 39 —(
795 3332 102 32 ileor
911 3334 17 28 !
954 3334 86 31 hear
1055 3333 14 33 !
1075 3334 20 43 )
1123 3333 58 35 for
1201 3337 12 32 I
1233 3338 92 31 have
1345 3337 152 44 nothiug
1515 3339 96 41 to:do

338 3379 18 31 is
381 3380 100 32 what
510 3389 86 32 may
613 3380 44 32 be
673 3378 61 34 the
752 3387 249 37 cohsequence
1020 3380 41 33 of
1085 3383 72 32 this
1182 3384 168 43 q:iestiun
1370 3383 106 45 being
1494 3394 38 24 so
1548 3386 43 32 de-

260 3426 124 34 cidi.d.
403 3438 21 20 a
467 3438 20 20 t.
509 3428 30 32 is
556 3429 86 41 only
665 3432 39 26 to
729 3426 45 32 be
788 3426 226 33 deteriniaed
1033 3429 40 43 by
1102 3431 60 31 the
1176 3431 172 34 evidence
1374 3432 131 33 before
1522 3441 85 35 yon.

356 3487 71 20 h.o.
467 3484 104 22 come
586 3483 37 22 :u
640 3474 87 32 surh
744 3484 18 20 a
783 3482 100 31 vote,
896 3475 51 32 let
963 3475 59 33 the
1033 3488 242 34 cotiseqaence
1292 3480 46 33 he
1356 3478 100 33 what
1473 3480 24 33 it
1512 3491 98 30 may,

257 3523 98 32 with
385 3530 47 26 no
470 3534 34 20 oi
515 3522 66 32 her
621 3521 275 34 considetation
935 3523 63 32 but
1031 3523 78 33 that
1139 3524 40 32 of

1201 3523 152 46 ,justice.
1403 3527 79 33 The
1518 3528 70 33 Peo-

261 3570 64 44 ple
343 3569 39 32 of
404 3569 167 43 England
594 3569 69 33 had
684 3573 37 30 at
731 3580 22 22 vb
767 3581 64 28 •.,s
850 3569 91 33 been
961 3573 194 31 rerairked
1186 3572 32 34 it,
1252 3574 141 43 history
1427 3574 59 34 for
1517 3575 94 33 their

257 3625 169 25 extr...me
446 3622 85 26 to,
553 3615 44 32 of

613 3615 154 45 .11,,tire.
837 3615 107 45 They
976 3617 135 35 looked
1141 3620 58 33 for
1222 3621 94 37 that,
1354 3621 85 43 they
1468 3621 139 34 desired

255 3665 96 33 that.
413 3665 41 33 If
470 3664 61 33 the
554 3663 125 34 Housh
703 3673 25 24 w
742 3663 97 33 ishc.l
872 3673 19 22 c
909 3666 189 43 impletely
1131 3676 35 24 to
1188 3669 175 33 convince
1393 3670 63 32 the
1476 3671 132 45 people

256 3711 47 34 of
319 3712 96 33 their
441 3712 221 33 deterinioat
672 3713 61 32 too
752 3717 37 27 to
808 3712 45 32 do
862 3710 85 45 just
965 3722 56 31 ce,
1054 3712 44 33 he
1117 3715 103 33 knew
1244 3726 70 24 one
1341 3726 84 33 way
1444 3718 43 32 of
1498 3719 111 43 doing

254 3767 69 32 so;
350 3759 70 33 and
442 3758 34 34 if
488 3759 52 33 all
562 3762 61 30 the
879 3761 84 31 who
981 3767 53 26 sat
1055 3771 45 22 on
1120 3762 63 33 the
1200 3763 180 34 Treasury
1406 3764 137 44 Bench,
1556 3767 51 32 all

253 3809 92 30 who
365 3809 94 31 have
478 3817 71 33 any
575 3808 241 33 emolualeots
835 3807 115 32 under
969 3809 59 38 the
1044 3809 152 43 Crown,
1227 3821 98 24 were
1356 3820 37 24 to
1423 3813 102 34 walk
1545 3821 65 25 out

253 3853 51 35 of
312 3859 61 28 the
393 3854 126 34 House
539 3862 39 26 at
596 3856 60 31 the
674 3856 89 32 tio:e
785 3854 106 35 whet,
909 3855 61 32 the
986 3856 157 32 livision
1161 3860 87 31 took
1271 3860 122 43 place,
1411 3862 67 31 and
1504 3857 104 37 leave

254 3902 32 32 it
305 3908 38 27 to
361 3902 64 32 the
443 3908 104 30 vet-.
570 3912 27 22 w
609 3904 18 31 a
660 3909 93 25 teve:
775 3901 81 33 that
872 3902 162 39 decisisn
1056 3905 113 40 might
1188 3907 58 39 be,
1263 3907 44 32 he
1324 3918 73 22 was
1410 3908 197 33 convinced

250 3950 66 34 the
335 3951 139 46 people
497 3951 123 35 would
640 3951 46 33 bn
702 3950 176 33 -roi•fiedi
934 3947 80 38 The
1044 3951 98 37 lion.
1169 3953 159 33 Baronet
1346 3956 197 33 concluded
1561 3966 45 22 an

252 3999 187 33 anima:en
467 4002 152 43 speech,
643 3998 124 34 th.•ble
780 4007 39 22 ;LA
839 3999 45 30 he
896 4000 189 43 appeared
1110 4009 35 24 to
1163 4003 56 35 he,
1248 4004 11 38 (
1273 3999 56 35 for
1357 4003 41 33 he
1422 4012 92 24 went
1530 4005 76 32 into

252 4045 66 33 the
501 4046 189 45 :warted
722 4046 44 32 bs
788 4045 193 44 crutches)
1009 4046 43 32 of
1072 4052 76 32 ino
1181 4048 105 34 hours
1315 4049 138 45 length,
1473 4052 46 44 by
1538 4063 48 27 ex

250 4103 98 35 pr.sn
360 4094 33 32 In
437 4095 56 32 his
511 4094 261 46 opprohation
793 4091 44 34 of
850 4095 59 31 the
930 4093 159 44 origioal
1115 4095 154 33 Motion.

301 4150 80 34 The
420 4147 33 38 M
468 4161 65 25 Asl
552 4162 52 21 en.
640 4146 46 38 of
716 4152 64 31 the
813 4149 56 34 Ro
880 4156 74 28 this
985 4153 247 39 eninmenced,
1260 4153 51 44 by
1346 4155 79 40 prat
1452 4156 59 40 iroz
1543 4154 63 35 the

252 4189 249 54 niinciutable
533 4196 200 38 Baronet's
759 4198 194 46 ingenious
981 4200 151 45 speech,
1159 4201 141 44 though
1331 4200 44 37 he
1395 4204 111 39 could
1540 4211 63 30 net

2640 107 249 51 MAACII

1658 261 112 33 agree
1796 253 91 34 with
1915 254 76 34 him
2010 255 35 33 in
2062 263 97 25 some
2178 254 44 34 of
2237 255 56 33 his
2310 254 243 33 conclusions.
2600 253 104 33 Here
2721 250 141 33 seemed
2880 256 35 26 to
2931 249 73 33 him

1662 302 35 28 to
1728 300 47 34 be
1807 306 78 28 two
1915 302 187 44 questions
2135 302 60 32 for
2226 302 99 33 their
2357 300 287 34 COllA;demtion.
2701 296 183 34 Whether
2917 295 87 45 dr.).

1659 346 131 34 should
1809 359 104 24 come
1932 354 38 28 to
1987 360 74 33 any
2091 350 151 33 definite
2259 350 152 44 opinion
2443 360 40 20 as
2500 354 39 26 to
2559 354 7 26 t
2580 348 43 32 he
2652 346 169 44 personal
2851 345 93 41 guilt
2968 344 43 32 of

1663 393 63 32 the
1749 396 132 40 Duke;
1907 398 72 33 and
2002 397 33 33 if
2049 398 83 43 they
2161 398 80 38 did,
2272 398 100 33 what
2399 397 80 32 that
2506 394 154 44 opinion
2679 393 130 32 should
2841 393 61 34 be,
2929 391 67 33 and

1663 439 86 37 how
1775 444 162 34 worded.
1991 445 60 33 He
2076 445 85 33 then
2189 444 178 34 observed
2393 454 102 35 upon
2520 452 24 24 a
2567 443 144 41 variety
2739 442 43 31 of
2811 439 124 33 modes
2965 449 44 22 Or

1662 487 115 37 forms
1802 491 48 45 by
1881 491 123 34 which
2031 491 89 45 they
2146 493 116 44 might
2291 493 139 33 deride.
2485 490 81 33 The
2585 490 123 32 House
2724 488 69 32 had
2807 493 64 27 not
2890 487 119 33 called

1667 536 59 34 for
1765 540 63 33 the
1869 544 72 30 test
1969 539 44 35 of
2047 541 176 33 evidence
2254 540 124 34 which
2412 540 52 34 all
2497 548 89 27 ages
2619 536 70 33 had
2727 535 280 43 adopted—the

1664 589 71 28 test
1755 585 43 34 of
1809 588 105 33 oath.
1969 588 45 33 in
2035 588 288 41 examinations,
2352 589 103 32 there
2483 596 77 24 was
2589 583 187 44 generally
2803 582 207 43 something

1665 632 70 34 left
1783 640 38 27 to
1865 637 175 37 surmise;
2085 637 65 32 hut
2198 637 90 32 Mrs.
2329 634 174 34 Clarke's
2543 632 174 34 evidence
2753 641 105 21 came
2902 631 104 31 home

1667 684 38 28 to
1741 680 63 33 the
1835 681 137 41 Duke;
2015 684 103 33 there
2161 693 73 24 was
2265 683 151 43 nothing
2450 690 39 26 to
2517 686 158 37 suggest.
2731 678 71 32 She
2838 678 76 31 told
2947 678 61 30 the

1668 728 129 34 House
1813 729 83 35 that
1918 731 54 33 his
1993 731 119 43 Royal
2133 731 185 43 Highness
2335 729 216 35 authorised
2574 728 70 32 anti
2674 725 195 43 approved
2888 724 44 32 of
2956 725 51 33 all

1667 775 64 33 she
1760 777 67 33 had
1859 778 94 32 done
1969 791 11 27 ;
2009 778 81 33 that
2125 778 44 33 he
2203 778 229 43 encouraged
2465 778 87 35 her;
2580 774 70 33 and
2679 774 80 32 that
2791 772 35 32 in
2858 771 76 33 fact
2965 771 44 33 he

1668 822 105 35 made
1795 824 63 33 her
1885 826 63 33 the
1965 836 99 24 mere
2088 827 214 33 instrument
2328 827 41 32 of
2391 826 52 32 his
2461 823 221 33 extortions.
2737 819 81 34 Anti
2836 820 45 32 he
2898 819 110 34 could

1669 879 59 24 not
1750 872 63 34 but
1845 882 155 35 express
2020 875 53 32 his
2102 875 164 43 surprise
2285 881 38 26 to
2354 874 70 33 find
2456 872 61 33 the
2541 870 156 32 Addresl
2715 880 39 22 so
2780 867 164 38 worded,
2972 876 38 22 as

1668 924 61 27 not
1750 926 37 26 to
1807 921 78 43 rely
1905 931 46 24 on
1970 921 61 33 the
2050 921 176 34 evidence
2245 921 41 33 of
2300 921 91 33 Mrs.
2670 917 33 33 It
2724 917 27 33 is

1669 966 122 33 There
1808 978 72 22 was
1899 980 45 21 no
1970 971 177 41 necessity
2169 969 59 33 for
2246 971 98 32 them
2366 978 38 24 to
2422 969 111 33 know
2557 966 81 32 that
2657 965 64 32 her
2737 963 176 33 evidence
2935 972 73 24 was

1670 1019 148 34 untrue;
1848 1016 27 33 it
1898 1026 74 22 was
1996 1017 33 33 if
2042 1018 86 34 they
2153 1018 72 33 had
2245 1017 213 33 reasonable
2476 1015 146 32 doubts.
2678 1012 106 43 They
2805 1009 115 44 ought
2950 1013 64 30 not

1671 1061 93 34 have
1788 1072 25 24 a
1845 1065 145 32 witness
2010 1067 112 32 tinder
2154 1067 64 31 the
2246 1065 174 32 influence
2456 1062 44 34 of
2516 1061 155 39 malice;
2698 1059 67 33 and
2784 1069 40 22 as
2859 1065 37 24 to
2920 1058 44 33 Mr
2963 1058 22 33 ,
2986 1058 22 33 .

1672 1108 172 54 yarke's
1861 1111 190 41 evidence,
2080 1123 44 22 on
2143 1114 64 33 the
2241 1123 25 20 w
2280 1111 98 39 hole,
2398 1120 106 25 many
2526 1110 203 43 gentlemen
2758 1116 96 21 were
2870 1104 45 32 of
2930 1107 83 40 opi.•

1670 1166 83 25 mon
1781 1157 80 34 that
1891 1160 26 32 it
1936 1160 116 41 ought
2081 1166 37 27 to
2138 1162 46 33 be
2216 1168 54 25 set
2293 1159 126 40 aside;
2448 1159 63 31 but
2543 1157 44 31 he
2606 1155 154 40 thought
2780 1153 66 33 the:
2846 1162 38 22 re
2914 1162 96 22 were

1668 1211 100 30 gome
1787 1214 102 37 parts
1907 1208 78 33 that
2002 1211 141 31 seemed
2164 1215 38 27 to
2223 1208 90 33 have
2331 1217 98 24 some
2448 1204 118 34 truth.
2621 1202 34 32 It
2675 1201 67 33 had
2761 1202 91 31 been
2874 1200 139 41 proved

1670 1260 81 27 toat
1769 1256 61 32 she
1852 1254 69 33 had
1939 1256 69 33 had
2020 1267 97 21 some
2139 1257 180 33 influence
2337 1263 87 24 over
2439 1253 61 33 the
2520 1250 97 34 mind
2639 1250 41 32 of
2696 1250 58 31 the
2777 1248 125 33 Duke.
2960 1247 52 33 As

1669 1306 40 28 to
1730 1303 89 32 Mi:.s
1835 1302 176 44 Taylor's
2029 1304 189 37 evidence,
2248 1305 28 31 it
2311 1307 92 27 went
2425 1306 38 27 to
2481 1299 152 33 confirm
2654 1297 61 33 the
2734 1296 221 41 corruption
2973 1294 45 33 of

1669 1351 64 32 the
1754 1350 128 34 Duke.
1910 1351 123 33 There
2047 1352 151 32 certain!
2209 1361 19 26 v
2246 1361 73 24 was
2333 1350 132 39 nothing
2465 1350 19 39 -
2500 1352 35 26 to
2551 1344 167 45 impeach
2739 1344 66 32 her
2820 1354 39 20 CA
2874 1343 139 39 idence,

1671 1397 64 33 but
1757 1398 24 32 it
1805 1397 69 33 had
1889 1398 128 32 struck
2039 1400 70 32 him
2128 1410 38 21 as
2186 1398 128 34 rather
2327 1395 309 41 extraordinary,
2665 1391 80 33 that
2766 1391 61 32 her
2843 1400 167 33 memory

1668 1447 133 32 siiould
1832 1447 44 31 be
1894 1456 38 20 so
1959 1455 141 25 correct
2122 1457 39 22 as
2186 1453 37 28 to
2259 1446 102 33 wl:at
2392 1443 70 33 had
2494 1441 128 45 passed
2654 1440 81 32 four
2753 1448 41 22 or
2815 1436 71 33 live
2906 1448 106 33 years

1670 1493 113 40 since,
1809 1494 69 33 and
1899 1494 80 33 that
2007 1495 28 32 it
2054 1495 129 33 should
2207 1507 35 21 -o
2265 1494 64 33 fail
2357 1495 63 30 her
2448 1501 39 21 as
2516 1495 38 26 to
2580 1488 103 33 what
2704 1488 67 32 had
2790 1486 181 33 occurred
2989 1496 24 21 a

1672 1541 71 32 few
1763 1541 87 44 days
1869 1541 130 32 before
2026 1543 64 32 her
2106 1543 270 33 examination.
2431 1539 31 32 It
2494 1547 72 22 was
2597 1537 34 32 in
2665 1534 112 45 proof
2798 1533 81 32 that
2909 1534 100 32 three

1672 1599 43 21 or
1742 1589 83 33 four
1851 1590 175 32 cbtained
2054 1591 93 34 from
2167 1593 61 30 the
2254 1590 109 33 Duke
2393 1586 43 33 of
2469 1586 109 33 York
2600 1586 59 28 the
2686 1583 120 43 object
2829 1580 44 32 of
2890 1593 21 18 o.
2930 1581 81 31 (etch

1675 1636 84 41 they
1798 1648 97 22 were
1935 1637 34 32 in
2006 1638 143 33 search.
2207 1638 70 33 Ilut
2311 1648 21 20 v.
2346 1648 38 20 as
2415 1633 79 33 that
2522 1643 45 22 ten
2622 1635 189 34 argonient
2841 1630 78 30 that
2952 1628 60 32 she

1674 1684 70 32 had
1778 1694 45 24 hat
1850 1684 210 33 undoubted
2096 1687 176 32 influence
2306 1695 44 21 nn
2385 1683 53 31 his
2477 1682 56 32 110
2565 1681 33 30 al
2647 1677 180 40 Ilightleo-
2842 1678 12 31 1
2933 1676 81 32 The

1672 1733 167 31 numbers
1858 1730 44 32 of
1913 1733 175 32 instances
2106 1735 43 31 of
2170 1734 79 32 that
2263 1733 104 32 effort
2383 1730 90 38 being
2473 1730 19 38 .
2511 1737 37 24 so
2567 1726 89 38 few,
2675 1726 59 31 the
2754 1723 256 44 presumption

1672 1780 181 44 certainly
1872 1791 73 24 was
1961 1781 124 35 weak,
2101 1782 81 32 that
2198 1780 63 33 she
2280 1779 71 33 had
2369 1788 70 32 any
2463 1776 177 32 influence
2653 1782 89 21 over
2760 1772 61 32 the
2845 1772 112 33 Duke
2978 1774 39 30 at

1672 1825 66 35 ;111.
1818 1828 80 32 The
1941 1828 249 33 Honourable
2228 1828 70 32 aml
2344 1822 161 37 Learned
2541 1821 215 33 Gentleman
2798 1820 86 33 then
2928 1828 67 32 pro-

1672 1873 132 34 ceeded
1828 1883 37 25 to
1883 1877 102 43 point
2006 1881 64 27 out
2089 1876 33 34 in
2140 1876 102 33 what
2262 1879 142 40 respect
2422 1873 63 32 the
2498 1869 175 35 evidence
2692 1867 41 32 of
2756 1866 89 33 Mrs.
2871 1866 143 33 Clarke

1677 1932 74 24 was
1763 1923 84 34 such
1869 1923 80 34 that
1970 1924 27 32 it
2008 1924 63 33 did
2089 1930 63 27 not
2169 1925 152 32 deserve
2339 1920 195 43 credence..
2580 1918 21 32 'I
2617 1917 45 31 he
2680 1913 80 38 first
2774 1912 242 34 observation

1677 1981 26 20 AV
1715 1970 81 33 Well
1819 1971 177 33 occurred
2031 1978 38 26 to
2105 1971 76 33 him
2207 1982 46 22 on
2274 1971 65 32 her
2367 1968 176 32 evidence
2570 1974 89 30 was,
2678 1963 76 32 OW
2784 1963 63 32 she
2867 1961 61 32 did
2950 1965 61 26 not

1675 2028 207 22 commence
1905 2019 74 32 this
1996 2019 116 33 traffic
2131 2017 94 33 until
2246 2017 65 33 her
2330 2017 145 32 distress
2496 2016 131 39 began.
2685 2010 39 33 In
2741 2010 73 32 this
2832 2009 182 33 assertion

1674 2065 63 32 she
1759 2075 73 24 was
1848 2066 162 39 directly
2029 2066 254 34 contradicted
2320 2066 45 31 by
2398 2063 64 32 the
2494 2070 85 24 ease
2600 2056 45 34 of
2659 2057 155 34 Colonel
2838 2055 177 33 French's

1675 2114 102 43 levy,
1795 2115 63 32 the
1876 2114 233 43 negotiation
2126 2113 46 33 of
2196 2112 123 34 which
2341 2113 25 32 it
2386 2108 193 46 appeared
2598 2117 45 22 on
2665 2105 58 33 the
2743 2106 169 38 minutes,
2946 2104 70 31 had

1674 2163 234 31 conuoenced
1931 2173 39 20 so
2006 2160 104 45 early
2146 2171 40 22 as
2213 2160 63 33 the
2301 2159 123 33 month
2445 2157 44 33 of
2515 2154 128 34 March
2672 2152 61 38 ISO
2733 2152 43 38 4,
2812 2153 110 38 being
2956 2151 58 34 six

1675 2211 142 31 months
1840 2207 214 35 antecedent
2074 2215 37 26 to
2140 2206 63 35 the
2223 2207 130 44 period
2391 2206 90 32 Mrs.
2505 2203 141 33 Clarke
2675 2199 116 33 stated
2820 2197 142 35 herself
2976 2204 38 26 to

1677 2257 91 32 have
1787 2257 230 33 comiaenced
2037 2255 72 33 this
2132 2256 91 33 kind
2250 2255 43 32 of
2306 2254 132 33 traffic.
2494 2250 104 34 With
2636 2249 130 43 regard
2787 2256 34 22 to
2851 2248 60 31 the
2941 2245 53 32 cir-

1672 2310 207 26 cumstance
1897 2303 44 33 of
1957 2303 66 33 her
2044 2304 133 41 having
2211 2302 115 33 stated
2348 2302 79 33 that
2448 2300 61 33 the
2531 2297 111 34 Duke
2663 2306 70 21 was
2764 2296 34 31 in
2816 2298 106 38 great
2941 2293 53 31 dis-

1674 2356 104 33 tress,
1795 2352 71 32 and
1886 2353 80 31 that
1985 2350 28 33 it
2033 2361 71 22 was
2117 2362 24 21 a
2153 2355 133 28 matter
2304 2349 43 33 of
2357 2353 104 38 great
2481 2344 180 41 difficulty
2680 2344 80 31 that
2785 2343 63 31 she
2867 2340 128 33 obtain-

1672 2400 43 30 ed
1736 2398 93 33 from
1850 2398 78 34 him
1949 2399 96 33 lOW.
2068 2398 45 34 he
2130 2408 74 24 was
2233 2402 39 28 at
2297 2408 24 21 a
2339 2396 72 33 loss
2435 2401 40 27 to
2496 2393 182 34 reconcile
2705 2392 85 30 such
2816 2393 197 28 statement

1676 2446 90 33 with
1818 2447 116 33 truth.
2013 2445 39 35 It
2108 2457 76 22 was
2236 2446 103 33 clear
2378 2444 84 33 that
2504 2441 93 33 Mrs.
2633 2439 141 33 Clarke
2825 2437 71 32 had
2944 2441 73 26 met

1675 2493 91 33 with
1785 2494 169 33 absolute
1970 2493 129 45 delays
2124 2493 71 33 and
2215 2491 261 34 obstructions.
2533 2489 102 33 Even
2652 2486 33 33 in
2704 2486 63 33 the
2792 2493 83 25 earqe
2895 2483 123 32 where

1672 2543 63 30 she
1760 2542 206 33 calculated
1996 2543 92 31 with
2109 2550 92 24 most
2230 2541 184 34 certainty
2446 2548 47 24 on
2519 2545 154 27 success,
2699 2533 146 43 namely
2877 2532 81 32 that
2978 2530 44 33 of

1675 2587 125 46 Alajor
1818 2590 80 32 Ton
1930 2588 66 35 ..'s.
2034 2589 81 33 how
2139 2588 86 45 long
2251 2597 77 24 was
2352 2587 64 32 she
2434 2584 96 44 kept
2555 2587 66 30 out
2639 2581 44 33 of
2709 2581 61 31 the
2789 2578 143 34 desired
2965 2587 38 24 re-

1676 2636 102 33 ward
1806 2636 60 33 for
1893 2636 65 33 her
1985 2636 183 44 suppioed
2193 2634 202 35 influence?
2454 2633 33 32 It
2511 2641 74 22 was
2610 2635 60 27 not
2701 2627 126 33 denied
2857 2626 81 33 that
2957 2624 61 32 the

1678 2683 112 33 1)0,e
1817 2683 163 33 allowed
2007 2686 89 32 Mrs.
2113 2683 141 34 Clarke
2285 2688 37 27 to
2347 2681 118 43 speak
2492 2679 70 33 and
2589 2676 111 33 write
2717 2681 39 27 to
2784 2675 73 31 him
2887 2683 45 21 on
2957 2672 60 33 the

1672 2732 144 44 suOject
1834 2731 43 33 of
1889 2741 105 32 army
2011 2733 244 41 promotions.
2309 2730 61 34 He
2383 2727 183 43 certainly
2585 2725 64 33 did
2679 2728 39 27 to
2735 2732 24 22 a
2777 2721 133 41 degree
2931 2730 64 22 con-

1672 2779 155 33 descend
1845 2784 38 28 to
1915 2779 89 32 hold
2024 2779 90 32 with
2144 2779 65 32 her
2233 2776 330 35 communichtions
2584 2772 43 33 of
2654 2771 81 32 that
2764 2776 93 31 sort,
2885 2769 66 31 but
2972 2767 44 32 he

1672 2825 203 34 contended
1896 2825 79 34 that
2008 2825 56 33 his
2083 2825 122 39 Royal
2228 2825 185 44 Ilighness
2443 2832 77 22 was
2551 2825 65 27 not.
2648 2816 208 37 convicted,
2878 2816 48 41 by
2944 2824 72 31 any

1672 2872 175 33 evidence
1866 2871 131 35 before
2017 2871 61 34 the
2099 2874 144 38 Howe,
2271 2872 43 32 of
2344 2871 136 41 having
2500 2865 197 47 permitted
2720 2864 79 33 that
2825 2864 135 40 degree
2978 2862 45 33 of

1676 2920 239 34 interference
1932 2920 34 34 in
1985 2931 106 32 many
2125 2920 229 45 promotions
2383 2917 122 33 which
2530 2911 223 38 constituted
2784 2911 63 32 the
2869 2910 148 43 alleged

1672 2969 139 43 ground
1830 2968 45 33 of
1889 2969 122 33 blame
2035 2969 125 41 agains
2165 2975 12 26 t
2207 2968 90 33 him.

1724 3017 59 31 Sir
1798 3017 34 32 S.
1859 3026 119 22 'MCI.
2001 3015 214 33 H.051114.1'
2236 3015 66 32 felt
2326 3015 26 32 it
2370 3024 22 22 a
2409 3013 111 37 duty,
2548 3008 143 46 painful
2725 3017 39 24 as
2800 3006 27 33 it
2859 3015 93 27 was,
2980 3009 38 28 to

1675 3063 168 33 consider
1861 3064 72 32 this
1956 3073 86 24 ease
2062 3064 33 33 in
2112 3073 24 22 a
2166 3073 89 33 very
2274 3063 165 33 different
2479 3060 104 43 point
2606 3054 41 35 of
2673 3057 93 32 view
2790 3054 94 32 front
2904 3063 113 32 eery

1675 3111 110 33 other
1806 3111 167 33 Member
1993 3122 25 21 vs
2031 3110 46 34 ho
2096 3119 77 24 was
2192 3112 41 31 of
2257 3110 83 33 that
2368 3107 204 45 profession
2593 3113 37 24 to
2652 3116 24 20 w
2689 3102 81 33 hick
2794 3102 44 31 he
2859 3099 70 33 had
2957 3102 60 31 the

1678 3158 142 33 honour
1837 3165 39 26 to
1902 3158 146 40 belong.
2102 3158 41 33 In
2163 3158 65 33 the
2246 3158 76 33 first
2343 3158 106 41 place
2480 3156 27 32 it
2530 3164 74 22 was
2624 3150 216 44 impossihle
2859 3148 59 33 for
2941 3148 72 32 him

1676 3210 38 27 to
1733 3211 119 27 assent
1869 3211 39 27 to
1924 3206 60 32 the
2000 3206 234 44 proposition
2254 3204 44 33 of
2319 3204 63 33 the
2402 3202 228 34 Chancellor
2644 3200 41 31 of
2700 3198 60 32 the
2780 3197 239 41 Exchequer,

1724 3254 98 32 That
1835 3254 104 32 there
1957 3263 74 22 was
2049 3263 45 22 no
2106 3253 141 40 ground
2267 3260 35 25 to
2315 3253 136 41 charge
2472 3250 54 32 his
2549 3249 26 33 It
2584 3248 84 40 oyal
2696 3244 176 43 llighness
2893 3243 122 32 either

1680 3300 90 33 with
1788 3300 220 41 corruption
2026 3311 43 22 or
2088 3300 89 33 with
2536 3298 70 33 Ibis
2623 3299 102 38 great
2748 3291 190 45 objection
2975 3298 35 25 to

1676 3347 63 33 the
1765 3350 249 31 amendments
2030 3347 136 33 offered
2202 3354 38 26 to
2259 3348 60 32 the
2348 3345 159 45 original
2531 3341 249 46 proposhions
2802 3340 125 32 before
2949 3340 60 31 the

1680 3394 125 34 ilouse
1821 3406 93 28 was,
1941 3394 84 34 that
2041 3393 87 45 they
2148 3394 63 33 did
2231 3399 60 28 not
2309 3394 71 33 call
2404 3405 98 32 upon
2520 3396 63 30 the
2606 3391 124 32 House
2750 3394 35 25 to
2807 3396 210 37 pronotmee

1674 3452 73 34 any
1769 3442 197 45 judgment
1995 3454 47 21 on
2074 3443 61 32 the
2165 3443 94 41 guilt
2288 3452 44 22 or
2357 3443 196 32 innocence
2580 3438 43 33 of
2644 3438 61 33 the
2739 3436 125 32 DuLe.
2920 3435 98 32 'Flint

1676 3491 111 32 letter
1806 3491 122 32 which
1967 3491 71 32 had
2057 3491 89 32 been
2164 3488 194 35 addressed
2379 3491 46 32 by
2461 3489 57 32 his
2541 3487 120 33 Royal
2686 3485 31 32 II
2727 3484 96 44 igloo
2838 3496 31 17 r,
2893 3487 34 27 to
2949 3483 70 32 this

1680 3537 137 39 !louse,
1843 3549 39 20 so
1896 3536 58 33 far
1976 3549 76 21 was
2069 3537 27 32 it
2115 3536 96 33 from
2231 3536 135 43 ratting
2386 3548 96 32 upon
2502 3536 97 33 them
2623 3543 35 24 to
2687 3533 142 37 decide,
2864 3530 78 32 that
2966 3529 56 32 his

1680 3586 120 44 Royal
1819 3583 184 46 Highness
2033 3592 63 26 not
2122 3586 90 39 only
2238 3585 224 44 deprecated
2490 3595 25 20 a
2544 3582 161 33 decision
2726 3582 44 28 It
2793 3580 63 31 the
2880 3578 141 38 House,

1675 3634 63 32 but
1772 3633 77 33 told
1880 3634 98 32 them
1994 3643 90 32 very
2099 3632 172 44 candidly
2290 3638 37 27 to
2346 3633 129 43 acquit
2494 3632 90 38 him,
2613 3631 63 31 but
2694 3628 94 34 that,
2818 3625 32 32 if
2872 3625 46 31 he
2946 3634 24 20 vs

1672 3686 63 27 not
1761 3679 191 45 acquitted
1985 3680 50 44 by
2063 3680 61 32 the
2148 3680 131 32 House
2306 3680 45 32 of
2388 3681 197 32 Commons
2627 3676 87 41 they
2757 3672 131 34 should
2921 3670 97 33 refer

1674 3730 63 32 the
1772 3733 136 27 matter
1941 3733 38 27 to
2007 3736 100 25 some
2143 3728 111 32 other
2278 3728 163 33 tribunal
2479 3725 129 44 (!Hear
2623 3724 12 32 !
2687 3722 102 32 Hear
2802 3719 13 33 !
2823 3719 18 43 )
2916 3719 100 33 'l'lr.t

1672 3777 111 33 letter
1815 3776 44 32 he
1883 3775 156 43 thought
2068 3775 61 33 the
2157 3784 93 28 very
2282 3781 115 26 worst
2430 3772 45 33 of
2516 3771 163 34 councils
2713 3769 81 34 that
2828 3765 109 34 could
2978 3767 44 31 he

1671 3823 107 43 given
1814 3829 37 27 to
1892 3822 54 34 his
1985 3823 122 44 Royal
2147 3822 196 43 Highness.
2422 3821 59 34 Ile
2529 3820 70 33 had
2644 3817 85 44 only
2769 3824 39 25 to
2851 3817 170 34 observe,

1674 3870 80 33 that
1783 3870 43 32 he
1859 3869 123 34 would
2017 3876 39 27 to
2083 3869 80 34 God
2194 3872 27 31 it
2259 3881 76 21 was
2374 3869 35 33 in
2441 3869 57 32 his
2538 3875 130 37 power
2695 3872 38 26 to
2764 3870 175 34 expunge
2959 3862 63 31 the

1672 3919 110 37 setter
1799 3919 213 43 altogether
2039 3917 97 33 from
2163 3919 65 31 the
2246 3917 254 44 proceedings,
2528 3925 43 22 or
2602 3914 78 33 that
2709 3913 44 31 he
2779 3909 109 34 could
2906 3908 116 33 etface

1672 3967 61 32 the
1755 3961 237 38 recollection
2011 3964 46 34 of
2083 3966 27 32 it
2143 3965 97 33 from
2259 3966 60 33 the
2339 3973 163 33 memory
2523 3961 45 34 of
2583 3963 61 31 the
2666 3960 137 33 House.
2858 3959 13 38 (
2887 3957 102 32 Hear
3004 3958 15 30 !

1672 4016 87 30 braze
1776 4012 14 33 !
1818 4015 90 31 helle
1920 4013 48 41 !),
2027 4012 110 41 Such,
2174 4012 78 33 how
2264 4022 103 30 ever,
2393 4022 39 24 as
2469 4012 27 33 it
2531 4020 91 25 was,
2657 4009 44 31 he
2717 4005 130 33 should
2867 4005 152 37 submit,

1672 4062 79 33 that
1773 4062 24 32 it
1818 4068 38 26 at
1878 4065 143 39 present
2052 4061 184 33 remained
2258 4061 57 32 for
2334 4059 63 33 the
2418 4059 128 32 House
2577 4065 37 24 to
2642 4056 142 38 decide,
2811 4054 86 41 oo:y
2923 4062 22 21 is
2961 4052 40 32 ho-

1671 4117 8 25 t
1689 4110 63 33 her
1768 4109 100 33 there
1885 4119 70 25 was
1983 4119 73 31 any
2075 4110 141 40 ground
2238 4114 35 27 to
2289 4107 167 45 impeach
2487 4106 56 35 his
2562 4104 28 32 It
2649 4104 33 32 al
2706 4098 213 45 Highness's
2939 4109 70 22 ei,fl-

1668 4159 87 32 -
1770 4156 13 32 ?
1843 4154 39 37 In
1910 4156 63 33 the
1998 4156 74 39 first
2096 4157 105 43 place
2236 4156 44 32 he
2315 4155 106 33 could
2443 4159 64 28 net
2535 4163 65 24 say
2631 4153 79 32 that
2735 4152 41 31 he
2794 4147 228 39 disbelieved

1667 4206 65 35 the
1747 4200 177 40 evidence
1941 4201 45 39 of
2011 4206 92 33 Mrs.
2128 4201 141 39 Ciatke
2284 4211 9 34 ;
2323 4202 46 35 he
2400 4202 109 37 knew
2530 4202 106 33 there.
2656 4207 97 28 were
2770 4205 110 37 many
2898 4196 124 41 straol

253 102 92 51 182

0 1964 165 621 V

3428 93 13 15 0
