3449 4417
1134 74 146 53 THE
1316 71 379 57 NATIONAL
1731 66 381 59 REGISTER.

246 59 20 48 I
274 56 65 52 IR~

243 216 76 24 was
335 213 146 45 natural
503 216 39 28 to
561 223 163 34 suppose
754 214 65 34 she
835 217 141 40 would,
1004 219 37 34 in
1057 229 250 35 comiequence
1328 220 45 34 of
1384 220 53 35 his
1455 221 120 35 libera-

242 254 91 44 lity,
361 257 96 33 have
476 260 106 33 made
598 267 149 37 greater
776 265 193 34 exertions
993 265 37 37 in
1063 266 58 34 his
1142 268 141 35 behalf:
1337 268 74 34 But
1430 269 71 33 this
1519 278 79 24 was

244 309 65 26 not
324 304 59 33 the
404 317 83 22 case
508 319 8 21 :
549 307 44 33 he
609 318 77 24 was
700 315 40 27 at
757 309 71 34 last
844 313 193 43 gazetted,
1057 314 65 34 hut
1143 317 60 32 she
1218 315 69 33 had
1306 326 46 24 no
1365 315 106 39 share
1486 317 37 32 in
1540 314 56 34 his

244 352 230 43 promotion.
528 356 72 33 She
625 356 174 35 declared
824 359 83 34 that
934 360 64 34 she
1026 361 71 34 had
1126 372 25 22 a
1179 363 59 33 list
1257 363 214 45 containing
1493 373 102 22 more

243 396 91 35 than
370 407 78 26 two
480 400 163 37 hundred
678 415 124 25 naines
835 406 45 34 of
904 409 151 44 persons
1089 410 85 32 who
1208 410 143 33 wanted
1385 410 209 41 situations,

243 443 125 37 either
385 448 37 32 in
439 448 63 34 the
528 450 172 46 military
725 463 45 24 or
788 452 63 37 the
867 454 90 35 civil
989 455 90 37 line.
1135 456 74 37 But
1230 468 77 24 was
1328 458 26 33 it
1368 462 63 31 not
1449 463 145 37 strange

249 491 87 35 that
353 504 24 22 a
407 506 164 33 woman,
599 498 90 33 svho
719 501 156 34 boasted
906 513 102 24 more
1030 502 180 40 influeace
1228 504 34 33 in
1293 506 61 33 the
1372 506 163 44 disposal
1556 503 44 34 of

246 539 132 46 places
411 543 91 34 than
536 546 61 34 the
625 546 126 40 Queen
780 547 152 45 herself,
958 550 152 41 should,
1139 552 34 33 in
1204 552 59 33 the
1290 563 113 33 space
1421 552 44 34 of
1489 552 105 34 three

242 589 148 33 months
424 591 47 33 be
504 593 86 33 able
624 599 39 28 to
697 594 47 33 do
771 596 155 41 nothing
956 596 59 34 for
1049 609 74 33 any
1144 608 67 24 one
1230 600 45 34 of
1304 600 102 33 those
1430 600 84 33 who
1531 599 43 34 de-

244 635 154 41 pended
426 648 46 24 on
510 639 66 35 her
604 641 151 34 interest
785 644 92 34 with
904 644 65 35 the
987 645 248 37 Commander
1250 648 37 33 in
1304 647 136 34 Chief?
1496 647 98 33 Who

241 693 79 27 Can
441 687 149 34 believe
615 689 99 34 after
745 691 63 33 the
834 692 126 43 proofs
986 693 84 34 that
1093 694 92 33 have
1206 694 89 34 been
1315 694 181 39 adduced,
1513 694 81 33 that

247 732 92 34 Mrs.
367 733 91 37 CLr
472 735 46 32 ke
549 746 89 24 ever
660 741 185 41 possessed
869 751 71 33 any
963 741 207 35 influence?
1224 743 58 33 On
1303 741 193 46 Speding's
1513 754 81 22 case

247 785 91 32 rests
354 781 60 33 the
439 793 170 25 measure
635 785 43 33 of
694 785 78 33 that
788 788 152 34 boasted
958 788 202 39 influence;
1191 790 156 34 because
1364 790 60 33 she
1439 790 138 34 certain-

243 828 44 43 ly
299 833 165 32 exerted
488 831 141 33 herself
641 840 35 27 to
700 834 60 33 the
781 840 136 30 utmost
935 835 43 33 of
994 837 65 37 her
1090 837 154 43 ability.
1297 839 96 39 Yet,
1419 837 100 33 after
1532 837 58 33 six

247 878 145 32 months
411 879 45 34 of
469 879 161 34 fruitless
644 883 263 43 expectations
930 883 43 32 he
990 883 111 33 found
1122 883 149 37 himself
1283 885 261 45 disappointed
1560 887 33 31 in

246 922 59 34 his
333 933 172 27 warmest
539 927 128 43 hopes.
722 930 112 33 Were
863 930 72 34 this
963 941 84 22 case
1072 934 90 32 such
1188 945 39 24 as
1256 933 92 34 Mrs.
1369 932 141 37 Clarke
1535 944 38 22 re-

244 976 201 39 presented
475 976 44 39 it,
546 981 98 33 true,
674 976 66 33 had
774 977 54 34 his
853 978 122 43 Royal
1011 979 185 43 Highnie-s
1214 981 106 44 given
1341 980 59 33 the
1421 981 174 41 cheating

247 1020 242 35 instructions
510 1022 120 34 which
659 1025 64 31 her
741 1024 72 43 lips
833 1025 206 41 delivered,
1068 1028 45 32 lie
1134 1036 87 26 must
1243 1030 45 31 be
1312 1026 61 34 the
1393 1033 91 27 most
1501 1028 76 33 infa-

244 1075 118 33 mous,
377 1068 221 40 detestable,
615 1072 289 33 woman-ridden
925 1074 141 38 ru4jiau.
1111 1075 71 34 She
1204 1085 73 24 was
1289 1075 115 35 asked
1423 1074 170 35 whether

244 1113 66 34 she
337 1119 107 32 could
467 1119 174 33 recollect
658 1129 73 32 any
750 1119 44 33 of
823 1120 63 33 the
904 1131 120 24 names
1046 1131 26 20 w
1085 1121 81 34 hick
1192 1122 195 45 composed
1414 1123 64 33 the
1504 1124 89 41 long

243 1160 66 34 list
338 1165 124 32 which
498 1165 63 32 she
599 1166 70 32 tied
715 1167 207 34 mentioned
940 1181 9 26 ;
993 1169 69 32 and
1097 1170 80 33 that
1209 1170 41 34 of
1279 1170 129 45 Major
1439 1170 152 38 Tucker

246 1219 81 24 was
363 1213 60 32 the
452 1212 86 44 in:ly
573 1222 70 22 one
671 1213 64 33 she
768 1214 64 31 did
869 1217 216 33 remember.
1144 1221 72 31 She
1248 1225 94 26 must
1372 1217 93 34 have
1499 1218 90 44 paid

243 1266 48 22 an
318 1260 111 41 equal
456 1261 135 33 degree
622 1259 46 34 of
686 1261 183 33 attention
900 1270 37 25 to
967 1267 94 28 them
1093 1265 67 39 all,
1200 1266 69 33 and
1302 1270 63 39 yet
1396 1265 61 34 the
1485 1276 105 24 name

243 1303 47 34 of
320 1304 124 50 Major
488 1307 151 33 Tucker
679 1309 111 32 alone
821 1310 187 34 remained
1054 1312 201 43 imprinted
1294 1324 46 22 on
1380 1312 64 34 her
1473 1313 113 33 mind.

244 1350 113 35 After
389 1365 24 21 a
446 1354 65 32 life
536 1361 105 37 spent
672 1355 34 33 in
728 1354 61 34 the
819 1358 141 32 service
985 1357 46 34 of
1062 1359 56 33 his
1135 1367 171 33 country,
1330 1359 100 34 after
1460 1361 111 34 distin-

243 1401 172 43 guishing
435 1401 152 33 himself
613 1401 190 34 wherever
833 1406 131 33 valour
989 1407 70 32 and
1077 1417 105 34 great
1212 1409 131 32 talents
1365 1408 105 33 could
1500 1409 87 33 rend

243 1444 229 43 distinction,
515 1449 71 33 this
618 1450 123 33 officer
776 1460 77 24 was
894 1453 146 33 carried
1077 1455 35 34 in
1152 1457 97 44 sight
1278 1455 45 34 of
1369 1455 54 34 his
1461 1456 128 33 native

242 1493 123 41 shore,
394 1506 46 24 oa
467 1495 54 32 his
539 1502 124 27 return
678 1496 96 33 from
800 1499 168 41 glorious
985 1500 167 43 labours,
1181 1517 19 19 v
1220 1504 65 33 hen
1306 1504 53 32 his
1380 1504 110 32 vessel
1511 1513 77 22 was.

243 1544 193 39 'wrecked,
462 1543 70 33 and
553 1544 54 32 his
634 1545 214 34 invaluable
867 1547 63 33 life
948 1548 92 32 sun!
1056 1559 24 22 a
1094 1561 90 32 prey
1205 1556 38 28 to
1254 1551 63 32 the
1341 1559 131 25 %valves.
1526 1551 59 33 lie

239 1589 111 33 could
376 1598 63 26 not
470 1602 81 20 now
575 1592 208 34 contradict
802 1594 63 33 the
885 1594 91 33 tales
1004 1596 35 32 in
1074 1609 25 21 w
1113 1599 83 32 filch
1228 1599 91 32 Mrs.
1354 1598 138 34 Clarke
1513 1598 70 33 had

240 1645 181 26 cnwoven
454 1638 56 33 his
544 1649 120 24 name.
722 1641 69 32 His
823 1648 133 38 tongue
992 1654 77 24 was
1103 1646 83 33 cold
1212 1645 34 34 in
1274 1644 129 40 death,
1429 1646 69 33 and
1530 1646 53 32 hie

239 1690 157 39 country
429 1693 100 38 wept
565 1697 91 22 over
691 1687 56 34 his
785 1698 144 34 corpse.
1000 1693 60 32 All
1096 1693 66 33 her
1193 1693 141 33 actions
1372 1694 144 33 seemed
1546 1700 37 27 to

242 1731 63 33 the.
328 1731 246 35 Honourable
605 1734 174 34 :leather
806 1743 37 25 to
865 1739 44 32 he
938 1739 141 35 stained
1109 1740 90 33 with
1230 1741 61 33 the
1315 1739 158 44 deepest
1491 1741 93 43 guilt

240 1779 73 32 and
331 1780 236 43 corruption.
621 1782 80 34 The
724 1782 111 33 Duke
854 1785 43 32 of
912 1785 115 34 York
1049 1799 76 21 was
1144 1794 58 26 not
1222 1789 86 40 only
1328 1787 79 33 said
1429 1793 35 27 to
1491 1789 92 32 have

240 1826 80 33 sold
351 1838 44 22 an
413 1828 280 44 appointment,
725 1832 64 30 but
809 1837 37 26 to
878 1832 91 34 have
998 1835 171 40 gratified
1191 1835 60 32 the
1281 1845 158 32 revenge
1466 1835 45 33 of
1527 1837 54 32 his

239 1876 207 34 coueubine
482 1877 48 43 by
580 1877 240 43 diminishing
863 1879 44 34 its
947 1891 171 25 revenue.
1188 1884 90 31 Mrs.
1309 1883 142 33 Clarke
1483 1893 74 22 com-

237 1922 170 45 plained,
449 1924 200 43 according
680 1929 39 27 to
750 1925 67 32 her
844 1937 81 22 own
951 1939 172 30 account,
1160 1930 44 32 of
1230 1930 133 43 baying
1389 1930 91 34 been
1508 1931 54 32 dis-

236 1971 209 40 appointed
467 1972 46 40 by
529 1972 159 32 Colonel
712 1972 129 40 Shaw,
867 1975 96 33 after
989 1978 65 32 she
1072 1977 71 33 had
1165 1978 175 32 obtained
1355 1977 57 33 for
1431 1980 73 32 him
1521 1980 59 32 the

239 2019 216 40 promotion
481 2019 120 32 which
622 2021 63 31 she
706 2020 70 32 hat
807 2023 184 37 promised
1023 2031 37 26 to
1094 2031 59 37 get
1168 2039 9 26 ;
1208 2026 66 32 and
1302 2026 194 44 requested
1527 2026 54 32 his

244 2061 124 45 Royal
405 2065 185 41 !lightness
609 2072 38 27 to
666 2069 132 31 reduce
819 2070 81 33 that
926 2072 124 34 officer
1069 2079 35 26 to
1136 2072 80 32 half
1231 2083 89 33 pay.
1380 2073 99 32 Witli
1509 2073 72 33 this

235 2117 150 39 request
405 2113 63 31 the
493 2113 111 34 Duke
635 2114 204 43 complied,
865 2118 70 32 and
957 2119 156 34 Colonel
1143 2120 107 33 Shaw
1276 2130 74 24 was
1378 2120 113 33 under
1520 2121 60 34 the

239 2159 180 43 necessity
451 2160 45 32 of
520 2161 247 43 apologizing
787 2170 34 25 to
843 2165 89 34 Mrs.
954 2167 154 40 Clarke,
1135 2169 70 33 and
1234 2169 156 43 offering
1408 2167 63 33 her
1481 2178 100 24 some

236 2205 210 34 additional
468 2207 123 39 bribe,
618 2211 34 30 in
678 2211 111 32 order
808 2216 38 27 to
862 2216 125 39 reg;;!ii
1006 2215 54 32 his
1080 2215 69 33 full
1168 2225 87 34 pay.
1309 2215 83 34 The
1410 2216 73 32 tale
1506 2226 74 22 was

234 2254 193 43 plausible
446 2267 11 26 ;
488 2257 66 31 but
567 2257 46 31 its
635 2255 194 35 falsehood
852 2261 120 33 would
989 2262 45 32 be
1057 2262 120 35 easily
1206 2263 187 40 detected,
1420 2263 157 43 through

231 2298 69 34 the
327 2311 91 33 very
438 2311 119 25 means
588 2303 80 33 that
690 2304 70 33 bad
780 2306 90 33 been
886 2307 200 45 employed
1111 2315 37 27 to
1170 2311 119 33 insure
1310 2309 80 35 safe
1407 2311 149 33 conceal-

231 2353 116 30 ment.
405 2349 28 32 A
456 2350 109 32 letter
582 2350 96 33 from
707 2352 155 34 Co'inel
882 2355 111 35 Shaw
1010 2357 137 37 stated,
1175 2359 79 33 that
1274 2357 74 33 she
1370 2363 133 32 was-to
1522 2369 37 21 re-

231 2396 109 32 ceive
366 2396 100 33 3031.
487 2409 22 20 a
531 2399 103 32 clerk
669 2396 94 34 from
791 2400 144 37 Coutes
965 2404 94 34 bank
1098 2406 89 41 paid
1224 2405 64 35 her
1303 2406 102 34 200!.
1424 2393 70 45 and
1520 2406 35 43 in-

230 2441 145 34 formed
397 2444 64 33 her
481 2446 80 30 that
579 2446 64 31 she
664 2457 76 22 was
758 2453 60 28 not
840 2456 38 26 to
896 2451 144 33 receive
1057 2461 73 30 any
1152 2463 100 22 more
1266 2463 146 32 moue:;.
1467 2452 109 37 Aftk.r

228 2492 221 43 examining
470 2492 146 34 Coutes
633 2494 135 38 hooks,
798 2494 27 33 it
853 2499 191 40 appeared
1058 2499 80 32 that
1159 2500 60 32 the
1235 2510 77 24 sum
1330 2500 150 33 of:200/.
1504 2500 69 33 had

228 2536 97 35 been
346 2541 91 43 paid
456 2549 46 24 on
529 2541 61 32 the
607 2541 64 33 sith
691 2542 71 43 day
791 2542 44 32 of
861 2545 142 39 Mardi,
1036 2546 113 38 1896;
1178 2546 86 37 and,
1291 2546 94 33 from
1407 2546 60 33 the
1496 2558 77 34 pay

226 2585 116 43 rolls,
367 2587 80 33 that
471 2587 154 34 Colonel
650 2590 112 31 Shaw
793 2600 73 25 was
886 2593 155 33 reduced
1072 2602 38 24 to
1131 2594 175 45 half-pay
1328 2595 63 32 the
1407 2597 71 39 day
1509 2597 40 32 be-

228 2631 98 34 fore.
380 2633 195 45 Although
601 2635 63 32 the
687 2636 242 35 Honourable
951 2639 167 38 Member
1144 2642 156 41 thought
1319 2642 65 33 the
1408 2642 109 34 Duke
1534 2644 43 32 of

227 2680 120 35 York
369 2681 170 35 innocent
552 2680 45 34 of
604 2693 73 24 any
694 2686 227 37 connivance
941 2688 34 34 in
999 2688 87 33 Mrs.
1113 2689 172 33 Clarke's
1298 2696 157 37 canna
1469 2691 83 34 deal-

226 2728 97 43 ings,
350 2734 65 38 yet
449 2730 45 32 he
511 2720 154 43 deemed
683 2730 77 35 hitu
796 2733 133 46 hizhly
945 2735 177 44 culpable
1150 2735 58 33 for
1231 2735 338 45 havingaanswered

226 2776 237 43 Clavering's
478 2778 270 44 applications.
804 2780 60 33 He
882 2781 152 38 differed
1058 2783 33 32 in
1109 2794 99 24 some
1225 2784 137 44 degree-
1384 2786 97 32 front
1507 2786 61 33 the

222 2826 216 32 sentiments
471 2828 200 40 expressed
709 2828 35 32 in
775 2828 90 32 both
900 2830 215 34 Addresses.
1192 2832 80 32 The
1313 2841 152 35 country
1495 2843 74 24 was

222 2872 37 32 in
291 2874 162 32 anxious
472 2874 248 44 expectation
755 2875 44 31 of
820 2876 64 32 the
917 2878 110 34 result
1062 2880 44 31 of
1131 2878 72 33 this
1225 2880 174 44 Inquary,
1424 2880 67 34 and
1525 2880 44 34 he

217 2920 164 43 thought
411 2921 66 33 the
511 2920 133 34 fairest
672 2931 85 33 way
785 2923 46 34 of
868 2924 197 44 sat;sfying
1098 2926 64 33 the
1202 2930 125 31 ntoiou
1359 2939 41 21 as
1434 2934 37 27 to
1507 2929 60 33 the

214 2968 159 33 conduct
391 2967 44 34 of
449 2968 46 33 its
511 2968 327 45 representatives,
868 2982 74 22 was
969 2979 37 26 to
1024 2973 53 37 let.
1093 2974 64 32 the
1173 2981 158 35 country
1351 2975 110 33 know
1481 2976 81 31 how

213 3024 117 35 every
367 3015 172 33 Member
566 3017 123 32 voted.
746 3019 13 39 (
775 3019 104 33 Loud
902 3021 90 31 cries
1011 3021 48 41 of
1075 3022 243 40 approbation
1337 3022 107 44 from
1465 3035 104 30 goer,;

211 3069 94 39 part
324 3063 46 44 of
384 3064 58 31 the
459 3064 164 40 House.)
679 3064 67 34 Let
757 3067 61 32 the
839 3067 169 43 question
1020 3069 189 33 therefore
1228 3070 41 32 be
1291 3076 81 37 put,
1401 3071 168 33 whether
1587 3034 12 107 II

214 3115 65 28 toe
301 3110 113 33 Duke
435 3111 46 33 he
496 3111 120 45 guilty
635 3111 44 34 of
685 3117 219 40 corruption
917 3115 71 32 and
1002 3117 224 32 connivance
1246 3128 43 21 or
1303 3123 78 33 not,
1398 3118 148 34 whether-

211 3157 51 34 he
282 3158 118 43 ought
429 3163 40 28 to
490 3159 45 33 be
555 3156 172 37 removed
745 3161 13 31 i
787 3172 58 31 or,
874 3163 52 32 let
953 3172 47 22 an
1029 3163 176 41 Address,
1234 3164 32 32 if
1281 3165 208 43 preferred,
1518 3167 45 33 be

206 3206 201 45 presented
436 3211 39 27 to
506 3206 54 35 his
581 3207 181 45 Majesty.

262 3255 60 33 Sir
344 3253 198 34 FRANcis
566 3254 211 37 licani..:TT
797 3266 80 25 rose
894 3260 39 31 to
950 3259 174 43 explain.
1179 3257 58 33 He
1259 3259 122 33 would
1413 3265 63 30 not
1506 3272 38 22 re-

206 3304 85 43 pel,
317 3301 90 33 with
435 3302 188 44 asperity,
657 3314 45 22 an
722 3304 242 45 imputation,
985 3305 142 39 which,
1157 3307 33 32 if
1205 3317 93 30 true,
1325 3308 89 41 only
1435 3309 123 33 tended

203 3357 46 25 to
275 3359 118 33 prove
407 3348 85 34 that
526 3350 43 33 he
591 3351 71 34 had
692 3351 139 34 offered
850 3357 40 28 to
907 3353 167 33 sacrifice
1098 3354 126 34 -lOW/.
1256 3356 34 32 in
1309 3356 111 33 order
1439 3363 38 26 to
1492 3369 47 21 ex-

206 3403 94 38 pose
317 3402 117 28 secret
450 3399 221 41 corruption
689 3403 39 30 to
754 3399 63 34 the
843 3399 242 43 condemning
1103 3412 71 32 eye
1188 3402 44 32 of
1243 3402 61 33 the
1326 3402 145 39 uatien,
1489 3405 67 31 and

203 3446 67 32 the
287 3454 157 33 scourge
465 3446 46 31 of
515 3443 156 45 justice.
726 3446 77 41 He,
833 3446 195 43 however,
1043 3448 132 34 denied
1196 3450 135 44 having
1346 3459 74 24 eve
1422 3461 14 22 e
1454 3451 104 34 made

203 3482 91 44 Bach
313 3503 24 22 a
354 3495 195 40 propos3l.

254 3541 76 32 Mr.
348 3542 91 33 (sou
454 3552 20 22 r,
493 3540 339 45 (ofNorfolk)--T
846 3540 96 37 shall
953 3548 60 30 not
1031 3543 149 34 trouble
1195 3544 61 33 the
1273 3544 143 37 House,
1431 3544 122 39 which

201 3583 70 39 has
304 3599 40 21 so
366 3591 185 40 patiently
583 3589 163 33 endured
781 3591 60 33 the
878 3592 200 43 ropetitioo
1111 3591 46 33 of
1189 3592 81 44 loog
1304 3593 176 43 speeches
1509 3605 46 24 on

196 3635 70 33 the
298 3647 40 21 ev
351 3637 67 32 ides
437 3647 40 21 ce
494 3648 12 25 ;
534 3638 81 38 hut,
653 3648 41 21 as
724 3648 46 21 au
806 3638 248 44 independent
1085 3648 98 30 man,
1217 3640 71 33 and
1317 3651 41 21 as
1382 3651 46 22 an
1461 3643 70 39 Eug-

196 3683 180 41 lishman,
420 3684 20 38 j
470 3679 94 38 shall
596 3691 64 26 not
706 3685 159 34 hesitate
904 3692 39 34 to
972 3686 150 33 declare
1154 3696 61 33 my
1250 3687 157 43 opinion
1441 3687 112 41 fully,

194 3732 169 43 plainly,
381 3732 71 32 and
472 3731 163 34 without
656 3743 158 24 reserve.
869 3733 74 39 Sir,
970 3739 41 27 to
1030 3744 56 24 the
1102 3733 63 33 the
1182 3744 99 30 case,
1299 3735 133 45 taking
1452 3737 26 32 it
1496 3736 37 33 al-

193 3780 194 44 together,
407 3780 26 33 is
449 3791 44 21 -so
508 3785 128 37 strong
651 3781 129 39 ;the
796 3785 220 31 conourreot
1033 3782 200 43 testimony
1250 3793 39 22 so
1307 3783 242 38 clear;and

191 3829 66 31 the
283 3827 293 48 cetiaan;ratine;
593 3830 300 37 cireumstances,
914 3830 59 35 tOe
989 3829 293 35 eirculostawial
1302 3841 39 24 es
1351 3831 142 40 idence,
1511 3841 40 24 so

190 3876 231 37 conclu:ive,
451 3878 83 31 that
555 3883 22 24 it
600 3876 87 34 (lees
700 3882 63 27 not
784 3878 106 31 leave
904 3876 64 33 the
984 3878 165 38 smallest
1172 3875 115 34 doubt
1304 3887 47 27 on
1371 3888 60 31 my
1452 3879 97 33 mind

188 3933 133 33 -ttor,
335 3925 40 32 as
400 3922 13 33 I
435 3922 131 33 *should
589 3924 125 41 think.,
731 3933 67 22 ran
820 3924 27 32 it
866 3935 46 22 ou
933 3922 83 39 ttiat
1033 3922 46 33 of
1087 3925 64 32 the
1165 3925 143 44 public,
1322 3925 48 39 of
1384 3925 61 34 tl:e
1461 3935 65 24 con-

184 3970 158 34 nivance
361 3972 70 32 awl
448 3972 224 41 corruptimi
685 3970 52 38 of.
749 3971 63 33 the
831 3971 111 33 Duke
963 3970 46 33 of
1032 3970 185 44 York(
1233 3973 129 35 /icor!
1391 3974 103 39 *or
1507 3971 38 45 !)

181 4020 71 33 I
274 4020 48 33 do
338 4019 150 37 ittl'icve
506 4020 73 32 aim
596 4024 39 28 to
653 4020 198 32 havebeen
865 4025 157 38 corrupt
1041 4020 37 33 at
1093 4019 311 44 theextrrrue-(
1415 4020 100 38 !!gar
1530 4022 17 32 !

183 4068 90 32 hear

317 4068 131 40 ,4efir!
464 4068 151 41 )--.;:r;
627 4063 37 35 to
687 4067 52 33 all
763 4068 136 35 Court;
917 4059 202 46 orihsvlice
1139 4067 201 45 witoN,-..,
1339 4067 20 45 -
1359 4067 60 45 may
1439 4080 105 25 come

180 4120 70 28 duo
270 4122 117 26 S4't':!r"
412 4127 38 21 it,
478 4119 34 30 di
524 4129 6 19 I
540 4115 57 34 etli
853 4114 295 44 circituistvlinl
1165 4119 176 33 evideocr
1371 4119 64 30 has
1456 4128 85 30 pro-

317 4174 103 22 frviD.;
809 4162 70 47 ;0.15
894 4166 79 30 Fell
991 4172 102 31 :lore
1114 4165 188 39 crimoisali
1322 4170 38 33 Sv
1385 4166 157 44 tnieg:tr.

283 4245 11 24 7

2633 81 254 53 MARCH
2920 90 76 48 19.

1658 207 233 38 lowsthan
1907 221 72 34 any
1997 211 261 45 otherspecies
2272 214 45 34 of
2324 216 195 44 testimony
2539 219 373 39 whatever.From
2933 224 64 33 the

1658 255 175 35 evidence
1853 257 34 33 in
1902 259 73 34 this
1989 259 252 35 casedirect
2254 262 70 34 and
2341 263 380 43 circumstantialT,
2756 268 63 35 for
2835 280 58 34 my
2910 282 84 24 own

1662 309 102 38 part,
1774 304 46 33 do
1837 305 148 35 believe
2000 307 81 34 that
2107 308 63 34 the
2192 308 113 34 Duke
2321 309 45 33 of
2391 311 116 35 York
2528 312 109 35 knew
2667 314 46 34 of
2724 317 64 33 the
2812 317 123 34 whole
2953 319 48 35 of

1662 350 98 34 these
1792 353 240 45 proceedings
2052 356 46 33 of
2130 356 89 34 Mrs.
2248 356 234 37 Clarkeof
2503 359 77 35 this
2611 360 183 35 inertil's
2820 366 116 34 traffic
2957 367 35 34 in

1661 398 165 37 military
1866 402 72 32 and
1980 402 106 34 other
2124 405 373 41 promotionsfrom
2536 407 64 33 the
2634 411 198 46 beginning
2859 418 39 28 to
2930 415 63 32 the

1659 445 65 33 end
1772 437 45 43 of
1856 446 57 34 his
1959 451 216 33 connection
2211 452 91 33 with
2348 454 128 44 her--(
2491 456 128 33 !fear!
2675 459 91 32 hear
2781 459 14 32 !
2850 462 85 31 hear
2952 462 13 31 !
2980 461 14 39 )

1658 493 69 33 I
1759 494 86 40 rise,
1880 496 73 38 Sir,
1980 507 39 24 as
2044 497 63 34 the
2134 498 223 35 determined
2391 511 130 34 enemy
2552 503 43 34 of
2614 506 236 45 corruption,
2880 510 116 32 which

1659 541 26 33 I
1713 552 58 22 am
1801 544 159 33 revolved
1991 550 38 27 to
2062 548 60 31 the
2158 547 70 33 last
2254 552 156 31 moment
2439 552 46 41 of
2509 562 58 32 my
2598 553 65 40 life
2696 556 37 30 to
2770 566 149 32 oppose,
2953 556 39 34 in

1658 596 112 34 every
1815 601 131 33 person
1996 591 44 34 of
2081 593 190 37 whatever
2306 596 91 33 rank
2437 608 45 21 or
2515 599 139 35 station
2725 609 92 26 even
2852 604 139 44 though

1661 635 45 33 he
1733 635 131 35 should
1902 640 48 31 be
1978 643 206 43 supported
2210 643 50 43 by
2300 644 51 33 all
2387 644 63 33 the
2476 646 201 44 eloquewe
2704 648 47 33 of
2776 648 104 34 those
2907 652 89 32 who

1659 694 84 33 may
1770 685 135 35 choose
1937 693 37 27 to
2003 697 91 34 reap
2128 689 63 34 the
2224 690 107 38 fruits
2365 691 45 34 of
2430 692 118 34 it.l
2578 693 92 34 shall
2692 694 190 35 therefore
2898 704 97 33 most

1658 733 180 43 certainly
1857 739 87 27 vote
1962 733 59 33 for
2041 738 63 31 the
2121 738 159 44 original
2306 739 176 41 Address,
2498 751 40 22 as
2557 743 185 44 proposed
2760 744 48 44 by
2829 745 64 33 the
2911 745 57 34 Ho-

1659 780 180 38 nourable
1863 781 146 43 Mover,
2040 784 123 34 whom
2204 785 14 33 I
2254 785 122 40 think,
2409 789 168 33 deserves
2598 789 61 35 the
2689 791 136 33 thanks
2852 793 43 33 of
2919 793 74 34 this

1665 827 139 39 House,
1839 829 71 34 and
1938 830 44 33 of
2023 830 60 34 the
2120 831 123 34 whole
2280 835 281 34 Country.W
2571 839 67 32 hen
2676 839 15 32 I
2721 839 90 33 look
2846 844 39 31 at
2927 839 67 37 the

1657 874 176 35 situation
1861 878 44 32 of
1933 888 98 24 some
2066 879 44 33 of
2143 880 63 33 the
2241 881 214 35 Gentlemen
2493 885 84 33 who
2613 885 92 34 have
2734 887 144 43 spoken
2904 889 90 40 last,

1656 921 70 34 and
1780 922 85 33 who
1920 924 94 37 have
2057 928 105 32 made
2207 930 87 44 long
2343 931 172 44 speeches
2567 943 46 22 on
2656 933 60 33 the
2763 935 228 33 Ministerial

1655 969 77 33 side
1772 970 44 33 of
1847 971 61 35 the
1955 973 123 34 House
2094 987 11 26 ;
2158 977 27 33 it
2222 976 87 34 does
2350 986 77 32 not,
2476 981 11 32 I
2535 980 123 39 think,
2692 981 151 33 become
2869 993 56 22 me
2950 990 40 27 to

1659 1028 72 32 pay
1744 1018 104 33 much
1867 1022 181 33 attention
2065 1029 37 27 to
2119 1024 100 34 what
2237 1023 87 45 they
2341 1026 253 41 say.Their
2609 1038 221 34 arguments.
2850 1031 139 41 though

1657 1065 269 45 triumphantly
1943 1069 206 41 delivered,
2181 1083 63 22 are
2278 1078 77 33 not,
2376 1075 33 31 in
2431 1085 59 33 my
2511 1075 113 40 mind,
2648 1076 146 44 worthy
2811 1076 43 34 of
2867 1085 122 30 ;men,

1656 1111 76 35 tion
1747 1124 44 24 or
1807 1115 133 40 credit,
1963 1117 103 34 when
2082 1119 274 35 consideration
2376 1120 41 33 of
2434 1122 60 32 the
2520 1123 154 33 motives
2691 1135 65 22 are
2776 1126 111 32 taken
2907 1126 78 33 into

1655 1159 61 34 the
1748 1168 170 35 account,
1950 1163 19 40 (
1977 1165 103 33 Hear
2094 1166 15 32 !
2148 1167 131 34 Meer:
2320 1169 72 31 and
2427 1169 117 33 Order
2558 1170 14 33 !
2613 1170 111 33 Chair
2739 1172 47 32 I!
2802 1175 9 32 )
2863 1174 73 40 Sir,
2970 1174 15 33 I

1655 1208 106 33 could
1796 1213 77 35 not,
1902 1212 235 44 consistently
2169 1214 91 33 with
2291 1225 59 34 my
2369 1217 203 44 principles
2608 1227 41 24 as
2670 1230 47 21 an
2743 1219 244 45 independent

1654 1256 66 32 and
1744 1256 124 34 honest
1899 1269 80 24 man
1996 1261 131 37 ;and
2151 1261 90 33 with
2261 1273 60 32 my
2340 1261 106 40 duty,
2476 1274 40 22 as
2550 1276 69 22 one
2646 1266 44 33 of
2714 1266 63 33 the
2794 1267 170 44 reprrlen-

1654 1302 66 33 tati
1729 1315 56 21 yes
1812 1304 44 32 of
1885 1306 60 33 the
1982 1309 135 43 people
2135 1309 45 33 of
2200 1310 71 33 this
2304 1300 193 52 kingdom,
2526 1311 150 35 forbear
2699 1315 207 44 delivering
2926 1328 61 31 my

1654 1350 151 43 opinion
1825 1362 44 24 on
1900 1365 38 20 so
1959 1354 202 45 important
2191 1367 44 25 an
2257 1358 184 34 occasion.
2499 1359 14 32 1
2546 1359 93 33 have
2657 1361 117 32 stated
2796 1372 60 33 my
2876 1364 111 33 senti,

1654 1404 111 27 ments
1783 1400 161 44 plaiolv,
1978 1403 67 32 and
2074 1404 157 34 without
2254 1415 159 32 reserve,
2440 1406 69 34 and
2528 1407 96 33 shall
2644 1409 193 40 conclude,
2858 1410 45 43 by
2930 1411 57 33 of,

1654 1443 116 45 fering
1788 1457 57 33 my
1860 1448 139 35 sincere
2017 1452 67 32 and
2102 1452 131 33 hearty
2254 1452 133 34 thanks
2405 1461 38 25 to
2461 1454 65 33 the
2546 1454 98 35 lion.
2667 1456 215 34 Gentleman
2901 1459 83 32 who

1654 1492 61 32 has
1734 1493 70 33 had
1835 1496 61 32 the
1920 1496 269 45 independence
2216 1506 39 27 to
2284 1501 106 41 bring
2421 1500 162 34 forward
2611 1504 70 32 this
2714 1504 154 44 Inquiry
2885 1518 9 26 ;
2926 1506 58 35 for

1652 1539 59 32 the
1731 1544 119 31 inaffiv
1872 1544 159 34 firmness
2052 1557 24 21 tt
2089 1546 52 33 ith
2164 1546 123 34 which
2310 1548 43 32 he
2374 1548 61 33 has
2456 1551 217 43 persevered
2701 1551 34 33 in
2756 1552 169 45 bringing
2944 1561 39 26 to

1652 1586 87 43 light
1762 1590 99 33 these
1876 1593 291 44 extraordinary
2183 1594 252 35 !ransactions.

1791 1638 244 35 WYNI)II.IM
2057 1641 157 41 thought
2241 1643 27 33 it
2296 1644 151 33 difficult
2474 1648 39 30 to
2539 1644 110 34 make
2678 1645 64 33 the
2770 1646 215 35 distinction

1649 1684 89 32 beta
1749 1696 65 22 een
1828 1690 221 33 connivance
2061 1690 69 31 and
2146 1691 231 43 corruption.
2406 1691 96 34 That
2524 1693 128 33 House
2670 1700 91 26 must
2781 1694 202 41 determine

1650 1733 164 33 whether
1830 1737 221 31 connivance
2068 1737 67 32 had
2152 1737 89 33 been
2259 1739 135 41 proved
2409 1750 9 26 ;
2450 1739 26 32 it
2493 1744 92 28 must
2596 1740 202 34 determine
2813 1753 39 21 as
2865 1749 34 26 to
2921 1744 64 33 the

1651 1778 141 35 Duke's
1813 1781 191 34 ionocence
2021 1793 44 22 or
2081 1783 118 43 guilt;
2229 1786 80 35 but.
2342 1783 175 35 however
2537 1787 28 34 it
2585 1787 113 43 might
2720 1789 61 34 be.
2809 1791 43 32 he
2870 1792 110 32 could

1646 1827 109 33 ntake
1774 1839 45 22 no
1838 1830 148 40 degrees
2006 1830 44 32 of
2057 1833 197 43 acquittal.
2288 1831 80 35 The
2383 1834 175 37 evidence
2575 1835 44 33 of
2631 1846 22 22 a
2670 1835 204 44 suspicious
2898 1838 64 33 wit-

1646 1884 74 24 ness
1739 1876 106 33 could
1866 1883 61 27 not
1948 1878 44 32 he
2010 1878 110 35 taken
2139 1889 38 24 so
2198 1880 91 43 fully
2309 1890 39 24 as
2361 1880 80 33 that
2461 1880 46 34 of
2517 1889 24 26 a
2559 1881 144 34 witness
2725 1884 164 34 without
2909 1896 58 24 sus-

1648 1923 136 44 picion.
1837 1924 52 33 As
1907 1930 38 28 to
1968 1922 87 38 Mrs.
2075 1928 155 40 Clarke,
2264 1928 102 33 there
2395 1939 73 21 was
2492 1939 22 20 a
2542 1936 162 37 pertness
2738 1932 71 32 and
2835 1942 25 24 a
2893 1931 72 46 flip-

1648 1980 133 34 pancy,
1812 1970 119 35 which
1954 1972 149 34 showed
2135 1974 65 33 she
2233 1975 70 33 had
2337 1975 72 33 lost
2426 1976 80 34 that
2526 1981 85 40 part
2630 1977 45 33 of
2701 1978 124 34 virtue
2856 1993 24 20 a
2895 1981 83 37 hich

1646 2019 142 33 carried
1809 2019 91 33 with
1920 2020 28 33 it
1965 2020 138 34 shame.
2157 2022 122 34 There
2298 2033 74 22 was
2391 2023 155 44 nothing
2564 2024 32 33 in
2617 2024 64 33 het
2696 2026 177 35 evidence
2900 2027 81 35 that

1646 2065 137 33 seemed
1805 2072 35 26 to
1860 2067 43 33 be
1936 2068 280 41 premeditated.
2271 2070 70 32 She
2360 2069 189 35 furnished
2567 2083 159 22 answers
2747 2081 37 25 to
2812 2076 48 32 all
2897 2078 83 32 that

1650 2122 71 22 was
1739 2113 111 33 asked
1883 2114 80 39 her,
1996 2117 90 32 with
2105 2117 63 33 the
2185 2122 158 35 greatest
2361 2117 165 45 facility.
2580 2119 34 33 It
2636 2130 72 22 was
2726 2121 72 34 this
2830 2120 148 44 facility

1646 2159 80 34 that
1737 2161 112 40 ought
1869 2166 39 28 to
1922 2163 110 33 make
2050 2163 98 33 them
2163 2166 182 40 caution,,
2370 2176 39 24 as
2427 2165 28 34 it
2476 2166 71 33 had
2562 2177 39 24 so
2616 2169 100 32 much
2735 2169 64 33 the
2818 2177 136 38 appear-

1643 2217 89 24 ance
1747 2207 44 33 of
1799 2207 116 35 truth.
1972 2210 70 35 But
2062 2212 85 32 then
2167 2213 107 41 again
2294 2213 100 33 there
2415 2223 74 24 was
2509 2215 72 32 this
2598 2215 79 32 that
2699 2219 279 34 recommended

1646 2254 64 33 her
1723 2256 175 34 evidence
1924 2263 39 27 to
1980 2269 69 22 our
2067 2259 137 39 notice,
2230 2259 81 34 that
2335 2259 279 35 circumstances
2644 2262 66 33 had
2741 2275 106 21 come
2867 2276 46 33 up
2943 2267 34 37 in

1644 2303 61 32 the
1717 2313 128 24 course
1861 2303 45 33 of
1922 2306 61 33 the
2004 2307 255 34 examination
2281 2313 37 27 to
2335 2309 244 33 corroborate
2598 2309 102 34 what
2720 2311 89 33 Mrs.
2836 2314 142 33 Clarke

1643 2350 69 33 had
1733 2352 211 43 previously
1964 2354 131 34 stated.
2151 2353 58 34 lie
2226 2355 107 33 could
2360 2357 63 31 not
2438 2366 174 34 approve
2630 2357 41 32 of
2687 2357 61 33 the
2769 2370 146 22 manner
2939 2362 33 33 in

1644 2396 119 33 which
1778 2399 26 32 it
1817 2398 71 35 had
1903 2399 89 37 been
2006 2401 254 34 endeavoured
2276 2409 37 26 to
2331 2404 170 43 impeach
2517 2404 61 32 the
2594 2405 217 44 credibility
2828 2408 45 32 or
2888 2408 90 34 Miss

1641 2445 116 44 Taylor
1756 2445 19 44 .
1775 2445 20 44 .
1847 2446 89 35 Mrs.
1954 2447 174 34 Clarke's
2141 2448 195 34 character
2357 2460 72 24 was
2441 2450 89 40 bad,
2549 2451 66 33 but
2630 2451 64 33 her
2711 2454 175 34 evidence
2902 2465 76 25 was

1638 2487 123 47 good;
1791 2493 60 34 the
1866 2494 193 33 character
2076 2494 44 33 of
2135 2494 89 34 Miss
2241 2497 142 45 Taylor
2402 2507 73 24 was
2492 2498 113 43 good,
2637 2499 64 33 but
2717 2499 67 34 her
2802 2502 176 37 evidence

1641 2549 53 24 wa
1734 2541 85 34 had.
1873 2542 91 33 Miss
1982 2542 143 44 Taylor
2140 2554 103 24 came
2264 2544 89 34 with
2374 2554 22 24 a
2424 2545 322 40 ready-answered
2774 2551 170 41 question
2961 2564 8 21 :

1636 2587 63 32 she
1715 2587 72 34 had
1801 2589 69 33 had
1889 2589 64 33 her
1972 2590 161 43 memory
2154 2590 200 38 refreshed.
2391 2593 57 33 lie
2461 2593 87 33 then
2562 2593 118 34 stated
2696 2594 83 34 that
2802 2596 44 34 he
2861 2598 90 33 wish-

1636 2634 44 33 ed
1701 2634 60 34 the
1786 2635 162 37 decision
1967 2649 39 21 as
2024 2644 35 26 to
2080 2647 148 37 persons
2244 2644 38 26 to
2302 2641 44 32 be
2367 2639 78 34 like
2464 2640 63 33 the
2549 2652 129 32 grave,
2709 2642 125 34 which
2868 2646 107 34 made

1637 2691 44 24 no
1698 2679 246 40 distinederns.
1998 2685 59 34 Ile
2075 2685 201 35 concluded
2295 2687 48 43 by
2361 2687 213 44 approving
2598 2687 44 34 of
2655 2689 60 32 the
2732 2689 243 37 Honourable

1639 2730 194 33 Member's
1869 2726 94 47 (Mr.
1988 2731 144 46 Banks)
2156 2734 243 41 amendment,
2422 2735 78 33 but
2530 2735 81 33 that
2637 2741 92 27 must
2748 2737 46 34 be
2815 2738 91 35 with
2926 2751 45 25 an

1633 2779 256 45 explanation.

1685 2828 94 32 Lord
1796 2826 224 34 CAsvit.Enr
2034 2837 87 25 %GI!
2154 2838 94 32 rose,
2276 2828 102 35 amid
2402 2829 86 34 loud
2507 2829 73 34 and
2607 2831 177 43 repeated
2813 2833 93 34 cries
2934 2836 44 35 of

1638 2872 171 40 Question
1825 2874 14 32 !
1870 2875 177 39 Questioi
2095 2876 70 33 and
2183 2876 100 35 after
2296 2876 162 43 noticing
2476 2887 99 24 some
2595 2884 100 38 parts
2712 2878 45 33 of
2776 2880 65 33 the
2867 2882 102 35 Hon.

1635 2920 247 35 ik.utletnan's
1902 2922 11 40 (
1928 2922 65 34 Mr.
2019 2919 227 47 Wyndham)
2265 2923 131 47 speech
2417 2934 39 24 as
2474 2930 38 27 to
2531 2926 65 32 the
2615 2926 104 33 mode
2735 2926 45 33 of
2794 2931 156 40 proceed-

1636 2967 74 43 ing,
1739 2969 41 31 he
1800 2968 176 34 defended
1998 2969 76 34 that
2096 2970 44 33 of
2150 2970 57 33 his
2228 2972 117 43 Right
2365 2972 98 33 lion.
2487 2972 138 34 Friend
2646 2973 81 43 (the
2745 2973 210 39 Chancellor
2955 2973 21 39 ,

1632 3015 43 31 of
1682 3014 60 34 the
1765 3015 257 45 Exchequer.)
2050 3018 79 33 The
2154 3018 124 35 Noble
2301 3020 91 32 Lord
2411 3020 228 33 commented
2656 3026 38 28 at
2714 3022 255 35 considerable

1631 3061 120 40 length
1772 3074 45 21 on
1832 3065 146 31 various
1996 3072 97 35 parts
2109 3066 43 32 of
2167 3066 60 33 the
2244 3066 172 33 evidence
2439 3066 145 47 against
2604 3069 60 32 the
2691 3069 124 43 Royal
2841 3072 128 41 Duke,

1629 3110 69 31 and
1710 3110 210 35 concluded'
1933 3122 24 20 n
1971 3112 50 31 ith
2050 3115 217 41 expressing
2298 3115 53 33 his
2382 3115 79 33 firm
2479 3115 213 40 conviction
2717 3116 45 34 of
2783 3118 37 37 Itl
2869 3119 102 34 intro.

1628 3158 390 45 cence.--Adjourned
2037 3167 35 26 to
2098 3161 244 45 Wednesday..

2034 3282 265 47 Wednecday,
2319 3283 150 39 )lurch
2493 3287 60 35 15.

2061 3361 26 22 If
2100 3361 20 22 E
2151 3360 120 24 DUKE
2301 3361 56 22 OF
2388 3361 141 32 yttn.K.

1675 3407 96 33 Lord
1802 3409 177 35 MILTON
2008 3410 136 44 begged
2173 3410 105 35 leave
2309 3417 37 27 to
2387 3412 144 34 traeble
2563 3413 63 33 the
2653 3415 129 37 House
2815 3418 92 34 with
2942 3432 22 21 a

1625 3454 69 34 few
1724 3457 118 32 words
1858 3465 50 26 on
1928 3458 100 33 what
2062 3459 142 33 secured
2233 3463 39 27 to
2307 3458 74 34 him
2406 3459 128 34 rather
2551 3472 21 21 a
2593 3464 146 33 curious
2756 3472 209 35 argument,

1625 3502 123 34 which
1766 3504 69 33 had
1852 3503 113 35 fallen
1980 3506 92 33 from
2091 3516 22 22 a
2135 3506 163 33 Learned
2317 3498 124 52 Judge
2461 3508 85 32 who
2561 3511 120 41 spoke
2698 3514 130 31 second
2854 3514 32 32 in
2902 3515 63 32 the

1622 3550 112 33 debat.
1734 3550 19 33 ,
1772 3552 100 39 (Mr.
1900 3552 175 45 Burton).
2127 3552 99 34 That
2249 3553 158 35 Learned
2433 3556 135 33 Person
2598 3557 69 33 had
2687 3560 94 39 said,
2802 3561 79 32 that
2902 3563 41 30 be-

1620 3598 378 35 cause'Mrs.'Clarke
2031 3609 73 25 was
2133 3609 47 24 an
2211 3600 167 34 immoral
2398 3602 211 41 character,
2635 3608 69 30 and
2726 3607 71 32 had
2817 3615 115 26 contra
2931 3615 20 26 ,
2953 3628 8 7 -

1619 3644 119 34 dieted
1761 3645 141 35 hersef
1928 3648 34 32 in
1993 3648 141 35 several
2153 3653 106 40 parts-
2274 3647 45 33 of
2344 3648 64 33 her
2424 3648 193 43 evidence,
2648 3652 43 33 he
2713 3656 123 31 would
2869 3656 94 33 have

1620 3691 61 34 the
1700 3693 122 33 whole
1837 3691 45 37 of
1894 3693 66 34 her
1972 3694 175 33 evidence
2156 3694 195 44 expunge=d
2370 3696 91 37 from
2480 3696 65 34 the
2564 3699 34 32 Al
2611 3699 128 34 buttes.
2785 3702 94 32 Now
2898 3703 64 34 the

1620 3738 124 35 Noble
1772 3739 93 38 Lord
1883 3741 107 35 could
2009 3746 63 28 not
2092 3742 86 44 help
2197 3743 188 43 thinking,
2405 3744 81 34 that
2510 3744 37 33 if
2561 3746 84 33 that
2661 3746 169 34 doctrine
2863 3759 98 25 were

1619 3793 38 27 to
1676 3783 47 38 be
1739 3787 196 45 admitted,
1954 3789 30 33 it
2009 3790 122 33 would
2156 3801 47 32 go
2220 3796 40 28 to
2285 3798 124 35 sweep
2426 3801 113 35 away
2561 3793 64 33 the
2640 3795 175 33 evidence
2833 3796 47 33 of
2900 3798 39 33 al-

1617 3839 91 31 most
1724 3843 113 37 every
1848 3842 77 33 4itle
1942 3837 85 33 who
2046 3837 70 33 had
2135 3837 92 33 been
2254 3837 111 33 heard
2383 3844 37 27 at
2440 3839 64 33 the
2525 3839 94 35 Bar.
2659 3841 111 34 From
2785 3843 63 32 the
2869 3852 93 28 most

1615 3880 207 38 deliberate
1839 3883 96 35 view
1954 3883 84 35 that
2057 3885 44 33 he
2121 3883 70 34 had
2223 3887 91 32 been
2330 3886 86 33 able
2435 3893 39 27 to
2494 3887 90 35 take
2601 3888 44 34 of
2670 3891 91 32 Airs.
2785 3892 175 34 Clarke's

1617 3930 210 45 testimony,
1845 3931 70 33 and
1928 3930 98 39 from
2044 3932 63 34 the
2121 3932 93 34 facts
2235 3934 37 33 in
2287 3939 156 38 support
2460 3932 44 34 of
2515 3935 65 32 her
2597 3938 214 39 testimony,
2832 3940 125 34 which

1615 3976 70 34 had
1696 3978 197 44 appenred
1913 3978 33 34 ia
1956 3980 175 34 evidence
2148 3986 40 27 at
2207 3979 59 35 the
2288 3981 89 39 Bar,
2392 3981 27 33 it
2434 3991 74 24 was
2526 3983 53 32 his
2593 3986 177 32 mnscienf
2780 3986 79 34 loos
2872 3989 64 44 opi-

1612 4025 98 40 nion,
1730 4026 84 40 tlial
1830 4025 65 33 the
1911 4033 141 35 p.resent
2069 4028 247 34 Commander
2336 4030 33 32 in
2387 4028 113 37 Chief
2516 4030 193 35 coutd,not
2721 4033 97 32 :with
2835 4035 123 45 safety

1612 4078 37 27 to
1668 4072 60 38 the
1750 4072 125 44 intblie
1896 4072 45 33 he
1956 4076 197 41 permitted
2174 4083 38 25 to
2222 4077 120 33 retain
2362 4076 53 33 his
2431 4077 193 34 situation.
2642 4080 129 40 (Hear
2787 4082 14 30 !
2822 4083 133 47 hear!)

1609 4121 106 43 They
1726 4121 104 39 Ntid,
1857 4122 64 34 that
1925 4126 13 38 ;
1968 4122 27 32 it
2030 4133 73 24 was
2135 4124 216 43 impossible
2386 4123 59 34 for
2476 4124 64 34 the
2558 4126 138 44 Royal
2720 4128 113 34 Duke
2852 4141 40 22 so
2913 4135 20 38 C
2933 4135 21 38 I

1605 4168 151 35 commit
1769 4168 171 37 .hiniselisi
1993 4167 70 37 But
2083 4170 170 41 WileWhe
2274 4172 168 39 reflected
2474 4173 84 41 lkuw
2590 4173 58 37 far
2678 4175 141 38 he,had
2837 4188 107 26 coot.

3425 99 7 107 7
3432 99 14 107 .;

3436 286 11 22 (
