3413 4528
1072 103 148 57 THE
1257 94 383 60 NATIONAL
1706 92 385 59 REGISTER.

583 239 171 58 LAW
798 239 348 53 REPORTS.

185 370 189 51 COURT
394 377 67 39 OF
484 376 180 41 KING'S
692 372 196 43 BENCH,
911 361 410 46 WESTMINSTER,
1352 363 99 39 FEB*
1472 364 67 35 21.

422 428 8 8 •
541 446 168 27 (worms
728 448 33 22 v.
785 444 72 25 WI,
870 441 138 27 EATLE
1019 441 22 32 V
1042 441 22 32 I
1094 441 93 31 ESQ.

237 498 98 43 This
350 511 77 26 was
443 511 48 24 an
519 502 126 33 action
673 497 41 34 of
739 496 138 35 assault
896 493 71 34 and
987 493 92 33 false
1111 487 296 47 impritonment.
1460 483 81 35 The

194 547 177 41 Plalntiff
389 552 31 32 is
436 561 24 22 a
477 548 207 35 tradesman
715 546 35 33 in
775 542 272 34 Westminster.
1084 539 70 33 and
1187 539 60 32 the
1280 533 210 37 Defendant
1520 542 22 22 a

189 598 159 35 CoVonel
371 598 35 34 in
426 598 61 33 the
510 595 152 34 Guards.
720 594 32 34 It
772 591 188 45 appeared
989 588 84 35 that
1106 587 61 31 the
1196 583 139 33 Miami
1345 582 39 40 ff,
1411 591 44 22 on
1473 579 66 33 the

193 645 135 45 King's
344 644 221 40 Birth-day,
575 643 45 33 he
640 643 139 43 beluga
794 635 215 40 Constable,
1029 633 148 43 serving
1194 632 35 33 in
1250 630 56 33 his
1320 640 85 21 own
1426 626 116 44 right,

193 705 78 25 was
289 694 183 37 stationed
495 694 34 31 in
549 702 67 22 one
635 689 44 33 of
703 689 61 32 the
780 694 158 26 avenues
956 684 58 32 lea
1015 683 18 43 -
1032 683 73 43 thug
1123 689 38 25 to
1178 680 59 33 the
1264 678 152 38 Palace,
1450 676 90 32 with

190 743 126 34 orders
339 749 37 28 to
391 741 136 46 permit
544 750 44 22 no
604 748 66 24 our
686 743 34 26 to
749 733 103 35 stand
870 733 33 33 in
921 732 77 32 that
1022 739 169 33 passlge,
1219 728 65 32 but
1302 732 39 26 to
1362 725 97 41 keep
1479 720 63 35 the

190 791 128 34 crowd
334 790 167 41 moving.
555 788 37 34 it
609 796 39 22 so
676 781 193 47 happened
896 780 80 33 that
991 780 85 32 Col.
1102 777 37 31 \V
1152 774 164 43 heatley,
1343 770 143 34 dressed
1508 770 34 33 in

185 833 184 40 coloured
387 836 164 39 cloaths,
567 831 128 47 placed
710 827 150 38 himself
873 829 33 32 in
922 827 79 34 that
1016 833 152 38 passage
1183 822 87 32 with
1297 828 77 25 two
1398 819 143 40 Latlies,

188 880 76 40 and
280 886 65 34 the
364 883 175 35 Plaintiff
552 880 146 37 insisted
716 888 97 34 upon
831 875 56 34 his
911 872 149 44 moving
1075 882 69 21 one
1165 880 81 33 way
1267 879 41 22 or
1336 867 63 33 the
1419 867 119 33 other.

191 930 85 38 The
296 932 211 37 Defendant
527 930 77 33 told
618 930 90 39 him,
723 928 83 31 that
826 922 45 33 he
887 931 74 25 was
978 918 270 43 Commanding
1267 917 138 32 Officer
1421 913 43 34 of
1478 913 63 33 the

193 981 148 40 Guard,
357 980 70 34 ani
442 978 132 35 should
593 976 104 34 staad
715 974 117 33 there.
885 970 80 33 The
987 966 175 35 Plaintiff
1179 964 123 34 would
1316 969 63 28 not
1400 961 145 33 believe

195 1028 93 43 him,
315 1039 40 24 as
384 1028 46 32 he
456 1035 76 25 was
563 1029 61 30 not
652 1020 142 35 dressed
826 1020 33 32 in
893 1016 175 40 uniform,
1098 1013 69 34 and
1193 1012 149 34 insisted
1371 1020 98 33 upon
1491 1009 54 33 his

193 1076 174 44 moving;
394 1085 98 33 upon
516 1072 120 33 which
671 1070 83 34 Col.
780 1065 198 43 Wheatley
997 1062 119 35 called
1137 1069 77 26 two
1243 1059 43 33 of
1313 1059 56 33 Isis
1402 1061 118 31 Grena-

190 1124 119 39 diers,
335 1134 94 34 gave
458 1122 65 33 the
556 1117 170 37 Plaintiff
746 1117 34 43 ip
815 1115 151 44 charge,
990 1110 70 34 and
1091 1110 45 33 he
1160 1115 74 27 was'
1260 1106 145 34 carried
1426 1116 21 22 a
1470 1106 54 44 pri-

194 1182 107 25 soner
320 1178 40 27 to
378 1170 64 33 the
461 1169 263 34 Guard-room,
744 1163 126 34 where
891 1161 45 33 he
954 1170 73 22 was
1049 1159 90 43 kept
1161 1163 77 26 two
1257 1155 124 33 hours.
1413 1154 37 33 It
1469 1163 76 21 was

195 1220 61 34 for
274 1220 74 33 this
365 1217 137 35 assault
519 1215 70 34 and
615 1213 276 44 imprisonment
920 1208 61 33 the
1013 1205 180 35 Plaintiff
1204 1214 80 24 now
1309 1202 161 40 brought
1489 1200 57 33 his

193 1269 145 39 action,
356 1265 69 34 and
435 1263 170 46 justified
627 1261 56 33 his
702 1259 157 34 conduct
876 1265 98 35 upon
1002 1256 64 32 the
1091 1254 126 32 orders
1239 1250 45 34 he
1313 1250 71 32 had
1403 1248 122 34 receiv-

197 1315 63 43 ed,
285 1315 71 33 and
371 1315 96 32 from
482 1323 45 24 an
548 1313 193 40 ignorance
754 1306 45 33 of
823 1305 63 34 the
914 1299 240 39 Defendant's
1170 1300 196 33 character
1383 1297 69 34 and
1470 1302 57 28 sta-

198 1363 96 41 tion,
314 1362 45 32 he
378 1361 109 43 being
508 1359 33 33 in
559 1356 175 37 coloured
751 1354 162 34 cloaths.

255 1410 93 33 Lord
376 1406 276 41 Ellenborough
681 1402 159 43 thought
870 1400 30 33 it
928 1410 73 22 was
1018 1397 211 34 extremely
1251 1400 129 47 wronl
1397 1393 43 33 of
1461 1393 17 33 (
1478 1393 17 33 7
1494 1393 50 33 01.

202 1457 43 30 tV
257 1457 148 35 heatlev
426 1462 37 27 to
484 1455 96 32 have
599 1450 91 35 been
715 1461 46 22 on
778 1449 91 43 duty
893 1449 31 41 in
924 1449 15 41 •
957 1446 178 35 coloured
1162 1443 145 34 cloaths
1337 1429 46 45 oti
1413 1441 85 31 such
1525 1450 22 21 a

202 1506 72 44 day
302 1515 40 24 as
363 1494 109 50 that;
498 1502 72 33 and
591 1502 83 32 that
698 1498 63 34 the
788 1496 187 39 Plaintiff,
994 1501 65 28 not
1084 1491 176 44 knowing
1289 1488 74 33 him
1383 1495 37 26 to
1440 1491 44 28 he
1500 1498 46 24 an

201 1556 168 38 0111cer,.
380 1551 61 34 did
463 1550 102 45 right
582 1548 34 33 in
637 1546 161 43 desiring
826 1544 76 33 him
932 1550 37 26 to
1002 1551 107 25 move
1140 1539 94 33 from
1261 1535 64 34 the
1343 1546 141 22 avenue
1511 1535 35 33 in

201 1602 125 33 which
350 1602 44 32 he
415 1609 74 24 was
519 1596 182 43 standing.
749 1594 83 33 The
849 1591 137 34 assault
1007 1589 71 34 had
1107 1589 90 32 been
1220 1584 156 47 proved,
1398 1585 70 32 and
1483 1584 63 33 the

203 1649 98 43 Jury
322 1641 124 40 would
462 1657 66 33 say
552 1645 102 33 what
670 1643 170 37 damages
856 1639 65 33 the
944 1636 174 35 Plaintiff'
1134 1645 72 22 was
1222 1632 157 34 entitled
1398 1636 53 28 to.

252 1698 81 33 The
347 1696 100 44 Jury
468 1703 94 37 gave
576 1704 24 21 a
617 1690 142 35 verdict
774 1689 60 34 for
849 1687 60 34 the
930 1684 187 41 Plaintiff',
1137 1681 90 34 with
1247 1681 74 34 M.
1339 1680 183 45 damages.

589 1763 90 27 THE
706 1761 112 25 KING
847 1761 37 22 V.
913 1756 257 27 BEAUMONT*

252 1820 94 37 This
381 1828 78 25 was
493 1828 46 22 an
565 1814 254 37 iaformation,
847 1809 83 35 filed
961 1820 48 22 ex
1041 1806 137 41 officio,
1204 1804 48 45 by
1273 1802 64 34 the
1368 1804 181 43 Attorney

204 1869 180 40 General,
410 1866 142 44 against
572 1866 65 32 the
661 1861 221 39 Defendant,
908 1858 58 33 for
981 1869 25 21 a
1033 1856 89 33 libel
1144 1856 33 32 in
1195 1864 24 22 a
1238 1853 149 41 Sunday
1411 1851 139 44 Paper,

206 1917 150 48 printed
386 1916 47 44 by
456 1915 63 33 the
542 1911 221 35 Defendant.
768 1907 33 33 —
801 1907 99 33 The
919 1905 87 33 libel
1030 1915 76 24 was
1131 1913 21 21 a
1170 1902 37 33 le
1207 1902 18 33 t
1225 1902 38 33 te
1263 1902 19 33 r
1299 1899 197 34 addressed
1514 1905 38 26 to

206 1965 61 35 his
288 1963 178 46 Nlajeity,
496 1962 113 33 under
630 1959 60 33 the
718 1957 188 43 signature
1033 1950 172 35 Tiberius
1514 1946 39 33 It

203 2011 198 38 tontained
433 2009 144 35 several
599 2015 167 37 passages
795 2002 44 34 of
863 1998 301 37 animadversion
1198 2006 102 35 upon
1317 1995 64 33 the
1398 1993 157 35 conduct

204 2062 48 34 Tsf
281 2060 63 34 the
366 2057 119 46 King,
511 2055 70 35 and
615 2065 104 32 many
741 2050 45 33 of
807 2050 64 33 the
893 2048 123 45 Royal
1042 2046 165 44 Family.
1260 2043 41 34 It
1315 2042 159 43 charged
1494 2042 61 33 the

210 2104 104 47 King
348 2106 92 34 with
477 2106 122 39 ruling
633 2102 61 33 the
720 2101 169 39 Country
917 2093 163 45 through
1111 2093 63 33 the
1204 2101 124 22 means
1345 2089 44 33 of
1400 2101 22 21 a
1439 2095 113 27 secret

208 2156 164 37 tahinet
390 2164 44 24 or
451 2154 119 34 Junto
596 2148 44 34 of
656 2156 150 39 persons
826 2145 73 34 inch
913 2143 197 47 pendently
1141 2140 43 33 of
1198 2139 61 34 the
1289 2138 125 44 public
1430 2147 100 24 :awe-

206 2202 106 38 liked
335 2194 191 40 Ministers
544 2199 70 34 and
635 2198 61 32 the
728 2194 120 44 Privy
882 2191 151 37 Council
1050 2202 12 28 ;
1090 2189 99 33 from
1220 2197 24 25 a
1276 2190 118 31 secret

1407 2190 100 45 ,part
1544 2207 12 17 ,

252 2254 45 32 ho
320 2259 98 22 were
437 2256 60 26 not
531 2244 226 44 responsible
778 2249 38 27 to
850 2241 59 33 the
927 2244 159 37 country
1119 2235 60 35 for
1196 2233 98 35 their
1315 2232 241 34 misconduct.

210 2297 92 37 'This
324 2308 74 24 was
415 2304 37 25 to
467 2298 104 33 effect
589 2295 63 31 the
672 2291 174 43 tendency
865 2287 43 33 of
922 2287 57 33 the
993 2287 109 33 letter
1113 2302 11 11 •

262 2349 80 32 The
356 2344 235 45 puislication
607 2340 107 44 bring
733 2337 155 45 proved,

262 2394 73 35 Mr.
356 2393 154 34 Cliifard
543 2388 194 37 addressed
770 2387 64 31 the
853 2385 112 41 Jury,
991 2381 70 34 and
1098 2378 198 35 contended
1318 2376 61 33 for
1394 2376 60 33 the
1473 2375 54 34 De-

211 2437 150 43 fendant
383 2443 78 32 that
491 2443 34 32 in
554 2438 107 33 other
689 2435 104 33 times
815 2444 30 21 in
865 2443 28 21 •n
913 2430 41 33 of
976 2430 64 33 the
1059 2430 76 32 first
1155 2426 170 45 political
1342 2425 210 33 characters

213 2491 73 37 has,
307 2489 103 35 made
426 2489 144 33 similar
587 2485 167 40 charges,
782 2481 90 33 both
895 2479 34 32 in
947 2477 99 37 their
1063 2476 171 45 speeches
1257 2472 72 33 and
1365 2472 161 43 writings
1544 2483 9 20 :

211 2541 72 34 stud
302 2542 43 31 he
363 2536 182 34 ias:anced
578 2533 33 33 in
650 2530 221 44 particular,
898 2528 61 32 the
989 2530 107 35 great
1133 2522 92 34 Lord
1247 2520 203 39 Chatham,
1480 2520 74 32 Mr.

220 2589 145 37 Burke,
398 2587 72 32 Mr.
515 2580 200 39 Beckford,
741 2577 71 34 and
844 2574 123 34 others
984 2585 11 25 ;
1025 2572 71 33 amid
1128 2576 58 39 yet
1219 2570 28 32 it
1276 2580 78 22 was
1371 2575 60 26 not
1452 2567 104 34 there

217 2635 84 37 held
322 2630 274 45 constitutional
618 2635 38 26 to
677 2630 196 40 prosecute
900 2622 102 33 those
1023 2629 148 34 persons
1188 2619 58 33 for
1263 2616 125 33 libels.

265 2686 81 32 Tbe
364 2683 116 38 Jury,
498 2679 111 34 under
620 2678 59 32 the
696 2672 183 37 direction
895 2669 41 35 of
947 2670 54 33 his
1017 2667 181 44 Lordship
1209 2665 113 34 found
1343 2665 60 33 the
1424 2662 110 34 Defen-

219 2732 93 37 daut
328 2732 145 44 Guilty.

2669 73 158 69 FEB.
2856 84 85 56 20.

2016 231 255 40 cuEsTER.
2298 230 248 39 CIRCUIT.

1779 304 144 33 Robert
1945 300 148 39 Dallas,
2122 299 92 44 Esq.
2243 296 69 34 and
2336 293 155 35 Francis
2515 292 156 38 Burton,
2691 287 96 47 I:sq.

1607 354 252 43 Montgomer%
1871 346 367 43 shire—Thursday,
2265 343 128 35 Nlareh
2409 338 65 45 23,
2492 345 38 30 at
2556 340 109 34 Pool.

1607 394 579 47 Dero)igh-hire--Iti'ednesday,
2203 393 47 33 11:
2261 392 78 34 arch
2353 391 63 40 29,
2431 394 43 28 at
2491 386 154 35 Ituthin.

1612 445 442 44 Flin:shire—Tuesday,
2078 442 106 44 April
2204 442 40 40 4,
2261 445 39 27 at
2321 439 118 33 Sold.

1607 497 226 35 Cheshire—
1844 491 182 48 Monday,
2049 480 107 56 April
2183 490 63 37 10,
2263 493 37 31 at
2321 488 60 32 the
2404 484 128 35 Castle
2552 482 46 37 of
2617 485 183 35 Chester..

1898 600 302 43 ACCIDENTS
2231 601 112 39 AND
2374 596 283 40 OFFENCES.

1658 672 117 37 Early
1793 676 46 26 on
1857 667 175 44 Tuesday
2052 666 183 41 morning,
2254 664 61 34 the
2334 661 96 45 body
2444 661 45 33 of
2498 672 22 22 a
2536 671 78 25 new
2634 661 94 33 born
2748 654 115 38 infant
2880 664 79 28 %as

1607 720 110 34 found
1739 720 34 31 in
1793 718 61 33 the
1873 715 136 45 garden
2028 715 43 33 of
2085 715 59 32 the
2161 711 241 43 Archbishop
2419 709 43 34 of
2473 710 248 40 Canterbury.
2777 707 38 33 It
2831 706 26 32 is
2871 716 66 34 sup-

1607 767 111 45 posed
1736 778 21 21 a
1779 774 145 25 woman
1945 762 69 33 had
2035 759 189 34 delivered
2246 758 138 34 herself
2399 758 34 34 in
2454 758 64 34 the
2541 754 319 47 Bishop's-walk,
2883 754 73 34 and

1609 817 70 33 had
1702 815 145 33 thrown
1870 811 25 33 it
1911 821 91 22 over
2021 809 63 34 the
2100 811 137 40 garden
2259 806 103 37 wall.

1659 863 81 34 The
1762 860 98 44 body
1879 857 46 34 of
1933 869 25 22 a
1980 869 96 31 very,
2088 857 143 43 gtnteel
2254 854 142 34 dressed
2418 865 85 22 man
2519 857 73 30 Was
2613 841 136 56 picked
2770 863 51 32 up
2843 852 34 32 in
2895 849 64 34 the

1610 922 79 24 new
1716 908 231 44 Paddington
1967 907 112 35 Canal
2117 917 44 21 WA
2197 905 57 32 Tu
2261 904 107 32 esday
2389 904 86 35 last,
2502 902 71 33 and
2607 901 30 34 it
2657 912 74 24 wa-
2760 898 132 35 owned
2913 907 47 22 on

1609 961 61 32 the
1691 956 196 45 following
1904 956 73 43 day
1998 956 47 41 by
2076 954 59 32 the
2154 952 161 34 brother
2340 950 45 32 of
2406 950 64 33 the
2497 948 191 40 deceased,
2722 948 124 33 whose
2870 956 69 24 con

1609 1007 163 33 nections
1791 1011 100 25 were
1911 1003 124 33 traced
2065 1002 48 43 by
2131 1009 100 25 !tome
2251 997 292 35 memorandums
2561 996 111 35 found
2694 997 35 34 in
2748 1007 24 24 a
2798 993 137 46 pocket-

1609 1054 117 34 book.
1782 1054 72 32 Mr.
1876 1049 180 40 A—r-1,
2083 1050 59 32 the
2161 1046 195 39 deceased,
2379 1056 74 24 was
2470 1056 25 24 a
2513 1045 217 34 Lieutenant
2759 1042 46 37 of
2833 1041 105 37 Infan-

1610 1110 74 30 try,
1711 1113 46 22 on
1779 1100 107 34 leave
1904 1098 44 33 of
1972 1098 168 33 absence.
2198 1093 183 35 Whether
2405 1094 45 32 he
2478 1103 103 24 came
2614 1094 50 40 by
2685 1090 57 35 his
2761 1091 111 34 death
2908 1089 52 44 by

1607 1150 183 33 accident,
1825 1157 44 24 or
1900 1146 139 43 design,
2075 1148 132 30 cannot
2239 1144 46 31 he
2319 1141 248 35 ascertained.
2616 1141 126 34 There
2781 1146 100 27 were
2911 1147 48 24 no

1611 1199 125 33 marks
1752 1195 45 34 of
1811 1196 184 37 violence,
2014 1193 70 34 and
2101 1192 69 34 live
2187 1191 151 45 guineas
2360 1200 97 22 were
2471 1187 109 35 found
2601 1185 33 38 in
2655 1188 57 33 his
2732 1188 154 44 pocket.

1658 1247 58 32 On
1736 1244 61 35 the
1830 1243 83 35 10th
1933 1243 85 33 inst.
2044 1251 22 24 a
2100 1238 241 37 remarkable
2376 1238 165 33 instance
2567 1235 43 34 of
2626 1234 244 46 desperation
2897 1243 44 24 oc-

1610 1293 128 34 curred
1757 1299 37 27 at
1817 1289 120 37 North
1959 1289 159 33 Shields.
2173 1289 111 32 Some
2309 1286 152 33 articles
2481 1281 123 37 which
2634 1284 70 33 had
2722 1283 96 33 been
2844 1281 120 33 stolen

1610 1337 98 38 from
1735 1352 22 21 a
1791 1337 239 35 wash-house
2054 1342 39 28 at
2119 1333 254 46 Tynemouth,
2405 1331 141 43 having
2574 1333 91 33 been
2693 1331 115 34 found
2837 1329 35 35 in
2898 1328 66 34 the

1613 1389 202 45 possession
1832 1385 46 35 of
1902 1396 25 22 a
1948 1394 143 25 woman
2117 1384 44 33 of
2181 1383 65 32 the
2267 1393 104 24 name
2398 1380 46 33 of
2476 1381 159 39 Murton,
2668 1380 87 34 who
2776 1377 58 34 for
2854 1385 109 34 many

1613 1447 106 24 rears
1739 1437 91 43 kept
1858 1446 24 24 a
1910 1433 144 34 school.
2080 1431 70 33 and
2186 1430 125 33 which
2340 1429 64 35 she
2431 1426 164 37 affirmed
2624 1439 100 22 were
2753 1424 211 47 purchased

1615 1485 94 33 From
1728 1494 70 22 one
1826 1482 45 34 of
1900 1481 105 33 those
2027 1489 138 22 women
2189 1478 87 33 who
2293 1488 65 24 are
2378 1478 34 33 in
2432 1478 65 32 the
2528 1475 105 34 habit
2660 1474 45 34 of
2730 1472 236 45 exchanging

1611 1533 142 33 clothes
1770 1543 9 30 ;
1808 1532 66 32 but
1889 1535 63 26 not
1971 1528 111 38 being
2098 1527 84 34 able
2204 1533 38 26 to
2259 1527 63 32 tell
2353 1525 61 33 the
2432 1534 109 22 name
2567 1534 43 21 or
2623 1522 190 34 residence
2836 1519 44 34 of
2901 1519 65 34 the

1616 1590 159 30 woman,
1805 1589 102 24 some
1923 1585 150 35 persons
2096 1573 209 46 upbraided
2341 1574 63 32 her
2426 1573 35 33 in
2486 1574 67 32 Cie
2581 1581 129 24 course
2730 1570 45 33 of
2802 1569 60 33 the
2891 1569 73 40 day

1615 1628 91 33 with
1727 1626 111 40 theft,
1859 1625 125 34 which
2016 1623 139 33 seemed
2189 1628 39 28 to
2263 1620 104 34 drive
2395 1620 66 33 her
2477 1620 135 33 almost
2640 1623 39 30 to
2713 1618 150 38 frenzy,
2893 1615 73 35 and

1613 1677 115 33 about
1746 1684 106 25 seven
1871 1671 148 35 o'clock
2037 1677 38 28 at
2094 1670 119 43 night,
2245 1670 64 34 she
2323 1668 197 35 embraced
2541 1675 76 25 two
2642 1667 45 33 of
2717 1667 66 33 her
2800 1655 169 44 children

1615 1724 141 33 several
1776 1723 122 39 times,
1932 1720 94 34 bade
2059 1719 97 33 them
2176 1717 188 39 farewell,
2389 1717 72 34 and
2493 1715 103 39 then,
2624 1714 92 33 with
2752 1714 65 32 her
2854 1711 117 34 infant

1615 1772 181 44 daughter
1813 1769 35 34 in
1869 1769 65 33 her
1949 1778 112 27 arms,
2093 1765 66 35 left
2190 1766 66 33 the
2285 1766 124 32 house.
2466 1765 81 32 Iler
2582 1762 163 34 husband
2776 1760 191 41 returniug

1618 1820 106 34 home
1750 1828 97 22 some
1867 1817 89 33 time
1972 1814 113 41 after,
2107 1814 111 33 found
2232 1825 21 22 a
2272 1812 110 34 letter
2399 1822 46 22 on
2464 1812 64 33 the
2558 1812 112 39 taYe,
2694 1812 34 31 in
2752 1808 122 34 which
2909 1807 58 33 his

1620 1867 86 34 wife
1727 1864 180 37 informed
1928 1864 91 41 him,
2037 1874 40 21 as
2104 1861 65 34 she
2187 1861 110 33 could
2314 1867 60 27 not
2395 1860 106 33 think
2524 1858 43 33 of
2580 1857 193 40 surviving
2802 1856 61 34 the
2895 1856 71 33 loss

1618 1915 45 35 of
1685 1915 207 39 character,
1910 1912 63 33 she
1993 1909 69 35 had
2080 1909 167 35 resolved
2283 1913 35 28 to
2350 1907 122 33 throw
2494 1903 139 38 herself
2647 1905 71 34 and
2748 1903 120 35 infant
2888 1903 79 33 into

1619 1963 60 34 the
1698 1963 111 32 river.
1869 1961 139 33 Instant
2024 1958 125 33 search
2174 1968 74 22 was
2268 1957 123 40 made,
2407 1957 69 33 but
2493 1956 65 32 her
2580 1954 99 45 body
2701 1962 77 24 was
2809 1956 61 28 not
2893 1950 58 33 dis-

1619 2009 157 37 covered
1818 2008 60 33 till
1922 2006 184 43 Saturday
2146 2006 181 39 morning.
2378 2002 197 37 Coroner's
2603 2001 363 41 verdict-.--Lanarg.

1620 2059 80 34 The
1719 2055 98 45 body
1834 2055 45 33 of
1897 2055 63 34 the
1980 2054 98 34 child
2100 2052 26 35 is
2143 2056 66 30 not
2230 2056 63 40 Set
2313 2052 123 33 found.

1671 2105 27 35 A
1722 2105 265 34 circumstance
2015 2101 175 34 occurred
2210 2111 48 24 on
2278 2100 185 45 Saturday
2481 2096 198 43 se'nnight,
2708 2099 41 32 at
2787 2094 183 46 Elemire,

1620 2161 89 27 near
1730 2153 184 39 Masham,
1933 2151 35 33 iu
1988 2150 61 33 the
2082 2148 122 34 North
2241 2147 136 44 Riding
2392 2147 46 34 of
2453 2146 234 40 Yorkshire,
2714 2144 83 33 that
2820 2143 63 33 has
2902 2143 46 33 ob-

1620 2202 124 34 toined
1765 2212 22 21 a
1805 2200 103 41 large
1925 2198 107 33 share
2050 2196 44 33 of
2118 2196 129 45 public'
2265 2196 183 33 attention
2481 2194 34 33 in
2546 2193 61 34 the
2642 2189 327 47 neighbourhood.

1628 2250 52 33 An
1698 2248 60 33 old
1783 2258 79 21 man
1885 2245 47 34 of
1946 2246 60 33 the
2026 2256 102 24 name
2143 2243 43 33 of
2205 2243 61 34 W.
2291 2243 98 38 Jest,
2409 2242 57 35 his
2487 2241 104 39 wife,
2609 2241 71 33 and
2701 2238 104 35 their
2820 2237 122 41 daugh-

1620 2303 58 28 ter
1693 2297 72 32 and
1796 2295 235 39 son-in-law,
2066 2291 194 34 Jonathan
2293 2291 181 37 Graham,
2500 2288 139 35 resided
2670 2285 177 44 together
2878 2285 35 33 in
2947 2295 27 24 a

1622 2347 110 31 house
1744 2348 37 30 at
1804 2343 78 34 that
1898 2342 124 44 place.
2075 2342 57 31 On
2152 2339 187 34 Saturday
2357 2339 64 33 the
2431 2337 64 33 old
2515 2344 83 26 man
2615 2336 70 33 and
2702 2343 146 24 vvoman
2869 2342 105 25 were

1618 2388 66 38 left
1706 2391 170 37 together
1909 2391 33 32 in
1974 2389 61 32 the
2057 2388 137 39 house,•
2219 2385 64 34 the
2311 2378 216 41 son-in-law
2549 2382 135 44 having
2700 2378 69 39 left
2791 2381 113 37 them,
2931 2386 43 28 to

1620 2441 109 37 bring
1749 2439 109 32 home
1876 2437 56 33 his
1952 2435 102 40 wife,
2091 2435 84 33 who
2209 2433 73 34 had
2314 2435 90 32 been
2438 2444 46 22 on
2515 2444 22 22 a
2568 2432 84 33 visit
2683 2435 39 28 at
2745 2430 57 33 his
2819 2428 158 33 father's

1617 2498 102 22 some
1737 2487 104 33 days.
1898 2485 126 33 About
2054 2491 45 25 an
2132 2483 93 32 how
2254 2479 98 35 after
2368 2481 93 33 dark
2484 2480 63 34 the
2564 2478 60 34 old
2646 2489 148 22 woman
2815 2477 159 43 thought

1620 2536 63 33 she
1707 2545 76 22 saw
1814 2545 21 21 a
1867 2544 80 22 man
1980 2532 150 37 lurking
2146 2533 118 30 about
2287 2529 61 33 the
2367 2529 128 38 house,
2515 2528 67 33 and
2606 2528 65 33 her
2689 2525 167 34 husband
2889 2526 89 33 vent

1622 2590 60 27 out
1710 2589 38 27 to
1769 2581 244 34 reconnoitre.
2070 2581 92 31 Soon
2181 2577 104 33 after
2314 2577 44 33 lie
2393 2576 69 33 had
2481 2574 144 46 quitted
2659 2574 64 33 the
2740 2574 97 32 door
2854 2583 21 22 a
2900 2582 73 33 gun

1626 2642 72 22 was
1719 2629 216 41 discharged
1955 2633 39 30 at
2013 2628 91 38 him,
2127 2626 69 34 and
2219 2626 63 32 the
2300 2624 74 33 ball
2398 2623 129 44 passed
2548 2622 157 43 through
2730 2621 57 32 his
2804 2630 78 24 arm
2898 2619 74 34 and

1622 2679 131 43 lodged
1775 2678 34 33 in
1830 2678 56 33 his
1905 2676 113 34 body.
2078 2675 73 33 For
2169 2683 103 22 some
2290 2673 85 33 time
2401 2683 45 21 no
2467 2676 118 27 traces
2604 2668 44 34 of
2668 2670 65 32 the
2761 2668 215 33 murderous

1624 2724 162 37 olicuder
1804 2724 107 35 could
1932 2726 47 31 be
1998 2722 200 39 fonnd,but
2215 2721 187 43 suspicion
2420 2725 39 27 at
2476 2718 123 39 len7;th
2621 2717 119 40 fixing.
2758 2715 105 33 itself
2877 2722 102 35 upon

1624 2776 54 33 his
1698 2772 229 39 son-in-law,
1946 2771 190 35 Jonathan
2156 2769 183 39 Graham,
2359 2769 45 33 he
2422 2777 78 25 was
2520 2765 145 39 secured
2685 2763 73 34 and
2778 2763 111 38 taken
2911 2763 45 32 be-

1626 2823 78 33 fore
1728 2822 72 34 Mr.
1814 2820 142 35 Clatter
1974 2820 63 32 the
2061 2818 230 39 Nlagislrate,
2316 2812 103 37 when
2439 2815 30 33 it
2496 2813 214 45 appearing
2735 2810 83 35 that
2841 2810 44 33 he
2903 2809 73 38 had

1624 2869 198 35 borrowed
1848 2880 22 22 a
1887 2878 71 33 gum
1978 2867 92 33 from
2092 2876 66 22 one
2176 2864 45 34 of
2238 2864 61 34 the
2319 2863 240 43 neighbours,
2577 2861 70 33 and
2665 2859 63 33 the
2745 2869 72 33 gun
2837 2857 138 40 having.

1624 2920 91 32 been
1749 2916 109 35 found
1894 2915 165 33 secreted
2082 2914 32 33 in
2143 2924 22 22 a
2197 2911 132 37 hedte,
2359 2911 45 33 he
2432 2920 77 25 was
2536 2906 215 37 committed
2785 2911 40 28 to
2854 2904 117 35 York

1625 2967 123 33 Castle
1767 2970 38 28 to
1822 2965 87 33 take
1931 2965 54 32 100
2006 2963 85 33 trial
2112 2960 57 34 for
2187 2961 64 33 the
2271 2960 150 33 offence.
2474 2956 83 34 The
2580 2967 96 35 poor
2692 2953 64 35 old
2776 2965 83 24 man
2888 2953 86 38 who

1628 3015 64 32 Iris
1708 3013 117 45 lately
1843 3013 155 32 become
2013 3008 100 46 posse
2113 3008 20 46 ,
2133 3008 61 46 sed
2220 3007 45 33 of
2277 3017 98 25 some
2394 3011 198 40 property,
2610 3004 76 34 still
2706 3004 183 38 survives,
2907 3001 71 34 but

1628 3064 28 32 it
1676 3063 78 33 will
1776 3061 44 32 he
1835 3070 100 24 some
1954 3059 65 33 (la\
2031 3071 13 21 s
2065 3057 125 34 before
2212 3056 58 33 his
2289 3056 76 33 fate
2382 3064 66 25 can
2470 3056 46 32 he
2537 3048 235 50 pronounced
2796 3059 116 35 upon.

1677 3107 215 39 Yesterday
1936 3107 181 41 morning,
2157 3110 40 30 at
2232 3103 107 44 eight
2374 3102 164 39 o'clock,
2576 3099 102 34 John
2714 3097 175 35 Nichols.
2924 3094 61 34 for

1631 3158 144 43 forging
1806 3157 109 33 Bank
1930 3154 47 35 of
1998 3154 162 43 England
2189 3157 120 32 notes,
2336 3150 67 33 and
2438 3148 116 34 Sarah
2578 3148 163 38 Grimes,
2777 3145 94 34 alias
2895 3142 72 35 Bar-

1630 3207 157 44 rington,
1815 3204 59 34 far
1890 3202 148 46 forging
2055 3213 22 22 a
2107 3198 182 37 seaman's
2320 3198 76 43 will
2395 3198 19 43 s
2444 3206 102 26 were
2561 3196 188 34 executed
2767 3194 35 34 in
2831 3193 61 34 the
2911 3190 78 37 Oki

1636 3254 148 44 Bailey.

626 2794 85 25 THE
728 2792 115 25 KING
863 2793 33 22 V.
921 2787 228 27 HORSMAN.

265 2857 31 33 T
377 2864 76 24 was
480 2852 79 33 also
593 2861 45 22 an
669 2845 240 34 information
943 2841 146 46 against
1120 2841 63 32 the
1202 2837 224 41 Defendant,
1452 2835 59 34 for
1539 2846 21 21 a

216 2904 111 34 libel.
379 2903 84 34 The
491 2900 87 33 libel
600 2894 175 37 consisted
797 2893 45 33 of
867 2902 25 24 a
909 2887 249 50 witting-bill,
1191 2887 120 33 which
1333 2888 61 31 the
1428 2884 112 34 Doren-

219 2954 87 32 rlant
343 2950 71 33 had
443 2948 131 35 causer!
605 2952 37 28 to
676 2946 45 31 he
739 2940 129 47 posted
900 2950 48 33 up
969 2937 228 41 throughout
1217 2935 63 32 the
1300 2933 118 34 whole
1444 2939 116 33 tour,

215 3000 220 41 otrering-20
446 2996 150 43 guineas
613 2992 139 37 reward
784 2998 37 26 to
840 2998 71 34 any
931 2996 69 22 one
1022 2985 84 32 who
1129 2995 24 21 w
1165 2983 84 33 mild
1269 2993 118 33 prove
1406 2981 77 33 that
1496 2981 65 31 the

222 3048 113 35 nuke
351 3046 44 34 of
410 3048 131 32 sut4-lex
566 3053 73 24 was
656 3047 59 28 not
732 3040 61 31 the
811 3037 137 33 author
966 3030 44 37 of
1023 3043 25 24 a
1059 3033 137 32 certain
1215 3030 93 34 hand
1332 3030 85 39 bill,
1436 3028 124 43 signed

219 3106 25 25 •
266 3094 313 38 Yorkshireman,
606 3089 189 45 aspersing
831 3086 72 33 Mr.
943 3083 146 41 llague.
1146 3079 57 32 lie
1220 3078 78 33 also
1318 3076 170 34 declared
1507 3076 56 32 his

219 3143 180 35 intention
418 3142 41 32 of
472 3139 215 46 publishing
711 3136 60 33 the
788 3136 111 34 letter
983 3141 47 22 ;in
1052 3128 236 40 Englishman
1307 3124 37 34 in
1359 3122 120 37 which
1502 3123 61 32 the

213 3193 124 34 tnoral
369 3190 196 34 character
582 3185 41 33 of
641 3187 57 32 the
723 3181 122 45 [royal
868 3180 124 33 Dukes
1016 3175 123 34 %%maid
1161 3176 43 31 he
1222 3172 197 33 discussed.
1472 3171 92 34 This

219 3250 78 24 was
317 3241 61 32 the
394 3236 182 35 band-bill
595 3233 119 35 which
733 3241 76 22 was
829 3226 178 37 followed
1030 3226 50 41 by
1101 3224 74 32 Mr.
1202 3219 163 46 Ilague's
1383 3229 156 24 summon-

219 3288 63 45 ing
304 3289 24 33 1♦
330 3291 48 32 !r.
406 3283 138 34 Wnodf
555 3296 7 20 i
583 3283 27 35 i,
640 3293 21 24 a
691 3280 157 46 printer,
878 3274 171 35 together
1081 3270 92 34 with
1195 3270 60 32 the
1289 3269 111 33 Duke
1424 3267 41 33 of
1481 3270 61 30 Sus-

215 3345 87 32 sex,
327 3341 39 30 to
396 3343 146 35 appear
562 3327 129 35 before
725 3328 61 33 the
811 3322 96 37 Lord
943 3322 151 43 Mayor.
1148 3317 76 35 rlr.
1264 3315 213 45 Adolphus,
1504 3315 63 33 the

221 3378 243 43 Defendant's
498 3379 176 37 Counsel,
709 3372 257 39 eudeavonred
1005 3378 38 24 to
1070 3369 100 33 chew
1217 3366 84 32 that
1344 3366 25 32 it
1404 3374 73 24 was
1504 3369 63 27 not

214 3442 27 25 st
272 3433 109 33 libel.
410 3428 187 37 inasmuch
628 3437 38 22 :16
697 3425 28 33 it
738 3423 61 34 did
822 3428 64 27 not
904 3420 138 40 charge
1061 3415 63 35 the
1159 3415 111 33 Duke
1293 3412 91 34 with
1400 3422 72 34 any
1491 3411 58 34 cri-

216 3481 113 34 minal
348 3480 155 33 offence.

270 3529 94 35 Lord
397 3521 295 41 Ellehborough,
717 3520 37 34 in
774 3519 56 33 bit
847 3516 137 43 charge
1011 3519 39 27 to
1084 3511 63 33 the
1172 3511 19 33 .1
1205 3521 84 30 nrv,
1318 3507 84 37 held
1439 3506 80 35 that
1539 3507 27 33 it

214 3576 272 35 wassittlicient
503 3578 38 28 to
560 3570 198 34 constitute
785 3578 22 24 a
836 3565 107 39 libel,
972 3562 32 34 if
1015 3563 65 32 the
1104 3569 130 35 person
1254 3554 177 38 attacked
1449 3554 119 43 might

214 3624 48 38 be
280 3622 175 37 renlered
469 3631 93 25 even
579 3617 136 45 merely
728 3614 207 34 ridiculous
948 3612 47 43 by
1015 3611 44 32 it.
1120 3608 81 34 !lad
1221 3607 73 33 this
1309 3607 89 31 been
1411 3604 156 45 applied

208 3681 45 27 to
270 3686 46 21 an
366 3680 169 24 common
549 3677 99 28 Mail,
674 3665 28 33 it
716 3671 90 27 must
821 3661 45 35 hk,
882 3657 214 39 considered
1119 3667 40 21 as
1170 3656 150 44 tending
1335 3660 38 28 to
1393 3652 89 34 hold
1493 3651 76 34 him

213 3732 51 34 up
285 3730 38 28 to
338 3720 161 34 ridicule
516 3716 72 35 add
605 3711 272 44 contempt—it
891 3718 71 22 was
976 3705 143 44 clearly
1139 3715 25 24 a
1180 3703 107 34 libel.

262 3772 81 33 'The
356 3769 99 44 Jury
478 3763 112 38 lothid
611 3765 63 32 the
690 3759 207 35 Ocfendaut

693 3883 141 40 LENT
862 3882 90 34 ASS
964 3880 129 35 IZI>I.

370 4015 196 41 NORTH
600 4010 184 39 WAT.ES
813 4005 208 38 SPRING
1045 3999 244 41 CIRCUIT,
1319 3994 104 43 IRO.

535 4080 214 33 lieveeqer,
878 4074 69 28 and
969 4067 59 34 Sir
1049 4067 128 32 Titoina
1176 4067 18 32 ,
1194 4067 19 32 4
1235 4061 169 34 Nuttier:

209 4116 467 66 Anglef.ev—Thtfrsday,
693 4122 131 35 Alarcli
844 4120 63 39 23,
924 4124 39 27 at
990 4111 231 38 liennwaris.

208 4180 281 43 Caraarvomhi
498 4188 86 22 re—
593 4175 32 32 II
806 4180 39 33 y,
865 4163 128 38 Mareh
1005 4162 66 41 29,
1090 4167 39 28 at
1152 4161 231 33 Carnatvon.

207 4233 190 39 Merlin:et
405 4221 371 50 tullire—Ttleolay,
797 4217 118 45 April
932 4215 39 39 4,
985 4218 41 28 at
1048 4209 116 35 Bala.

2165 3337 280 37 MARRIED.

1684 3400 47 33 At
1755 3399 198 34 Lambeth.
1974 3399 126 33 James
2121 3396 184 45 Jefferys„
2320 3396 270 39 iron-monger,
2620 3394 40 32 to
2683 3386 204 45 Elizabeth
2910 3385 81 39 Ro•

1632 3450 64 38 bert
1696 3450 17 38 ,
1713 3450 33 38 .,
1770 3446 135 34 Widow
1925 3446 44 33 of
1984 3446 60 33 the
2065 3444 72 35 late
2156 3445 104 33 John
2284 3444 172 40 Roberts,
2478 3441 91 45 Esq.

1682 3497 59 32 On
1774 3496 188 43 Tuesday,
1989 3502 38 26 at
2059 3496 53 31 St.
2134 3491 191 43 George's,
2348 3490 268 41 Bloomsbury,
2642 3485 165 46 Captain
2837 3482 157 38 Charles

1638 3544 115 45 Payne
1753 3544 22 45 ,
1775 3544 24 45 .
1812 3542 45 32 of
1871 3543 63 33 the
1957 3542 124 34 Royal
2101 3541 184 44 Artillery
2311 3544 38 27 to
2369 3534 190 43 Barbara,
2577 3533 187 47 daughter
2778 3531 45 37 of
2836 3531 61 35 the
2914 3531 80 38 late

1638 3593 146 33 Robert.
1808 3591 193 44 Dyneley,
2021 3589 87 45 Esq.
2125 3589 43 33 of
2181 3586 419 44 Bloomsbury-square.

1683 3639 175 43 Tuesday
1891 3638 128 38 week,
2081 3644 39 26 at
2154 3632 506 39 Thornton-in-the-Moors,
2728 3628 79 34 Mr.
2846 3622 152 38 Samuel

1637 3690 104 38 Sant,
1756 3686 93 43 aged
1872 3685 64 41 64,
1952 3691 39 30 to
2011 3684 90 35 Miss
2119 3684 163 34 Hannah
2313 3681 171 46 Lamley,
2507 3679 46 35 of
2567 3676 193 44 Traford,
2774 3676 93 46 aged
2890 3673 56 35 18.
2950 3687 48 11 —

1645 3738 85 43 May
1753 3735 74 34 and
1853 3733 230 34 December!

2241 3789 156 37 DIED.

1683 3861 58 32 On
1756 3857 176 45 Tuecday
1954 3857 93 39 last,
2073 3860 39 30 at
2132 3854 255 39 Kenninzton.
2404 3852 94 43 aged
2518 3850 20 41 R
2538 3850 41 41 2,
2606 3844 93 40 Mrs.
2722 3843 116 47 Hatt,
2854 3842 145 40 *WOW

1635 3907 45 37 of
1697 3909 73 33 Mr.
1795 3906 168 35 Andrew
1991 3904 110 41 Hatt,
2120 3904 74 32 late
2210 3901 47 34 of
2272 3901 149 33 Greens
2434 3899 76 39 ich,
2528 3900 177 44 Surgeon.

1688 3989 7 1 •

1881 3997 170 40 PRICE
2082 3998 65 37 OF
2178 3994 200 40 STOCKS
2408 3989 357 45 YESTERDAY.

1625 4058 35 35 'II
1685 4067 66 37 per
1772 4056 111 35 Cent.
1910 4054 111 35 Cans.
2040 4050 236 48 (in—:lndia
2306 4048 125 38 Bonds
2465 4046 58 43 11,
2555 4045 47 35 10
2626 4041 157 51 pm.-4
2806 4049 66 38 per
2894 4038 116 35 Cent.

1693 4106 115 33 Cons.
1848 4101 69 46 831
1946 4100 96 48 j-3
2083 4110 65 34 per
2193 4098 106 37 Cent.
2340 4095 176 37 Reduced
2549 4093 230 47 *7k—larong
2807 4085 204 40 Annuities

1694 4155 44 35 IS
1757 4144 346 50 11-161-omnium
2104 4144 27 50 .
2131 4144 27 50 4
2179 4146 259 47 pm.—Exch.
2472 4142 97 35 Billt
2583 4140 107 44 9,,12
2714 4136 133 52 put.—.
2848 4136 165 43 Lottery

1694 4204 159 33 Tickets
1876 4199 83 35 X2l
1985 4196 167 35 19s—Co
2169 4196 87 33 .solb
2274 4194 60 35 for
2352 4193 190 37 Accounts
2555 4187 85 52 04.

712 4355 51 32 by
782 4349 74 35 and
876 4346 60 34 for
954 4345 40 33 J.
1022 4342 46 33 B.
1094 4338 136 34 BELL
1248 4339 72 33 and
1338 4341 47 31 J.
1408 4338 74 33 DE
1505 4333 172 35 CAMP.
1706 4339 41 27 at
1763 4333 63 31 the
1845 4328 181 37 Uflice•of
2048 4329 54 33 Le
2124 4328 100 32 Than
2246 4323 133 34 Monde
2396 4333 13 21 :
2438 4331 59 22 or.
2529 4320 171 32 Literary
2722 4315 74 35 and
2819 4315 190 38 Fashitio-

3148 1532 12 97 i

3235 3754 25 370 I
