3413 4441
393 93 354 111 THE
853 100 869 118 NATIONAL
1828 103 914 123 REGISTER.

0 0 154 231 'I

1121 352 110 50 (Our
1251 352 130 57 king,
1406 356 326 47 conkitution,
1754 353 84 41 anD
1861 346 110 48 tan
2017 379 12 13 .

236 501 107 57 No.
371 500 94 59 61.

2631 485 188 84 PRicp
2843 487 89 59 Set.

951 509 393 69 SUNDAY,
1393 506 515 64 FEBRUARY
1948 507 93 63 26,
2093 502 156 57 18094

396 670 9 11 '
469 670 354 46 POLITICAL
850 673 464 54 DISQUISITION.

648 816 185 27 NUMBER
865 819 287 26 FIFTY-NINE.

344 904 266 69 EUA.RGES
630 928 233 39 AGAINST
883 930 110 39 TUE
1013 930 133 39 DUKI
1185 931 64 39 OF
1271 931 171 39 YORK.

281 1054 83 33 The
381 1049 262 47 investigation
663 1051 45 34 of
720 1052 60 33 the
793 1050 221 38 Committee
1030 1050 122 37 closed
1163 1064 44 22 on
1222 1054 227 46 Wednesday
1462 1054 70 33 last
1550 1067 11 26 ;

231 1111 92 33 and
324 1109 194 35 whatever
542 1109 89 45 pain
661 1119 45 24 or
724 1119 226 35 repugnance
974 1120 56 24 we
1059 1109 87 43 feel,
1173 1120 57 25 we
1257 1121 65 24 arc
1352 1108 141 45 forced,
1528 1111 33 33 in

233 1167 239 46 compliance
510 1163 97 35 willi
630 1166 65 33 the
720 1166 187 45 indignant
939 1166 70 34 and
1043 1167 175 43 outraged
1253 1166 154 44 feelings
1431 1166 43 34 of
1504 1167 60 34 the

234 1224 145 47 public,
396 1222 72 35 and
487 1233 69 24 our
579 1233 85 25 own
697 1233 98 24 sense
811 1222 45 34 of
875 1222 98 34 their
1000 1230 222 28 momentous
1238 1230 259 39 consequence,
1526 1230 38 27 to

239 1292 143 24 resume
399 1281 65 34 the
495 1278 143 48 subject
661 1279 47 34 of.
730 1279 102 38 these
861 1279 168 45 charges.
1080 1280 109 44 They
1220 1280 92 33 have
1341 1279 157 44 brought
1526 1284 38 28 to

243 1339 97 44 light
359 1348 22 25 a
405 1337 200 35 mbltiaide
622 1336 46 34 of
681 1319 155 60 &grant
852 1326 145 52 abuses,
1028 1336 70 37 and
1126 1336 168 38 detectisd
1320 1346 25 24 a
1372 1336 195 34 villainous

239 1403 132 35 system
392 1393 46 37 of
459 1394 231 46 peculation,
711 1393 123 35 which
868 1404 46 22 no
948 1404 97 30 'nail,
1067 1393 83 34 who
1178 1404 73 22 was
1276 1393 156 33 anxious
1447 1391 122 34 either

235 1452 63 34 for
334 1452 64 34 the
437 1452 141 33 honour
605 1460 44 24 or
683 1450 63 33 the
778 1449 119 45 safety
928 1448 45 35 of
997 1450 56 33 his
1084 1454 169 39 country,
1286 1448 123 35 would
1436 1449 131 41 credit,

239 1508 141 46 though
400 1508 100 34 their
517 1508 190 34 existence
725 1517 76 25 was
819 1507 217 44 repeatedly
1055 1507 149 33 alluded
1222 1513 50 28 to.
1324 1506 71 33 We
1411 1505 78 34 will
1506 1509 63 30 not

235 1576 131 25 accuse
386 1565 56 34 his
475 1565 122 43 Royal
622 1563 187 45 Highness
837 1561 44 34 of
904 1563 301 44 countenancing,
1227 1573 41 22 or
1292 1561 191 44 conniving
1514 1566 54 35 at,

239 1623 65 34 the
320 1620 283 34 malversations
622 1616 178 38 arrverted
815 1624 44 28 to
875 1615 131 48 during
1023 1619 63 34 the
1102 1630 128 24 course
1245 1618 44 34 of
1307 1618 63 33 the
1390 1617 151 44 Inquiry
1557 1628 11 26 ;

241 1678 89 41 and,
353 1680 35 32 in
409 1674 227 46 conformity
659 1676 92 34 with
772 1675 61 34 the
863 1674 151 34 humane
1048 1675 71 34 and
1146 1675 229 44 enlightened
1406 1672 106 46 spirit
1530 1672 46 33 of

236 1747 69 24 our
322 1737 111 40 laws,
457 1735 78 33 will
555 1733 255 46 scrupulously
833 1731 139 35 refrain
985 1731 96 34 from
1100 1731 219 46 prejudging
1339 1731 53 33 his
1406 1730 164 34 conduct.

234 1793 128 34 There
379 1804 66 22 are
465 1792 132 34 crimes
625 1791 120 34 which
772 1801 47 24 an
852 1789 128 33 honest
1007 1800 80 22 man
1106 1785 90 38 feels
1220 1800 22 22 a
1261 1789 131 33 horror
1413 1787 33 33 in
1465 1786 91 34 attri-

231 1850 130 44 buting
380 1853 39 30 to
441 1848 137 41 others,
599 1847 249 46 particularly
883 1851 38 30 to
953 1852 11 26 t
970 1844 19 34 h
994 1856 71 24 ose
1090 1845 122 34 whose
1238 1844 135 35 station
1391 1843 70 33 and
1480 1841 91 34 rank

235 1907 193 44 preclude,
454 1917 40 24 as
519 1906 44 33 he
591 1905 128 34 would
748 1903 182 44 willingly
960 1912 177 34 suppose,
1165 1902 59 32 the
1256 1900 213 46 possibil:tv
1486 1898 44 34 of
1551 1907 21 24 a

235 1972 104 25 mean
357 1974 45 24 or
433 1963 202 44 iniquitous
652 1961 151 39 action;
831 1959 72 35 and
938 1959 54 33 his
1020 1958 204 44 struggling
1241 1957 110 38 faith,
1381 1956 89 33 with
1489 1967 64 22 con-

235 2020 142 34 vulsive
394 2030 128 34 grasp,
549 2019 119 45 clings
702 2019 71 33 fast
791 2023 38 28 to
849 2019 60 32 the
930 2015 84 35 idea
1046 2015 44 34 of
1119 2015 131 34 human
1266 2014 230 44 excellency,
1514 2011 59 33 till

234 2076 180 45 repeated
436 2076 139 33 +-hocks
605 2086 25 22 w
643 2080 73 30 rest
735 2073 92 35 from
848 2073 74 34 liiin
943 2072 72 34 this
1029 2070 216 44 fascinating
1261 2074 171 41 support.

282 2133 120 34 These
420 2133 157 33 motives
596 2132 46 34 of
669 2140 229 37 repugnance
927 2135 38 27 to
999 2128 145 33 believe
1165 2128 33 33 in
1217 2127 63 34 the
1307 2125 132 34 official
1459 2122 98 35 delin-

233 2199 143 34 quency
409 2186 45 35 of
468 2190 60 33 the
552 2189 246 32 Commander
817 2189 34 32 in
875 2184 115 37 Chief
1003 2194 64 22 are
1093 2183 196 34 confirmed
1307 2183 50 43 by
1378 2181 63 33 the
1457 2181 99 33 consi-

231 2246 170 33 deration
415 2246 86 34 how
517 2245 104 34 much
637 2246 30 33 it
679 2244 28 34 is
720 2244 54 34 his
789 2244 148 33 interest
951 2246 64 28 not
1030 2246 38 28 to
1080 2241 221 40 undermine,
1315 2241 48 41 by
1380 2248 46 25 an
1443 2246 111 26 encou-

231 2309 189 39 ragement
433 2298 43 38 of
490 2303 148 40 abuses,
663 2301 65 34 the
745 2298 216 35 veneration
978 2297 70 34 and
1067 2296 224 34 attachment
1307 2294 46 34 of
1367 2293 61 35 the
1447 2293 129 46 public

231 2359 63 35 for
304 2370 46 24 an
360 2360 295 40 establishment,
671 2356 122 34 which
806 2365 142 25 secures
960 2361 34 27 to
1009 2353 90 43 him,
1115 2365 39 21 as
1170 2352 131 34 Prince
1312 2350 43 33 of
1364 2350 61 33 the
1439 2344 135 44 Blond,

233 2428 26 24 a
273 2418 150 34 number
442 2417 44 33 of
497 2414 224 44 advantages
733 2413 70 34 and
821 2411 200 46 privileges
1033 2420 90 22 over
1136 2409 60 33 the
1212 2417 72 25 rest
1302 2408 43 32 of
1359 2407 53 34 his
1430 2404 144 35 fellow:-

234 2476 169 33 citizens.
436 2472 44 35 If
494 2473 54 33 his
566 2469 283 41 understanding
868 2469 45 32 be
927 2477 44 24 on
989 2478 22 22 a
1031 2467 94 32 level
1147 2465 87 33 with
1251 2465 79 33 that
1346 2461 44 34 of
1403 2461 59 34 the
1481 2456 90 39 bilk

235 2530 45 34 of
295 2530 197 39 mankind;
516 2528 33 34 if
562 2529 44 32 he
627 2528 46 32 he
692 2526 35 33 in
746 2525 63 33 the
829 2520 103 37 habit
948 2522 43 33 of
1005 2522 158 41 forming
1176 2522 61 32 the
1254 2520 164 43 simplest
1435 2517 117 34 combi-

237 2587 126 35 nation
393 2585 45 34 of
454 2585 115 40 ideas,
594 2594 45 25 or
659 2591 138 37 povsess
814 2580 63 33 the
891 2589 129 37 pimer
1045 2578 44 32 of
1102 2576 289 43 discriminating
1408 2574 164 33 between

236 2648 233 37 momentary
497 2640 84 38 and.
601 2643 230 40 permanent,
856 2635 176 35 artificial
1062 2633 70 34 and
1161 2631 92 33 solid
1271 2631 220 44 advantage,
1519 2629 53 34 his

235 2709 113 35 every
381 2698 177 43 thought,
600 2695 119 40 word,
749 2693 71 35 and
852 2693 138 40 action,
1020 2689 122 33 would
1178 2687 211 44 invariably
1423 2685 81 34 tend
1534 2691 39 28 to

239 2756 196 41 maintain,
464 2756 34 33 in
517 2753 99 35 their
644 2752 143 43 highest
806 2748 143 46 purity.
976 2746 222 35 institutions
1224 2756 38 21 so
1292 2743 217 37 favourable
1534 2747 39 47 to

240 2812 53 34 him
348 2810 267 45 individually.
667 2809 57 33 To
741 2810 143 41 suspect
902 2804 74 37 him
1010 2802 44 34 of
1078 2807 170 38 contrary
1269 2800 236 44 pretensions,
1532 2809 43 25 or

239 2874 40 30 to
298 2878 133 25 accuse
449 2868 76 33 him
542 2867 44 33 of
609 2864 111 46 being
736 2861 220 37 dissatisfied
981 2858 92 34 with
1094 2857 61 35 the
1185 2856 109 43 rank,
1319 2855 158 40 fortune,
1502 2854 71 34 and

240 2926 181 34 influence
439 2924 46 33 he
502 2933 39 25 so
557 2917 283 51 pre-eminently
860 2915 129 46 enjoys
1020 2916 34 33 in
1085 2913 157 45 society,
1269 2910 69 34 and
1362 2910 44 34 of
1419 2921 24 22 a
1456 2909 118 44 desire

239 2986 43 31 to
292 2986 190 41 augment,
502 2981 50 45 by
566 2978 116 37 illicit
700 2985 132 32 means,
852 2974 60 35 the
921 2974 224 43 advantages
1160 2970 44 33 he
1213 2967 156 44 already
1385 2976 189 34 possesses,

242 3031 124 58 :tiouttl
396 3038 123 45 imply
544 3046 26 24 a
585 3033 220 45 deficiency,
831 3041 46 22 on
896 3030 53 33 his
969 3033 99 43 part,
1097 3025 46 37 of
1166 3034 165 26 common
1352 3022 132 44 feeling
1505 3022 71 35 and

241 3105 170 28 common
445 3090 295 44 understanding.
798 3079 93 43 Will
922 3094 74 38 any
1028 3094 98 31 man,
1152 3080 202 40 therefore,
1388 3078 92 34 have
1509 3063 66 58 the

241 3150 161 46 courage
419 3156 39 30 to
477 3149 171 37 condemn
677 3158 40 22 us
736 3144 32 35 if
782 3154 57 26 we
853 3142 77 35 still
959 3141 182 35 entertain
1162 3138 112 45 hopes
1290 3130 81 39 that
1388 3135 61 33 the
1466 3132 81 34 Com-

241 3209 154 47 mander
415 3204 63 40 in.
477 3204 105 40 Chief
596 3204 117 47 might
732 3203 92 38 haye
841 3201 89 33 been
946 3198 169 46 ignorant
1133 3193 52 46 of
1188 3193 60 47 the
1269 3183 176 43 infamous
1463 3189 112 51 traffic

241 3265 129 39 which
398 3272 103 30 some
516 3263 74 34 vile
609 3262 213 39 miscreants
854 3254 141 38 carried

1020 3263 18 45 .
1038 3263 37 45 on
1109 3252 111 34 under
1238 3241 61 43 the
1326 3256 111 41 cover
1446 3244 50 54 of
1522 3244 53 37 his

417 3321 48 38 W

239 3333 125 26 name.
468 3331 22 28 e
506 3330 85 35 may
624 3318 46 38 be
698 3314 154 45 accused
878 3311 45 37 of
948 3309 204 52 weakness,
1176 3305 41 54 of
1235 3308 97 44 want
1356 3301 44 41 pf
1419 3309 158 33 courage

240 3381 74 37 and
332 3377 214 50 patriotikm
563 3389 12 30 ;
601 3376 69 37 but
689 3381 56 26 we
771 3376 94 32 must
883 3367 138 40 confess
1041 3376 58 25 we
1127 3361 122 37 would
1266 3350 112 45 feela
1390 3358 133 44 .horror
1543 3357 34 38 in

244 3430 300 51 believinglhim
578 3430 162 46 capable
770 3428 45 34 of
837 3423 220 43 associating
1090 3420 91 37 with
1205 3428 25 26 a
1258 3417 93 39 Mrs.
1372 3411 156 51 Clcke,

1547 3420 17 40 s
1564 3420 17 40 a

464 3487 117 46 anda.:
593 3485 163 47 Captain
771 3483 157 38 Sandon,
953 3480 61 40 fpr
1028 3472 319 50 the,igripininious
1367 3478 139 39 purpos
1507 3477 17 26 e
1539 3467 44 37 of

242 3542 221 51 converting
476 3547 63 40 the
557 3550 203 41 patronage
777 3539 45 37 of
835 3539 61 37 the
915 3539 118 41 Army
1054 3534 76 34 into
1148 3531 61 33 the
1228 3537 119 34 means
1365 3526 45 35 of
1419 3523 141 47 gratify-

244 3607 64 45 ing
322 3607 54 34 his
397 3605 151 47 private
563 3602 116 38 vices,
703 3598 70 35 and
789 3595 63 35 the
867 3593 249 43 extravagant
1126 3591 124 34 _wants
1267 3578 43 43 of
1322 3583 61 34 his
1407 3581 167 39 mistress.

241 3660 77 39 We
331 3652 136 47 cannot
483 3660 54 35 fix
555 3669 46 25 on
619 3656 64 37 the
700 3656 84 34 idea
801 3648 171 40 butlvith
985 3648 138 33 -horror
1178 3641 38 37 It
1234 3643 28 33 is
1280 3645 63 31 too
1365 3635 216 46 mortifying

246 3719 64 34 for
333 3720 136 34 human
501 3720 146 35 nature,
676 3713 131 33 human
833 3712 143 35 reation,
999 3703 72 37 and
1106 3702 130 33 human
1270 3696 123 45 pride.
1444 3692 137 34 Whilst

244 3777 162 45 ,Europe
424 3774 79 35 still
522 3769 170 39 resounds
710 3767 90 37 with
819 3765 63 34 the
896 3761 103 38 crash
1015 3759 45 34 of
1072 3769 39 24 so
1130 3767 104 32 many
1250 3754 162 38 thrones,
1436 3748 69 34 and
1526 3757 54 22 we

242 3830 298 45 ihudder_atthe
559 3828 135 43 misery
713 3822 70 37 and
811 3817 241 48 degradation
1070 3811 40 35 of
1123 3822 40 24 so
1180 3819 107 34 many
1307 3796 181 56 powerful
1505 3813 52 24 em-

244 3883 282 52 pires--whilst
554 3885 63 35 the
651 3879 228 40 tremendous
902 3874 69 35 and
1000 3869 213 45 instructive
1245 3863 176 45 example
1450 3859 43 35 of
1518 3859 43 33 de-

247 3945 158 38 throned
433 3944 72 39 and
531 3933 161 54 fugitive
707 3939 120 44 kings,
854 3930 217 45 descending
1093 3917 93 61 from
1213 3922 61 38 the
1290 3922 104 45 glare
1410 3917 43 35 of
1465 3922 99 38 great-

246 4012 80 28 ness
341 4004 78 40 into
436 3993 66 44 the
519 3997 129 40 horrid
666 3997 124 46 gloom
808 3992 44 35 of
862 4002 24 24 a
904 3989 139 45 prison,
1068 3993 44 25 or
1140 3978 204 48 depending
1363 3976 57 37 for
1435 3971 130 39 subsist-

244 4069 91 27 ence
351 4069 48 27 on
418 4059 64 33 the
495 4055 210 47 generosity
723 4051 70 34 and
804 4043 296 41 commiseration
1113 4037 43 38 of
1176 4042 196 38 strangers,
1397 4029 131 47 strikes
1546 4036 37 31 to

244 4116 98 35 with
376 4123 104 33 awe,
506 4113 72 35 and
609 4111 191 44 Impresses
827 4106 63 43 the
912 4098 208 48 instnbility
1148 4093 43 38 of
1217 4093 130 41 Lipman
1374 4078 209 56 grandeur;

233 4172 223 38 .whilst.the
472 4165 369 44 conviekta.rushess
865 4165 41 43 at
930 4157 189 46 .titelatpe

1133 4139 20 63 .
1153 4139 286 63 iattafttorpory
1439 4139 20 63 .
1459 4139 124 63 iinds,

309 4234 94 40 Pol.
423 4228 201 46 11.--Ife.
643 4225 85 51 LX
729 4224 35 39 I.

1620 674 78 34 that
1713 676 60 32 the
1788 678 270 38 extravagance
2075 669 41 34 of
2138 670 91 45 kept
2246 669 188 38 mistresse7.
2434 669 18 38 l
2467 664 61 34 the
2546 661 202 46 panderisin
2766 660 43 33 of
2824 661 71 33 mini
2895 661 18 33 ,
2913 661 19 33 .

1620 741 76 28 ons,
1715 730 61 35 the
1794 730 81 32 base
1889 728 164 43 servility
2076 725 40 34 of
2125 725 194 37 courtiers,
2343 718 63 38 the
2417 719 231 34 treacherous
2673 716 259 45 complacency

1620 785 43 32 Of
1677 784 190 41 ministers,
1889 784 60 34 the
1977 785 201 40 arrtiganee
2194 778 70 34 and
2285 777 215 34 infatuation
2519 772 44 34 of
2587 764 158 54 princes,
2773 771 70 33 and
2876 772 60 33 the

1622 842 133 41 path!,
1770 840 46 44 of
1827 842 57 30 the
1899 840 146 44 people,
2065 844 94 25 were
2172 830 61 40 the
2254 831 198 47 principal,
2477 827 161 48 Perhelps
2662 827 60 33 the
2735 826 77 34 sole
2828 820 107 40 cause

1623 895 43 34 of
1680 896 96 32 these
1806 893 246 45 complicated
2068 891 344 38 calamities;we
2444 885 184 50 naturally
2647 882 155 33 hesitate
2819 886 34 30 to
2872 892 43 25 at-

1620 952 107 40 jinow
1737 951 99 45 ledge
1853 951 61 32 the
1932 950 184 32 existence
2135 946 43 34 of
2197 945 144 35 similar
2357 944 93 32 vices
2469 946 39 28 at
2528 941 117 39 home,
2670 930 98 41 from
2781 937 61 33 the
2859 946 57 24 cer-

1626 1007 115 43 tainty
1763 1018 52 22 we
1834 1007 92 32 have
1941 1004 43 34 of
1991 1005 96 33 their
2105 1002 144 44 leading
2268 1007 37 27 to
2319 999 141 34 similar
2476 997 270 44 consequences.

1672 1063 109 34 After
1807 1063 57 33 the
1894 1059 221 34 tremendous
2140 1059 67 33 and
2222 1051 70 39 'the
2310 1059 117 30 recent
2444 1054 174 41 example
2639 1050 43 33 of
2704 1051 60 32 the
2792 1049 118 35 !Welt
2910 1049 24 35 ,

1628 1130 48 22 no
1688 1130 18 22 N
1719 1130 32 28 5,
1774 1119 67 33 and
1859 1119 61 33 the
1937 1116 72 33 still
2030 1126 98 22 more
2156 1114 209 44 impressive
2381 1111 113 32 lesson
2515 1107 44 34 of
2580 1119 44 22 an
2641 1107 155 32 obscure
2811 1106 100 34 Corsi-

1625 1188 66 21 can
1710 1176 227 33 Adventurer
1954 1172 143 43 lording
2114 1170 27 33 it
2160 1179 87 24 over
2261 1168 61 34 the
2337 1170 178 41 prostrate
2539 1163 144 33 Princes
2693 1161 69 34 and
2778 1161 156 34 Nations

1628 1232 41 32 of
1683 1233 60 32 the.
1763 1231 119 40 earth,
1909 1234 39 27 to
1975 1227 132 44 imply,
2133 1235 44 22 on
2197 1224 59 35 the
2283 1230 80 39 part
2379 1221 44 34 of
2445 1222 61 33 the
2526 1221 125 33 Duce
2670 1217 46 33 of
2739 1211 156 46 Yoitt,

1628 1299 22 22 a
1668 1287 214 41 knowledge
1910 1284 44 34 of
1980 1284 64 33 the
2068 1281 176 33 infamous
2259 1279 235 34 transactions
2513 1274 118 35 which
2652 1274 93 34 have
2765 1274 91 33 been
2870 1281 69 26 exis

1630 1346 109 41 posed
1760 1346 34 31 in
1813 1343 57 32 the
1893 1339 231 40 Committee,
2147 1337 120 33 would
2287 1337 44 32 be
2347 1341 37 27 to
2400 1341 131 27 accuse
2550 1332 72 34 him
2644 1331 34 34 in
2696 1330 119 33 direct
2830 1333 109 30 terms

1629 1400 43 32 of
1684 1411 22 22 a
1721 1397 187 45 turpitude
1925 1395 44 34 of
1981 1395 208 39 character,
2206 1391 43 33 of
2262 1403 24 22 a
2300 1390 195 44 depravity
2518 1388 45 34 of
2572 1387 102 33 heart
2696 1385 72 34 and
2787 1384 109 41 head,
2911 1394 26 25 a

1629 1456 180 45 stupidity
1827 1455 41 34 of
1881 1454 176 40 intellect,
2076 1448 67 37 and
2157 1460 25 24 a
2198 1448 104 40 bold,
2319 1446 233 44 unreflecting
2563 1448 182 39 contempt
2759 1442 47 35 of
2828 1441 111 34 forms

1629 1514 70 34 and
1716 1514 182 43 opinions,
1928 1509 119 33 which
2069 1506 118 35 would
2215 1505 104 44 place
2337 1504 69 32 him
2418 1502 58 33 far
2492 1496 152 39 beneath
2665 1492 60 44 the
2754 1498 93 34 level
2865 1496 72 34 and

1630 1570 207 34 estimation
1856 1566 44 34 of
2078 1561 59 35 No
2159 1561 176 44 language
2353 1557 120 35 would
2499 1556 136 34 furnish
2654 1566 24 22 a
2693 1553 246 45 comparison,

1632 1628 60 32 the
1707 1624 141 35 records
1861 1622 41 33 of
1915 1622 130 32 human
2057 1616 201 48 perversity
2272 1615 46 33 do
2331 1618 59 28 not
2404 1612 112 34 afford
2529 1620 24 25 a
2562 1611 279 43 corresponding
2857 1619 61 33 pre-

1632 1684 125 34 cedent
1773 1688 37 27 to
1826 1678 104 34 mark
1948 1688 66 24 our
2035 1676 133 33 horror
2181 1672 69 34 and
2271 1670 233 44 indignation.
2545 1668 70 53 But
2633 1678 59 28 no,
2706 1676 44 22 no
2769 1677 8 21 :
2806 1676 58 22 we
2882 1672 37 26 re-

1626 1739 79 46 ject
1721 1739 61 33 the
1804 1733 217 48 imputation
2044 1730 89 34 with
2151 1724 204 46 contempt;
2374 1735 40 22 as
2431 1719 198 48 tonyiying
2646 1729 60 26 too
2722 1719 217 53 mortifying

1633 1806 43 22 an
1693 1792 151 46 opinion
1863 1791 41 34 of
1919 1789 107 40 rank,
2054 1785 213 41 education,
2294 1781 72 35 and
2386 1791 111 33 every
2526 1779 99 44 thing
2643 1778 236 45 pre-eminent
2895 1783 45 27 or

1636 1851 110 35 useful
1765 1848 37 34 in
1818 1848 155 44 society.

1684 1909 73 33 But
1776 1904 132 45 thougb
1926 1910 54 27 we
1998 1902 46 32 do
2069 1905 63 28 not
2151 1897 172 38 hesitate,
2352 1892 57 35 for
2424 1890 64 37 the
2504 1891 136 34 honour
2663 1889 44 34 of
2717 1889 131 34 human
2875 1896 43 27 na-

1637 1970 93 34 ture,
1756 1970 38 26 to
1812 1950 126 54 acquit
1968 1958 72 33 him
2059 1954 45 35 of
2128 1954 99 34 these
2255 1951 175 41 charges;
2456 1946 145 34 WeEdill
2621 1948 135 33 bestow
2776 1946 60 32 the
2854 1950 91 30 most

1638 2017 187 37 unlimited
1843 2016 67 34 and
1929 2010 222 47 um/notified
2169 2006 248 48 approbation
2443 2015 45 22 on
2511 2004 59 32 the
2584 2013 77 24 man
2683 2002 81 32 who
2786 2002 156 33 institut

1635 2078 45 33 ed
1700 2076 110 33 them.
1864 2072 70 33 Ilk
1959 2068 150 35 conduct
2130 2066 69 34 and
2218 2072 157 34 courage
2389 2061 93 32 have
2498 2057 149 44 already
2663 2057 117 34 raised
2815 2057 71 33 him
2904 2065 39 27 to

1636 2145 20 21 a
1677 2133 93 34 level
1792 2128 87 35 with
1902 2127 33 34 ii
1943 2137 22 25 A
1976 2134 87 26 mur.
2104 2148 9 15 ,
2164 2127 85 28 VON
2262 2114 72 45 Lir,
2363 2117 67 34 and
2456 2117 91 33 Lord
2570 2106 174 44 iiiISSEL
2796 2112 148 37 Eternal

1636 2187 182 46 gratitude
1835 2191 38 28 to
1900 2185 73 33 Mr.
2003 2181 39 33 W
2054 2191 19 24 A
2085 2187 113 26 untE
2226 2176 58 34 for
2301 2176 51 33 his
2372 2170 207 50 patriotism
2607 2171 69 35 and
2701 2172 215 43 intrepidity
2933 2171 9 34 !

1637 2246 119 33 These
1774 2244 133 32 virtues
1922 2248 97 26 were
2033 2239 86 40 long
2135 2235 169 33 dormant
2323 2232 33 32 iu
2374 2230 69 34 this
2461 2236 151 37 coutrtry
2665 2228 84 39 and,
2767 2238 53 22 we
2842 2235 100 34 trito,

1638 2298 96 40 their
1761 2297 249 37 resuscitation
2039 2289 78 40 will
2135 2294 46 32 be
2205 2288 215 47 productive
2448 2285 43 34 of
2505 2285 59 33 the
2581 2280 132 38 double
2728 2284 215 40 advintta::e,

1636 2359 43 33 of
1690 2357 162 40 securing
1866 2354 61 34 the
1958 2354 103 32 State
2079 2349 94 33 from
2191 2344 142 44 foreign
2350 2341 217 44 subjection,
2595 2339 67 34 and
2691 2337 139 46 preset-%
2843 2340 54 38 biz.
2919 2349 28 26 it

1633 2413 141 46 against
1798 2411 61 34 the
1877 2405 250 43 undermining
2146 2399 187 37 etrortsof
2344 2396 171 33 dome,tic
2531 2395 223 44 corruption.
2850 2400 73 27 yaw-

1638 2472 74 45 pies
1730 2469 45 34 of
1791 2467 70 34 this
1880 2463 87 35 kind
1985 2471 97 26 were
2101 2456 167 45 ardently
2289 2452 133 37 looked
2443 2452 73 40 for,
2550 2451 66 38 and
2635 2446 146 38 became
2800 2450 148 45 imperi.

1636 2532 103 41 misty
1773 2532 122 39 urgent
1910 2536 11 28 ;
1946 2522 60 35 for
2023 2520 63 34 the
2114 2520 154 40 impetus
2296 2515 67 33 and
2396 2512 185 34 irritation
2611 2512 86 47 they
2728 2511 90 48 give
2833 2516 39 27 to
2885 2511 64 33 the

1638 2587 158 46 popular
1814 2582 133 43 feeling
1963 2589 63 24 are
2049 2578 106 33 alone
2173 2572 156 45 capable
2349 2570 41 33 of
2414 2571 165 35 creating
2594 2568 71 34 and
2691 2568 200 44 supporting
2890 2568 20 44 -
2927 2575 24 25 a

1635 2639 129 52 degree
1796 2639 41 35 of
1861 2647 131 33 energy
2011 2630 210 48 equivalent
2255 2636 38 26 to
2322 2628 58 32 the
2396 2617 269 51 tiectuntilatfug
2682 2613 269 56 anealaraing

1635 2704 136 41 danger
1782 2696 41 33 of
1837 2704 66 26 our
1920 2691 188 37 situation.
2164 2685 178 44 Yreedoai
2353 2682 96 34 and
2448 2672 161 44 national
2628 2672 180 51 greatness
2820 2682 135 30 cannot

2812 2730 6 5 .

1635 2759 102 35 exist
1755 2756 80 43 long
1848 2730 2 69 .
1856 2750 161 35 without
2034 2748 102 33 these
2152 2743 138 34 violent
2310 2739 158 46 passions
2484 2750 11 26 ;
2520 2737 69 43 and
2610 2747 158 37 persons,
2797 2730 97 46 who,
2915 2735 35 33 in

1636 2815 43 39 or
1678 2815 43 39 di
1721 2815 21 39 n
1742 2815 66 39 ary
1828 2809 118 38 times,
1980 2805 96 32 have
2094 2802 87 33 been
2216 2798 131 45 pitied,
2379 2806 44 22 or
2450 2794 154 43 laughed
2621 2798 53 35 at,
2704 2792 59 34 for
2780 2792 94 33 their
2893 2802 40 21 ec-

1635 2869 210 43 centricity,
1858 2863 235 47 feSiieSSne...:S,
2111 2868 47 22 ex
2166 2862 230 41 travagauce,
2412 2851 70 34 and
2500 2849 234 54 Originality,
2756 2848 92 33 have
2864 2858 65 33 pro-

1637 2926 125 44 cured,
1778 2930 39 28 to
1832 2922 60 38 the.
1907 2917 167 38 sacrifice
2088 2915 43 33 of
2148 2911 100 40 their
2262 2895 198 63 intrividuat
2478 2916 98 30 ease,
2602 2896 69 43 and
2687 2904 209 45 frequently
2911 2898 46 39 of

1637 2975 97 52 their
1748 2983 105 39 lives,
1869 2978 57 34 for
1941 2986 53 28 us,
2024 2983 34 24 in
2079 2978 165 28 common
2264 2966 90 40 with
2370 2953 347 52 other'fieetitates,

1954 3022 7 6 -

2738 2954 64 40 the
2816 2959 64 35 ads
2889 2970 65 24 an-

1638 3048 99 38 Cages
1755 3046 54 25 we
1826 3037 104 32 boast
1955 3027 44 37 of
2024 3022 72 40 and
2112 3014 125 57 enjoy.
2293 3022 79 33 Our
2388 3017 98 44 cool,
2515 3009 145 48 fOrmal,
2689 3008 138 48 sedate',
2842 3008 92 53 I)l4d-

1637 3099 102 38 ditto.,
1756 3093 155 48 regular,
1930 3087 69 35 and
2024 3086 93 41 tool
2135 3090 79 26 men
2241 3080 94 41 keep
2353 3074 107 35 aloof
2476 3085 45 24 on
2541 3073 98 34 these
2655 3073 162 33 decisive
2839 3066 97 41 'Ocia-

1638 3155 93 35 sions
1746 3164 12 28 ;
1780 3148 70 37 and
1870 3141 273 52 possess,,When
2157 3138 64 34 the
2231 3136 227 37 enthusiasts,
2486 3130 124 34 whose
2627 3129 240 44 impetuosity
2885 3130 70 33 and

1641 3204 156 41 rashness
1813 3206 87 47 they
1918 3196 234 39 condemned,
2169 3202 69 34 are
2265 3202 44 24 no
2328 3198 115 32 wore,
2461 3183 63 41 the
2546 3182 105 38 fruits
2670 3184 44 34 cif
2735 3181 92 39 their
2828 3181 18 39 .
2845 3181 112 39 eiter.

1639 3260 92 43 tiOns
1749 3262 67 34 and
1833 3259 155 35 sublime
2002 3252 189 37 devotion.

1685 3314 76 41 Bat
1779 3311 106 41 thou
1886 3326 8 21 r
1894 3315 21 32 h
1944 3305 56 43 We
2033 3317 100 28 were
2170 3304 142 43 willing
2328 3306 37 30 to
2382 3299 129 46 acquit
2539 3296 53 46 his
2620 3296 125 45 Royal
2776 3296 183 45 ifighness

1639 3378 41 37 of
1697 3374 191 43 conniving
1920 3376 41 30 at
1981 3367 63 34 the
2073 3357 276 51 mal-praetises
2372 3351 57 39 of'
2448 3356 91 34 Dirs.
2567 3350 156 45 Clarke,
2758 3347 201 48 suiPielan,

1642 3444 189 34 however,
1860 3431 165 37 attaches
2052 3433 39 26 to
2127 3424 56 33 his
2212 3420 217 35 character;
2457 3417 70 34 and
2555 3417 45 33 he
2622 3415 70 35 and
2722 3415 56 33 his
2811 3411 148 44 fr;ends,

1639 3501 70 38 and
1730 3498 69 39 .the
1830 3493 130 48 public

1995 3494 19 39 .
2014 3494 80 39 must
2120 3487 46 43 be
2196 3478 200 44 convinced
2422 3476 45 35 of
2504 3476 64 34 the
2593 3475 230 51 expediency

2922 3467 50 51 of

1641 3562 61 35 noj
1716 3544 139 54 having
1866 3539 118 51 his'inya
1984 3539 15 51 .
2006 3555 116 25 ocence
2139 3539 183 45 hereafter
2341 3531 115 46 called
2469 3535 38 31 in
2523 3533 116 45 quest,
2662 3541 45 27 n;
2735 3531 78 32 that
2825 3531 40 32 he
2884 3537 80 37 may

1642 3617 61 34 not
1720 3613 38 37 be
1778 3604 209 45 condemned
2011 3593 17 50 r
2028 3593 17 50 t
2044 3593 119 50 ,ithuut
2181 3592 144 43 atrial,
2375 3600 40 22 or
2443 3589 37 37 be
2509 3581 170 66 ;deprived
2800 3599 15 21 e
2835 3581 130 50 benefit

1727 3657 201 57 pro,teclion
1943 3648 113 54 eolitch
2082 3658 31 32 is
2138 3648 220 51 aturdedto
2372 3657 104 33 every
2659 3639 119 45 subject
2778 3639 18 45 -
2806 3643 43 43 by
2867 3635 99 39 those

1642 3726 194 33 sanctions,
1852 3716 113 35 under
1993 3713 111 40 trAich
2131 3712 103 39 akne
2251 3707 161 43 euictenee
2443 3704 30 33 is
2499 3700 155 48 e;eccived
2669 3702 37 30 in
2720 3700 59 31 the
2794 3698 174 41 ardbiary

1644 3777 289 43 administration
1963 3770 46 47 of
2027 3771 59 32 the
2275 3754 84 52 Tne'
2372 3771 102 33 more
2489 3754 58 40 his
2577 3755 120 44 Royal
2730 3754 182 45 highness
2936 3752 31 33 is

1644 3839 183 39 comcious
1850 3834 44 34 of
1918 3833 57 33 his
2002 3831 210 38 innocence,
2242 3823 63 35 the
2329 3831 100 33 more
2457 3815 266 48 peremptorily
2761 3814 45 32 he
2833 3811 133 33 should

1644 3896 185 40 challenge
1848 3887 164 46 inquiry,
2039 3885 65 34 the
2132 3891 102 33 more
2254 3875 231 65 .strenuoukly
2567 3861 130 53 oiou'lo
2714 3857 102 46 insist
2833 3857 50 45 on
2900 3862 69 40 the

1644 3947 174 47 necessity
1852 3946 43 34 of
1917 3945 56 33 his
2006 3943 109 43 being
2147 3935 164 46 brought
2342 3940 37 28 to
2405 3931 106 41 !nut,
2546 3930 34 33 in
2611 3927 107 34 order
2735 3930 40 39 to
2791 3920 99 40 chew
2904 3924 65 39 his

1633 4007 201 40 .deference
1851 4003 60 35 for
1928 4003 64 34 the
2009 3996 221 39 institutions
2244 3992 41 34 of
2293 3992 56 45 tkis
2361 3994 175 44 country,
2548 3991 37 27 to
2602 3992 115 39 prove
2726 3979 63 37 the
2802 3979 169 48 equality

1645 4065 45 33 of
1708 4074 70 25 our
1793 4062 106 39 laws,
1917 4058 69 37 and
2006 4062 39 30 to
2078 4052 113 38 avoid
2222 4046 144 48 painful
2386 4044 169 45 surmises
2580 4037 44 39 of
2643 4020 125 65 undue
2769 4020 26 65 g
2794 4033 178 51 influence

2691 4082 151 13 t.

1646 4121 135 46 Laving
1791 4119 90 33 been
1897 4111 155 40 exerted
2070 4111 37 33 in
2115 4109 60 38 his
2192 4098 143 41 behalf.
2362 4103 60 35 No
2438 4110 129 28 man.is
2581 4107 100 25 more
2694 4091 208 53 persanull,y

1651 4178 155 40 terested
1826 4178 34 35 lo
1876 4169 287 47 maintaiung,iu
2181 4167 47 35 its
2241 4169 130 32 utmost
2385 4161 149 48 purity,
2549 4157 57 37 the
2624 4157 112 46 spirit
2752 4155 44 35 of
2810 4155 63 34 the
2888 4163 87 26 GM.*

3250 2904 74 79 S

3244 3150 98 56 1.

3270 3848 22 18 i.

3317 3993 4 5 .

3229 4005 118 61 MI

3281 4110 28 13 !..

3223 151 8 39 )

235 1915 193 37 preclude,
454 1917 40 24 as
519 1915 44 25 he
591 1915 128 25 would
748 1915 182 32 willingly
960 1915 177 32 suppose,
1165 1915 59 19 the
1256 1915 213 32 possibility
1486 1915 38 18 or
1551 1915 21 17 a
2272 1915 51 20 re,
2352 1915 57 13 'or
2425 1915 63 12 tor
2505 1915 133 11 1101;UUL
2663 1915 37 8 Itt
2720 1915 44 7 ssu
2769 1915 33 8 sss
2803 1915 22 7 is
2829 1915 19 7 ii
2877 1915 61 8 sin

12 1915 5 46 ,
1684 1915 73 27 But
1776 1915 132 24 thout
1926 1915 54 22 we
1998 1915 46 19 do
2069 1915 63 19 not
2153 1915 117 17 nesun

1865 1931 32 26 1,.

235 1972 104 25 Mean
357 1974 45 24 or
433 1963 202 44 iniquitous
652 1961 151 39 action;
831 1959 72 35 and
938 1959 54 33 his
1020 1958 204 44 struggling
1241 1957 110 38 faith,
1381 1956 89 33 with
1489 1967 84 22 con-
1637 1970 93 34 ture,
1756 1970 38 26 to
1812 1959 126 45 acquit
1968 1958 72 33 him
2059 1954 45 35 of
2128 1954 99 34 these
2255 1951 175 41 charges;
2456 1946 145 34 WeEctill
2621 1948 135 33 bestow
2776 1946 60 32 the
2854 1950 91 30 most

235 2020 142 34 vulsive
394 2030 128 34 grasp,
549 2019 119 45 clings
702 2019 71 33 fast
791 2023 38 28 to
849 2019 60 32 the
930 2015 84 35 idea
1046 2015 44 34 of
1119 2015 131 34 human
1266 2014 230 40 excellency,
1514 2011 59 33 till
1638 2017 187 37 unlimited
1843 2016 67 34 and
1929 2010 222 47 uniinalitied
2169 2006 248 48 approbation
2443 2015 45 22 on
2511 2004 59 32 the
2584 2013 77 24 man
2683 2002 81 32 who
2786 2002 156 33 institut.

12 2122 11 65 F
22 2122 2 65 .

234 2076 180 45 repeated
436 2076 139 33 +-hocks
605 2080 111 30 wrest
735 2073 56 35 fro

795 2085 32 22 m
848 2073 74 34 him
943 2072 72 34 this
1029 2070 216 44 fascinating
1261 2074 171 41 support.

282 2133 120 34 These
420 2133 157 33 'natives
596 2132 46 34 of
669 2140 229 37 repugnance
927 2135 38 27 to
999 2128 145 33 believe
1165 2128 33 33 in
1217 2127 63 34 the
1307 2125 132 34 official
1459 2122 117 35 delta-
1635 2078 45 33 ed
1700 2076 110 33 them.
1864 2072 70 33 ilk
1959 2068 150 35 conduct
2130 2066 69 34 and
2218 2072 157 34 courage
2389 2061 46 32 ha
2435 2061 24 32 v
2459 2061 24 32 e
2498 2057 21 44 a
2519 2057 106 44 lread
2626 2057 21 44 y
2663 2057 117 34 raised
2815 2057 71 33 him
2904 2065 39 27 to

1636 2145 20 21 a
1677 2133 93 34 level
1792 2128 87 35 with
1902 2127 211 37 ilAmur.N,
2133 2114 201 45 gIiDNEY;
2363 2117 67 34 and
2456 2117 91 33 Lord
2570 2106 174 44 II.tISSEL
2796 2112 148 37 Eternal

3209 2098 4 25 ,
3230 2098 2 25 .

233 2199 143 34 quency
409 2186 45 35 of
468 2190 60 33 the
552 2189 246 32 Commander
817 2189 34 32 in
875 2184 115 37 Chief
1003 2194 64 22 are
1093 2183 196 34 confirmed
1307 2183 50 43 by
1378 2181 63 33 the
1457 2181 118 33 consi-
3209 2028 34 170 II

1638 2187 180 34 Yratitude
1835 2191 38 28 to
1900 2185 73 33 Mr.
2003 2181 70 33 WA
2085 2190 22 24 IL
2117 2187 81 26 IME
2226 2176 58 34 for
2301 2176 51 33 his
2372 2170 207 50 patriotism
2607 2171 69 35 and
2701 2172 215 43 intrepidity
2933 2171 9 34 !
3206 2176 26 15 .,

12 2216 1 66 ,
231 2246 170 33 deration
415 2246 86 34 how
517 2245 104 34 much
637 2246 30 33 it
679 2244 28 34 is
720 2244 54 34 his
789 2244 148 33 interest
951 2246 64 28 not
1030 2246 38 28 to
1080 2241 221 40 undermine,
1315 2241 48 41 by
1380 2248 46 25 an
1443 2246 132 26 encou-
1636 2216 20 18 b

1637 2246 119 33 These
1774 2244 133 32 virtues
1922 2248 97 26 were
2033 2239 86 40 long
2135 2228 169 40 dormant
2323 2232 33 32 iu
2374 2230 69 34 this
2461 2236 151 37 country
2627 2237 11 27 :
2665 2228 84 39 and,
2767 2238 53 22 we
2842 2235 85 34 frif:/
2927 2235 15 34 t

231 2309 189 39 ragement
433 2298 43 38 of
490 2303 148 40 abuses,
663 2301 65 34 the
745 2298 216 35 veneration
978 2297 70 34 and
1067 2296 224 34 attachment
1307 2294 46 34 of
1367 2293 61 35 the
1447 2293 129 46 public
3206 2223 13 64 i

231 2359 63 35 for
304 2370 46 24 an
360 2360 295 40 establishment,
671 2356 122 34 which
806 2365 142 25 secures
960 2361 34 27 to
1009 2353 90 43 him,
1115 2365 39 21 as
1170 2352 131 34 Prince
1312 2350 43 33 of
1364 2350 61 33 the
1439 2344 135 44 Blond,
1638 2298 96 40 their
1761 2297 249 37 resuscitation
2039 2289 78 40 will
2135 2284 47 41 be
2205 2280 129 56 produc
2334 2280 86 56 tive
2448 2285 43 34 of
2505 2285 59 33 the
2581 2280 132 38 double
2728 2284 215 40 adyNittae,

2417 2341 8 7 .

1636 2359 43 33 of
1690 2357 162 40 securing
1866 2354 61 34 the
1958 2354 103 32 State
2079 2349 94 33 from
2191 2344 142 44 foreign
2350 2342 217 43 subjection,
2595 2339 67 34 and
2691 2337 104 46 preset
2794 2337 18 46 -
2812 2337 18 46 %
2843 2340 51 35 itiz
2919 2349 28 26 IL
3207 2282 17 40 ';,

821 2411 200 46 privileges
1033 2420 90 22 over
1136 2409 60 33 the
1212 2417 72 25 rest
1302 2408 43 32 of
1359 2407 53 34 his
1430 2404 86 35 fello
683 2414 39 32 es
733 2413 70 34 and
273 2428 44 24 nu
322 2418 100 33 mber
442 2417 44 33 of
497 2417 163 32 advanta
233 2428 26 24 a
661 2414 159 44 g
1524 2417 51 22 w-

1633 2413 141 46 against
1798 2411 61 34 the
1877 2405 250 43 undermining
2146 2402 126 33 etrorts
2290 2399 43 34 of
2344 2396 171 33 dome,tic
2531 2395 223 44 corruption.
2813 2395 133 33 Evittr-
3208 2399 27 31 .t.'

234 2476 169 33 citizens.
436 2472 44 35 If
494 2473 54 33 his
566 2469 283 41 understanding
868 2469 45 32 be
927 2477 44 24 on
989 2478 22 22 a
1031 2467 94 32 level
1147 2465 87 33 with
1251 2465 79 33 that
1346 2461 44 34 of
1403 2461 59 34 the
1481 2456 90 39 liulk
3206 2434 6 28 .
3211 2434 7 28 4
3219 2434 7 28 7

1638 2472 74 45 pies
1730 2469 45 34 of
1791 2467 70 34 this
1880 2463 87 35 kind
1985 2471 97 26 were
2101 2456 167 45 ardently
2289 2452 133 37 looked
2443 2452 73 40 for,
2550 2451 66 38 and
2635 2446 146 38 became
2800 2450 148 45 imperi.

235 2530 45 34 of
295 2530 197 39 mankind;
516 2528 33 34 if
562 2529 44 32 lie
627 2528 46 32 he
692 2526 35 33 in
746 2525 63 33 the
829 2520 103 37 habit
948 2522 43 33 of
1005 2522 158 41 forming
1176 2522 61 32 the
1254 2520 164 43 simplest
1435 2517 139 34 combi-

1636 2532 103 41 ously
1773 2541 20 22 u
1798 2538 17 22 r
1815 2538 20 33 g
1838 2532 83 32 ent;
1946 2522 60 35 for
2023 2520 63 34 the
2114 2520 154 40 impetus
2296 2515 67 33 and
2396 2512 185 34 irritation
2611 2512 86 47 they
2728 2511 90 48 give
2833 2516 39 27 to
2885 2511 64 33 the
3202 2502 9 39 1
3211 2502 9 39 -
3397 2489 13 28 s:

237 2587 126 35 nation
393 2585 45 34 of
454 2585 115 40 ideas,
594 2594 45 25 or
659 2591 138 37 povsess
814 2580 63 33 the
891 2589 129 37 power
1045 2578 44 32 of
1102 2576 289 43 discriminating
1408 2574 164 33 between
3202 2542 11 34 f
3216 2542 5 86 -

1638 2587 158 46 popular
1814 2582 133 43 feeling
1963 2589 63 24 are
2049 2578 106 33 alone
2173 2572 156 45 capable
2349 2570 41 33 of
2414 2571 146 35 creating
2561 2571 19 35 .
2594 2568 71 34 and
2691 2568 220 44 supporting
2927 2575 24 25 a
3399 2563 12 15 1

236 2648 233 37 momentary
497 2640 84 38 and.
601 2643 230 40 permanent,
856 2635 176 35 artificial
1062 2643 45 24 an
1111 2633 20 33 d

1183 2631 70 33 lid
1271 2631 154 44 advanta
1424 2631 21 44 g
1446 2631 22 44 e
1468 2631 22 44 '
1519 2629 53 34 his
1598 2628 15 30 1
1635 2639 129 52 degree
1796 2639 41 35 of
1861 2628 131 52 energy
2011 2628 210 51 equivalent
2255 2636 38 26 to
2322 2628 58 32 the
2396 2616 269 51 acetinittlatfug
2682 2613 269 45 and'alartiAnw

235 2709 113 35 every
381 2698 177 43 thought,
600 2695 119 40 word,
749 2693 71 35 and
852 2693 138 40 action,
1020 2689 122 33 would
1178 2687 211 44 invariably
1423 2685 81 34 tend
1534 2691 39 28 to
1635 2704 136 39 danger
1782 2696 41 33 of
1837 2704 66 26 our
1920 2691 188 37 situation.
2164 2685 178 44 Freedmie
2354 2682 59 34 and
2413 2682 20 34 .
2448 2691 58 25 wit
2515 2672 94 43 Intuit
2628 2672 15 50 4
2643 2672 15 50 ,
2659 2672 149 50 reatitess
2820 2650 135 61 Catint7t

239 2756 196 41 maintain,
464 2756 34 33 in
517 2753 99 35 their
644 2752 143 43 highe,st
806 2748 143 46 purity.
976 2746 222 35 institutions
1224 2756 38 21 so
1292 2743 217 37 favouNthle
1534 2747 39 30 to
1635 2770 45 25 ex
1688 2759 48 32 it
1755 2756 80 43 long
1848 2750 168 35 .without
2034 2748 102 33 these
2152 2743 138 34 violent
2310 2739 184 46 passions;
2520 2728 78 51 and
2610 2717 158 67 perions,
2797 2730 30 39 W
2835 2730 59 46 fin,
2915 2735 35 33 in
3202 2713 14 65 r

240 2812 53 34 him
348 2810 267 45 individually.
667 2809 57 33 To
741 2810 143 41 suspect
902 2804 74 37 him
1010 2802 44 34 of
1078 2807 170 38 contrary
1269 2800 236 44 pretensions,
1532 2809 43 25 or
1636 2802 172 52 ordinarY
1828 2809 118 38 times,
1980 2805 96 32 have
2094 2802 87 33 been
2216 2798 131 45 pitied,
2379 2806 44 22 or
2450 2787 154 50 loughtid
2621 2785 63 48 at,'
2704 2786 59 40 flit-
2780 2786 94 39 their
2893 2802 59 21 ec-

239 2874 40 30 to
298 2878 133 25 accuse
449 2868 76 33 him
542 2867 44 33 of
609 2864 111 46 being
736 2861 220 37 dissatisfied
981 2858 92 34 with
1094 2857 61 35 the
1185 2856 109 43 rank,
1319 2855 158 38 fortune,
1502 2854 71 34 and

2515 2863 7 18 1
2561 2859 84 33 01.1
2666 2859 7 21 t

2695 2861 39 33 .),
2756 2848 92 33 have
2864 2858 86 33 pro-

12 2937 24 27 :
240 2926 181 34 influence
439 2924 46 33 he
502 2933 39 25 so
557 2917 283 51 pre-eminently
860 2915 129 46 enjoys
1020 2916 34 33 in
1085 2913 157 45 society,
1269 2910 69 34 and
1362 2910 44 34 of
1419 2921 24 22 a
1456 2893 118 52 desire
1602 2919 13 7 _
1635 2869 210 43 centricity,
1858 2863 235 47 festlessnc-ss,
2111 2868 47 22 ex
2166 2844 315 59 travagauctcand
2500 2849 53 34 iri
2580 2839 14 17 '
2626 2842 67 40 ;1';
2712 2842 32 26 .

1637 2926 125 44 cured,
1778 2914 115 45 intie
1907 2917 167 38 sacrifice
2088 2915 43 33 of
2148 2911 100 40 their
2263 2895 197 50 individual
2478 2916 98 30 ease,
2602 2896 69 43 and
2687 2904 209 45 frequently
2911 2898 46 39 of
3204 2909 11 22 o

239 2986 43 31 to
292 2986 190 47 augment,
502 2981 50 45 by
566 2978 116 37 illicit
700 2985 132 32 means,
852 2974 60 35 the
921 2974 224 43 advantages
1160 2967 209 44 healready
1385 2976 189 34 possesses,
1602 2967 5 66 '

12 3033 7 11 ,
1637 2975 97 52 their
1748 2965 177 58 lives,,for
1941 2970 53 44 us,
2024 2967 34 40 hi
2079 2978 165 28 cemmon
2264 2954 90 47 with
2370 2954 116 43 other
2588 2941 100 61 titates
2688 2941 14 61 z
2702 2941 15 61 ,
2738 2954 64 40 the
2816 2952 138 43 ti'd%'an-

242 3031 124 58 :tioutiti
396 3038 123 45 imply
544 3046 26 24 a
585 3033 220 45 deficiency,
831 3041 46 22 on
896 3030 53 33 his
969 3033 99 43 part,
1097 3025 46 37 of
1166 3034 165 26 common
1352 3022 132 44 feeling
1505 3033 47 25 an
1553 2978 839 81 di
2392 2978 840 81 !,

13 3073 8 18 t
2689 3009 138 47 sedate,
1602 3022 8 27 '
1610 3022 8 27 4

1630 3020 180 66 lages`we
1826 3033 22 35 b
1852 3046 20 22 o
1876 3038 54 30 ast
1955 3027 44 37 of
2024 3022 72 40 and
2112 3014 125 57 enjoy.
2293 3022 79 33 Our
2388 3017 98 44 Cool,
2515 3009 145 48 formal,
2842 3008 110 53 phut-

241 3105 170 28 common
445 3090 295 44 understanding.
798 3079 93 43 Will
922 3094 74 38 any
1028 3094 98 31 man,
1152 3080 202 40 therefore,
1388 3078 92 34 have
1509 3072 66 48 the
1637 3099 102 43 ding,
1756 3093 155 48 regular,
1930 3087 69 35 and
2024 3086 93 41 loyal
2135 3090 79 26 men
2241 3080 94 41 keep
2353 3074 107 35 aloof
2476 3085 45 24 on
2541 3067 98 40 these
2655 3056 162 51 decislie
2839 3066 116 41 'Ocia-

241 3150 161 46 codrage
419 3156 39 30 to
477 3149 171 37 condemn
677 3158 40 22 us
736 3144 32 35 if
782 3154 57 26 we
853 3142 77 35 still
959 3141 182 35 entertain
1162 3129 112 52 hopes
1290 3129 81 40 that
1388 3126 61 41 the
1449 3126 20 41 *
1469 3126 105 41 Cinn-

1309 3183 6 5 .
1638 3120 66 72 sio'n
1704 3120 13 72 b
1717 3120 13 72 s
1730 3120 13 72 ,
1743 3120 14 72 ;
1780 3116 18 77 a
1798 3116 18 77 -
1815 3116 109 77 riditn
1924 3116 18 77 '
1942 3116 201 77 Siess,.4;en
2157 3128 64 45 the
2231 3130 211 39 enthusiasts
2448 3128 27 45 ,'
2486 3125 124 39 whose
2627 3120 240 52 itnpettiosity
2885 3130 70 33 and
3228 3116 5 77 I

241 3209 154 47 !mintier
415 3204 168 53 in.chkef
596 3204 117 47 might
732 3203 92 50 have
841 3201 89 33 been
946 3198 169 46 ignorant
1133 3193 43 35 of
1269 3193 176 33 infamous
1463 3189 112 51 traffic
1604 3189 2 69 '

1607 3181 4 72 '
1641 3204 156 41 rashness
1813 3206 87 47 they
1918 3190 234 45 condemned,
2169 3202 69 25 area
2265 3185 44 40 no
2328 3198 115 32 wore,
2461 3183 63 39 the
2546 3182 105 38 fruits
2670 3184 44 34 ilf
2735 3181 92 39 their
2828 3181 18 39 .
2845 3181 112 39 eiter.

241 3255 129 57 Iteltich
398 3272 103 30 some
516 3253 74 45 vile
609 3262 213 39 miscreants
854 3254 141 38 carried
1028 3263 47 24 on
1109 3249 129 37 under
1238 3248 61 35 the
1326 3256 111 27 cover
1453 3244 43 34 of
1522 3244 67 37 his,
1656 3252 26 24 ;.-
1780 3252 6 4 -
1846 3252 8 7 -

1556 3294 6 4 -
1639 3274 92 28 twits
1749 3262 67 34 and
1833 3259 155 35 sublime
2002 3252 189 37 devotion.
3206 3252 4 51 .

239 3333 125 33 name.
417 3321 73 43 We
506 3330 85 35 may
624 3318 46 38 be
698 3314 154 45 accused
878 3311 45 37 of
948 3309 204 52 weakness,

1168 3305 8 54 ,
1176 3305 17 54 f)
1193 3305 8 54 :
1201 3305 8 54 f
1209 3305 8 54 .
1235 3292 97 47 want
1356 3301 44 41 pf
1419 3309 158 33 COUra;rf
1685 3314 76 41 gut
1779 3311 85 41 thou
1865 3309 25 64 g
1894 3315 21 32 h
1876 3292 5 81 .

1685 3319 76 37 But
1779 3315 137 41 though
1944 3322 56 25 we
2033 3317 100 28 were
2170 3304 142 43 willing
2328 3306 37 30 to
2382 3299 129 46 acquit
2539 3296 53 46 his
2620 3296 125 45 Royal
2776 3296 183 45 ilighnets

240 3381 74 37 and
332 3377 214 50 patriotikat
563 3389 12 30 ;
601 3376 69 37 but
689 3381 56 26 we
771 3376 94 44 must
883 3367 138 40 confess
1041 3376 58 37 we
1127 3361 122 37 would
1266 3350 71 45 feel
1354 3370 25 25 a
1390 3358 133 44 horror
1543 3357 34 38 in
1639 3378 41 37 of
1791 3376 7 7 .
1830 3357 18 30 ,
1847 3357 19 30 1

1227 3409 8 6 -
1319 3405 45 8 -
1547 3406 18 5 -
1697 3384 191 33 conniving
1920 3376 41 30 at
1981 3367 63 34 the
2073 3357 276 51 mal-practises
2372 3354 44 35 of
2448 3356 91 34 Dirs.
2567 3350 156 45 Clarke,
2758 3347 201 48 stiiiiician,

244 3430 317 51 believinglhim
578 3430 162 46 capable
770 3428 45 34 of
837 3423 220 43 associating
1090 3420 91 37 with
1205 3428 25 26 a
1258 3417 93 47 Nts.
1372 3413 156 50 Clacke,
1554 3420 26 26 a
1658 3397 4 84 -
1920 3397 416 25 ..

1642 3444 189 34 however,
1860 3431 165 48 attache,s
2052 3433 39 26 to
2127 3424 56 33 his
2212 3420 190 35 character
2419 3429 11 27 ;
2457 3417 70 34 and
2555 3417 45 33 he
2622 3415 70 35 and
2722 3415 56 33 his
2811 3411 148 44 fr;ends,
3197 3409 6 19 1

246 3494 204 39 113onovou,
464 3487 117 46 anda.:
593 3485 163 47 Captain
771 3483 157 38 Sandon,
953 3480 61 40 fpr
1028 3472 319 50 theignpininious
1367 3477 157 40 purpose
1539 3480 26 24 o
1566 3467 25 35 f
1646 3493 951 39 _

2639 3509 11 22 _
2649 3509 22 22 i,
2694 3485 9 20 1
2721 3484 102 41 scncy

242 3549 221 44 converting
476 3547 63 40 the
557 3550 203 41 patronage
777 3539 45 37 of
835 3539 61 37 the
915 3539 118 41 Army
1054 3534 76 34 into
1148 3531 61 33 the
1228 3537 119 32 Weans
1365 3526 45 35 of
1419 3523 159 47 gratify-
1639 3493 70 46 And
1730 3461 4 132 .
1737 3498 61 39 the
1830 3482 156 67 pwbiic
1994 3494 100 47 ,must
2120 3487 46 34 be
2196 3491 91 25 conv
2293 3481 8 33 i
2306 3490 41 32 nc
2350 3471 45 41 ed
2422 3476 45 35 of
2504 3476 64 34 the
2593 3480 98 40 expe
2705 3475 24 31 I'
2793 3461 106 30 '"
2922 3467 50 51 of

1641 3562 61 35 not
1716 3555 136 44 having
1866 3544 54 44 his
1938 3550 183 39 inyaocence
2139 3539 183 45 hereafter
2341 3531 115 46 called
2469 3535 38 31 in
2523 3533 116 51 quest,
2652 3541 56 27 'n;
2735 3531 78 32 the
2825 3531 40 32 he
2884 3537 80 37 may

244 3607 64 45 ing
322 3607 54 34 his
397 3605 151 47 private
563 3602 116 38 vices,
703 3598 70 35 and
789 3595 63 35 the
867 3591 383 45 extravagant_wants
1267 3578 43 43 of
1322 3583 61 34 his
1407 3581 167 39 mistress.

1642 3595 345 56 nat'beeondentned
2011 3593 152 50 oithont
2181 3609 20 21 a
2220 3592 105 43 trial,
2350 3586 65 38 nor
2443 3582 37 51 be
2509 3575 170 59 dipriveil
2699 3580 48 53 of
2757 3582 59 39 the
2835 3578 130 53 benefit

241 3660 77 46 We
331 3665 136 34 cannot
483 3660 25 35 fi
515 3669 22 25 x
555 3669 46 25 on
619 3656 64 37 the
700 3656 84 34 idea
801 3648 171 40 butleith
985 3648 138 33 horror
1139 3644 8 18 '
1178 3641 38 37 It
1234 3643 28 33 is
1280 3645 63 31 too
1365 3635 216 46 mortifying
1843 3648 6 13 ,
1861 3635 54 71 -
1971 3635 18 71 .

246 3719 64 34 for
333 3720 136 34 human
501 3720 146 35 nature,
676 3713 131 33 human
833 3712 143 35 reation,
999 3703 72 37 and
1106 3702 130 33 human
1270 3696 123 45 pride.
1444 3692 137 34 Whilst
1642 3669 70 37 and
1727 3657 201 57 protecliois
1935 3659 120 45 A/40
2082 3658 31 32 is
2138 3648 170 51 afrorded
2323 3652 34 30 to
2372 3657 104 33 every
2493 3635 144 46 11itiSh
2659 3632 119 52 snkjirt
2778 3632 18 52 -
2806 3643 43 43 by
2867 3635 99 39 those

2368 3660 2 43 .
2450 3692 12 9 ..
2505 3660 40 37 .
2590 3691 6 5 .
2616 3660 4 43 .

1642 3726 194 33 sanctions,
1852 3716 113 35 under
1993 3713 111 40 which
2131 3706 103 45 alone
2251 3707 161 43 evidence
2443 3704 30 33 is
2499 3700 155 46 received
2669 3702 37 30 in
2720 3700 59 31 the
2794 3698 174 41 ardbaury
3204 3681 21 43 i

244 3777 162 45 ,Europe
424 3774 79 35 still
522 3769 170 39 resounds
710 3767 90 37 with
819 3765 63 34 the
896 3761 103 38 crash
1015 3759 45 34 of
1072 3769 39 24 so
1130 3767 104 32 many
1250 3754 162 38 thrones,
1436 3748 69 34 and
1526 3757 54 22 we

1644 3767 289 53 adininisiration
1963 3764 46 53 of
2027 3771 59 32 the
2275 3757 79 40 Ttie
2372 3771 102 33 more
2489 3746 58 47 his
2577 3755 120 44 Royal
2730 3745 182 53 ilighnesi
2936 3752 31 33 is

236 3830 304 48 Ohudder_atthe
559 3828 135 43 misery
713 3822 70 37 and
811 3817 241 48 degradation
1070 3811 40 35 of
1123 3822 40 24 so
1180 3819 107 34 many
1307 3796 181 56 powerful
1505 3813 90 24 em-'

12 3811 1 161 1
244 3883 112 52 pires-
357 3883 19 52 7
376 3883 151 52 --whilst
554 3885 63 35 the
651 3879 228 40 tremendous
902 3874 69 35 and
1000 3869 213 45 instructive
1245 3856 176 52 example
1450 3859 43 35 of
1518 3859 63 33 de-
1644 3839 183 39 conscious
1850 3834 44 34 tif
1918 3833 57 33 his
2002 3831 210 38 innocence,
2242 3823 63 35 the
2329 3831 100 33 more
2457 3815 266 48 peremptorily
2761 3814 45 32 he
2833 3811 133 33 should

2536 3861 70 9 ..
2642 3861 4 9 .

2585 3865 20 39 h
2635 3882 19 22 u

2574 3870 4 33 .
2659 3870 11 33 1

2850 3857 4 45 .
2875 3857 8 11 ,
2900 3862 69 40 the

12 3886 1 86 I
1644 3896 185 40 challenge
1848 3887 164 46 inquiry,

2031 3885 72 53 .the
2132 3891 102 33 more
2254 3875 231 65 .strenuonkly
2505 3872 77 46 ie_s
2610 3885 21 32 it
2674 3870 22 44 d
2714 3870 102 33 insist
2833 3878 44 25 on

247 3945 158 38 throned
433 3944 72 39 and
531 3941 161 46 fugitive
707 3939 120 44 kings,
854 3930 217 45 descending
1093 3917 93 44 from
1213 3922 61 38 the
1290 3922 104 45 glare
1410 3917 43 35 of
1465 3922 118 38 great-

573 3969 21 27 t?
1644 3947 174 47 necessity
1852 3946 43 34 of
1917 3945 56 33 his
2006 3943 109 43 being
2147 3935 164 46 brought
2342 3940 37 28 to
2396 3924 115 48 irinl,
2546 3930 34 33 in
2611 3917 107 45 order
2735 3930 40 39 to
2791 3920 99 40 sliew
2904 3924 65 39 .his

244 4012 81 28 mess
341 4004 78 40 into
436 4002 66 35 the
519 3997 129 47 horrid
666 3997 124 46 gloom
808 3992 44 35 of
862 4002 24 24 a
904 3989 139 45 prison,
1068 3993 44 25 or
1140 3978 204 48 depending
1363 3976 57 37 for
1435 3971 149 39 subsist.-

1546 4036 37 31 to
1633 4007 201 40 ileference
1851 4003 60 35 for
1928 4003 64 34 the
2009 3996 221 39 institutions
2244 3992 47 41 of
2293 3992 56 45 his
2361 3994 175 33 eounkry,
2548 3991 37 27 to
2602 3992 115 39 prove
2726 3979 63 37 the
2802 3979 169 48 equality

244 4069 91 27 sacs
351 4069 48 27 on
418 4059 64 33 the
495 4055 210 47 generosity
723 4051 70 34 and
804 4043 296 41 commiseration
1113 4037 43 38 of
1176 4042 196 38 strangers,
1397 4029 92 38 strik
1492 4038 37 24 es
2402 4038 14 7 .
2493 4022 28 19 ,-,
2537 4028 20 13 ~
2593 4033 7 8 ,
2743 4022 26 18 t
2791 4033 6 4 ,

1645 4065 45 33 of
1708 4074 70 25 our
1793 4062 106 39 laws,
1917 4058 69 37 and
2006 4062 39 30 to
2078 4052 113 38 avoid
2222 4049 89 46 pain
2313 4032 19 50 f
2331 4046 34 39 ul
2386 4044 169 45 surmises
2580 4037 44 39 or
2643 4037 118 48 eudge
2794 4033 178 39 influence

244 4116 98 35 with
376 4123 104 33 awe,
506 4113 72 35 and
609 4111 191 44 impresses
827 4106 63 43 the
912 4098 208 48 insinbility
1148 4093 43 38 of
1217 4093 130 41 Lipman
1374 4080 183 54 grandeur
1571 4094 12 28 ;

1646 4121 135 46 having
1791 4119 90 33 been
1897 4111 155 40 exerted
2070 4111 37 33 in
2115 4109 60 38 his
2192 4098 143 41 behalf.
2362 4103 60 35 No
2438 4110 80 24 man
2538 4098 28 33 is
2581 4107 100 25 more
2920 4094 58 33 in.

233 4172 223 38 .whilst.the
472 4165 369 44 cOnvi.ction.rushess
865 4165 41 43 At
930 4157 189 46 .tkelarae
1146 4139 228 63 iTtittrt,ahp
1374 4139 19 63 s
1393 4139 57 63 arF
1449 4139 19 63 .
1468 4139 116 63 tinds,

1651 4178 155 40 timested
1826 4178 34 35 in
1876 4169 287 47 inaintaiung,iu
2181 4167 47 35 its
2241 4169 130 32 utmost
2385 4165 149 45 purit;',
2549 4157 57 37 the
2624 4157 112 46 spirit
2752 4155 44 35 of
2810 4155 63 34 the
2888 4163 87 26 con-

309 4234 94 40 Pol.
423 4228 201 46 11.---Ifs.
643 4225 87 51 LX
731 4224 33 39 I.

1376 4272 8 17 ,
3193 4272 5 35 :
