3413 4441
1126 59 143 52 THE
1304 56 379 58 NATIONAL
1721 52 378 66 REGISTER.

369 208 165 54 THE
575 206 429 57 NATIONAL
1045 208 418 56 REGISTER.

797 350 254 57 LOlOOll,

520 443 234 45 SUNDAY,
785 443 295 39 FEBRUARY
1114 446 66 43 20,
1213 446 110 37 1809.

1649 215 148 39 among
1812 203 129 38 whom
1963 215 70 26 are
2052 201 149 40 several
2222 200 191 40 Generals
2431 198 48 39 of
2492 198 247 44 distinction,
2769 208 111 26 some
2897 208 70 39 say

1652 257 237 37 BERTHIER.
1945 255 129 38 Thee
2108 259 190 45 accounts
2331 252 81 39 also
2448 257 119 39 state,
2598 250 89 38 that
2737 248 50 39 he
2818 250 152 44 Frenets

1651 308 185 39 Garrison
1851 320 81 25 was
1950 306 214 53 preparing
2186 311 41 33 to
2243 296 198 48 evacuate
2461 302 174 43 Madrid,
2665 302 38 37 in
2732 300 72 39 the
2830 300 118 51 neigh-

1652 359 210 39 bourhood
1892 359 48 39 of
1954 357 128 40 which
2117 359 94 52 they
2233 369 100 27 were
2365 356 202 50 throwing
2604 367 53 40 up
2688 364 113 28 some
2828 356 143 56 strong

1654 412 143 39 works.
1832 415 213 48 Saragossa
2060 410 76 40 still
2151 409 115 40 holds
2283 415 70 32 out
2367 425 12 27 ;
2408 407 76 39 and
2502 407 69 38 the
2585 405 170 52 intrepid
2774 407 197 35 PALAFOIL

1654 464 27 37 is
1714 465 182 51 reported
1926 469 43 33 to
1989 464 104 38 have
2125 461 189 50 obtained
2352 459 171 39 another
2551 457 171 40 decisive
2743 457 228 52 advantage

1651 529 97 25 over
1765 517 67 37 the
1850 528 159 37 enemy,
2039 515 39 38 in
2109 514 126 41 which
2263 514 92 51 they
2378 511 77 40 lost
2489 510 99 39 near
2622 513 120 39 7,000
2773 519 104 28 men.
2937 510 33 40 A

1649 567 126 52 single
1795 568 93 39 trait
1910 567 77 39 will
2004 567 133 43 suffice
2156 570 44 34 to
2220 565 117 40 mark
2355 565 67 38 the
2447 561 204 54 sublimity
2670 562 46 37 of
2730 559 61 40 his
2807 561 142 38 charac-

1651 630 74 30 ter.
1786 620 157 48 (laving
1977 621 98 39 been
2102 618 236 40 summoned
2373 617 50 51 by
2443 615 72 39 the
2532 613 198 54 besiegers
2752 617 43 34 to
2815 613 135 51 capitu-

1654 673 91 44 late,
1775 673 89 39 who
1883 671 85 43 told
1990 672 80 38 him
2091 671 87 38 that
2191 684 43 25 as
2252 670 51 39 all
2324 669 116 52 Spain
2460 679 79 25 was
2554 667 39 37 in
2608 666 70 40 thy
2691 665 216 59 possession
2926 663 52 41 of

1654 725 67 38 the
1737 724 165 46 French,
1933 717 50 46 he
1998 723 118 39 could
2150 728 72 34 not
2241 723 107 52 hope
2376 725 44 33 to
2438 717 190 41 establish
2657 729 22 25 a
2700 717 274 38 communim.

1654 777 84 41 tion
1757 777 92 38 with
1872 790 71 38 and
1978 777 118 38 other
2127 780 188 46 country.
2643 777 89 43 says
2748 768 72 39 the
2848 769 125 50 klero,

1701 843 73 25 ran
1799 830 15 35 1
1841 833 211 45 capitulate
2079 841 46 24 or
2158 829 244 37 surrender:
2434 827 86 38 talk
2545 824 48 48 If
2617 824 83 35 that
2734 823 112 35 tam
2868 820 103 39 lam

1650 885 109 35 dead.
1817 883 67 46 31y
1925 883 343 35 communications
2298 891 72 26 are
2407 889 98 34 open
2529 876 96 37 with
2653 880 120 41 ertry
2807 868 91 52 part
2908 885 34 26 o
2943 874 39 99 1

1650 935 133 46 pain,
1813 938 79 33 and
1910 935 87 35 with
2019 935 63 37 the
2245 946 32 22 w
2096 935 119 34 whole
2282 933 87 34 orld
2383 945 12 24 ;
2425 932 79 34 and
2520 930 40 47 if
2581 930 90 44 they
2689 932 106 32 were
2816 930 65 33 cut
2961 939 13 30 i

1654 999 60 35 my
1735 992 182 41 bayonets
1936 989 129 34 would
2094 997 31 25 ••
2125 997 15 25 -
2140 997 47 25 oon
2219 990 150 31 restore
2590 980 56 37 Cu
2656 981 99 33 iIsTA
2777 976 70 39 has
2876 976 100 39 like-

1654 1052 24 20 Si
1691 1041 53 37 ise
1765 1037 190 38 obtained
1981 1049 110 26 some
2122 1035 227 51 advantage
2386 1045 97 26 over
2507 1029 70 40 the
2608 1041 141 39 enemy
2767 1045 12 28 ;
2809 1028 77 39 anti
2907 1028 73 41 the

1654 1091 122 52 Army
1796 1090 48 38 of
1860 1090 119 38 Duke
2000 1089 47 41 of
2063 1090 242 38 INIPANTADO
2327 1085 31 38 is
2378 1080 211 44 estimated
2609 1085 43 33 at
2680 1084 150 41 50,000
2867 1093 107 26 men.

1654 1143 86 38 The
1759 1146 191 35 accounts
1963 1142 107 38 from
2088 1139 204 39 Catalonia
2307 1150 69 26 arc
2388 1135 157 53 equally
2567 1133 240 53 gratifying,
2863 1133 116 44 Itto!

1655 1209 87 30 MG,
1770 1207 24 25 a
1827 1207 93 37 very
1944 1191 286 53 distinguished
2252 1193 158 40 Officer,
2439 1186 196 52 occupied
2656 1185 91 38 with
2767 1196 50 26 an
2852 1187 126 50 Army

1654 1247 46 37 of
1719 1251 142 41 .25,000
1881 1258 106 31 men,
2016 1244 138 52 highly
2172 1243 248 52 disciplined,
2450 1241 70 37 the
2538 1245 141 44 strong
2698 1243 91 47 post
2809 1235 50 40 of
2876 1239 77 44 Tap
2953 1239 26 44 !

1656 1311 167 40 ragoua,
1852 1311 78 26 one
1949 1298 50 39 of
2026 1297 69 39 the
2122 1302 103 33 most
2245 1287 221 59 important
2489 1293 38 37 in
2561 1291 70 40 the
2666 1290 207 51 province.
2929 1293 50 40 la

1659 1354 87 38 Pori
1759 1350 90 52 ugal
1871 1351 67 37 the
1958 1350 113 53 spirit
2091 1349 46 37 of
2161 1348 69 39 the
2259 1345 142 53 people
2419 1346 146 37 cannot
2589 1344 50 37 be
2659 1343 149 39 better.
2865 1341 116 54 They

1654 1403 76 38 call
1750 1402 131 51 loudly
1905 1402 65 39 for
1990 1401 58 40 Sir
2065 1402 182 38 ARTHUR.
2270 1401 250 37 WELLLSLEY
2541 1403 44 32 to
2598 1393 126 44 direct
2744 1393 109 45 their
2872 1393 84 50 mili-

1657 1461 85 45 tary
1761 1455 164 39 ardour.

1709 1509 37 37 It
1776 1507 30 39 is
1835 1519 89 26 now
1957 1504 202 52 currently
2190 1500 207 54 reported,
2424 1499 91 39 that
2546 1496 202 41 Ministers
2784 1501 115 34 mean
2931 1501 50 40 ta.

1656 1560 123 50 adopt
1798 1572 24 25 a
1838 1558 117 39 mode
1969 1558 50 39 of
2030 1558 181 40 warfare,
2244 1554 92 38 with
2360 1553 139 50 regard
2520 1556 45 35 to
2585 1551 135 51 Spain,
2751 1558 112 31 more
2882 1561 80 33 con.
2962 1561 20 33 •

1656 1613 154 43 sistent,
1841 1613 31 35 it
1891 1612 31 37 is
1937 1611 98 43 said,
2065 1610 92 38 with
2179 1620 74 25 our
2274 1605 146 38 insular
2439 1604 208 43 situation,
2666 1602 118 39 naval
2806 1615 149 39 prepon-

1657 1664 183 41 derance,
1870 1663 77 38 and
1967 1661 175 41 military
2164 1658 315 40 establishment.
2536 1655 97 38 This
2653 1655 30 37 is
2706 1658 44 34 to
2767 1655 146 38 consist
2934 1655 41 38 in

1657 1716 185 50 frequent
1872 1715 78 38 and
1967 1713 143 54 partial
2126 1713 177 39 descents
2336 1723 51 24 on
2404 1709 69 37 the
2485 1707 202 39 extensive
2705 1706 78 39 line
2802 1706 50 38 of
2859 1701 118 44 coast

1657 1768 105 39 from
1785 1770 190 50 Bayonne
2010 1772 44 33 to
2075 1767 154 37 Genoa.
2289 1765 53 35 its
2369 1760 240 52 expediency
2633 1757 74 39 and
2730 1757 248 52 advantages

1659 1833 102 26 were
1775 1817 230 54 frequently
2039 1814 305 41 recommended
2372 1813 50 51 by
2444 1812 70 38 the
2536 1817 116 45 great
2672 1809 100 39 Lord
2791 1811 30 38 N
2832 1824 115 25 ILSON
2962 1825 18 31 /

1659 1872 76 38 and
1756 1871 67 39 the
1843 1871 126 39 alarm
1990 1869 126 40 which
2143 1867 102 39 Lord
2268 1861 256 52 Cocii.a.vst:
2524 1861 21 52 -
2545 1861 86 52 kept
2653 1876 67 39 up,
2751 1874 111 25 sonic
2880 1861 99 40 time

1659 1937 79 37 ago
1760 1936 52 26 on
1839 1923 69 40 the
1928 1922 155 40 French
2104 1928 112 32 coast
2236 1920 38 35 in
2290 1918 69 38 the
2391 1916 300 43 Mediteraneith
2711 1919 158 46 prdves,
2898 1913 37 39 if
2946 1915 34 38 it

1661 1977 48 37 be
1727 1976 174 52 pursued
1922 1988 52 25 on
1994 1988 25 25 a
2046 1972 110 53 large
2173 1971 120 43 scale,
2323 1970 89 37 that
2438 1967 175 52 nothing
2641 1978 73 27 can
2747 1967 236 39 contribute

1662 2041 112 27 inure
1793 2033 44 33 to
1865 2028 156 38 harm%
2041 2027 76 38 and
2143 2024 167 39 distract
2324 2022 66 37 the
2409 2031 158 39 enemy.
2628 2020 53 50 By
2704 2024 13 32 t
2722 2017 21 38 h
2750 2022 65 33 ese
2829 2030 152 33 means,

1661 2080 69 39 the
1761 2081 124 50 hopes
1916 2079 48 38 of
1985 2079 70 38 the
2078 2078 174 39 Patriots
2284 2072 77 40 will
2385 2074 46 35 he
2467 2070 227 52 constantly
2725 2069 99 51 kept
2845 2069 132 46 alive;

1662 2132 129 39 whilst
1811 2132 66 39 the
1897 2131 184 38 invaders
2100 2127 74 40 will
2191 2128 50 38 be
2261 2124 228 41 tormented
2512 2122 76 39 and
2608 2134 109 26 worn
2730 2125 72 34 out
2819 2121 50 51 by
2885 2122 78 37 toil-

1659 2197 113 27 some
1795 2183 191 39 marches.
2044 2183 72 38 We
2133 2181 100 38 have
2246 2176 223 53 frequently
2492 2174 158 39 alluded
2669 2180 43 33 to
2743 2174 51 37 its
2812 2173 170 40 decisive

1662 2237 265 54 importance,
1959 2233 76 40 and
2073 2233 100 39 have
2192 2228 306 44 recommended
2519 2233 43 32 to
2585 2226 85 39 that
2683 2226 118 39 effect
2820 2225 69 39 the
2907 2228 50 37 Ba-

1662 2289 122 39 learic
1804 2287 150 41 Islands
1972 2301 40 25 as
2033 2285 69 40 the
2120 2289 104 34 most
2244 2281 240 41 convenient
2502 2284 111 43 depot
2630 2278 61 40 for
2709 2280 72 37 the
2803 2277 176 52 military

1663 2339 109 50 force
1791 2353 58 25 we
1867 2339 139 41 should
2028 2337 159 52 employ
2210 2337 39 37 in
2277 2335 89 38 that
2385 2331 164 40 service.
2606 2331 72 37 We
2712 2342 70 27 are
2812 2328 84 40 also
2921 2328 40 39 in-

1663 2394 154 40 formed
1838 2392 90 40 that
1954 2393 274 39 Government
2261 2387 70 38 has
2354 2383 214 53 stipulated
2589 2383 94 39 with
2704 2383 70 38 the
2789 2383 195 50 Supreme

1661 2448 141 44 Junta,
1821 2445 87 38 that
1920 2458 77 28 our
2015 2450 141 45 troops
2172 2438 141 41 should
2344 2438 98 38 take
2461 2437 220 52 possession
2702 2435 47 38 of
2767 2435 184 39 MinOrea
2966 2451 15 27 ;

1659 2498 109 39 from
1786 2498 163 43 whence
1976 2499 60 37 We
2055 2507 87 39 may
2169 2493 187 38 threaten
2376 2491 66 38 the
2470 2487 133 40 whole
2633 2492 112 34 coast
2781 2489 50 38 of
2861 2487 122 53 itaiyi
2996 2487 2 59 .

1662 2550 118 51 Spain
1801 2549 74 40 and
1893 2550 70 40 the
1985 2546 124 45 South
2130 2546 41 39 of
2187 2544 168 40 France.

1711 2668 34 38 A
1760 2665 152 40 serious
1931 2662 113 53 spirit
2065 2662 43 40 of
2125 2661 227 45 discontent
2365 2660 70 39 has
2453 2654 236 44 manifested
2709 2655 111 41 itself
2833 2655 154 54 amen?:

1662 2719 69 39 the
1744 2717 151 41 French
1907 2722 157 45 troops.
2094 2715 110 52 They
2220 2727 69 26 are
2301 2713 83 39 said
2398 2717 41 34 to
2451 2724 163 39 express
2628 2709 67 39 the
2708 2708 157 40 loudest
2872 2722 115 26 coin.

1662 2771 146 52 plaints
1821 2770 46 39 of
1877 2769 69 39 the
1959 2767 209 52 hardships
2181 2767 94 52 they
2294 2779 69 25 arc
2378 2761 234 53 incessantly
2628 2761 172 52 exposed
2818 2767 65 39 to;
2906 2748 85 52 and'

1662 2824 71 41 the
1752 2820 266 43 declarations
2035 2820 50 40 of
2107 2820 67 38 the
2194 2819 197 52 prisoners
2417 2820 74 35 our
2510 2820 115 46 army
2647 2815 132 44 made,
2806 2815 180 39 coincide

1663 2876 94 40 with
1780 2875 111 40 these
1906 2880 206 33 accounts.
2140 2874 74 38 We
2233 2872 102 37 have
2355 2870 47 43 it,
2422 2869 37 38 in
2477 2868 100 44 fact,
2593 2867 104 39 from
2713 2868 67 37 ttic
2798 2872 102 33 most
2914 2878 73 26 MI.

1663 2926 280 56 questionable
1961 2926 226 51 authority,
2209 2924 89 38 that
2317 2921 67 40 the
2404 2920 150 40 French
2585 2919 163 39 soldiers
2781 2917 104 39 shew
2917 2916 78 47 the,

1667 2986 104 34 most
1788 2978 162 41 decided
1980 2989 257 40 repugnance
2258 2981 43 34 to
2320 2974 104 53 fight
2456 2972 157 51 against
2650 2972 69 37 the
2748 2967 239 53 Spaniards;

1664 3033 77 40 and
1761 3031 156 53 though
1935 3030 97 53 they
2049 3028 119 40 affect
2187 3041 22 25 a
2229 3031 117 48 great
2365 3025 84 40 deal
2466 3025 50 38 of
2528 3028 209 46 contempt
2757 3022 66 39 for
2836 3022 65 39 the

1667 3086 117 59 litary
1804 3084 208 41 character
2027 3081 50 39 of
2087 3081 87 39 that
2192 3080 157 44 nation,
2369 3077 92 52 they
2479 3077 198 38 condemn
2693 3076 67 39 the
2780 3074 211 41 iniiitiable

1665 3137 196 41 ambition
1876 3135 47 41 of
1939 3133 105 41 their
2063 3132 210 46 chieftain,
2293 3130 125 39 which
2435 3130 118 50 drags
2575 3129 128 51 them,
2738 3128 40 47 in
2799 3123 162 50 the.me).

1667 3189 213 47 inclement
1894 3193 141 33 season
2056 3185 48 40 of
2112 3185 67 39 the
2198 3197 113 40 year,
2328 3183 103 39 from
2450 3182 70 38 the
2541 3180 156 43 Vistula
2712 3185 45 33 to
2779 3180 67 46 the
2868 3180 124 52 F,bro.

1665 3243 113 52 They
1791 3240 202 53 complain
2013 3237 136 53 loudly
2169 3237 105 46 that,
2303 3235 106 39 after
2428 3234 52 39 all
2500 3234 71 39 the
2598 3231 148 40 battles
2766 3234 94 50 they
2889 3231 118 47 have.

1664 3294 165 53 fought,
1848 3292 77 41 and
1945 3292 69 39 the
2031 3291 229 52 harrassing
2285 3287 222 53 privations
2535 3285 97 54 they
2654 3285 102 39 have
2776 3285 229 41 submitted.

1665 3353 60 41 to,
1755 3360 53 26 no
1833 3345 145 52 respite
1998 3344 31 38 is
2048 3340 167 41 allowed
2233 3341 139 44 them;
2404 3339 76 39 and
2511 3337 94 54 they
2639 3351 65 26 see
2722 3339 143 38 before
2883 3334 87 50 thein
2970 3334 18 50 .
2988 3334 18 50 ,

1664 3400 94 53 only
1778 3399 66 39 the
1861 3394 184 44 dreadful
2068 3399 185 47 prospect
2272 3392 51 40 of
2348 3391 241 53 consuming
2608 3390 106 40 their
2731 3389 97 41 lives
2846 3390 35 41 in
2906 3390 99 39 toils;

1664 3454 79 39 and
1757 3454 187 47 dangers,
1978 3446 170 41 without
2163 3444 301 43 remuneration
2481 3457 48 26 or
2546 3457 25 25 a
2593 3446 188 48 prospect
2796 3443 50 39 of
2858 3443 142 40 future

1664 3502 269 56 tranquillity.

1734 3557 86 39 The
1835 3552 139 57 tyrant
1993 3552 72 43 has
2082 3550 159 53 already
2261 3548 223 47 exhausted
2504 3559 123 43 every
2644 3552 65 38 sit
2726 3548 77 41 and
2824 3553 181 51 pretext,

1667 3608 129 45 which
1815 3606 119 43 could
1955 3605 113 44 work
2092 3606 110 51 upon
2229 3604 71 39 the
2320 3604 195 56 passions,
2543 3601 159 53 vanity,
2732 3615 50 25 or
2815 3602 183 52 rapacity

1665 3661 50 40 of
1737 3661 59 39 his
1808 3665 155 51 troops.
2019 3657 89 39 The
2134 3664 196 44 conquest
2357 3654 51 41 of
2430 3653 202 58 England,
2662 3654 69 40 the
2751 3652 182 43 freedom
2956 3654 51 40 of

1665 3715 70 40 the
1753 3712 83 47 sea,
1863 3716 71 37 are
1949 3709 93 58 no*
2061 3705 72 51 too
2151 3707 116 46 stale,
2295 3715 73 34 too
2396 3712 156 34 remote
2570 3707 78 39 and
2678 3702 324 58 impracticable;

1664 3770 44 37 to
1744 3764 233 53 eiicenrage
2013 3761 112 41 them
2161 3768 45 33 to
2244 3772 289 39 perseverance
2565 3758 83 52 and
2685 3759 201 52 patience.
2944 3759 56 43 As
3014 3758 2 59 .

1667 3815 94 54 Icing
1779 3819 51 43 is,
1846 3810 113 57 ihese
1991 3813 125 54 hopes
2148 3827 107 25 were
2288 3813 93 41 held
2402 3817 90 40 out,
2522 3811 79 39 and
2622 3811 37 40 in
2682 3811 119 40 order
2835 3816 41 35 to
2893 3811 105 53 kccp

1665 3862 219 57 their
1884 3860 110 59 Map
1994 3860 37 59 s
2067 3860 72 59 of
2169 3866 69 39 the
2268 3865 89 53 City
2378 3863 48 41 of
2445 3862 174 45 'London
2640 3876 102 26 were
2759 3860 250 48 distritinted•

1664 3919 124 57 anion
1788 3919 26 57 .
1831 3921 71 40 the
1922 3918 155 44 French
2109 3913 233 57 regiMents,
2370 3917 237 52 containing
2627 3930 25 26 a
2683 3921 106 34 most
2809 3922 190 33 accurate

1662 3974 259 59 *Option,
1950 3972 40 39 in
2010 3986 24 25 a
2053 3970 175 54 military
2249 3971 117 51 point
2398 3969 50 39 of
2469 3969 119 46 view,
2616 3969 50 39 of
2686 3969 156 46 S.CVOIRI
2858 3969 142 39 streets

1663 4028 77 46 and
1773 4020 210 63 quarters;
2014 4022 74 43 and
2128 4037 40 25 as
2202 4037 24 26 a
2259 4020 189 44 stinitiltis
2481 4028 47 34 to
2564 4020 110 41 their
2702 4020 198 52 rapacity,
2929 4020 70 39 the

1664 4076 132 58 Mink,
1822 4069 72 50 the
1920 4071 116 58 India
2056 4076 150 47 Honse,
2235 4077 80 39 and
2347 4065 118 51 other
2496 4072 203 54 buildings
2725 4072 52 41 of
2807 4072 90 40 that
2926 4074 47 40 de-

1662 4124 136 63 iwcrr`j~ti
1843 4136 27 35 i.
2056 4129 33 54 p
2111 4126 204 58 rtiicularly
2352 4127 189 45 'nuked.
2609 4124 44 44 Ili
2691 4120 70 48 the
2798 4128 119 53 camp
2955 4129 41 38 it

531 591 228 28 POLITICAL
780 591 176 27 EVENTS
976 593 53 26 OP
1059 592 94 27 THE
1172 593 143 26 WEEK.

311 698 144 53 Friday
493 710 24 27 a
550 699 229 48 Messenger
816 697 157 40 arrived
1007 697 111 40 from
1159 697 282 52 Gottenburgh
1494 698 92 39 with

261 751 224 53 dispatches
503 750 110 39 from
631 749 253 40 Stockholm.
943 750 86 39 The
1046 755 184 35 contents
1251 752 103 38 hale
1372 757 69 32 not
1461 755 106 37 trans-

260 806 111 53 pired
393 822 11 26 ;
437 804 72 38 but
526 816 78 25 one
622 803 83 38 fact
726 803 31 38 is
775 803 130 38 stated
926 816 51 24 on
998 804 70 38 the
1114 808 230 40 ii:sisencer's
1364 804 223 41 authority,

259 857 130 39 which
413 857 31 37 is
463 856 47 38 of
524 857 269 50 importance,
814 861 44 33 at
891 854 97 39 least
1018 869 41 25 as
1098 856 216 52 indicating
1335 857 67 39 the
1420 862 105 33 state
1546 862 38 34 of

261 911 69 40 the
348 909 139 52 public
506 907 106 40 mind
634 912 41 34 at
698 912 56 34 St.
776 907 286 52 Petersburgh.

314 964 87 38 The
418 961 208 39 character
647 959 47 39 of
711 960 67 39 the
800 961 135 39 Grand
959 960 117 39 Duke
1093 961 309 43 CONSTANTINE,
1423 961 76 38 and
1520 960 67 41 the

262 1015 233 41 estimation
517 1015 35 39 in
583 1012 129 39 which
735 1013 50 39 he
811 1015 32 37 is
874 1013 87 39 held
987 1013 47 53 by
1059 1013 67 39 the
1149 1015 126 38 better
1294 1013 118 39 order
1447 1013 50 38 of
1522 1012 66 41 the

263 1067 174 44 Russian
467 1064 157 54 people,
645 1080 70 25 are
737 1065 85 39 well
840 1065 164 39 known.
1062 1067 71 37 His
1165 1064 73 40 low
1271 1065 130 39 habits
1434 1067 50 38 of
1507 1065 80 46 hie,

263 1120 77 40 and
357 1131 139 27 coarse
514 1131 122 31 vices,
657 1119 103 38 have
793 1117 97 60 long
928 1119 190 39 rendered
1142 1119 80 38 hint
1243 1119 194 38 offensive
1457 1123 43 34 to
1522 1119 66 39 the

263 1173 146 53 higher
429 1170 138 40 classes
593 1170 50 39 of
656 1170 67 39 the
744 1170 246 40 inhabitants
1019 1170 47 37 of
1084 1174 54 35 St.
1162 1170 283 51 Vctersburgh.
1504 1170 86 39 The

265 1226 155 51 disgust
437 1222 125 40 which
583 1222 70 39 has
671 1224 102 38 been
793 1222 73 39 felt
886 1230 43 32 at
948 1222 59 39 his
1022 1222 176 39 conduct
1217 1222 70 38 has
1305 1228 41 33 at
1367 1222 137 46 length
1522 1235 45 26 oc-

265 1277 185 41 casioned
472 1289 47 26 an
542 1280 174 47 attempt
737 1289 107 39 upon
874 1276 60 39 his
953 1276 80 39 lite.
1093 1276 86 38 The
1204 1279 189 35 accounts
1422 1289 69 26 are
1519 1281 71 33 not

265 1330 159 51 exactly
446 1329 219 39 consistent
684 1328 244 53 concerning
961 1328 67 39 the
1063 1328 120 39 mode
1204 1328 45 38 of
1276 1328 69 39 the
1359 1329 230 38 attack.--

265 1393 117 33 tonne
413 1396 66 38 say
503 1382 86 39 that
620 1381 69 38 the
713 1380 118 41 Duke
865 1394 79 25 was
979 1380 93 39 shot
1106 1385 59 39 at,
1196 1380 74 39 and
1302 1380 89 39 that
1420 1380 67 39 the
1508 1380 80 39 ball

265 1435 137 56 passed
423 1448 98 26 over
541 1434 60 38 his
618 1433 116 46 head,
754 1433 74 38 and
852 1431 122 40 killed
994 1433 69 39 the
1085 1431 331 52 Aide-de-Camp.
1448 1433 144 39 Others

265 1488 169 54 pretend
456 1487 85 38 that
565 1499 22 25 a
609 1486 85 51 plot
720 1500 79 25 was
821 1475 155 48 formed
996 1491 45 33 to
1062 1483 73 39 kill
1155 1483 79 39 him
1267 1485 34 38 in
1325 1483 58 39 his
1404 1485 91 43 bed,
1513 1485 74 38 and

265 1543 90 40 that
371 1540 60 40 his
449 1552 111 26 room
583 1538 119 45 being
725 1538 214 45 mistaken,
960 1537 60 39 his
1039 1537 315 51 Aide-de-Camp
1385 1550 79 26 was
1493 1537 96 39 slain

265 1594 39 39 in
327 1594 58 38 his
406 1591 111 54 place
533 1607 11 27 ;
568 1591 73 39 but
661 1590 50 39 all
729 1597 194 33 accounts
937 1603 123 38 agree
1080 1590 90 38 that
1189 1589 66 39 the
1272 1589 317 52 Aide-de-Cainp

265 1646 79 41 lost
364 1646 60 39 his
445 1643 66 40 life
526 1649 189 46 contrary
739 1649 41 33 to
798 1643 70 38 the
885 1643 196 38 intention
1102 1641 50 39 of
1168 1642 64 38 the
1252 1642 286 51 conspirators.

321 1702 40 35 In
399 1709 276 37 consequence
710 1695 50 41 of
785 1695 79 40 this
902 1698 188 46 attempt,
1131 1694 69 38 the
1230 1696 226 43 EMPEROR,
1496 1695 28 37 it
1561 1693 32 39 is

266 1752 142 45 added,
428 1748 146 40 offered
594 1761 24 25 a
635 1748 154 41 reward
809 1747 50 38 of
872 1752 172 41 200,000
1064 1744 145 46 rubles,
1230 1759 50 25 on
1302 1746 69 38 the
1384 1746 204 52 discovery

265 1804 50 39 of
327 1804 69 39 the
417 1801 194 39 offender.
669 1800 99 39 This
797 1813 81 24 was
911 1798 239 40 announced
1169 1799 50 50 by
1241 1798 184 52 placards
1444 1812 52 27 on
1527 1799 66 39 the

266 1856 110 39 walls
396 1853 51 39 of
461 1853 66 39 the
547 1852 98 53 city.
719 1852 86 39 The
837 1851 211 51 following
1078 1851 80 51 day
1193 1863 47 25 an
1281 1850 309 39 advertisement

265 1920 79 26 was
356 1905 143 54 posted
519 1905 129 39 about
656 1905 67 39 the
744 1909 159 39 streets,
918 1904 171 52 offering
1103 1907 171 39 400,000
1287 1902 161 39 roubles
1459 1907 44 33 to
1517 1916 73 38 any

265 1972 77 26 one
361 1959 92 39 who
472 1957 143 40 should
637 1958 235 38 assassinate
892 1957 325 39 CONSTANTINE..

319 2013 89 38 The
430 2011 136 40 letters
586 2009 105 39 from
713 2008 286 52 Gottenburgh
1022 2019 213 28 announce
1265 2007 71 38 the
1355 2006 77 39 loss
1452 2006 50 39 of
1517 2011 78 33 two

266 2065 109 52 ships
391 2065 50 37 of
454 2075 78 25 war
548 2063 41 38 in
604 2061 69 39 the
689 2060 130 40 Baltic
836 2078 11 27 ;
872 2073 77 26 one
961 2060 48 39 of
1019 2059 111 40 them
1148 2060 30 37 is
1196 2057 183 53 reported
1402 2065 43 32 to
1460 2059 50 38 be
1528 2060 69 38 the

268 2117 174 40 Salcette
472 2114 163 52 frigate.
693 2117 57 48 By
775 2112 71 40 the
876 2111 76 41 last
970 2117 195 43 accounts
1182 2109 104 40 from
1320 2111 69 39 the
1409 2109 185 51 Salcette,

268 2169 113 39 there
404 2167 77 39 had
508 2167 100 38 been
631 2165 103 40 little
767 2179 47 28 or
850 2178 53 26 no
931 2164 345 40 communication
1306 2163 182 39 between
1511 2163 86 40 that

266 2220 126 40 vessel
411 2219 79 40 and
511 2218 67 40 the
598 2218 131 39 shore.

318 2322 76 38 We
415 2320 122 40 know
556 2322 74 35 not
651 2319 184 41 whether
856 2320 280 38 Government
1154 2315 71 40 has
1244 2328 77 39 any
1341 2315 128 40 direct
1486 2327 83 27 com-

268 2372 269 43 munications
565 2370 96 39 with
681 2370 69 40 the
782 2370 172 39 Cabinet
983 2368 51 41 of
1061 2369 177 45 Vienna;
1269 2369 76 39 but
1364 2382 57 25 we
1441 2380 69 26 arc
1541 2368 35 37 in-

266 2424 132 41 clined
419 2431 43 33 to
482 2422 154 40 believe
656 2424 32 38 it
702 2422 86 46 has,
817 2422 78 39 and
915 2422 156 52 ground
1094 2421 80 39 this
1187 2420 248 53 supposition
1457 2433 51 25 on
1530 2420 67 38 the

266 2477 151 51 arrival
441 2477 37 38 in
491 2476 79 39 this
588 2480 194 47 country,
810 2489 112 26 sonic
943 2473 163 40 months
1126 2485 93 40 ago,
1248 2473 50 39 of
1307 2472 70 40 the
1393 2471 182 41 confiden-

265 2529 72 41 tial
358 2533 207 47 Secretary
586 2528 50 39 of
650 2530 58 39 M.
731 2530 90 37 Vow
839 2528 164 40 GENTZ.
1061 2525 90 40 The
1170 2524 117 40 latter
1307 2525 31 39 is
1356 2525 70 39 the
1444 2526 154 38 BURKE

266 2583 51 40 of
330 2583 70 39 the
420 2580 359 47 Continent,—the
797 2581 144 39 ardent
970 2578 222 52 champion
1222 2578 47 38 of
1296 2577 156 39 former
1470 2576 129 53 rights

268 2636 76 40 and
366 2633 312 54 independence,
707 2633 78 40 and
813 2646 52 26 an
894 2631 165 39 avowed
1093 2631 79 39 anti
1204 2629 168 52 intrepid
1393 2642 144 39 enemy
1556 2635 41 33 to

268 2689 69 40 the
356 2687 83 41 late
458 2685 267 41 innovations.
784 2686 73 39 Ills
885 2683 146 40 talents
1050 2683 77 39 and
1161 2682 57 39 his
1243 2682 228 53 patriotism
1493 2682 105 39 have

269 2743 100 39 been
389 2741 146 51 always
554 2738 141 53 placed
712 2738 40 39 in
772 2737 234 54 requisition
1033 2737 52 52 by
1106 2735 72 39 the
1198 2735 144 38 Courts
1359 2734 50 39 of
1433 2734 165 47 Vienna,

269 2793 155 47 Berlin,
454 2792 74 40 and
552 2794 56 38 St.
631 2791 292 52 Petersburgh,
950 2790 215 38 whenever
1194 2787 90 40 they
1312 2787 221 48 attempted
1556 2792 44 33 to

269 2846 115 41 resist
423 2845 51 40 he
491 2843 335 41 encroachments
847 2843 50 40 of
913 2843 177 43 France;
1121 2839 77 40 and
1217 2839 79 39 had
1316 2839 69 39 the
1397 2852 202 26 measures

267 2898 54 43 he
341 2894 194 58 proposed
556 2896 103 40 been
679 2895 103 53 fully
803 2895 195 54 adopted,
1018 2893 77 40 and
1115 2893 63 39 his
1196 2891 177 40 counsels
1388 2891 209 60 implicitly

267 2952 209 47 followed,
494 2952 70 39 the
579 2949 159 45 ancient
754 2948 219 41 Germanic
993 2944 275 44 Constitution
1287 2944 79 39 had
1384 2943 152 40 existed
1558 2949 41 34 to

268 2996 80 59 this
373 3004 96 52 day.

312 3106 211 51 .Accounts
556 3102 107 40 have
694 3100 102 40 been
815 3099 184 41 received
1028 3099 53 52 by
1117 3092 275 45 Goiernment
1411 3096 79 39 and
1530 3096 72 39 the

270 3157 165 53 Spanish
459 3155 194 54 Deputies
683 3154 110 39 from
830 3154 132 52 Spain.
1020 3154 137 38 Those
1187 3149 252 40 transmitted
1469 3154 44 35 to
1533 3148 69 40 the

269 3209 195 51 Deputies
494 3221 67 27 are
592 3207 85 39 said
706 3211 45 34 to
783 3207 51 39 be
854 3198 51 47 of
930 3219 26 26 a
984 3209 106 35 most
1117 3203 181 59 cheering
1298 3203 24 59 .
1335 3206 162 41 nature,
1524 3200 78 40 arid

269 3274 70 32 are
353 3261 124 40 dated
496 3260 69 40 the
589 3260 92 38 12th
704 3260 91 38 inst.
852 3252 89 46 The
969 3256 85 41 first
1072 3255 144 40 ardent
1231 3259 116 48 spirit
1365 3253 48 39 of
1424 3253 155 52 patriot-

270 3313 72 40 ism
361 3312 132 40 which
510 3309 204 41 animated
733 3311 72 40 the
834 3306 213 56 Spaniards
1076 3314 45 33 to
1139 3307 210 39 resistance
1375 3305 72 39 hak
1466 3304 115 41 rekin-

268 3365 107 46 dled,
397 3365 79 41 and
493 3365 143 53 begins
651 3369 46 34 to
728 3360 112 43 bUrst
863 3363 130 45 forth,
1020 3360 98 41 with
1141 3358 200 43 increased
1359 3371 167 39 energy,
1561 3358 39 40 in

269 3415 105 45 Most
399 3418 216 52 provinces
633 3409 50 46 of
705 3411 69 46 the
802 3415 229 40 Peninsula.
1088 3415 90 38 The
1196 3411 248 40 inhabitants
1470 3410 50 39 of
1533 3410 69 40 the

268 3470 170 56 capital,
467 3484 45 26 so
528 3467 67 44 far
625 3468 109 41 from
752 3461 125 59 being
896 3465 242 63 compelled,
1159 3478 47 26 or
1219 3461 167 44 seduced
1403 3468 44 35 to
1465 3463 115 39 obedi-

268 3537 112 33 ence,
402 3523 139 40 evince
578 3535 52 27 an
650 3511 241 70 increasing
891 3511 24 70 .
914 3511 194 70 hostdity
1108 3523 45 34 to
1186 3514 67 44 the
1279 3521 138 50 tyrant
1435 3515 79 40 and
1543 3515 59 40 his

270 3567 261 50 abominable
550 3580 157 50 agents.
764 3572 204 56 Deprived
996 3566 13 60 b
1009 3566 13 60 .
1022 3566 14 60 )
1036 3566 14 60 ,
1070 3565 183 58 villainy,
1286 3568 79 40 and
1385 3565 69 43 the
1473 3568 130 39 basest

269 3627 211 56 initrigues,
508 3628 51 40 of
572 3628 71 40 the
657 3640 137 27 means
811 3625 53 41 of
878 3620 214 46 resistance
1110 3617 79 47 and
1209 3633 185 44 revenge,
1410 3632 190 28 common

272 3681 182 41 between
474 3683 141 40 nation
635 3679 79 41 and
730 3676 161 50 nation,
919 3672 94 60 they
1037 3671 107 48 hive
1175 3666 175 50 resorted
1368 3666 45 46 to
1431 3666 72 46 the
1527 3672 76 40 last

266 3733 242 54 Ortrernity,
526 3732 71 41 the
615 3731 255 59 mortifying,
891 3730 208 56 desperate
1113 3717 215 64 expedient
1342 3724 110 41 fora
1459 3737 119 41 gener-

270 3787 73 47 (Ali
365 3787 161 53 people,
544 3780 92 47 that
654 3777 51 51 of
716 3787 287 51 assassinating
1018 3780 105 56 their
1137 3785 170 48 tyrants,
1363 3770 113 61 They
1496 3771 106 47 haie

270 3839 102 41 been
403 3840 139 51 forced
562 3844 47 35 to
630 3836 32 44 it
679 3837 54 54 by
765 3831 282 46 accumulated
1067 3830 162 56 wrongs
1231 3862 18 22 ,.
1270 3830 78 41 and
1367 3826 52 58 by
1439 3830 71 40 the
1528 3826 50 45 im-

267 3891 175 63 ppteuce
468 3891 92 53 they
585 3893 105 40 have
724 3891 102 39 been
857 3888 188 51 reduced,
1074 3879 181 60 thrcpgh
1293 3878 210 58 treachery
1524 3878 77 45 and

269 3939 90 58 wily
384 3945 150 54 policy,
565 3951 45 34 to
643 3950 107 34 meet
782 3938 91 44 that
888 3954 143 40 enemy
1052 3953 54 34 on
1143 3932 118 59 equal
1293 3931 125 45 terms
1457 3935 39 39 in
1533 3926 70 48 the

270 3990 111 48 field.
441 3992 85 46 The
539 3994 176 51 women,
741 3994 71 52 th,c
837 3992 201 44 romantic
1056 3989 149 57 SPanish
1205 3989 21 57 .
1240 4002 174 39 women,

270 4046 279 52 enthusiastic,
578 4045 80 46 and
685 4044 133 47 cowhi
824 4043 98 54 ning
938 4041 99 45 with
1063 4039 71 47 the
1156 4033 133 63 fincit
1290 4033 22 63 .
1312 4033 67 63 and
1380 4033 22 63 .
1402 4033 90 63 most
1508 4032 76 60 4cli-

270 4101 91 46 cate
381 4097 60 64 tee
442 4097 20 64 .
462 4097 103 64 lolo,
585 4097 71 46 the
665 4097 193 54 .subtlety.
872 4097 51 44 of
932 4093 109 47 their
1059 4091 93 51 dim
1253 4085 22 58 h
1369 4087 234 59 yinirdqcd;

270 4147 41 53 1u
330 4149 83 48 tfiia
448 4152 183 53 manner,
658 4152 34 44 it
715 4148 34 47 is
777 4147 100 56 said,
907 4152 30 41 I
1159 4142 50 48 of
1234 4140 155 51 rieTia
1419 4137 184 53 Otecizis,

0 2698 59 304 !
268 2698 69 32 the
356 2698 83 31 late
457 2698 268 28 innovations.
785 2698 72 27 His
885 2698 146 26 talents
1050 2698 77 25 and
1161 2698 57 24 net
1243 2698 228 38 patriotism
1493 2698 105 24 nave

269 2733 100 48 been
389 2741 146 51 always
554 2738 141 53 placed
712 2738 40 39 in
772 2737 234 54 requisition
1033 2737 52 52 by
1106 2735 72 39 the
1198 2735 144 38 Courts
1359 2734 50 39 of
1433 2734 165 47 Vicuna,

269 2793 136 40 Berlin
454 2792 74 40 and
552 2794 56 38 St.
631 2791 292 52 Petersburgh,
950 2790 215 38 whenever
1194 2787 90 40 they
1312 2787 221 48 attempted
1556 2792 44 33 to
1662 2785 12 38 I

269 2846 115 43 resist
403 2820 71 65 ihe
491 2843 335 41 encroachments
847 2843 50 40 of
913 2843 177 43 France;
1121 2839 77 40 and
1217 2839 79 39 lid
1316 2839 69 39 the
1397 2852 202 26 measures

267 2952 209 47 followed,
494 2952 70 39 the
579 2949 159 45 ancient
754 2948 219 41 Germanic
993 2944 275 44 Constitution
1287 2944 79 39 had
1384 2943 152 40 existed
1558 2949 43 34 to
1663 2926 280 56 questionable

1662 2719 69 39 the
1744 2717 151 41 French
1907 2722 157 45 troops.
2094 2715 110 52 They
2220 2727 69 26 are
2301 2713 83 39 said
2398 2717 41 34 to
2451 2724 163 39 express
2628 2709 67 39 the
2708 2708 157 40 loudest
2872 2722 115 26 cont.

1662 2771 146 52 Plaints
1821 2770 46 39 of
1877 2769 69 39 the
1959 2767 209 52 hardships
2181 2767 94 52 they
2294 2779 69 25 arc
2378 2761 234 53 incessantly
2628 2761 172 52 exposed
2818 2767 41 31 to
2872 2778 11 28 ;
2906 2748 85 52 anti

1662 2824 71 41 the
1752 2820 266 43 declarations
2035 2820 50 40 of
2107 2820 67 38 the

267 2898 54 43 he
341 2894 194 58 proposed
556 2896 103 40 been
679 2895 103 53 fully
803 2895 195 54 adopted,
1018 2893 77 40 and
1115 2893 63 39 his
1196 2891 177 40 counsels
1388 2891 209 52 implicitly
2206 2819 185 39 prisoners
2417 2820 74 35 our
2510 2828 89 26 arm
2619 2828 6 7 •
2647 2815 132 44 made,
2806 2815 180 39 coincide

1663 2876 94 40 with
1780 2875 111 40 these
1906 2880 206 33 accounts.
2140 2874 74 38 We
2233 2872 102 37 have
2355 2870 47 43 it,
2422 2869 37 38 in
2477 2867 220 45 fact,from
2713 2868 67 37 the
2798 2872 102 33 most
2914 2878 73 26 ou-

1962 2926 224 51 authority,
2209 2924 89 38 that
2317 2921 67 40 the
2404 2920 150 40 French
2585 2919 163 46 soldiers
2781 2917 104 39 chew
2917 2916 78 47 the.
2806 2804 476 50 coincide

3276 2908 4 18 '

268 2996 80 59 this
373 3004 96 52 day.
1667 2986 104 34 most
1788 2978 162 41 decided
1980 2989 257 40 repugnance
2258 2981 43 34 to
2320 2974 104 53 fight
2456 2972 157 51 against
2650 2972 69 37 the
2748 2967 239 53 Spaniards;
3250 2985 9 60 i
3260 2985 9 60 ,

0 3022 6 98 I
857 3045 175 43 —.is—
1664 3033 77 40 and
1761 3031 156 53 though
1935 3030 97 53 they
2049 3028 119 40 affect
2187 3041 22 25 a
2229 3031 117 48 great
2365 3025 84 40 deal
2466 3025 50 38 of
2528 3028 209 46 contempt
2757 3022 66 39 for
2836 3022 65 39 the
2915 3022 78 50 mi!:

312 3106 211 51 .Accopts
556 3102 107 40 have
694 3100 102 40 been
815 3099 184 41 received
1028 3099 53 52 by
1117 3092 275 45 Goiernment
1411 3096 79 39 and
1530 3096 72 39 the
1667 3086 117 59 litary
1804 3084 208 41 character
2027 3081 50 39 of
2087 3081 87 39 that
2192 3080 157 44 nation,
2369 3077 92 52 they
2479 3077 198 38 condemn
2693 3076 67 39 the
2780 3070 201 46 iiii4atiable
2981 3070 18 46 .

270 3157 165 54 Fpanish
459 3155 194 54 Deputies
683 3154 110 39 from
830 3154 132 52 Spain.
1020 3154 137 38 Those
1187 3145 252 44 transmitted
1469 3154 44 35 to
1533 3148 69 40 the
1665 3137 196 41 ambition
1876 3135 47 41 of
1939 3133 105 41 their
2063 3133 86 39 chie
2152 3132 32 40 ft
2189 3133 64 45 ain
2252 3133 21 45 ,
2293 3130 125 39 which
2435 3130 118 50 drags
2575 3129 128 51 them,
2738 3128 38 38 in
2799 3123 51 50 th
2850 3123 52 50 e.
2902 3123 52 50 mo

269 3209 195 51 Deputies
494 3221 67 27 are
592 3207 85 39 said
706 3211 45 34 to
783 3207 51 39 be
854 3198 51 47 of
930 3219 26 26 a
984 3209 106 35 most
1117 3203 181 59 cheering
1298 3203 24 59 .
1335 3206 162 41 nature,
1524 3200 78 40 and
1667 3189 213 47 inclement
1894 3193 141 33 season
2056 3185 48 40 of
2112 3185 67 39 the
2198 3197 113 40 year,
2328 3183 103 39 from
2450 3182 70 38 the
2541 3180 156 43 Vistula
2712 3185 45 33 to
2779 3180 67 46 the
2868 3180 124 44 P.liro.

1 3293 19 57 i-
20 3293 9 57 .
269 3274 70 32 are
353 3261 124 40 dated
496 3260 69 40 the
589 3260 92 38 12th
704 3260 91 38 inst.
852 3252 89 46 The
969 3256 85 41 first
1072 3255 144 40 ardent
1231 3259 116 47 spirit
1365 3253 48 39 of
1424 3253 176 52 patriot-
1665 3243 113 52 They
1791 3240 202 53 complain
2013 3237 136 53 loudly
2169 3237 105 46 that,
2303 3235 106 39 after
2428 3234 52 39 all
2500 3234 71 39 the
2598 3231 148 40 battles
2766 3234 94 50 they
2889 3231 118 47 have.

270 3313 72 40 ism
361 3312 132 40 which
510 3309 204 41 animated
733 3311 72 40 the
834 3306 213 56 Spaniards
1076 3314 45 33 to
1139 3307 210 39 resistance
1375 3305 72 39 hats
1466 3304 137 41 rekin-
1664 3294 165 53 fought,
1848 3292 77 41 and
1945 3292 69 39 the
2031 3291 229 52 harrassing
2285 3287 222 53 privations
2535 3285 97 54 they
2654 3285 102 39 have
2776 3285 229 41 submitted.
3252 3272 21 54 ••i

268 3365 107 46 died,
397 3365 79 41 and
493 3365 143 53 begins
651 3369 46 34 to
728 3360 112 43 bUrst
863 3363 130 45 forth,
1020 3360 98 41 with
1141 3358 200 43 increased
1359 3356 167 54 energy,
1561 3358 39 40 in
1665 3353 60 41 to,
1755 3360 53 26 no
1833 3345 145 52 respite
1998 3344 31 38 is
2048 3340 167 41 allowed
2233 3341 139 44 them;
2404 3339 76 39 and
2511 3337 94 54 they
2639 3351 65 26 see
2722 3339 143 38 before
2883 3334 123 43 them'
3265 3326 14 56 li

269 3415 105 45 Most
399 3418 216 52 provinces
633 3409 50 46 of
705 3411 69 46 the
802 3415 229 40 Peninsula.
1088 3415 90 38 The
1196 3407 248 44 inhabitants
1470 3410 50 39 of
1533 3410 69 40 the
1664 3400 94 53 only
1778 3399 66 39 the
1861 3394 184 44 dreadful
2068 3399 185 47 prospect
2272 3392 51 40 of
2348 3391 241 53 consuming
2608 3390 106 40 their
2731 3389 97 41 lives
2846 3390 35 41 in
2906 3386 99 43 toils
3253 3386 4 84 ,
3334 3386 2 84 .
3376 3386 5 84 •

268 3470 170 56 capital,
467 3484 45 26 so
528 3467 67 44 far
625 3468 109 41 from
752 3461 125 59 being
896 3465 242 63 compelled,
1159 3478 47 26 or
1219 3461 167 44 seduced
1403 3468 44 35 to
1465 3463 137 39 obedi-
1664 3454 79 39 and
1757 3454 187 47 dangers,
1978 3446 170 41 without
2163 3444 301 43 remuneration
2481 3457 48 26 or
2546 3457 25 25 a
2593 3446 188 48 prospect
2796 3443 50 39 of
2858 3443 142 40 future

11 3482 5 99 1
268 3537 112 33 ence,
402 3523 139 40 evince
578 3535 52 27 an
650 3511 227 70 increasing
876 3511 22 70 .
899 3511 182 70 hostdity
1108 3523 45 34 to
1186 3514 67 44 the
1279 3521 138 50 tyrant
1435 3515 79 40 and
1543 3515 59 40 his
1664 3502 269 56 tranquillity.
2030 3482 2 99 .
3247 3482 11 53 I
3399 3482 5 99 .

270 3567 261 50 abominable
550 3580 157 50 agents.
764 3572 204 56 Deprived
996 3566 54 60 by
1070 3565 183 58 villainy,
1286 3568 79 40 and
1385 3565 69 43 the
1473 3568 130 39 basest
1734 3557 86 39 The
1835 3552 139 57 tyrant
1993 3552 72 43 has
2082 3550 159 53 already
2261 3548 223 47 exhausted
2504 3559 123 43 every
2644 3552 65 38 ant
2726 3548 77 41 and
2824 3553 181 51 pretext,

1307 3618 7 5 .
1346 3617 7 6 .

269 3627 211 56 initrignes,
508 3628 51 40 of
572 3628 71 40 the
657 3640 137 27 means
811 3625 53 41 of
878 3626 214 40 resistance
1110 3617 79 47 and
1209 3619 185 56 rcienge,
1410 3632 190 28 common
1667 3599 129 54 which
1815 3606 119 43 could
1955 3605 113 44 work
2092 3617 110 40 upon
2229 3604 71 39 the
2320 3604 195 56 passions,
2546 3601 156 53 Vanity,
2732 3615 50 25 or
2815 3602 183 52 rapacity

272 3681 182 41 between
474 3683 141 40 nation
635 3679 79 41 and
730 3676 161 50 nation,
919 3672 94 60 they
1037 3671 107 48 hive
1175 3666 175 50 resorted
1368 3666 45 46 to
1431 3666 72 46 the
1527 3672 77 40 last
1665 3661 50 40 of
1737 3661 61 54 his
1799 3661 20 54 .
1819 3661 144 54 troops.
2019 3657 89 39 The
2134 3664 196 44 conquest
2357 3654 51 41 of
2430 3653 202 58 England,
2662 3654 69 40 the
2751 3652 182 43 freedom
2956 3654 51 40 of
3270 3652 2 80 .

266 3733 242 54 Oarernity,
526 3732 71 41 the
615 3730 483 60 mortifying,desperate
1113 3717 215 64 expedient
1342 3719 71 59 for
1413 3719 24 59 .
1436 3719 165 59 agener-
1665 3715 70 40 the
1753 3712 83 47 sea,
1863 3716 74 53 are
1949 3709 93 58 no*
2061 3705 72 51 too
2151 3707 116 46 stale,
2295 3715 73 34 too
2396 3712 156 34 remote
2570 3707 78 39 and
2678 3702 324 58 impracticable;
3257 3743 17 12 ..

270 3787 73 47 pui
365 3787 146 53 people
515 3816 11 19 ,
544 3781 92 46 that
654 3777 51 51 of
716 3787 287 51 assassinating
1018 3780 105 43 their
1137 3785 170 48 tyrants,
1363 3770 113 65 They
1496 3771 106 47 have
1664 3770 33 52 to
1697 3770 17 52 .
1744 3767 233 51 encourage
2013 3761 112 41 them
2161 3768 45 33 to
2244 3772 289 39 perseverance
2569 3758 79 40 and
2685 3759 201 52 patience.
2944 3759 73 43 As.

270 3839 102 41 been
403 3840 139 51 forced
562 3844 47 35 to
630 3836 32 44 it
679 3837 27 41 b
709 3841 57 51 y
765 3831 282 46 accumulated
1067 3830 162 56 wrongs
1231 3862 12 18 ,
1270 3830 78 41 and
1367 3826 52 58 by
1439 3835 71 35 the
1528 3826 74 45 ina.
1667 3815 94 56 Icing
1779 3819 51 43 as,
1846 3810 113 47 ilise
1991 3813 125 43 hoes
2148 3827 107 25 were
2288 3813 93 41 held
2402 3817 90 40 out,
2522 3811 79 39 and
2622 3811 37 40 in
2682 3811 119 40 order
2835 3816 44 47 to
2893 3811 105 53 keep

1074 3879 181 60 through

267 3891 175 58 ppteuce
468 3891 92 53 they
585 3893 105 40 have
724 3891 102 39 been
857 3883 188 52 reduced,
1293 3878 210 58 treachery
1524 3878 77 45 and
1665 3865 110 46 them
1796 3868 135 46 alve,
1946 3866 93 53 map
2044 3828 27 84 s
2091 3865 48 40 of
2169 3866 69 39 the
2268 3865 89 53 City
2378 3863 48 41 of
2450 3862 169 45 London
2640 3876 102 26 were
2759 3860 250 45 distrilinted•
3369 3828 4 120 ,

1533 3926 70 48 the

1668 3922 4 8 .
1711 3924 7 6 •
1726 3922 4 8 .
1753 3922 2 8 .
1756 3922 1 8 .

269 3939 90 58 wily
384 3941 150 58 polic,
565 3951 45 34 to
643 3950 107 34 meet
782 3935 91 46 that
888 3941 164 40 enem
1052 3953 54 34 on
1143 3937 118 54 equal
1293 3931 125 45 terms
1457 3935 39 39 in
1551 3935 113 39 h
1664 3919 177 57 among
1843 3922 59 50 the
1922 3918 155 44 Freuch
2109 3913 233 59 regiMents,
2370 3917 237 52 containing
2627 3930 25 26 a
2683 3921 106 34 most
2809 3922 190 33 accurate

270 3992 111 46 field.
441 3992 56 45 Th
497 3960 28 78 e
539 3992 176 53 women,
741 3994 71 41 the
837 3989 161 46 romant
1002 3956 37 80 ic
1056 3989 164 58 Siianish
1240 3983 174 58 women,
1443 3987 158 53 ardent,
1619 3956 4 91 .
1662 3977 259 58 dessription,
1951 3985 39 41 in
2010 3986 24 25 a
2053 3970 175 54 military
2249 3971 117 51 point
2398 3969 50 39 of
2469 3969 119 46 view,
2616 3969 50 39 of
2686 3981 17 33 s
2706 3969 136 39 everal
2858 3974 142 33 streets

270 4044 279 54 cnthUsiastic,
578 4045 80 46 and
685 4043 237 57 combining
938 4041 99 45 with
1063 4039 71 47 the
1156 4041 53 44 fin
1212 4038 60 45 est
1287 4033 78 47 and
1387 4044 105 46 most
1506 4020 2 79 .
1509 4032 92 46 deli-
1663 4023 79 58 and
1773 4020 185 63 qttarters
1972 4041 11 26 ;
2014 4022 74 43 and
2128 4037 40 25 as
2202 4037 24 26 a
2259 4023 189 41 stimulus
2481 4028 47 34 to
2564 4020 110 41 their
2702 4020 198 52 rapacity,
2929 4020 70 39 the

2 4089 40 74 4*
270 4101 91 46 rate
381 4097 183 64 tecijnp,
585 4096 338 56 ihe.sUhtlety..of
932 4093 109 47 their
1059 4085 543 59 difnaie,.(fairejinideied;
1622 4082 8 37 I
1664 4078 132 56 BiUk,
1822 4069 72 50 the
1920 4071 116 46 India
2056 4077 150 46 House,
2235 4077 80 39 and
2347 4065 118 51 other
2496 4072 203 54 bOildings
2725 4072 52 41 of
2807 4072 90 40 that
2926 4074 71 40 de-

2 4120 5 85 .
270 4147 41 53 ill
330 4149 83 48 liiii
448 4152 183 53 mann*,
658 4152 34 44 it
715 4148 34 47 ri
777 4147 100 56 said,
907 4152 30 41 I
966 4144 178 48 iiitilbn
1159 4142 50 48 of
1234 4140 155 51 triera
1419 4137 184 53 Oittazii,
1622 4121 11 24 '
1662 4124 208 65 iii4fidli.
1912 4126 21 47 'i
1933 4126 11 47 -
1944 4126 11 47 v
1955 4126 11 47 -
1965 4126 11 47 e
1976 4126 21 47 --
1997 4126 21 47 re
2053 4126 15 58 .
2068 4126 15 58 p
2083 4126 17 58 —
2100 4126 215 58 tirrietilarli
2352 4127 189 45 Marked.
2609 4127 44 41 In
2691 4120 70 48 the
2798 4128 119 53 camp
2955 4129 41 38 :it

0 4213 3411 226 nimmi.....................mmii

252 63 156 57 FEB.
445 64 80 50 26.

2875 51 91 54 131

3255 96 13 133 1,
3268 96 28 133 ,..„

3206 0 34 220 1
3240 0 171 220 9111°

3267 206 14 64 t'
3281 206 7 64 l
3288 206 8 64 l

3252 301 6 19 1
3278 301 5 19 :

3237 399 7 31 1
3278 399 5 34 1
3282 403 6 31 1

3278 441 9 26 f
3287 441 9 26 l

3279 484 18 60 il

3263 635 5 81 .
3283 635 6 81 '.

3239 800 9 65 r
3257 800 9 65 1
3276 800 8 65 ~

3278 842 7 20 (

3266 874 24 47 *

3239 922 5 35 i
3260 922 19 35 y

3242 993 7 20 I

3265 1067 24 32 .':
