3413 4441
1102 41 145 52 THE
1281 41 374 53 NATIONAL
1690 41 377 53 REGISTER.

231 162 202 52 Highness
454 162 130 40 would
615 164 105 40 have
739 168 155 40 availed
925 170 162 40 himself
1113 172 48 38 of
1183 172 78 39 this
1289 175 182 39 occasion
1491 174 65 39 for

234 214 71 38 the
317 213 184 40 ultimate
517 215 150 56 display
685 217 48 39 of
749 219 58 39 his
823 221 137 53 ability
973 224 74 37 and
1069 224 239 50 patriotism.
1346 226 72 39 His
1431 239 99 27 coun-

230 270 84 47 try,
352 267 30 37 it
415 267 31 38 is
480 280 91 26 now
605 270 202 52 palpable,
841 274 144 52 gained
1017 276 170 52 nothing
1217 278 48 51 by
1290 278 176 48 resisting
1494 279 60 38 his

235 318 190 40 laudable
441 320 214 41 ambition.
713 327 35 35 It
770 326 28 35 is
817 326 112 39 small
952 328 248 40 consolation
1220 333 43 34 to
1284 330 150 46 reflect,
1450 330 103 45 that,

231 371 43 39 in
291 372 201 52 opposing
511 372 66 40 the
598 376 286 52 appointment
915 379 46 37 of
993 394 76 25 our
1093 381 270 39 Commander
1385 383 37 38 in
1443 383 117 39 Chief

231 436 103 26 over
354 424 65 38 the
441 406 242 70 Expedition
702 433 43 33 to
767 432 209 50 Portugal,
993 445 54 25 we
1067 433 196 51 procured
1280 433 65 39 for
1359 433 196 39 ourselves

233 476 74 38 the
330 476 249 41 Convention
599 480 48 38 of
663 483 136 37 Cintra
815 487 11 34 t
873 484 180 51 Nothing
1071 485 119 39 could
1220 485 100 38 have
1350 485 204 53 happened

234 541 132 25 worse
385 530 100 38 than
508 530 105 40 what
633 533 70 38 has
725 535 117 52 really
865 537 161 38 ensued.
1085 537 149 39 Valour
1254 537 70 39 has
1343 543 72 33 not
1434 539 120 39 added

235 593 80 25 one
335 581 197 52 unfailing;
554 583 123 39 laurel
712 591 43 34 to
789 601 76 26 our
893 588 130 39 brows
1041 605 11 30 ;
1081 591 77 38 and
1194 591 155 52 royalty
1372 591 67 37 has
1460 591 96 39 been

233 632 144 39 denied
396 634 72 39 the
487 635 156 40 noblest
661 641 262 50 opportunity
946 641 90 38 that
1055 634 195 46 occurred
1270 643 64 38 for
1361 644 67 38 the
1447 656 89 26 exer-

234 685 89 39 tion

346 685 46 38 of
420 689 52 37 its
501 689 155 51 highest
686 690 144 46 duties,
852 692 76 39 and
947 693 67 38 the
1033 693 151 53 display
1208 694 47 38 of
1285 694 48 37 its
1365 694 194 51 brightest

236 737 241 52 effulgence.
536 742 15 38 1
567 741 76 39 feel
661 755 113 27 more
793 746 259 43 satisfaction,
1074 746 202 46 however,
1297 746 37 38 in
1352 746 208 52 adverting.

237 796 45 32 to
304 791 67 35 the
390 793 149 39 official
570 794 195 41 domestic
798 798 246 51 regulations
1072 798 48 38 of
1149 798 69 39 the
1250 804 162 46 present
1443 803 87 35 Com-

239 842 168 39 mander
428 844 39 39 in
489 844 126 39 Chief.
673 849 217 45 Certainly,
922 849 203 39 whatever
1146 852 240 39 immaterial
1407 852 130 39 inaccu-

239 895 126 39 racies
387 909 92 39 may
509 898 48 38 he
578 898 200 53 imagined
798 906 43 34 to
863 904 102 38 have
983 896 155 45 existed
1157 904 35 37 in
1217 904 66 38 the
1302 904 170 40 military
1494 906 45 37 de-

235 954 207 45 partment
462 950 50 38 of
526 953 66 35 the
608 960 283 41 government,
912 956 58 38 his
987 956 81 38 Ho.
1082 956 35 38 al
1139 956 195 47 Highness
1351 956 70 39 has
1439 970 105 26 essen-

236 999 117 51 tially
374 1002 274 45 ameliorated,
670 1005 77 38 and
776 1007 340 39 constitutionally
1139 1007 221 52 improved,
1382 1009 67 38 the
1468 1024 67 22 con-

239 1054 130 37 dition
403 1054 52 39 of
485 1068 76 25 our
596 1055 92 40 land
723 1057 142 39 forces.
925 1059 259 39 Disaffection
1217 1059 69 39 has
1304 1061 256 52 disappeared

240 1104 109 39 from
370 1119 152 39 among
543 1107 66 39 the
628 1109 189 46 soldiery,
839 1111 74 39 and
943 1111 203 51 discipline
1178 1113 233 51 superseded
1433 1113 106 39 insub-

241 1157 247 40 ordination.
544 1161 85 38 The
651 1174 90 28 very
764 1154 249 56 documents,
1042 1166 28 37 it
1098 1165 143 39 should
1276 1166 48 38 be
1354 1165 207 46 observed,

242 1209 178 40 adduced
436 1211 158 51 against
611 1212 100 47 him,
726 1217 73 37 and
822 1215 126 39 which
969 1230 99 26 were
1083 1217 194 52 supposed
1298 1222 43 32 to
1356 1217 207 40 criminate

241 1261 63 39 his
322 1263 209 39 character
567 1265 37 38 in
632 1266 120 41 other
785 1274 185 45 respects,
1002 1269 207 45 evidence,
1228 1269 157 44 beyond
1406 1274 135 33 con:ra-

241 1315 168 46 diction,
441 1317 63 37 his
534 1320 198 37 attention
762 1325 44 33 to
837 1320 58 39 his
925 1319 259 53 professional
1204 1322 241 38 avocations.
1504 1324 59 35 lie

241 1367 120 40 could
380 1372 70 34 not
474 1369 193 40 nabosam
689 1371 174 46 himself,
891 1385 98 26 even
1020 1377 43 34 to
1098 1372 69 38 the
1199 1372 204 39 confidant
1431 1372 46 38 of
1504 1374 60 38 his

246 1420 250 45 sentiments,
531 1422 169 40 without
736 1423 195 53 alluding,
967 1430 41 34 at
1041 1426 67 38 the
1140 1437 106 26 same
1278 1424 110 44 time,
1422 1431 43 32 to
1496 1426 69 39 the

244 1472 144 51 higher
407 1474 158 48 objects
595 1475 48 37 of
667 1475 60 38 his
765 1483 168 44 pursuit.
991 1478 146 38 Where
1165 1491 78 24 was
1271 1478 209 38 otherwise
1499 1478 66 39 the

244 1526 190 51 necessity
459 1526 66 38 for
553 1527 56 37 his
630 1527 213 51 mingling,
880 1528 92 39 with
1007 1530 59 38 his
1100 1534 183 40 amatory
1306 1530 256 46 intercourse,

244 1590 51 26 an
318 1583 175 35 account
513 1578 47 38 of
586 1579 59 38 his
729 1580 162 53 visiting
919 1581 69 39 the
1015 1581 132 38 works
1178 1586 41 33 at
1247 1572 149 51 Dover,
1431 1581 48 39 of
1505 1581 61 39 his

300 1628 219 54 reviewing,;
539 1631 65 38 the
630 1637 141 47 troops
789 1633 128 44 there,
943 1633 76 38 and
1050 1633 230 50 exemining
1310 1633 67 38 the
1396 1638 105 33 coast
1522 1646 43 25 as

248 1682 66 39 far
332 1696 43 25 as
394 1685 196 50 Sandgate
651 1685 77 38 and
749 1687 48 37 of
811 1685 57 38 his
886 1685 145 51 setting
1050 1685 61 39 off
1135 1684 268 52 immediately
1424 1691 39 31 to

250 1735 120 50 along
389 1736 72 38 the
480 1740 111 34 coast
611 1742 41 31 to
678 1739 202 48 Hastings,
909 1739 214 50 reviewing
1144 1739 67 37 the
1225 1737 183 39 different

244 1798 45 27 as
322 1787 50 39 he
391 1788 156 51 passed,
580 1787 129 40 which
746 1791 132 39 would
909 1791 118 50 again
1061 1802 156 39 occupy
1238 1791 96 44 him,
1374 1794 43 33 at
1452 1787 115 45 least,

299 1840 171 38 thirteen
493 1839 119 39 hours
729 1841 97 39 This
844 1843 93 38 does
964 1845 71 34 not
1065 1854 107 26 seem
1206 1846 43 33 to
1278 1843 50 38 be
1357 1840 69 39 the
1443 1840 105 39 confi-

244 1891 149 39 dential
412 1892 302 53 letter-writing
733 1893 48 38 of
801 1907 77 25 one
894 1894 87 38 who
1007 1894 30 37 is
1057 1892 215 46 neglectful
1293 1893 47 38 of
1355 1892 61 38 his
1431 1892 137 51 public

244 1943 143 39 duties.
446 1946 33 37 A
513 1957 90 25 man
631 1958 91 27 may
745 1946 105 38 have
878 1944 267 52 incautiously
1167 1945 128 41 erred,
1324 1944 113 38 when
1457 1944 112 40 there

244 1995 34 38 is
299 2009 51 24 no
369 2009 142 25 reason
542 2002 40 32 to
615 1998 157 37 believe
804 1998 90 39 that
921 1998 51 38 he
1009 1997 71 39 has
1107 1996 164 43 wilfully
1302 1996 150 38 sinned.
1509 1998 61 37 He

248 2060 94 38 ;nay
363 2048 103 40 have
502 2049 96 37 been
635 2049 176 51 wrongly
843 2049 257 53 practicable,
1134 2048 174 40 without
1341 2048 117 52 being
1493 2060 76 41 any

249 2100 118 50 thing
387 2099 83 39 like
489 2100 191 53 seriously
698 2101 198 39 criminal.

306 2153 216 51 Assuming
557 2153 28 38 it
624 2165 43 26 as
699 2154 184 51 granted,
918 2154 203 45 however,
1155 2152 87 39 that
1273 2152 69 39 the
1378 2150 118 41 Duke
1530 2151 51 38 of

252 2204 119 39 York
402 2204 100 39 feels
534 2204 162 44 himself
720 2205 193 52 perfectly
939 2206 85 38 free
1043 2205 103 39 from
1169 2205 66 39 the
1260 2204 168 52 charges
1446 2203 126 39 which

250 2255 105 39 have
376 2256 176 53 recently
583 2257 99 39 been
709 2256 204 53 preferred
943 2259 156 48 against
1131 2257 99 45 him,
1253 2259 15 35 I
1289 2256 181 39 consider
1489 2255 83 38 him

252 2309 138 38 rather
410 2309 236 39 misadvised
669 2309 38 38 in
729 2309 70 40 the
819 2309 217 40 formation
1056 2310 50 38 of
1117 2309 69 38 the
1205 2311 133 35 Letter
1351 2307 197 40 communi-

252 2361 116 39 cated
396 2361 109 39 from
535 2361 80 39 him
635 2366 44 33 to
699 2361 73 39 the
798 2363 137 38 House
969 2362 48 37 of
1043 2363 229 37 Commons.
1331 2362 61 37 He
1424 2360 148 38 therein

253 2413 195 39 concedes
467 2419 73 33 too
560 2414 120 38 much
704 2417 224 48 respecting
948 2413 171 45 himself,
1153 2414 71 38 but
1246 2418 69 32 too
1349 2411 102 39 little
1475 2425 40 24 as
1546 2412 26 37 it

255 2465 138 39 affects
413 2466 61 38 his
493 2471 185 47 country.
737 2466 154 39 Instead
911 2465 48 39 of
981 2466 229 50 intimating
1231 2465 69 37 the
1369 2464 104 51 hope
1489 2464 87 38 that

256 2518 71 38 the
348 2520 136 37 House
503 2517 48 38 of
575 2520 217 37 Commons
822 2518 74 38 will
931 2523 90 39 not,
1058 2530 109 38 upon
1201 2516 93 38 such
1331 2516 185 38 evidence
1535 2529 44 25 as

254 2571 96 52 they
371 2571 105 38 have
502 2571 139 44 heard,
673 2569 125 53 adopt
819 2583 74 27 any
909 2570 244 52 proceeding
1175 2567 233 52 prejudicial
1519 2567 60 39 his

257 2635 91 26 own
418 2623 161 38 honour
609 2623 79 38 and
998 2622 74 38 and
1093 2621 235 48 submitting
1348 2619 161 39 himself
1535 2626 43 32 to

257 2675 71 39 the
347 2675 189 52 ordinary
556 2674 125 39 forms
696 2674 48 39 of
748 2674 324 53 jurisprudence,
1091 2673 193 45 observed
1306 2683 40 26 as
1367 2676 43 33 to
1429 2670 151 39 similar

257 2727 330 53 impeachments,
614 2725 93 53 only
793 2726 45 46 if,
870 2740 51 24 on
948 2726 93 39 such
1063 2725 214 43 testimony
1309 2735 41 26 as
1378 2722 71 39 has
1476 2724 111 45 been,

257 2779 181 40 adduced
659 2779 100 44 him,
826 2779 65 38 the
907 2780 131 37 House
1057 2777 48 39 of
1121 2779 214 38 Commons
1349 2787 72 27 can

259 2833 65 41 his
403 2833 216 38 innocence
1062 2828 152 40 instead
1247 2828 47 40 of
1318 2828 80 39 this
1429 2826 76 40 line
1537 2830 50 37 of

257 2884 196 46 conduct,
477 2885 126 39 which
622 2895 117 28 more
754 2884 98 38 than
872 2882 213 39 insinuates
1102 2882 71 38 the
1188 2885 105 34 utter
1310 2880 132 52 falsity
1460 2880 47 39 of
1521 2880 60 39 his

259 2950 200 30 accusers,
480 2936 77 39 and
575 2949 125 27 seems
719 2941 44 33 to
782 2936 169 51 petition
973 2935 67 38 the
1059 2934 204 50 clemency
1285 2931 48 39 of
1348 2931 59 38 his
1426 2937 155 45 present

255 2991 162 52 judges,
446 2991 92 39 how
559 2988 104 52 truly
685 2988 132 40 would
850 2988 32 38 it
909 2988 169 39 become
1110 2986 60 38 his
1202 2983 135 52 Royal
1367 2983 224 52 Highness,.

259 3043 183 40 whether
472 3056 43 26 as
544 3043 31 37 it
605 3040 122 40 refers
761 3048 45 32 to
827 3039 67 39 the
911 3039 162 40 honour
1098 3037 52 40 of
1172 3035 60 40 his
1259 3040 168 47 country
1448 3048 46 26 or
1511 3035 71 40 the

262 3094 161 39 welfare
441 3094 52 39 of
506 3094 57 38 his
581 3092 155 52 family,
764 3098 46 33 to
839 3098 85 53 step
943 3089 146 54 boldly'
1097 3089 190 44 forward,
1319 3087 93 43 and,
1441 3089 50 38 be
1512 3089 70 38 the

262 3154 97 33 vote
377 3146 51 39 of
441 3146 70 39 the
527 3146 214 39 Commons
759 3144 109 39 what
898 3149 32 34 it
957 3156 109 38 may,
1096 3141 80 40 still
1205 3139 169 40 demand
1400 3152 50 27 an
1478 3154 103 39 open

260 3198 94 40 trial
369 3198 141 40 before
526 3198 59 39 his
604 3201 118 37 Peers
741 3202 8 33 !
795 3200 37 37 It
846 3196 31 40 is
901 3196 110 45 here,
1029 3193 217 45 therefore,
1263 3193 90 38 that
1371 3191 48 39 he
1439 3196 81 34 acts
1539 3206 44 26 as

265 3252 33 39 if
324 3252 48 39 he
396 3265 83 26 was
496 3256 73 34 not
586 3250 154 53 strictly
756 3248 260 41 admonished
1038 3252 41 35 to
1098 3243 157 44 consult
1273 3244 70 39 the
1362 3243 162 53 opinion
1538 3244 51 39 of

265 3304 71 39 the
350 3309 189 46 country.

317 3358 107 38 With
446 3360 154 47 respect
626 3359 45 35 to
706 3353 60 41 his
797 3354 156 52 private
986 3363 176 34 amours,
1192 3348 53 40 he
1277 3347 73 40 has
1384 3347 197 41 conceded

262 3422 115 27 more
402 3409 98 39 than
522 3420 74 39 any
617 3407 170 39 rational
811 3419 139 39 person
971 3404 117 40 could
1109 3403 103 39 have
1230 3400 167 40 desired.
1453 3400 131 40 While

265 3462 61 40 his
347 3461 132 54 Royal
501 3459 197 53 Highness
715 3458 66 40 did
867 3458 181 40 observe,
1067 3454 99 39 with
1199 3454 71 39 the
1299 3454 162 52 deepest
1488 3465 71 27 con-

446 3514 63 39 his
599 3526 120 26 name
746 3510 172 52 coupled
954 3509 93 39 with
1082 3506 266 40 transactions
1384 3506 67 39 the
1480 3509 104 34 most

265 3567 184 41 criminal
470 3565 79 40 and
882 3563 113 38 there
1025 3565 66 46 yet
1109 3557 198 53 appeared
1329 3570 53 25 no
1403 3557 183 39 absolute

265 3620 195 52 necessity
488 3619 65 39 for
570 3617 83 39 him
673 3624 44 32 so
738 3614 171 54 publicly
931 3619 45 35 to
1052 3617 132 47 regret
1221 3609 74 39 and
1328 3609 150 39 lament
1496 3608 86 40 that

269 3687 27 26 a
324 3672 240 41 connection
582 3669 141 41 should
743 3681 96 26 ever
872 3669 102 38 have
992 3664 155 40 existed
1168 3661 128 40 which
1317 3661 71 39 has
1408 3661 91 40 thus
1517 3674 47 26 ex-

449 3725 63 39 his
583 3722 208 40 character
810 3720 77 39 and
906 3720 158 38 honour
1096 3720 45 35 to
1170 3715 137 52 public
1337 3713 223 40 animadver-

454 3780 65 37 No
539 3788 90 27 man
658 3775 93 39 thus
783 3772 165 39 exacted
984 3771 106 39 from
1119 3767 85 40 him
1233 3768 69 38 the
1329 3771 94 47 part
1459 3767 48 38 of
1522 3767 66 38 the

269 3829 213 54 repenting
503 3826 200 57 Efrodigal.
759 3823 74 43 His
861 3837 89 26 own
980 3821 185 56 personal
1204 3819 154 52 dignity
1394 3831 122 26 seems
1548 3822 41 34 to

268 3883 105 39 have
392 3883 104 39 been
526 3880 190 41 attended
751 3883 45 33 to
823 3891 41 26 as
896 3876 103 39 little
1019 3889 40 25 as
1082 3874 71 38 the
1173 3870 250 41 satisfaction
1450 3869 48 40 of
1522 3872 69 37 be

270 3937 150 52 public.
481 3938 35 38 It
539 3934 30 39 is
586 3939 43 34 to
648 3933 70 40 the
741 3928 322 44 Horse-Guards,
1083 3925 77 39 and
1181 3930 73 33 not
1284 3930 45 33 to
1344 3922 224 39 Glorcester-

270 3989 129 52 place,
436 3989 96 39 that
557 3987 67 39 the
658 3986 202 39 attention
893 3981 50 38 of
965 3981 69 39 the
1061 3978 139 53 public
1231 3978 30 37 is
1296 3974 206 53 anxiously
1534 3973 38 40 di-

270 4041 149 39 rected.
455 4041 202 39 Whoever
677 4049 155 28 assures
859 4035 69 39 the
946 4036 159 50 present
1126 4029 120 40 Duke
1266 4028 50 40 of
1328 4026 116 40 York
1463 4026 106 41 other-

265 4096 111 45 wise,
394 4094 47 47 is,
463 4094 189 43 however
673 4085 272 56 uuwittingly,
963 4085 58 40 his
1039 4087 178 52 greatest
1234 4093 162 40 enemy.

634 4147 74 48 .tx*

2835 41 86 50 131

2167 168 28 9 .-

1669 169 85 40 The
1785 172 141 53 people
1961 172 46 39 of
2022 172 76 40 this
2122 180 189 39 country,
2349 168 285 59 distinguished
2666 184 44 25 as
2743 171 91 51 they
2856 184 70 26 are

1618 221 63 40 for
1715 226 176 38 national
1928 226 176 52 probity,
2141 226 76 39 still
2257 226 126 38 abhor
2412 226 69 38 the
2512 222 216 40 individual
2760 226 168 44 attecta.

1619 273 84 39 Lion
1737 274 48 39 of
1819 275 119 51 being
2037 278 206 52 righteous
2288 275 21 41 -
2626 278 33 34 It
2699 275 31 37 is
2761 278 69 32 not
2880 283 46 28 so

1619 325 116 39 much
1773 327 107 51 good
1918 340 106 31 men,
2052 343 41 25 as
2128 330 91 38 wise
2267 343 106 30 men,
2411 328 90 38 that
2539 326 177 50 existiug

1618 381 150 34 stances
1785 379 215 53 unhappily
2020 380 182 39 demand.
2261 383 159 48 Having
2450 379 94 50 long
2572 378 253 51 appreciated
2859 377 67 38 the

1620 430 181 51 morality
1830 431 48 37 of
1903 433 230 50 monarchy,
2167 445 86 25 men
2293 433 117 48 begin
2445 436 44 33 to
2519 431 92 35 wish
2640 431 63 34 for
2738 428 70 39 the
2841 428 64 39 abi-

1620 480 65 52 lity
1727 482 46 37 of
1801 484 211 52 monarchy
2044 484 94 38 also.
2194 484 96 39 This
2328 485 30 35 is
2392 496 90 25 now
2502 482 69 38 the
2602 485 115 46 great
2746 480 181 52 political

1620 533 275 39 desideratum.
1955 539 12 34 I
2006 543 145 43 regret,
2183 535 217 45 therefore,
2432 535 53 37 let
2507 546 61 25 me
2596 537 135 46 repeat
2753 533 44 43 it,
2819 533 106 45 that,

1623 586 146 38 instead
1812 586 48 38 of
1885 586 113 52 being
2031 587 180 39 detained
2244 592 43 34 at
2320 587 119 38 home
2471 591 44 33 to
2548 589 104 33 meet
2670 583 67 38 the
2759 583 168 52 charges

1623 637 48 38 of
1709 643 240 39 courtesans,
1998 640 66 37 the
2096 638 269 40 Commander
2395 638 38 38 in
2467 635 119 40 Chief
2611 635 76 38 was
2735 640 70 32 not
2842 640 87 33 sent

1624 689 145 39 abroad
1807 694 40 33 to
1884 696 214 34 encounter
2134 692 67 38 the
2237 690 172 38 enemies
2438 689 48 38 of
2515 689 60 39 his
2601 690 184 47 country.
2843 687 87 38 The

1626 746 150 44 present
1796 741 119 39 Duke
1945 742 47 38 of
2019 743 112 38 York
2150 743 93 43 will,
2277 744 12 35 I
2324 746 117 35 trust,
2473 741 47 39 be
2550 751 109 26 some
2683 738 76 51 day
2783 737 157 43 autho-.

1626 793 97 38 rised
1743 798 40 33 to
1804 793 174 39 emulate
1994 794 64 38 the
2075 795 171 38 conduct
2268 793 48 39 or
2330 806 77 26 one
2427 791 48 39 of
2490 793 69 37 the
2572 794 171 46 greatest
2761 789 169 39 modem

1930 844 120 52 Being
2069 844 223 51 constantly
2328 846 116 47 busy,
2474 843 48 38 he
2546 844 162 46 (Prince
2745 843 181 47 Eugene)

1626 896 85 38 held
1731 896 66 39 the
1817 896 152 51 passion
2001 898 48 38 of
2075 896 90 40 love
2197 898 124 51 cheap
2337 913 12 28 ;
2396 909 43 25 as
2458 909 15 24 -
2473 909 17 24 a
2539 908 34 24 in
2665 898 266 40 amtuntnent,

1626 947 85 39 that
1730 948 132 38 served
1897 948 91 52 only
2011 954 40 33 to
2070 948 161 50 enlarge
2252 948 66 38 the
2357 961 131 37 power
2510 946 50 38 of
2582 957 168 32 women,
2781 945 74 37 and
2887 948 45 33 to

1626 1002 161 48 abridge
1820 1002 87 37 that
1937 1002 48 37 of
2017 1006 104 32 man.
2177 1002 64 38 He
2277 1012 78 24 was
2391 998 254 39 accus:vmed
2679 1002 43 32 to
2774 1009 65 37 sly
2877 999 56 34 lean

1625 1067 217 25 amourenx
1861 1058 84 33 scut
1964 1057 93 33 dans
2076 1056 37 35 la
2133 1057 158 33 sotieles
2310 1065 43 25 cc
2370 1065 76 34 que
2465 1055 56 34 les
2528 1052 235 47 fanatiques
2781 1054 84 32 sonl
2885 1061 46 25 en

1678 1157 97 50 Why
1796 1154 229 48 shonld,not
2054 1156 59 43 his
2130 1154 135 44 .Royal
2287 1155 197 50 *Highness
2513 1152 135 46 derive
2667 1165 40 25 as
2735 1152 116 38 much
2875 1165 40 24 sa-

1628 1207 126 52 lutary
1778 1208 230 40 instruction
2030 1208 48 40 by
2096 1208 59 38 his
2177 1208 171 40 military
2370 1219 142 31 errors,
2544 1218 41 25 as
2602 1205 46 51 by
2672 1204 58 38 his
2750 1209 187 45 amatory

1628 1259 208 40 mistakes?
1894 1261 59 38 He
1971 1260 69 38 has
2059 1259 158 52 already
2241 1257 195 40 reformed
2470 1257 66 38 the
2571 1256 131 46 latter,
2735 1256 76 38 and
2844 1269 96 38 may.

1628 1311 78 39 live
1723 1312 130 51 amply
1874 1316 43 35 to
1939 1312 213 50 repair.the
2172 1312 164 37 former.
2392 1310 131 38 There
2554 1309 27 38 is
2602 1322 107 25 some
2732 1320 139 25 reason
2893 1311 45 33 to

1629 1363 155 51 indulge
1805 1364 77 38 this
1900 1364 176 51 opinion,
2107 1363 129 45 when,
2267 1375 41 24 as
2344 1363 27 35 it
2400 1359 242 51 confessedly
2665 1372 184 39 appears,
2881 1370 58 26 we

1630 1417 129 38 reflect
1780 1416 87 38 that
1886 1420 41 33 to
1954 1420 181 47 amatory
2158 1414 189 39 mistakes
2362 1426 57 26 we
2439 1417 105 34 must
2565 1413 150 51 impute
2746 1424 117 38 Hiany
2894 1408 50 40 of

1628 1481 77 26 our
1726 1467 169 52 military
1912 1480 144 25 errors.

1680 1521 202 47 February
1900 1524 65 43 '25,
1989 1522 109 34 1809.

2652 1517 235 37 01VRSIMUS.

1631 1641 34 35 A
1696 1641 309 37 MONUMENT
2033 1641 69 37 TO
2130 1641 107 33 THE
2269 1639 239 34 MEMORY
2536 1637 71 35 OF
2636 1637 81 35 SIR
2751 1633 188 38 RALPH

2079 1685 417 40 ABERCROMI3IE,

1680 1752 106 32 From
1804 1752 59 32 the
1887 1750 167 41 masterly
2072 1746 116 35 Chisel
2211 1749 45 39 by
2275 1746 44 33 W
2328 1756 102 24 ESTM
2441 1754 146 24 ACOTT.
2631 1744 71 32 and
2727 1742 216 44 beantifally

1631 1796 177 44 engraved
1824 1796 149 44 byWoo
1984 1805 158 30 LNOTH,
2171 1794 77 33 will
2267 1795 43 31 he
2326 1792 208 45 published,
2561 1792 47 39 by
2627 1792 135 40 special
2784 1789 129 45 prmis-

1631 1844 91 39 sion,
1749 1844 33 32 in
1802 1845 51 31 Le
1874 1843 98 33 Bean
2003 1843 126 33 Mantle
2156 1841 196 40 Magazine
2382 1850 45 22 on
2448 1837 227 44 Wednesday
2701 1844 102 28 next,
2856 1835 81 33 The

1638 1890 144 34 Friends
1808 1890 44 33 of
1872 1890 61 34 the
1950 1887 172 34 deceased
2148 1887 117 37 Ilero,
2291 1886 69 34 and
2389 1887 60 31 the
2480 1885 131 43 Army,
2641 1885 76 31 will
2738 1892 204 32 encourage

1633 1937 72 34 this
1727 1937 137 34 tribute
1884 1943 35 26 to
1941 1946 24 21 a
1982 1946 80 21 man
2093 1933 122 34 whose
2244 1933 110 33 deeds
2381 1932 67 34 and
2476 1931 65 34 life
2572 1930 85 33 shed
2679 1941 46 24 au
2756 1928 187 35 immortal

1633 1985 111 33 lustre
1761 1995 44 22 on
1824 1984 57 32 his
1896 1987 151 39 country
2066 1982 69 33 and
2153 1982 43 31 its
2209 1991 110 21 arms.

1684 2030 214 34 Immediate
1916 2029 136 34 Orders
2065 2028 126 34 should
2211 2029 44 31 be
2267 2027 105 43 given
2391 2026 59 33 for
2469 2026 47 32 Le
2539 2023 99 34 Beau
2663 2022 136 34 Monde
2816 2022 105 43 Maga-

1638 2078 94 40 zine,
1757 2082 38 27 to
1813 2086 124 24 secure
1963 2075 105 43 early
2091 2075 236 44 Impressions
2353 2072 43 34 of
2424 2072 63 33 the
2516 2070 123 40 Plate,
2669 2075 40 28 at
2727 2069 63 34 the
2816 2069 112 43 Office
2928 2069 19 43 s

1641 2125 70 34 No.
1731 2125 59 43 11,
1817 2122 341 40 Catherine-street,
2189 2120 145 34 Strand.

1894 2239 318 44 IMPERIAL
2245 2232 445 48 PAWAMENT.

2047 2344 172 40 HOUSE
2255 2343 66 38 OF
2352 2339 185 40 LORDS.

2098 2417 188 44 Monday,
2307 2412 91 38 Feb.
2420 2414 64 34 20.

1685 2480 79 34 The
1782 2480 96 34 Malt
1894 2478 66 34 and
1983 2478 154 34 Pension
2159 2472 131 38 Duties
2311 2474 106 34 Bills.
2435 2472 66 34 and
2533 2470 64 35 the
2622 2476 74 28 two
2728 2467 224 45 Exchequer

1644 2528 90 33 Bills
1754 2528 103 39 Bills,
1876 2537 39 22 as
1933 2528 81 31 Avell
2036 2533 39 26 as
2092 2526 59 32 the
2179 2523 137 44 Equity
2339 2518 169 35 DAtor's
2530 2518 107 40 Bills,
2657 2528 97 22 were
2771 2515 184 41 severally

1643 2576 123 44 passed
1786 2574 155 44 through
1963 2572 234 33 Committees
2226 2569 43 33 of
2293 2568 63 34 the
2374 2567 120 34 whole
2523 2565 141 40 House,
2680 2564 71 33 and
2780 2559 172 46 reported

1644 2623 154 34 without
1817 2631 71 31 any
1902 2620 237 33 amendment.

1689 2670 78 33 The
1786 2667 89 35 Earl
1894 2667 41 32 of
1963 2667 257 32 I.lvruroor.
2252 2661 130 35 moved
2409 2659 63 35 the
2500 2657 130 35 second
2659 2656 152 43 reading
2829 2653 41 35 of
2893 2652 63 37 the

1644 2717 139 39 Militia
1804 2712 213 37 Enlistment
2037 2713 87 33 Bill.

1689 2763 78 34 The
1788 2761 74 34 Bill
1880 2771 73 24 was
1971 2751 151 44 ordered
2140 2763 38 30 to
2196 2758 46 33 be
2261 2756 85 34 read
2362 2766 21 22 a
2401 2753 129 35 second
2549 2745 384 50 time.Adjourned.

2075 2855 260 45 Wednesda.u,
2355 2852 92 38 Feb.
2467 2854 64 34 22.

1691 2923 78 34 The
1788 2920 124 45 Royal
1926 2917 126 35 Assent
2068 2928 73 24 was
2158 2917 119 41 given.
2293 2917 47 40 by
2357 2913 243 38 comtnission,
2611 2913 38 30 to
2665 2908 65 35 the
2739 2906 98 35 Malt
2852 2906 104 46 Duty
2993 2939 15 18 ~

1648 2970 91 40 Bill,
1757 2969 61 34 the
1840 2967 152 35 Pension
2011 2965 92 39 Bill,
2119 2965 70 32 and
2207 2965 61 32 the
2287 2968 76 26 two
2383 2959 220 43 Exchequer
2621 2956 93 34 Bills
2731 2953 107 34 Bills.

1691 3018 79 33 The
1783 3013 241 37 Cumberland
2048 3009 152 35 Fishery
2225 3009 72 33 Bill
2320 3018 72 22 was
2407 3006 84 33 read
2511 3005 58 33 for
2587 3004 58 32 the
2663 3002 79 32 first
2760 3002 102 31 time.

1691 3065 79 33 The
1802 3061 138 44 Equity
1965 3060 157 33 Debtors
2151 3048 77 41 Bill
2259 3060 94 28 went
2372 3051 156 45 through
2546 3060 25 24 a
2588 3048 99 35 third
2705 3047 168 44 reading,
2890 3043 71 39 and

1649 3106 419 51 passed.Adjourned.

2082 3202 220 46 Thursday,
2333 3198 90 38 Feb.
2450 3200 66 34 23.

2057 3278 129 26 STATE
2215 3278 54 24 OF
2298 3270 250 30 PORTUGAL:

1694 3332 79 37 The
1792 3330 90 37 Earl
1907 3327 44 35 of
1967 3326 416 35 BucatNGTIAMSIIIR
2434 3331 78 22 relse
2531 3327 39 25 to
2588 3317 161 34 mention
2769 3314 61 34 the
2846 3312 120 37 notice

1649 3381 44 33 he
1713 3379 69 35 had
1793 3379 109 45 given
1918 3386 45 24 on
1978 3385 25 24 a
2020 3373 136 34 former
2171 3371 72 44 day
2261 3369 44 34 of
2316 3380 22 22 a
2365 3369 138 33 motion
2520 3376 46 25 on
2582 3366 61 33 the
2660 3369 96 30 state
2772 3361 44 35 of
2831 3361 113 33 Portu-

1646 3429 72 44 gal.

1695 3475 79 33 The
1794 3471 87 34 Earl
1900 3468 41 35 of
1954 3468 60 35 DA
2026 3476 53 24 RN
2089 3475 84 24 LEY
2197 3462 136 35 vri6hed
2350 3467 35 28 to
2407 3459 107 33 know
2529 3457 169 35 whether
2715 3456 64 34 the
2793 3454 156 35 informa-

1649 3522 77 33 tion
1742 3528 37 26 to
1796 3521 46 33 be
1860 3517 73 34 laid
1954 3514 128 35 before
2098 3514 63 32 the
2189 3511 125 33 House
2340 3507 120 35 would
2476 3507 117 33 relate
2607 3511 38 27 to
2663 3504 64 34 the
2745 3511 105 33 army
2869 3498 99 34 alter

1652 3569 27 33 it
1693 3567 66 43 left
1775 3563 193 45 Portugal,
1994 3566 38 30 to
2042 3559 84 46 join
2145 3559 59 33 Sir
2219 3557 104 33 John
2344 3555 145 33 Moore.

1695 3615 80 33 The
1796 3612 85 35 Earl
1902 3609 44 33 of
1959 3609 138 33 LAYER
2111 3607 110 34 root;
2233 3601 144 35 assured
2394 3600 61 38 the
2471 3598 125 37 Noble
2611 3596 103 39 Earl,
2741 3596 81 33 that
2835 3592 60 37 the
2914 3592 52 34 in.

1654 3660 194 35 formation
1861 3656 122 34 would
1998 3654 170 34 embrace
2194 3660 111 33 every
2326 3646 122 45 object
2465 3653 187 35 necessary
2667 3648 39 28 to
2722 3641 122 37 afford
2863 3639 90 34 satis-

1654 3709 141 43 factory
1813 3704 155 44 enquiry
1988 3702 204 43 respecting
2205 3697 64 34 the
2287 3694 128 34 affairs
2431 3692 45 35 of
2490 3690 198 45 Portugal.

1698 3756 79 33 The
1791 3751 141 35 Militia
1950 3746 169 46 Inlisting
2138 3745 77 35 Bill
2233 3754 74 26 was
2326 3739 89 37 read
2438 3739 64 34 the
2519 3738 100 34 third
2631 3737 89 35 time
2732 3733 71 38 and
2820 3728 151 56 passo.

1655 3798 275 48 Adjourned.

2143 3891 151 43 Friday,
2321 3888 91 35 Feb.
2427 3885 66 38 24.

1703 3956 118 37 Three
1835 3953 149 47 private
2002 3950 94 37 Bilis
2113 3948 94 34 from
2226 3946 63 35 the
2310 3946 194 34 Commons
2528 3948 104 30 were
2657 3935 220 50 presented;
2906 3932 72 37 and

1658 4005 63 34 the
1740 4003 96 37 Irish
1857 4002 216 35 Enlistmegt
2092 3996 149 37 Militia
2254 3993 79 40 Bill
2352 3991 87 38 read
2471 3991 61 35 for
2546 3990 74 38 Alse
2647 3989 81 37 first
2744 3981 239 43 time...id.

1663 4051 163 38 :owned.

3283 3084 64 44 ID

3288 3161 59 20 I=

3272 3270 66 17 ME

3282 3291 57 120 1

3278 3798 60 84 t

3278 3939 44 25 \
3321 3939 21 25 IP

3231 4007 65 72 6

3219 424 13 25 h

3219 582 20 14 r.

3209 1324 22 111 14,

2 1945 2 1 .
705 1945 5 1 .

0 1945 2 51 ,
30 1945 2 51 .
244 1945 143 37 duties.
446 1946 33 37 A
513 1957 90 25 man
631 1958 91 27 may
745 1946 105 38 have
878 1945 267 51 incautiously
1167 1945 128 41 erred,
1324 1945 96 37 when
1420 1945 25 37 -
1457 1945 112 39 there
1633 1945 72 26 this
1727 1945 137 26 tribute
1884 1945 35 24 to
1941 1946 24 21 a
1982 1946 80 21 man
2093 1945 122 22 whose
2244 1945 110 21 deeds
2381 1945 67 21 and
2476 1945 65 20 tine
2572 1945 85 18 sued
2679 1945 46 19 au
2756 1945 187 18 immortal

3224 1945 20 340 1

0 1982 7 58 1
244 1995 34 38 is
299 2009 51 24 no
369 2009 142 25 reason
542 2002 40 32 to
615 1998 157 37 believe
804 1998 90 39 that
921 1998 51 38 he
1009 1997 71 39 has
1107 1996 164 43 wilfully
1302 1996 150 38 sinned.
1509 1998 61 37 lie
1633 1985 111 33 lustre
1761 1995 44 22 on
1824 1984 57 32 his
1896 1987 129 39 countr
2024 1987 22 39 y
2066 1982 69 33 and
2153 1982 43 31 its
2209 1991 110 21 arms.

248 2060 94 38 may
363 2048 103 40 have
502 2049 96 37 been
635 2049 176 51 wrongly
843 2049 257 53 practicable,
1134 2048 174 40 without
1341 2048 117 52 being
1493 2060 76 27 any
3226 1978 1 124 ,

1684 2030 214 34 Immediate
1916 2029 136 34 Orders
2065 2028 126 34 should
2211 2029 44 31 be
2267 2027 105 43 given
2391 2026 59 33 for
2469 2026 47 32 Le
2539 2023 99 34 Beau
2663 2022 136 34 Montle
2816 2022 131 43 Maga-

0 2082 18 119 /

249 2100 118 50 thing
387 2099 83 39 like
489 2100 191 53 seriously
698 2101 198 39 criminal.

306 2153 216 51 Assuming
557 2153 28 38 it
624 2165 43 26 as
699 2154 184 51 granted,
918 2154 203 45 however,
1155 2152 87 39 that
1273 2152 69 39 the
1378 2081 118 110 Dille
1530 2151 51 38 off

1641 2125 70 34 No.
1731 2125 59 44 11,
1817 2122 341 40 Catherine-street,
2189 2120 145 34 Strand.
1638 2078 94 40 zine,
1757 2082 38 27 to
1813 2086 124 24 secure
1963 2075 105 43 early
2091 2075 236 44 impressions
2353 2072 43 34 of
2424 2072 63 33 the
2516 2070 123 40 Plate,
2669 2075 40 28 at
2727 2069 63 34 the
2816 2069 131 43 Offices

3206 2088 6 38 1

252 2204 119 39 York
402 2204 100 39 feels
534 2204 162 44 himself
720 2205 193 52 perfectly
939 2206 85 38 free
1043 2205 103 39 from
1169 2205 66 39 the
1260 2204 168 52 charges
1446 2203 126 39 which
3208 2191 13 31 ~

3206 2194 24 48 ,''

250 2255 105 39 have
376 2256 176 53 recently
583 2257 99 39 been
709 2256 204 53 preferred
943 2259 156 48 against
1131 2257 99 45 him,
1253 2259 15 35 I
1289 2256 181 39 consider
1489 2255 83 38 him
1894 2239 318 45 IMPERIAL
2245 2236 231 45 PAIiLIA
2487 2232 138 45 MEN
2633 2232 58 44 T.

3206 2243 17 78 l
3222 2243 17 78 l
3365 2293 7 6 .

252 2309 138 38 rather
410 2309 236 39 misadyised
669 2309 38 38 in
729 2309 70 40 the
819 2309 217 40 formation
1056 2310 50 38 of
1117 2309 69 38 the
1205 2311 133 35 Letter
1351 2307 224 40 communi-
2249 2306 85 22 us
2334 2306 44 22 ,

252 2361 116 39 cated
396 2361 109 39 from
535 2361 80 39 him
635 2366 44 33 to
699 2361 73 39 the
798 2363 137 38 House
969 2362 48 37 of
1043 2363 229 37 Commons.
1331 2362 61 37 He
1424 2360 148 38 therein
2047 2344 172 40 HOUSE
2255 2343 66 38 OF
2352 2339 187 40 LORDS.

253 2413 195 39 concedes
467 2419 73 33 too
560 2414 120 38 much
704 2417 224 48 respecting
948 2413 171 45 himself,
1153 2414 71 38 but
1246 2418 69 32 too
1349 2411 102 39 little
1475 2425 40 24 as
1546 2412 26 37 it
2098 2417 188 45 Monday,
2307 2412 91 38 Feb.
2420 2414 64 34 20.

255 2465 138 39 allects
413 2466 61 38 his
493 2471 185 47 country.
737 2466 154 39 Instead
911 2465 48 39 of
981 2466 229 50 intimating
1231 2465 69 37 the
1369 2464 104 51 hope
1489 2464 87 38 that

1685 2480 79 34 The
1782 2480 96 34 Malt
1894 2478 66 34 and
1983 2478 154 34 Pension
2159 2472 131 38 Duties
2311 2474 106 34 Bills.
2435 2472 66 34 and
2533 2470 64 35 the
2622 2476 74 28 two
2728 2467 224 45 Exchequer
3206 2467 1 47 ,
3234 2467 5 47 1

3204 2479 14 46 .'

256 2518 71 38 the
348 2520 136 37 House
503 2517 48 38 of
575 2520 217 37 Commons
822 2518 74 38 will
931 2523 90 39 not,
1058 2530 109 38 upon
1201 2516 93 38 such
1331 2516 185 38 evidence
1535 2529 44 25 as
1644 2528 90 33 Bills
1754 2528 103 39 Bills,
1876 2537 39 22 as
1933 2528 81 31 AM!
2036 2533 39 26 as
2092 2526 59 32 the
2179 2523 137 44 Equity
2339 2518 169 35 DAtor's
2530 2518 107 40 Bills,
2657 2528 97 22 were
2771 2515 184 41 severally

254 2571 96 52 they
371 2571 105 38 have
502 2571 139 44 heard,
673 2569 125 53 adopt
819 2583 74 27 any
909 2570 244 52 proceeding
1175 2567 233 52 prejudicial
1519 2567 60 39 his
1643 2576 123 44 passed
1786 2574 155 44 through
1963 2572 234 33 Committees
2226 2569 43 33 of
2293 2568 63 34 the
2374 2567 120 34 whole
2523 2565 141 40 House,
2680 2564 71 33 and
2780 2559 172 46 reported

257 2635 91 26 own
418 2623 161 38 honour
609 2623 79 38 and
998 2622 74 38 and
1093 2620 235 50 suhmitting
1348 2619 161 39 himself
1535 2626 43 32 to
1644 2623 154 34 without
1817 2631 71 25 any
1902 2620 237 33 amendment.

257 2675 71 39 the
347 2675 189 52 ordinary
556 2674 125 39 forms
696 2674 48 39 of
748 2674 324 53 jurisprudence,
1091 2673 193 39 observed
1306 2683 40 26 as
1367 2676 43 33 to
1429 2670 151 39 similar

257 2727 330 53 impeachments,
614 2725 93 53 only
742 2733 30 18 64
793 2726 45 46 if,
870 2740 51 24 on
948 2726 93 39 such
1063 2725 214 43 testimony
1309 2735 41 26 as
1378 2722 71 39 has
1476 2724 111 45 been,

257 2779 181 40 adduced
659 2791 74 32 m,
735 2779 45 39 hi
907 2780 131 37 House
1057 2777 48 39 of
1121 2779 214 38 Commons
1349 2787 72 27 can

1641 2717 1 84 .
1689 2763 31 35 T
1726 2763 19 33 h
1747 2774 20 22 e
1644 2717 38 34 M
1689 2717 7 39 i
1703 2718 8 31 l
1719 2718 8 31 i
1733 2722 9 26 t
1750 2717 33 32 ia

1724 2670 12 126 i
1736 2670 12 126 h
1748 2670 25 126 te
1773 2670 13 126 e
1786 2669 57 33 Ka
1845 2667 30 33 rl

257 2727 330 53 impeachments,

1838 2714 178 34 nlistment
2037 2713 87 33 Bill.
1894 2667 41 32 of
1963 2667 76 32 Lty
2050 2675 46 22 en
2109 2673 111 25 root,
2252 2661 130 35 moved
2409 2659 63 35 the
2500 2657 130 35 second
2659 2656 152 43 reading
2829 2653 41 35 of
2893 2652 64 37 the

1804 2712 27 37 r

1788 2761 74 34 Bill
1880 2771 73 24 was
1971 2751 151 57 ordered
2140 2763 38 30 to
2196 2758 46 33 be
2261 2756 85 34 read
2362 2766 21 22 a
2401 2753 129 35 second
2549 2753 102 33 time.
2679 2745 254 50 Adjourned.
3203 2735 12 18 1.

3214 2797 2 11 .
3231 2797 4 11 ,

259 2833 65 41 his
403 2833 216 38 innocence
1062 2828 152 40 instead
1247 2828 47 40 of
1318 2828 80 39 this
1429 2826 76 40 line
1537 2830 50 37 of
3198 2813 19 17 ,

257 2884 196 46 conduct,
477 2885 126 39 which
622 2895 117 28 mote
754 2884 98 38 than
872 2882 213 39 insinuates
1102 2882 71 38 the
1188 2885 105 34 utter
1310 2880 132 52 falsity
1460 2880 47 39 of
1521 2880 60 39 his
1623 2921 7 6 ,
2075 2855 260 45 Wednesday,
2355 2852 92 38 Feb.
2467 2854 64 34 22.
2950 2852 2 79 .
3204 2864 11 21 ~

259 2950 200 30 accusers,
480 2936 77 39 and
575 2949 125 27 seems
719 2941 44 33 to
782 2936 169 51 petition
973 2935 67 38 the
1059 2934 204 50 clemency
1285 2931 48 39 of
1348 2931 59 38 his
1426 2937 155 45 present
1691 2923 78 34 The
1788 2920 124 45 Royal
1926 2917 126 35 Assent
2068 2928 73 24 was
2158 2917 119 41 given,
2293 2917 47 40 by
2357 2913 243 38 commission,
2611 2913 38 30 to
2665 2908 65 35 the
2739 2906 98 35 Malt
2852 2906 104 46 Duty
2993 2939 40 19 ~..

1367 2983 213 52 *Highness,
1594 3024 7 7 ,
1648 2970 91 40 Bill,
1757 2969 61 34 the
1840 2967 152 35 Pension
2011 2965 92 39 Bill,
2119 2965 70 32 and
2207 2965 61 32 the
2287 2968 76 26 two
2383 2959 220 43 Exchequer
2621 2956 93 34 Bills
2731 2953 107 34 Bills.

3204 2982 8 22 i

255 2991 162 52 judges,
446 2991 92 39 how
559 2988 104 52 truly
685 2988 132 40 would
850 2988 32 38 it
909 2988 169 39 become
1110 2986 60 38 his
1202 2983 135 44 Royal

1691 3018 79 33 The
1783 3013 241 37 Cumberland
2048 3009 152 35 Fishery
2225 3009 72 33 Bill
2320 3018 72 22 was
2407 3006 84 33 read
2511 3005 58 33 for
2587 3004 58 32 the
2663 3002 79 32 first
2760 3002 102 31 time.

3202 3006 5 56 4
3207 3006 6 56 i

259 3043 183 40 whether
472 3056 43 26 as
544 3043 31 37 it
605 3040 122 40 refers
761 3048 45 32 to
827 3039 67 39 the
911 3039 162 40 honour
1098 3037 52 40 of
1172 3035 60 40 his
1259 3040 168 47 country
1448 3048 46 26 or
1511 3035 71 40 the

1691 3065 79 33 The
1802 3061 138 44 Equity
1965 3060 157 33 Debtors
2151 3056 77 34 Bill
2259 3060 94 28 went
2372 3051 156 45 through
2546 3060 25 24 a
2588 3048 99 35 third
2705 3040 168 51 reading,
2890 3043 71 39 and

262 3094 161 39 welfare
441 3094 52 39 of
506 3094 57 38 his
581 3092 155 52 family,
764 3098 46 33 to
839 3098 85 53 step
943 3089 345 54 boldly'forward,
1319 3087 93 43 and,
1441 3089 50 38 be
1512 3089 70 38 the
1649 3106 419 52 passed.Adjourned.

262 3154 97 33 vote
377 3146 51 39 of
441 3146 70 39 the
527 3146 214 39 Commons
759 3144 109 39 what
898 3149 32 34 It
957 3156 109 38 may,
1096 3141 80 40 still
1205 3139 169 40 demand
1400 3152 50 27 an
1478 3154 103 39 open
2226 3165 154 12 ..---.

260 3198 94 40 trial
369 3198 141 40 before
526 3198 59 39 his
604 3201 118 37 Peers
741 3202 8 33 !
795 3200 37 37 It
846 3196 31 40 is
901 3196 110 45 here,
1029 3193 217 45 therefore,
1263 3193 90 38 that
1371 3191 48 39 he
1439 3196 81 34 acts
1539 3206 44 26 as
2082 3202 220 46 Thursday,
2333 3198 90 38 Feb.
2450 3200 66 34 2S.

265 3252 33 39 if
324 3252 48 39 he
396 3265 83 26 was
496 3256 73 34 not
586 3250 154 53 strictly
756 3248 260 41 admonished
1038 3252 41 35 to
1098 3243 157 44 consult
1273 3244 70 39 the
1362 3243 162 53 opinion
1538 3244 51 39 of

2057 3278 129 26 STATE
2215 3278 54 24 OF
2298 3272 252 28 PORTVGAL:

265 3304 71 39 the
350 3309 189 46 country.

0 3312 8 96 I
317 3358 107 38 With
446 3360 154 47 respect
626 3359 45 35 to
706 3353 60 41 his
797 3354 156 52 private
986 3363 176 34 amours,
1192 3348 53 40 he
1277 3347 73 40 has
1384 3347 197 41 conceded
1694 3332 79 37 The
1792 3330 90 37 Earl
1907 3327 44 35 of
1967 3326 416 35 BucKiNGTIAMSIIIR
2394 3330 20 25 F.
2434 3331 78 22 rase
2531 3327 39 25 to
2588 3317 161 34 mention
2769 3314 61 34 the
2846 3312 120 37 notice

3207 3366 24 19 ',.

262 3422 115 27 more
402 3409 98 39 than
522 3420 74 39 any
617 3407 170 39 rational
811 3419 139 39 person
971 3404 117 40 could
1109 3403 103 39 have
1230 3400 167 40 desired.
1453 3400 131 40 While
1649 3379 38 81 he
1687 3379 19 81 i
1706 3379 76 81 !tad
1793 3379 109 45 given
1918 3386 45 24 on
1978 3385 25 24 a
2020 3373 136 34 former
2171 3371 72 44 day
2261 3369 44 34 of
2316 3380 22 22 a
2365 3369 138 33 motion
2520 3376 46 25 on
2582 3366 61 33 the
2660 3369 96 30 state
2772 3361 21 35 o
2793 3361 22 35 f
2831 3361 136 33 Portu-

3197 3394 5 33 i
3202 3394 5 33 .

265 3462 61 40 his
347 3461 132 54 Royal
501 3459 197 53 Highness
715 3458 66 40 did
867 3458 181 40 observe,
1067 3454 99 39 with
1199 3454 71 39 the
1299 3454 162 52 deepest
1488 3465 93 27 con-
1646 3441 51 67 ga
1697 3441 77 67 The
1794 3471 87 34 Earl
1900 3468 273 35 OrDARNLET
2197 3462 136 35 wished
2350 3467 35 28 to
2407 3459 107 33 know
2529 3457 169 35 whether
2715 3456 64 34 the
2793 3454 177 35 informa-

446 3514 63 39 his
599 3526 120 26 name
746 3510 172 52 coupled
954 3509 93 39 with
1082 3506 266 40 transactions
1384 3506 67 39 the
1480 3509 104 34 most

1649 3522 77 33 tion
1742 3528 37 26 to
1796 3521 46 33 be
1860 3517 73 34 laid
1954 3514 128 35 before
2098 3514 63 32 the
2189 3511 125 33 House
2340 3507 120 35 would
2476 3507 117 33 relate
2607 3511 38 27 to
2663 3504 64 34 the
2745 3511 26 33 a
2771 3511 52 33 rm
2823 3511 27 33 y
2869 3498 99 34 after

265 3567 184 41 criminal
470 3565 79 40 and
882 3563 113 38 there
1025 3565 66 46 yet
1109 3557 198 53 appeared
1329 3570 53 25 no
1403 3557 183 39 absolute
1652 3569 27 33 it
1693 3567 66 35 left
1775 3563 193 45 Portugal,
1994 3566 38 30 to
2042 3559 84 46 join
2145 3559 59 33 Sir
2219 3557 104 33 John
2344 3555 145 33 Moore.

265 3620 195 52 necessity
488 3619 65 39 for
570 3617 83 39 hint
673 3624 44 32 so
738 3614 171 54 publicly
931 3619 45 35 to
1221 3609 74 39 and
1328 3609 150 39 lament
1496 3608 86 40 that
1695 3615 80 33 The
1796 3612 85 35 Earl
1902 3609 44 33 of
1959 3609 79 33 Liv
2048 3617 50 25 ER
2111 3607 110 34 root;
2233 3601 144 35 assured
2394 3600 61 38 the
2471 3598 74 37 Nob
2545 3598 51 37 le
2607 3596 21 44 E
2628 3596 86 44 arl,
2741 3596 81 33 that
2835 3592 60 37 the
2914 3592 52 34 ill.

269 3687 27 26 a
324 3672 240 41 connection
582 3669 141 41 should
743 3681 96 26 ever
872 3669 102 38 have
992 3664 155 40 existed
1168 3661 128 40 which
1317 3661 71 39 has
1408 3661 91 40 thus
1517 3674 70 26 ex-
1654 3660 194 35 formation
1861 3656 122 34 would
1998 3654 170 34 embrace
2194 3660 111 33 every
2326 3646 122 44 olject
2465 3653 187 35 necessary
2667 3648 39 28 to
2722 3641 122 37 afford
2863 3639 107 34 satis-

449 3725 63 39 his
583 3722 208 40 character
810 3720 77 39 and
906 3720 158 38 honour
1096 3720 45 35 to
1170 3715 137 52 public
1337 3713 248 40 animadver-
1654 3709 141 43 factory
1813 3704 155 44 enquiry
1988 3702 204 43 respecting
2205 3697 64 34 the
2287 3694 128 34 affairs
2431 3692 45 35 of
2490 3692 77 35 Por
2572 3690 116 45 tugal.

454 3780 65 37 No
539 3788 90 27 man
658 3775 93 39 thus
783 3772 165 39 exacted
984 3771 106 39 from
1119 3767 85 40 him
1233 3768 69 38 the
1329 3771 94 47 part
1459 3767 48 38 of
1522 3767 66 38 the
1698 3756 79 33 The
1791 3751 141 35 Militia
1950 3746 169 46 Uniting
2138 3745 77 35 Bill
2233 3754 74 26 was
2326 3739 89 37 read
2438 3739 64 34 the
2519 3738 100 34 third
2631 3744 89 28 time
2732 3733 71 38 turd
2820 3728 151 56 passed.

1655 3798 275 48 Adjourned.

269 3829 213 54 repenting
503 3826 200 57 Etrodigal.
759 3823 74 43 His
861 3837 89 26 own
980 3821 185 56 personal
1204 3819 154 52 dignity
1394 3831 122 26 seems
1548 3822 41 34 to

3402 3820 5 31 .
3198 3820 1 31 .
3393 3839 6 12 ,

11 3852 2 35 .
2209 3852 210 14 am...~.

268 3883 105 39 have
392 3883 104 39 been
526 3880 190 41 attended
751 3883 45 33 to
823 3891 41 26 as
896 3876 103 39 little
1019 3889 40 25 as
1082 3874 71 38 the
1173 3870 250 41 satisfaction
1450 3869 48 40 of
1522 3872 70 37 be
2126 3869 2 64 .
2143 3891 151 43 Friday,
2321 3888 91 35 Feb.
2427 3885 66 38 24.

270 3937 150 52 public.
481 3938 35 38 It
539 3934 30 39 is
586 3939 43 34 to
648 3933 70 40 the
741 3928 322 44 Horse-Guards,
1083 3925 77 39 and
1181 3930 73 33 not
1284 3930 45 33 to
1344 3922 249 39 Gloucester-

1349 3989 24 26 x
1393 3974 83 40 oust
1534 3973 38 40 di

270 3989 129 52 place,
436 3989 96 39 that
557 3987 67 39 the
658 3986 202 39 attention
893 3981 50 38 of
965 3981 69 39 the
1061 3978 139 53 public
1231 3978 30 37 is
1296 3990 60 25 an.
1378 3976 8 38 i
1467 3989 34 39 .y
1576 3997 24 32 ..

1658 3956 163 84 therrhl7
1835 3953 149 47 private

1877 3954 125 59 ~
2002 3950 94 37 Bills
2113 3948 94 34 from
2226 3946 63 35 the
2310 3946 194 38 Commons
2528 3948 104 30 were
2657 3935 220 50 presented;
2906 3932 72 37 and

1740 4003 96 37 Irish
1857 4002 216 35 Enlistment
2092 3996 149 37 Militia
2254 3993 79 40 Bill
2352 3991 87 38 read
2471 3991 81 35 for'
2572 3990 48 37 be
2647 3989 81 37 first
2744 3986 109 38 time.
2908 3981 74 41 Ad.

270 4041 149 39 rected.
455 4041 202 39 Whoever
677 4049 155 28 assures
859 4035 69 39 the
946 4036 159 50 present
1126 4029 120 40 Duke
1266 4028 50 40 of
1328 4026 116 40 York
1463 4026 131 41 other-
1663 4065 78 6 ..
1778 4063 6 8 ,

1676 4063 100 26 mot
1788 4051 38 34 d.

265 4096 111 45 wise,
394 4094 47 47 is,
463 4094 189 43 however
673 4085 272 57 unwittingly,
963 4085 58 40 his
1039 4087 178 52 greatest
1234 4093 162 40 enemy.
1655 4089 13 9 ~
2567 4085 2 57 .
2640 4090 7 13 ,

19 4169 26 117 1
3223 4159 2 128 1
3226 4159 2 128 .

3197 4217 1 6 .
3226 4217 1 6 ,

0 4281 14 52 .
1355 4281 4 52 .
3194 4281 5 52 !

235 35 154 53 FEB.
428 71 48 12 -......
477 35 21 41 Of;
