3413 4441
1101 53 145 54 TIIE
1281 56 376 54 NATIONAL
1693 59 377 53 REGISTER.

274 189 103 35 John
394 188 184 38 Jackson,
601 188 202 41 Farnham,
822 190 150 44 Surrey,
989 201 168 35 surgeon,
1179 193 92 34 Feb.
1285 195 63 41 28,
1371 195 125 34 March
1514 196 40 39 7,

227 244 41 27 at
287 237 152 40 twelve,
456 235 70 35 and
548 236 109 46 .April
677 236 39 41 8,
732 244 37 26 at
789 247 83 31 one,
885 244 40 27 at
941 239 204 40 Guildhall,
1169 241 158 35 London.
1356 244 200 41 Attorney,

227 286 79 33 31r.
330 283 157 40 PeHatt,
511 283 352 45 Ironmonger-hall,
886 283 357 39 Fenchurch-street.

275 332 145 44 Joseph
446 331 163 38 Brooks,
627 331 51 35 St.
699 330 249 46 John-street,
969 333 104 35 West
1090 334 221 41 Smithfield,
1343 335 190 37 hardware-

228 390 102 31 man,
359 378 129 37 March
506 380 38 39 .1,
573 378 57 43 11,
647 378 71 34 and
741 380 111 45 April
878 381 37 40 8,
943 390 38 26 at
1002 384 150 43 twelve,
1172 390 40 28 at
1230 383 209 37 Guildhall.
1489 385 45 34 At-

227 433 149 37 torney,
398 428 74 32 Mr.
498 426 85 34 Batt
592 438 57 32 ye,
670 428 309 45 Chancery-lane.

281 472 146 37 Walter
444 475 197 39 Turnbull,
656 475 34 34 0
702 472 249 45 xford-street,
969 477 115 34 music
1085 477 137 41 -seller,
1243 477 92 35 Feb.
1351 478 61 40 28,
1427 477 128 35 March

228 522 43 39 9,
304 521 70 34 and
400 522 111 44 April
533 523 38 39 8,
591 528 39 28 at
650 533 86 32 one,
761 530 41 27 at
829 523 204 35 Guildhall.
1087 526 201 45 Attorney,
1323 528 72 33 Mr.
1421 526 133 39 Wood,

231 568 429 47 Richmond-buildings,
679 570 118 34 Soho.

1617 189 282 48 dressOg-room
1929 206 74 24 was
2035 195 141 34 broken
2205 206 110 33 open,
2357 193 67 34 and
2461 193 64 33 her
2564 193 155 37 bureau,
2760 188 157 45 looking-

1618 240 146 43 gtasscs,
1791 241 67 35 &c.
1903 252 97 26 were
2024 241 184 46 conveyed
2242 252 124 33 away.
2430 239 81 34 The
2537 244 168 26 treasury
2741 244 73 24 was
2846 239 93 32 tent

1619 286 135 34 lo.iked
1775 296 52 33 to,
1852 299 100 24 some
1969 289 200 44 gentlemen
2187 294 142 39 present
2343 287 137 43 having
2494 285 161 33 directed
2676 283 59 33 the
2758 283 182 33 attention

1619 332 44 33 of
1684 335 113 33 about
1817 348 19 21 a
1854 337 119 35 dozen
2004 346 144 35 persons
2181 337 84 32 who
2293 343 98 26 were
2417 335 35 33 in
2472 333 58 33 the
2558 333 112 31 house
2688 330 155 40 thither,
2867 330 72 33 and

1618 380 50 33 all
1691 381 58 33 the
1768 384 133 40 banks,
1930 393 148 35 papers,
2104 385 69 33 &c.
2207 393 96 24 were
2330 380 185 45 conveyed
2536 389 110 33 away
2669 385 35 26 to
2732 377 58 32 the
2811 376 131 37 homes

1619 426 45 33 of
1685 429 73 35 Mr.
1780 430 146 43 Grubb,
1955 430 267 45 Mr.-Bowley,
2257 430 35 34 in
2323 428 280 39 Bussell.street,
2630 426 67 31 and
2730 424 70 33 Mr.
2822 420 94 52 Kene
2916 420 25 52 p

1620 476 34 31 in
1672 477 353 34 Tavistock•;stceet.
2073 478 119 33 These
2206 476 119 34 books
2339 477 67 32 and
2427 483 145 35 papers,
2604 480 27 25 ra
2643 472 50 33 ith
2712 472 59 32 the
2789 470 158 35 articles(

1623 520 92 37 from
1748 522 89 35 Mrs.
1857 524 175 34 Jordan's
2061 534 133 32 rooms,
2224 534 97 24 were
2339 523 61 33 the
2430 522 84 43 only
2549 520 122 44 things
2686 519 120 33 saved.

1623 579 143 33 persons
1811 573 194 33 interested
2048 572 34 34 in
2128 572 63 34 the
2238 573 165 32 Theatre
2451 567 168 45 speedily
2665 565 162 39 arrived,
2872 565 76 34 bat

1620 617 113 43 thee,
1778 619 167 43 together
1978 619 90 34 with
2102 619 60 33 the
2197 619 237 44 performers,
2476 622 96 26 were
2603 613 35 33 In
2666 613 87 33 time
2785 611 87 44 only
2903 619 39 26 to

1625 665 141 34 witness
1796 669 61 31 the
1886 669 223 32 destruction
2143 666 45 32 of
2209 666 99 32 their
2339 669 193 40 property.
2584 664 54 31 At
2666 660 72 32 this
2766 665 177 32 moment,

1625 711 67 34 Mr.
1719 713 141 41 Peake,
1885 715 61 32 the
1967 715 215 38 Treasurer,
2206 713 148 33 arrived
2386 712 34 31 in
2439 720 22 22 a
2479 715 93 26 state
2606 706 45 34 of
2670 705 182 44 agitation
2880 711 66 30 not

1620 758 112 45 easily
1756 769 35 25 to
1822 761 44 32 he
1889 761 204 40 described,
2118 759 90 40 and,
2231 759 145 33 aouinst
2395 758 63 32 the
2477 754 175 46 repeated
2679 754 129 32 advice
2819 751 44 34 of
2888 752 57 33 his

1623 804 148 44 friends,
1804 808 196 44 resolutely
2040 813 96 28 went
2163 813 40 27 to
2232 807 60 33 the
2327 806 202 41 Treasury,
2570 800 72 35 and
2676 798 196 34 succeeded
2908 798 38 34 is

1620 853 139 44 getting
1787 865 110 32 away
1917 856 106 32 other
2053 855 148 44 private
2233 863 149 33 papers.
2434 852 79 33 The
2541 850 164 32 Theatre
2724 857 72 21 was
2813 852 40 27 at
2870 846 74 35 this

1622 899 89 34 time
1727 900 69 35 kft
1814 906 37 28 to
1871 907 45 28 .ts
1941 902 93 40 fate,
2057 901 67 34 and
2158 902 63 32 the
2235 908 237 37 appearance
2492 907 74 22 was
2585 902 92 26 most
2695 893 156 43 awfully
2877 893 71 34 and

1624 948 267 33 tremendously
1906 948 125 44 grand.
2082 948 125 33 Never
2225 948 126 33 before
2365 947 59 33 did
2446 956 52 22 we
2518 943 135 33 behold
2682 952 37 22 so
2746 943 167 32 immense
2926 950 26 25 a

1623 994 96 44 body
1739 994 44 33 of
1804 996 122 39 flame,
1950 996 69 34 and
2049 994 61 34 the
2128 994 208 33 occasional
2355 1004 44 24 ex
2409 992 161 44 pinrions
2606 990 81 32 that
2718 989 92 33 took
2841 989 111 43 place

1628 1051 94 24 were
1734 1043 113 33 awful
1861 1043 33 32 in
1905 1054 47 34 ap
1961 1054 175 34 pearatire
2156 1042 143 34 beyond
2317 1039 237 44 description.
2609 1038 81 32 The
2709 1033 156 33 iaterior
2877 1043 76 27 VAS

1624 1090 220 43 completely
1864 1090 196 33 destroyed
2075 1091 50 43 by
2143 1100 70 24 one
2225 1088 164 41 o'clock,
2414 1085 70 35 and
2499 1095 103 25 some
2619 1084 43 32 of
2676 1082 59 33 the
2754 1082 102 33 walls
2876 1082 73 34 bad

1625 1136 111 34 Mien
1754 1137 37 33 in
1802 1144 35 26 at
1861 1137 79 33 that
1964 1139 87 32 time
2864 1169 8 1 _
2893 1169 6 1 _
2929 1136 5 34 _

1675 1183 69 33 We
1762 1191 119 38 regret
1899 1191 37 26 ►o
1954 1191 107 33 stale,
2086 1182 80 34 that
2179 1182 61 34 the
2256 1181 154 45 solidity
2425 1180 44 34 of
2481 1180 61 34 the
2572 1178 73 39 *all
2646 1178 18 39 ,
2663 1178 19 39 ,
2712 1185 97 34 upon
2824 1175 128 37 which

1625 1230 61 35 the
1707 1230 194 35 Architect
1923 1231 70 34 and
2013 1231 60 34 the
2095 1231 190 41 Managers
2306 1230 126 46 placed
2453 1228 58 33 the
2543 1232 92 27 most
2656 1224 177 34 conaident
2862 1225 72 33 reli-

1626 1289 104 30 ance,
1760 1278 63 33 has
1839 1279 130 39 failed,
1997 1278 69 34 and
2081 1279 61 31 the
2160 1284 145 37 greater
2326 1283 80 38 part
2424 1276 45 32 of
2497 1274 96 33 them
2617 1272 92 32 have
2727 1272 107 43 given
2854 1281 99 33 wa}•.

1631 1326 149 43 Shortly
1805 1325 98 34 after
1931 1336 69 24 one
2017 1324 144 34 o'clock
2183 1324 61 33 the
2271 1323 102 35 chief
2387 1328 80 39 part
2490 1320 44 33 of
2554 1320 63 33 the
2639 1319 91 33 front
2754 1318 34 31 in
2812 1318 143 35 Russell

1628 1372 71 33 and
1719 1372 294 45 Brydges-street
2030 1372 60 33 fell
2111 1371 38 34 in
2165 1372 90 32 with
2272 1381 25 24 a
2316 1370 165 34 horrible
2494 1368 123 39 crash,
2639 1365 69 33 and
2722 1365 128 33 before
2861 1371 94 37 two,

1632 1420 59 33 the
1707 1420 77 33 side
1802 1421 35 32 in
1860 1419 269 45 Vinegar-yard
2161 1419 65 33 fell
2244 1419 87 33 with
2357 1429 25 22 a
2400 1415 165 35 dreadful
2585 1414 118 40 noise,
2734 1411 34 33 in
2785 1422 47 24 an
2862 1419 87 28 uut-

1635 1468 99 32 ward
1748 1467 198 34 direction.

1680 1514 124 34 About
1822 1515 136 33 twelve
1972 1512 148 35 o'clock
2139 1512 231 45 intelligence
2385 1509 44 34 of
2438 1509 58 33 the
2507 1506 265 44 conflagration
2793 1506 163 35 reached

1633 1561 63 33 the
1731 1561 124 34 House
1884 1561 45 33 of
1952 1563 204 33 Commons.
2209 1560 81 33 The
2315 1559 65 33 fire
2411 1569 76 22 was
2506 1557 80 33 then
2619 1554 124 43 rngin4
2773 1554 90 32 with
2893 1554 65 34 the

1633 1613 157 39 greatest
1819 1607 100 45 fury,
1936 1607 70 34 and
2039 1607 189 44 distinctly
2249 1607 131 33 visible
2398 1605 93 34 from
2511 1605 60 31 the
2596 1600 144 46 gatiry
2761 1602 194 35 windows.

1638 1656 148 34 Several
1805 1655 64 34 oft
1877 1657 44 32 he
1936 1656 181 33 Members
2134 1654 145 45 quitted
2295 1654 61 33 the
2374 1654 126 32 llouse
2517 1651 69 33 and
2609 1656 90 26 went
2717 1657 98 33 upon
2836 1649 97 34 West-

1636 1704 148 33 minster
1804 1703 141 43 Bridge
1961 1708 38 28 to
2023 1702 93 33 view
2139 1702 61 33 the
2219 1702 137 40 flames,
2386 1711 28 22 w
2425 1698 50 33 164
2489 1698 35 40 h,
2542 1698 91 33 from
2655 1696 74 32 that
2745 1697 105 41 point
2875 1707 64 34 pre-

1636 1752 122 32 sented
1770 1761 24 22 a
1809 1750 185 44 spectacle
2014 1759 97 25 more
2128 1749 198 41 sublimely
2347 1747 137 34 terrific
2499 1752 85 27 than
2601 1755 66 31 au)
2695 1744 73 30 that
2790 1742 61 35 11;ss
2867 1746 91 32 been

1638 1798 190 33 witnessed
1854 1798 35 32 in
1907 1796 73 33 this
1996 1796 142 44 capital
2161 1796 94 33 since
2276 1796 63 33 the
2353 1795 64 32 fire
2435 1795 45 31 of
2498 1794 100 33 1606.
2655 1791 119 33 Those
2797 1801 24 21 w
2833 1796 31 26 tw
2864 1796 15 26 s

2906 1801 38 22 re-

1636 1845 135 35 ci►llect
1783 1845 81 33 how
1886 1844 180 34 beautiful
2092 1843 70 34 and
2180 1844 240 44 conspicuous
2433 1851 46 24 an
2496 1839 124 44 object
2646 1838 60 32 the
2718 1835 162 35 Theatre

2893 1848 47 33 ap-

1639 1893 132 44 peared
1789 1892 93 33 from
1900 1893 65 32 the
1983 1891 139 43 bridge,
2150 1900 84 33 may
2264 1891 91 33 form
2378 1898 98 22 some
2502 1887 220 43 coneepti;m
2739 1884 43 32 of
2804 1884 63 33 the
2882 1896 80 24 aw.

1639 1941 53 32 ful
1704 1941 184 44 spectacle
1916 1939 31 33 it
1972 1938 196 34 exhibited
2196 1938 163 43 glowing
2388 1935 34 33 in
2453 1945 112 32 every
2588 1941 84 37 part
2702 1932 73 34 wit
2777 1931 19 32 it
2825 1932 139 43 ignited

1641 1993 144 27 matter.
1835 1987 85 33 The
1946 1985 155 33 horizon
2126 1995 76 24 was
2224 1994 40 25 so
2293 1983 189 35 illumined
2505 1982 87 33 with
2626 1981 61 32 the
2719 1981 138 38 flames,
2882 1980 84 33 that

1641 2044 112 33 every
1776 2034 139 44 steeple
1937 2033 97 34 from
2067 2031 261 44 Whitechapel
2347 2039 37 26 to
2408 2030 249 33 Westmint.ter
2678 2029 131 41 Abbey
2831 2037 74 21 was
2926 2035 53 24 as'

1643 2083 130 32 visible
1783 2092 39 24 as
1839 2089 37 25 at
1896 2091 96 22 noon
2007 2079 71 44 day
2091 2091 12 28 ;
2130 2081 70 32 and
2219 2080 61 33 the
2301 2078 187 34 reflection
2506 2076 41 32 of
2568 2088 39 21 so
2627 2076 167 32 immense
2822 2085 22 21 a
2865 2075 99 37 bialy

1643 2128 43 33 of
1706 2130 92 44 light
1815 2138 46 24 on
1878 2127 64 34 the
1959 2128 99 32 river
2083 2127 256 43 considerably
2370 2125 116 33 added
2519 2130 37 27 to
2588 2124 64 32 the
2668 2122 172 40 anoint
2859 2132 110 32 Arany

1632 2176 1 33 .
1643 2176 89 32 deur
1750 2176 41 33 of
1802 2177 60 31 the
1879 2184 119 25 scene.

1694 2222 33 34 It
1752 2233 71 24 was
1843 2222 37 34 in
1896 2220 103 35 truth
2010 2231 24 24 a
2052 2220 239 46 compliment
2304 2218 44 35 of
2361 2220 59 32 the
2435 2218 137 43 highest
2588 2223 129 28 tuttnre
2730 2222 37 27 to
2789 2217 57 32 Sir

1646 2270 117 41 ridan,
1831 2271 48 32 ho
1905 2280 73 24 %vas
2006 2270 34 31 in
2072 2269 60 32 the
2158 2269 141 37 House,
2326 2268 79 32 that
2438 2267 60 32 the
2526 2272 306 37 representati.e.
2850 2268 37 26 at

1651 2319 137 33 British
1809 2317 137 45 people
1962 2316 128 33 should
2107 2316 229 44 participate
2354 2315 35 32 in
2409 2313 53 32 his
2476 2313 162 39 distresl:,
2665 2313 66 32 and
2786 2311 197 43 lapat..i.re

1649 2365 34 33 in
1700 2365 53 33 his
1768 2365 163 44 feelings.

1695 2414 71 31 Air.
1792 2412 57 33 W.
1874 2412 118 33 Elliot
2016 2411 70 33 and
2107 2409 97 34 Lord
2233 2409 157 44 Temple
2419 2407 187 44 suggested
2639 2406 61 33 the
2720 2406 189 44 proprirt‘
2935 2405 41 32 of

1646 2470 45 24 au
1707 2458 270 45 adjournment,
2006 2458 34 33 in
2053 2457 272 35 consideration
2350 2456 45 33 af
2407 2456 60 33 the
2485 2460 100 37 great
2608 2456 164 41 personal
2793 2456 79 30 cal.,

1651 2507 119 33 which
1792 2507 63 32 the
1883 2507 128 32 house
2028 2505 70 33 had
2122 2507 90 32 been
2233 2504 81 44 just
2339 2502 177 34 informed
2539 2503 67 31 hail
2628 2502 158 32 befallen
2812 2512 19 19 a
2859 2502 113 41 Right

1652 2555 97 33 Hon.
1770 2554 107 34 Gent.
1894 2554 99 43 (Mr.
2013 2552 198 43 Sheridan)
2228 2554 60 32 for
2308 2550 120 34 whom
2443 2559 110 33 every
2568 2559 70 21 one
2657 2558 85 21 must
2759 2546 86 33 feel.

1698 2602 72 32 lir.
1791 2601 178 33 Sheridan
1985 2602 34 31 in
2037 2611 24 21 a
2086 2601 73 32 low
2193 2607 83 26 tone
2288 2598 44 33 of
2346 2598 122 38 voice,
2491 2598 67 33 and
2594 2608 38 19 e%
2644 2596 7 32 i
2660 2596 93 32 dent!
2763 2608 14 30 y
2803 2595 104 32 auxit
2921 2593 39 34 af-

1650 2647 133 38 fected,
1799 2649 78 32 said
1899 2649 45 31 he
1957 2648 61 33 did
2037 2654 59 26 not
2109 2648 106 33 think
2236 2647 63 32 the
2314 2644 213 34 wisfortnue
2546 2644 123 32 which
2688 2644 67 31 had
2779 2642 191 44 happened

1652 2702 38 27 to
1709 2694 146 35 himself
1870 2706 73 22 was
1961 2695 44 33 of
2017 2706 21 21 a
2056 2705 136 35 proper
2212 2701 126 26 !sawn,
2354 2699 37 25 to
2411 2692 180 44 interrupt
2607 2692 60 31 the
2685 2691 241 44 procteaings
2939 2687 39 34 of

1652 2745 60 32 the
1739 2735 137 41 !louse.
1929 2743 92 33 This
2048 2743 190 33 sentiment
2272 2752 73 22 was
2366 2740 90 33 with
2486 2739 178 43 difficulty
2692 2737 215 45 acquiesced
2937 2737 40 33 its

1646 2791 72 34 and
1739 2792 61 32 the
1812 2791 133 33 debate
1961 2790 221 44 proceeded.

1702 2839 67 33 We
1796 2837 137 44 rejoice
1955 2846 35 25 to
2009 2844 92 26 state
2120 2838 81 32 that
2222 2835 63 33 the
2301 2835 66 33 fire
2383 2833 180 35 extended
2585 2844 44 22 no
2650 2832 142 34 further
2809 2832 86 32 than
2915 2832 72 32 the

1652 2885 96 33 ruins
1765 2885 43 33 of
1820 2888 64 31 the
1909 2885 178 39 Theatre,
2108 2885 90 33 with
2220 2885 61 31 the
2298 2883 201 43 exception
2518 2880 41 33 of
2580 2891 102 22 stltuc
2696 2881 109 39 slight
2824 2881 155 37 damage

1651 2935 93 32 done
1772 2939 37 28 to
1844 2934 71 32 Mr.
1945 2931 152 35 Beath's
2125 2930 250 46 oyster-shop,
2401 2930 70 32 and
2494 2927 182 35 Nathan's
2695 2926 216 44 fruit-shop,
2939 2926 39 34 in

1654 2981 295 44 Vinegar-yard,
1967 2980 120 33 which
2109 2991 76 22 was
2203 2978 214 34 occasioned
2437 2978 46 44 by
2503 2976 59 33 the
2580 2975 133 41 falling
2728 2974 44 35 of
2792 2973 65 34 the
2876 2974 115 33 %%alit

1652 3027 44 34 of
1704 3030 61 32 the
1781 3030 163 32 Theatre
1963 3030 35 31 in
2026 3027 77 33 that
2122 3027 196 33 direction.
2373 3027 105 30 Some
2503 3021 44 35 of
2569 3024 61 31 the
2653 3022 126 33 houses
2797 3021 185 44 partially

1652 3076 133 45 caught
1801 3076 64 33 fire
1885 3076 35 34 in
1942 3076 272 35 Russel-street,
2233 3076 61 31 hut
2313 3072 61 33 the
2391 3071 143 44 engines
2555 3070 90 32 with
2659 3081 22 20 a
2704 3069 172 45 plentiful
2896 3079 67 34 sup-

1656 3124 63 43 ply
1731 3123 46 34 of
1791 3129 130 34 water,
1939 3120 193 37 continued
2165 3128 37 26 to
2232 3120 87 44 play
2340 3130 44 24 on
2404 3119 63 32 the
2493 3118 126 32 houses
2636 3118 217 41 contiguous
2868 3124 38 26 to
2920 3118 65 37 the

1657 3170 172 35 Theatre.
1883 3169 84 34 The
1987 3169 103 33 walls
2106 3169 33 32 ia
2154 3178 112 32 every
2282 3172 149 39 quarter
2448 3165 93 33 have
2561 3165 91 33 been
2670 3164 293 43 oKerwhelemed
2963 3164 25 43 t

1657 3219 91 33 with
1768 3217 61 34 the
1846 3217 202 44 exception
2078 3216 41 33 of
2141 3215 103 33 those
2277 3214 234 43 caustituting
2528 3211 60 33 the
2617 3219 79 26 cast
2722 3211 81 40 end,
2825 3211 167 33 towards

1657 3266 246 44 Drury-lane.
1957 3266 38 32 It
2021 3268 96 28 turns
2135 3269 64 27 out
2217 3262 81 33 that
2317 3261 58 34 the
2392 3260 131 34 edifice
2539 3270 77 21 was
2631 3260 144 32 erected
2794 3270 45 20 on
2856 3260 137 33 timber

1657 3314 111 43 piers,
1786 3313 107 35 cased
1916 3311 91 34 with
2022 3318 116 28 stone.
2192 3309 80 34 The
2285 3309 222 33 destruetiou
2523 3306 44 37 of
2593 3307 61 33 the
2679 3309 120 31 whole
2819 3307 171 45 building

1657 3364 28 32 is
1704 3361 41 38 of
1767 3370 126 26 course
1910 3359 119 44 easily
2046 3357 200 35 accounted
2265 3356 72 34 fur.

1706 3410 35 33 It
1754 3407 30 34 is
1804 3407 202 46 positively
2022 3406 135 40 stated,
2177 3405 78 32 that
2270 3405 61 32 the
2347 3415 22 21 a
2381 3402 172 34 atchman
2569 3402 43 33 of
2628 3403 63 32 the
2704 3402 181 41 Theatre,
2896 3402 99 34 after

1655 3456 110 45 going
1783 3456 54 34 his
1854 3454 132 35 rounds
2011 3458 40 28 at
2065 3454 81 32 nine
2172 3451 167 41 o'clock,
2370 3452 226 34 announced,
2635 3451 34 31 its
2688 3451 60 31 the
2770 3452 100 32 u-nat
2896 3459 100 34 wa),

1658 3506 80 33 that
1754 3504 51 33 all
1830 3513 73 25 was
1924 3501 102 35 well.
2076 3500 80 34 The
2177 3498 196 35 Insurance
2393 3498 130 33 Offices
2539 3498 78 33 will
2641 3498 43 31 he
2704 3507 85 34 very
2812 3498 162 39 cow:4er-

1657 3552 86 35 able
1757 3552 184 33 sufferers.
1995 3549 44 34 In
2057 3556 248 34 consequence
2323 3544 41 34 of
2378 3547 61 31 the
2459 3546 74 32 late
2551 3546 69 32 tire
2639 3552 35 25 :.;
2700 3544 300 43 Ca‘tait-gitrden

1659 3598 177 44 Theatre,
1864 3596 28 34 it
1912 3606 73 25 was
2003 3595 148 34 deemed
2180 3595 156 43 prudent
2362 3599 37 28 to
2418 3593 149 43 enlarge
2588 3593 64 32 the
2672 3592 189 35 if:stir:awe
2880 3592 43 34 of
2939 3593 61 33 the

1663 3647 228 45 Drury-lane
1926 3647 190 41 property.
2172 3643 81 33 'The
2287 3641 120 33 whole
2439 3639 43 34 of
2510 3641 65 33 the
2611 3640 203 32 insurances
2846 3640 155 35 etiected

1658 3700 164 30 amounts
1841 3702 38 26 to
1897 3696 118 32 about
2037 3689 167 41 10,0001.
2263 3689 37 33 It
2327 3689 51 33 is
2378 3694 64 26 not
2460 3687 100 43 quite
2580 3698 21 22 a
2621 3694 123 26 Inman
2766 3689 97 32 since
2881 3700 46 20 au
2948 3689 37 32 in-

1659 3752 151 25 surance
1830 3739 67 37 for
1919 3739 115 40 10,00
2034 3739 46 40 W.
2104 3746 74 25 was
2192 3735 150 35 refused
2365 3735 47 45 by
2435 3735 111 33 the...
2546 3735 112 33 Albion
2687 3735 69 32 and
2784 3736 64 32 the
2881 3736 128 35 (dont

1664 3791 145 35 Offices.
1864 3789 58 34 No
1950 3788 71 33 tre
2054 3785 63 34 has
2144 3784 178 35 oceurred
2359 3783 58 34 fur
2445 3782 63 32 the
2541 3783 71 33 last
2642 3782 83 44 fifty
2757 3794 110 33 years
2889 3784 34 32 in
2943 3783 61 34 thu

1664 3836 233 46 metropolis;
1915 3835 84 34 that
2015 3831 63 35 has
2096 3834 92 32 been
2205 3831 174 34 attended
2401 3830 91 33 with
2511 3834 86 28 :sac,'
2619 3840 67 34 rap
2696 3831 39 32 id.
2748 3831 69 31 loaf
2841 3831 72 43 aeei
2913 3831 18 43 s
2930 3831 73 43 :isp

1662 3885 240 37 destruction.
1935 3878 2 44 .
1957 3882 37 33 It
2011 3881 30 33 is
2057 3881 69 32 due
2143 3886 39 30 to
2202 3879 64 35 the
2285 3878 189 34 exertions
2491 3878 46 32 of
2552 3878 61 32 the
2634 3878 148 32 firemen
2803 3878 201 44 be:longing

1663 3941 35 27 to
1713 3935 61 33 the
1792 3931 169 39 diffe.reat
1976 3927 144 40 Offices,
2148 3933 38 28 to
2204 3927 169 39 observe,
2388 3930 81 30 that
2492 3925 85 45 they
2602 3925 155 34 worked
2776 3925 64 33 the
2859 3926 150 40 engiaes

1662 3981 93 35 with
1770 3971 4 47 •
1791 3981 178 33 incessant
2000 3977 133 33 labour
2150 3991 6 6 •
2166 3974 70 34 and
2269 3979 107 38 great
2398 3972 243 46 judgment..
2663 3973 61 33 MI
2757 3971 99 37 their
2884 3973 128 34 Worts

1664 4038 111 32 were,
1804 4028 190 39 however,
2023 4025 33 32 in
2076 4024 110 40 vain;
2212 4020 71 35 and
2300 4023 28 32 it
2344 4031 74 25 was
2437 4018 111 40 found
2565 4020 138 43 totally
2724 4020 221 46 impost:4de
2973 4028 40 27 to

1662 4085 171 38 preserve
1844 4085 26 22 a
1893 4072 118 45 single
2028 4072 141 43 aesOge
2181 4070 44 35 of
2233 4069 65 35 the
2317 4067 213 43 interior.of
2544 4068 67 34 the
2628 4069 123 40 house.
2807 4067 98 39 The,
2916 4068 73 39 mat-

1662 4126 117 35 tituda
1793 4120 206 38 assembled
2015 4129 48 34 on
2075 4116 69 38 the
2165 4117 177 40 feceesiOD
2355 4126 93 32 .4tllo

2577 4122 9 35 .
2587 4122 40 35 140`
2636 4115 157 43 Ai,le#Si-
2802 4113 210 45 albund.ed

739 630 56 35 DI
810 631 255 37 VIDENDS.

282 676 132 39 March
432 677 63 40 20,
514 679 152 35 Charles
685 680 250 43 Theomartyr
951 681 132 39 Crane,
1122 680 216 41 Bow-lane,
1356 680 200 40 merchant,

230 732 43 30 at
302 733 73 33 ten,
407 733 34 26 at
477 728 378 34 Guildhall---Nlarch
874 729 64 40 20,
970 728 129 34 James
1126 728 163 40 Holden,
1318 729 137 38 senior,
1488 728 67 33 and

231 774 130 34 James
383 772 162 43 Holden,
555 772 150 46 junior,
726 774 161 43 Salford,
912 776 233 37 Lancashire,
1163 776 125 43 dyvrs,
1307 784 40 26 at
1364 776 141 38 eleven,
1519 781 38 27 at

233 822 66 33 the
337 819 144 41 Palace
519 823 80 39 Inn,
644 823 415 34 Manchester---March
1093 826 61 39 '2O,
1201 823 110 34 Peter
1356 824 203 40 I)egraves,

239 867 228 45 Cheapside,
500 870 71 33 and
600 869 163 34 Thomas
794 870 237 43 Bainbridge,
1063 870 244 40 Manchester,
1337 870 158 39 dealers,
1520 875 40 34 at

236 917 154 41 twelve,
407 922 38 26 at
467 917 191 35 Guildhall
680 917 167 34 --March
865 918 61 40 21,
952 917 118 34 Adam
1087 917 202 40 Christian,
1313 918 247 40 High-street,

240 963 314 46 Mary-le-Bone,
583 966 266 43 pawnbroker,
878 971 39 27 at
947 970 73 38 ten,
1046 971 39 27 at
1106 963 373 37 Guildhall—March
1502 965 57 39 18,

239 1012 106 34 John
365 1011 194 43 Tolhurst,
582 1012 149 41 Milton,
754 1011 113 41 Kent,
891 1013 141 40 dealer,
1058 1019 37 27 at
1114 1013 143 40 eleven,
1281 1020 39 26 at
1351 1011 209 41 Guildhall,

240 1059 322 45 London—April
585 1059 56 41 IS,
657 1059 155 34 Charles
826 1059 235 40 Troutberk,
1076 1059 335 44 ltathbone-place,
1483 1059 59 33 hot-

237 1115 135 33 sterer,
399 1113 38 30 at
457 1108 149 41 twelve,
635 1111 40 30 at
693 1107 241 35 Guildhall—
947 1108 125 33 March
1096 1107 58 41 11,
1186 1106 102 34 John
1320 1107 241 40 Brockbank,

240 1156 196 40 Keswick,
456 1154 263 41 Cumberland,
754 1155 138 40 dealer,
925 1161 37 27 at
993 1154 139 43 eleven,
1167 1159 40 28 at
1240 1155 63 32 the
1338 1155 120 33 Globe
1481 1154 80 39 Inn,

242 1204 319 34 Cockermouth--
583 1202 126 34 March
733 1201 58 40 14,
819 1202 100 33 John
947 1200 157 41 rearon,
1139 1201 231 41 Deanscales,
1387 1202 150 33 Cumber-

237 1251 104 40 land,
366 1252 138 40 factor,
531 1256 39 26 at
588 1256 73 34 ten,
690 1256 39 26 at
763 1248 61 34 the
843 1250 117 34 Globe
985 1250 77 41 Inn,
1100 1247 463 35 Cockermouth---March

240 1299 60 39 18,
337 1300 142 33 Robert
516 1297 143 37 Bullet),
698 1296 237 45 Weymouth,
970 1297 170 38 butcher,
1180 1303 38 27 at
1250 1297 145 38 eleven,
1429 1303 37 26 at
1501 1296 63 33 the

239 1348 141 33 Crown
412 1346 81 39 Inn,
533 1345 308 44 Weymouth-:--A
853 1345 71 43 pril
956 1345 57 37 IS,
1048 1343 143 45 Joseph
1226 1344 120 41 Dean,
1388 1343 156 44 Watling-

237 1398 129 37 street,
385 1393 269 45 linen-draper,
676 1397 40 28 at
735 1393 149 39 twelve,
909 1396 39 30 at
981 1391 385 34 Guildhall—March
1472 1390 71 33 Wil-

240 1441 93 35 liam
354 1442 206 38 Medhurst,
589 1440 104 40 Ross,
722 1439 299 40 Herefordshire,
1056 1439 206 39 innholder,
1291 1444 39 27 at
1359 1439 142 39 eleven,
1527 1443 41 27 at

244 1489 64 33 the
328 1491 106 32 Swan
458 1488 131 40 lintel,
622 1486 261 45 Ross—April
904 1487 35 39 8,
970 1486 168 33 William
1157 1486 164 40 Garrett,
1344 1485 223 41 Rood-lane,

239 1538 208 35 merchant,
471 1540 40 28 at
531 1540 74 34 ten,
635 1539 40 30 at
696 1533 360 45 Guildhall—April
1083 1532 63 43 25,
1180 1532 165 35 William
1374 1532 195 40 Marshall,

248 1583 436 45 Newark-upon-Trent,
704 1581 154 45 draper,
874 1586 39 28 at
931 1581 149 39 twelve,
1094 1586 40 27 at
1149 1580 209 40 Guildhall,
1375 1579 196 35 London--

244 1632 116 45 April
393 1633 32 40 1,
459 1631 105 34 John
605 1629 117 44 Bury,
755 1628 458 45 Clifton-upon-Teame.-
1250 1628 321 40 Worcestershire,

244 1680 172 41 butcher,
433 1683 41 30 at
493 1677 65 34 the
575 1676 223 45 Hop-Pole,
821 1676 219 33 Worcester.

565 1735 615 35 CERTIFICATES-111.Lnc',
1209 1735 58 35 18.

291 1795 102 35 John
415 1795 145 39 Lomas,
578 1804 74 24 sen.
684 1793 103 34 John
816 1794 142 37 Lomas,
969 1791 85 45 jun.
1071 1792 71 33 and
1162 1792 143 45 Joseph
1326 1791 247 35 Holdsworth

252 1844 145 40 Lomas,
420 1843 197 39 Leicester,
638 1840 431 46 woolstapters—James
1085 1839 176 43 Brading,
1280 1840 202 43 Newport,
1504 1839 72 34 Isle

253 1892 46 34 of
309 1891 142 43 Wight,
463 1889 340 45 carpenter—Geo.
823 1886 217 41 Stockwell,
1057 1887 130 40 Sheerne
1187 1887 18 40 ,
1205 1887 57 40 ,s,
1279 1886 285 34 boat-builder—

254 1938 144 45 :Joseph
452 1937 119 40 Hunt,
612 1936 219 43 Liverpool,
873 1933 250 34 haberdasher
1149 1933 70 34 and
1256 1935 320 43 hosier-4;corge

246 1984 188 41 Orchard,
470 1983 410 45 Copenhagen-House.
931 1982 193 44 Islington,
1166 1981 413 34 victualler—Richard

247 2033 198 40 Smithson,
463 2030 433 43 Kingston-upon-Hull,
911 2029 358 43 victualler—Mary
1289 2029 184 41 Watford,
1491 2028 69 34 Old-

248 2087 129 33 street,
390 2078 412 46 soap-boiler—James
827 2078 135 32 -Parke
994 2076 202 40 Harrison,
1217 2076 102 33 Saint
1343 2076 104 39 Bees,
1472 2076 83 33 Cum-

247 2127 168 34 berland.
432 2122 637 38 cotton-manufacturer—William
1090 2124 197 40 Edwards,
1307 2122 152 40 Bristol,
1478 2124 84 33 cord-

248 2173 364 34 wainer—William
630 2172 198 39 Atkinson,
863 2173 244 37 Mancheitcr,
1128 2170 454 34 shoe-dealer—William

252 2220 143 40 Bksiv,
415 2220 169 35 Richard
614 2220 150 44 Stoper,
790 2219 70 34 and
894 2219 154 34 Charles
1080 2217 141 43 Bissix,
1243 2218 154 43 Bristol,
1417 2219 144 41 vinegar-

250 2271 161 32 makers.

331 2382 378 43 DESTRUCTION
741 2382 67 39 OF
839 2380 358 40 DRMY-LANE
1225 2378 280 44 THEATRE.

302 2509 171 35 Without
498 2507 65 33 the
578 2511 91 30 most
693 2511 138 30 remote
848 2505 270 46 apprehension
1139 2504 44 34 of
1198 2503 283 44 conflagration,
1498 2502 87 39 and,

253 2559 110 43 being
380 2559 60 31 the
459 2555 105 44 night
596 2555 56 33 for
674 2554 64 32 the
765 2554 228 33 celebration
1022 2552 44 33 of
1085 2554 214 37 Oratorios,
1328 2558 39 26 at
1398 2550 61 34 the
1475 2554 111 30 exact

255 2608 92 32 time
372 2606 107 33 when
520 2613 46 24 no
612 2602 161 33 business
808 2611 74 22 was
920 2600 219 44 conducting
1178 2600 33 33 in
1256 2600 46 39 it,
1339 2598 247 43 Drury-Lane

255 2655 165 34 Theatre
441 2662 72 21 was
533 2648 211 35 discovered
762 2655 38 27 to
827 2648 46 33 be
898 2659 45 24 on
969 2648 81 40 fire,
1080 2657 86 22 soon
1183 2646 98 34 after
1298 2646 126 33 eleven
1441 2644 142 33 o'clock

255 2714 48 21 on
309 2699 22 44 -
332 2699 135 44 Friday
481 2698 118 45 night.
622 2696 51 33 Its
689 2706 171 35 progress
873 2706 71 24 was
958 2706 39 24 as
1007 2694 224 44 astonishing
1245 2704 39 25 as
1302 2694 44 33 its
1356 2694 122 32 effects
1493 2702 24 22 w
1527 2702 61 22 ere

255 2748 241 34 destructive.
1211 2748 2 34 .
1232 2781 8 1 _

467 2787 6 0 _
489 2787 4 0 .

308 2797 124 35 Itwas
450 2792 78 35 first
544 2791 177 37 observed
746 2797 39 27 at
806 2790 63 35 the
894 2790 66 34 end
986 2794 87 31 next
1094 2794 38 28 to
1152 2787 298 44 Bridges-street,
1467 2787 122 33 where

256 2854 25 25 a
296 2845 150 34 number
471 2841 45 35 of
535 2846 210 39 carpenters
771 2838 94 34 have
896 2841 117 41 lately
1044 2841 90 31 been
1161 2836 198 45 employed
1388 2836 33 32 in
1442 2835 148 40 making

257 2889 235 50 alteratiotis,
509 2889 69 34 and
607 2889 28 32 it
661 2888 65 32 has
754 2885 89 34 been
868 2885 233 46 conjectured
1116 2885 81 33 that
1214 2895 22 22 a
1259 2884 94 43 light
1380 2882 69 34 had
1465 2880 104 35 unfor-

256 2939 170 45 tunately
441 2939 92 32 been
550 2934 71 37 left
635 2934 106 35 there
757 2934 48 44 by
821 2934 61 33 the
900 2935 206 33 workmen.
1159 2931 77 33 Wit
1244 2931 59 33 hin
1315 2942 21 22 a
1351 2931 71 32 few
1439 2930 150 32 minutes

252 2983 103 38 after
369 2987 33 32 it
428 2993 80 26 was'
524 2983 76 33 first
618 2981 198 41 oh‘erved,
834 2982 70 34 the
917 2982 122 33 flames
1058 2983 97 31 burst
1183 2985 63 28 out
1267 2983 37 28 at
1325 2978 63 33 the
1407 2976 94 40 root,
1518 2975 71 34 and

255 3033 183 37 encircled
454 3032 65 35 the
531 3032 122 34 statue
669 3030 46 33 of
741 3030 152 45 Apollo.
948 3030 129 33 About
1091 3039 21 22 a
1131 3032 151 40 quarter
1302 3025 126 34 before
1442 3025 150 38 twelve,

256 3083 66 33 the
335 3081 136 39 statue,
472 3079 20 35 -
493 3079 63 35 and
576 3083 81 43 part
678 3076 45 34 of
742 3076 67 35 the
824 3076 85 35 ro6f
930 3087 46 22 on
997 3076 120 34 which
1131 3076 30 32 it
1180 3074 120 40 mood,
1322 3072 64 34 fell
1406 3073 34 32 in
1461 3071 89 34 with
1569 3081 25 21 a

248 3128 167 37 .terrible
441 3128 126 34 -crash.
619 3125 125 35 There
759 3117 2 47 •
772 3133 76 26 was
878 3135 25 25 a
921 3124 184 34 reservoir
1139 3122 44 34 of
1205 3128 119 28 water
1341 3131 45 21 on
1404 3120 63 33 the
1483 3117 107 41 roof;

257 3176 228 35 but-neither
502 3176 47 33 ks
566 3167 177 46 contents,
764 3182 69 24 nor
850 3172 47 33 all
914 3172 64 34 the
994 3171 146 43 engines
1154 3169 78 34 that
1246 3168 109 35 could
1367 3168 45 33 be
1423 3164 170 46 applied,

257 3223 189 47 produced
464 3233 77 35 any
556 3221 104 34 effect
676 3229 47 25 on
733 3219 65 34 the
816 3220 135 34 flames.
1003 3217 184 35 The-roof
1201 3216 66 34 fell
1296 3216 109 33 down
1423 3215 47 43 by
1487 3211 83 45 frag-

257 3278 131 37 ments,
402 3265 84 40 lind
511 3273 65 31 not
593 3268 60 34 alt
661 3273 43 28 at
712 3275 113 34 .once,
852 3278 40 25 as
917 3268 30 34 is
969 3275 167 27 common
1154 3265 35 34 in
1205 3263 182 44 buildings
1401 3260 193 45 destroyed

257 3324 53 45 by
325 3327 83 34 ire.

308 3384 80 34 The
407 3381 223 45 fiankes,first
661 3383 124 37 broke
817 3385 64 31 out
914 3381 34 33 in
976 3380 64 34 the
1067 3378 249 37 work-rooms
1342 3374 253 46 immediately

259 3441 92 26 over
369 3431 61 34 the
448 3432 169 44 Lounge,
640 3442 45 24 or
712 3432 64 34 the
809 3423 148 50 Cobby,
985 3422 123 40 where
1129 3426 61 33 the
1207 3425 191 35 •audienee
1433 3423 162 34 resorted

257 3480 65 33 for
343 3478 254 40 refreshment.
640 3478 259 45 Theengines,
913 3472 181 52 although
1114 3474 176 44 instantly.
1305 3471 164 40 sent.for,
1487 3469 107 37 could

257 3531 65 30 not
339 3526 191 39 reachske
540 3537 109 25 scene
667 3526 47 34 of
728 3516 234 44 destruction
980 3524 34 33 in
1033 3523 89 34 time
1154 3527 37 28 to
1222 3522 87 43 give
1337 3519 168 38 effectual
1539 3519 60 33 11.-

257 3575 171 34 sistance.
483 3575 38 34 It
543 3583 73 25 was
635 3573 130 45 nearly
798 3572 83 37 half
899 3576 83 40 past
1006 3570 128 35 eleven
1152 3568 130 35 before
1299 3568 91 43 they
1406 3565 109 37 could
1530 3565 45 33 ad-

257 3624 170 33 minister
439 3632 73 35 auy
531 3612 78 53 aid,
630 3622 74 33 and
724 3627 40 28 at
790 3620 86 35 that.
899 3618 131 47 period
1050 3617 63 35 the
1131 3617 168 34 violence
1328 3614 44 34 of
1393 3614 65 34 the
1472 3613 126 34 flames

260 3680 80 31 war
359 3670 236 38 irresistible.
644 3661 85 46 The
745 3667 240 39 utust.serious
998 3665 102 40 fews
1111 3674 100 28 wese
1224 3660 231 44 entertained
1473 3661 59 34 for
1543 3660 54 33 all

257 3718 65 41 jhe
341 3716 299 48 housgssitnated
659 3717 38 34 in
715 3715 294 46 Vinegar,-yard,
1033 3713 313 44 NVoiouru-court,
1461 3709 61 38 the
1532 3707 46 41 Ad-

252 3772 129 38 jacent
399 3774 188 41 pmsages.

317 3811 115 43 When
451 3811 61 38 the
526 3811 73 40 Are
628 3822 74 33 was
750 3815 48 32 rst
811 3807 213 41 discovered
1046 3809 35 35 in
1101 3807 63 43 the
1181 3806 155 40 Interior
1364 3803 46 39 of
1421 3803 66 40 the
1494 3802 107 41 The,

255 3869 104 40 *re,.
376 3861 148 39 several
552 3865 180 41 attempts
755 3856 97 40 Were
873 3856 106 35 made
997 3862 38 30 to
1052 3848 213 56 extiuguisb
1281 3854 30 47 At
1311 3854 15 47 .
1326 3854 31 47 v.
1368 3854 69 38 bat
1468 3853 28 33 it
1514 3852 86 38 .bad

256 3908 229 45 completely
506 3908 187 34 identified
723 3904 105 39 itself
850 3905 90 34 with
957 3904 65 35 the
1043 3902 124 43 wood,
1191 3902 77 34 and
1283 3901 37 34 in
1333 3902 72 38 Jess
1423 3899 90 39 than
1526 3899 74 35 five

256 3956 157 47 ip,inuos
428 3956 102 39 after
548 3953 393 43 the,entraoce.of-btr.
956 3951 204 43 Johmtoa,
1185 3951 63 39 the
1257 3947 222 43 Alachinist,
1499 3944 102 45 who;

257 4002 164 47 ge.sidipi
441 4004 102 39 close
570 4011 39 30 to
630 4006 63 38 the
707 4005 20 41 ,I
754 4004 104 44 Ouse,
887 4011 73 33 was
974 4009 69 26 one
1059 3998 46 47 of
1131 3999 63 35 the
1212 3998 77 38 first
1299 3997 91 38 Mutt
1410 3994 191 43 witgeged

257 4050 67 47 ate
359 4061 170 38 progress
541 4042 4 57 .
557 4045 43 46 a
620 4051 70 40 the.
702 4051 150 47 41,Nnes.
878 4046 65 43 the
976 4042 139 53 09,zp0,.
1135 4048 74 45 pit,
1341 4050 119 43 stage,
1504 4051 98 34 'Legg

257 4098 266 56 Rygredxich
533 4098 162 48 ,fircanfi

477 4144 216 59 o.ivivoiwa
791 4144 474 59 14.rmilffem.--kgrAft-
1292 4139 119 57 1444.•
1422 4136 180 56 :44410

3257 4038 20 39 a

302 2509 171 35 Without
498 2507 65 33 the
578 2511 91 30 most
693 2511 138 30 remote
848 2505 270 46 apprehension
1139 2504 44 34 of
1198 2503 283 44 conflagration,
1498 2502 87 39 and,
1622 2492 6 54 I
1651 2507 119 33 which
1792 2507 63 32 the
1883 2506 128 33 House
2028 2505 70 33 had
2122 2507 90 32 been

2233 2504 81 44 ,just
2339 2502 177 34 informed
2539 2503 67 31 hall
2628 2502 158 32 befallen
2812 2512 19 19 a
2859 2502 113 41 Right

253 2559 110 43 being
380 2559 60 31 the
459 2555 105 44 night
596 2555 56 33 for
674 2554 64 32 the
765 2554 228 33 celebration
1022 2552 44 33 of
1085 2554 214 37 Oratorios,
1328 2558 39 26 at
1398 2550 61 34 the
1475 2554 111 30 exact
1623 2552 7 17 '
1652 2555 97 33 Hon.
1770 2554 107 34 Gent.
1894 2554 99 43 (Mr.
2013 2552 198 43 Sheridan)
2228 2554 60 32 for
2308 2550 120 34 whom
2443 2559 110 22 every
2568 2559 70 21 one
2657 2558 85 21 oni-t
2759 2546 86 33 feel.

0 2593 2 51 .
26 2611 8 13 ~
255 2608 92 32 time
372 2606 107 33 when
520 2613 46 24 no
612 2602 161 33 business
808 2611 74 22 was
920 2600 219 44 conducting
1178 2600 33 33 in
1256 2600 46 39 it,
1339 2598 247 43 Drury-Lane
1698 2602 72 32 lir.
1791 2601 178 33 Sheridan
1985 2602 34 31 in
2037 2611 24 21 a
2086 2601 73 32 low
2193 2607 83 26 tone
2288 2598 44 33 of
2346 2598 122 38 voice,
2491 2598 67 33 and
2594 2608 38 19 ev
2644 2596 109 32 Heat!
2765 2608 12 18 1
2803 2595 104 32 auxli
2921 2593 58 34 af-

3266 2593 8 72 I.

0 2630 19 59 1.-
19 2630 6 59 ,
25 2630 13 59 i.
255 2655 165 34 Theatre
441 2662 72 21 was
533 2648 211 35 discovered
762 2655 38 27 to
827 2648 46 33 be
898 2659 45 24 on
969 2648 81 40 fire,
1080 2657 86 22 soon
1183 2646 98 34 after
1298 2646 126 33 eleven
1441 2644 142 33 o'clock
1650 2647 133 38 feeted,
1799 2649 19 32 s
1818 2649 59 32 aid
1899 2649 22 31 h
1922 2649 22 31 e
1957 2648 61 33 did
2037 2654 59 26 nut
2109 2648 106 33 think
2236 2647 41 32 th
2277 2647 21 32 e
2314 2644 21 34 m
2335 2644 21 34 i
2356 2644 21 34 s
2378 2644 21 34 f
2399 2644 21 34 o
2420 2644 106 34 rtune
2546 2654 27 20 w
2585 2644 70 32 ',Jel
2655 2644 14 32 l
2688 2644 22 31 h
2711 2644 22 31 a
2733 2644 22 31 d
2779 2642 24 44 h
2803 2642 24 44 a
2826 2642 47 44 pp
2874 2642 24 44 e
2897 2642 24 44 n
2921 2642 25 44 e
2946 2642 25 44 d

0 2668 1635 161 4
1635 2668 1636 161 ,

255 2714 48 21 on
309 2699 22 44 -
332 2699 135 44 Friday
481 2698 118 45 night.
622 2696 51 33 Its
689 2706 171 35 progress
873 2706 71 24 was
958 2706 39 24 as
1007 2694 224 44 astonishing
1245 2704 39 25 as
1302 2694 44 33 its
1356 2694 122 32 effects
1493 2702 24 22 n
1527 2702 61 22 ere
1652 2702 38 27 to
1709 2694 146 35 himself
1870 2706 73 22 was
1961 2695 44 33 of
2017 2706 21 21 a
2056 2705 136 35 proper
2212 2701 126 26 nature
2354 2699 37 25 to
2411 2692 180 44 interrupt
2607 2692 60 31 the
2685 2691 241 44 proetenints
2939 2682 34 39 of
2973 2682 18 39 .

255 2748 241 35 destructive.
1652 2745 60 32 the
1739 2735 137 41 !louse.
1929 2743 92 33 This
2048 2743 190 33 sentiment
2272 2752 73 22 was
2366 2740 90 33 with
2486 2739 178 43 ditliculty
2692 2737 215 45 acquiesced
2937 2737 40 33 in

298 2797 45 35 It
343 2797 22 35 .
365 2797 67 35 was
450 2792 78 35 first
544 2791 177 37 observed
746 2797 39 27 at
806 2790 63 35 the
894 2790 66 34 end
986 2794 87 31 next
1094 2794 38 28 to
1152 2787 298 44 Bridges-street,
1467 2787 122 33 where
1628 2791 22 58 l
1650 2791 69 58 and
1739 2792 61 32 the
1812 2791 133 33 debate
1961 2790 221 44 proceeded.

3253 2828 2 5 .
3285 2828 2 5 .

256 2854 25 25 a
296 2845 150 34 number
471 2841 45 35 of
535 2846 210 39 carpenters
771 2838 94 34 have
896 2841 117 41 lately
1044 2841 90 31 been
1161 2836 198 45 employed
1388 2836 33 32 in
1442 2835 148 40 making
1702 2839 67 33 We
1796 2837 137 44 rejoice
1955 2846 35 25 to
2009 2844 92 26 state
2120 2838 81 32 that
2222 2835 63 33 the
2301 2835 66 33 fire
2383 2833 180 35 extended
2585 2844 44 22 no
2650 2832 142 34 further
2809 2832 86 32 than
2915 2832 67 32 the

257 2889 235 43 alterations,
509 2889 69 34 and
607 2889 28 32 it
661 2888 65 32 has
754 2885 89 34 been
868 2885 233 46 conjectured
1116 2885 81 33 that
1214 2895 22 22 a
1259 2884 94 43 light
1380 2882 69 34 had
1465 2880 124 35 ardor-
1652 2885 96 33 ruins
1765 2885 43 33 of
1820 2888 64 31 the
1909 2885 178 39 Theatre,
2108 2885 90 33 with
2220 2885 61 31 the
2298 2883 201 43 exception
2518 2880 41 33 of
2580 2891 102 22 :-lIIIIC
2696 2881 109 38 slight
2824 2881 155 37 damage

67 2903 1612 1139 ~.1
1680 2903 537 1139 ,
2217 2903 1075 1139 .,

76 2926 2 57 1
256 2939 170 44 turitely
441 2939 92 32 been
550 2934 71 37 left
635 2934 106 35 there
757 2934 22 32 b
783 2944 22 33 y
821 2934 61 33 the
900 2935 206 33 workmen.
1159 2931 122 33 Withi
1283 2942 20 22 n
1315 2942 21 22 a
1351 2931 71 32 few
1439 2930 150 32 minutes
1651 2935 93 32 done
1772 2939 37 28 to
1844 2934 71 32 Mr.
1945 2931 152 35 Beath's
2125 2943 67 24 oys
2196 2930 137 34 ter-sho
2339 2941 37 33 p,
2401 2930 70 32 and
2494 2927 182 35 Nathan's
2695 2926 216 44 fruit-shop,
2939 2926 39 34 in

252 2983 103 38 after
369 2987 33 32 it
428 2993 80 26 was'
524 2983 76 33 first
618 2981 198 41 observed,
834 2982 70 34 the
917 2982 122 33 flames
1058 2983 97 31 burst
1183 2985 63 28 out
1267 2983 37 28 at
1325 2978 63 33 the
1407 2976 94 40 roof,
1518 2975 71 34 and
1654 2981 295 44 Vinegar-yard,
1967 2980 120 33 which
2109 2991 76 22 was
2203 2978 85 34 ocea
2288 2978 21 34 ,
2309 2978 107 34 ioned
2437 2978 46 44 by
2503 2976 59 33 the
2580 2975 133 41 falling
2728 2974 44 35 of
2792 2973 65 34 the
2876 2974 326 64 walls.
3202 2974 56 64 i
3270 2974 8 57 '
3279 2974 9 57 .

255 3033 183 43 encircled
454 3032 65 35 the
531 3032 122 34 statue
669 3030 46 33 of
741 3030 152 45 Apollo.
948 3030 129 33 About
1091 3039 21 22 a
1131 3032 151 40 quarter
1302 3025 126 34 before
1442 3025 150 38 twelve,
1652 3027 44 34 of
1704 3030 61 32 the
1781 3030 163 32 Theatre
1963 3030 35 31 in
2026 3027 77 33 that
2122 3027 196 33 direction.
2373 3027 105 30 Some
2503 3021 44 35 of
2569 3024 61 31 the
2653 3022 126 33 houses
2797 3021 185 44 partially

256 3083 66 33 the
335 3081 142 39 statue;
576 3083 81 43 part
678 3076 45 34 of
742 3076 67 35 the
824 3076 85 35 ro6f
930 3087 46 22 on
997 3076 120 34 which
1131 3076 30 32 it
1180 3074 120 40 stood,
1322 3072 64 34 fell
1406 3073 34 32 in
1461 3071 89 34 with
1569 3081 25 21 a
1652 3085 91 35 caug
1747 3076 39 33 ht
1801 3076 64 33 fire
1885 3076 35 34 in
1942 3076 272 35 Russel-street.
2233 3076 61 31 but
2313 3072 61 33 the
2391 3071 143 44 engines
2555 3070 90 32 with
2659 3081 22 20 a
2704 3069 172 45 plentiful
2896 3079 89 34 sup-

248 3128 167 37 .terrible
441 3128 126 34 -crash.
619 3125 125 35 There
759 3117 2 50 •
772 3133 76 26 was
878 3135 25 25 a
921 3124 184 34 reservoir
1139 3122 44 34 of
1205 3128 119 28 water
1341 3131 45 21 on
1404 3120 63 33 the
1483 3117 107 41 roof;
1656 3124 63 43 ply
1731 3123 46 34 of
1791 3129 130 34 water,
1939 3120 193 37 continued
2165 3128 37 26 to
2232 3120 87 44 play
2340 3130 44 24 on
2404 3119 63 32 the
2493 3118 126 32 houses
2636 3118 217 39 contiguous
2868 3124 38 26 to
2920 3118 65 37 the

257 3176 228 35 butneither
502 3176 47 33 its
566 3178 177 34 contents,
764 3182 69 24 nor
850 3172 47 33 all
914 3172 64 34 the
994 3171 146 43 engines
1154 3169 78 34 that
1246 3168 109 35 could
1367 3168 45 33 be
1423 3164 171 46 applied,
1657 3170 172 35 Theatre.
1883 3169 84 34 The
1987 3169 103 33 walls
2106 3169 33 32 in
2154 3178 112 22 every
2282 3172 149 39 quarter
2448 3165 93 33 have
2561 3165 91 33 been
2670 3175 124 26 (teem
2804 3164 184 43 helemed,

257 3223 189 47 produced
464 3233 77 35 any
556 3221 104 34 effect
676 3229 47 25 on
733 3219 65 34 the
816 3220 135 34 flames.
1003 3217 184 35 Theroof
1201 3216 66 34 fell
1296 3216 109 33 down
1423 3215 47 43 by
1487 3211 103 45 frag-
1657 3219 91 33 with
1768 3217 61 34 the
1846 3217 202 44 exception
2078 3216 41 33 of
2141 3215 103 33 those
2277 3214 234 43 coustituting
2528 3211 60 33 the
2617 3219 79 26 east
2722 3211 81 40 end,
2825 3211 167 33 toward*

257 3278 131 37 menus,
402 3265 84 40 lind
511 3273 65 31 not
593 3268 233 41 altat.once,
852 3278 40 25 as
917 3268 30 34 is
969 3275 167 27 common
1154 3265 35 34 in
1205 3263 182 44 buildings
1401 3260 194 45 destroyed
1657 3266 246 44 Drury-lane.
1957 3266 38 32 It
2021 3268 96 28 turns
2135 3269 64 27 out
2217 3262 81 33 that
2317 3261 58 34 the
2392 3260 131 34 edifice
2539 3270 77 21 was
2631 3260 144 32 en-elect
2794 3270 45 20 on
2856 3260 137 33 timber

257 3324 53 47 by
325 3327 83 34 ire.
1657 3314 111 43 piers,
1786 3313 107 35 cased
1916 3311 91 34 with
2022 3318 116 28 stone.
2192 3309 80 34 The
2285 3309 222 33 destructiou
2523 3306 44 37 of
2593 3307 61 33 the
2679 3309 120 31 whole
2819 3307 171 45 building

308 3384 80 34 The
407 3381 223 45 flankasArst
661 3383 124 37 broke
817 3385 64 31 out
914 3381 34 33 in
976 3380 64 34 the
1067 3378 249 37 work-rooms
1342 3374 253 46 immediately
1657 3364 28 32 is
1704 3361 41 38 of
1767 3370 126 26 course
1910 3359 119 44 easily
2046 3357 200 35 accounted
2265 3356 72 34 fur.
3347 3356 2 71 •
3398 3356 4 71 '

3390 3381 17 22 •,

259 3441 92 26 over
369 3431 61 34 the
448 3432 169 44 Lounge,
640 3442 45 24 or
712 3432 64 34 the
809 3423 148 50 Lobby,
985 3422 123 40 where
1129 3426 61 33 the
1207 3425 191 35 •andienee
1433 3423 162 34 resorted
1706 3410 35 33 It
1754 3407 30 34 is
1804 3407 202 46 positively
2022 3406 135 40 stated,
2177 3405 78 32 that
2270 3405 61 32 the
2347 3402 207 34 natchinan
2569 3402 43 33 of
2628 3403 63 32 the
2704 3402 181 41 Theatre,
2896 3402 99 34 after

1655 3456 110 45 going
1783 3456 54 34 his
1854 3454 132 35 rounds
2011 3458 40 28 at
2065 3454 81 32 nine
2172 3451 167 41 o'clock,
2370 3452 226 34 atmounced,
2635 3451 34 31 in
2688 3451 60 31 the
2770 3452 100 32 u-nat
2896 3459 100 34 way,

257 3480 65 33 for
343 3472 254 46 refreihment.
640 3480 83 34 The
738 3489 45 22 en
785 3489 22 34 g
811 3478 72 33 ines
888 3501 11 18 ,
917 3472 177 46 although
1114 3474 176 44 instantly.
1305 3480 74 27 sent
1389 3471 80 40 for,
1487 3469 107 37 could

257 3531 65 30 not
339 3526 113 35 reach.
462 3526 69 39 the
540 3537 109 25 scene
667 3526 47 34 of
726 3516 35 44 .-
762 3516 200 44 destruction
980 3524 34 33 in
1033 3516 89 41 time
1154 3527 37 28 to
1222 3522 87 43 give
1337 3519 168 38 effectual
1539 3519 60 33 IP-
1658 3506 80 33 that
1754 3504 51 33 all
1830 3513 73 25 was
1924 3501 102 35 well.
2076 3500 80 34 The
2177 3498 196 35 Insurance
2393 3498 130 33 Offices
2539 3498 78 33 will
2641 3498 43 31 he
2704 3507 85 34 very
2812 3498 184 39 cow:4er-
3252 3480 9 53 I

257 3575 171 34 sistance.
483 3575 38 34 It
543 3583 73 25 was
635 3573 130 45 nearly
798 3572 83 37 half
899 3576 83 40 past
1006 3570 128 35 eleven
1152 3568 130 35 before
1299 3568 91 43 they
1406 3565 109 37 could
1530 3565 67 33 ad-
1657 3552 86 35 able
1757 3552 184 33 sufferers.
1995 3549 44 34 In
2057 3556 248 34 consequence
2323 3544 41 34 of
2378 3547 61 31 the
2459 3546 74 32 late
2551 3546 69 32 tire
2639 3552 35 25 :.;
2700 3544 300 44 (~win-garden

1659 3598 177 44 Theatre,
1864 3596 28 34 it
1912 3606 73 25 was
2003 3595 148 34 deemed
2180 3595 156 43 prudent
2362 3599 37 28 to
2418 3593 149 43 enlarge
2588 3593 64 32 the
2672 3592 189 35 instironce
2880 3592 43 34 of
2939 3593 61 33 the

257 3624 170 33 minister
439 3615 73 52 any
531 3612 78 53 aid,
630 3622 74 33 and
724 3627 40 28 at
790 3620 86 35 that.
899 3618 131 47 period
1050 3617 63 35 the
1131 3617 168 34 violence
1328 3614 44 34 of
1393 3614 65 34 the
1472 3613 126 34 flames

260 3680 80 37 w.as
359 3670 236 45 itzesistibfre.
644 3661 85 46 The
745 3667 240 40 tnast.serious
998 3665 102 40 fears
1111 3674 100 28 were
1224 3660 231 44 eoter.tatafd
1473 3661 59 34 for
1543 3660 54 33 all
1663 3647 228 45 Drury-lane
1926 3647 190 41 property.
2172 3643 81 33 The
2287 3641 120 33 whole
2439 3639 43 34 of
2510 3641 65 33 the
2611 3640 203 32 insurances
2846 3640 155 35 etrecteCi
3274 3653 11 9 ~

257 3718 65 41 Ate
341 3716 299 41 house.ssituAted
659 3717 38 34 in
715 3715 294 46 Vinegar-yard,
1033 3713 278 43 Woburn-court
1311 3717 18 39 .
1329 3717 18 39 ,
1364 3707 85 41 .and
1461 3709 61 38 the
1532 3707 69 41 ad-
1658 3700 164 30 amounts
1841 3702 38 26 to
1897 3696 118 32 about
2037 3689 167 41 10,0001.
2263 3689 37 33 It
2327 3689 32 33 is•
2378 3694 64 26 not
2460 3687 100 43 quite
2580 3698 21 22 a
2621 3694 123 26 finnan
2766 3689 97 32 since
2881 3700 46 20 an
2948 3689 54 32 in-
3256 3673 28 41 •I.

1659 3752 151 25 surance
1830 3739 67 37 for
1919 3739 115 40 10,00
2034 3739 46 40 W.
2104 3746 74 25 was
2192 3735 150 35 refused
2365 3735 47 45 by
2435 3735 70 33 the.
2517 3736 30 32 A
2557 3737 102 31 Ibion
2687 3735 69 32 and
2784 3736 64 32 the
2881 3735 24 32 (
2904 3736 104 35 ilobe

252 3772 129 39 peent
399 3774 188 41 passages.
2676 3783 9 5 ..

317 3811 115 40 When
451 3811 61 38 the
526 3811 73 40 Are
628 3822 74 27 was
716 3811 83 41 ffirst
811 3807 213 41 discovered
1046 3809 35 35 in
1101 3807 63 43 the
1181 3806 155 40 Interior
1364 3803 46 39 of
1421 3802 78 41 the
1499 3802 104 41 The,
1664 3793 34 34 O
1701 3791 22 33 ff
1724 3793 85 33 ices.
1864 3789 58 34 No
1950 3788 71 33 fire
2054 3785 63 34 has
2144 3784 178 35 oceurred
2359 3783 58 34 fur
2445 3782 63 32 the
2541 3783 71 33 last
2642 3782 83 44 fitty
2757 3794 110 33 years
2889 3784 34 32 in
2943 3783 61 41 the
3273 3782 5 71 ,

255 3863 104 46 *tre,
376 3861 148 39 several
552 3865 180 41 attempts
755 3867 97 30 were
873 3856 106 35 made
997 3862 38 30 to
1052 3848 213 54 extinguish
1281 3854 34 45 it
1329 3866 28 30 t..
1368 3854 69 38 bat
1468 3853 28 33 it
1514 3852 86 38 .bad
1664 3836 233 46 metropolis,
1915 3835 84 34 that
2015 3831 63 35 has
2096 3834 92 32 been
2205 3831 174 34 attended
2401 3830 91 33 with
2511 3834 86 28 soch
2619 3840 67 34 rap
2696 3831 39 32 id.
2748 3831 69 31 and
2841 3831 163 43 ;leeisivp

256 3908 229 45 completely
506 3908 187 34 identified
723 3904 105 39 itself
850 3905 90 34 with
957 3904 65 35 the
1043 3902 124 43 wood,
1191 3902 77 34 and
1283 3901 37 34 in
1333 3902 72 38 Jess
1423 3899 90 39 thaw
1526 3899 74 35 five
1662 3885 240 37 destruction.
1935 3882 59 33 .It
2011 3881 30 33 is
2057 3881 69 32 due
2143 3886 39 37 to
2202 3879 64 35 the
2285 3878 189 34 exertions
2491 3878 46 32 of
2552 3878 61 32 the
2634 3878 148 32 firemen
2803 3878 201 44 belonging
3274 3857 17 50 1:

1663 3941 35 27 to
1713 3935 61 33 the
1792 3931 169 39 different
1976 3927 144 40 Offices,
2148 3933 38 28 to
2204 3927 169 39 observe,
2388 3930 81 30 that
2492 3925 85 45 they
2602 3925 155 34 worked
2776 3925 64 33 the
2859 3926 150 40 engines

428 3956 102 39 after
548 3957 61 37 the
618 3961 178 33 eutrance
807 3953 45 40 of
857 3954 84 37 -btr.
956 3951 204 43 JohltsteD,
1185 3951 63 39 the
1257 3947 222 43 Alachinist,
1499 3944 102 45 who,

257 4002 164 47 gesidipg
441 4004 102 39 close
570 4011 39 30 to
630 4006 65 38 the.
707 4004 150 44 „WALK,
885 4011 76 33 was
974 4009 69 33 one
1059 3998 46 47 of
1131 3999 63 35 the
1212 3998 77 38 first
1299 3997 91 38 Abat
1410 3994 191 43 wittlePOO
1662 3981 93 35 with
1770 3971 4 78 •
1791 3981 178 33 incessant
2000 3977 133 33 labour
2150 3974 86 34 .and
2269 3979 107 38 great
2398 3972 243 46 judgment..
2663 3973 61 33 All
2757 3971 99 37 their
2884 3973 128 34 Worts

257 4050 80 47 the,
359 4061 170 38 progress
541 4045 59 46 .of
620 4051 70 43 the.
702 4051 150 41 *tines.
878 4046 65 43 the
976 4042 139 52 boxes,.
1135 4048 74 45 pit,
1232 4044 93 48 KO.
1341 4050 119 43 stage,
1504 4051 98 35 mete
1664 4038 111 32 were,
1804 4028 190 39 however,
2023 4025 33 32 in
2076 4024 110 40 vain;
2212 4020 71 35 and
2300 4023 28 32 it
2344 4031 74 25 was
2437 4018 111 40 found
2565 4020 138 43 totally
2724 4020 197 46 intlio,sii.44l
2973 4028 40 27 to

3257 4048 20 30 .i

1422 4084 6 7 .
1620 4098 6 24 i
1662 4085 171 38 preserve
1844 4085 26 22 a
1893 4072 118 45 single
2028 4072 141 43 vestige
2181 4070 44 35 of
2233 4069 65 35 the
2317 4069 162 40 interior.
2486 4067 44 35 of
2544 4068 63 34 the
2628 4069 109 40 !onuse
2741 4090 9 9 s
2807 4067 98 39 Tte,
2916 4068 97 39 amt.

257 4098 158 56 frered
423 4102 24 40 .W
446 4102 13 40 .
467 4100 57 45 ith
533 4098 77 48 fire
615 4098 79 47 .441
706 4098 152 48 ,mAkc.

305 4144 57 52 0
389 4146 65 48 thy
477 4144 216 59 0.151009,0
717 4144 57 58 41
791 4144 275 59 .1#4,4*(4,
1080 4144 185 54 -PAW*
1283 4139 15 56 .
1298 4139 48 56 111
1346 4139 15 56 ,
1362 4139 50 56 44-
1422 4137 148 54 ..i.ftrian
1583 4148 19 33 A

1485 4113 5 52 •
1573 4136 9 14 ,
1620 4122 7 30 I
1662 4126 117 35 Wilde
1793 4120 206 38 assembled
2015 4129 48 35 pa
2075 4116 69 38 -the
2165 4115 398 43 PCClNiaD.Bl2loapiad.
2583 4113 193 45 Watie#St
2776 4113 24 45 -
2799 4113 217 45 a(buadret

2272 4152 566 6 .
2839 4152 1 6 •

40 4307 35 43 .4'
2941 4306 4 44 .

219 56 155 56 FEB.
415 52 85 50 26.

3248 81 5 30 1
3253 81 6 30 .
3259 81 6 30 •

3244 184 5 14 I
3293 184 5 14 '

3189 0 176 262 111

3116 0 295 43 ----n

3249 397 5 33 1
3291 407 6 22 I

3276 493 5 13 •
3292 493 4 13 I

3292 510 5 9 .

3252 530 5 21 .
3285 530 5 21 .

3248 566 30 50 X
3294 566 2 50 '

3226 919 11 66 I

3407 1020 4 14 I

3236 633 69 822 11

3396 1349 15 14 ..'

3394 1368 7 8 .
3409 1365 2 12 1
