3448 4441
1067 115 150 73 ThE
1253 133 379 52 NATIONAL
1667 124 385 60 REGISTER.

185 282 74 34 bad
279 285 90 33 been
387 283 433 47 keptiasuspensesome
842 283 104 39 time,
960 283 67 33 and
1049 283 44 33 he
1110 283 144 33 desired
1274 289 39 26 to
1328 281 200 34 withdraw

193 330 56 34 his
267 333 176 31 security.
501 332 31 32 It
555 341 74 24 was
656 341 99 34 upon
776 332 53 32 his
861 331 135 40 having
1015 332 104 39 made
1137 331 76 33 this
1247 330 133 33 known
1401 335 38 26 to
1463 328 64 33 the

193 381 157 43 parties,
379 369 80 45 that
472 379 111 44 Capt.
604 378 146 34 Sandon
775 377 70 35 had
866 380 170 33 received
1058 379 80 33 that
1152 383 103 35 note,
1281 377 124 33 which
1423 377 30 33 is
1470 376 61 33 th?

193 433 86 26 note
296 436 80 22 now
400 426 34 33 in
454 426 185 45 question,
669 426 123 33 which
809 426 292 34 communicated
1121 432 38 27 to
1191 426 74 33 him
1294 428 78 32 that
1394 424 64 33 the
1475 433 40 24 ne-

194 472 190 46 gociatio.i
407 484 74 22 was
498 480 64 27 not
578 475 112 43 going
707 484 59 24 on.
816 472 56 34 Ile
888 475 86 33 then
986 474 149 34 sheaved
1152 485 21 20 a
1188 472 128 34 second
1333 480 100 26 note.
1452 482 61 30 say-

197 521 61 43 ing
274 527 80 26 that
378 522 64 32 the.
470 521 211 44 promotion
715 522 123 32 would
855 533 48 32 go
921 531 60 28 on,
1007 522 72 34 and
1108 521 208 33 mentioned
1336 521 59 31 the
1414 519 73 44 (lay
1508 522 25 30 it

194 568 129 33 -would
348 568 47 33 be
422 569 188 41 gazetted.
664 569 63 33 He
746 569 83 33 then
857 569 119 33 stated
1009 575 39 25 to
1078 579 54 25 me
1152 568 78 33 that
1251 568 89 33 Goth
1359 568 61 32 thp
1436 570 73 31 note
1522 576 15 21 s

197 625 103 25 were
330 617 33 32 in
383 617 57 32 his
457 617 219 44 possession,
702 617 71 34 and
788 617 178 33 observed
993 617 81 33 that
1088 617 61 32 the
1170 615 125 33 whole
1310 614 45 34 of
1369 614 61 32 the
1452 624 64 34 par-

198 663 70 33 ties
291 663 71 33 had
398 664 90 33 been
506 663 196 41 deceived,
728 663 70 34 and
826 665 81 35 that
940 664 43 32 he
1004 664 70 33 had
1097 665 92 32 been
1225 661 163 46 imposed
1417 673 120 33 upon;

198 710 80 34 that
305 711 63 32 the
384 712 143 33 certain
543 711 177 35 influence
745 712 48 43 by
819 711 123 34 which
956 711 59 33 the
1028 712 280 43 appointments
1324 720 99 24 were
1439 715 38 27 to
1495 710 45 31 he

198 758 132 43 gained
363 758 71 34 had
454 769 45 22 no
519 757 235 41 foundation,
780 759 70 33 and
870 759 28 33 it
921 770 72 22 was
1011 767 64 26 not
1106 759 91 32 until
1231 758 142 34 several
1391 767 94 25 sums
1504 755 43 33 of

198 815 132 32 stoney
348 806 71 33 had
441 806 91 35 been
553 806 85 44 paid
658 806 83 34 that
761 806 59 33 the
835 806 120 34 deceit
971 817 72 24 was
1061 806 234 34 discovered.

252 852 90 34 Mts.
356 854 138 34 Clarke
511 854 197 34 examiued
732 855 47 41 by
811 854 63 32 the
896 854 91 33 CITA
1002 865 19 25 N
1032 865 132 24 CELL()
1176 865 20 22 ft
1220 853 44 33 of
1285 854 60 33 the
1367 853 124 34 Excit
1504 860 41 24 r.-

201 901 221 38 QUER—Q.
462 900 103 35 Look
605 907 40 27 at
681 900 80 35 that
798 911 118 34 paper
952 902 35 33 in
1018 914 15 30 d
1045 909 67 26 our
1149 900 110 40 hand,
1287 902 69 33 and
1389 900 63 33 tell
1491 909 53 22 e.e

198 946 38 35 if
250 958 72 32 you
343 948 94 33 have
461 958 81 24 seen
560 959 19 22 a
602 956 84 26 note
710 954 37 27 to
772 948 76 33 that
865 948 106 33 effect
1004 950 92 32 front
1116 948 56 33 hi.,
1196 948 118 43 Royal
1336 945 207 41 !le.thoess?

203 996 48 33 A.
278 994 18 38 I
315 994 102 34 don't
438 996 171 34 recollect
635 1007 72 32 any
742 996 102 38 thing
867 997 116 33 about
1004 997 43 33 it.
1104 997 34 33 It
1159 996 30 32 is
1208 1007 89 33 very
1317 996 181 45 pi-nimble
1527 993 15 33 I

200 1043 136 43 might,
354 1042 69 34 and
445 1043 27 32 it
493 1044 27 32 is
534 1054 85 32 very
635 1043 185 44 probable
839 1044 12 31 I
867 1043 117 43 might
1003 1049 77 30 not.
1135 1043 17 34 1
1175 1044 94 34 have
1289 1045 89 32 been
1393 1042 156 38 looking

203 1100 91 24 over
312 1090 100 33 what
431 1090 123 34 letters
591 1090 17 34 I
640 1090 111 39 have,
780 1091 119 33 which
922 1090 44 33 he
983 1100 77 25 sent
1080 1102 53 24 me
1153 1102 46 22 on
1225 1091 77 33 that
1320 1093 90 40 day,
1428 1089 69 34 and
1530 1088 14 33 I

198 1136 104 35 can't
320 1137 72 33 find
420 1137 59 33 the
511 1139 123 32 letters
661 1148 73 32 you
768 1140 174 32 mention.
997 1140 13 32 I
1035 1140 110 32 know
1169 1139 46 33 he
1234 1146 118 26 wrete
1368 1147 69 24 one
1457 1137 91 33 hia.-

202 1183 86 39 self,
306 1185 70 33 and
397 1183 61 34 the
475 1185 122 39 other,
632 1183 125 34 which
780 1196 74 21 was
879 1186 146 33 written
1043 1188 48 35 by
1114 1187 73 33 Mr.
1206 1183 247 38 Greenwood,
1474 1195 74 22 was

206 1231 137 45 coried
359 1233 48 43 by
429 1231 90 41 him,
537 1233 66 32 and
626 1232 86 33 then
728 1239 73 26 sent
819 1240 38 25 to
870 1244 71 25 me.
973 1234 37 33 It
1028 1245 73 24 was
1111 1245 21 22 a
1146 1244 13 22 S
1167 1234 83 33 hort
1265 1244 67 24 one
1351 1233 15 33 I
1380 1243 52 24 ref
1444 1233 104 31 eived

206 1279 38 33 in
265 1279 59 34 the
352 1279 180 41 morning,
555 1279 70 33 and
652 1289 24 24 a
706 1280 86 40 long
809 1291 69 21 one
902 1281 33 33 in
963 1281 60 33 the
1049 1281 172 40 evening,
1241 1281 146 33 written
1406 1281 47 40 by
1475 1280 72 35 Mr.

206 1325 248 39 Greenwood,
485 1326 119 33 which
635 1326 57 33 his
729 1328 123 43 Royal
889 1328 180 43 Highness
1095 1335 78 26 sent
1199 1335 39 27 to
1265 1339 56 22 the
1354 1328 139 33 instead
1512 1328 44 32 or

202 1374 146 45 coining
380 1380 37 26 to
443 1372 138 34 dinner.
635 1374 85 34 The
738 1375 109 33 letter
886 1375 14 33 I
933 1377 169 33 received
1126 1387 74 22 was
1230 1384 60 25 not
1309 1376 34 33 in
1364 1374 53 34 his
1435 1374 90 33 hand-

203 1420 167 38 writiwz,
407 1421 61 31 but
489 1421 33 32 in
549 1421 89 37 that.
659 1421 45 33 of
730 1422 76 33 Mr.
822 1423 249 37 Greenwood,
1101 1424 70 33 and
1193 1424 61 32 the
1278 1423 109 34 Duke
1417 1422 133 41 having

203 1469 135 41 copied
365 1468 27 31 it
417 1474 76 26 sent
513 1467 26 33 it
559 1469 171 38 me.—Q.
757 1469 74 34 Did
859 1481 76 33 yon
952 1481 87 28 ever
1058 1472 110 33 know
1193 1472 89 33 Mrs.
1305 1470 177 33 Favorite
1502 1470 41 41 by

203 1525 71 32 any
294 1517 110 32 other
422 1525 104 22 name
543 1515 85 33 than
648 1517 203 33 Favorite?
887 1519 46 32 A.
951 1519 136 33 Never.
1133 1519 74 33 Rot
1230 1518 14 33 T
1269 1519 106 32 know
1396 1518 80 32 that
1489 1517 61 33 she

204 1561 65 33 has
288 1561 104 33 made
411 1572 61 22 use
488 1561 44 33 of
544 1573 58 33 my
624 1574 123 27 'tame,
764 1565 69 32 and
853 1565 98 33 since
967 1566 67 33 last
1057 1566 120 43 night,
1201 1565 120 34 which
1356 1565 63 32 has
1447 1564 105 34 made

206 1620 59 25 )ur
285 1620 89 32 very
396 1609 175 45 unhappy
604 1611 130 33 indeed
750 1623 11 26 ;
788 1613 71 32 and
891 1613 90 33 Mrs.
1012 1615 184 33 Favorite
1217 1615 76 32 will
1315 1615 44 31 be
1376 1613 111 32 found
1515 1617 37 27 to

203 1655 94 35 have
318 1657 77 33 told
425 1668 106 31 many
553 1659 135 34 stories
719 1661 119 32 about
867 1661 155 38 me—Q.
1058 1661 116 33 When
1209 1661 63 32 did
1309 1662 90 32 Mrs.
1430 1659 99 33 Favo-

202 1703 76 35 rite
304 1701 74 37 live
409 1704 91 33 with
530 1716 72 33 you
632 1706 74 33 first
723 1707 13 32 ?
791 1709 48 31 A.
872 1708 19 33 I
924 1714 132 28 cannot
1082 1708 154 37 exactly
1263 1708 183 37 tell.—Q.
1479 1707 72 33 Did

233 1762 46 21 ou
306 1752 85 44 give
416 1753 65 32 her
496 1763 22 22 a
539 1753 197 35 character
764 1757 38 30 to
833 1755 76 34 Mr.
943 1756 122 33 Ellis?
1120 1757 48 33 A.
1202 1756 131 34 Either
1369 1755 15 33 I
1419 1765 43 22 or
1491 1765 59 32 my

202 1799 107 35 sister
334 1799 80 40 did,
445 1799 14 33 I
493 1799 104 34 don't
622 1802 176 33 recollect
819 1802 221 40 which—Q.
1072 1804 111 33 Were
1214 1814 72 25 you
1310 1804 32 33 in
1363 1801 61 34 the
1448 1801 104 34 habit

204 1845 45 40 pf
260 1846 175 43 intimacy
461 1848 89 32 with
569 1848 90 33 Mrs.
687 1848 203 34 Favourite
917 1857 39 27 at
973 1851 61 33 the
1054 1852 89 33 time
1159 1851 67 33 she
1245 1848 99 35 lived
1367 1848 91 33 with
1476 1848 73 34 Mr.

206 1893 124 34 J:llIs?
390 1894 45 33 A.
467 1894 156 39 No—Q.
656 1896 77 33 Did
765 1907 70 32 you
855 1907 90 24 ever
971 1899 70 33 call
1078 1909 99 34 upon
1209 1898 65 33 her
1302 1903 39 28 at
1374 1898 73 33 Mr.
1489 1896 45 34 El-

204 1941 104 34 lis's?
367 1941 48 33 A.
449 1941 83 34 Ido
566 1949 64 27 not
648 1944 177 33 recollect
844 1946 83 31 that
961 1946 18 33 I
1002 1946 78 33 did.
1135 1946 17 33 1
1173 1946 138 39 called,
1344 1945 13 33 I
1393 1945 163 40 believe,

206 1988 110 34 when
356 1988 14 33 I
396 1989 142 32 wanted
570 1989 78 41 her,
678 1991 35 33 in
730 2001 24 24 a
790 1991 171 34 hackney
996 1993 131 40 coach,
1159 1993 92 33 with
1278 2004 24 21 a
1320 2003 122 33 young
1466 1991 87 41 lady

207 2044 32 26 w
252 2036 52 32 ith
325 2037 155 38 me—Q.
510 2036 96 33 how
626 2049 104 21 came
758 2050 73 32 you
853 2044 38 27 to
918 2047 81 26 turn
1020 2042 63 32 her
1098 2052 130 32 away,
1257 2042 33 31 in
1306 2049 249 34 consequence

202 2081 56 35 Anf
285 2083 136 43 haviug
450 2083 109 34 heard
588 2086 64 31 she
681 2096 74 22 was
782 2088 158 31 married
960 2088 11 31 ?
1028 2089 46 32 A.
1111 2089 161 32 Becau.a.
1296 2088 15 32 I
1344 2087 111 33 heard
1478 2087 77 33 that

204 2130 2 45 •
228 2130 69 37 her
311 2130 163 35 husband
503 2139 74 27 was
606 2143 25 22 a
647 2132 100 34 thief
765 2134 73 33 and
854 2145 25 24 a
896 2135 72 39 bad
994 2135 211 33 character.
1263 2135 14 33 f
1300 2134 126 37 ta:ssed
1457 2144 99 25 some

227 2177 237 45 sup-plates,
482 2189 98 34 upon
604 2179 122 34 which
744 2181 61 33 the
824 2181 119 41 Mikes
954 2184 77 33 said
1045 2183 64 34 she
1126 2181 132 39 shot'al
1277 2181 144 43 go—Q.
1452 2180 103 35 now

209 2220 87 47 long
317 2233 76 25 wits
407 2226 28 32 it
450 2225 90 34 idle'
556 2228 113 32 wards
691 2229 81 31 that
789 2239 70 31 you
875 2231 93 33 Limbic
985 2230 33 35 Is
1019 2237 31 30 et
1063 2231 76 33 into
1160 2239 96 33 your
1271 2228 142 35 service
1422 2229 131 43 again?

207 2272 54 34 A.
295 2272 41 33 In
354 2272 112 33 about
488 2284 24 22 a
529 2284 92 34 year
645 2274 71 33 and
735 2285 25 22 a
776 2276 83 34 half
870 2276 239 38 afterwards.
1161 2278 77 34 But
1257 2276 18 34 I
1294 2277 61 34 did
1382 2282 65 30 not
1467 2277 89 33 take

208 2319 69 37 her
291 2319 111 46 again
420 2321 57 33 till
502 2320 17 34 1
541 2323 142 31 wanted
715 2322 69 35 her
802 2335 89 33 very
911 2326 120 34 much.

257 2367 209 34 Examined
485 2370 50 41 by
557 2369 73 33 Mr.
654 2370 46 33 C.
720 2370 92 33 ADA
826 2373 175 39 ms.---Q.
1029 2373 80 33 The
1130 2372 162 34 Witness
1309 2370 132 40 stated,
1470 2370 37 34 in
1532 2382 24 22 a

206 2414 143 39 former
367 2421 84 37 part
471 2415 43 33 of
537 2417 65 32 her
626 2417 276 43 examination,
930 2421 80 33 that
1028 2421 65 33 she
1126 2420 71 34 had
1230 2420 130 43 pinned
1380 2430 26 24 a
1424 2420 61 33 list
1515 2418 44 34 of

203 2472 124 25 names
346 2461 59 33 for
420 2464 209 44 promotion
648 2471 39 27 at
707 2461 52 50 11.
777 2461 17 50 e
811 2461 70 50 head
901 2469 44 33 of
958 2469 61 33 the
1042 2469 69 33 bed
1139 2469 59 33 for
1219 2469 56 33 his
1290 2467 123 44 Royal
1433 2466 99 43 High-

203 2520 80 25 ness
302 2515 37 27 to
358 2520 73 31 see,
451 2511 86 33 does
553 2512 63 32 she
634 2512 112 32 abide
767 2513 50 44 by
836 2515 81 34 that
946 2516 178 34 assertion
1142 2526 85 22 now
1247 2516 13 32 ?
1313 2515 48 33 A.
1395 2513 18 33 I
1433 2515 123 33 do.---

206 2557 48 39 Q.
287 2559 96 31 How
405 2558 85 41 long
510 2569 73 22 was
599 2559 83 33 that
698 2559 63 33 list
781 2562 133 43 pinned
935 2572 46 35 up
997 2564 12 32 ?
1063 2564 51 33 A.
1144 2563 81 33 The
1239 2562 129 34 second
1387 2562 169 44 morning

206 2606 61 38 his
286 2606 124 44 Royal
435 2606 182 44 Highness
647 2607 93 33 took
771 2608 26 33 it
826 2609 125 34 down.
1006 2611 60 33 Ile
1098 2611 105 33 drew
1235 2621 47 34 up
1313 2609 60 33 the
1393 2609 163 41 cuttain,

206 2652 86 34 read
305 2652 13 40 -
318 2652 39 40 it,
376 2653 70 32 and
463 2652 221 35 afterwards
707 2655 14 33 I
745 2666 76 24 saw
852 2657 74 33 him
948 2665 64 37 put
1044 2659 28 32 it
1103 2657 76 33 into
1200 2657 56 33 his
1278 2656 276 45 pocl..et-book.

206 2700 204 35 Sometime
426 2699 239 43 afterwards,
685 2704 106 32 when
808 2704 43 34 he
869 2717 74 20 was
958 2706 155 43 looking
1123 2711 43 32 at
1183 2717 99 21 some
1300 2704 106 33 other
1422 2714 133 34 papers

206 2746 21 37 I
247 2758 74 24 saw
339 2747 76 34 this
431 2747 63 34 list
511 2750 109 41 again
641 2750 34 32 iii
697 2748 57 33 his
772 2752 279 43 pocket-book,
1083 2753 91 33 with
1206 2763 25 24 a
1266 2761 67 34 pen
1363 2751 191 34 scratched

201 2790 165 47 through
412 2800 80 28 two
537 2796 43 32 of
617 2797 64 32 the
716 2807 136 25 names.
935 2800 60 33 He
1028 2809 103 25 came
1174 2805 39 28 to
1257 2809 58 25 me
1345 2799 69 33 and
1452 2798 105 34 made

201 2854 48 24 an
269 2843 239 33 observation
528 2843 78 33 that
630 2844 44 32 he
694 2846 123 32 nould
837 2846 46 33 do
904 2857 111 22 every
1036 2858 67 22 one
1122 2846 48 41 by
1195 2846 148 45 degrees
1359 2857 40 22 as
1421 2846 45 33 he
1487 2846 69 32 had

202 2893 96 32 done
320 2890 61 33 the
403 2890 139 34 others.
583 2889 63 43 (•.l
680 2893 139 41 tough;
848 2894 113 32 hear!
1093 2894 136 44 !)---Q.
1263 2894 72 34 Did
1371 2904 73 34 you
1469 2904 89 22 ever

202 2939 79 35 live
298 2939 91 32 with
411 2937 74 34 Mr.
506 2939 148 41 ()glebe
670 2939 12 32 ?
739 2940 48 35 A.
819 2941 18 35 I
860 2952 109 24 never
989 2943 97 33 lived
1108 2943 91 32 with
1225 2954 72 21 any
1317 2952 83 24 man
1419 2947 137 37 except

201 2985 64 35 the.
287 2985 115 34 Duke
418 2983 44 34 of
478 2985 128 35 York.
635 2987 17 31 (
722 2988 111 43 laugh
848 2989 133 39 ).---Q.
1020 2991 73 33 Did
1116 2989 72 33 Mr.
1209 2991 144 43 Ogleby
1372 2996 89 26 ever
1483 2989 73 32 live

206 3034 93 34 with
322 3044 70 30 vou
411 3033 11 32 ?
478 3035 50 32 A.
561 3034 71 34 No.
689 3037 161 32 General
873 3035 204 35 Claveriar
1090 3037 119 35 called
1230 3048 46 21 on
1299 3037 70 33 Mr.
1391 3035 164 41 Oglehy,

200 3086 43 30 at
263 3081 61 33 the
341 3081 131 32 instia
496 3083 58 32 ion
630 3081 76 33 :%Ir.
726 3083 85 33 Low
822 3091 77 33 ton,
917 3091 37 26 to
970 3094 87 33 spea
1064 3085 21 33 k
1104 3085 146 41 against
1271 3094 59 33 my
1345 3083 209 34 character.

257 3128 207 34 Examined
502 3131 46 41 by
583 3131 15 30 \
626 3141 26 21 r.
681 3130 76 33 Wrt
774 3133 314 38 ITUttEP.D.---Q:
1131 3132 17 33 I
1185 3133 110 33 think
1330 3141 72 33 you
1435 3131 120 33 stated

200 3176 89 35 that
306 3177 98 32 since
423 3185 96 28 your
546 3180 215 43 separation
794 3178 97 33 from
927 3180 61 33 the
1020 3180 115 34 Duke
1162 3180 45 32 of
1235 3180 111 33 York
1365 3190 73 33 you
1461 3177 96 34 have

202 3223 172 40 received
397 3230 107 34 niftily
521 3226 125 32 letters
665 3226 94 32 front
782 3226 74 33 him
872 3239 11 26 ;
912 3239 66 22 can
994 3239 70 22 von
1082 3227 167 45 produce
1263 3237 73 33 any
1356 3237 69 24 use
1437 3226 119 45 letter

202 3278 43 28 to
275 3272 244 33 substantiate
542 3272 74 32 that
643 3272 73 34 fact
733 3273 11 31 ?
802 3274 48 33 A.
883 3273 97 41 Yes,
1003 3274 17 33 I
1039 3285 80 25 can.

256 3319 90 33 Mrs.
365 3319 141 34 Clarke
542 3319 84 34 here
646 3327 67 38 put
741 3321 9 33 i
768 3333 6 18 t
802 3331 25 25 a
859 3321 138 37 bundle
1015 3322 44 33 of
1080 3322 129 33 letters
1239 3320 45 35 of
1305 3319 61 37 the
1385 3320 169 41 Duke's,

202 3367 154 34 written
372 3374 37 26 to
432 3366 79 40 her,
537 3369 168 41 together
726 3369 91 33 with
837 3369 64 34 the
934 3369 354 35 above-mentioned
1307 3365 78 38 iwo
1404 3370 151 41 letters,

201 3415 129 38 which
353 3424 98 22 were
467 3415 253 45 immediately
741 3417 104 40 read,
870 3418 72 33 and
958 3428 98 25 were
1074 3425 44 28 as
1131 3415 180 37 follows:

304 3461 178 34 Directed
504 3469 38 25 to
561 3463 148 43 George
735 3463 219 46 Farquhar,
981 3467 90 51 L:4l.

305 3509 182 39 Enclosed
511 3510 14 44 I
547 3510 83 34 seed
661 3521 74 32 you
757 3511 61 37 the
844 3522 135 35 money
1007 3523 74 34 you
1114 3511 96 35 wish
1245 3511 61 34 for
1331 3522 97 35 your
1444 3511 90 46 jonr-

250 3605 80 37 The
347 3617 78 26 sum
443 3606 168 43 enclosed
631 3615 78 27 wad
735 3607 105 34 £00!.
866 3607 61 35 for
959 3607 94 45 Mrs.
1072 3607 176 35 Clarke's
1265 3607 167 47 journey
1456 3608 96 37 from

203 3653 217 44 Worthing:.

347 3703 58 31 TO
422 3703 90 33 (;T:0
524 3710 79 26 FIGE
622 3702 60 33 FA
693 3711 120 30 RQUH
826 3713 19 24 A
857 3713 24 25 R

308 3749 86 35 Ido
412 3755 64 30 not
506 3750 110 33 know
680 3750 61 33 hat
774 3762 77 31 you
880 3761 129 32 mean;
1046 3751 20 34 I
1095 3761 112 30 never
1234 3751 216 40 authorised
1478 3762 71 34 any

198 3798 97 34 both
320 3806 39 25 to
381 3797 135 45 plaAtte
535 3807 65 22 nor
617 3797 144 34 disturb
782 3809 89 32 you,
901 3798 71 33 and
993 3798 187 34 therefore
1198 3811 77 33 you
1304 3810 79 34 may
1404 3802 45 33 be
1469 3810 65 35 per-

198 3844 111 37 fect!.
333 3854 35 25 at
394 3859 12 18 .
419 3844 67 33 Our
504 3854 81 24 case
602 3855 45 27 on
664 3855 59 27 my

247 3895 80 34 The
345 3894 209 35 Chairman
572 3892 168 38 directed
754 3893 64 35 the
837 3893 169 46 Serjerint
1023 3898 38 32 at
1085 3894 105 35 Arms
1211 3900 38 28 to
1267 3895 176 45 acquaint
1456 3894 92 35 Mrs.

193 3941 142 38 Clarke
356 3943 80 33 that
456 3941 64 33 she
539 3947 84 26 need
646 3947 64 27 not
728 3943 171 33 eodtinne
924 3944 34 32 in
976 3944 234 33 attendance.

198 3987 5 45 •
247 3989 157 37 Colonel
428 3987 195 35 Hamilton
640 3990 200 39 ezainined
856 3994 50 38 lsy
922 3990 94 34 Lord
1037 3989 56 35 Fe
1106 4002 17 21 L
1133 4000 106 25 KS7O
1283 3991 135 41 r.—Q.
1439 3990 112 37 From

198 4038 122 33 whom
338 4037 64 35 did
423 4048 73 33 you
516 4036 217 35 anderstaod
761 4038 81 41 that
865 4033 113 51 Capt.
1006 4039 144 37 S4nrlnn
1181 4039 170 34 received
1383 4039 64 33 the
1466 4045 86 28 note

193 4084 126 34 whit+
574 4089 38 28 to
633 4083 129 48 Major
780 4084 162 46 'fimyn?
994 4085 46 37 A.
1076 4087 109 33 From
1220 4085 90 34 Mrs.
1332 4085 211 38 Clarke.—

275 4131 35 33 W
324 4133 67 35 hen
407 4136 20 28 t.
450 4134 21 31 d
494 4143 71 21 you
583 4131 77 34 first
677 4142 63 27 see
758 4133 60 34 the
837 4139 85 30 note
940 4134 14 34 ?
1007 4135 50 34 A.
1085 4135 59 33 On
1161 4134 61 34 the
1244 4134 185 44 Saturday
1449 4134 102 35 after

233 4191 77 26 saw
330 4180 73 38 Mr.
420 4180 155 45 .I.daas.-
575 4180 17 45 1
592 4180 70 45 -4/.
697 4181 89 41 Wab
802 4181 64 40 the
882 4188 87 32 notes
987 4181 164 40 inclosed
1179 4182 38 40 in
1230 4192 77 37 any
1323 4183 158 47 envelop
1507 4193 45 27 or

2646 124 156 50 FEB.
2844 124 85 48 26.

1593 282 133 33 cover?
1785 283 47 33 A.
1865 283 17 33 I
1913 282 46 33 ds,
1988 287 64 28 not
2079 280 150 34 exactly
2251 279 193 38 recollect,
2461 278 61 32 hut
2551 278 13 32 I
2588 273 107 35 think
2714 274 113 43 Capt.
2850 270 71 35 San-

1593 332 69 31 don
1682 330 154 35 showed
1866 341 54 21 me
1941 340 98 21 some
2059 338 118 35 paper
2194 327 43 33 of
2258 327 79 32 th:►t
2373 325 89 33 kind
2486 332 38 25 to
2541 331 178 35 compare
2739 320 63 34 the
2829 318 98 35 hand

1597 377 183 45 writings,
1808 378 72 33 and
1915 378 17 33 I
1954 376 158 45 thought
2131 378 81 30 that
2231 374 61 33 the
2309 384 113 24 cover
2444 381 73 24 was
2539 370 149 34 written
2709 369 34 33 in
2763 369 65 33 the
2845 376 99 26 same

1603 426 90 32 :mini
1713 437 40 22 as
1769 424 63 35 the
1851 431 102 28 note.
2647 458 15 1 _
2700 458 8 1 .

1650 472 73 33 Mr.
1761 474 94 33 Ellis
1881 471 196 34 examined
2105 472 48 32 by
2176 469 60 33 the
2269 468 156 35 CuANt
2438 474 142 27 er.t.ort
2617 462 45 34 of
2683 462 60 34 the
2774 461 172 35 EXCTIE-.

1602 530 53 30 QU
1667 530 52 24 ER
1728 521 107 37 .--Q.
1860 521 111 33 What
1989 530 66 21 are
2074 530 72 33 you
2161 519 11 33 ?
2228 519 46 32 A.
2298 516 79 33 One
2396 515 45 33 of
2456 515 59 32 :he
2533 519 154 26 tat.:“ers
2706 510 43 32 of
2763 509 64 33 the
2848 508 84 33 Mer
2943 524 7 7 •

1600 570 110 31 chant
1728 567 176 43 Ta)lor's
1922 566 240 38 siAtqol.—.Q.
2196 565 61 34 Do
2276 575 74 32 you
2504 572 19 21 a
2554 569 131 34 person
2705 556 44 34 of
2763 561 61 28 the
2843 565 104 24 name

1603 614 44 34 or
1664 615 180 33 Favor:te
1859 617 11 30 ?
1928 617 48 32 A.
2010 614 78 34 Not
2106 614 47 41 by
2176 612 79 33 that
2275 621 122 27 name,
2422 612 61 31 but
2507 611 47 39 by
2575 607 83 32 that
2676 604 43 33 of
2741 602 206 34 Elizabeth

1607 663 214 45 Farquhar.
1838 664 65 32 she
1925 661 100 34 lived
2044 661 92 33 with
2157 670 53 24 the
2228 671 40 22 as
2283 670 24 24 a
2324 665 162 33 hervant,
2504 654 69 34 and
2593 654 17 32 I.
2626 652 69 33 had
2714 661 22 22 a
2752 652 200 32 character

1607 712 89 32 wiih
1724 712 65 32 her
1809 710 92 33 from
1932 711 90 33 Mri.
2048 709 141 35 Clarke
2205 710 94 35 —Q.
2327 707 40 30 \V
2378 705 85 33 here
2494 703 61 32 did
2590 696 13 50 t
2616 696 12 50 1
2641 696 37 50 rs.
2700 699 142 33 Clarke
2865 696 86 35 theft

1607 759 143 32 reside?
1806 758 47 33 A.
1879 758 39 33 In
1939 756 259 37 tiobbli-lace,
2231 754 143 33 Golden
2396 750 246 37 senate.--Q.
2679 748 51 32 At
2761 746 98 33 what
2884 755 45 22 ue-

1609 806 78 33 rimi
1710 817 73 21 was
1802 806 70 33 this
1894 806 11 31 ?
1959 806 48 33 A.
2043 804 39 32 In
2330 802 84 31 \i,!\
2445 801 11 32 I
2481 798 86 33 take
2587 798 64 31 the
2665 794 138 44 liberty
2825 801 38 25 to
2881 793 70 33 ask.

1633 865 64 27 c.itt,
1731 854 72 34 Mr.
1826 853 107 38 Ellis,
1954 852 32 32 if
2007 861 90 22 e..er
2126 861 67 22 %oil
2220 849 90 33 folic
2322 849 79 32 %Vett
2422 848 59 33 the
2502 844 105 34 trade
2626 842 44 34 of
2685 853 24 22 a
2726 852 102 32 carp
2842 848 80 25 tiler
2936 839 12 32 ?

1612 901 46 33 A.
1681 901 176 38 No.—Q.
1881 900 94 33 Used
2009 899 86 32 MN.
2117 898 136 34 Clarkt.
2276 896 213 44 frequci.tly
2507 902 34 24 to
2563 892 71 33 call
2669 900 47 22 on
2748 889 50 33 I.:.
2798 889 12 33 l
2810 889 112 33 .i:.:abet

1615 948 196 44 Farquhar
1827 947 99 33 after
1944 948 61 31 .she
2024 956 103 25 came
2147 951 107 38 into)
2268 953 69 22 our
2360 954 76 21 ser.
2447 945 52 31 ice
2516 941 12 33 ?
2583 943 48 30 A.
2657 937 133 34 Yes.--
2809 937 44 38 Q.
2880 935 73 33 Did

1607 996 65 32 she
1691 1006 60 21 use
1770 1002 38 26 to
1826 1005 104 22 come
1955 994 34 33 in
2015 1005 21 22 a
2065 993 169 41 carriage
2238 1020 8 12 ,
2285 1002 43 22 or
2357 1002 46 21 on
2438 989 103 32 fool.?
2598 989 48 32 A.
2678 986 58 33 On
2754 983 196 37 fnor.—Q.

1615 1046 96 30 how
1744 1043 85 41 long
1861 1042 81 32 used
1963 1042 61 32 she
2050 1046 37 26 to
2114 1045 78 38 stay
2218 1038 89 33 with
2331 1038 37 34 M
2378 1049 45 24 rt.
2447 1035 197 45 F;giquhar
2657 1033 11 32 ?
2724 1032 48 34 A.
2794 1030 100 35 Bail
2910 1041 45 24 an

1615 1093 92 32 Lour
1726 1101 41 21 or
1781 1091 190 32 sotnetime
2008 1087 239 45 longer.--Q.
2272 1085 110 33 From
2404 1087 60 31 the
2483 1083 146 41 footiog
2644 1081 85 41 they
2748 1078 144 34 seemed
2915 1085 38 25 to

1615 1140 44 32 be
1676 1149 45 21 on
1749 1137 183 41 together,
1957 1135 61 34 did
2043 1146 73 33 you
2143 1134 210 45 coajeetate
2389 1131 99 33 there
2517 1142 73 22 was
2617 1140 71 31 any
2709 1126 247 43 relationship

1615 1188 165 31 between
1814 1183 126 34 theta?
1995 1183 48 33 A.
2068 1182 113 34 From
2213 1182 98 34 their
2344 1179 223 44 familiarity
2614 1178 15 32 I
2665 1174 177 35 surmised
2872 1173 83 33 that

1616 1233 105 34 there
1742 1243 87 21 wa!;.

1599 1269 1 45 •
1667 1281 87 32 Mrs.
1779 1279 202 34 Favourite
2002 1287 76 24 was
2107 1276 84 35 then
2212 1276 158 33 ordered
2400 1280 39 28 to
2469 1274 47 33 be
2546 1271 125 37 called
2691 1270 52 43 in,
2767 1269 72 34 and
2877 1269 74 33 Mr.

1618 1328 93 33 Ellis
1730 1326 164 33 directed
1917 1332 37 27 to
1975 1325 141 34 remain
2132 1332 37 25 at
2189 1323 61 34 the
2269 1324 83 32 bar.
2661 1359 12 1 _

1663 1376 46 38 Q.
1739 1376 58 31 To
1818 1376 89 31 Mrs.
1933 1374 193 38 Favorite,
2145 1374 47 43 by
2213 1372 61 32 the
2296 1371 64 32 C!1
2373 1380 19 22 A
2406 1380 22 24 N
2438 1380 18 22 C
2466 1377 107 24 nt.T.O
2584 1377 24 25 rt
2628 1365 45 34 of
2696 1364 59 33 the
2779 1365 123 32 Exert
2916 1372 40 22 F..-

1615 1423 221 40 ..jut:n-1s
1854 1421 73 33 this
1950 1422 70 33 Mr.
2040 1419 117 35 Ellis?
2212 1420 46 32 A.
2284 1419 180 39 Yes—Q.
2485 1417 57 32 To
2564 1415 72 33 Mr.
2883 1409 73 33 this

1617 1470 59 32 the
1694 1480 130 32 person
1847 1470 84 31 who
1951 1468 97 34 lived
2083 1468 34 33 in
2153 1478 92 33 your
2280 1465 130 45 family
2448 1465 110 33 under
2597 1462 60 33 the
2678 1470 105 25 name
2802 1457 44 34 of
2863 1459 70 33 Far-

1616 1517 119 45 quhar
1752 1518 11 31 ?
1821 1517 45 32 A.
1902 1517 91 33 Yes.

1667 1565 73 34 Mr.
1765 1564 94 34 Ellis
1877 1563 157 34 ordered
2054 1567 38 30 to
2114 1561 215 33 withdraw.

1665 1613 86 33 Mrs.
1779 1612 178 32 Favorite
1984 1611 196 33 examined
2215 1611 48 32 by
2284 1609 63 33 the
2378 1607 78 34 Cu.
2483 1606 206 34 Nehr,Lott
2714 1603 43 33 of
2779 1602 63 34 the
2867 1602 57 33 Ex-

1617 1668 148 31 cuEQu
1778 1659 188 33 1:R---Did
1985 1669 72 32 3on
2091 1668 87 22 ever
2207 1668 47 32 go
2272 1657 46 41 1))
2344 1656 63 33 the
2438 1665 103 24 name
2559 1654 44 32 of
2626 1651 195 45 Farquhar
2837 1650 12 32 ?
2906 1650 50 32 A.

1620 1706 118 34 When
1763 1707 17 33 I
1804 1717 72 21 was
1893 1706 111 43 going
2022 1706 74 33 into
2117 1706 155 39 service,
2300 1706 17 33 I
2336 1703 117 33 asked
2474 1703 90 32 Mrs.
2581 1701 143 33 Clarke
2744 1698 32 33 if
2800 1700 9 32 1
2841 1697 118 43 might

1618 1753 87 35 take
1727 1753 60 34 the
1806 1763 106 22 name
1938 1753 44 33 of
1996 1753 66 33 her
2082 1752 148 45 family,
2246 1752 72 33 and
2339 1752 65 32 she
2417 1750 78 33 said
2518 1749 14 33 I
2556 1748 118 43 might
2695 1746 34 33 if
2757 1748 15 32 I
2796 1744 164 45 thought

1620 1802 27 33 it
1685 1802 124 33 would
1851 1802 44 32 be
1936 1800 44 33 of
2014 1809 73 33 any
2130 1809 60 24 use
2235 1805 39 28 to
2314 1799 162 38 me—Q.
2517 1796 94 33 How
2649 1796 86 40 long
2767 1794 93 33 have
2888 1804 74 32 you

1619 1850 135 33 known
1796 1848 92 34 Mrs.
1919 1848 139 33 Clarke
2076 1848 12 32 ?
2144 1848 48 32 A.
2215 1846 181 35 Thirteen
2426 1856 43 24 or
2507 1844 170 33 fourteen
2722 1852 118 33 yea's,
2875 1848 89 27 ever

1619 1898 94 32 since
1730 1897 66 33 her
1814 1894 184 44 marriage
2001 1896 98 38 —Q.
2125 1894 110 33 What
2254 1904 106 24 name
2395 1893 61 33 did
2494 1902 72 35 you
2593 1902 47 32 go
2667 1891 50 43 by
2737 1890 84 31 then
2839 1889 12 32 ?
2909 1887 46 33 A.

1624 1944 54 44 By
1700 1956 58 31 my
1778 1954 84 24 own
1881 1954 102 22 'mine
2006 1942 280 39 Favorite—Q.
2311 1941 99 34 Ilow
2432 1942 85 41 long
2536 1941 30 32 is
2594 1941 27 31 it
2642 1938 94 33 sit:cc
2758 1946 70 33 you
2848 1936 113 44 drop,

1620 1993 69 44 ped
1708 1993 63 32 the
1788 2002 105 24 name
1920 1990 44 47 of
1981 1990 213 45 Farquhar,
2228 1989 67 34 and
2324 1990 93 32 took
2439 1989 79 32 that
2550 1985 41 33 of
2624 1985 175 33 Favorite
2818 1983 110 44 again

1623 2040 44 33 A.
1694 2040 116 33 When
1835 2039 13 33 I
1876 2044 97 27 went
2001 2039 96 33 bark
2131 2044 38 25 to
2200 2034 451 45 Gloucester-place—Q.
2686 2033 89 32 Was
2794 2033 26 32 it
2843 2039 63 26 not
2924 2037 38 26 to

1618 2087 159 43 disguise
1795 2085 93 35 front
1915 2087 32 32 1l
1955 2096 45 22 r'.
2026 2083 172 34 Clarke's
2229 2083 150 39 family,
2401 2083 76 33 that
2500 2092 71 33 you
2594 2092 97 24 were
2709 2091 21 22 a
2750 2079 161 34 relation
2927 2078 43 33 of

1622 2135 56 32 ber
1677 2135 19 32 .
1696 2135 19 32 s
1735 2134 79 33 that
1833 2145 72 31 you
1922 2133 92 34 took
2034 2133 63 33 the
2117 2143 102 22 MOW!
2243 2131 43 34 of
2306 2131 202 34 Favorite?
2563 2131 52 32 A.
2636 2128 164 38 No---Q.
2826 2127 32 32 II
2876 2128 87 31 here

1618 2181 87 34 does
1724 2192 94 32 your
1837 2180 124 34 father
1980 2181 72 32 tive
2067 2180 12 33 ?
2135 2179 52 35 A.
2207 2179 44 33 In
2280 2178 57 35 his
2362 2189 128 32 grave.
2543 2180 56 39 (.1
2620 2178 12 28 1

2682 2200 20 19 b

1670 2237 136 46 [After
1817 2246 25 24 a
1860 2241 145 38 variety
2024 2235 46 34 of
2079 2233 110 35 other
2204 2236 187 44 questions
2417 2235 65 33 the
2503 2233 157 33 Witness
2679 2229 181 37 admitted
2881 2228 84 39 flat
3084 2228 4 56 •

1618 2285 63 33 she
1708 2285 70 33 had
1809 2285 90 33 been
1920 2283 158 34 married
2096 2284 118 32 about
2245 2283 106 33 three
2378 2291 109 34 years
2515 2293 70 32 ago
2602 2285 37 27 at
2667 2278 228 37 Woolwich,
2916 2280 48 40 by

1620 2333 63 33 the
1698 2343 105 22 name
1835 2331 44 33 of
1913 2331 209 44 Farquhar,
2152 2331 63 33 but
2246 2331 81 32 that
2356 2329 66 34 she
2454 2340 73 22 was
2555 2339 45 24 no
2622 2327 157 35 relation
2802 2324 45 33 of
2872 2326 92 32 Mrs.

1622 2380 157 34 Clarke.
1831 2379 74 33 She
1933 2379 79 34 also
2046 2378 78 33 said
2156 2378 64 34 she
2251 2378 71 33 had
2354 2379 107 43 given
2491 2387 24 22 a
2535 2385 126 32 wrung
2680 2375 228 41 deeription
2927 2370 44 37 of

1624 2428 70 32 Mr.
1722 2428 107 40 Ellis,
1860 2426 122 33 whom
2000 2425 65 35 she
2083 2435 83 22 now
2186 2425 116 34 stated
2328 2432 38 26 to
2395 2426 45 32 be
2466 2434 22 22 a
2515 2424 226 43 gentlentao,
2761 2421 69 33 awl
2862 2427 64 28 not
2943 2430 24 24 a

1617 2481 209 38 carpenter,
1878 2474 81 33 The
1981 2474 145 33 witness
2147 2484 73 24 was
2241 2474 85 32 then
2346 2471 198 46 permitted
2565 2477 37 26 to
2626 2465 241 46 withdraw].

1668 2532 76 33 Mr.
1763 2530 235 37 Greenwood
2021 2530 198 33 examined
2245 2529 52 44 by
2319 2529 77 33 Air.
2419 2528 120 34 flusx
2551 2537 84 24 tsso
2885 2524 84 34 that

1619 2580 110 32 letter
1747 2580 187 43 (alluding
1954 2585 35 26 to
2009 2588 69 22 one
2106 2580 129 31 shown
2265 2577 64 33 the
2352 2576 158 33 Witness
2529 2577 47 40 by
2609 2577 63 31 the
2704 2574 112 34 Cluck
2845 2572 44 33 of
2904 2572 63 33 the

1623 2627 144 43 House)
1802 2636 94 34 your
1933 2621 15 50 N
1964 2621 14 50 1
1994 2621 89 50 riting
2099 2626 12 32 ?
2166 2626 47 33 A.
2251 2626 80 32 Yes
2348 2636 9 25 ;
2401 2623 27 33 it
2457 2626 28 31 is
2515 2623 63 33 the
2611 2633 72 33 cop
2744 2622 41 31 of
2807 2631 21 21 a
2858 2621 111 32 letter

1624 2675 145 34 written
1788 2679 39 28 to
1847 2674 78 33 Mrs
1961 2674 159 40 Clarke,
2135 2670 99 35 after
2254 2672 56 33 his
2328 2672 128 45 Royal
2476 2670 187 44 Highness
2679 2669 73 40 hial
2772 2667 197 46 separated

1620 2722 94 33 from
1739 2725 77 31 her.
2668 2722 2 33 •

1715 2781 28 19 44
1765 2783 59 32 To
1845 2781 107 33 MRS.
1974 2781 57 33 CI.
2040 2791 20 24 A
2070 2790 58 25 RK

1719 2830 90 33 You
1828 2837 92 26 must
1941 2830 191 39 recollect,
2164 2829 14 32 I
2198 2828 69 33 had
2287 2828 190 38 occasion,
2504 2835 106 25 seven
2627 2824 144 34 months
2789 2824 115 40 since,
2931 2828 44 28 to.

1620 2877 150 44 employ
1789 2888 58 24 my
1867 2877 170 32 solicitor
2065 2883 38 26 to
2132 2877 109 32 make
2258 2885 100 22 some
2380 2874 178 44 inquiries
2584 2872 163 33 relative
2773 2880 86 26 to•lt
2885 2872 64 33 sub-

1623 2935 128 34 -I►o2tia,
1779 2936 30 21 w
1821 2924 83 33 hich
1930 2924 15 33 I
1978 2924 168 33 received
2166 2935 44 21 on
2231 2933 94 33 your
2342 2930 181 25 account:
2554 2921 59 33 the
2633 2922 113 31 result
2766 2920 41 33 of
2822 2917 77 34 that
2917 2921 37 31 in-

1622 2974 109 43 quiry
1747 2982 94 33 gave
1861 2983 57 21 me
1945 2983 45 20 no
2010 2974 128 31 reason
2158 2978 37 26 to
2223 2970 141 33 refrain
2391 2970 93 32 from
2507 2968 59 35 the
2595 2969 157 41 opinion
2784 2969 14 33 I
2829 2966 143 34 formed

1685 3020 79 33 that
1781 3020 187 37 occasion.
2022 3019 81 34 Nor
2120 3018 61 33 did
2205 3018 14 33 I
2245 3018 126 43 rashly
2385 3017 118 44 judge
2529 3017 44 32 of
2598 3018 64 31 the
2691 3017 282 33 circumstances

1620 3067 45 32 of
1687 3069 61 32 tlie
1766 3077 97 24 ca,ie.
1919 3067 103 34 lam
2043 3066 164 34 resolved
2236 3072 37 27 to
2298 3065 115 33 abide
2438 3066 51 43 by
2507 3065 63 32 the
2588 3064 219 34 resolutions
2829 3063 15 34 1
2877 3064 92 31 have

1622 3115 126 39 taken,
1776 3115 70 32 and
1881 3120 135 27 cannot
2046 3115 130 35 recede
2202 3115 94 32 from
2317 3115 115 32 them.
2489 3112 56 33 An
2564 3112 193 33 interview
2819 3112 84 33 milli
2926 3111 45 34 be

1623 3162 142 44 painful
1796 3169 37 26 to
1869 3162 91 33 both
1995 3161 44 34 of
2068 3172 53 32 th;,
2148 3161 69 34 and
2244 3161 44 33 of
2308 3172 47 22 no
2381 3161 210 44 advantage
2609 3167 38 26 to
2667 3171 17 32 3
2696 3170 61 22 ou.
2816 3159 12 33 I
2859 3168 111 31 mu,r,

1620 3210 201 39 therefore,
1848 3209 145 34 decline

1796 3266 102 46 [The
1918 3266 158 38 Witness
2095 3276 77 25 was
2199 3266 86 34 here
2313 3266 156 34 ordered
2494 3269 35 28 to
2551 3261 243 46 Withdraw.]

1668 3324 78 34 Mr.
1770 3324 234 33 Wntzt;►ti.
2006 3333 50 24 &D
2086 3322 118 34 stated
2233 3322 80 34 that
2352 3322 45 33 he
2428 3322 70 39 tmd
2523 3322 67 33 had
2613 3322 84 44 just
2730 3330 65 37 put
2816 3322 78 33 into
2916 3321 54 37 hi;

1622 3371 94 35 hand
1742 3381 99 24 some
1869 3371 144 39 letters,
2052 3371 122 34 which
2196 3381 97 24 were
2311 3377 79 28 seut
2417 3378 39 26 to
2477 3370 76 38 him
2587 3370 51 44 by
2662 3371 45 33 Ati
2707 3371 14 33 .
2721 3371 31 33 s.
2773 3369 43 37 Cl
2820 3381 20 20 a
2849 3370 66 33 rke
2939 3371 34 32 in

1622 3430 203 33 pormance
1845 3420 44 32 of
1916 3419 64 33 her
2000 3418 162 45 promise
2193 3429 25 31 1‘
2232 3419 66 33 hen
2317 3419 66 33 she
2415 3428 76 25 was
2507 3418 201 34 examined
2725 3423 38 28 at
2784 3418 63 32 the
2870 3409 100 48 Bars

1620 3467 97 33 from
1739 3467 99 34 their
1856 3467 104 33 dates
1980 3467 85 41 they
2085 3467 193 45 appeared
2306 3472 39 27 to
2365 3467 17 33 L
2382 3476 14 22 n
2476 3467 91 39 been
2589 3477 24 21 w
2627 3465 112 34 ritten
2758 3465 159 33 ulterior
2935 3472 38 37 to

1619 3517 66 33 her
1698 3516 216 41 separation
1944 3513 94 34 from
2062 3515 54 33 his
2144 3514 119 44 Royal
2288 3511 198 46 Digbness.
2541 3514 104 35 Four
2660 3513 193 45 appeared
2874 3520 38 25 to
2929 3514 45 31 be

1620 3563 148 35 written
1786 3563 50 44 by
1859 3562 56 33 his
1937 3561 124 45 Royal
2079 3563 33 33 II
2126 3559 156 47 ighnes,
2308 3561 71 34 and
2414 3573 70 22 one
2502 3562 47 44 by
2571 3562 159 32 General
2756 3560 215 44 Clavering.

1667 3611 80 34 The
1766 3609 158 33 Witness
1942 3620 73 25 was
2031 3609 112 43 ;main
2163 3609 119 34 called
2302 3615 37 27 to
2360 3609 63 33 the
2441 3609 92 40 Bar,
2559 3608 72 34 and
2652 3619 47 22 on
2719 3608 109 44 being
2842 3607 130 33 shown

1617 3659 63 33 the
1698 3659 126 34 letters
1851 3648 150 47 alluded
2029 3663 54 35 to,
2109 3669 96 32 gave
2232 3659 28 32 it
2285 3667 40 25 as
2353 3656 58 34 his
2438 3656 174 46 opinion,
2639 3656 84 34 that
2752 3656 84 48 they
2871 3664 26 25 w
2911 3664 32 33 es
2943 3664 15 33 .
2959 3664 17 33 ;

1658 3706 111 40 ritteu
1788 3706 50 43 by
1859 3706 63 34 the
1946 3705 112 34 Duke
2078 3704 44 34 of
2139 3705 126 35 York.
2335 3715 8 6 •

1772 3763 84 35 The
1873 3763 129 34 letters
2023 3772 99 26 were
2141 3762 85 34 then
2245 3761 103 44 read,
2378 3762 72 46 pod
2472 3771 98 27 were
2587 3772 40 24 as
2647 3761 131 35 follow
2797 3772 11 22 :

1804 3826 52 34 To
1877 3823 261 41 Mrs.'Clarke,
2159 3824 73 35 No.
2251 3824 37 41 9,
2311 3826 74 33 Old
2409 3826 370 43 I.3urlingtott-sliett.

1716 3885 172 41 Witlimit
1907 3886 110 44 being
2030 3885 182 40 informed
2232 3883 45 34 of
2291 3885 61 34 the
2378 3891 151 32 amount
2543 3883 44 35 of
2598 3885 200 34 assistance
2819 3894 73 34 ynn
2915 3893 56 30 re.-

1617 3935 122 46 quire,
1765 3934 31 34 it
1809 3934 28 34 is
1856 3934 215 45 impossible
2091 3940 39 27 to
2144 3944 65 34 say
2230 3932 85 37 how
2349 3932 19 35 1
2388 3943 67 25 can
2472 3933 45 33 be
2533 3932 45 34 of
2591 3933 143 33 service
2751 3940 37 26 to

1709 3994 48 34 To
1781 3996 92 33 Mrs.
1897 3994 148 43 Clarke,
2074 3997 58 40 18,
2160 3993 353 46 Gloucester-place,
2537 3992 347 46 Portman-square.

1726 4043 39 35 If
1785 4043 11 33 I
1819 4043 109 34 could
1949 4054 58 27 see
2026 4054 72 33 any
2117 4043 209 43 advantage
2344 4042 83 33 that
2448 4042 109 32 could
2580 4041 43 33 be
2642 4041 79 33 dvri
2734 4041 60 35 .ed
2813 4042 46 44 by
2876 4054 17 32 2,
2906 4051 69 24 our

1615 4093 124 43 seeing
1753 4101 70 31 me,
1857 4091 18 34 1
1902 4091 131 34 bhould
2055 4093 93 33 have
2164 4102 44 22 no
2228 4090 191 46 objection
2440 4096 37 27 to
2496 4100 66 22 our
2581 4100 69 22 nivs
2668 4091 76 41 (lag
2761 4101 9 30 ;
2800 4090 61 32 but
2882 4101 41 22 iib

1618 4139 123 35 would
1769 4140 43 33 he
1839 4140 209 44 eUrerne4
2069 4139 144 46 painful
2241 4146 39 26 to
2302 4149 38 26 us
2368 4136 109 47 both,
2506 4137 112 38 1411der
2647 4141 64 34 the
2735 4144 150 43 Intimit

2902 4137 56 35 sit-

1612 4195 240 38 curustauees,
1886 4182 18 41 r
1929 4193 93 43 limit
2042 4183 144 40 decline

184 138 92 50 Llit

3213 223 8 8 s
3276 223 1 412 ,

3195 765 5 45 1

0 2409 79 167 k
