3437 4441
1131 66 150 70 tift
1317 66 374 70 kATIOIk7AL
1727 69 378 70 REGISTER.

250 200 50 40 he
326 198 125 39 Would
480 213 63 27 not
578 208 92 41 have
685 203 159 52 suffered
861 211 85 37 that
960 216 315 38 communication
1294 222 37 31 to
1350 216 94 37 have
1463 219 122 44 passed

249 249 94 33 over
364 246 158 41 without
535 255 311 44 animadversion.
905 246 5 59 .
990 246 4 59 .
1037 246 4 59 .
1103 246 5 59 ,

304 295 60 41 An
380 300 244 45 explanation
640 300 132 40 ensued
791 306 24 38 b
815 306 24 38 e
839 306 24 38 t
862 306 96 38 ween
977 308 76 37 Mr.
1076 311 224 37 Whitbread
1317 313 69 34 and
1406 313 72 34 Mr.
1498 313 65 35 Per-

247 333 111 46 ievit
371 358 11 31 s
409 346 33 35 in
458 347 64 38 the
539 360 130 25 course
684 344 45 43 of
743 352 122 40 which
886 356 31 35 it
925 367 20 25 -
945 367 60 25 was
1020 358 128 46 finally
1167 360 150 44 Agreed,
1331 360 126 40 owing
1470 366 40 28 to
1525 361 40 33 de-

247 386 27 57 1.
293 396 41 39 Ys
354 393 33 37 in
407 396 183 46 pointing,
609 398 80 35 that
707 399 65 45 the
800 402 115 46 charg
915 412 37 34 es
980 405 145 45 against
1157 407 65 34 the
1259 406 107 34 Duke
1400 406 45 34 of
1468 406 113 39 York

246 431 136 44 ihould
399 442 61 35 not
481 444 47 33 be
544 445 67 35 tak
612 445 46 35 en
677 446 19 35 i
696 446 19 35 n
715 446 20 35 t
735 446 20 35 o
775 451 272 35 consideratiim
1067 454 130 35 before
1217 455 229 44 Wednesday
1463 459 102 32 next.

1652 219 83 44 plos
1746 223 94 28 meta
1856 220 45 34 of
1912 221 51 34 all
1985 221 64 35 her
2067 231 200 33 resources,
2285 230 39 27 to
2343 224 90 44 fight
2459 227 64 34 the
2546 227 119 35 battle
2688 237 41 24 as
2750 239 25 24 a
2789 230 201 35 substitute

1651 265 59 33 for
1728 263 129 45 Spain,
1879 272 38 30 to
1943 269 152 35 become
2113 269 67 34 her
2207 272 226 45 Champion,
2458 274 70 33 and
2548 279 63 30 not
2637 275 63 33 her
2717 276 106 35 Ally.
2874 276 54 34 As
2948 286 38 25 to

1650 314 61 34 the
1728 314 146 41 general
1903 315 194 38 character
2121 319 46 34 of
2190 320 64 33 the
2270 330 129 25 course
2426 321 164 45 adopted
2624 321 51 45 by
2701 322 56 34 his
2785 314 20 56 *
2805 314 181 56 Majesty's

1654 358 195 47 Ministers,
1881 366 92 33 with
2002 373 142 39 respect
2169 373 39 28 to
2232 369 171 44 assisting
2430 370 131 43 Spain,
2591 370 17 33 I
2637 377 93 28 must
2763 378 54 27 mo.
2817 378 19 27 ,
2836 378 19 27 t
2883 373 81 45 posi-

1646 412 118 45 tively
1781 419 79 39 say,
1886 413 80 35 that
1994 415 17 34 /
2037 416 195 35 conceived
2252 417 27 33 it
2300 424 37 26 to
2357 416 91 35 have
2472 417 91 34 been
2580 418 141 45 dearly
2738 419 151 44 pointed
2917 425 67 31 out

1644 459 51 44 by
1719 461 51 33 all
1795 459 60 35 the
1881 464 129 43 public
2029 462 148 47 feeling,
2207 464 84 40 and,
2319 474 40 24 as
2378 464 58 33 far
2453 476 40 24 as
2512 465 30 34 it
2571 467 106 32 could
2714 468 46 32 be
2777 470 204 41 expressed

1641 509 71 34 and
1730 510 191 45 collected,
1951 514 48 44 by
2016 511 51 35 all
2085 513 64 37 the
2169 513 126 44 public
2321 513 169 44 opinion.
2543 514 39 35 It
2604 523 73 24 was
2693 522 24 27 a
2734 523 92 37 very
2848 526 113 34 preva-

1642 556 74 33 lent
1744 556 141 48 fallacy
1904 567 37 28 to
1951 560 119 45 judge
2096 561 45 33 of
2156 561 63 34 the
2237 560 159 45 Spanish
2415 561 137 44 people
2572 570 98 34 upon
2692 562 155 44 English
2880 563 99 34 ideas

1639 604 70 34 and
1727 606 168 35 notions?
1951 609 80 33 The
2046 608 157 44 Spanish
2223 608 137 44 people
2378 608 143 33 wanted
2541 619 45 22 no
2603 608 172 45 political
2794 608 184 45 -reforms,

1639 652 67 33 and
1740 653 30 33 it
1798 656 182 45 certainly
2011 656 63 34 did
2092 660 63 30 not
2181 656 152 33 become
2367 653 64 34 the
2458 656 156 44 English
2636 661 39 30 to
2695 656 142 45 impose
2857 658 120 40 them,

1638 699 81 33 The
1734 699 150 45 English
1906 715 98 24 were
2022 707 61 31 not
2100 712 239 35 conquerors.
2391 703 81 34 The
2491 704 98 34 main
2607 704 170 44 question
2798 706 92 32 with
2919 706 58 34 his

1642 746 189 46 Majesty's
1852 751 184 37 Ministers
2065 761 92 33 was,
2187 759 76 25 was
2289 751 106 33 there
2419 761 72 34 any
2517 751 157 44 grounds
2707 751 60 33 for
2784 751 193 46 believing

1636 798 81 34 that
1736 797 61 32 the
1817 801 45 47 pe
1861 801 22 47 o
1884 801 69 47 ple
1969 810 97 24 were
2083 800 150 33 zealous
2254 798 34 34 in
2308 797 100 33 their
2424 808 84 24 own
2520 809 128 28 cause,
2666 798 79 34 that
2765 800 89 44 they
2871 811 102 24 were

1633 847 185 34 animated
1838 850 141 38 azaiust
2008 847 98 34 their
2125 846 168 35 invaders
2309 856 9 22 :
2349 846 56 32 his
2433 844 195 47 Majesty's
2657 847 190 34 Ministers
2867 849 107 34 made

1635 894 100 35 these
1755 894 190 46 inquiries,
1963 895 70 34 and
2061 895 87 44 they
2170 894 69 35 had
2258 904 128 24 reason
2401 898 37 30 to
2457 894 46 33 be
2525 895 162 33 satisfied
2705 895 92 34 with
2818 895 63 34 the
2911 908 58 21 re.

1633 945 83 33 suit.
1776 946 13 33 I
1808 946 92 33 have
1918 945 100 33 often
2037 943 221 35 understood
2275 944 31 32 it
2326 952 39 21 as
2385 952 69 22 one
2472 940 43 34 of
2524 943 63 33 the
2604 941 190 34 favourite
2810 946 161 33 maxims

1632 990 45 37 of
1691 993 240 45 Opposition,
1954 994 79 32 that
2057 1002 25 24 a
2113 994 155 39 country
2301 989 124 34 united
2453 989 35 34 in
2523 989 104 35 itself
2643 1000 73 24 was
2748 991 220 45 invincible,

1630 1042 69 34 and
1719 1042 79 34 that
1817 1042 150 44 nothing
1983 1039 107 37 could
2107 1039 106 34 resist
2231 1049 22 22 a
2272 1036 137 46 people
2439 1035 37 37 in
2494 1037 99 34 their
2613 1050 84 21 own
2715 1050 123 27 cause.
2890 1042 78 40 Sir,

1631 1091 61 34 the
1735 1091 200 45 Spaniards
1982 1094 99 30 Were
2107 1100 47 24 an
2193 1087 124 35 united
2357 1084 150 45 people.
2588 1084 18 35 I
2646 1094 132 26 cannot
2820 1096 156 27 consent

1628 1140 81 35 that
1727 1141 73 34 this
1822 1146 156 39 country
1994 1137 128 35 should
2151 1136 200 41 voluntary
2375 1133 87 35 take
2481 1143 40 24 so
2538 1134 76 33 low
2639 1143 25 25 a
2691 1135 92 34 rank
2800 1142 169 37 amongst

1628 1188 170 45 military
1817 1189 157 38 nation:,
1997 1198 41 24 as
2055 1192 37 30 to
2125 1183 92 46 tight
2233 1183 50 44 by
2303 1182 67 33 her
2388 1191 129 35 money
2545 1182 129 32 rather
2700 1182 89 33 than
2819 1185 52 43 by
2901 1186 67 33 her

1625 1243 184 30 armsto
1835 1235 188 35 subsidize
2046 1246 25 24 a
2098 1234 130 33 nation
2256 1231 130 35 rather
2419 1228 87 35 than
2538 1228 154 35 become
2722 1231 46 34 its
2793 1232 94 44 ally.

1624 1281 94 37 shall
1739 1290 63 30 not
1827 1291 103 28 enter
1949 1284 77 34 into
2043 1294 21 22 a
2082 1280 145 37 further
2245 1279 133 40 detail,
2404 1287 40 24 as
2476 1278 19 34 I
2525 1277 175 34 conceive
2720 1278 18 34 I
2772 1277 94 35 have
2889 1280 78 34 suf.

1626 1332 162 45 ficiently
1817 1332 188 34 answered
2034 1332 50 33 all
2109 1329 65 35 the
2202 1328 100 34 Hon.
2324 1324 249 35 Gentleman's
2600 1332 210 35 arguments
2832 1338 46 22 on
2897 1329 67 35 the

1625 1381 104 43 point
1760 1381 45 34 of
1830 1381 124 45 delay.
2010 1380 40 35 If
2063 1378 60 34 the
2148 1376 111 44 delay
2290 1384 77 24 was
2395 1384 73 32 any
2489 1372 143 43 where,
2657 1372 31 34 it
2722 1384 76 24 was
2828 1374 34 33 in
2896 1376 66 34 the

1626 1428 148 34 Central
1791 1429 126 33 Junta.
1971 1428 81 34 The
2069 1423 148 45 English
2235 1422 156 35 soldiers
2402 1421 123 35 would
2544 1427 61 28 not
2624 1422 48 32 be
2688 1421 193 35 debarked
2901 1424 60 35 till

1622 1474 87 46 they
1729 1474 71 34 had
1815 1475 171 35 obtained
2002 1475 61 35 the
2079 1473 149 45 regular
2239 1469 215 47 permission
2470 1468 94 33 from
2581 1468 65 33 the
2659 1469 151 34 Central
2828 1469 131 39 Junta.

1628 1522 33 32 It
1685 1524 44 38 is,
1750 1524 141 39 indeed,
1906 1530 64 27 too
1993 1531 94 30 true,
2112 1520 70 34 and
2200 1531 24 22 a
2243 1525 90 28 most
2361 1515 237 45 melancholy
2616 1515 102 37 truth
2751 1518 28 33 it
2811 1518 43 41 is,
2876 1520 85 33 that

1620 1569 61 37 the
1701 1572 201 43 Spaniards
1922 1573 94 33 have
2037 1569 155 37 suffered
2204 1566 80 38 .the
2310 1570 162 40 greatest
2499 1564 364 35 misfortunesthat
2894 1566 67 35 her

1618 1619 133 32 armies
1772 1619 90 33 have
1881 1619 90 34 been
1993 1618 142 39 routed,
2152 1616 71 35 and
2246 1615 65 33 her
2330 1615 79 32 best
2428 1612 177 34 Generals
2621 1612 172 34 defeated
2811 1625 11 28 ;
2850 1613 66 35 but
2940 1616 17 35 I

1618 1671 131 28 cannot
1768 1668 176 43 persuade
1963 1665 135 38 myself
2112 1671 37 26 to
2180 1669 103 28 enter
2301 1661 79 34 into
2411 1665 63 28 too
2492 1659 80 34 free
2606 1670 25 22 a
2657 1659 180 35 criticism
2855 1672 43 24 as
2919 1669 39 28 to

1618 1711 61 34 the
1721 1723 109 25 cause
1864 1716 45 33 of
1943 1715 104 34 these
2067 1714 185 34 disasters.
2306 1708 46 39 If
2381 1708 43 33 he
2448 1709 122 43 really
2598 1707 126 37 thinks
2767 1709 80 34 that
2890 1709 67 34 the

1620 1759 141 37 British
1793 1770 94 25 arms
1922 1773 98 22 were
2049 1773 38 22 so
2120 1757 193 46 disgraced
2347 1756 37 32 in
2417 1756 132 45 Spain,
2581 1756 34 34 if
2652 1756 30 32 it
2713 1757 44 33 be
2785 1756 57 34 his
2876 1759 79 34 real

1615 1808 156 44 Opinion
1811 1809 81 34 that
1936 1809 63 34 the
2031 1809 168 44 disgrace
2233 1806 46 34 of
2315 1805 64 34 the
2420 1805 117 34 battle
2581 1802 47 34 of
2674 1805 171 33 Vimiera
2885 1817 69 24 can

1615 1865 111 25 never
1739 1858 46 32 be
1801 1858 122 43 wiped
1937 1869 133 33 away,
2095 1856 71 37 and
2185 1853 80 35 that
2294 1853 65 33 the
2386 1853 117 33 battle
2529 1852 46 34 of
2593 1851 176 35 Corunna
2785 1852 81 34 will
2895 1864 40 22 re-

1615 1905 96 33 main
1728 1915 47 24 an
1793 1905 178 33 indelible
1989 1906 167 43 disgrace
2181 1912 47 24 on
2254 1900 61 34 the
2334 1899 193 45 recording
2543 1900 128 33 annals
2699 1899 45 33 of
2760 1899 60 34 the
2839 1911 115 24 court,

1615 1955 76 39 try,
1707 1951 33 33 if
1750 1952 105 39 such,
1877 1954 18 35 I
1915 1963 84 28 say,
2019 1952 73 40 Sir,
2109 1952 46 32 he
2171 1951 53 33 his
2238 1949 226 38 sentiments,
2483 1948 14 33 I
2515 1958 69 24 can
2601 1949 86 41 only
2707 1958 156 33 express
2887 1959 65 32 my

1611 1998 257 34 astonishment
1896 2004 40 30 at
1963 2001 56 33 his
2039 2010 83 31 way
2150 1997 45 34 of
2212 1997 188 43 thinking,
2428 1996 70 33 and
2526 1996 261 45 congratulate
2815 1997 142 44 mys..lf

1611 2044 81 35 that
1719 2047 14 33 I
1753 2056 38 24 so
1814 2048 135 40 widely
1967 2048 106 34 differ
2091 2048 94 33 from
2206 2044 87 37 him.

1658 2094 156 34 General
1835 2095 210 34 STEWAr.T
2063 2095 70 35 and
2150 2095 72 32 Mr.
2238 2093 60 33 Go
2307 2101 25 24 tr
2341 2100 143 26 tnrcast
2506 2092 167 45 opposed
2688 2091 64 37 the
2781 2092 165 44 Motion,

1612 2140 120 34 which
1757 2153 77 22 Was
1845 2143 203 44 supported
2068 2144 48 32 by
2137 2141 96 34 Lord
2244 2140 152 33 Milton.

1655 2189 77 34 Mr.
1749 2190 226 41 CANNING,
2004 2200 79 24 rose
2111 2189 100 37 amid
2235 2186 185 38 universal
2448 2186 203 45 cheerings,
2678 2186 69 43 and
2761 2187 34 34 in
2815 2199 22 24 a
2851 2193 96 32 most

1607 2236 178 35 ominous
1804 2237 130 47 speech
1959 2238 144 45 replied
2135 2244 39 27 to
2192 2236 61 35 the
2268 2239 214 31 statements
2497 2236 71 35 and
2585 2244 209 37 arguments
2807 2236 44 35 of
2867 2230 76 43 Mr.

1606 2283 213 35 Ponsonbv.

1650 2331 35 33 A
1704 2330 85 41 long
1809 2331 198 35 discussion
2026 2333 85 34 then
2130 2331 149 40 ensued,
2306 2331 39 32 in
2362 2329 122 35 which
2505 2330 74 35 Mr.
2604 2330 216 40 Windham,
2851 2333 92 35 Earl

1607 2376 132 45 Percy,
1760 2380 72 34 Mr.
1856 2380 246 41 Hutchinson,
2121 2381 72 33 and
2216 2379 93 34 Lord
2326 2378 172 47 Temple,
2517 2380 149 44 pressed
2685 2380 63 33 the
2769 2380 175 45 Inquiry,

1604 2426 58 33 Sir
1685 2424 193 47 Ponsonhy
1904 2427 139 44 having
2067 2428 144 45 replied
2228 2434 40 26 at
2293 2427 254 34 considerable
2567 2427 139 44 length,
2733 2427 64 37 the
2811 2427 131 35 House

1597 2473 167 40 divided,
1766 2474 126 34 For
1910 2474 63 37 the
1993 2474 148 37 Motion
2172 2473 279 46 127Against
2469 2476 30 34 it
2513 2477 311 45 20Majority
2841 2476 99 37 93

1597 2518 228 45 Adjourned.

1689 2663 69 37 TO
1788 2666 111 39 OUR
1928 2667 364 37 SUBSCRIBERS
2330 2667 118 37 AND
2471 2668 115 37 THE
2614 2667 223 38 PUBLIC.

2029 2797 189 25 !OMAR
2246 2797 241 26 PREMIUM

1637 2858 83 34 Tbe
1748 2857 254 35 continuation
2020 2857 44 34 of
2086 2858 104 33 these
2209 2857 167 37 Clerical
2396 2858 209 47 Criticisms
2639 2858 80 39 will
2735 2858 47 38 be
2803 2858 130 39 imme,

1589 2915 143 43 diately
1762 2915 176 34 resumed.
1991 2915 235 45 Temporary
2254 2916 285 37 circumstances
2567 2916 111 34 alone
2709 2916 222 41 occasioned

1589 2969 97 38 their
1702 2967 47 50 sii
1749 2967 15 50 .
1765 2967 144 50 spenFiion
1924 2982 12 27 ;
1962 2969 71 35 and
2047 2982 44 26 on
2109 2969 145 47 Sunday
2283 2969 90 39 next
2400 2973 130 34 March
2544 2974 61 33 the
2621 2972 83 44 sth,
2726 2974 19 34 I
2765 2983 165 37 propose

1587 3028 137 45 myself
1752 3028 61 35 the
1831 3030 169 52 pleasure
2024 3027 43 37 of
2093 3030 190 44 attending
2311 3034 40 30 to
2381 3030 63 37 the
2461 3040 195 26 numerous
2683 3031 187 46 enquiries
2888 3021 45 46 of

1586 3086 104 34 those
1708 3085 84 34 who
1809 3096 96 25 seem
1932 3085 194 34 interested
2147 3086 34 33 in
2202 3097 60 34 my
2288 3085 175 46 opinions
2479 3098 48 25 on
2546 3086 162 46 subjects
2722 3089 206 34 connected

1587 3144 89 34 with
1695 3152 70 25 our
1770 3152 167 26 common
1956 3142 169 45 religion.
2179 3143 19 33 I
2211 3143 94 34 shall
2317 3145 80 33 also
2411 3144 96 40 have
2523 3155 102 27 some
2636 3145 289 45 acknowledge-

1583 3209 113 31 ments
1713 3211 39 26 to
1763 3203 106 40 make
1887 3209 40 27 to
1946 3214 60 34 my
2024 3204 315 45 correspondents.

1677 3262 184 43 February
1887 3262 64 40 25,
1980 3260 104 38 1809.

2588 3265 229 35 ONESIMVS.

1628 3335 70 35 We
1715 3334 94 37 have
1821 3337 89 33 been
1925 3335 152 35 induced
2095 3340 40 31 to
2152 3337 111 43 omit,
2293 3335 162 48 through
2486 3345 146 40 respect
2650 3346 38 28 to
2707 3340 65 35 the
2790 3341 133 45 public

1578 3393 138 46 feeling
1747 3402 69 26 our
1846 3393 197 39 Drdniatic
2073 3394 221 43 Strictures;
2331 3398 72 33 and
2435 3397 64 35 the
2528 3398 228 34 destruction
2781 3398 46 35 of
2859 3399 66 37 the

1576 3451 164 35 Theatre
1774 3451 76 35 will
1870 3462 136 24 excuse
2033 3463 69 24 our
2131 3459 64 27 not
2211 3452 198 47 adverting
2428 3459 37 31 to
2484 3455 63 35 the
2561 3452 125 38 merits
2702 3455 46 35 of
2761 3455 66 35 the
2844 3456 81 37 last

1574 3509 105 47 piece
1706 3508 80 35 that
1804 3519 72 26 was
1894 3501 231 56 represepted
2141 3509 207 37 thereT/
2359 3523 19 21 e
2409 3510 211 35 Circassian
2637 3509 130 41 Bride.

1619 3572 71 34 We
1706 3581 64 24 are
1786 3570 73 38 still
1877 3570 5 51 .
1894 3570 151 45 obliged
2073 3578 37 28 to
2130 3578 182 40 postpone
2341 3575 63 39 till
2430 3575 146 46 Sunday
2595 3581 91 32 next
2704 3588 71 26 our
2789 3578 133 40 obser.

1570 3620 142 45 vatlens
1730 3640 47 22 on
1796 3628 60 34 the
1873 3628 143 39 British
2046 3630 231 37 lostitittion.

1693 3770 37 40 A
1759 3751 286 59 Poitttiit
2074 3755 67 56 dF
2172 3770 113 44 THE
2315 3764 154 50 DUKE
2496 3771 71 43 OP
2598 3761 178 69 YORK,
2857 3816 7 8 .
2921 3751 4 78 .

1566 3847 197 46 Engraved
1789 3848 41 45 by
1864 3849 148 34 Scriven
2033 3848 107 45 from
2164 3862 31 24 .a
2215 3853 183 43 .masterly
2426 3852 188 47 Painting
2643 3855 44 45 by
2719 3855 63 38 Sir
2811 3856 115 34 WilI

2086 3900 90 34 Liam
2197 3900 180 47 Beecheit

1858 3966 37 28 1$
1925 3967 100 27 NOW
2056 3969 156 27 READY
2246 3969 87 26 FOR
2363 3970 239 32 DELIVERY

1604 4018 85 35 The
1704 4020 207 38 Charnettr
1941 4022 45 37 Of
2011 4019 72 38 His
2113 4023 128 47 Itoytil
2272 4023 190 47 Ili,ghness
2490 4026 31 34 i
2546 4026 152 37 written
2725 4026 53 48 by
2805 4029 77 37 One-

1546 4065 1 38 '
1554 4065 125 38 simbs.

2265 4121 4 6 .

1556 4131 79 34 The
1659 4130 170 58 Port!.lit
1848 4143 64 46 Tay
1912 4143 22 46 .
1954 4135 46 46 bg
2065 4122 5 67 .
2507 4135 26 14 ,
2544 4149 22 33 y

2580 4126 78 57 .ilke
2674 4135 193 50 Iltircbase
2871 4139 46 46 nt

1553 4179 45 35 of
1619 4169 327 50 itie:gAribNAL
1976 4175 230 46 ni:OSTEk
2233 4178 219 54 Otihis`criy
2470 4187 71 37 and
2559 4179 242 48 ro=filiirid*.

235 34 92 90 116
327 34 61 90 47
618 53 234 39 7vord'lrr',"o""

2722 78 15 8 .....
2760 79 15 8 ,

2702 92 157 54 FEB.
2898 102 83 48 26.

361 513 300 35 FRAUDULENT
689 519 180 37 OFFICE,
894 523 572 32 THREADNEEDLE-STREET.

294 559 84 41 The
394 562 311 39 CItANcELLou
729 568 47 34 of
800 569 61 34 the
896 570 278 41 EYCcITEQUEn
1209 573 155 41 thought
1395 574 31 34 it
1455 575 122 34 would

243 606 51 47 be
326 608 35 33 in
381 609 60 35 the
458 613 239 35 recollection
715 614 47 34 of
785 617 64 35 the
869 618 142 44 house,
1037 619 80 35 that
1136 621 106 33 when
1261 621 63 33 the
1344 621 98 33 lion.
1465 622 85 34 Mem-

243 653 71 35 ber
330 653 93 45 (Mr.
445 658 171 45 Wardle)
635 660 74 37 first
729 663 162 46 brought
918 666 57 34 his
1000 667 133 45 charge
1149 669 145 43 against
1320 670 60 32 the
1408 669 115 35 Duke
1539 671 38 33 of

244 699 137 46 York,
410 705 44 33 he
471 706 70 33 had
561 709 204 37 mentioned
784 712 80 34 that
882 713 103 34 there
1003 723 78 27 was
1098 725 45 24 an
1167 716 104 34 office
1286 716 34 34 in
1338 716 60 34 the
1417 716 93 44 city,
1541 717 33 34 in

243 749 425 48 Thretidneedle,street,
704 758 126 34 where
857 762 237 43 preferments
1128 772 100 25 were
1257 769 38 27 to
1324 764 44 33 be
1398 764 174 34 obtained

240 796 162 46 through
420 801 61 34 the
501 802 175 35 inftueuce
692 804 46 33 of
752 807 59 34 the
831 809 93 34 Lord
944 810 90 33 Chat
1046 819 21 26 c
1082 809 98 40 'for,
1196 810 60 33 the
1279 810 110 34 Duke
1406 810 46 34 of
1467 813 86 33 Port-

243 843 106 44 land,
398 848 87 40 and,
521 849 44 33 he
594 850 185 43 believed,
813 855 156 34 himself.
1046 857 61 33 lie
1141 857 207 41 continued,
1383 869 25 22 a
1435 861 117 39 gentle-

241 901 87 28 man
341 895 241 46 accordingly
602 898 67 35 had
689 906 98 28 some
803 902 213 35 interviews
1033 904 92 34 with
1146 904 63 35 the
1219 912 148 35 agents;
1393 908 70 31 and
1483 908 86 43 they

241 939 141 45 falling
398 953 89 33 very
503 945 144 44 readily
666 947 76 37 foto
756 948 63 33 the
834 958 97 37 trap,
954 952 44 32 he
1011 960 92 33 gave
1117 952 125 34 orders
1256 959 38 26 to
1313 953 59 33 the
1393 954 177 34 Solicitor

241 986 48 35 of
300 989 63 33 the
381 986 182 50 Treasury
581 998 38 28 to
637 996 132 44 supply
794 999 60 32 the
867 999 207 41 gentleman
1094 999 90 33 with
1198 1012 72 33 any
1285 1012 74 24 sum
1380 999 44 34 of
1437 1012 130 33 money

240 1033 87 39 that
353 1032 118 48 might
498 1039 41 43 be
540 1039 21 43 .
572 1043 142 32 wanted
739 1049 19 27 t
758 1049 19 27 o
793 1045 22 32 b
815 1045 24 32 e
868 1045 21 44 l
889 1045 21 44 o
911 1045 22 44 d
933 1045 45 44 ge
978 1045 22 44 d
1019 1056 39 24 as
1076 1048 162 44 security
1264 1055 40 28 at
1333 1058 25 25 a
1381 1049 146 37 banker':
1527 1049 19 37 ,
1546 1049 19 37 .

239 1081 87 41 The
339 1082 246 57 consequence
600 1098 87 30 was,
711 1090 81 34 that
810 1091 63 34 the
891 1094 226 34 transaction
1139 1096 202 43 proceeded
1359 1107 39 22 so
1413 1097 59 32 far
1488 1098 78 33 that

261 1129 44 33 he
337 1133 135 43 parties
506 1134 96 34 have
627 1137 170 34 rendered
827 1140 216 34 themselves
1074 1143 194 33 amenable
1294 1149 37 28 to
1358 1154 21 24 a
1398 1144 164 34 criminal

270 1180 220 45 roseention,
504 1182 70 33 and
595 1182 141 35 Me.srs.
755 1187 175 34 Coleman
943 1188 70 33 and
1032 1188 151 44 Keeler,
1204 1192 89 33 Mrs.
1309 1192 170 45 Harvey,
1496 1194 66 33 and

285 1224 149 37 ganker
452 1228 33 33 in
504 1228 63 34 the
580 1230 93 45 city,
692 1233 70 33 had
778 1234 89 33 been
881 1235 161 37 indicted
1056 1235 59 37 for
1130 1237 61 37 the
1211 1239 152 34 offence.

243 1296 18 11 .
288 1272 73 34 Mr.
394 1271 241 40 IlirsKiSSoN
669 1280 133 40 stated,
830 1281 79 35 that
940 1285 151 33 Watson
1122 1294 77 25 was
1222 1286 61 33 the
1316 1297 103 24 name
1444 1287 46 34 of
1502 1289 60 34 the

234 1317 174 48 Vanker,
420 1323 66 34 and
507 1323 84 38 that
608 1325 45 38 he
672 1337 73 26 was
759 1338 25 24 a
800 1336 152 39 partner
967 1332 37 33 in
1019 1332 60 33 the
1095 1331 111 35 house
1217 1332 45 34 of
1276 1333 143 37 Mes3rs.
1442 1336 119 41 Sikes,

237 1364 150 48 Shaikh,
404 1370 69 33 and
494 1371 69 34 Co.

652 1446 235 31 CAMPAIGN
919 1450 48 25 IN
996 1450 149 26 SPAIN.

283 1485 76 34 Mr.
384 1475 86 46 PON'
480 1494 163 38 SONA,
658 1495 201 44 agrecably
878 1501 39 30 to
945 1496 57 35 his
1020 1499 172 44 previous
1219 1499 250 43 notification,
1496 1514 43 24 ex-

230 1534 174 45 patiated
433 1543 39 28 at
502 1538 189 45 largenne
713 1535 90 43 very
833 1545 107 44 ably,
976 1556 50 24 on
1059 1547 60 32 the
1139 1547 159 34 conduct
1317 1548 43 33 of
1376 1550 183 37 Ministers

229 1579 96 33 with
347 1578 138 48 rirspect
502 1591 39 27 to
565 1580 155 51 Spanish
754 1590 152 43 Affairs.
961 1593 48 32 At
1041 1593 80 33 that
1152 1600 171 38 moment,
1354 1597 97 44 (said
1485 1599 67 33 Mr.

231 1625 216 50 Ponsonhy)
476 1632 109 35 when
601 1645 125 34 .every
759 1638 109 33 other
902 1650 130 34 power
1065 1641 71 34 had
1170 1643 131 34 bowed
1343 1645 214 35 submission

227 1674 41 40 to
312 1670 64 39 the
420 1680 90 43 yoke
510 1680 22 43 -
576 1683 83 33 that
702 1690 172 39 country;
931 1680 122 41 Which
1106 1689 143 40 France
1299 1690 178 35 esteemed
1518 1704 38 24 as

224 1721 66 39 the
322 1720 136 39 firmest
491 1723 45 38 of
566 1729 66 33 her
660 1729 106 37 allies
814 1734 71 34 and
917 1734 122 35 Whom
1071 1736 64 43 she
1170 1736 150 45 deemed
1361 1740 64 34 the
1466 1748 22 27 m
1488 1748 45 27 os
1533 1748 22 27 t

223 1767 216 45 4ubmisSive
461 1774 45 34 of
543 1775 66 37 her
647 1776 236 47 dependants,
912 1786 81 38 rose
1033 1783 92 34 with
1170 1788 213 32 unanimous
1408 1785 146 39 consent

222 1821 43 32 to
294 1821 103 41 repel
424 1813 61 43 the
514 1819 246 52 encroaching
776 1821 213 52 despotism,
1017 1821 71 44 and
1123 1833 131 44 Spain,
1279 1839 39 28 so
1343 1834 86 45 tong
1461 1839 89 33 sunk

221 1864 40 39 in
291 1867 161 44 apathy,
497 1872 109 33 made
635 1873 69 33 one
745 1874 72 35 last
852 1878 162 41 struggle
1061 1883 38 30 to
1147 1879 77 35 free
1276 1881 138 33 herself
1459 1884 91 35 from

219 1912 69 45 /he
312 1917 216 46 usurpation
570 1919 43 37 of
653 1920 156 44 France,
841 1925 69 43 and
946 1925 156 45 applied
1136 1932 45 31 .to
1219 1929 74 34 this
1315 1936 150 39 country
1495 1932 56 40 for

219 1954 213 43 assistance.
485 1963 60 35 No
578 1967 184 37 Ministers
791 1981 86 24 ever
905 1974 149 33 entered
1075 1975 115 35 under
1214 1977 86 33 such
1332 1965 217 47 favourable

219 2001 72 52 4ud
322 2010 87 33 such
442 2013 213 45 auspicious
680 2020 250 40 appearances
966 2031 46 22 on
1045 2021 61 35 the
1130 2033 74 24 .ext
1217 2024 124 37 cation
1378 2026 46 33 of
1452 2027 99 35 their

219 2050 141 51 pfficial
386 2056 141 44 tinges;
555 2067 111 39 party
691 2066 112 43 spirit
833 2075 76 26 was
939 2068 272 45 extingaished;
1235 2070 70 38 and
1341 2070 104 37 there
1474 2086 74 25 was

216 2108 67 35 pot
317 2108 39 33 to
381 2105 45 41 be
452 2107 126 41 found,
604 2107 224 46 throughout
857 2114 64 34 the
953 2121 170 39 country,
1148 2127 25 25 a
1200 2130 83 24 man
1312 2121 84 32 who
1426 2124 120 34 would

214 2143 171 54 eipress.
415 2153 64 34 hut
531 2166 45 27 on
576 2166 22 27 e
640 2159 41 47 op
681 2159 21 47 i
703 2159 21 47 n
724 2159 21 47 i
745 2159 43 47 on
788 2159 21 47 ,
856 2163 91 44 name
947 2163 22 44 l
970 2163 46 44 y,
1069 2164 83 38 that
1200 2166 64 34 the
1310 2178 145 34 powers
1507 2170 44 34 of

219 2193 170 47 Lugland
419 2200 129 38 should
579 2205 45 32 be
648 2206 163 35 directed
846 2209 33 34 in
911 2211 61 32 the
998 2217 92 28 most
1115 2212 169 35 effective
1315 2225 143 26 manner
1489 2222 35 30 to-

215 2238 124 52 iyakds
369 2245 60 44 the
452 2251 141 41 service
620 2252 69 35 and
704 2255 195 35 assistance
918 2256 44 34 of
977 2258 61 34 the
1065 2269 145 34 powers
1230 2262 44 35 of
1286 2263 129 43 Spain.
1473 2265 70 37 But

211 2288 33 48 it
270 2301 78 24 was
377 2295 96 38 their
487 2297 107 44 duty,
622 2300 124 37 before
765 2302 89 43 they
870 2306 154 44 applied
1043 2307 64 33 the
1135 2309 136 34 wealth
1305 2320 41 24 or
1372 2310 100 38 force
1504 2314 44 33 of

210 2336 100 47 their
330 2348 151 40 country
501 2343 60 38 for
576 2344 63 34 the
663 2350 233 41 prosecution
919 2352 46 33 of
984 2362 72 33 any
1085 2354 162 46 project,
1273 2362 38 26 to
1342 2359 92 33 have
1453 2362 84 35 well

209 2383 222 45 understood
472 2391 63 37 the
557 2383 2 60 .
578 2394 78 33 real
696 2395 176 35 situation
917 2399 45 33 of
997 2401 128 43 Spain.
1213 2402 185 38 Ministers
1437 2418 100 25 were

209 2427 227 51 responsible
451 2444 63 30 not
530 2440 109 34 alone
661 2440 57 35 for
744 2444 63 34 the
826 2454 118 27 means
961 2451 38 28 to
1017 2448 44 33 be
1077 2451 152 35 exerted
1258 2451 60 35 fur
1333 2447 61 40 the
1414 2457 105 35 assist-

207 2487 92 38 qnce
317 2481 45 33 of
383 2485 128 41 Spain,
536 2487 66 35 but
617 2487 78 37 also
706 2490 57 35 for
781 2491 63 34 the
859 2493 149 34 defence
1026 2494 44 33 of
1085 2496 178 45 England.
1315 2499 106 46 They
1440 2515 96 24 were

207 2529 64 45 pot
270 2529 21 45 .
292 2529 106 45 alone
415 2535 229 43 responsible
676 2537 58 34 for
762 2538 64 33 the
847 2551 131 33 money
1007 2548 38 28 to
1064 2544 46 33 he
1127 2545 209 45 expended,
1362 2550 64 34 but
1446 2551 90 46 they

207 2571 102 39 were
327 2577 119 43 bound
472 2587 39 27 to
531 2583 90 33 take
640 2583 74 35 into
744 2584 100 40 their
869 2589 272 37 consideration
1173 2593 63 34 the
1267 2601 91 28 state
1393 2597 46 32 of
1453 2598 81 38 that

203 2629 159 38 country
381 2626 34 54 ift
451 2629 156 40 relation
626 2636 35 32 to
679 2642 73 34 any
774 2633 107 35 other
898 2642 156 39 country
1074 2637 35 34 in
1131 2640 164 45 Europe,
1323 2644 69 34 and
1411 2650 40 32 to
1476 2659 39 24 as-

202 2669 146 35 certain
383 2672 32 35 if
436 2674 28 34 it
489 2686 74 26 was
581 2679 156 43 capable
771 2680 45 34 of
836 2682 194 37 resistance
1058 2687 144 41 against
1230 2688 63 33 the
1322 2701 146 33 powers
1492 2696 44 33 of

203 2708 162 52 France,
390 2721 66 33 and
478 2721 33 34 in
533 2724 99 37 what
654 2726 41 33 its
713 2734 183 28 resources
927 2730 80 45 lay,
1056 2734 84 32 And
1165 2735 90 43 they
1286 2747 96 26 were
1411 2746 63 30 not
1493 2748 38 27 to

197 2765 162 46 *,eaken
378 2769 60 32 the
457 2779 120 26 means
602 2772 44 33 of
666 2773 97 44 their
780 2786 84 24 own
891 2784 169 39 country,
1087 2780 116 35 unless
1222 2784 85 44 they
1328 2797 99 24 were
1448 2793 83 32 sure

195 2809 47 43 pf
265 2811 137 47 having
428 2816 61 35 the
524 2829 120 26 means
661 2822 44 34 of
723 2823 170 50 efferlizig
913 2825 60 33 the
990 2829 182 39 salvation
1191 2831 45 33 of
1253 2832 126 45 Spain.
1406 2809 5 69 .
1435 2837 71 34 Not-

195 2857 267 51 withstanding
484 2876 35 27 a,
531 2867 261 37 British.foree
811 2870 107 37 found
953 2874 44 33 its
1026 2884 84 34 way
1143 2883 37 27 to
1215 2880 141 44 Spain,.
1380 2877 146 44 Mat:rid

190 2907 235 87 flcapitulated
444 2917 37 28 to
500 2913 146 50 Joseph
672 2915 115 47 Bonap
787 2915 46 47 ar
833 2915 22 47 t
855 2915 24 47 e
879 2915 24 47 ,
924 2920 25 41 w
948 2920 25 41 h
973 2920 26 41 o
999 2920 26 41 ,
1041 2934 24 22 a
1083 2923 22 34 f
1106 2923 47 34 ew
1185 2923 22 46 d
1207 2923 69 46 ays
1294 2927 20 44 b
1315 2927 122 44 efore,
1456 2931 70 35 had

217 2953 45 34 ed
278 2955 93 35 from
392 2959 27 34 it
438 2959 33 35 in
484 2960 182 48 disgrace.
719 2963 61 34 Do
798 2972 63 31 not
878 2968 98 33 these
989 2968 280 39 circumstances
1285 2975 240 51 imperiously

190 3001 74 45 call
280 3002 58 34 fur
351 3006 161 46 inquiry,
531 3009 91 44 why
638 3021 24 22 a
683 3011 142 39 British
843 3014 119 45 Army
980 3027 40 22 so
1036 3019 174 47 applied,
1224 3021 125 35 where
1369 3025 27 35 it
1414 3028 109 34 could

189 3047 47 43 fie
255 3050 44 32 of
309 3061 46 24 no
374 3064 59 24 use
451 3060 37 31 to
506 3066 69 25 our
593 3058 135 45 Allies,
745 3061 71 32 and
830 3060 45 34 of
887 3073 46 22 no
951 3063 122 46 injury
1094 3073 38 26 to
1152 3078 69 24 our
1235 3072 170 40 enemies,
1420 3079 38 28 to
1478 3078 46 31 do

187 3094 171 51 nothing,
386 3102 70 43 bar
483 3105 94 33 raise
614 3106 99 34 what
738 3106 65 34 did
836 3116 60 28 not
928 3119 99 26 want
1059 3119 35 28 to
1115 3116 46 41 be
1195 3116 132 43 raised,
1364 3119 45 34 its
1439 3129 84 30 own

187 3146 196 43 eoararter
400 3148 58 35 for
471 3150 200 43 invincible
689 3155 175 45 bravery,
908 3158 99 34 Why
1022 3159 97 34 after
1133 3161 64 34 the
1211 3163 260 45 Capitulation
1482 3171 44 37 of

191 3187 145 41 Nradrid
359 3202 35 32 to
412 3197 40 33 J.
474 3197 228 47 Bonaparte,
716 3213 77 25 was
807 3204 27 34 it
843 3197 151 46 deemed
1013 3217 193 37 necessary
1222 3210 58 38 for
1299 3214 58 35 the
1377 3216 143 35 British

182 3247 109 37 army
313 3247 37 35 to
367 3244 162 44 advance
548 3254 39 28 to
601 3243 129 41 attack
750 3250 63 34 the
835 3252 142 37 French
993 3255 12 33 ?
1067 3256 84 33 Was
1170 3257 27 34 it
1218 3260 35 33 in
1273 3270 247 38 cousequenee

181 3295 37 39 4,
239 3296 73 35 any
331 3291 109 37 other
456 3302 148 33 persons
617 3296 150 45 offering
777 3300 99 34 their
888 3301 255 44 interference,
1154 3307 115 33 ordid
1287 3308 59 33 she
1365 3309 136 39 instrue-

181 3333 97 38 tioes
293 3347 104 22 come
415 3339 91 34 from
521 3341 105 34 home
640 3344 12 33 ?
681 3345 72 41 Mr.
772 3347 193 46 Ponsonhy
980 3350 144 35 insisted
1144 3365 99 32 upon
1264 3356 63 34 the
1338 3361 177 39 necessity

236 3386 246 46 ascertql,:ing
498 3389 64 43 the
591 3396 126 33 causes
733 3393 120 44 which
873 3396 58 33 led
961 3402 39 33 to
1028 3399 61 33 the
1121 3406 327 47 countermanding
1476 3411 45 33 of

176 3417 64 46 the
260 3423 79 41 first
361 3438 135 31 retreat
515 3450 11 26 ;
553 3438 44 33 of
609 3433 141 51 tracing
769 3448 37 27 to
831 3443 98 34 their
946 3455 148 25 sources
1122 3448 64 35 the
1218 3450 276 47 misrepresenta-

174 3476 98 34 tions
292 3481 106 33 made
415 3482 44 34 of
470 3484 63 33 the
559 3484 156 47 Spanish
736 3490 136 45 people
887 3502 11 28 ;
925 3493 70 34 and
1010 3494 45 34 of
1078 3497 194 46 obtaining
1291 3507 162 34 returns,-
1470 3516 41 24 as

172 3523 59 43 for
244 3535 40 24 as
304 3529 174 43 possible,
503 3533 45 33 of
559 3534 63 34 the
635 3535 105 34 losses
755 3537 181 35 sustained
952 3534 50 50 by
1019 3542 60 34 the
1098 3543 142 37 British
1261 3543 131 51 Army.
1448 3553 60 35 Ile

170 3575 204 43 pmcloded
402 3580 45 45 by
469 3582 163 46 pressing
648 3582 61 38 the
728 3587 177 43 necessity
935 3588 45 33 of
1007 3589 210 48 immediate
1247 3595 148 57 inquiry
1431 3599 76 37 into

170 3618 64 48 tite
247 3624 143 39 Muses,
415 3628 169 43 conduct,
606 3625 70 40 and
689 3639 125 30 events
830 3633 43 34 of
886 3634 63 39 the
974 3637 76 35 late
1067 3639 209 47 Campaign
1293 3653 34 24 in
1348 3646 131 44 Spain.

217 3669 118 44 front)
353 3673 106 45 CA;T
469 3683 83 27 LER
563 3680 260 44 6u:ft.Sir,
844 3681 85 45 why
948 3684 28 34 is
990 3694 24 25 a
1029 3685 226 39 Committee
1280 3692 44 32 of
1348 3693 156 48 Inluiry

163 3717 196 47 neerksary
378 3726 37 30 to
430 3722 131 37 decide
579 3736 98 33 upon
693 3735 72 37 any
784 3729 45 33 of
841 3729 61 35 the
922 3732 120 41 points
1059 3735 125 35 which
1201 3731 66 40 the
1289 3738 96 39 Han.
1406 3744 74 34 Gen-

159 3763 149 46 tleman'
320 3768 67 44 has
407 3771 187 45 produced
677 3775 81 34 ''he
785 3776 99 37 Hon.
907 3780 206 46 Gentleman
1113 3780 24 46 .
1153 3783 64 35 has
1243 3788 104 34 made
1363 3800 22 24 a
1403 3802 102 26 corn.

158 3810 22 57 p
181 3810 158 57 laintto
359 3819 61 40 the
612 3822 78 43 that
712 3823 54 33 his
788 3824 193 47 Majesty's
1012 3829 189 39 Ministers
1220 3833 92 40 !lave
1330 3847 44 25 no
1393 3840 110 35 other

356 3857 5 18 .

156 3869 45 39 oc
201 3869 22 39 l
223 3869 162 39 npation
399 3873 69 30 pat
485 3873 40 28 to
544 3868 98 46 keep
661 3869 61 34 the
742 3870 136 38 Tullis
898 3874 35 40 in
964 3874 63 37 the
1042 3876 111 37 dark.
1209 3878 19 37 I
1265 3889 91 30 must
1389 3891 128 41 trust,.

376 3913 78 37 that
481 3912 64 51 the
565 3914 130 48 IlitifSe
715 3917 78 37 will
811 3921 111 35 never
937 3927 133 32 concur
1090 3927 34 33 iii
1142 3926 74 40 this
1234 3930 124 43 notion
1377 3934 47 34 of
1433 3927 84 46 the:

151 3946 250 65 116481ritbia
767 3961 89 51 path
888 3965 93 40 must
1015 3965 185 51 doubtless
1243 3978 46 34 he
1320 3981 178 40 acknow-

148 3999 53 59 Vti
201 3999 18 59 ,
219 3999 72 59 gerr
325 4019 40 25 as
392 4010 60 34 the
785 4016 66 51 her
883 4020 85 32 Own
999 4020 91 34 war.
1168 4023 80 35 The
1285 4031 85 33 caus
1370 4031 22 33 e
1420 4043 58 25 wa
1480 4044 32 40 g:

146 4046 84 54 04(
263 4057 46 46 of
497 4071 35 26 in
568 4059 63 35 the
672 4051 77 52 fit'Sl
790 4064 176 46 iii;tanee,
991 4068 70 34 and
1091 4069 34 35 in
1154 4070 61 34 the
1241 4072 76 44 first
1345 4075 132 50 degree

144 4101 72 51 !Ind
231 4103 46 46 of
302 4098 21 58 I.
324 4098 11 58 l
334 4098 132 58 llritaiiii
485 4097 73 56 only
559 4097 19 56 -
595 4103 61 65 rela
657 4103 15 65 .
672 4103 46 65 tli
718 4103 15 65 ,
733 4103 61 65 rl4;
809 4106 174 51 apapescea
983 4127 32 33 e,q
1035 4116 78 58 tier
1481 4107 30 18 ~

1122 4116 109 59 inll%,
1263 4122 58 34 No
1426 4140 66 26 rap

184 4152 40 47 ti
224 4152 40 47 va
265 4152 20 47 g
285 4152 20 47 :
325 4154 85 35 th'af
424 4150 30 40 if
478 4159 74 32 wits
572 4157 37 35 in
635 4154 63 41 Hie
715 4166 135 43 power
879 4162 44 34 of
947 4155 184 57 Eligland,
1157 4178 92 26 even
1269 4163 48 52 by
1335 4163 60 45 the
1415 4172 76 41 eni-

0 2404 87 196 104

3243 1344 30 45 {.t~

3236 1387 48 71 ~`:'
