3413 4441
1093 72 148 52 THE
1277 66 380 57 NATIONAL
1694 64 380 52 REGISTER.

608 203 176 48 HOUSE
814 211 66 39 OF
911 206 278 54 COMMONS,

699 317 200 50 alonday,
919 319 96 39 Feb.
1031 324 67 40 20.

273 376 38 39 A
328 387 80 28 new
430 379 104 37 Writ
549 390 79 26 was
658 380 161 35 ordered
850 386 41 31 to
919 383 52 34 be
999 383 122 37 issued
1147 383 59 37 for
1232 383 63 35 the
1326 379 178 46 Borough
1530 381 41 33 of

223 424 61 37 St.
306 428 158 43 Mawes,
483 428 38 37 in
539 428 63 35 the
620 439 105 25 room
743 429 46 34 of
810 429 97 35 Lord
922 426 176 48 Vi6count
1098 426 21 48 .
1120 426 222 48 Ebrington,
1355 430 99 41 who,
1474 431 94 33 since

227 474 60 37 his
302 476 178 41 electiou,
500 476 71 34 had
587 476 180 45 accepted
783 488 25 22 a
822 478 234 35 commission
1075 480 34 34 in
1128 480 56 34 his
1205 477 191 47 Mtijesty's
1421 477 145 34 Forces.

280 522 73 35 Mr.
376 523 148 44 Sturges
547 524 143 34 Bourne
707 523 162 45 brought
888 536 50 33 up
973 527 64 33 the
1075 526 139 46 Report
1245 528 44 33 of
1311 526 61 34 the
1401 526 165 44 Donegal

228 567 175 45 Election
416 570 237 43 Committee,
670 570 86 37 that
775 572 59 34 Sir
853 570 129 47 Henry
1015 574 254 45 Cunningham
1294 570 272 47 Montgomery,

228 615 112 44 Bart.
361 627 77 26 was
455 617 91 48 duly
563 619 159 44 elected,
749 619 71 34 and
836 619 83 37 that
944 621 65 34 the
1026 620 169 38 Petition
1215 633 73 22 waa
1307 626 64 30 not
1390 620 178 34 frivolous

229 665 74 34 and
324 666 213 34 vexations.

278 712 161 34 General
458 713 180 35 Tarleton
656 713 194 45 pretented
861 725 25 25 a
905 713 170 38 Petition
1085 715 92 37 from
1198 716 206 48 Liverpool
1422 716 139 46 against

227 759 69 38 the
312 758 99 37 Cam
432 761 202 46 Distillery
653 762 259 38 Prohibition'
930 761 93 38 Bill.

724 824 123 34 DUItE
867 826 57 33 OF
945 826 146 38 YoRX.

285 867 70 34 Dr.
377 868 171 35 Medealf
568 868 109 46 being
691 868 93 35 nose'
796 869 119 35 culled
933 875 39 30 to
989 865 57 50 the
1045 865 19 50 7
1064 865 96 50 fler,
1180 872 181 37 informed
1378 874 64 34 the
1460 874 81 34 Com-

234 914 130 35 mittee
394 918 81 34 that
508 918 91 33 Mrs.
628 918 142 35 Clarke
784 919 123 34 'could
925 922 65 31 not
1005 920 128 34 attend
1162 920 63 34 the
1241 928 180 30 summons
1446 917 44 39 tif
1509 921 59 35 the

234 965 133 34 House
384 964 96 34 from
500 965 275 45 indisposition.

288 1012 72 33 Mr.
380 1012 404 35 WICARTON.—How
810 1012 86 46 long
912 1015 51 34 do
992 1025 76 33 you
1097 1015 162 45 imagine
1271 1017 80 34 that
1368 1017 72 34 this
1463 1018 89 34 indis-

233 1058 168 45 position
418 1071 85 32 may
520 1071 39 22 so
575 1059 58 34 far
648 1061 172 38 continue
836 1071 39 24 as
899 1068 39 28 to
969 1062 249 48 iticapacitate
1235 1064 65 37 her
1310 1064 97 37 from
1423 1068 124 34 attend-

242 1107 65 43 ing
320 1106 74 35 this]
416 1107 244 34 Committee?

288 1154 72 34 1)r.
384 1155 175 41 Medcalf-
559 1155 21 41 7
580 1155 110 41 --Two
707 1155 106 45 days.

288 1200 96 40 (Dr.
407 1201 171 35 Medcalf
593 1214 71 22 was
683 1202 89 35 here
789 1202 151 35 ordered
961 1208 38 32 to
1018 1206 240 47 withdraw.]

287 1248 76 35 Mr.
397 1248 169 37 Johnson
591 1250 196 35 examined
817 1252 48 43 by
900 1253 63 34 the
994 1253 309 39 CHAffeELLOR
1329 1253 47 38 of
1396 1257 63 35 the
1487 1259 54 34 Ex-

236 1303 57 26 en
302 1298 260 40 EQUER.--Q.
586 1298 39 34 In
645 1292 119 40 what
764 1298 177 38 situation
958 1311 67 26 are
1043 1312 91 33 you,
1162 1304 84 34 Sir?
1277 1305 47 33 A.
1349 1305 58 33 An
1422 1305 126 46 Inspec-

235 1346 63 31 tor
322 1344 44 33 of
390 1345 144 33 Franks
569 1345 35 33 in
631 1345 59 33 the
720 1345 233 44 Yost-office,
979 1346 31 35 it
1043 1350 26 33 is
1094 1361 59 34 my
1170 1351 92 39 duty
1291 1357 39 28 to
1362 1354 112 33 make
1500 1365 45 25 ex-

235 1390 332 41 aminations.---A).
600 1393 103 33 Look
723 1398 39 28 at
784 1394 61 32 the
861 1396 104 33 small
996 1407 131 34 paper,
1150 1398 69 34 and
1239 1389 91 46 look
1356 1406 39 28 at
1417 1402 63 32 the
1502 1403 50 33 let-

234 1443 92 35 ters,
354 1440 69 33 and
455 1440 85 34 then
563 1449 159 32 answer,
756 1439 169 37 whether
951 1443 91 45 they
1057 1455 65 27 are
1139 1448 51 33 all
1206 1447 45 34 of
1264 1447 61 34 the
1343 1457 99 25 same
1460 1449 87 34 hand-

234 1486 177 45 writing?
442 1487 48 34 A.
523 1486 83 37 The
634 1488 268 45 hand-writing
928 1491 35 33 in
984 1492 60 34 the
1062 1495 103 32 small
1183 1500 85 28 note
1281 1505 41 24 so
1341 1496 151 44 exactly
1514 1508 35 24 re-

230 1534 155 39 sembles
403 1534 81 33 that
504 1534 34 33 in
565 1534 61 33 the
654 1537 143 41 letters,
829 1537 80 35 that
930 1539 17 33 1
967 1540 118 46 really
1104 1540 107 37 think
1231 1541 89 46 they
1336 1553 66 30 are
1421 1546 144 33 written

229 1580 51 45 by
300 1580 64 34 the
377 1590 96 26 same
494 1592 146 33 person.

285 1629 71 38 Mr.
377 1630 100 34 Serie
488 1630 236 40 ealled.-r-Q.
748 1625 115 50 What
882 1632 28 33 is
930 1645 93 27 your
1037 1636 189 41 situation,
1246 1638 85 33 Sir?
1362 1638 50 35 A.
1434 1639 33 34 A
1491 1639 50 35 De-

227 1681 96 39 puty
338 1676 196 45 Inspector
553 1676 46 34 of
619 1677 224 41 franks—Q.
883 1682 32 33 1S
933 1683 61 33 teat
1026 1684 30 33 is
1090 1696 93 32 your
1212 1685 155 44 opinion
1382 1697 39 24 as
1439 1691 38 28 to
1505 1690 59 32 the

227 1723 128 44 point,
386 1724 174 33 whether
583 1724 50 34 all
664 1727 64 32 the
756 1728 126 34 letters
907 1739 64 25 are
1002 1730 37 34 in
1069 1731 63 34 the
1157 1733 263 40 hand-writimr
1436 1736 45 32 of
1502 1736 61 33 the

227 1776 100 28 one
345 1772 158 44 person?
536 1773 50 33 A.
606 1773 18 33 1
648 1773 97 34 have
762 1775 193 34 examined
974 1778 99 34 them
1090 1780 51 34 all
1173 1791 86 34 very
1278 1782 197 41 carefully,
1494 1785 69 32 and

227 1827 64 34 my
308 1819 157 44 opinion
495 1820 44 41 is,
567 1821 80 33 that
676 1821 65 34 the
756 1827 86 30 note
861 1825 72 33 and
957 1825 63 34 the
1036 1827 122 34 letters
1173 1838 65 25 are
1264 1828 149 35 written
1436 1831 48 45 by
1504 1832 60 34 the

229 1876 103 24 came
347 1876 146 34 person.

282 1909 11 1 _
306 1909 11 1 _

281 1912 77 34 Mr:
377 1913 135 35 Nesbit
533 1915 236 43 called.—Q.
800 1916 115 35 What
940 1930 66 24 are
1036 1932 90 34 you,
1146 1923 84 34 Sir?
1263 1924 46 34 A.
1330 1924 18 34 I
1365 1935 59 25 am
1448 1925 37 34 in
1504 1926 60 34 the

229 1959 129 34 Letter
374 1961 47 33 of
444 1963 182 43 Attorney
648 1964 116 35 Office
787 1964 34 33 in
837 1965 61 33 the
919 1968 181 35 Hank—l
1121 1970 91 33 have
1231 1976 37 28 to
1283 1974 174 34 examine
1469 1972 76 52 from
1545 1972 20 52 .

227 2007 105 45 forty
353 2015 37 27 to
416 2020 71 22 one
513 2010 158 33 hundred
697 2011 74 34 lett
771 2011 19 34 e
790 2011 19 34 r
809 2011 19 34 s
850 2014 20 45 d
870 2014 20 45 a
891 2014 40 45 il
931 2014 20 45 y
951 2014 20 45 ,
1024 2015 19 34 I
1075 2017 22 33 h
1097 2017 70 33 ave
1185 2020 22 33 l
1207 2020 45 33 oo
1252 2020 22 33 k
1274 2020 24 33 e
1298 2020 24 33 d
1341 2026 93 39 very
1447 2024 99 31 atten-

226 2055 124 44 tively
361 2061 39 28 at
413 2056 53 33 all
485 2056 65 34 the
576 2068 150 33 papers,
752 2060 70 33 and
843 2070 102 26 more
974 2063 246 46 particularly
1243 2078 40 24 as
1311 2070 39 31 to
1380 2067 63 34 the
1466 2074 98 37 note,

224 2102 343 45 and.afteeltaving
580 2106 198 34 examined
804 2108 97 33 them
931 2109 52 34 all
1015 2121 89 34 very
1123 2114 270 45 particularly,.
1415 2117 71 35 and
1505 2118 59 34 the

224 2153 91 31 note
332 2150 136 35 almost
485 2152 111 34 letter
615 2154 47 43 by
677 2154 128 41 letter,
823 2165 60 34 my
900 2158 156 44 opinion
1081 2160 44 37 is.
1154 2160 84 34 that
1260 2163 90 43 they
1375 2173 100 25 were
1502 2172 61 27 not

224 2197 152 34 written
397 2199 50 43 by
464 2199 64 33 the
542 2210 96 22 same
658 2204 244 41 person.—Q.
928 2205 112 33 What
1057 2215 69 25 are
1149 2205 61 35 the
1232 2210 156 41 grounds
1414 2212 43 33 of
1483 2212 78 33 that

221 2245 159 41 opinion
398 2245 12 32 ?
467 2245 57 34 A..
534 2246 80 34 The
645 2254 85 27 note
752 2249 28 32 is
808 2250 34 33 in
867 2262 25 22 a
909 2263 110 25 murk
1033 2261 124 30 neater
1173 2256 98 34 band
1285 2270 11 22 ;
1322 2269 112 26 every
1454 2259 109 33 letter

224 2301 35 22 m
278 2302 158 32 ,reover,
470 2300 115 28 seems
605 2303 99 26 mere
718 2296 234 46 laboriously
973 2300 141 35 formed
1131 2303 67 33 and
1218 2304 126 34 stiffer.
1398 2298 80 41 The
1501 2317 39 32 ge-

221 2340 104 33 neral
343 2340 201 35 character
560 2341 45 34 of
619 2342 60 33 the
697 2349 89 27 note
806 2344 43 40 is,
874 2344 81 37 that
974 2348 28 34 it
1023 2349 30 33 is
1069 2360 25 24 a
1109 2350 162 44 smaller,
1298 2354 37 33 in
1367 2363 24 25 a
1421 2359 139 35 neater,

219 2385 74 34 and
314 2387 34 33 in
366 2396 24 25 a
403 2399 103 22 more
524 2388 141 35 formed
683 2389 102 37 hand
803 2391 86 37 than
918 2394 65 34 the
1007 2395 128 37 letters
1160 2396 96 37 from
1277 2401 184 44 Sandgate
1489 2404 69 33 and

224 2433 244 45 Weymouth.
524 2435 87 34 Ido
628 2441 61 31 not
710 2438 158 41 hesitate
893 2445 39 30 to
950 2453 66 33 say
1038 2444 81 34 that
1140 2446 19 33 I
1193 2446 45 33 do
1258 2453 61 28 not
1337 2448 145 35 believe
1500 2451 61 33 the

220 2485 90 28 note
328 2486 35 27 to
385 2481 44 34 be
442 2483 40 34 in
501 2481 63 37 the
582 2485 270 47 hitad-writing
869 2489 45 34 of
940 2490 63 34 the
1036 2503 100 22 same
1160 2504 131 34 person
1323 2497 85 34 who
1443 2505 116 27 wrote

224 2526 67 37 the
304 2528 137 35 letters.

268 2575 78 35 Mr.
369 2575 181 38 Bateman
572 2580 200 35 examined
801 2581 48 45 by
868 2583 64 33 the
954 2584 115 37 Arro
1078 2597 54 25 RN
1143 2590 169 34 ry-fiEN
1325 2601 52 25 ER
1387 2602 20 24 A
1420 2594 137 40 L.-Q.

220 2623 50 34 In
288 2622 102 34 what
409 2623 164 37 business
591 2636 65 24 are
673 2639 72 33 you
763 2629 13 33 ?
833 2629 47 34 A.
912 2630 96 37 lam
1028 2637 197 43 employed
1248 2640 34 32 in
1306 2640 61 33 the
1390 2640 105 35 Bank
1521 2642 41 33 of

219 2670 171 44 Af.ngl:ind
412 2675 37 30 to
467 2675 174 40 examine
671 2687 150 33 powers
839 2678 44 33 of
900 2685 191 43 attorney,
1120 2683 71 33 first
1220 2696 39 22 as
1279 2691 37 30 to
1336 2687 63 33 the
1417 2688 123 44 regula-

217 2717 81 46 rity
314 2717 41 33 of
381 2719 115 43 them,
521 2721 72 34 and
612 2721 84 34 then
712 2734 43 22 as
769 2727 39 30 to
827 2724 59 35 the
902 2727 315 43 signatures.—Q.
1250 2734 106 33 Have
1380 2746 74 33 you
1467 2747 69 22 exa-

222 2765 128 34 mimed
371 2765 106 35 those
495 2773 76 30 two
589 2769 123 35 letters
729 2771 73 34 and
821 2771 60 34 the
898 2780 102 35 note,
1024 2776 64 37 for
1116 2778 61 34 the
1200 2791 162 38 purpose
1378 2781 46 34 of
1440 2792 99 26 ascer-

221 2812 150 46 twining'
390 2812 172 37 whether
580 2817 93 44 they
687 2817 97 35 have
802 2819 90 34 been
911 2824 151 34 written
1081 2825 48 44 by
1157 2825 61 34 the
1243 2838 97 25 same
1357 2825 130 50 person
1518 2843 43 21 or

220 2864 65 30 Dot
302 2859 120 35 ?A.
454 2861 19 37 I
494 2862 210 41 have.—Q.
729 2867 43 39 in
790 2877 94 33 your
889 2867 211 48 judgment,
1124 2884 97 25 were
1238 2877 87 43 they
1349 2877 146 35 written
1512 2880 46 45 by

219 2906 66 35 the
301 2916 102 26 same
420 2919 132 34 person
568 2911 14 33 ?
638 2913 48 34 A.
717 2913 126 35 There
861 2914 30 35 is
906 2927 25 22 a
947 2928 92 37 very
1056 2923 287 51 corresponding
1357 2926 200 47 similarity

219 2955 176 34 between
410 2955 115 37 them.

267 3002 83 33 The
364 3012 86 25 next
469 3006 146 34 witness
628 3006 120 34 called
767 3008 53 41 in,
846 3020 74 25 was
937 3012 74 35 Mr.
1030 3012 111 47 Bliss,
1170 3014 196 48 Inspector
1381 3019 45 35 of
1441 3018 94 48 Forg-

219 3048 48 37 ed
293 3051 109 34 Bank
420 3052 119 34 Notes
557 3053 35 33 in
612 3054 61 33 the
693 3054 113 35 Bank
826 3058 43 33 of
881 3060 187 44 England.

267 3098 51 39 Q.
341 3098 109 34 Have
457 3107 21 34 -
478 3107 65 34 you
556 3102 200 35 examined
769 3104 64 34 the
844 3109 165 33 notearmi
1023 3109 61 35 the
1097 3112 77 33 two
1187 3112 126 34 letters
1326 3124 81 26 now
1426 3119 67 41 put
1506 3117 35 35 in-

215 3146 43 31 to
270 3156 98 34 your
386 3145 130 43 hands,
534 3148 60 34 for
606 3150 60 33 the
685 3161 165 37 purpose
867 3154 45 33 of
924 3155 233 48 discovering
1170 3159 165 35 whether
1350 3163 208 44 tliq-vvere

219 3193 154 35 written
391 3194 51 45 by
459 3194 63 35 the
549 3206 100 25 same
679 3208 135 34 person
828 3210 46 25 or
888 3208 63 28 not
965 3203 14 33 ?
1032 3206 50 34 A.
1113 3206 17 37 I
1157 3207 208 43 have.—Q.
1395 3211 141 35 Accord-

217 3241 66 41 ing
298 3247 37 27 to
370 3241 61 34 the
458 3242 80 33 best
547 3241 196 47 judgment
767 3256 76 34 you
860 3257 65 25 can
938 3249 113 46 form,
1070 3262 67 25 are
1163 3255 90 46 they
1270 3267 45 22 or
1330 3262 65 30 not
1411 3260 145 35 written

216 3287 52 45 by
288 3287 64 34 the
369 3298 100 25 same
487 3300 130 34 person
632 3293 12 33 ?
696 3292 53 35 A.
781 3294 19 34 I
817 3295 132 37 should
963 3309 161 37 suppose
1140 3301 90 46 they
1250 3314 113 26 were.

266 3335 164 38 General
464 3337 206 47 Ciavering
690 3350 93 32 was,
809 3348 40 28 at
867 3345 56 34 his
953 3357 86 25 own
1075 3348 132 43 desire,
1224 3351 123 37 called
1365 3353 93 39 into
1475 3366 60 24 cor-

214 3387 80 30 rect
312 3389 86 40 part
412 3383 45 35 of
470 3385 64 33 the
552 3385 174 37 evidence
745 3390 47 34 he
811 3390 69 35 had
896 3392 130 35 before
1042 3397 123 43 given,
1201 3399 45 33 he
1263 3400 133 41 stated,
1410 3402 83 37 tbat
1512 3403 44 34 he

214 3429 74 37 bad
321 3438 113 26 never
461 3443 77 34 any
556 3437 169 40 personal
744 3441 328 37 communications
1090 3445 92 33 with
1212 3446 91 35 Mrs.
1328 3449 154 41 Clarke,
1508 3461 46 26 on

210 3477 69 33 the
294 3477 145 46 subject
458 3478 46 35 of
515 3490 109 33 army
637 3484 243 43 promotions,
906 3489 71 34 and
994 3490 80 40 that
1093 3491 44 34 he
1157 3503 73 26 was
1248 3497 200 34 convinced
1460 3498 98 41 Mrs;

211 3526 149 34 Clarke
387 3528 73 34 had
478 3537 47 25 no
540 3529 178 34 influence
736 3542 94 25 over
848 3535 60 33 the
928 3535 115 35 Duke
1056 3539 45 34 of
1121 3541 124 40 York.

261 3574 84 33 The
365 3575 146 33 witness
524 3575 91 34 then
634 3578 215 38 underwent
868 3592 25 24 a
914 3592 94 38 very
1023 3586 90 48 long
1128 3589 253 38 examination
1406 3592 51 47 by
1476 3592 74 39 Mr.

211 3619 136 44 Ward,
384 3621 78 37 Mr.
488 3622 239 43 Whitbread,
759 3626 76 34 Mr.
860 3628 136 47 Wynn,
1030 3632 60 43 Sir
1108 3634 162 38 Thomas
1294 3640 135 41 Torton
1429 3640 24 41 i
1475 3643 76 35 and

207 3667 116 35 Aber
338 3669 206 44 Members,
561 3671 35 34 in
617 3672 123 34 which
761 3673 47 34 he
823 3677 295 48 acknowledged
1139 3683 60 35 the
1212 3685 124 38 letters
1358 3694 37 26 to
1415 3690 47 33 be
1479 3689 74 46 his,

208 3715 130 35 which
367 3726 99 25 were
484 3718 187 44 produced
683 3719 58 45 by
762 3722 93 37 Mrs.
873 3725 151 37 Clarke.
1081 3730 60 34 He
1159 3731 129 37 denied
1305 3735 81 39 that
1408 3736 44 34 he
1467 3746 86 25 ever

201 3764 113 33 made
328 3774 104 26 more
446 3765 94 34 than
575 3771 78 28 two
665 3769 269 46 •applications
952 3780 39 28 to
1018 3776 90 37 Mrs.
1126 3778 159 44 Clarke,
1313 3784 71 32 and
1403 3784 90 34 both
1513 3785 44 34 of

201 3810 131 35 *bleb
353 3810 46 37 be
425 3814 107 34 made
550 3815 110 34 under
660 3815 22 34 .
683 3815 22 34 a
722 3816 211 38 c4liviction
951 3823 83 33 that
1051 3826 65 32 she
1134 3826 72 33 had
1221 3837 21 24 n
1245 3823 22 38 o
1271 3834 14 28 t
1316 3829 178 38 influence
1513 3837 38 30 to

1266 3875 109 38 other
1395 3889 76 24 was
1487 3888 60 26 not

1224 3924 112 37 ;MK
1357 3930 38 31 to
1427 3927 66 34 her
1521 3927 32 35 if

1215 3970 146 41 ;imeut:
1388 3976 72 33 and
1485 3976 63 40 the

1215 4019 123 34 which
1375 4022 46 34 he
1437 4024 107 34 could

1248 4065 159 38 relative
1427 4075 38 31 to
1485 4071 63 35 the

1199 4123 73 26 was
1293 4116 130 44 placed
1446 4123 96 40 upon.
1541 4123 20 40 l

1238 4162 92 39 Niko
1337 4175 28 27 w
1375 4166 58 47 ing
1449 4178 93 35 rAir

2695 63 157 51 FEB.
2876 66 87 47 26.

1633 210 44 33 he
1695 220 73 24 was
1785 209 209 46 appointed
2020 209 402 46 Brigadier-General,
2453 210 69 34 but
2548 210 146 44 shortly
2724 209 105 34 after
2857 215 40 27 to
2924 208 57 35 his

1631 257 180 45 surprise,
1830 259 45 32 he
1897 259 74 33 Was
1988 257 156 34 reduced
2164 263 38 27 to
2222 259 61 33 the
2303 259 93 32 rank
2412 256 45 34 of
2473 256 360 45 Brigade-Colonel.
2888 255 97 34 This

1631 306 266 34 circumstance
1913 306 191 45 appeared
2125 312 39 27 to
2181 307 74 33 him
2275 317 39 22 so
2333 306 314 44 extraordinary,
2676 307 83 32 that
2794 305 46 33 he
2861 309 122 28 wrote

1633 360 40 26 to
1693 353 93 33 Mrs.
1821 353 143 35 Clarke
1989 353 59 33 for
2082 353 93 34 law
2187 353 152 44 motion,
2367 359 41 28 as
2439 364 25 22 a
2497 363 133 35 person
2663 361 100 25 more
2797 352 124 44 likely
2940 354 41 32 to

1631 400 268 34 communicate
1933 400 137 47 speedy
2102 400 237 44 intelligence
2369 400 91 34 than
2493 400 164 43 through
2683 399 63 34 the
2764 399 158 33 medium
2941 398 48 34 of

1636 449 60 33 the
1716 449 219 34 war-office.
1989 450 86 33 Mrs.
2101 449 142 33 Clarke
2271 449 85 44 only
2389 448 184 35 informed
2603 448 92 40 him,
2728 446 84 34 that
2837 446 64 34 the
2917 457 45 25 oc-

1633 506 171 25 currence
1817 507 109 22 arose
1943 496 92 33 from
2049 507 24 22 a
2093 497 174 40 mistake,
2288 497 64 32 but
2367 496 67 33 she
2448 496 109 33 could
2575 495 158 45 explain
2752 504 46 24 no
2817 494 167 34 further..

1635 543 79 34 The
1728 543 146 35 witness
1896 555 74 22 was
2004 544 81 33 then
2115 543 252 45 interrogated
2396 554 90 34 very
2513 543 142 44 closely
2686 542 48 44 by
2754 542 77 35 Mr.
2855 541 104 35 Whit-

1636 591 111 34 bread
1766 601 40 24 as
1825 596 38 28 to
1884 592 60 33 the
1964 592 137 34 motive
2122 591 123 34 which
2269 592 67 33 had
2359 591 155 34 induced
2535 592 74 33 him
2633 596 39 27 to
2688 589 119 45 apply
2828 594 41 28 to
2888 588 92 34 Mrs.

1638 639 158 39 Clarke,
1818 640 104 32 when
1943 640 44 32 he
2006 650 71 22 wag
2095 651 40 21 so
2158 639 182 34 confident
2353 640 65 32 she
2435 639 69 33 had
2523 645 65 27 not
2606 638 175 34 sufficient
2800 635 183 35 influence

1636 685 91 37 with
1754 686 63 34 the
1848 686 115 35 Duke
1980 686 43 33 of
2034 686 115 37 York
2171 684 37 48 ti
2225 684 18 48 4
2261 684 109 48 obtain
2400 686 58 34 his
2484 684 159 48 objects.

1682 735 77 34 Mr.
1775 735 234 34 Greenwood
2034 733 71 34 and
2122 735 152 34 Colonel
2300 733 151 34 Gordon
2470 745 99 22 were
2585 732 113 45 again
2712 730 214 43 examined,
2941 741 44 25 as

1637 790 74 26 was
1731 783 74 34 Mr.
1827 782 141 41 Adam,
1988 782 83 34 who
2091 782 269 34 corroborated
2380 782 58 32 his
2454 782 139 33 former
2604 784 193 31 statement
2817 784 145 39 respect-

1636 829 60 45 ing
1714 829 61 34 the
1805 836 85 27 note
1918 829 187 46 supposed
2135 836 40 27 to
2207 830 44 32 be
2278 829 195 44 destroyed
2502 829 47 45 by
2574 829 158 34 Sandon.
2780 826 203 47 Benjamin

1636 878 132 39 Town,
1806 878 84 33 who
1905 878 133 44 taught
2068 878 94 34 Mrs.
2193 878 142 33 Clarke
2353 882 38 28 to
2418 876 105 45 paint
2549 888 46 21 on
2614 878 123 32 velvet
2767 883 77 26 was
2869 876 112 41 again

1633 926 211 40 examined,
1878 926 74 33 and
1983 926 120 33 stated
2132 925 65 33 she
2224 926 70 32 had
2322 925 175 34 declared
2522 924 66 35 she
2627 934 79 25 was
2724 925 34 34 in
2777 925 63 33 the
2874 922 107 35 habit

1635 973 44 32 of
1701 971 4 46 •
1717 972 148 45 forging
1894 973 66 33 the
1997 973 112 33 Duke
2146 972 45 33 of
2231 972 148 34 York's
2415 972 283 45 hand-writing.
2767 972 76 33 Mr.
2888 971 72 34 Par-

1636 1019 79 43 ker,
1762 1020 63 33 the
1871 1020 287 44 pawn-broker,
2190 1032 74 21 was
2301 1019 220 45 questioned
2549 1031 40 22 as
2623 1026 39 27 to
2696 1019 113 45 goods
2848 1029 106 34 pawn-

1632 1069 44 32 ed
1708 1069 47 41 by
1778 1068 90 33 Mm.
1892 1068 157 43 Clarke,
2073 1069 72 33 and
2177 1069 85 33 bills
2295 1068 234 40 discounted,
2562 1068 125 34 which
2711 1069 41 31 he
2780 1067 200 40 admitted,

1632 1115 69 34 and
1721 1115 77 34 said
1819 1115 63 34 the
1904 1116 86 33 hills
2014 1127 97 22 were
2134 1116 210 44 ultimately
2367 1116 89 43 paid
2477 1116 50 41 by
2544 1126 22 24 a
2585 1115 104 35 draft
2706 1115 45 34 of
2771 1116 65 33 the
2863 1115 117 37 Duke

1633 1162 46 35 of
1697 1163 128 43 York,
1840 1163 196 34 antedated
2055 1163 106 34 three
2180 1163 155 34 months.
2349 1161 275 46 —Adjourned.

2107 1299 194 48 Tuesday,
2321 1298 93 39 Feb.
2435 1300 67 37 el.

2158 1378 19 21 C
2186 1377 24 25 A
2219 1377 22 25 D
2252 1377 66 24 ETS
2329 1377 24 22 H

1682 1413 74 35 Mr.
1778 1414 151 35 Bankes
1958 1416 175 45 reported
2164 1415 96 33 from
2280 1416 59 32 the
2360 1415 122 33 Select
2509 1413 242 41 Committee,
2766 1411 213 46 appointed

1633 1465 35 30 to
1688 1465 154 41 enquire
1859 1463 79 34 into
1956 1463 63 33 the
2040 1469 157 37 corrupt
2213 1462 178 46 practices
2418 1462 33 32 in
2470 1460 191 44 disposing
2680 1460 44 33 of
2746 1461 234 46 writerships

1630 1509 70 32 and
1717 1509 210 46 cadetships
1945 1512 37 32 in
2009 1507 63 38 the
2093 1512 90 33 East
2206 1509 133 40 Indies,
2360 1508 83 33 that
2465 1508 70 33 .101
2535 1508 35 33 in
2590 1508 180 44 Annesley
2790 1509 96 32 Shee
2907 1508 73 35 had

1631 1556 91 35 been
1739 1558 123 43 guilty
1877 1558 45 34 of
1933 1569 100 34 gross
2052 1558 278 44 prevarication
2342 1556 135 35 before
2489 1556 61 34 the
2562 1557 235 40 Committee,
2811 1556 71 33 and
2897 1557 81 34 that

1631 1604 45 33 he
1691 1605 61 39 he,
1769 1605 59 33 fur
1847 1605 61 34 the
1925 1605 79 33 said
2021 1606 155 39 offence,
2205 1605 216 33 committed
2441 1610 37 27 to
2499 1605 63 33 the
2581 1604 154 44 custody
2750 1605 43 33 of
2810 1605 65 33 the
2895 1605 84 33 Ser.

1623 1651 107 46 jeant
1742 1658 41 28 at
1801 1652 128 44 Arms,
1943 1654 122 34 which
2086 1654 143 34 motion
2245 1663 74 25 was
2334 1651 139 46 agreed
2487 1657 53 28 to.

2006 1723 295 26 CONVENTION
2328 1723 60 26 OF
2417 1722 185 27 EIINTRA.

1680 1775 93 34 Lord
1793 1775 56 37 11.
1871 1775 148 47 PETTY
2034 1785 84 27 rose
2135 1781 40 30 to
2191 1775 74 35 call
2290 1775 64 34 the
2367 1774 184 37 attention
2569 1773 46 35 of
2631 1774 63 34 the
2711 1774 128 35 House
2857 1781 39 28 to
2915 1775 65 34 the

1628 1822 155 35 conduct
1793 1824 45 34 of
1851 1824 189 34 Ministers
2050 1824 35 34 in
2104 1824 65 35 the
2184 1822 226 45 expedition
2427 1828 38 27 to
2484 1822 196 44 Portugal.
2709 1822 80 34 The
2807 1825 172 45 Enquiry

1630 1873 45 31 he
1703 1878 91 27 must
1812 1871 155 34 contend
1983 1877 39 28 to
2041 1873 46 32 be
2340 1883 12 30 ;
2380 1872 63 32 the
2461 1870 165 33 tribunal
2647 1870 125 35 before
2802 1871 125 34 which
2948 1871 32 34 it

1630 1919 91 33 took
1740 1919 109 45 place
1867 1931 78 22 was
1962 1919 266 45 incompetent,
2239 1918 70 33 and
2327 1917 235 35 inconsistent
2581 1918 91 33 with
2686 1919 52 32 all
2759 1919 61 33 the
2839 1919 139 34 known

1630 1964 110 39 forms
1753 1967 46 34 of
1812 1968 72 34 law
1903 1968 72 35 and
1984 1969 130 43 equity
2133 1978 46 22 on
2200 1967 169 44 military
2383 1964 175 45 subjects.
2613 1965 80 34 The
2706 1967 118 34 Court
2842 1967 45 33 of
2903 1967 76 35 En.

1602 2014 1 45 ,
1615 2014 2 45 •
1628 2014 111 45 quiry
1754 2015 71 34 had
1841 2015 174 40 decided,
2027 2015 81 34 that
2126 2027 45 22 no
2193 2015 145 34 farther
2355 2015 171 41 military
2543 2014 240 44 proceedings
2803 2023 102 26 were
2914 2024 65 25 vie.

1626 2072 164 35 cesSary,
1813 2063 65 33 but
1905 2063 30 33 it
1954 2063 145 34 became
2119 2062 74 34 this
2213 2062 126 34 House
2355 2068 38 27 to
2408 2062 156 45 enquire
2578 2062 83 33 how
2672 2073 48 22 an
2738 2062 240 45 expedition,

1629 2108 60 33 the
1703 2117 309 28 commencement
2024 2109 43 34 of
2076 2111 126 34 which
2220 2109 70 34 had
2309 2112 91 32 been
2419 2108 207 34 conducted
2647 2108 90 34 with
2757 2111 133 33 valour
2903 2111 73 33 and

1626 2157 106 44 skill,
1759 2158 72 34 had
1850 2159 210 43 ultimately
2079 2158 219 34 terminated
2317 2159 35 33 in
2372 2156 268 35 mortification
2652 2157 73 34 and
2743 2157 216 46 disappoint-

1628 2212 112 30 'neut.
1791 2206 60 32 Sir
1877 2205 50 35 A.
1962 2205 196 44 Wellesley
2184 2216 73 22 was
2269 2204 210 46 appointed
2499 2210 37 27 to
2557 2203 64 34 the
2643 2205 191 33 command
2856 2204 45 34 of
2914 2205 65 34 the

1625 2262 105 35 army
1747 2254 165 33 destined
1943 2254 59 35 for
2020 2254 60 32 the
2095 2258 162 41 support
2275 2252 44 34 of
2340 2251 61 35 the
2422 2251 229 46 Spaniards;
2692 2252 70 33 and
2790 2251 188 46 certainly

1626 2298 72 34 this
1719 2311 74 24 was
1808 2311 24 24 a
1848 2301 176 34 selection
2040 2301 83 34 that
2138 2301 144 33 formed
2300 2311 46 22 no
2365 2307 84 37 part
2466 2296 45 37 of
2525 2298 57 33 his
2597 2300 223 44 complaint,
2831 2298 83 43 but,
2929 2310 47 24 on

1626 2346 61 34 the
1714 2354 193 39 contrary,
1933 2355 93 27 must
2053 2349 97 33 have
2177 2354 74 28 met
2275 2349 63 33 the
2366 2347 183 34 universal
2578 2348 255 44 apprcrhation
2856 2348 45 33 of
2914 2349 63 33 the

1623 2401 171 39 country.
1851 2396 74 34 But
1943 2395 34 33 if
1989 2395 63 34 the
2068 2407 100 24 mere
2187 2396 203 44 possession
2402 2395 45 32 of
2460 2394 136 33 Lisbon
2613 2395 270 45 aml•Portagal
2901 2405 78 24 was

1623 2443 65 33 the
1704 2441 141 46 object,
1864 2446 28 32 it
1917 2454 74 25 was
2008 2444 184 45 certainly
2211 2454 71 22 one
2298 2444 43 33 of
2366 2441 172 34 doubtful
2561 2443 129 44 policy
2706 2454 13 28 ;
2747 2441 57 34 for
2825 2444 58 32 till
2913 2443 63 34 the

1626 2490 145 35 French
1794 2502 100 25 were
1909 2492 177 45 expelled
2100 2491 99 34 from
2219 2492 131 44 Spain,
2379 2490 89 34 such
2490 2491 206 41 possession
2712 2496 91 30 must
2826 2491 150 45 always

1624 2538 138 33 remain
1782 2539 164 35 insecure
1962 2551 13 27 ;
2000 2538 70 34 and
2087 2538 45 34 of
2152 2538 58 39 all
2242 2539 61 33 the
2328 2537 215 37 calamities
2569 2537 84 34 that
2682 2538 105 33 could
2806 2537 118 38 nillict
2947 2551 28 22 a

1622 2593 172 39 country,
1812 2588 81 35 that
1912 2588 44 34 of
1971 2587 139 44 merely
2130 2587 269 45 reconquering
2419 2585 43 40 it,
2483 2584 116 34 while
2617 2596 59 24 we
2700 2591 133 28 cannot
2851 2588 126 34 retain

1625 2634 44 40 it,
1690 2644 74 24 was
1781 2647 70 22 one
1864 2636 45 33 of
1926 2635 63 34 the
2006 2640 176 40 greatest.
2228 2635 100 40 Still,
2342 2635 194 39 however,
2557 2633 105 34 there
2682 2643 98 24 were
2798 2634 111 34 other
2920 2636 38 33 le-

1622 2681 168 44 gitimate
1809 2682 145 44 objects
1975 2682 120 39 which
2124 2682 123 33 called
2263 2693 67 22 our
2347 2682 187 34 attention
2562 2685 39 28 to
2629 2680 208 45 Portugal;
2867 2682 107 38 there

1625 2735 76 26 was
1717 2740 22 24 a
1766 2731 138 34 French
1923 2741 104 33 army
2047 2732 83 33 shut
2148 2740 51 33 up
2220 2728 159 37 without
2408 2728 66 34 The
2493 2727 213 44 immediate
2718 2727 106 48 hope
2843 2730 45 38 of
2915 2740 40 28 re-

1624 2776 90 41 lief;
1742 2778 104 34 there
1866 2789 77 24 was
1957 2789 24 24 a
1997 2778 155 34 Russian
2172 2779 86 32 fleet
2275 2778 144 44 cooped
2439 2786 48 33 up
2509 2776 34 32 in
2562 2772 65 39 the
2646 2766 86 54 pert
2752 2777 46 35 of
2818 2777 130 46 Lisbon
2948 2777 22 46 ?

1623 2823 80 35 The
1727 2823 142 37 FrenCh
1884 2832 107 38 army
2014 2836 72 22 was
2104 2831 61 27 cut
2198 2825 57 33 off
2267 2825 93 33 from
2376 2822 174 37 external
2570 2823 213 41 assistance,
2800 2825 71 33 and
2895 2833 61 25 sur-

1623 2872 162 34 rounded
1800 2874 51 44 by
1870 2884 24 24 a
1910 2872 136 35 hostile
2073 2874 151 43 people.
2267 2872 185 41 Ministers
2471 2871 71 33 had
2559 2871 159 34 selected
2737 2869 26 44 a
2763 2869 26 44 •
2789 2869 185 44 Comman.

1623 2920 66 33 der
1708 2921 34 34 in
1763 2921 117 34 Chief
1893 2921 45 34 of
1950 2921 94 34 tried
2057 2921 200 40 abilities;
2283 2919 87 45 they
2393 2920 72 33 had
2484 2920 191 34 entrusted'
2691 2920 74 33 him
2784 2920 96 34 with
2900 2920 76 35 full•

1622 2967 273 43 discretionary
1910 2979 133 35 power
2059 2980 9 28 ;
2100 2978 77 24 was
2193 2968 32 33 it
2242 2973 60 28 not
2321 2968 113 33 hence
2453 2968 162 33 rational
2637 2973 35 28 to
2692 2968 180 33 conclude
2882 2968 94 33 that

1625 3014 44 34 he
1689 3015 124 34 would
1832 3015 93 35 have
1944 3018 91 32 been
2053 3015 200 34 continued
2274 3015 37 33 in
2327 3015 63 33 the
2408 3014 105 34 chief
2532 3014 193 34 command
2744 3015 57 34 till
2820 3014 66 38 the
2902 3014 47 35 ob-

1612 3060 85 45 ject
1719 3063 392 45 wasaccomplished?
2152 3060 4 47 •
2166 3063 78 37 But
2274 3073 46 24 no
2347 3063 89 35 sock
2464 3063 220 45 thing—Sir
2705 3061 144 37 Arthur
2868 3063 80 34 Wel-

1622 3110 115 46 lesley
1759 3112 70 33 had
1853 3117 64 30 not
1935 3111 69 34 left
2021 3111 102 35 Cork
2151 3111 106 34 three
2274 3111 106 44 days,
2412 3110 107 38 when
2543 3112 60 33 Sir
2629 3112 53 32 H.
2706 3111 269 35 Burrard•was

1619 3165 78 27 sent
1715 3159 100 34 ono
1833 3158 201 45 supersede
2049 3158 77 34 him
2157 3158 37 34 in
2217 3155 63 41 the
2295 3158 208 41 command,
2519 3158 72 34 and
2610 3170 47 22 uo
2670 3158 118 34 fewer
2805 3158 168 39 thausia

1609 3204 2 47 •
1623 3206 193 41 Generals,
1833 3208 52 34 all
1903 3204 171 47 superior
2104 3206 35 34 in
2172 3207 97 34 rank
2298 3211 35 28 to
2367 3204 64 37 the
2458 3207 144 44 gallant
2619 3204 141 37 Officer
2784 3208 85 35 who
2895 3216 80 27 'nos

1619 3255 201 46 originally
1837 3255 191 38 entruSted
2042 3261 38 27 to
2092 3254 4 47 •
2109 3254 64 34 the
2191 3255 208 40 command,
2421 3263 97 26 were
2536 3260 79 30 sent
2634 3260 39 28 to
2693 3254 61 44 the
2773 3266 102 32 same
2893 3255 64 40 des-

1619 3301 174 35 tination.
1850 3301 2 50 •
1864 3301 59 35 Sir
1937 3302 130 44 Harry
2087 3301 172 34 Iltirrard
2281 3312 72 24 was
2369 3308 38 27 to
2425 3302 159 35 succeed
2598 3302 61 38 Sir
2673 3302 65 35 'A.
2759 3301 211 50 Wellesley

1606 3350 81 33 :and
1707 3350 63 35 the
1787 3348 142 37 former
1950 3360 72 24 was
2047 3360 39 22 as
2111 3351 171 45 speedily
2301 3352 176 45 replaced
2499 3353 48 44 by
2569 3352 61 34 Sir
2648 3351 53 35 H.
2721 3352 248 52 Dalrympie.;

1624 3390 86 43 Was
1741 3403 12 30 t
1770 3405 65 27 not
1853 3399 37 34 in
1903 3399 65 34 the
1982 3398 246 35 recollectiou
2238 3399 45 33 of
2295 3399 65 34 the
2368 3398 38 37 II
2413 3410 103 32 ouse,
2531 3400 83 33 that
2634 3399 34 34 in
2686 3398 97 45 Aina.
2798 3399 94 37 MT
2906 3400 66 34 the

1622 3445 123 34 Noble
1753 3445 103 35 Lord
1869 3446 72 37 had
1957 3448 155 34 boasted
2126 3448 85 35 that
2230 3449 47 31 he
2291 3446 72 34 had
2380 3451 207 44 transports
2602 3445 169 38 for4ooo
2785 3449 188 44 cavalry;

1602 3494 86 34 -and
1706 3500 80 39 yet,
1799 3496 111 34 when
1923 3496 196 46 perpetual
2132 3495 174 35 demands
2320 3494 46 35 of
2372 3497 154 43 cavalry
2539 3506 103 25 were
2656 3491 107 40 made
2774 3496 39 33 in
2830 3497 58 32 Po
2895 3502 74 27 rtu.

1615 3542 102 43 gal,t
1726 3542 209 37 herecould
1946 3543 87 45 only
2049 3544 45 33 be
2112 3543 111 34 found
2243 3548 206 40 transports
2464 3543 63 34 for
2543 3543 87 37 710.
2676 3543 89 33 The
2781 3543 191 44 •artillery

1617 3588 125 37 horses
1761 3601 99 26 were
1877 3593 83 33 also
1981 3591 34 34 in
2034 3592 59 34 the
2131 3596 112 31 worst
2269 3593 164 43 possible
2456 3595 97 30 state
2565 3602 9 22 :
2607 3600 57 25 we
2680 3591 76 44 qad
2769 3589 100 38 froin
2882 3588 91 45 Co).

1618 3637 138 38 Robe's
1775 3646 144 39 report,
1948 3640 80 34 that
2046 3640 90 44 they
2159 3650 99 24 were
2276 3640 135 45 mostly
2438 3639 125 37 either
2576 3639 102 43 sick,
2698 3639 19 45 !
2717 3639 98 45 lame,
2841 3639 105 46 blind
2946 3639 21 46 s

1613 3693 44 26 or
1671 3692 77 31 cast
1766 3687 54 44 olf
1834 3687 46 45 (a
1898 3686 148 46 &ugh).
2105 3686 38 37 It
2158 3687 76 37 bad
2259 3698 91 24 even
2368 3689 92 37 been
2477 3686 99 38 said.
2596 3686 81 39 that
2693 3686 105 37 there
2820 3696 77 30 was
2922 3696 50 27 uo

1613 3733 172 41 occasiOn
1818 3735 59 34 for
1906 3735 97 45 good
2039 3736 124 35 horses
2192 3736 38 33 in
2261 3736 194 43 Portugal.
2510 3733 107 45 Wilh
2653 3733 133 46 re,gard
2817 3738 44 32 to
2878 3745 70 35 pro-

1602 3781 1 51 '
1616 3782 133 46 visions
1767 3783 58 33 for
1852 3783 65 33 the
1935 3791 122 38 army,
2083 3784 63 32 the
2166 3784 128 34 Noble
2315 3784 98 33 Lord
2450 3784 139 33 trusted
2611 3789 40 38 to
2673 3783 171 48 supplies
2864 3781 103 35 from

1616 3828 198 47 Portugal.
1825 3841 39 24 •a
1893 3836 158 40 country
2088 3831 142 35 where,
2257 3842 38 22 as
2326 3831 60 34 Sir
2420 3830 51 37 A.
2496 3831 162 44 Welles))
2657 3831 21 44 ,
2707 3829 70 35 had
2792 3829 80 53 said
2872 3829 20 53 ?
2907 3840 61 25 •no

1612 3876 139 47 supply
1770 3879 43 33 of
1825 3879 115 35 bread
1955 3880 110 34 could
2080 3878 47 37 be
2158 3879 93 43 had,
2282 3880 71 34 and
2381 3879 125 35 which
2533 3875 231 46 ralsed•cdrn
2791 3879 61 34 for
2877 3879 96 46 only

1611 3934 106 25 seven
1748 3927 154 33 'months
1943 3926 45 34 of
2021 3927 48 34 its
2106 3938 85 24 own
2230 3927 273 46 consumption.
2581 3927 85 33 One
2701 3927 161 33 General
2895 3926 79 34 was

1611 3973 208 43 appointed
1838 3980 39 28 to
1910 3984 224 32 commence,
2163 3986 25 24 a
2212 3976 132 37 second
2373 3979 40 30 to
2440 3974 176 40 conduct,
2642 3974 71 34 and
2747 3985 26 24 a
2791 3973 104 34 third
2921 3979 46 30 to

1609 4022 189 41 cotiplete
1812 4022 65 34 the
1893 4023 239 44 expedition.
2185 4025 84 32 The
2288 4022 124 37 Noble
2445 4024 99 33 Lord
2571 4023 106 34 then.
2693 4022 206 46 proceeded
2923 4029 44 28 to

1609 4068 168 35 consider
1794 4070 63 33 the
1877 4071 163 35 Articles
2054 4070 46 35 of
2112 4071 65 38 tile
2189 4071 217 43 Armistice,
2418 4071 74 34 and
2505 4071 239 37 Convention
2760 4069 43 35 of
2811 4070 150 40 Gintra.

1613 4114 111 35 From
1740 4117 61 33 the
1821 4117 240 48 procee4iiip
2073 4129 52 25 sari
2138 4119 66 37 the
2225 4120 189 53 Luqoiry,
2438 4119 33 34 it
2490 4120 148 45 seetnq
2657 4123 38 30 to
2725 4119 46 35 be
2786 4117 64 35 the
2875 4117 53 45 (vi
2928 4117 18 45 z
2946 4117 19 45 .

1605 4163 86 35 nion
1708 4163 41 37 of
1767 4165 59 37 the
1846 4167 158 35 General:
2004 4167 20 35 ,
2041 4167 78 35 that
2133 4161 106 44 ttttse
2251 4168 152 35 arttats
2422 4176 100 28 were
2537 4156 228 48 defensible;
2780 4165 100 38 from
2896 4163 65 38 the

200 3860 138 35 obtain
357 3861 112 34 them.
524 3856 81 39 The
625 3872 70 26 one
713 3862 47 35 he
778 3856 451 58 dicliot,;ict;i;;;Tth,'

198 3908 142 33 within
359 3908 66 34 her
442 3908 66 35 inil
556 3912 106 51 alypl
663 3912 21 51 c
684 3912 109 51 TkiN.
826 3908 141 48 eiewas
985 3927 47 26 an
1051 3920 92 33 offer
1156 3921 45 34 of
1218 3921 12 33 1

195 3954 69 37 she
280 3956 112 35 could
406 3957 35 34 01
469 3953 24 39 ,-
493 3953 12 39 -
580 3964 6 6 .
598 3965 8 8 •
673 3951 4 69 1
707 3951 9 69 ,
717 3951 11 69 L
802 3951 11 69 1
823 3951 9 69 ;
854 3951 32 45 i
886 3964 125 56 lea
1046 3977 81 26 new
1161 3970 69 43 rrgi

195 4004 223 86 secoldnp.,
449 3972 34 103 ',.
483 3972 11 103 1
494 3972 11 103 7
504 3972 22 103 5y
527 3972 24 103 ,:
550 3972 12 103 7
562 3972 12 103 7
574 3972 24 103 64
598 3972 12 103 ;
609 3972 24 103 11
633 3972 12 103 '
660 4039 31 28 ~..,
704 4012 39 53 '
743 4012 39 53 o
782 4012 40 53 e
853 4025 47 56 ..k-
901 4045 15 28 13
917 4045 8 28 ,
980 3972 4 118 .
1011 4018 188 33 ormation
1215 4028 14 25 %I

195 4058 63 28 slat

188 4098 72 35 toll
333 4064 33 71 in
366 4064 17 71 ,

188 4148 63 35 -be
313 4149 28 35 a
341 4149 30 35 s
432 4133 11 43 :
462 4134 14 44 1
476 4134 31 44 31
553 4117 397 58 10tr.k....-41110-r1,4.1..4,-e.
987 4110 26 53 ••
1013 4110 13 53 •
1026 4110 92 53 ,,80.1,
1139 4111 21 34 h
1160 4111 21 34 e
1199 4123 31 25 wi

266 4101 59 113 ;

480 4195 32 20 %.4
710 4172 20 15 ..,

774 4160 81 38 .01
913 4176 6 24 ;
944 4159 4 41 •
1035 4159 35 34 od
1107 4159 34 38 iu
1159 4160 61 39 the

656 4187 37 37 ~,
692 4187 18 37 s
710 4187 38 37 b.
748 4187 19 37 .
801 4188 74 32 fie..

430 4217 33 64 V
463 4217 69 64 4,
593 4207 97 53 .to‹.
742 4219 18 13 —
759 4219 38 13 3.
822 4222 25 21 -.
894 4233 13 13 .
957 4219 59 26 ''•Of

497 4254 11 12 `
524 4247 38 28 •I'•
880 4253 46 20 ->
958 4245 31 22 'O
989 4245 15 22 l

604 4310 6 5 •
656 4309 12 12 r
696 4281 5 48 '
731 4281 12 48 W
743 4281 38 48 --,
781 4281 156 48 '""r(f'..,'‹
964 4281 5 48 '

855 4317 9 8 •
944 4306 33 22 ->,

529 4325 17 48 1.
546 4325 8 48 -
559 4330 132 46 .1441
691 4330 26 46 -
717 4330 81 46 XLC
808 4342 48 39 •.7
867 4325 21 17 ''
921 4326 28 17 *-

700 4376 30 15 4

227 66 32 53 I
291 66 32 53 2

3236 4000 13 120 i
