3413 4441
1119 69 146 52 THE
1299 67 380 53 NATIONAL
1715 64 381 53 REGISTER.

235 207 183 38 thousand
448 206 110 35 souls.
609 206 83 34 The
717 206 125 33 flames
869 209 91 30 must
979 206 97 35 have
1101 206 90 33 been
1209 204 130 34 visible
1361 209 38 27 to
1415 213 24 24 a
1455 202 94 37 censi

234 254 157 37 derable
405 260 145 35 extent,
582 253 97 35 from
699 253 64 35 the
780 253 253 44 commanding
1054 253 180 35 situation
1256 250 45 34 of
1311 252 61 33 the
1394 248 175 43 Theatre,

235 304 73 35 and
339 302 46 34 of
407 311 131 26 course
568 301 184 34 attracted
778 300 149 34 crowds
953 302 35 33 in
1016 311 112 34 every
1156 300 196 34 direction.
1407 296 141 34 Russell-

234 356 129 38 street,
398 350 252 45 Drury-lane,
677 348 346 43 Catherine-street,
1061 348 312 43 Brvdges-street,
1398 344 149 35 Charles-

234 404 129 34 street,
394 397 247 40 Bow-street.
672 397 354 39 Tavistock.-areet,
1065 397 219 41 Long-acre,
1315 394 72 32 and
1414 394 133 33 Covent-

234 446 154 45 garden,
407 455 103 25 were
531 445 210 43 absolutely
763 444 99 33 filled
886 444 87 41 with
1003 449 217 39 spectators.
1274 441 96 34 Such
1403 450 77 22 was
1509 441 58 31 the

234 493 105 37 force
357 493 46 34 of
413 493 65 34 the
491 493 285 41 conflagration,
808 494 81 31 that
918 493 41 33 its
978 491 85 34 heat
1084 501 74 24 was
1174 489 164 43 strongly
1368 487 69 35 felt
1449 493 39 28 at
1507 487 63 38 the

235 541 138 35 church
392 540 39 35 in
441 541 314 44 Covent-garden.
807 540 81 32 The
911 539 125 34 Police
1051 539 154 33 Officers
1218 547 96 24 were
1331 534 239 41 unretnittlar

235 591 39 33 in
294 589 98 33 their
406 588 184 43 vigilance
614 588 70 33 and
703 587 200 38 attention,
924 588 65 32 and
1010 587 60 32 the
1089 595 157 22 avenues
1264 589 38 27 to
1319 583 63 33 the
1409 583 161 32 Theatre

236 647 102 24 were
352 637 165 45 guarded
542 637 50 44 by
614 641 126 31 strong
765 635 246 33 detachments
1044 633 98 35 from
1168 632 59 34 the
1254 632 106 33 horse
1394 630 70 34 and
1488 628 81 33 foot

235 684 151 45 guards,
402 685 71 33 and
483 684 143 35 several
646 681 45 34 of
704 683 61 33 the
783 681 190 34 volunteer
989 691 125 34 corps.

287 733 100 41 Only
405 742 69 24 one
489 731 83 41 life,
604 741 57 25 we
679 729 161 40 believe,
876 741 72 21 was
967 730 83 32 lost.
1107 728 34 32 A
1168 726 149 33 fireman
1346 725 28 34 is
1390 723 117 35 stated
1528 728 39 30 to

240 780 94 33 have
352 781 92 32 been
472 780 133 39 killed,
632 778 69 33 and
736 783 74 27 two
829 777 109 33 other
956 778 146 32 firemen
1123 774 200 35 wounded;
1350 772 69 33 and
1449 783 24 22 a
1489 771 78 37 lad,

239 828 87 34 who
346 839 76 22 was
435 827 170 44 assisting
622 828 61 32 the
697 824 155 46 playing
863 824 44 33 of
922 826 58 32 the
999 826 64 31 (ire
1081 823 159 41 cogines,
1267 821 119 32 broke
1407 821 54 32 his
1474 829 92 22 arm.

287 876 81 33 The
400 875 227 34 orieination
656 873 43 33 of
711 872 72 33 this
801 872 236 44 catastrophe
1056 872 30 32 is
1122 878 60 25 not
1214 867 268 44 satisl'actorily
1500 876 45 21 ex-

237 921 168 47 plained.
464 922 32 33 It
510 922 28 32 is
550 921 190 44 generally
770 919 191 37 admitted,
989 920 48 41 by
1068 918 102 33 those
1200 926 145 35 persons
1377 915 85 33 who
1493 915 76 33 fir::t

241 981 96 34 gave
369 971 63 32 th?
459 970 100 33 usual
593 970 119 33 alarm
742 966 43 33 of
816 969 84 38 lire,
941 967 79 32 that
1050 967 65 31 the
1157 965 63 33 tire
1259 961 230 35 commenced
1534 963 33 32 in

240 1023 65 31 the
322 1028 122 34 upper
464 1022 83 39 part
562 1017 45 34 of
614 1018 60 31 the
692 1016 111 33 house
817 1028 11 26 ;
855 1015 67 32 and
944 1015 58 32 the
1018 1019 143 38 present
1180 1012 235 44 supposition
1435 1010 41 39 is,
1513 1010 57 43 (as

242 1067 189 45 plumbers
446 1074 96 24 were
559 1065 216 43 employed.
800 1063 131 40 during
948 1062 60 32 the
1026 1062 103 33 earls
1155 1059 107 33 hours
1274 1058 44 33 of
1333 1058 163 43 eireday,
1531 1057 35 33 in

243 1113 194 46 repairing
454 1111 63 33 the
542 1111 118 33 lower
692 1119 83 38 part
793 1111 45 33 of
860 1110 63 34 the
951 1108 86 34 roof
1059 1108 71 33 and
1152 1106 198 39 reservoir)
1371 1106 83 33 that
1472 1115 98 24 sonic

239 1159 248 38 combustible
501 1160 202 38 materials,
722 1157 224 44 negligently
963 1155 65 34 left
1048 1156 152 39 behind,
1220 1152 289 35 communicated
1531 1157 37 27 to

240 1209 66 34 the
324 1208 125 38 wood,
472 1206 70 33 and
559 1208 213 41 eventually
804 1204 132 45 spread
956 1204 94 32 their
1071 1204 110 34 effect
1212 1204 78 32 into
1323 1201 61 33 the
1410 1205 136 39 appart-

240 1263 118 30 ments
377 1253 252 46 immediately
646 1264 91 25 over
763 1254 63 33 the
843 1253 241 33 coffee-room
1119 1250 44 33 of
1182 1250 63 33 the
1278 1248 180 33 Theatre.
1511 1248 57 32 An

237 1311 239 39 appearance
507 1300 44 33 of
565 1302 77 39 fire,
659 1309 39 26 at
725 1303 116 32 about
861 1311 24 22 a
901 1305 151 38 quarter
1084 1298 100 33 after
1199 1298 128 32 eleven
1344 1294 164 38 o'clock,
1539 1294 30 33 is

237 1354 80 34 said
335 1359 39 26 to
396 1352 92 31 have
514 1348 87 35 been
621 1349 196 44 perceived
835 1354 41 28 at
908 1358 24 21 a
952 1346 177 39 window,
1155 1356 45 24 on
1222 1344 63 34 the
1318 1343 131 34 second
1466 1346 102 39 story

237 1400 47 34 of
313 1398 72 34 this
411 1395 183 44 building,
620 1397 163 43 fronting
815 1395 275 37 Russel-street,
1121 1393 156 33 without
1310 1391 170 43 exciting
1495 1400 70 26 any

235 1446 280 48 properdegree
534 1446 43 32 of
587 1444 294 46 apprehension,
907 1442 73 39 till,
1005 1443 117 32 about
1137 1447 136 37 twenty
1286 1440 155 32 minutes
1455 1437 94 33 after-

240 1495 132 38 wards,
398 1493 63 33 the
495 1492 117 34 entire
645 1504 124 33 upper
803 1498 84 38 part
914 1489 41 32 of
985 1489 61 33 the
1082 1491 143 31 theatre
1257 1488 105 33 burst
1396 1486 76 32 into
1501 1495 67 22 one

234 1543 231 35 tremendous
480 1540 155 44 burning
648 1540 9 34 !
712 1541 79 33 The
809 1538 139 45 cupola
960 1537 69 33 and
1050 1535 65 37 Om
1133 1535 151 43 Apollo,
1305 1534 123 33 which
1449 1532 64 34 fell
1534 1532 33 33 in

234 1593 116 32 about
371 1590 41 34 It
442 1587 164 40 o'clock,
632 1589 72 33 and
728 1589 139 40 which,
896 1587 34 32 in
952 1594 111 33 every
1094 1584 196 38 direction,
1313 1581 142 33 formed
1481 1580 85 34 such

235 1639 209 46 prominent
470 1633 143 46 objects
633 1637 44 33 of
690 1633 307 45 contemplation,
1016 1642 98 25 were
1131 1631 59 34 for
1206 1641 99 24 some
1320 1630 89 33 time
1428 1629 138 44 clearly

233 1688 71 32 and
320 1685 200 41 sublimely
535 1684 321 44 distinguishable.

281 1735 81 34 The
377 1731 190 46 spectacle
583 1731 45 33 of
652 1731 76 35 real
746 1730 208 34 desolation
969 1728 122 34 which
1110 1728 63 32 the
1186 1729 178 30 structure
1384 1724 184 40 afforded,

230 1782 109 34 when
370 1780 276 44 contemplated
672 1780 98 33 from
806 1776 379 40 Blackffiars-bridge
1202 1780 38 27 at
1252 1774 86 32 tvel
1348 1783 41 22 ve
1408 1770 162 40 o'clock,

233 1830 60 34 far
309 1830 193 44 surpassed
524 1828 33 33 in
580 1827 261 39 magnificence
860 1835 72 33 any
965 1825 43 33 of
1028 1824 64 32 the
1119 1822 124 33 mimic
1263 1821 307 44 representations

276 1878 83 34 hich
381 1887 100 22 were
514 1885 87 24 ever
635 1876 142 33 viewed
810 1874 133 32 within
978 1873 44 32 its
1052 1872 120 32 walls.
1224 1870 81 34 The
1330 1869 91 33 shell
1442 1867 44 33 of
1506 1869 65 33 the

233 1925 172 40 building
425 1933 76 24 was
527 1923 86 34 then
630 1925 133 37 entire,
789 1922 71 32 and
879 1920 64 33 the
959 1930 120 34 upper
1096 1929 111 22 ramie
1235 1917 44 33 of
1306 1928 26 21 'l4
1348 1917 139 32 inflows
1500 1915 71 34 and

228 1974 66 35 the
312 1972 215 35 balustrade
543 1972 138 39 above,
700 1970 162 38 forming
880 1969 60 32 the
972 1968 120 32 whole
1119 1967 120 43 length
1267 1964 44 33 of
1337 1965 61 32 the
1423 1964 148 34 edifice.

230 2022 111 40 being
359 2021 119 33 raised
497 2019 122 33 above
633 2020 52 32 all
717 2019 60 33 the
794 2016 190 44 adjoiving
1007 2014 200 40 buildings.
1227 2013 71 33 and
1328 2011 146 33 thrown
1495 2013 77 31 into

229 2079 128 34 strong
372 2068 116 35 relief
503 2065 50 40 by
573 2068 63 33 the
648 2067 124 38 flame,
789 2063 197 33 resembled
999 2063 64 32 the
1082 2067 60 28 ant
1149 2063 71 31 tent
1233 2072 19 21 a
1259 2060 176 44 qnedacts
1450 2057 119 34 which

231 2128 67 22 are
324 2117 77 34 still
419 2117 204 41 remaining
643 2115 35 33 in
696 2113 64 35 the
774 2112 117 33 Somth
909 2109 43 33 of
978 2112 174 43 Europe.-
1195 2109 113 32 From
1325 2108 63 32 the
1407 2106 115 34 frame
1534 2106 44 32 of

227 2167 65 31 the
308 2165 135 34 edifice
476 2171 105 28 arose
607 2174 25 21 a
665 2161 118 33 broad
816 2160 104 32 stwet
951 2159 41 32 of
1012 2158 110 32 flame
1139 2169 9 21 :
1174 2166 46 22 no
1252 2156 97 33 wind
1376 2154 130 34 stirred
1535 2160 37 26 to

228 2213 122 33 break
370 2211 64 35 the
450 2216 200 43 symmetry
685 2209 46 33 of
754 2209 45 33 its
830 2211 136 34 ascent,
997 2216 40 21 so
1069 2205 81 33 that
1185 2205 28 31 it
1243 2202 220 34 terminated
1493 2202 81 33 in'a

282 2261 89 44 fiery
664 2257 93 35 This
770 2262 78 27 vast
863 2254 167 45 splendid
1043 2254 99 43 body
1163 2251 117 33 threw
1297 2259 47 25 an
1357 2250 215 43 interesting

231 2309 100 44 light
350 2320 47 24 on
430 2308 65 34 the
522 2306 247 43 surrounding
783 2302 156 46 objects.
990 2300 80 35 The
1085 2298 158 35 Thames
1269 2300 70 32 and
1369 2298 51 32 St.
1448 2296 125 34 Paul's

236 2366 99 25 were
353 2356 175 34 rendered
547 2353 194 44 unusually
763 2349 197 35 beautiful.
1011 2349 104 33 Thus
1128 2347 63 33 the
1214 2346 110 34 effect
1351 2355 73 22 was
1447 2347 126 31 rather

234 2406 84 32 that
328 2404 44 34 of
391 2417 46 21 an
455 2415 20 22 e
488 2405 171 33 laborate
676 2400 107 33 work
803 2398 45 35 of
868 2406 59 26 art
946 2396 86 34 than
1050 2396 46 33 of
1115 2407 25 22 a
1156 2395 90 34 fatal
1265 2393 185 45 casualty,
1468 2399 39 27 to
1526 2393 46 33 be

230 2451 188 37 lamented
448 2453 48 41 by
516 2452 50 34 all
587 2451 63 32 the
671 2448 103 34 Arts.

287 2502 255 41 Astonishing,
576 2497 148 39 indeed,
759 2506 76 22 was
863 2494 63 33 the
951 2492 152 35 electric
1129 2490 169 45 rapidity
1318 2489 91 34 with
1448 2487 124 33 which

234 2546 76 37 this
325 2546 69 35 tire
411 2544 291 38 communicated
722 2543 102 34 itself
837 2542 226 41 throughout
1083 2541 61 32 the
1167 2550 26 21 w
1205 2538 80 34 hole
1312 2536 45 35 of
1381 2537 65 33 the
1470 2537 85 32 then-

235 2602 74 30 tre.
364 2596 137 33 Words
519 2607 67 22 can
604 2602 142 33 convey
770 2602 45 24 no
829 2591 181 41 adequate
1029 2587 217 44 conception
1266 2584 44 34 of
1336 2584 60 33 time
1411 2584 158 43 awfully

235 2644 196 43 interesting
431 2644 19 43 .
467 2642 198 46 spectacle.
718 2639 105 37 Mute
837 2640 90 32 with
946 2636 176 44 surprise,
1148 2635 107 33 silent
1272 2633 33 32 in
1319 2631 165 44 despair,
1502 2631 71 33 and

231 2692 72 35 full
321 2693 45 34 of
386 2692 64 33 the
470 2689 241 35 recollection
739 2686 44 34 of
809 2687 158 33 another
991 2683 144 33 similar
1156 2687 118 28 recent
1297 2679 197 45 calamity,
1509 2678 63 33 the

230 2743 40 31 th
280 2740 151 41 naming
444 2738 195 35 multitude
656 2734 143 34 seemed
819 2731 200 37 assembled
1037 2730 63 33 for
1117 2739 45 24 no
1179 2738 158 35 purpose
1354 2738 40 22 so
1414 2726 104 34 much
1537 2735 40 24 as

233 2789 185 34 inwardly
441 2796 19 26 t
459 2796 19 26 o
496 2786 21 34 m
517 2786 21 34 o
539 2786 132 34 ralise
685 2793 98 34 upon
803 2783 59 33 the
881 2790 103 27 scene
987 2779 19 33 -
1006 2779 38 33 of
1056 2778 224 32 destruction
1296 2776 9 32 !
1361 2776 172 43 Scarcely
1554 2785 21 21 a.

229 2839 111 32 satire
360 2846 79 25 teas
471 2843 41 26 at
530 2845 70 22 one
620 2833 91 32 time
741 2829 131 35 heard;
922 2828 124 45 Every
1067 2836 70 24 one
1154 2823 105 35 stood
1291 2822 174 44 amazed,
1491 2832 65 34 per-

233 2885 158 46 plexed,
411 2883 220 35 tremulous.

282 2934 33 34 It
340 2936 27 31 is
381 2933 85 34 thus
485 2933 96 38 that,
617 2926 132 37 within
764 2926 64 33 the
843 2924 106 33 short
972 2931 113 35 space
1109 2919 44 35 of
1167 2919 97 37 little
1281 2929 102 22 more
1400 2917 87 34 than
1506 2917 71 34 five

229 2983 163 39 months,
416 2981 65 33 the
510 2985 77 28 two
606 2981 109 41 great
732 2975 181 34 Theatres
943 2970 41 34 of
1012 2980 71 24 our
1113 2967 223 44 Metropolis
1370 2966 93 33 have
1487 2966 91 32 been

228 3031 177 43 suddenly
423 3027 70 34 and
509 3026 162 44 entirely
685 3022 196 33 consumed
899 3033 11 27 ;
934 3019 115 35 while
1069 3017 63 34 the
1155 3015 135 34 Palace
1304 3013 45 34 of
1362 3015 63 32 the
1440 3013 138 34 Nation

234 3081 66 31 has
331 3079 80 33 also
430 3076 190 43 narrowly
654 3069 161 46 escaped
849 3070 63 32 the
931 3076 152 32 ravages
1101 3063 47 34 of
1167 3063 59 33 the
1246 3071 100 25 saute
1371 3061 208 40 des:oaring

228 3128 174 34 element.
457 3125 150 32 Chance
624 3120 70 33 and
724 3117 253 35 carelessness,
1011 3115 195 37 however,
1228 3120 65 22 are
1310 3109 78 33 still
1409 3109 63 33 the
1488 3109 87 43 only

230 3185 126 27 wises
378 3180 37 27 to
437 3172 120 33 which
575 3167 176 35 mankind
771 3174 150 35 appear
937 3159 172 48 disposed
1134 3167 37 26 to
1189 3157 184 35 attribute
1393 3156 63 34 the
1486 3161 92 30 most

229 3224 158 33 terrible
405 3222 44 34 of
463 3219 202 35 terrestrial
679 3211 230 38 disasters!!!

592 3278 19 22 A
625 3272 184 27 ODITION
823 3270 19 24 A
857 3270 20 24 L
907 3270 24 25 P
969 3266 159 28 RTTVIJI,
1143 3266 51 25 111
1194 3266 34 25 S.

283 3320 81 35 The
384 3319 65 37 fee
468 3319 119 34 begin
617 3317 33 31 in
672 3314 98 32 What
796 3320 74 22 was
885 3309 115 32 called
1024 3309 63 31 the
1109 3306 155 32 Chinese
1278 3301 137 40 lobby,
1448 3299 84 34 that
1551 3298 28 33 is

233 3371 65 34 the
330 3370 115 32 lobby
477 3363 224 37 nodernelth
738 3361 63 30 the
831 3357 115 45 grand
976 3357 118 32 lobby
1117 3353 119 33 which
1269 3348 105 34 faced
1400 3348 157 41 Brydges-

231 3426 130 26 sueet.
417 3416 92 33 This
524 3415 158 32 Chinese
702 3409 117 43 lobby
855 3417 73 21 was
957 3407 63 31 the
1044 3402 131 33 second
1206 3398 148 35 entered
1372 3397 109 37 goinz
1501 3396 77 32 into

230 3469 66 32 the
313 3467 170 32 Theatre
500 3462 98 33 from
613 3449 15 48 /
628 3449 294 48 131-v(l2;es-street
935 3467 9 22 ;
974 3454 28 32 it
1024 3461 78 24 was
1121 3449 139 33 usually
1278 3446 63 33 but
1361 3446 39 32 ill
1423 3443 154 45 lighted,

229 3516 73 32 nod
326 3514 93 32 from
455 3514 28 31 it
515 3506 181 37 ascended
728 3511 77 26 two
833 3502 210 33 stair-cascs
1063 3507 37 25 to
1122 3498 58 32 the
1202 3495 98 34 main
1320 3502 169 34 passages
1507 3493 69 32 smut

230 3565 146 34 lobbies
396 3559 94 35 level
515 3557 92 32 with
626 3555 61 32 the
718 3552 97 33 hack
844 3550 45 32 of
913 3550 59 32 the
1000 3547 102 33 front
1122 3547 130 31 boxes.
1311 3540 208 43 According
1539 3544 37 26 to

228 3617 66 31 the
313 3607 162 46 origin:it
502 3606 86 43 pl:in
602 3601 46 34 Of
663 3602 63 33 the
741 3600 168 34 Theatre
924 3596 69 33 this
1009 3596 158 34 Chinese
1181 3593 113 32 lobby
1313 3600 77 22 was
1408 3587 167 34 intended

228 3669 41 26 to
302 3663 44 28 he
378 3652 228 38 surrounded
640 3648 93 34 ttith
762 3647 128 43 shops,
926 3644 58 34 for
1009 3645 61 32 the
1095 3643 77 33 sale
1189 3639 41 33 of
1245 3638 150 35 various
1411 3635 163 39 articles,

227 3711 22 35 s
249 3711 67 35 uch
335 3717 41 24 ac
393 3718 20 28 g
419 3706 83 32 10%1'
502 3706 17 32 4
519 3706 18 32 ,
561 3699 124 37 fruits,
719 3696 70 35 ec.
807 3694 132 40 during
964 3693 60 32 the
1043 3689 268 46 performance.
1368 3685 81 34 The
1466 3683 110 44 shops

229 3758 72 34 had
321 3754 170 41 actually
513 3751 93 30 been
625 3745 107 34 made
750 3745 98 31 since
869 3741 64 33 the
959 3741 162 44 opening
1148 3737 43 34 of
1215 3736 61 32 the
1303 3732 180 39 Theatre,
1509 3732 66 33 but

223 3808 97 34 they
343 3800 187 38 remaioell
548 3797 85 32 shut
648 3804 51 33 up
722 3793 90 33 with
831 3791 174 35 shutter=,
1031 3795 113 25 never
1165 3783 132 40 having
1316 3783 91 30 been
1423 3780 150 33 finished

228 3866 46 24 or
292 3850 143 46 opened
457 3848 58 33 for
534 3843 125 35 actual
680 3852 76 24 use.
808 3839 94 34 This
915 3837 115 43 lobby
1050 3834 98 34 from
1166 3833 60 32 the
1243 3829 196 43 beginning
1459 3839 74 21 was
1552 3839 22 22 a

213 3904 206 57 /.cnurite
437 3904 61 27 tos
521 3893 43 33 of
580 3893 72 32 Mr.
673 3887 201 35 Sheridan.
902 3885 81 32 who
999 3889 39 27 at
1058 3882 61 33 the
1137 3881 307 32 commencement
1460 3875 40 33 of
1517 3876 59 32 the

227 3953 184 35 Theatre,
438 3945 71 34 and
528 3940 105 34 often
651 3938 99 34 sluice
778 3935 67 33 has
862 3935 91 31 been
972 3930 111 35 heard
1106 3935 37 26 to
1161 3930 104 31 bohst
1281 3926 102 32 what
1409 3935 22 22 a
1449 3930 123 39 pretty

228 4002 107 41 thing
357 3997 28 33 It
411 4006 26 20 'I%
448 3991 89 35 (mid
565 3990 45 33 he
638 3986 106 34 when
761 3981 158 35 finished
947 3980 70 34 and
1045 3976 143 45 opened
1214 3977 35 32 in
1266 3973 185 44 complete
1463 3972 109 43 style.

222 4051 66 35 To
306 4038 233 47 accomplish
555 4038 73 33 this
650 4033 72 34 had
737 4033 87 40 only
847 4033 90 30 been
952 4024 228 38 determined
1198 4024 71 32 this
1285 4031 142 28 season,
1446 4019 131 41 during

224 4100 69 33 the
324 4107 25 21 w
365 4094 87 34 hole
470 4089 43 33 of
536 4098 25 21 w
576 4084 87 35 hich
685 4084 64 30 the
765 4085 174 26 entrance
959 4082 38 27 to
1015 4075 64 33 the
1103 4072 162 33 Theatre
1278 4070 96 33 from
1395 4068 178 44 itrydgei.

226 4147 115 37 street
360 4143 70 31 has
445 4142 90 28 been
553 4135 86 31 shut
657 4141 67 35 up,
741 4129 80 33 that
836 4126 76 35 this
931 4126 115 41 lobby
1064 4121 72 35 and
1153 4120 59 33 the
1226 4119 111 44 bhops
1358 4119 37 33 in
1414 4117 25 32 it
1448 4106 124 48 might

227 4196 47 33 be
298 4187 156 39 finished
482 4183 78 34 and.
587 4178 159 47 opened.
808 4178 35 33 It
870 4183 74 25 was
972 4170 130 43 nearly
1127 4168 126 43 ready,
1281 4168 63 31 the
1370 4165 208 33 varnishers

228 4251 98 30 More
346 4238 41 35 at
411 4234 105 34 work
534 4230 128 38 rather
678 4228 79 33 late
774 4227 72 33 I;.A
861 4222 120 46 night,
1006 4218 73 37 and
1096 4217 96 35 from
1208 4214 209 46 negligence
1435 4212 61 34 the
1512 4212 67 35 fire

2694 56 159 50 FEB.
2896 58 70 46 26

1637 185 209 45 happened.
1903 184 90 34 lloa
2023 184 27 32 it
2083 180 193 46 happened
2309 181 28 32 is
2354 184 60 27 not
2432 178 152 41 exactly
2606 177 161 34 known;
2796 175 61 31 but
2889 174 26 32 it
2947 174 30 33 is

1637 234 135 33 known
1787 231 81 34 that
1884 231 64 34 the
1965 230 146 34 varnish
2131 227 133 44 caught
2283 227 78 38 fire,
2380 226 71 33 and
2472 226 78 32 that
2565 224 133 33 almost
2719 219 177 46 instantly
2911 220 67 43 the

1639 280 120 34 whole
1778 279 163 34 Theatre
1957 289 73 21 was
2049 279 35 32 in
2098 288 22 21 a
2133 278 131 34 blaze;
2296 275 61 32 the
2374 272 146 35 varnish
2539 273 109 43 being
2661 270 90 34 such
2770 267 204 37 combust'.

1637 330 59 32 ble
1716 333 150 35 matter,
1883 326 123 44 newly
2022 326 74 34 laid
2112 335 44 24 on
2173 325 69 33 the'
2250 322 118 33 walls.

1683 376 78 34 The
1789 376 221 44 metropolis
2028 384 76 24 was
2132 369 230 39 illuminated
2381 374 37 28 to
2435 369 63 33 the
2525 369 171 33 remotest
2726 369 104 40 parts
2849 361 45 34 of
2908 361 66 34 the

1636 430 115 34 town,
1776 423 71 33 and
1870 423 60 32 the
1950 422 230 41 intelligence
2199 419 45 34 of
2261 417 64 35 We
2340 417 90 34 stile
2443 416 48 40 of
2502 416 61 33 the
2575 413 177 40 calamity
2772 411 141 35 seemed
2929 415 45 28 to

1636 472 131 43 spread
1788 471 90 32 with
1892 470 107 43 equal
2021 469 182 44 rapidity,
2230 476 40 25 as
2289 467 135 44 people
2443 463 94 34 from
2552 464 48 33 all
2617 465 104 41 parts
2738 470 100 24 came
2851 458 98 33 Hock-

1637 520 58 39 iag
1727 519 161 34 towards
1919 519 64 33 the
2013 516 233 34 melancholy
2276 524 102 24 scene
2400 511 46 33 of
2460 513 142 38 action,
2628 520 40 24 as
2715 513 37 28 to
2770 519 25 21 a
2828 504 128 34 central
2955 504 19 34 ,

1637 567 118 43 point.
1807 566 81 33 The
1903 565 112 33 erotic]
2034 574 86 24 near
2138 563 61 33 the
2218 554 91 43 fatal
2330 565 83 40 spot
2433 570 78 22 was
2526 560 187 38 imincose,
2741 555 70 33 and
2837 553 50 34 all
2906 553 61 33 the

1635 620 126 28 streets
1782 614 146 40 leading
1948 619 35 27 to
2015 613 28 33 it
2074 622 99 24 were
2203 609 175 44 thronged
2407 607 92 34 with
2523 605 151 46 people,
2707 608 59 39 yet
2805 601 163 43 perhaps

1637 663 100 33 there
1757 663 28 33 is
1804 671 47 24 no
1869 661 161 33 instance
2047 672 45 21 on
2120 658 128 35 record
2269 658 34 33 in
2333 656 122 33 which
2474 656 104 33 there
2597 648 193 48 appeared
2812 650 67 32 less
2896 653 56 28 tur-

1636 710 150 34 bulence
1802 707 70 34 and
1892 707 207 34 confusion.
2130 707 48 33 As
2204 706 63 33 far
2282 716 40 24 as
2342 705 25 33 it
2387 713 74 22 was
2491 702 167 45 possible
2688 705 38 27 to
2751 696 131 33 detach
2902 694 64 33 the

1638 758 97 32 mind
1755 756 45 34 of
1824 756 65 34 the
1904 761 203 39 spectators
2126 754 92 34 from
2237 754 65 34 the
2317 751 113 34 awful
2450 750 72 34 and
2541 746 231 37 tremendous
2790 744 181 41 calamity

1636 806 34 33 in
1690 806 112 37 view,
1830 803 63 34 the
1909 813 233 34 appearance
2171 803 44 32 of
2233 801 64 34 the
2327 798 219 44 metropolis
2568 807 74 24 was
2674 796 34 32 in
2728 793 63 33 the
2822 791 146 34 highest

1635 853 133 44 degree
1788 850 161 43 striking
1964 852 71 32 and
2067 850 244 44 magnificent.
2361 844 80 38 The
2461 853 87 38 tops
2574 844 41 33 of
2631 843 60 34 the
2711 841 128 32 hoftes
2857 840 14 30 r
2913 839 54 33 all

1635 900 197 34 directions
1852 908 98 24 were
1972 899 155 32 covered
2146 898 90 33 with
2252 896 148 44 people,
2421 894 70 33 and
2509 894 104 32 those
2628 891 85 34 who
2734 887 106 34 stood
2871 896 103 33 upon

1635 960 71 31 any
1728 948 128 37 house,
1876 945 96 34 from
1994 946 123 33 which
2137 958 22 21 a
2178 946 98 33 view
2293 944 45 33 of
2360 943 256 33 Westminster
2642 940 69 33 and
2738 934 151 35 I'luckf;
2902 935 71 32 iars

1642 994 151 43 Bridges
1811 994 107 33 could
1950 994 45 32 be
2010 1003 99 26 seen,
2134 993 110 34 could
2261 1003 57 24 see
2341 1000 111 33 every
2471 998 198 35 passenger
2682 997 46 32 go
2752 994 91 21 over
2857 983 115 41 them,

1636 1044 69 33 and
1730 1042 189 43 distinctly
1948 1041 105 33 mark
2076 1041 59 34 the
2166 1039 255 34 ballustrade,:.
2477 1037 83 33 The
2583 1033 235 37 Patent-shot
2832 1032 17 32 .
2849 1032 123 32 I\lanu.

1636 1091 163 43 factory,
1824 1089 87 41 and,
1945 1088 146 40 inriced,
2124 1098 113 33 every
2255 1089 102 39 large
2373 1085 139 33 edefice
2530 1096 46 22 on
2596 1085 60 32 the
2687 1081 115 32 South
2833 1080 28 31 of
2862 1080 14 31 .
2906 1080 64 31 the

1636 1140 172 37 Thames,
1834 1147 41 24 as
1905 1137 83 33 well
2016 1146 39 24 as
2085 1136 106 33 those
2222 1147 47 22 on
2288 1135 60 33 the
2367 1134 110 33 other
2494 1131 93 39 side,
2616 1140 97 25 were
2735 1124 233 37 illumiealv:l

1637 1186 89 34 with
1756 1191 105 32 great
1890 1183 215 46 splendour,
2121 1183 69 33 and
2210 1181 230 35 contributed
2463 1187 39 26 to
2529 1179 128 34 render
2678 1178 64 32 the
2759 1186 91 32 coup
2869 1174 25 33 d

1635 1235 61 32 the
1713 1233 172 43 grandest
1906 1231 188 46 spectacle
2111 1231 43 33 of
2177 1232 61 33 the
2271 1230 87 34 kind
2385 1230 81 33 that
2486 1227 162 46 perhaps
2670 1226 63 31 has
2753 1233 89 21 ever
2872 1222 92 30 ',rt.,'

1675 1281 152 33 itnessed
1843 1280 96 33 since
1957 1281 79 31 that
2053 1279 227 34 memorable
2297 1278 196 43 calamity,
2511 1272 276 48 emphatically
2805 1270 143 34 denonii
2962 1289 9 4 -

1633 1330 105 33 nated
1759 1329 61 33 the
1839 1328 64 33 fire
1920 1326 44 33 of
1984 1326 159 33 London.

1664 1377 83 34 The
1767 1375 183 35 reservoir
1970 1375 44 34 of
2026 1380 113 28 water
2153 1385 45 21 on
2219 1374 64 34 the
2303 1370 209 47 fop,which
2533 1369 142 34 formed
2698 1367 94 32 with
2813 1365 63 33 the
2896 1364 81 33 iroa

1632 1426 143 33 curtain
1793 1424 63 33 the
1873 1419 103 47 topic
1995 1421 45 33 of
2055 1423 158 33 reliance
2245 1422 63 33 for
2337 1419 161 46 security
2522 1419 34 33 in
2583 1419 63 33 the
2668 1416 187 41 Prologue
2876 1411 91 33 with

1637 1472 118 33 which
1786 1470 64 34 the
1883 1481 79 22 new
1983 1470 161 33 Theatre
2165 1480 74 24 was
2257 1465 157 50 opened,
2445 1478 78 22 was
2549 1466 81 34 like
2648 1475 24 21 a
2689 1473 97 24 mere
2807 1460 137 34 bucket-

1635 1520 66 33 full
1722 1526 37 26 to
1778 1519 64 34 the
1859 1519 146 33 volume
2024 1517 44 33 of
2094 1518 66 32 tire
2186 1530 46 21 on
2257 1515 119 34 which
2411 1517 28 32 it
2459 1514 80 38 fell,
2576 1512 69 34 and
2667 1511 70 33 had
2759 1522 46 20 no
2833 1508 136 34 visible

1632 1569 104 33 effect
1759 1567 34 34 in
1813 1566 176 45 damping
2007 1565 45 33 it.
2105 1566 85 33 Any
2209 1569 158 40 attempt
2396 1569 39 30 to
2465 1573 47 33 go
2541 1571 87 24 near
2656 1559 61 33 the
2747 1559 129 33 flames
2896 1565 77 24 was

1635 1615 135 33 totally
1789 1603 404 53 impracticahle--and
2224 1613 52 33 all
2308 1612 79 33 that
2408 1620 74 24 was
2517 1619 35 22 ca
2562 1607 64 33 ved
2661 1606 94 33 from
2798 1604 78 34 ruin
2901 1612 74 24 was

1635 1663 93 33 done
1747 1654 48 52 by
1815 1662 64 33 the
1907 1670 170 35 presence
2107 1661 44 32 of
2186 1659 98 33 mind
2307 1659 67 33 and
2391 1658 162 43 activity
2572 1655 44 33 of
2635 1656 72 32 Mr.
2733 1655 117 38 Kent,
2888 1650 86 33 who

1637 1721 73 24 was
1728 1710 63 33 the
1809 1710 76 33 first
1906 1715 38 27 to
1961 1709 171 35 discover
2147 1709 63 32 the
2229 1708 148 37 flames;
2396 1708 77 34 .Mr.
2498 1704 158 37 Powell,
2676 1702 63 32 the
2759 1706 193 39 prompter
2969 1709 11 27 ;

1635 1759 67 33 and
1727 1757 278 35 Mr.lohnston,
2020 1756 64 32 the
2098 1756 198 32 mechanist
2313 1767 9 26 ;
2344 1754 89 33 with
2452 1754 64 34 the
2531 1759 73 26 two
2623 1757 71 26 waf
2702 1750 143 32 ehme.
2863 1747 110 44 They

1636 1805 227 35 ascertained
1884 1805 79 33 that
1983 1804 61 33 the
2061 1804 69 45 fire
2148 1804 118 33 broke
2285 1808 63 27 out
2368 1804 33 32 in
2422 1802 63 32 the
2502 1800 74 34 hall
2597 1799 111 32 under
2724 1798 60 32 the
2799 1796 116 40 lobby
2934 1799 40 28 at

1643 1854 295 43 Brydges-street
1956 1857 120 33 entry,
2098 1861 28 20 w
2148 1861 72 21 :ere
2245 1861 98 21 some
2362 1850 187 45 plumbers
2576 1846 71 34 had
2674 1847 91 31 been
2785 1848 38 28 at
2848 1843 124 33 work.

1644 1902 112 33 When
1774 1902 65 32 the
1872 1899 129 34 leaden
2019 1900 130 33 cistern
2181 1898 63 33 fell
2283 1899 50 39 in,
2353 1899 26 32 it
2413 1896 185 45 produced
2620 1906 19 20 a
2659 1893 117 32 shock
2813 1891 79 33 like
2928 1900 45 21 vn

1637 1948 248 44 earthquake,
1904 1946 67 34 and
1993 1946 61 33 the
2074 1946 154 44 burning
2248 1951 133 28 matter
2405 1944 124 34 forced
2558 1954 51 33 up
2630 1942 77 32 into
2743 1941 63 32 the
2826 1939 60 33 air
2915 1950 39 20 re-

1637 1996 157 34 sembled
1814 2007 22 22 a
1853 1995 150 34 shower
2022 1994 43 33 of
2078 1995 149 33 rockets
2244 1994 70 33 and
2335 1993 105 34 other
2459 1991 176 34 artificial
2661 1988 209 33 fireworks.
2890 1985 83 34 The

1639 2044 128 34 houses
1795 2044 35 33 in
1853 2042 110 34 Little
1989 2043 274 37 Rtssel-street,
2298 2041 124 43 facing
2446 2039 64 34 the
2535 2039 178 37 Theatre,
2746 2046 64 24 are
2837 2034 113 34 dread-

1639 2092 91 33 fully
1748 2091 128 35 searei
1892 2091 69 32 and
1983 2089 178 33 whitened
2178 2102 11 25 ;
2217 2099 102 24 some
2335 2089 43 32 of
2388 2091 100 31 them
2506 2086 70 33 had
2594 2087 89 30 been
2701 2095 45 21 on
2770 2083 65 33 tire
2852 2083 33 31 in
2909 2083 61 31 the

1643 2138 328 41 window-frames,
1989 2138 70 33 and
2083 2137 51 34 all
2159 2137 60 34 the
2242 2137 176 33 windows
2440 2144 69 25 are
2535 2133 141 34 broken
2701 2132 52 41 by
2772 2130 65 34 the
2867 2130 102 32 heat.

1644 2189 39 32 In
1706 2186 293 44 Vinegar-Yard
2015 2190 78 30 two
2117 2194 44 24 or
2183 2185 105 33 three
2311 2184 103 33 small
2443 2181 131 33 houses
2594 2180 98 33 close
2714 2184 38 27 to
2785 2178 63 33 the
2880 2177 74 32 box-

1638 2230 107 45 door,
1762 2245 67 22 are
1847 2235 123 37 burnt,
2002 2232 125 44 gutted
2163 2230 184 38 wills...she
2365 2231 78 39 fire,
2477 2230 65 33 but
2577 2228 60 33 the
2676 2226 109 33 walls
2818 2235 65 22 are
2909 2229 66 28 not

1637 2282 124 34 down.
1817 2281 85 34 Had
1922 2285 61 27 not
2009 2281 63 33 the
2100 2280 85 33 wall
2223 2280 34 34 in
2294 2275 110 38 lAttle
2440 2276 293 37 Itils,ell-street,
2767 2272 116 34 fallen
2919 2271 38 33 in-

1643 2330 117 33 wards
1779 2340 45 22 on
1843 2330 63 33 the
1919 2328 178 33 Theatre.
2118 2328 28 33 it
2165 2334 92 27 must
2276 2327 93 33 have
2381 2324 155 35 crushed
2556 2326 61 31 the
2634 2320 177 46 oppo:ite
2829 2320 143 32 hou,;e

1638 2378 100 35 That
1755 2383 113 26 street
1887 2378 44 39 is,
1946 2375 345 37 notwithstanditm,
2322 2373 99 34 filled
2440 2382 51 34 up
2510 2381 123 24 across
2650 2374 38 27 to
2715 2369 64 33 the
2797 2366 178 45 opposite

1641 2431 196 39 pavement
1857 2422 91 34 with
1969 2422 61 33 the
2048 2424 111 38 ruin',
2178 2422 80 33 chie
2259 2402 56 53 fly
2315 2402 19 53 r
2334 2421 44 33 of
2387 2421 64 33 the
2470 2419 200 39 fraTments
2688 2417 45 32 of
2748 2417 63 32 the
2831 2414 145 33 broken

1639 2472 220 39 colonnade,
1876 2472 61 32 the
1957 2476 102 28 stone
2081 2470 129 45 pillars
2226 2470 110 43 being
2356 2469 144 33 broken
2522 2469 74 31 lino
2616 2465 104 35 small
2746 2463 138 45 pieces,
2902 2461 72 33 am!

1643 2520 89 33 with
1752 2520 61 33 the'
1831 2519 247 33 stone-works
2095 2518 67 33 and
2186 2517 204 34 half-burnt
2406 2517 125 33 beams
2550 2515 43 32 of
2606 2515 148 32 timber.
2809 2509 81 34 The
2909 2509 70 33 fire

1641 2570 107 33 burnt
1781 2567 98 44 fully
1903 2577 48 33 up
1988 2572 38 27 to
2048 2567 246 43 Drury-lane,
2324 2572 37 26 to
2394 2562 123 35 which
2537 2574 22 21 a
2577 2567 87 39 part
2699 2559 43 33 of
2761 2558 63 34 the
2852 2557 106 32 build-

1642 2617 73 40 ing,
1742 2616 104 34 made
1869 2614 85 34 intol
1970 2626 22 21 a
2023 2614 294 44 scene-painting
2343 2622 122 30 room,
2494 2620 56 24 we
2583 2610 162 38 believe,
2789 2606 71 33 had
2888 2606 91 33 been

1641 2663 115 44 lately
1793 2662 162 34 carried.
2006 2662 83 33 The
2107 2661 105 32 walls
2250 2660 37 34 in
2331 2659 231 44 Drury-lane'
2589 2667 65 24 are
2680 2654 169 39 standing
2868 2665 11 26 ;
2909 2653 67 33 but

1644 2712 32 33 in
1703 2712 50 33 all
1792 2717 170 39 quarters
2002 2709 64 33 the
2115 2708 239 33 wood-work
2382 2706 72 35 and
2506 2705 116 34 inside
2648 2704 44 33 of
2714 2704 63 32 the
2806 2700 168 34 Theatre

1642 2769 60 24 arc
1722 2758 223 44 completely
1981 2756 124 34 down.
2157 2756 81 33 The
2257 2753 150 35 baker's
2437 2754 96 41 shop
2552 2751 138 44 dosely
2709 2747 191 45 adjoining
2915 2746 70 38 the,

1644 2806 164 43 building
1826 2805 43 33 of
1885 2805 63 33 the
1967 2805 178 35 Theatre,
2165 2804 35 32 iii
2225 2803 243 38 Drurv-lane,
2485 2802 89 32 does
2590 2806 65 27 not
2668 2806 149 35 appear
2830 2799 37 28 to
2885 2796 94 32 have

1644 2855 89 33 been
1753 2855 33 32 in
1805 2854 61 33 the
1881 2854 89 32 least
1987 2852 193 43 damaged,
2209 2856 64 28 not
2300 2861 86 24 even
2404 2846 190 35 distneied
2610 2846 65 33 !it
2741 2854 97 33 open
2851 2841 70 34 and
2941 2848 44 33 a;

1644 2902 158 33 business
1819 2911 40 22 as
1893 2898 33 34 if
1952 2898 154 44 nothing
2120 2898 67 33 had
2211 2897 191 47 happened
2420 2896 9 33 !
2458 2897 84 33 The
2559 2898 89 31 next
2668 2893 115 33 house
2794 2893 111 32 down
2921 2889 63 34 the

1644 2950 97 37 lane,
1761 2949 35 34 in
1813 2947 124 35 which
1961 2957 76 24 was
2054 2947 61 33 the
2134 2947 228 41 stage-door,
2394 2943 71 35 and
2492 2943 60 34 the
2583 2947 91 30 next
2707 2940 113 33 house
2842 2944 35 26 to
2898 2936 85 34 that

1645 2996 122 34 which
1791 3006 74 25 was
1884 2994 63 34 tile
1963 2995 202 43 Treasury,
2202 2993 48 34 do
2281 2998 61 30 not
2368 3002 96 24 seem
2484 2995 40 30 to
2543 2989 96 34 have
2657 2989 93 33 been
2769 2983 145 47 injured
2929 2986 52 44 by

1644 3044 64 33 the
1733 3044 80 41 fire,
1832 3043 141 44 though
1990 3043 91 43 they
2106 3053 66 22 arc
2199 3040 229 38 disordered,
2451 3048 100 24 some
2569 3037 43 33 of
2624 3035 63 33 the
2705 3034 180 34 windows
2901 3037 84 35 out,

1645 3090 67 37 &c.
1763 3091 84 34 The
1861 3090 170 45 building
2061 3089 45 33 of
2128 3090 76 33 this
2229 3089 163 34 Theatre
2420 3091 81 31 cost
2517 3085 190 43 200,0001.
2761 3081 57 35 Of
2831 3080 63 34 the
2913 3080 72 34 im-

1645 3150 117 22 MOM'
1794 3144 182 40 property
2008 3137 45 34 of
2078 3138 51 33 all
2161 3141 111 35 sorts,
2310 3136 35 34 in
2376 3145 169 34 scenery,
2572 3131 233 43 machinery,
2829 3128 156 41 dresses,

1644 3187 248 41 decorations,
1925 3185 130 37 music,
2089 3185 244 40 instruments,
2369 3184 124 45 plays,
2520 3182 73 34 &c.
2614 3180 45 34 of
2682 3177 124 35 which
2825 3175 158 44 nothing

1648 3246 73 22 was
1739 3234 128 37 saved,
1886 3244 58 22 we
1961 3243 67 24 can
2047 3233 92 33 form
2154 3244 50 24 co
2219 3233 185 33 estimate.

1690 3283 80 33 The
1791 3281 193 43 following
2000 3291 56 24 we
2074 3280 93 34 have
2184 3280 194 44 authority
2395 3283 38 30 to
2446 3288 84 34 say,
2546 3278 30 32 k
2593 3287 47 22 an
2657 3278 111 32 exact
2783 3275 201 33 statement

1644 3331 44 32 or
1700 3330 61 34 the
1781 3335 150 27 amount
1945 3328 46 33 of
2004 3328 63 33 the
2082 3339 93 22 sums
2194 3328 144 33 insured
2356 3337 44 25 on
2419 3327 65 34 the
2500 3327 180 38 Theatre,
2699 3328 40 28 at
2756 3321 64 34 the
2838 3328 149 39 rcapec

1645 3379 77 34 tive
1742 3377 246 35 Yire-Offices
2002 3389 9 21 :

1834 3425 84 34 The
1939 3422 143 35 British

1838 3472 185 45 Imperial

1839 3521 115 44 llope

1840 3568 118 45 Eagle

2681 3418 117 35 5.000

2661 3468 137 39 11,000

2666 3516 135 39 10,000

2686 3562 117 39 6,500

2594 3657 51 40 X.
2644 3657 152 40 14,400

2263 3661 112 35 Total

1689 3713 81 35 The
1787 3715 74 33 loss
1879 3717 39 30 to
1937 3712 64 33 the
2033 3711 233 35 Performers
2284 3712 28 32 is
2331 3713 91 31 most
2439 3710 157 33 serious.
2649 3707 110 41 They
2791 3704 96 35 have
2911 3703 76 37 lost

1642 3772 111 33 every
1789 3759 240 46 thing;----and,
2068 3761 35 33 in
2135 3771 70 22 one
2238 3759 92 43 day,
2359 3758 146 34 several
2543 3754 162 37 hundred
2741 3762 150 37 persons
2924 3761 70 25 nre

1644 3811 145 33 thrown
1807 3816 65 30 out
1887 3809 43 34 of
1942 3808 131 34 bread-
2122 3807 125 35 There
2268 3808 30 32 is
2315 3816 44 24 no
2386 3806 112 46 place
2522 3804 35 34 in
2577 3810 100 27 town
2696 3808 39 27 to
2759 3800 123 34 which
2900 3798 94 45 they

1641 3870 65 22 can
1728 3860 93 31 have
1843 3863 117 27 resort
1976 3868 39 22 as
2042 3867 22 24 a
2091 3860 221 41 temporary
2334 3854 161 48 theatre,
2515 3852 117 34 unless
2650 3852 87 41 they
2760 3857 99 25 were
2877 3853 38 28 to
2934 3847 40 33 di-

1644 3907 84 33 vide
1748 3906 220 33 themselves
1987 3905 78 33 into
2082 3904 142 34 several
2244 3901 155 47 parties,
2417 3900 76 35 and
2507 3905 61 30 act
2587 3904 40 28 at
2646 3898 61 33 the
2731 3896 177 45 Lyceum,
2928 3894 66 34 the

1646 3956 56 33 Ito
1714 3956 118 35 vasty,
1852 3954 67 33 ece.

1691 4003 80 34 The
1799 4003 71 31 loss
1889 4000 43 33 of
1946 4000 107 40 lives,
2076 3998 206 45 compared
2310 3997 90 33 with
2433 3996 84 34 that
2538 3993 123 35 which
2679 4004 58 22 we
2756 3992 71 34 had
2859 3998 39 28 to
2928 3989 45 34 de-

1644 4051 105 44 plore
1768 4061 45 21 on
1832 4061 22 21 a
1869 4048 143 35 similar
2029 4049 188 37 occasion,
2244 4046 28 33 is
2293 4045 305 35 inconsiderable.
2652 4043 83 33 One
2754 4050 148 35 person,
2937 4046 60 25 we

1643 4098 234 40 sindersrand,
1911 4106 76 24 was
2020 4094 279 35 overwhelmed
2326 4094 51 44 by
2395 4094 63 32 the
2485 4093 133 43 falling
2643 4089 44 34 of
2708 4089 64 34 the
2804 4089 85 33 wall
2917 4088 79 32 into

1648 4146 190 37 nussell-st
1847 4150 92 33 met,
1954 4144 69 38 and
2043 4144 44 44 by
2107 4143 61 34 the
2190 4153 99 24 same
2302 4139 396 39 occurrenceatiother
2711 4147 74 24 was
2794 4148 40 22 so
2848 4131 149 39 bruised

1641 4205 39 25 as
1701 4200 38 30 to
1755 4194 45 34 be
1813 4193 148 35 carried
1974 4192 54 35 a
2040 4194 135 43 apoira
2190 4191 143 43 Shona,
2333 4191 25 43 -
2369 4186 231 50 apparehtty
2622 4186 37 35 in
2674 4195 26 26 a
2714 4183 119 47 dying
2844 4186 111 32 state.

240 73 99 50 14!

3169 635 87 255 ~~1
