<?xml version="1.0" encoding="UTF-8"?>
<alto xmlns:xsi="http://www.w3.org/2001/XMLSchema-instance" xsi:noNamespaceSchemaLocation="http://schema.ccs-gmbh.com/docworks/alto-1-4.xsd" xmlns:xlink="http://www.w3.org/1999/xlink">
	<Description>
		<MeasurementUnit>pixel</MeasurementUnit>
		<sourceImageInformation>
			<fileName>//NP1-STOR2/data01/blend6/2019-08-02_09_02/2019-08-02_09_02_01020.tif</fileName>
		</sourceImageInformation>
		<OCRProcessing ID="OCRPROCESSING_1">
			<preProcessingStep>
				<processingSoftware>
					<softwareCreator>CCS Content Conversion Specialists GmbH, Hamburg, Germany</softwareCreator>
					<softwareName>CCS docWorks</softwareName>
					<softwareVersion>7.0-1.47</softwareVersion>
				</processingSoftware>
			</preProcessingStep>
			<ocrProcessingStep>
				<processingStepSettings>Character Count: 7978 
Predicted Word Accuracy: 89.9% 
Suspicious Character Count: 126 
Word Count: 1357 
Suspicious Word Count: 172 
width: 3413 
height: 4441 
xdpi: 300 
ydpi: 300 
source-image: //NP1-STOR2/data01/blend6/2019-08-02_09_02/2019-08-02_09_02_01020.tif</processingStepSettings>
				<processingSoftware>
					<softwareCreator>Nuance Communications, Inc.</softwareCreator>
					<softwareName>OmniPage</softwareName>
					<softwareVersion>20</softwareVersion>
				</processingSoftware>
			</ocrProcessingStep>
		</OCRProcessing>
	</Description>
	<Styles>
		<TextStyle ID="TXT_0" FONTSIZE="0" FONTFAMILY="" FONTSTYLE="bold"/>
		<TextStyle ID="TXT_1" FONTSIZE="0" FONTFAMILY="" FONTSTYLE="bold italics"/>
		<TextStyle ID="TXT_2" FONTSIZE="0" FONTFAMILY="" FONTSTYLE="italics"/>
		<TextStyle ID="TXT_3" FONTSIZE="0" FONTFAMILY="" FONTSTYLE="bold"/>
		<TextStyle ID="TXT_4" FONTSIZE="0" FONTFAMILY=""/>
		<TextStyle ID="TXT_5" FONTSIZE="0" FONTFAMILY=""/>
		<TextStyle ID="TXT_6" FONTSIZE="0" FONTFAMILY="" FONTSTYLE="bold italics"/>
		<ParagraphStyle ID="PAR_RIGHT" ALIGN="Right"/>
		<ParagraphStyle ID="PAR_BLOCK" ALIGN="Block"/>
		<ParagraphStyle ID="PAR_LEFT" ALIGN="Left"/>
	</Styles>
	<Layout>
		<Page ID="P2" PHYSICAL_IMG_NR="2" HEIGHT="4441" WIDTH="3413" PC="0.899">
			<TopMargin ID="P2_TM00001" HPOS="0" VPOS="0" WIDTH="3413" HEIGHT="92"/>
			<LeftMargin ID="P2_LM00001" HPOS="0" VPOS="92" WIDTH="0" HEIGHT="4202"/>
			<RightMargin ID="P2_RM00001" HPOS="3024" VPOS="92" WIDTH="390" HEIGHT="4202"/>
			<BottomMargin ID="P2_BM00001" HPOS="0" VPOS="4294" WIDTH="3413" HEIGHT="146"/>
			<PrintSpace ID="P2_PS00001" HPOS="0" VPOS="92" WIDTH="3024" HEIGHT="4203">
				<TextBlock ID="pa0002001" HPOS="1140" VPOS="92" WIDTH="987" HEIGHT="57" STYLEREFS="TXT_0 PAR_RIGHT">
					<TextLine ID="P2_TL00001" HPOS="1146" VPOS="93" WIDTH="981" HEIGHT="56">
						<String ID="word000001" HPOS="1146" VPOS="93" WIDTH="146" HEIGHT="54" CONTENT="THE" WC="0.85" CC="040"/>
						<SP ID="P2_SP00001" HPOS="1292" VPOS="148" WIDTH="28"/>
						<String ID="word000002" HPOS="1320" VPOS="93" WIDTH="389" HEIGHT="53" CONTENT="NATIONAL" WC="1.00" CC="00000000"/>
						<SP ID="P2_SP00002" HPOS="1709" VPOS="148" WIDTH="35"/>
						<String ID="word000003" HPOS="1744" VPOS="93" WIDTH="383" HEIGHT="56" CONTENT="REGISTER." WC="0.79" CC="010460060"/>
						<SP ID="P2_SP00003" HPOS="2127" VPOS="149" WIDTH="0"/>
					</TextLine>
				</TextBlock>
				<TextBlock ID="pa0002002" HPOS="254" VPOS="226" WIDTH="1341" HEIGHT="287" STYLEREFS="TXT_0 PAR_BLOCK">
					<TextLine ID="P2_TL00002" HPOS="255" VPOS="227" WIDTH="1339" HEIGHT="50">
						<String ID="word000004" HPOS="255" VPOS="227" WIDTH="170" HEIGHT="35" CONTENT="stitution" WC="0.52" CC="544553355"/>
						<SP ID="P2_SP00004" HPOS="425" VPOS="262" WIDTH="13"/>
						<String ID="word000005" HPOS="438" VPOS="242" WIDTH="11" HEIGHT="28" CONTENT=";" WC="0.67" CC="3"/>
						<SP ID="P2_SP00005" HPOS="449" VPOS="270" WIDTH="26"/>
						<String ID="word000006" HPOS="475" VPOS="230" WIDTH="70" HEIGHT="33" CONTENT="and" WC="0.70" CC="710"/>
						<SP ID="P2_SP00006" HPOS="544" VPOS="270" WIDTH="34"/>
						<String ID="word000007" HPOS="579" VPOS="230" WIDTH="34" HEIGHT="34" CONTENT="if" WC="1.00" CC="00"/>
						<SP ID="P2_SP00007" HPOS="613" VPOS="270" WIDTH="19"/>
						<String ID="word000008" HPOS="632" VPOS="242" WIDTH="25" HEIGHT="22" CONTENT="a" WC="1.00" CC="0"/>
						<SP ID="P2_SP00008" HPOS="657" VPOS="270" WIDTH="30"/>
						<String ID="word000009" HPOS="686" VPOS="231" WIDTH="125" HEIGHT="45" CONTENT="prince" WC="1.00" CC="000000"/>
						<SP ID="P2_SP00009" HPOS="811" VPOS="276" WIDTH="22"/>
						<String ID="word000010" HPOS="834" VPOS="230" WIDTH="73" HEIGHT="34" CONTENT="had" WC="1.00" CC="000"/>
						<SP ID="P2_SP00010" HPOS="907" VPOS="276" WIDTH="19"/>
						<String ID="word000011" HPOS="926" VPOS="230" WIDTH="252" HEIGHT="34" CONTENT="disinterested" WC="0.86" CC="1033313001010" STYLEREFS="TXT_1"/>
						<SP ID="P2_SP00011" HPOS="1178" VPOS="276" WIDTH="32"/>
						<String ID="word000012" HPOS="1209" VPOS="230" WIDTH="180" HEIGHT="40" CONTENT="advisers," WC="0.99" CC="100000000"/>
						<SP ID="P2_SP00012" HPOS="1389" VPOS="276" WIDTH="21"/>
						<String ID="word000013" HPOS="1410" VPOS="229" WIDTH="44" HEIGHT="34" CONTENT="he" WC="0.94" CC="10"/>
						<SP ID="P2_SP00013" HPOS="1454" VPOS="276" WIDTH="21"/>
						<String ID="word000014" HPOS="1475" VPOS="229" WIDTH="119" HEIGHT="33" CONTENT="would" WC="0.95" CC="10100"/>
						<SP ID="P2_SP00014" HPOS="1594" VPOS="276" WIDTH="0"/>
					</TextLine>
					<TextLine ID="P2_TL00003" HPOS="257" VPOS="283" WIDTH="1338" HEIGHT="50">
						<String ID="word000015" HPOS="257" VPOS="283" WIDTH="98" HEIGHT="37" CONTENT="have" WC="0.97" CC="1000"/>
						<SP ID="P2_SP00015" HPOS="356" VPOS="320" WIDTH="17"/>
						<String ID="word000016" HPOS="372" VPOS="287" WIDTH="86" HEIGHT="45" CONTENT="long" WC="1.00" CC="0000"/>
						<SP ID="P2_SP00016" HPOS="458" VPOS="332" WIDTH="17"/>
						<String ID="word000017" HPOS="475" VPOS="288" WIDTH="103" HEIGHT="34" CONTENT="since" WC="1.00" CC="00000"/>
						<SP ID="P2_SP00017" HPOS="578" VPOS="332" WIDTH="19"/>
						<String ID="word000018" HPOS="596" VPOS="288" WIDTH="168" HEIGHT="35" CONTENT="received" WC="0.99" CC="00000100"/>
						<SP ID="P2_SP00018" HPOS="764" VPOS="332" WIDTH="35"/>
						<String ID="word000019" HPOS="800" VPOS="287" WIDTH="98" HEIGHT="35" CONTENT="from" WC="1.00" CC="0000"/>
						<SP ID="P2_SP00019" HPOS="898" VPOS="332" WIDTH="31"/>
						<String ID="word000020" HPOS="928" VPOS="288" WIDTH="98" HEIGHT="34" CONTENT="them" WC="0.94" CC="1010"/>
						<SP ID="P2_SP00020" HPOS="1026" VPOS="332" WIDTH="27"/>
						<String ID="word000021" HPOS="1054" VPOS="288" WIDTH="65" HEIGHT="34" CONTENT="the" WC="1.00" CC="000"/>
						<SP ID="P2_SP00021" HPOS="1119" VPOS="332" WIDTH="34"/>
						<String ID="word000022" HPOS="1153" VPOS="288" WIDTH="162" HEIGHT="45" CONTENT="salutary" WC="0.65" CC="10466026"/>
						<SP ID="P2_SP00022" HPOS="1315" VPOS="333" WIDTH="17"/>
						<String ID="word000023" HPOS="1331" VPOS="286" WIDTH="72" HEIGHT="35" CONTENT="and" WC="0.96" CC="001"/>
						<SP ID="P2_SP00023" HPOS="1403" VPOS="333" WIDTH="17"/>
						<String ID="word000024" HPOS="1420" VPOS="286" WIDTH="156" HEIGHT="34" CONTENT="constitu" SUBS_TYPE="HypPart1" SUBS_CONTENT="constitutional" WC="0.89" CC="00101013"/>
						<HYP HPOS="1576" VPOS="286" WIDTH="19" CONTENT="-"/>
					</TextLine>
					<TextLine ID="P2_TL00004" HPOS="257" VPOS="341" WIDTH="1338" HEIGHT="47">
						<String ID="word000025" HPOS="257" VPOS="341" WIDTH="118" HEIGHT="34" CONTENT="tional" SUBS_TYPE="HypPart2" SUBS_CONTENT="constitutional" WC="0.93" CC="000211"/>
						<SP ID="P2_SP00024" HPOS="376" VPOS="376" WIDTH="20"/>
						<String ID="word000026" HPOS="396" VPOS="346" WIDTH="144" HEIGHT="33" CONTENT="counsel" WC="0.98" CC="0000010"/>
						<SP ID="P2_SP00025" HPOS="540" VPOS="379" WIDTH="22"/>
						<String ID="word000027" HPOS="562" VPOS="348" WIDTH="38" HEIGHT="30" CONTENT="to" WC="1.00" CC="00"/>
						<SP ID="P2_SP00026" HPOS="600" VPOS="379" WIDTH="30"/>
						<String ID="word000028" HPOS="630" VPOS="346" WIDTH="152" HEIGHT="39" CONTENT="submit," WC="0.86" CC="3003111"/>
						<SP ID="P2_SP00027" HPOS="782" VPOS="385" WIDTH="32"/>
						<String ID="word000029" HPOS="814" VPOS="345" WIDTH="96" HEIGHT="34" CONTENT="with" WC="0.97" CC="1000"/>
						<SP ID="P2_SP00028" HPOS="909" VPOS="385" WIDTH="34"/>
						<String ID="word000030" HPOS="944" VPOS="345" WIDTH="195" HEIGHT="34" CONTENT="deference" WC="0.99" CC="000001000"/>
						<SP ID="P2_SP00029" HPOS="1139" VPOS="385" WIDTH="28"/>
						<String ID="word000031" HPOS="1167" VPOS="345" WIDTH="70" HEIGHT="34" CONTENT="and" WC="0.89" CC="030"/>
						<SP ID="P2_SP00030" HPOS="1237" VPOS="385" WIDTH="17"/>
						<String ID="word000032" HPOS="1253" VPOS="343" WIDTH="164" HEIGHT="45" CONTENT="alacrity" WC="0.96" CC="03000000"/>
						<SP ID="P2_SP00031" HPOS="1417" VPOS="387" WIDTH="20"/>
						<String ID="word000033" HPOS="1437" VPOS="347" WIDTH="38" HEIGHT="28" CONTENT="to" WC="1.00" CC="00"/>
						<SP ID="P2_SP00032" HPOS="1475" VPOS="387" WIDTH="18"/>
						<String ID="word000034" HPOS="1493" VPOS="341" WIDTH="102" HEIGHT="33" CONTENT="those" WC="0.98" CC="00001"/>
						<SP ID="P2_SP00033" HPOS="1594" VPOS="387" WIDTH="0"/>
					</TextLine>
					<TextLine ID="P2_TL00005" HPOS="256" VPOS="398" WIDTH="1338" HEIGHT="48">
						<String ID="word000035" HPOS="256" VPOS="400" WIDTH="229" HEIGHT="43" CONTENT="regulations" WC="0.89" CC="11011322000"/>
						<SP ID="P2_SP00034" HPOS="485" VPOS="443" WIDTH="15"/>
						<String ID="word000036" HPOS="501" VPOS="402" WIDTH="71" HEIGHT="34" CONTENT="and" WC="0.96" CC="100"/>
						<SP ID="P2_SP00035" HPOS="572" VPOS="443" WIDTH="19"/>
						<String ID="word000037" HPOS="591" VPOS="402" WIDTH="113" HEIGHT="37" CONTENT="forms" WC="0.95" CC="01010"/>
						<SP ID="P2_SP00036" HPOS="704" VPOS="443" WIDTH="34"/>
						<String ID="word000038" HPOS="738" VPOS="400" WIDTH="125" HEIGHT="37" CONTENT="which" WC="0.98" CC="10000"/>
						<SP ID="P2_SP00037" HPOS="863" VPOS="443" WIDTH="34"/>
						<String ID="word000039" HPOS="898" VPOS="400" WIDTH="86" HEIGHT="35" CONTENT="hind" WC="0.75" CC="5400"/>
						<SP ID="P2_SP00038" HPOS="984" VPOS="443" WIDTH="26"/>
						<String ID="word000040" HPOS="1010" VPOS="411" WIDTH="117" HEIGHT="35" CONTENT="every" WC="0.98" CC="10000"/>
						<SP ID="P2_SP00039" HPOS="1127" VPOS="446" WIDTH="33"/>
						<String ID="word000041" HPOS="1160" VPOS="402" WIDTH="109" HEIGHT="34" CONTENT="other" WC="0.80" CC="13140"/>
						<SP ID="P2_SP00040" HPOS="1269" VPOS="446" WIDTH="18"/>
						<String ID="word000042" HPOS="1286" VPOS="399" WIDTH="162" HEIGHT="35" CONTENT="inetnber" WC="0.47" CC="85353833"/>
						<SP ID="P2_SP00041" HPOS="1448" VPOS="446" WIDTH="22"/>
						<String ID="word000043" HPOS="1470" VPOS="398" WIDTH="41" HEIGHT="34" CONTENT="of" WC="1.00" CC="00"/>
						<SP ID="P2_SP00042" HPOS="1512" VPOS="446" WIDTH="22"/>
						<String ID="word000044" HPOS="1534" VPOS="398" WIDTH="60" HEIGHT="34" CONTENT="the" WC="1.00" CC="000"/>
						<SP ID="P2_SP00043" HPOS="1594" VPOS="446" WIDTH="0"/>
					</TextLine>
					<TextLine ID="P2_TL00006" HPOS="254" VPOS="467" WIDTH="244" HEIGHT="46">
						<String ID="word000045" HPOS="254" VPOS="467" WIDTH="244" HEIGHT="46" CONTENT="community." WC="0.89" CC="6000001012"/>
						<SP ID="P2_SP00044" HPOS="498" VPOS="513" WIDTH="0"/>
					</TextLine>
				</TextBlock>
				<TextBlock ID="pa0002003" HPOS="254" VPOS="519" WIDTH="1351" HEIGHT="2607" STYLEREFS="TXT_0 PAR_BLOCK">
					<TextLine ID="P2_TL00007" HPOS="309" VPOS="521" WIDTH="1286" HEIGHT="48">
						<String ID="word000046" HPOS="309" VPOS="523" WIDTH="81" HEIGHT="34" CONTENT="The" WC="0.78" CC="213"/>
						<SP ID="P2_SP00045" HPOS="391" VPOS="557" WIDTH="11"/>
						<String ID="word000047" HPOS="402" VPOS="524" WIDTH="208" HEIGHT="41" CONTENT="Commons," WC="0.76" CC="14422211"/>
						<SP ID="P2_SP00046" HPOS="609" VPOS="566" WIDTH="15"/>
						<String ID="word000048" HPOS="625" VPOS="536" WIDTH="57" HEIGHT="24" CONTENT="we" WC="1.00" CC="00"/>
						<SP ID="P2_SP00047" HPOS="681" VPOS="566" WIDTH="20"/>
						<String ID="word000049" HPOS="702" VPOS="529" WIDTH="106" HEIGHT="39" CONTENT="trust," WC="0.98" CC="010000"/>
						<SP ID="P2_SP00048" HPOS="808" VPOS="568" WIDTH="19"/>
						<String ID="word000050" HPOS="827" VPOS="524" WIDTH="80" HEIGHT="35" CONTENT="will" WC="0.97" CC="1000"/>
						<SP ID="P2_SP00049" HPOS="907" VPOS="568" WIDTH="20"/>
						<String ID="word000051" HPOS="927" VPOS="529" WIDTH="63" HEIGHT="31" CONTENT="not" WC="0.67" CC="612"/>
						<SP ID="P2_SP00050" HPOS="990" VPOS="568" WIDTH="17"/>
						<String ID="word000052" HPOS="1006" VPOS="523" WIDTH="124" HEIGHT="46" CONTENT="forget" WC="0.98" CC="000100"/>
						<SP ID="P2_SP00051" HPOS="1130" VPOS="569" WIDTH="19"/>
						<String ID="word000053" HPOS="1149" VPOS="524" WIDTH="97" HEIGHT="38" CONTENT="their" WC="0.93" CC="30000"/>
						<SP ID="P2_SP00052" HPOS="1246" VPOS="569" WIDTH="15"/>
						<String ID="word000054" HPOS="1261" VPOS="529" WIDTH="85" HEIGHT="28" CONTENT="otvn" WC="0.47" CC="3754"/>
						<SP ID="P2_SP00053" HPOS="1346" VPOS="569" WIDTH="9"/>
						<String ID="word000055" HPOS="1356" VPOS="521" WIDTH="156" HEIGHT="46" CONTENT="dignity," WC="0.89" CC="11111111"/>
						<SP ID="P2_SP00054" HPOS="1512" VPOS="569" WIDTH="20"/>
						<String ID="word000056" HPOS="1532" VPOS="521" WIDTH="63" HEIGHT="35" CONTENT="the" WC="1.00" CC="000"/>
						<SP ID="P2_SP00055" HPOS="1594" VPOS="569" WIDTH="0"/>
					</TextLine>
					<TextLine ID="P2_TL00008" HPOS="257" VPOS="579" WIDTH="1337" HEIGHT="48">
						<String ID="word000057" HPOS="257" VPOS="581" WIDTH="283" HEIGHT="46" CONTENT="responsibility" WC="0.98" CC="00000000101100"/>
						<SP ID="P2_SP00056" HPOS="541" VPOS="627" WIDTH="18"/>
						<String ID="word000058" HPOS="559" VPOS="582" WIDTH="45" HEIGHT="33" CONTENT="of" WC="1.00" CC="00"/>
						<SP ID="P2_SP00057" HPOS="604" VPOS="627" WIDTH="21"/>
						<String ID="word000059" HPOS="625" VPOS="582" WIDTH="99" HEIGHT="33" CONTENT="their" WC="0.98" CC="10000"/>
						<SP ID="P2_SP00058" HPOS="724" VPOS="627" WIDTH="26"/>
						<String ID="word000060" HPOS="750" VPOS="582" WIDTH="195" HEIGHT="41" CONTENT="situation," WC="0.99" CC="0000001000"/>
						<SP ID="P2_SP00059" HPOS="945" VPOS="627" WIDTH="25"/>
						<String ID="word000061" HPOS="970" VPOS="582" WIDTH="71" HEIGHT="33" CONTENT="and" WC="0.93" CC="110"/>
						<SP ID="P2_SP00060" HPOS="1041" VPOS="627" WIDTH="15"/>
						<String ID="word000062" HPOS="1056" VPOS="582" WIDTH="63" HEIGHT="33" CONTENT="the" WC="0.89" CC="030"/>
						<SP ID="P2_SP00061" HPOS="1119" VPOS="627" WIDTH="17"/>
						<String ID="word000063" HPOS="1135" VPOS="582" WIDTH="117" HEIGHT="33" CONTENT="ditties" WC="0.82" CC="0550001"/>
						<SP ID="P2_SP00062" HPOS="1252" VPOS="627" WIDTH="18"/>
						<String ID="word000064" HPOS="1270" VPOS="580" WIDTH="90" HEIGHT="45" CONTENT="they" WC="1.00" CC="0000"/>
						<SP ID="P2_SP00063" HPOS="1359" VPOS="627" WIDTH="28"/>
						<String ID="word000065" HPOS="1388" VPOS="591" WIDTH="84" HEIGHT="24" CONTENT="owe" WC="0.56" CC="075"/>
						<SP ID="P2_SP00064" HPOS="1472" VPOS="627" WIDTH="30"/>
						<String ID="word000066" HPOS="1501" VPOS="579" WIDTH="93" HEIGHT="33" CONTENT="their" WC="0.98" CC="00100"/>
						<SP ID="P2_SP00065" HPOS="1594" VPOS="627" WIDTH="0"/>
					</TextLine>
					<TextLine ID="P2_TL00009" HPOS="257" VPOS="635" WIDTH="1334" HEIGHT="49">
						<String ID="word000067" HPOS="257" VPOS="637" WIDTH="256" HEIGHT="37" CONTENT="constituents." WC="0.93" CC="0110020301000"/>
						<SP ID="P2_SP00066" HPOS="514" VPOS="673" WIDTH="52"/>
						<String ID="word000068" HPOS="566" VPOS="640" WIDTH="135" HEIGHT="44" CONTENT="They,." WC="0.94" CC="000201"/>
						<SP ID="P2_SP00067" HPOS="700" VPOS="684" WIDTH="18"/>
						<String ID="word000069" HPOS="718" VPOS="640" WIDTH="28" HEIGHT="33" CONTENT="it" WC="0.89" CC="02"/>
						<SP ID="P2_SP00068" HPOS="746" VPOS="684" WIDTH="31"/>
						<String ID="word000070" HPOS="777" VPOS="641" WIDTH="30" HEIGHT="32" CONTENT="is" WC="1.00" CC="00"/>
						<SP ID="P2_SP00069" HPOS="807" VPOS="684" WIDTH="31"/>
						<String ID="word000071" HPOS="837" VPOS="645" WIDTH="38" HEIGHT="27" CONTENT="to" WC="1.00" CC="00"/>
						<SP ID="P2_SP00070" HPOS="875" VPOS="684" WIDTH="32"/>
						<String ID="word000072" HPOS="907" VPOS="641" WIDTH="43" HEIGHT="32" CONTENT="be" WC="1.00" CC="00"/>
						<SP ID="P2_SP00071" HPOS="950" VPOS="684" WIDTH="32"/>
						<String ID="word000073" HPOS="981" VPOS="639" WIDTH="141" HEIGHT="45" CONTENT="hoped," WC="1.00" CC="000000"/>
						<SP ID="P2_SP00072" HPOS="1122" VPOS="684" WIDTH="30"/>
						<String ID="word000074" HPOS="1152" VPOS="640" WIDTH="77" HEIGHT="33" CONTENT="will" WC="0.64" CC="4333"/>
						<SP ID="P2_SP00073" HPOS="1228" VPOS="684" WIDTH="27"/>
						<String ID="word000075" HPOS="1256" VPOS="637" WIDTH="122" HEIGHT="35" CONTENT="watch" WC="1.00" CC="00000"/>
						<SP ID="P2_SP00074" HPOS="1377" VPOS="684" WIDTH="20"/>
						<String ID="word000076" HPOS="1397" VPOS="635" WIDTH="194" HEIGHT="45" CONTENT="vigilantly" WC="0.97" CC="0000101100"/>
						<SP ID="P2_SP00075" HPOS="1591" VPOS="684" WIDTH="0"/>
					</TextLine>
					<TextLine ID="P2_TL00010" HPOS="260" VPOS="693" WIDTH="1335" HEIGHT="46">
						<String ID="word000077" HPOS="260" VPOS="705" WIDTH="91" HEIGHT="24" CONTENT="over" WC="0.97" CC="0010"/>
						<SP ID="P2_SP00076" HPOS="351" VPOS="729" WIDTH="15"/>
						<String ID="word000078" HPOS="366" VPOS="694" WIDTH="64" HEIGHT="34" CONTENT="the" WC="0.96" CC="001"/>
						<SP ID="P2_SP00077" HPOS="430" VPOS="729" WIDTH="17"/>
						<String ID="word000079" HPOS="446" VPOS="697" WIDTH="220" HEIGHT="34" CONTENT="maintain:" WC="0.85" CC="301001016"/>
						<SP ID="P2_SP00078" HPOS="666" VPOS="731" WIDTH="1"/>
						<String ID="word000080" HPOS="667" VPOS="707" WIDTH="48" HEIGHT="24" CONTENT="wee" WC="0.33" CC="756"/>
						<SP ID="P2_SP00079" HPOS="716" VPOS="731" WIDTH="17"/>
						<String ID="word000081" HPOS="732" VPOS="696" WIDTH="44" HEIGHT="35" CONTENT="of" WC="1.00" CC="00"/>
						<SP ID="P2_SP00080" HPOS="776" VPOS="731" WIDTH="28"/>
						<String ID="word000082" HPOS="804" VPOS="696" WIDTH="65" HEIGHT="34" CONTENT="the" WC="0.96" CC="001"/>
						<SP ID="P2_SP00081" HPOS="869" VPOS="731" WIDTH="20"/>
						<String ID="word000083" HPOS="889" VPOS="697" WIDTH="104" HEIGHT="40" CONTENT="laws," WC="0.98" CC="01000"/>
						<SP ID="P2_SP00082" HPOS="993" VPOS="737" WIDTH="25"/>
						<String ID="word000084" HPOS="1018" VPOS="696" WIDTH="71" HEIGHT="34" CONTENT="and" WC="0.93" CC="101"/>
						<SP ID="P2_SP00083" HPOS="1089" VPOS="737" WIDTH="19"/>
						<String ID="word000085" HPOS="1108" VPOS="694" WIDTH="198" HEIGHT="41" CONTENT="confound," WC="0.83" CC="010640201"/>
						<SP ID="P2_SP00084" HPOS="1306" VPOS="737" WIDTH="27"/>
						<String ID="word000086" HPOS="1333" VPOS="696" WIDTH="51" HEIGHT="43" CONTENT="by" WC="0.94" CC="10"/>
						<SP ID="P2_SP00085" HPOS="1384" VPOS="738" WIDTH="21"/>
						<String ID="word000087" HPOS="1406" VPOS="693" WIDTH="98" HEIGHT="33" CONTENT="their" WC="1.00" CC="00000"/>
						<SP ID="P2_SP00086" HPOS="1504" VPOS="738" WIDTH="26"/>
						<String ID="word000088" HPOS="1530" VPOS="693" WIDTH="44" HEIGHT="32" CONTENT="im" SUBS_TYPE="HypPart1" SUBS_CONTENT="impartiality" WC="1.00" CC="00"/>
						<HYP HPOS="1573" VPOS="693" WIDTH="21" CONTENT="-"/>
					</TextLine>
					<TextLine ID="P2_TL00011" HPOS="262" VPOS="751" WIDTH="1333" HEIGHT="46">
						<String ID="word000089" HPOS="262" VPOS="752" WIDTH="198" HEIGHT="45" CONTENT="partiality" SUBS_TYPE="HypPart2" SUBS_CONTENT="impartiality" WC="0.95" CC="1010001001"/>
						<SP ID="P2_SP00087" HPOS="461" VPOS="797" WIDTH="19"/>
						<String ID="word000090" HPOS="480" VPOS="752" WIDTH="70" HEIGHT="34" CONTENT="and" WC="0.96" CC="010"/>
						<SP ID="P2_SP00088" HPOS="549" VPOS="797" WIDTH="15"/>
						<String ID="word000091" HPOS="565" VPOS="752" WIDTH="287" HEIGHT="45" CONTENT="iodependence," WC="0.59" CC="3545353333335"/>
						<SP ID="P2_SP00089" HPOS="852" VPOS="797" WIDTH="26"/>
						<String ID="word000092" HPOS="878" VPOS="752" WIDTH="63" HEIGHT="33" CONTENT="the" WC="1.00" CC="000"/>
						<SP ID="P2_SP00090" HPOS="940" VPOS="797" WIDTH="18"/>
						<String ID="word000093" HPOS="958" VPOS="757" WIDTH="208" HEIGHT="40" CONTENT="opponents" WC="0.96" CC="010001100"/>
						<SP ID="P2_SP00091" HPOS="1166" VPOS="797" WIDTH="18"/>
						<String ID="word000094" HPOS="1183" VPOS="751" WIDTH="45" HEIGHT="33" CONTENT="of" WC="1.00" CC="00"/>
						<SP ID="P2_SP00092" HPOS="1228" VPOS="797" WIDTH="25"/>
						<String ID="word000095" HPOS="1253" VPOS="752" WIDTH="61" HEIGHT="32" CONTENT="the" WC="0.96" CC="001"/>
						<SP ID="P2_SP00093" HPOS="1315" VPOS="797" WIDTH="20"/>
						<String ID="word000096" HPOS="1335" VPOS="756" WIDTH="146" HEIGHT="39" CONTENT="present" WC="0.94" CC="0110101"/>
						<SP ID="P2_SP00094" HPOS="1481" VPOS="797" WIDTH="17"/>
						<String ID="word000097" HPOS="1498" VPOS="754" WIDTH="78" HEIGHT="30" CONTENT="esta" SUBS_TYPE="HypPart1" SUBS_CONTENT="establishment." WC="0.91" CC="1002"/>
						<HYP HPOS="1576" VPOS="754" WIDTH="19" CONTENT="-"/>
					</TextLine>
					<TextLine ID="P2_TL00012" HPOS="257" VPOS="806" WIDTH="1336" HEIGHT="45">
						<String ID="word000098" HPOS="257" VPOS="809" WIDTH="215" HEIGHT="34" CONTENT="blishment." SUBS_TYPE="HypPart2" SUBS_CONTENT="establishment." WC="0.90" CC="0321030000"/>
						<SP ID="P2_SP00095" HPOS="472" VPOS="843" WIDTH="54"/>
						<String ID="word000099" HPOS="527" VPOS="809" WIDTH="118" HEIGHT="34" CONTENT="Their" WC="0.98" CC="00100"/>
						<SP ID="P2_SP00096" HPOS="645" VPOS="843" WIDTH="17"/>
						<String ID="word000100" HPOS="661" VPOS="810" WIDTH="170" HEIGHT="40" CONTENT="conduct," WC="0.93" CC="10000301"/>
						<SP ID="P2_SP00097" HPOS="831" VPOS="850" WIDTH="26"/>
						<String ID="word000101" HPOS="857" VPOS="815" WIDTH="39" HEIGHT="28" CONTENT="at" WC="0.94" CC="10"/>
						<SP ID="P2_SP00098" HPOS="896" VPOS="850" WIDTH="20"/>
						<String ID="word000102" HPOS="917" VPOS="809" WIDTH="59" HEIGHT="34" CONTENT="the" WC="0.89" CC="030"/>
						<SP ID="P2_SP00099" HPOS="976" VPOS="850" WIDTH="14"/>
						<String ID="word000103" HPOS="990" VPOS="813" WIDTH="302" HEIGHT="31" CONTENT="commencement" WC="0.81" CC="301311103340"/>
						<SP ID="P2_SP00100" HPOS="1292" VPOS="850" WIDTH="21"/>
						<String ID="word000104" HPOS="1313" VPOS="807" WIDTH="44" HEIGHT="34" CONTENT="of" WC="0.94" CC="10"/>
						<SP ID="P2_SP00101" HPOS="1357" VPOS="850" WIDTH="13"/>
						<String ID="word000105" HPOS="1370" VPOS="807" WIDTH="60" HEIGHT="34" CONTENT="the" WC="0.96" CC="001"/>
						<SP ID="P2_SP00102" HPOS="1430" VPOS="850" WIDTH="17"/>
						<String ID="word000106" HPOS="1447" VPOS="806" WIDTH="146" HEIGHT="44" CONTENT="inquiry" WC="0.86" CC="0053100"/>
						<SP ID="P2_SP00103" HPOS="1593" VPOS="850" WIDTH="0"/>
					</TextLine>
					<TextLine ID="P2_TL00013" HPOS="261" VPOS="863" WIDTH="1333" HEIGHT="46">
						<String ID="word000107" HPOS="261" VPOS="867" WIDTH="104" HEIGHT="41" CONTENT="gives" WC="0.98" CC="00010"/>
						<SP ID="P2_SP00104" HPOS="365" VPOS="908" WIDTH="17"/>
						<String ID="word000108" HPOS="381" VPOS="875" WIDTH="111" HEIGHT="34" CONTENT="every" WC="0.95" CC="02000"/>
						<SP ID="P2_SP00105" HPOS="493" VPOS="909" WIDTH="20"/>
						<String ID="word000109" HPOS="513" VPOS="875" WIDTH="128" HEIGHT="25" CONTENT="reason" WC="1.00" CC="000000"/>
						<SP ID="P2_SP00106" HPOS="640" VPOS="909" WIDTH="18"/>
						<String ID="word000110" HPOS="658" VPOS="870" WIDTH="35" HEIGHT="30" CONTENT="to" WC="1.00" CC="00"/>
						<SP ID="P2_SP00107" HPOS="693" VPOS="909" WIDTH="21"/>
						<String ID="word000111" HPOS="715" VPOS="867" WIDTH="178" HEIGHT="34" CONTENT="conclude" WC="0.94" CC="01100011"/>
						<SP ID="P2_SP00108" HPOS="893" VPOS="909" WIDTH="20"/>
						<String ID="word000112" HPOS="913" VPOS="866" WIDTH="77" HEIGHT="33" CONTENT="that" WC="1.00" CC="0000"/>
						<SP ID="P2_SP00109" HPOS="990" VPOS="909" WIDTH="19"/>
						<String ID="word000113" HPOS="1009" VPOS="865" WIDTH="90" HEIGHT="44" CONTENT="they" WC="0.97" CC="0010"/>
						<SP ID="P2_SP00110" HPOS="1098" VPOS="909" WIDTH="21"/>
						<String ID="word000114" HPOS="1120" VPOS="863" WIDTH="77" HEIGHT="34" CONTENT="will" WC="0.97" CC="0100"/>
						<SP ID="P2_SP00111" HPOS="1196" VPOS="909" WIDTH="21"/>
						<String ID="word000115" HPOS="1218" VPOS="865" WIDTH="141" HEIGHT="33" CONTENT="remain" WC="0.98" CC="000100"/>
						<SP ID="P2_SP00112" HPOS="1358" VPOS="909" WIDTH="14"/>
						<String ID="word000116" HPOS="1372" VPOS="865" WIDTH="222" HEIGHT="41" CONTENT="consequent" WC="0.99" CC="0000000010"/>
						<SP ID="P2_SP00113" HPOS="1594" VPOS="909" WIDTH="0"/>
					</TextLine>
					<TextLine ID="P2_TL00014" HPOS="262" VPOS="917" WIDTH="1332" HEIGHT="51">
						<String ID="word000117" HPOS="262" VPOS="928" WIDTH="41" HEIGHT="27" CONTENT="to" WC="1.00" CC="00"/>
						<SP ID="P2_SP00114" HPOS="304" VPOS="956" WIDTH="14"/>
						<String ID="word000118" HPOS="318" VPOS="921" WIDTH="61" HEIGHT="35" CONTENT="the" WC="0.85" CC="040"/>
						<SP ID="P2_SP00115" HPOS="379" VPOS="957" WIDTH="19"/>
						<String ID="word000119" HPOS="398" VPOS="922" WIDTH="94" HEIGHT="40" CONTENT="last;" WC="0.89" CC="00122"/>
						<SP ID="P2_SP00116" HPOS="493" VPOS="963" WIDTH="26"/>
						<String ID="word000120" HPOS="519" VPOS="922" WIDTH="69" HEIGHT="34" CONTENT="and" WC="0.96" CC="010"/>
						<SP ID="P2_SP00117" HPOS="587" VPOS="963" WIDTH="25"/>
						<String ID="word000121" HPOS="612" VPOS="933" WIDTH="41" HEIGHT="24" CONTENT="as" WC="0.94" CC="10"/>
						<SP ID="P2_SP00118" HPOS="653" VPOS="963" WIDTH="26"/>
						<String ID="word000122" HPOS="679" VPOS="921" WIDTH="87" HEIGHT="46" CONTENT="they" WC="0.81" CC="1330"/>
						<SP ID="P2_SP00119" HPOS="767" VPOS="967" WIDTH="30"/>
						<String ID="word000123" HPOS="796" VPOS="921" WIDTH="198" HEIGHT="46" CONTENT="expressed" WC="0.94" CC="011011010"/>
						<SP ID="P2_SP00120" HPOS="994" VPOS="967" WIDTH="19"/>
						<String ID="word000124" HPOS="1013" VPOS="931" WIDTH="40" HEIGHT="24" CONTENT="so" WC="0.94" CC="10"/>
						<SP ID="P2_SP00121" HPOS="1054" VPOS="967" WIDTH="19"/>
						<String ID="word000125" HPOS="1072" VPOS="921" WIDTH="105" HEIGHT="33" CONTENT="much" WC="0.97" CC="0010"/>
						<SP ID="P2_SP00122" HPOS="1178" VPOS="967" WIDTH="19"/>
						<String ID="word000126" HPOS="1196" VPOS="919" WIDTH="233" HEIGHT="35" CONTENT="satisfaction" WC="0.99" CC="100000000000"/>
						<SP ID="P2_SP00123" HPOS="1429" VPOS="967" WIDTH="27"/>
						<String ID="word000127" HPOS="1456" VPOS="927" WIDTH="40" HEIGHT="27" CONTENT="at" WC="0.94" CC="10"/>
						<SP ID="P2_SP00124" HPOS="1496" VPOS="967" WIDTH="34"/>
						<String ID="word000128" HPOS="1531" VPOS="917" WIDTH="63" HEIGHT="34" CONTENT="the" WC="1.00" CC="000"/>
						<SP ID="P2_SP00125" HPOS="1593" VPOS="967" WIDTH="0"/>
					</TextLine>
					<TextLine ID="P2_TL00015" HPOS="257" VPOS="974" WIDTH="1327" HEIGHT="48">
						<String ID="word000129" HPOS="257" VPOS="979" WIDTH="144" HEIGHT="33" CONTENT="motion" WC="0.72" CC="343113"/>
						<SP ID="P2_SP00126" HPOS="402" VPOS="1012" WIDTH="18"/>
						<String ID="word000130" HPOS="419" VPOS="978" WIDTH="44" HEIGHT="34" CONTENT="of" WC="1.00" CC="00"/>
						<SP ID="P2_SP00127" HPOS="463" VPOS="1012" WIDTH="17"/>
						<String ID="word000131" HPOS="480" VPOS="980" WIDTH="72" HEIGHT="32" CONTENT="Mr." WC="0.81" CC="500"/>
						<SP ID="P2_SP00128" HPOS="552" VPOS="1012" WIDTH="32"/>
						<String ID="word000132" HPOS="583" VPOS="980" WIDTH="76" HEIGHT="32" CONTENT="WA" WC="0.50" CC="45"/>
						<SP ID="P2_SP00129" HPOS="659" VPOS="1012" WIDTH="11"/>
						<String ID="word000133" HPOS="670" VPOS="987" WIDTH="132" HEIGHT="32" CONTENT="ROLE," WC="0.91" CC="03001"/>
						<SP ID="P2_SP00130" HPOS="802" VPOS="1019" WIDTH="25"/>
						<String ID="word000134" HPOS="827" VPOS="989" WIDTH="40" HEIGHT="22" CONTENT="as" WC="0.94" CC="10"/>
						<SP ID="P2_SP00131" HPOS="867" VPOS="1019" WIDTH="28"/>
						<String ID="word000135" HPOS="895" VPOS="977" WIDTH="97" HEIGHT="34" CONTENT="their" WC="1.00" CC="00000"/>
						<SP ID="P2_SP00132" HPOS="992" VPOS="1019" WIDTH="28"/>
						<String ID="word000136" HPOS="1020" VPOS="977" WIDTH="168" HEIGHT="45" CONTENT="triumph" WC="0.98" CC="0010000"/>
						<SP ID="P2_SP00133" HPOS="1188" VPOS="1022" WIDTH="34"/>
						<String ID="word000137" HPOS="1222" VPOS="987" WIDTH="77" HEIGHT="24" CONTENT="was" WC="0.93" CC="110"/>
						<SP ID="P2_SP00134" HPOS="1299" VPOS="1022" WIDTH="25"/>
						<String ID="word000138" HPOS="1324" VPOS="989" WIDTH="40" HEIGHT="22" CONTENT="so" WC="1.00" CC="00"/>
						<SP ID="P2_SP00135" HPOS="1364" VPOS="1022" WIDTH="32"/>
						<String ID="word000139" HPOS="1396" VPOS="977" WIDTH="86" HEIGHT="34" CONTENT="loud" WC="0.92" CC="0111"/>
						<SP ID="P2_SP00136" HPOS="1482" VPOS="1022" WIDTH="21"/>
						<String ID="word000140" HPOS="1504" VPOS="974" WIDTH="80" HEIGHT="34" CONTENT="that" WC="0.97" CC="0010"/>
						<SP ID="P2_SP00137" HPOS="1584" VPOS="1022" WIDTH="0"/>
					</TextLine>
					<TextLine ID="P2_TL00016" HPOS="255" VPOS="1031" WIDTH="1337" HEIGHT="47">
						<String ID="word000141" HPOS="255" VPOS="1036" WIDTH="338" HEIGHT="34" CONTENT="theseaccusations" WC="0.57" CC="3436333334434565"/>
						<SP ID="P2_SP00138" HPOS="593" VPOS="1070" WIDTH="18"/>
						<String ID="word000142" HPOS="611" VPOS="1045" WIDTH="96" HEIGHT="24" CONTENT="were" WC="0.81" CC="4102"/>
						<SP ID="P2_SP00139" HPOS="706" VPOS="1070" WIDTH="18"/>
						<String ID="word000143" HPOS="724" VPOS="1033" WIDTH="159" HEIGHT="43" CONTENT="brought" WC="0.70" CC="3024622"/>
						<SP ID="P2_SP00140" HPOS="883" VPOS="1076" WIDTH="12"/>
						<String ID="word000144" HPOS="895" VPOS="1031" WIDTH="163" HEIGHT="43" CONTENT="forward" WC="0.81" CC="5401101"/>
						<SP ID="P2_SP00141" HPOS="1058" VPOS="1076" WIDTH="15"/>
						<String ID="word000145" HPOS="1074" VPOS="1032" WIDTH="35" HEIGHT="35" CONTENT="in" WC="0.61" CC="16"/>
						<SP ID="P2_SP00142" HPOS="1109" VPOS="1076" WIDTH="24"/>
						<String ID="word000146" HPOS="1133" VPOS="1045" WIDTH="25" HEIGHT="22" CONTENT="a" WC="1.00" CC="0"/>
						<SP ID="P2_SP00143" HPOS="1157" VPOS="1076" WIDTH="13"/>
						<String ID="word000147" HPOS="1170" VPOS="1035" WIDTH="163" HEIGHT="43" CONTENT="tangible" WC="0.85" CC="22021121"/>
						<SP ID="P2_SP00144" HPOS="1333" VPOS="1077" WIDTH="13"/>
						<String ID="word000148" HPOS="1346" VPOS="1032" WIDTH="135" HEIGHT="46" CONTENT="shape," WC="1.00" CC="000000"/>
						<SP ID="P2_SP00145" HPOS="1481" VPOS="1078" WIDTH="25"/>
						<String ID="word000149" HPOS="1506" VPOS="1032" WIDTH="86" HEIGHT="43" CONTENT="they" WC="0.39" CC="5566"/>
						<SP ID="P2_SP00146" HPOS="1592" VPOS="1078" WIDTH="0"/>
					</TextLine>
					<TextLine ID="P2_TL00017" HPOS="265" VPOS="1089" WIDTH="1329" HEIGHT="45">
						<String ID="word000150" HPOS="265" VPOS="1102" WIDTH="32" HEIGHT="22" CONTENT="w" WC="0.44" CC="5"/>
						<SP ID="P2_SP00147" HPOS="296" VPOS="1124" WIDTH="8"/>
						<String ID="word000151" HPOS="305" VPOS="1091" WIDTH="40" HEIGHT="34" CONTENT="ill" WC="0.63" CC="154"/>
						<SP ID="P2_SP00148" HPOS="345" VPOS="1126" WIDTH="11"/>
						<String ID="word000152" HPOS="356" VPOS="1091" WIDTH="175" HEIGHT="34" CONTENT="convince" WC="0.89" CC="11111111"/>
						<SP ID="P2_SP00149" HPOS="530" VPOS="1126" WIDTH="14"/>
						<String ID="word000153" HPOS="544" VPOS="1091" WIDTH="60" HEIGHT="34" CONTENT="the" WC="0.96" CC="100"/>
						<SP ID="P2_SP00150" HPOS="605" VPOS="1126" WIDTH="14"/>
						<String ID="word000154" HPOS="619" VPOS="1095" WIDTH="154" HEIGHT="39" CONTENT="country" WC="0.97" CC="1001000"/>
						<SP ID="P2_SP00151" HPOS="772" VPOS="1134" WIDTH="19"/>
						<String ID="word000155" HPOS="791" VPOS="1089" WIDTH="45" HEIGHT="34" CONTENT="of" WC="0.78" CC="04"/>
						<SP ID="P2_SP00152" HPOS="836" VPOS="1134" WIDTH="11"/>
						<String ID="word000156" HPOS="847" VPOS="1090" WIDTH="63" HEIGHT="33" CONTENT="the" WC="0.81" CC="113"/>
						<SP ID="P2_SP00153" HPOS="909" VPOS="1134" WIDTH="11"/>
						<String ID="word000157" HPOS="920" VPOS="1090" WIDTH="177" HEIGHT="44" CONTENT="sincerity" WC="0.81" CC="224111211"/>
						<SP ID="P2_SP00154" HPOS="1097" VPOS="1134" WIDTH="15"/>
						<String ID="word000158" HPOS="1113" VPOS="1091" WIDTH="44" HEIGHT="32" CONTENT="of" WC="1.00" CC="00"/>
						<SP ID="P2_SP00155" HPOS="1156" VPOS="1134" WIDTH="8"/>
						<String ID="word000159" HPOS="1165" VPOS="1091" WIDTH="93" HEIGHT="33" CONTENT="their" WC="0.82" CC="12113"/>
						<SP ID="P2_SP00156" HPOS="1258" VPOS="1134" WIDTH="12"/>
						<String ID="word000160" HPOS="1270" VPOS="1090" WIDTH="188" HEIGHT="40" CONTENT="effusions," WC="0.76" CC="1661101312"/>
						<SP ID="P2_SP00157" HPOS="1457" VPOS="1134" WIDTH="13"/>
						<String ID="word000161" HPOS="1470" VPOS="1089" WIDTH="99" HEIGHT="44" CONTENT="byre" SUBS_TYPE="HypPart1" SUBS_CONTENT="byrecommending" WC="0.69" CC="2135"/>
						<HYP HPOS="1570" VPOS="1089" WIDTH="24" CONTENT="-"/>
					</TextLine>
					<TextLine ID="P2_TL00018" HPOS="257" VPOS="1144" WIDTH="1334" HEIGHT="49">
						<String ID="word000162" HPOS="257" VPOS="1149" WIDTH="254" HEIGHT="44" CONTENT="commending" SUBS_TYPE="HypPart2" SUBS_CONTENT="byrecommending" WC="0.94" CC="2003000000"/>
						<SP ID="P2_SP00158" HPOS="511" VPOS="1193" WIDTH="15"/>
						<String ID="word000163" HPOS="527" VPOS="1149" WIDTH="61" HEIGHT="33" CONTENT="the" WC="0.96" CC="001"/>
						<SP ID="P2_SP00159" HPOS="588" VPOS="1193" WIDTH="17"/>
						<String ID="word000164" HPOS="605" VPOS="1149" WIDTH="85" HEIGHT="43" CONTENT="only" WC="0.97" CC="0010"/>
						<SP ID="P2_SP00160" HPOS="690" VPOS="1193" WIDTH="21"/>
						<String ID="word000165" HPOS="711" VPOS="1147" WIDTH="91" HEIGHT="33" CONTENT="issue" WC="0.95" CC="00110"/>
						<SP ID="P2_SP00161" HPOS="802" VPOS="1193" WIDTH="19"/>
						<String ID="word000166" HPOS="821" VPOS="1144" WIDTH="124" HEIGHT="35" CONTENT="which" WC="0.98" CC="00010"/>
						<SP ID="P2_SP00162" HPOS="945" VPOS="1193" WIDTH="20"/>
						<String ID="word000167" HPOS="965" VPOS="1147" WIDTH="28" HEIGHT="32" CONTENT="is" WC="1.00" CC="00"/>
						<SP ID="P2_SP00163" HPOS="993" VPOS="1193" WIDTH="13"/>
						<String ID="word000168" HPOS="1006" VPOS="1146" WIDTH="71" HEIGHT="35" CONTENT="left" WC="1.00" CC="0000"/>
						<SP ID="P2_SP00164" HPOS="1077" VPOS="1193" WIDTH="19"/>
						<String ID="word000169" HPOS="1096" VPOS="1149" WIDTH="60" HEIGHT="33" CONTENT="the" WC="0.89" CC="030"/>
						<SP ID="P2_SP00165" HPOS="1156" VPOS="1193" WIDTH="24"/>
						<String ID="word000170" HPOS="1180" VPOS="1148" WIDTH="154" HEIGHT="38" CONTENT="accwed" WC="0.52" CC="336833"/>
						<SP ID="P2_SP00166" HPOS="1333" VPOS="1193" WIDTH="17"/>
						<String ID="word000171" HPOS="1350" VPOS="1148" WIDTH="92" HEIGHT="38" CONTENT=';—"' WC="0.56" CC="453"/>
						<SP ID="P2_SP00167" HPOS="1442" VPOS="1193" WIDTH="28"/>
						<String ID="word000172" HPOS="1470" VPOS="1150" WIDTH="39" HEIGHT="28" CONTENT="to" WC="1.00" CC="00"/>
						<SP ID="P2_SP00168" HPOS="1509" VPOS="1193" WIDTH="20"/>
						<String ID="word000173" HPOS="1530" VPOS="1154" WIDTH="61" HEIGHT="25" CONTENT="use" WC="0.93" CC="101"/>
						<SP ID="P2_SP00169" HPOS="1591" VPOS="1193" WIDTH="0"/>
					</TextLine>
					<TextLine ID="P2_TL00019" HPOS="261" VPOS="1201" WIDTH="1334" HEIGHT="48">
						<String ID="word000174" HPOS="261" VPOS="1207" WIDTH="64" HEIGHT="34" CONTENT="the" WC="1.00" CC="000"/>
						<SP ID="P2_SP00170" HPOS="325" VPOS="1241" WIDTH="18"/>
						<String ID="word000175" HPOS="343" VPOS="1206" WIDTH="135" HEIGHT="34" CONTENT="benefit" WC="0.84" CC="1010530"/>
						<SP ID="P2_SP00171" HPOS="477" VPOS="1241" WIDTH="27"/>
						<String ID="word000176" HPOS="504" VPOS="1205" WIDTH="70" HEIGHT="33" CONTENT="and" WC="1.00" CC="000"/>
						<SP ID="P2_SP00172" HPOS="574" VPOS="1241" WIDTH="27"/>
						<String ID="word000177" HPOS="601" VPOS="1202" WIDTH="254" HEIGHT="45" CONTENT='protection,"' WC="0.99" CC="000000001000"/>
						<SP ID="P2_SP00173" HPOS="855" VPOS="1247" WIDTH="27"/>
						<String ID="word000178" HPOS="882" VPOS="1214" WIDTH="40" HEIGHT="22" CONTENT="as" WC="0.89" CC="20"/>
						<SP ID="P2_SP00174" HPOS="922" VPOS="1247" WIDTH="20"/>
						<String ID="word000179" HPOS="943" VPOS="1202" WIDTH="54" HEIGHT="32" CONTENT="his" WC="1.00" CC="000"/>
						<SP ID="P2_SP00175" HPOS="997" VPOS="1247" WIDTH="31"/>
						<String ID="word000180" HPOS="1028" VPOS="1202" WIDTH="124" HEIGHT="46" CONTENT="Royal" WC="1.00" CC="00000"/>
						<SP ID="P2_SP00176" HPOS="1152" VPOS="1248" WIDTH="39"/>
						<String ID="word000181" HPOS="1191" VPOS="1204" WIDTH="183" HEIGHT="45" CONTENT="Highness" WC="0.88" CC="50030100"/>
						<SP ID="P2_SP00177" HPOS="1374" VPOS="1248" WIDTH="34"/>
						<String ID="word000182" HPOS="1408" VPOS="1201" WIDTH="187" HEIGHT="39" CONTENT="demands," WC="0.81" CC="14014031"/>
						<SP ID="P2_SP00178" HPOS="1594" VPOS="1248" WIDTH="0"/>
					</TextLine>
					<TextLine ID="P2_TL00020" HPOS="261" VPOS="1258" WIDTH="1333" HEIGHT="41">
						<String ID="word000183" HPOS="261" VPOS="1265" WIDTH="30" HEIGHT="15" CONTENT='"' WC="0.89" CC="1"/>
						<SP ID="P2_SP00179" HPOS="291" VPOS="1280" WIDTH="28"/>
						<String ID="word000184" HPOS="319" VPOS="1263" WIDTH="43" HEIGHT="33" CONTENT="of" WC="1.00" CC="00"/>
						<SP ID="P2_SP00180" HPOS="361" VPOS="1296" WIDTH="15"/>
						<String ID="word000185" HPOS="377" VPOS="1264" WIDTH="103" HEIGHT="31" CONTENT="those" WC="0.95" CC="00020"/>
						<SP ID="P2_SP00181" HPOS="480" VPOS="1296" WIDTH="14"/>
						<String ID="word000186" HPOS="494" VPOS="1260" WIDTH="196" HEIGHT="39" CONTENT="sanctions," WC="0.98" CC="1001000000"/>
						<SP ID="P2_SP00182" HPOS="690" VPOS="1299" WIDTH="26"/>
						<String ID="word000187" HPOS="716" VPOS="1260" WIDTH="112" HEIGHT="33" CONTENT="under" WC="0.95" CC="10001"/>
						<SP ID="P2_SP00183" HPOS="828" VPOS="1299" WIDTH="27"/>
						<String ID="word000188" HPOS="855" VPOS="1260" WIDTH="123" HEIGHT="33" CONTENT="which" WC="0.98" CC="00100"/>
						<SP ID="P2_SP00184" HPOS="978" VPOS="1299" WIDTH="25"/>
						<String ID="word000189" HPOS="1003" VPOS="1260" WIDTH="111" HEIGHT="33" CONTENT="alone" WC="0.93" CC="10101"/>
						<SP ID="P2_SP00185" HPOS="1114" VPOS="1299" WIDTH="18"/>
						<String ID="word000190" HPOS="1131" VPOS="1260" WIDTH="175" HEIGHT="34" CONTENT="evidence" WC="0.93" CC="30001100"/>
						<SP ID="P2_SP00186" HPOS="1306" VPOS="1299" WIDTH="18"/>
						<String ID="word000191" HPOS="1324" VPOS="1261" WIDTH="30" HEIGHT="32" CONTENT="is" WC="1.00" CC="00"/>
						<SP ID="P2_SP00187" HPOS="1354" VPOS="1299" WIDTH="19"/>
						<String ID="word000192" HPOS="1372" VPOS="1259" WIDTH="167" HEIGHT="35" CONTENT="received" WC="0.96" CC="00110010"/>
						<SP ID="P2_SP00188" HPOS="1539" VPOS="1299" WIDTH="22"/>
						<String ID="word000193" HPOS="1561" VPOS="1258" WIDTH="33" HEIGHT="33" CONTENT="in" WC="0.94" CC="10"/>
						<SP ID="P2_SP00189" HPOS="1594" VPOS="1299" WIDTH="0"/>
					</TextLine>
					<TextLine ID="P2_TL00021" HPOS="261" VPOS="1316" WIDTH="846" HEIGHT="45">
						<String ID="word000194" HPOS="261" VPOS="1319" WIDTH="61" HEIGHT="33" CONTENT="the" WC="0.89" CC="030"/>
						<SP ID="P2_SP00190" HPOS="322" VPOS="1352" WIDTH="24"/>
						<String ID="word000195" HPOS="346" VPOS="1319" WIDTH="174" HEIGHT="41" CONTENT="ordinary" WC="0.99" CC="00000001"/>
						<SP ID="P2_SP00191" HPOS="520" VPOS="1361" WIDTH="15"/>
						<String ID="word000196" HPOS="535" VPOS="1316" WIDTH="294" HEIGHT="34" CONTENT="administration" WC="0.98" CC="00001100000000"/>
						<SP ID="P2_SP00192" HPOS="829" VPOS="1361" WIDTH="14"/>
						<String ID="word000197" HPOS="843" VPOS="1316" WIDTH="45" HEIGHT="34" CONTENT="of" WC="1.00" CC="00"/>
						<SP ID="P2_SP00193" HPOS="888" VPOS="1361" WIDTH="21"/>
						<String ID="word000198" HPOS="909" VPOS="1316" WIDTH="60" HEIGHT="35" CONTENT="the" WC="1.00" CC="000"/>
						<SP ID="P2_SP00194" HPOS="970" VPOS="1361" WIDTH="18"/>
						<String ID="word000199" HPOS="987" VPOS="1316" WIDTH="119" HEIGHT="37" CONTENT='law."' WC="0.95" CC="01001"/>
						<SP ID="P2_SP00195" HPOS="1107" VPOS="1361" WIDTH="0"/>
					</TextLine>
					<TextLine ID="P2_TL00022" HPOS="312" VPOS="1371" WIDTH="1284" HEIGHT="47">
						<String ID="word000200" HPOS="312" VPOS="1375" WIDTH="70" HEIGHT="34" CONTENT="NVe" WC="0.22" CC="876"/>
						<SP ID="P2_SP00196" HPOS="381" VPOS="1409" WIDTH="19"/>
						<String ID="word000201" HPOS="400" VPOS="1374" WIDTH="92" HEIGHT="33" CONTENT="have" WC="1.00" CC="0000"/>
						<SP ID="P2_SP00197" HPOS="493" VPOS="1409" WIDTH="13"/>
						<String ID="word000202" HPOS="506" VPOS="1371" WIDTH="211" HEIGHT="34" CONTENT="considered" WC="0.97" CC="1000200000"/>
						<SP ID="P2_SP00198" HPOS="717" VPOS="1409" WIDTH="17"/>
						<String ID="word000203" HPOS="733" VPOS="1371" WIDTH="61" HEIGHT="34" CONTENT="the" WC="1.00" CC="000"/>
						<SP ID="P2_SP00199" HPOS="795" VPOS="1409" WIDTH="21"/>
						<String ID="word000204" HPOS="816" VPOS="1371" WIDTH="146" HEIGHT="46" CONTENT="subject" WC="0.98" CC="0000010"/>
						<SP ID="P2_SP00200" HPOS="963" VPOS="1417" WIDTH="17"/>
						<String ID="word000205" HPOS="979" VPOS="1384" WIDTH="39" HEIGHT="25" CONTENT="as" WC="0.94" CC="10"/>
						<SP ID="P2_SP00201" HPOS="1018" VPOS="1417" WIDTH="20"/>
						<String ID="word000206" HPOS="1038" VPOS="1378" WIDTH="66" HEIGHT="39" CONTENT="yet" WC="1.00" CC="000"/>
						<SP ID="P2_SP00202" HPOS="1104" VPOS="1417" WIDTH="24"/>
						<String ID="word000207" HPOS="1128" VPOS="1384" WIDTH="40" HEIGHT="24" CONTENT="as" WC="1.00" CC="00"/>
						<SP ID="P2_SP00203" HPOS="1168" VPOS="1417" WIDTH="18"/>
						<String ID="word000208" HPOS="1186" VPOS="1374" WIDTH="87" HEIGHT="44" CONTENT="only" WC="1.00" CC="0000"/>
						<SP ID="P2_SP00204" HPOS="1273" VPOS="1417" WIDTH="19"/>
						<String ID="word000209" HPOS="1292" VPOS="1371" WIDTH="159" HEIGHT="45" CONTENT="relating" WC="0.97" CC="00000002"/>
						<SP ID="P2_SP00205" HPOS="1452" VPOS="1417" WIDTH="19"/>
						<String ID="word000210" HPOS="1470" VPOS="1377" WIDTH="38" HEIGHT="27" CONTENT="to" WC="1.00" CC="00"/>
						<SP ID="P2_SP00206" HPOS="1508" VPOS="1417" WIDTH="26"/>
						<String ID="word000211" HPOS="1534" VPOS="1371" WIDTH="61" HEIGHT="33" CONTENT="the" WC="0.96" CC="001"/>
						<SP ID="P2_SP00207" HPOS="1596" VPOS="1417" WIDTH="0"/>
					</TextLine>
					<TextLine ID="P2_TL00023" HPOS="259" VPOS="1428" WIDTH="1337" HEIGHT="47">
						<String ID="word000212" HPOS="259" VPOS="1431" WIDTH="241" HEIGHT="37" CONTENT="Commander" WC="0.97" CC="110000000"/>
						<SP ID="P2_SP00208" HPOS="500" VPOS="1468" WIDTH="17"/>
						<String ID="word000213" HPOS="516" VPOS="1430" WIDTH="34" HEIGHT="32" CONTENT="in" WC="1.00" CC="00"/>
						<SP ID="P2_SP00209" HPOS="550" VPOS="1468" WIDTH="17"/>
						<String ID="word000214" HPOS="567" VPOS="1428" WIDTH="167" HEIGHT="35" CONTENT="Chiefof" WC="0.59" CC="3734333"/>
						<SP ID="P2_SP00210" HPOS="733" VPOS="1468" WIDTH="11"/>
						<String ID="word000215" HPOS="744" VPOS="1429" WIDTH="63" HEIGHT="33" CONTENT="the" WC="0.96" CC="001"/>
						<SP ID="P2_SP00211" HPOS="807" VPOS="1468" WIDTH="18"/>
						<String ID="word000216" HPOS="824" VPOS="1431" WIDTH="133" HEIGHT="44" CONTENT="Army," WC="0.98" CC="10000"/>
						<SP ID="P2_SP00212" HPOS="958" VPOS="1475" WIDTH="17"/>
						<String ID="word000217" HPOS="974" VPOS="1430" WIDTH="164" HEIGHT="34" CONTENT="without" WC="0.95" CC="1000200"/>
						<SP ID="P2_SP00213" HPOS="1139" VPOS="1475" WIDTH="11"/>
						<String ID="word000218" HPOS="1149" VPOS="1430" WIDTH="60" HEIGHT="34" CONTENT="the" WC="0.96" CC="001"/>
						<SP ID="P2_SP00214" HPOS="1209" VPOS="1475" WIDTH="14"/>
						<String ID="word000219" HPOS="1224" VPOS="1430" WIDTH="169" HEIGHT="44" CONTENT="slightest" WC="0.91" CC="011130010"/>
						<SP ID="P2_SP00215" HPOS="1393" VPOS="1475" WIDTH="18"/>
						<String ID="word000220" HPOS="1410" VPOS="1428" WIDTH="185" HEIGHT="34" CONTENT="referetice" WC="0.61" CC="3333355433"/>
						<SP ID="P2_SP00216" HPOS="1596" VPOS="1475" WIDTH="0"/>
					</TextLine>
					<TextLine ID="P2_TL00024" HPOS="259" VPOS="1482" WIDTH="1339" HEIGHT="50">
						<String ID="word000221" HPOS="259" VPOS="1495" WIDTH="41" HEIGHT="27" CONTENT="to" WC="1.00" CC="00"/>
						<SP ID="P2_SP00217" HPOS="300" VPOS="1522" WIDTH="20"/>
						<String ID="word000222" HPOS="320" VPOS="1488" WIDTH="73" HEIGHT="33" CONTENT="him" WC="1.00" CC="000"/>
						<SP ID="P2_SP00218" HPOS="393" VPOS="1522" WIDTH="17"/>
						<String ID="word000223" HPOS="410" VPOS="1498" WIDTH="39" HEIGHT="24" CONTENT="as" WC="1.00" CC="00"/>
						<SP ID="P2_SP00219" HPOS="449" VPOS="1522" WIDTH="24"/>
						<String ID="word000224" HPOS="472" VPOS="1487" WIDTH="130" HEIGHT="34" CONTENT="Prince" WC="0.98" CC="000001"/>
						<SP ID="P2_SP00220" HPOS="602" VPOS="1522" WIDTH="19"/>
						<String ID="word000225" HPOS="621" VPOS="1482" WIDTH="44" HEIGHT="39" CONTENT="of" WC="1.00" CC="00"/>
						<SP ID="P2_SP00221" HPOS="665" VPOS="1522" WIDTH="15"/>
						<String ID="word000226" HPOS="680" VPOS="1486" WIDTH="64" HEIGHT="34" CONTENT="the" WC="1.00" CC="000"/>
						<SP ID="P2_SP00222" HPOS="744" VPOS="1522" WIDTH="18"/>
						<String ID="word000227" HPOS="762" VPOS="1486" WIDTH="139" HEIGHT="34" CONTENT="Blood." WC="0.98" CC="001000"/>
						<SP ID="P2_SP00223" HPOS="901" VPOS="1522" WIDTH="54"/>
						<String ID="word000228" HPOS="956" VPOS="1487" WIDTH="141" HEIGHT="34" CONTENT="Should" WC="0.98" CC="000010"/>
						<SP ID="P2_SP00224" HPOS="1096" VPOS="1522" WIDTH="30"/>
						<String ID="word000229" HPOS="1126" VPOS="1499" WIDTH="54" HEIGHT="22" CONTENT="we" WC="0.94" CC="10"/>
						<SP ID="P2_SP00225" HPOS="1180" VPOS="1522" WIDTH="27"/>
						<String ID="word000230" HPOS="1207" VPOS="1488" WIDTH="67" HEIGHT="33" CONTENT="iak" WC="0.81" CC="500"/>
						<SP ID="P2_SP00226" HPOS="1274" VPOS="1522" WIDTH="14"/>
						<String ID="word000231" HPOS="1289" VPOS="1496" WIDTH="76" HEIGHT="35" CONTENT="•up" WC="0.44" CC="530"/>
						<SP ID="P2_SP00227" HPOS="1364" VPOS="1532" WIDTH="21"/>
						<String ID="word000232" HPOS="1385" VPOS="1486" WIDTH="61" HEIGHT="34" CONTENT="the" WC="1.00" CC="000"/>
						<SP ID="P2_SP00228" HPOS="1447" VPOS="1532" WIDTH="20"/>
						<String ID="word000233" HPOS="1467" VPOS="1491" WIDTH="131" HEIGHT="28" CONTENT="matter" WC="0.98" CC="010000"/>
						<SP ID="P2_SP00229" HPOS="1598" VPOS="1532" WIDTH="0"/>
					</TextLine>
					<TextLine ID="P2_TL00025" HPOS="257" VPOS="1541" WIDTH="1341" HEIGHT="49">
						<String ID="word000234" HPOS="257" VPOS="1547" WIDTH="38" HEIGHT="33" CONTENT="in" WC="0.72" CC="50"/>
						<SP ID="P2_SP00230" HPOS="295" VPOS="1580" WIDTH="19"/>
						<String ID="word000235" HPOS="314" VPOS="1544" WIDTH="73" HEIGHT="34" CONTENT="this" WC="1.00" CC="0000"/>
						<SP ID="P2_SP00231" HPOS="387" VPOS="1580" WIDTH="12"/>
						<String ID="word000236" HPOS="399" VPOS="1543" WIDTH="112" HEIGHT="44" CONTENT="light," WC="0.98" CC="001000"/>
						<SP ID="P2_SP00232" HPOS="511" VPOS="1586" WIDTH="13"/>
						<String ID="word000237" HPOS="524" VPOS="1544" WIDTH="30" HEIGHT="33" CONTENT="it" WC="1.00" CC="00"/>
						<SP ID="P2_SP00233" HPOS="554" VPOS="1586" WIDTH="13"/>
						<String ID="word000238" HPOS="567" VPOS="1544" WIDTH="169" HEIGHT="33" CONTENT="becomes" WC="1.00" CC="0000000"/>
						<SP ID="P2_SP00234" HPOS="736" VPOS="1586" WIDTH="11"/>
						<String ID="word000239" HPOS="746" VPOS="1553" WIDTH="100" HEIGHT="22" CONTENT="more" WC="1.00" CC="0000"/>
						<SP ID="P2_SP00235" HPOS="847" VPOS="1586" WIDTH="13"/>
						<String ID="word000240" HPOS="860" VPOS="1544" WIDTH="141" HEIGHT="34" CONTENT="serious" WC="0.97" CC="1100000"/>
						<SP ID="P2_SP00236" HPOS="1000" VPOS="1586" WIDTH="18"/>
						<String ID="word000241" HPOS="1018" VPOS="1543" WIDTH="73" HEIGHT="35" CONTENT="and" WC="0.96" CC="001"/>
						<SP ID="P2_SP00237" HPOS="1091" VPOS="1586" WIDTH="15"/>
						<String ID="word000242" HPOS="1107" VPOS="1546" WIDTH="216" HEIGHT="44" CONTENT="important." WC="0.99" CC="0010000000"/>
						<SP ID="P2_SP00238" HPOS="1323" VPOS="1590" WIDTH="54"/>
						<String ID="word000243" HPOS="1377" VPOS="1543" WIDTH="81" HEIGHT="34" CONTENT="The" WC="0.96" CC="001"/>
						<SP ID="P2_SP00239" HPOS="1459" VPOS="1590" WIDTH="18"/>
						<String ID="word000244" HPOS="1476" VPOS="1541" WIDTH="122" HEIGHT="35" CONTENT="whole" WC="0.95" CC="20000"/>
						<SP ID="P2_SP00240" HPOS="1598" VPOS="1590" WIDTH="0"/>
					</TextLine>
					<TextLine ID="P2_TL00026" HPOS="257" VPOS="1599" WIDTH="1339" HEIGHT="47">
						<String ID="word000245" HPOS="257" VPOS="1602" WIDTH="226" HEIGHT="35" CONTENT="transaction" WC="0.99" CC="00000000010"/>
						<SP ID="P2_SP00241" HPOS="483" VPOS="1637" WIDTH="24"/>
						<String ID="word000246" HPOS="507" VPOS="1599" WIDTH="256" HEIGHT="45" CONTENT="immediately" WC="0.93" CC="23000000110"/>
						<SP ID="P2_SP00242" HPOS="763" VPOS="1644" WIDTH="17"/>
						<String ID="word000247" HPOS="780" VPOS="1610" WIDTH="159" HEIGHT="25" CONTENT="assumes" WC="0.98" CC="0100000"/>
						<SP ID="P2_SP00243" HPOS="939" VPOS="1644" WIDTH="31"/>
						<String ID="word000248" HPOS="970" VPOS="1612" WIDTH="22" HEIGHT="22" CONTENT="a" WC="0.89" CC="1"/>
						<SP ID="P2_SP00244" HPOS="992" VPOS="1644" WIDTH="25"/>
						<String ID="word000249" HPOS="1017" VPOS="1609" WIDTH="149" HEIGHT="37" CONTENT="greater" WC="0.94" CC="0031000"/>
						<SP ID="P2_SP00245" HPOS="1166" VPOS="1645" WIDTH="26"/>
						<String ID="word000250" HPOS="1192" VPOS="1604" WIDTH="133" HEIGHT="41" CONTENT="degree" WC="0.91" CC="102020"/>
						<SP ID="P2_SP00246" HPOS="1325" VPOS="1645" WIDTH="28"/>
						<String ID="word000251" HPOS="1354" VPOS="1599" WIDTH="44" HEIGHT="35" CONTENT="of" WC="1.00" CC="00"/>
						<SP ID="P2_SP00247" HPOS="1397" VPOS="1645" WIDTH="27"/>
						<String ID="word000252" HPOS="1424" VPOS="1600" WIDTH="145" HEIGHT="33" CONTENT="interest" WC="0.99" CC="00010000"/>
						<SP ID="P2_SP00248" HPOS="1570" VPOS="1645" WIDTH="17"/>
						<String ID="word000253" HPOS="1586" VPOS="1610" WIDTH="9" HEIGHT="26" CONTENT=";" WC="0.44" CC="5"/>
						<SP ID="P2_SP00249" HPOS="1596" VPOS="1645" WIDTH="0"/>
					</TextLine>
					<TextLine ID="P2_TL00027" HPOS="257" VPOS="1656" WIDTH="1340" HEIGHT="47">
						<String ID="word000254" HPOS="257" VPOS="1659" WIDTH="73" HEIGHT="34" CONTENT="and" WC="0.96" CC="100"/>
						<SP ID="P2_SP00250" HPOS="331" VPOS="1694" WIDTH="19"/>
						<String ID="word000255" HPOS="350" VPOS="1657" WIDTH="103" HEIGHT="34" CONTENT="what" WC="1.00" CC="0000"/>
						<SP ID="P2_SP00251" HPOS="452" VPOS="1694" WIDTH="14"/>
						<String ID="word000256" HPOS="467" VPOS="1667" WIDTH="57" HEIGHT="25" CONTENT="we" WC="1.00" CC="00"/>
						<SP ID="P2_SP00252" HPOS="523" VPOS="1694" WIDTH="19"/>
						<String ID="word000257" HPOS="542" VPOS="1669" WIDTH="84" HEIGHT="33" CONTENT="may" WC="1.00" CC="000"/>
						<SP ID="P2_SP00253" HPOS="626" VPOS="1702" WIDTH="19"/>
						<String ID="word000258" HPOS="645" VPOS="1658" WIDTH="46" HEIGHT="32" CONTENT="be" WC="0.89" CC="11"/>
						<SP ID="P2_SP00254" HPOS="691" VPOS="1702" WIDTH="20"/>
						<String ID="word000259" HPOS="711" VPOS="1658" WIDTH="157" HEIGHT="33" CONTENT="inclined" WC="0.94" CC="04000000"/>
						<SP ID="P2_SP00255" HPOS="868" VPOS="1702" WIDTH="19"/>
						<String ID="word000260" HPOS="887" VPOS="1663" WIDTH="39" HEIGHT="28" CONTENT="to" WC="1.00" CC="00"/>
						<SP ID="P2_SP00256" HPOS="926" VPOS="1702" WIDTH="20"/>
						<String ID="word000261" HPOS="946" VPOS="1658" WIDTH="159" HEIGHT="45" CONTENT="palliate" WC="0.97" CC="00000110"/>
						<SP ID="P2_SP00257" HPOS="1106" VPOS="1703" WIDTH="19"/>
						<String ID="word000262" HPOS="1124" VPOS="1661" WIDTH="33" HEIGHT="32" CONTENT="in" WC="1.00" CC="00"/>
						<SP ID="P2_SP00258" HPOS="1157" VPOS="1703" WIDTH="21"/>
						<String ID="word000263" HPOS="1179" VPOS="1659" WIDTH="61" HEIGHT="33" CONTENT="the" WC="0.96" CC="100"/>
						<SP ID="P2_SP00259" HPOS="1240" VPOS="1703" WIDTH="18"/>
						<String ID="word000264" HPOS="1258" VPOS="1659" WIDTH="152" HEIGHT="39" CONTENT="former," WC="0.98" CC="0100000"/>
						<SP ID="P2_SP00260" HPOS="1410" VPOS="1703" WIDTH="26"/>
						<String ID="word000265" HPOS="1436" VPOS="1667" WIDTH="58" HEIGHT="25" CONTENT="we" WC="0.94" CC="01"/>
						<SP ID="P2_SP00261" HPOS="1494" VPOS="1703" WIDTH="15"/>
						<String ID="word000266" HPOS="1509" VPOS="1656" WIDTH="87" HEIGHT="33" CONTENT="dare" WC="0.94" CC="1001"/>
						<SP ID="P2_SP00262" HPOS="1597" VPOS="1703" WIDTH="0"/>
					</TextLine>
					<TextLine ID="P2_TL00028" HPOS="257" VPOS="1711" WIDTH="1346" HEIGHT="48">
						<String ID="word000267" HPOS="257" VPOS="1717" WIDTH="66" HEIGHT="33" CONTENT="not" WC="0.81" CC="500"/>
						<SP ID="P2_SP00263" HPOS="324" VPOS="1750" WIDTH="17"/>
						<String ID="word000268" HPOS="340" VPOS="1724" WIDTH="137" HEIGHT="24" CONTENT="excuse" WC="1.00" CC="000000"/>
						<SP ID="P2_SP00264" HPOS="477" VPOS="1750" WIDTH="15"/>
						<String ID="word000269" HPOS="493" VPOS="1714" WIDTH="35" HEIGHT="34" CONTENT="in" WC="1.00" CC="00"/>
						<SP ID="P2_SP00265" HPOS="528" VPOS="1750" WIDTH="18"/>
						<String ID="word000270" HPOS="546" VPOS="1714" WIDTH="64" HEIGHT="34" CONTENT="the" WC="1.00" CC="000"/>
						<SP ID="P2_SP00266" HPOS="609" VPOS="1750" WIDTH="14"/>
						<String ID="word000271" HPOS="624" VPOS="1714" WIDTH="115" HEIGHT="34" CONTENT="latter" WC="1.00" CC="000000"/>
						<SP ID="P2_SP00267" HPOS="738" VPOS="1750" WIDTH="12"/>
						<String ID="word000272" HPOS="750" VPOS="1716" WIDTH="211" HEIGHT="33" CONTENT="character." WC="0.93" CC="0310001100"/>
						<SP ID="P2_SP00268" HPOS="961" VPOS="1750" WIDTH="53"/>
						<String ID="word000273" HPOS="1015" VPOS="1715" WIDTH="38" HEIGHT="34" CONTENT="It" WC="0.94" CC="10"/>
						<SP ID="P2_SP00269" HPOS="1052" VPOS="1750" WIDTH="21"/>
						<String ID="word000274" HPOS="1074" VPOS="1715" WIDTH="85" HEIGHT="34" CONTENT="then" WC="1.00" CC="0000"/>
						<SP ID="P2_SP00270" HPOS="1159" VPOS="1750" WIDTH="20"/>
						<String ID="word000275" HPOS="1179" VPOS="1717" WIDTH="165" HEIGHT="32" CONTENT="becomes" WC="0.98" CC="0100000"/>
						<SP ID="P2_SP00271" HPOS="1344" VPOS="1750" WIDTH="18"/>
						<String ID="word000276" HPOS="1362" VPOS="1727" WIDTH="24" HEIGHT="22" CONTENT="a" WC="1.00" CC="0"/>
						<SP ID="P2_SP00272" HPOS="1385" VPOS="1750" WIDTH="17"/>
						<String ID="word000277" HPOS="1402" VPOS="1713" WIDTH="141" HEIGHT="46" CONTENT="subject" WC="0.98" CC="0100000"/>
						<SP ID="P2_SP00273" HPOS="1543" VPOS="1759" WIDTH="19"/>
						<String ID="word000278" HPOS="1561" VPOS="1711" WIDTH="41" HEIGHT="33" CONTENT="of" WC="0.94" CC="01"/>
						<SP ID="P2_SP00274" HPOS="1603" VPOS="1759" WIDTH="0"/>
					</TextLine>
					<TextLine ID="P2_TL00029" HPOS="259" VPOS="1770" WIDTH="1339" HEIGHT="47">
						<String ID="word000279" HPOS="259" VPOS="1773" WIDTH="155" HEIGHT="44" CONTENT="inquiry" WC="0.98" CC="1000000"/>
						<SP ID="P2_SP00275" HPOS="413" VPOS="1817" WIDTH="20"/>
						<String ID="word000280" HPOS="433" VPOS="1770" WIDTH="171" HEIGHT="34" CONTENT="whether" WC="1.00" CC="0000000"/>
						<SP ID="P2_SP00276" HPOS="605" VPOS="1817" WIDTH="17"/>
						<String ID="word000281" HPOS="621" VPOS="1782" WIDTH="25" HEIGHT="22" CONTENT="a" WC="0.89" CC="1"/>
						<SP ID="P2_SP00277" HPOS="646" VPOS="1817" WIDTH="14"/>
						<String ID="word000282" HPOS="660" VPOS="1770" WIDTH="159" HEIGHT="33" CONTENT="member" WC="0.91" CC="500000"/>
						<SP ID="P2_SP00278" HPOS="820" VPOS="1817" WIDTH="19"/>
						<String ID="word000283" HPOS="839" VPOS="1770" WIDTH="44" HEIGHT="33" CONTENT="of" WC="1.00" CC="00"/>
						<SP ID="P2_SP00279" HPOS="882" VPOS="1817" WIDTH="18"/>
						<String ID="word000284" HPOS="900" VPOS="1772" WIDTH="61" HEIGHT="34" CONTENT="the" WC="1.00" CC="000"/>
						<SP ID="P2_SP00280" HPOS="961" VPOS="1817" WIDTH="21"/>
						<String ID="word000285" HPOS="983" VPOS="1772" WIDTH="126" HEIGHT="44" CONTENT="Royal" WC="0.93" CC="11010"/>
						<SP ID="P2_SP00281" HPOS="1109" VPOS="1817" WIDTH="26"/>
						<String ID="word000286" HPOS="1135" VPOS="1773" WIDTH="148" HEIGHT="44" CONTENT="Family" WC="0.96" CC="100001"/>
						<SP ID="P2_SP00282" HPOS="1283" VPOS="1817" WIDTH="19"/>
						<String ID="word000287" HPOS="1302" VPOS="1774" WIDTH="28" HEIGHT="32" CONTENT="is" WC="1.00" CC="00"/>
						<SP ID="P2_SP00283" HPOS="1330" VPOS="1817" WIDTH="17"/>
						<String ID="word000288" HPOS="1346" VPOS="1770" WIDTH="195" HEIGHT="34" CONTENT="amenable" WC="0.94" CC="30100000"/>
						<SP ID="P2_SP00284" HPOS="1541" VPOS="1817" WIDTH="18"/>
						<String ID="word000289" HPOS="1559" VPOS="1775" WIDTH="39" HEIGHT="26" CONTENT="to" WC="1.00" CC="00"/>
						<SP ID="P2_SP00285" HPOS="1598" VPOS="1817" WIDTH="0"/>
					</TextLine>
					<TextLine ID="P2_TL00030" HPOS="257" VPOS="1826" WIDTH="1343" HEIGHT="45">
						<String ID="word000290" HPOS="257" VPOS="1828" WIDTH="69" HEIGHT="34" CONTENT="the" WC="0.81" CC="050"/>
						<SP ID="P2_SP00286" HPOS="326" VPOS="1863" WIDTH="13"/>
						<String ID="word000291" HPOS="339" VPOS="1839" WIDTH="98" HEIGHT="24" CONTENT="same" WC="0.92" CC="0030"/>
						<SP ID="P2_SP00287" HPOS="437" VPOS="1863" WIDTH="19"/>
						<String ID="word000292" HPOS="456" VPOS="1828" WIDTH="93" HEIGHT="33" CONTENT="laws" WC="1.00" CC="0000"/>
						<SP ID="P2_SP00288" HPOS="549" VPOS="1863" WIDTH="14"/>
						<String ID="word000293" HPOS="563" VPOS="1838" WIDTH="40" HEIGHT="22" CONTENT="as" WC="1.00" CC="00"/>
						<SP ID="P2_SP00289" HPOS="604" VPOS="1863" WIDTH="17"/>
						<String ID="word000294" HPOS="620" VPOS="1837" WIDTH="115" HEIGHT="34" CONTENT="every" WC="0.98" CC="00100"/>
						<SP ID="P2_SP00290" HPOS="735" VPOS="1871" WIDTH="25"/>
						<String ID="word000295" HPOS="759" VPOS="1827" WIDTH="112" HEIGHT="33" CONTENT="other" WC="1.00" CC="00000"/>
						<SP ID="P2_SP00291" HPOS="872" VPOS="1871" WIDTH="19"/>
						<String ID="word000296" HPOS="891" VPOS="1827" WIDTH="206" HEIGHT="34" CONTENT="individual" WC="0.99" CC="0000000010"/>
						<SP ID="P2_SP00292" HPOS="1096" VPOS="1871" WIDTH="22"/>
						<String ID="word000297" HPOS="1119" VPOS="1828" WIDTH="34" HEIGHT="33" CONTENT="in" WC="1.00" CC="00"/>
						<SP ID="P2_SP00293" HPOS="1153" VPOS="1871" WIDTH="19"/>
						<String ID="word000298" HPOS="1172" VPOS="1830" WIDTH="59" HEIGHT="34" CONTENT="the" WC="0.96" CC="001"/>
						<SP ID="P2_SP00294" HPOS="1231" VPOS="1871" WIDTH="19"/>
						<String ID="word000299" HPOS="1250" VPOS="1828" WIDTH="182" HEIGHT="40" CONTENT="country?" WC="0.93" CC="00100022"/>
						<SP ID="P2_SP00295" HPOS="1431" VPOS="1871" WIDTH="58"/>
						<String ID="word000300" HPOS="1489" VPOS="1826" WIDTH="84" HEIGHT="33" CONTENT="Whe" SUBS_TYPE="HypPart1" SUBS_CONTENT="Whether" WC="0.83" CC="102"/>
						<HYP HPOS="1573" VPOS="1826" WIDTH="27" CONTENT="-"/>
					</TextLine>
					<TextLine ID="P2_TL00031" HPOS="259" VPOS="1881" WIDTH="1338" HEIGHT="49">
						<String ID="word000301" HPOS="259" VPOS="1886" WIDTH="90" HEIGHT="33" CONTENT="ther" SUBS_TYPE="HypPart2" SUBS_CONTENT="Whether" WC="0.89" CC="0400"/>
						<SP ID="P2_SP00296" HPOS="348" VPOS="1919" WIDTH="28"/>
						<String ID="word000302" HPOS="377" VPOS="1886" WIDTH="48" HEIGHT="33" CONTENT="he" WC="0.94" CC="01"/>
						<SP ID="P2_SP00297" HPOS="425" VPOS="1919" WIDTH="27"/>
						<String ID="word000303" HPOS="452" VPOS="1885" WIDTH="79" HEIGHT="39" CONTENT="has," WC="0.97" CC="0100"/>
						<SP ID="P2_SP00298" HPOS="531" VPOS="1924" WIDTH="32"/>
						<String ID="word000304" HPOS="563" VPOS="1885" WIDTH="34" HEIGHT="34" CONTENT="in" WC="0.44" CC="55"/>
						<SP ID="P2_SP00299" HPOS="598" VPOS="1924" WIDTH="30"/>
						<String ID="word000305" HPOS="627" VPOS="1885" WIDTH="83" HEIGHT="32" CONTENT="that" WC="1.00" CC="0000"/>
						<SP ID="P2_SP00300" HPOS="710" VPOS="1924" WIDTH="28"/>
						<String ID="word000306" HPOS="738" VPOS="1884" WIDTH="195" HEIGHT="44" CONTENT="capacity," WC="0.99" CC="000010000"/>
						<SP ID="P2_SP00301" HPOS="933" VPOS="1928" WIDTH="28"/>
						<String ID="word000307" HPOS="961" VPOS="1894" WIDTH="72" HEIGHT="34" CONTENT="any" WC="0.96" CC="100"/>
						<SP ID="P2_SP00302" HPOS="1033" VPOS="1929" WIDTH="33"/>
						<String ID="word000308" HPOS="1067" VPOS="1886" WIDTH="146" HEIGHT="33" CONTENT="distinct" WC="0.75" CC="33311331"/>
						<SP ID="P2_SP00303" HPOS="1213" VPOS="1929" WIDTH="32"/>
						<String ID="word000309" HPOS="1245" VPOS="1886" WIDTH="202" HEIGHT="44" CONTENT="privileges" WC="0.98" CC="1000000100"/>
						<SP ID="P2_SP00304" HPOS="1447" VPOS="1930" WIDTH="30"/>
						<String ID="word000310" HPOS="1476" VPOS="1881" WIDTH="120" HEIGHT="34" CONTENT="which" WC="1.00" CC="00000"/>
						<SP ID="P2_SP00305" HPOS="1597" VPOS="1930" WIDTH="0"/>
					</TextLine>
					<TextLine ID="P2_TL00032" HPOS="260" VPOS="1942" WIDTH="1341" HEIGHT="47">
						<String ID="word000311" HPOS="260" VPOS="1952" WIDTH="131" HEIGHT="26" CONTENT="secure" WC="0.98" CC="100000"/>
						<SP ID="P2_SP00306" HPOS="391" VPOS="1978" WIDTH="30"/>
						<String ID="word000312" HPOS="420" VPOS="1944" WIDTH="76" HEIGHT="34" CONTENT="him" WC="0.96" CC="001"/>
						<SP ID="P2_SP00307" HPOS="496" VPOS="1978" WIDTH="18"/>
						<String ID="word000313" HPOS="514" VPOS="1943" WIDTH="93" HEIGHT="33" CONTENT="from" WC="1.00" CC="0000"/>
						<SP ID="P2_SP00308" HPOS="607" VPOS="1978" WIDTH="21"/>
						<String ID="word000314" HPOS="628" VPOS="1942" WIDTH="301" HEIGHT="43" CONTENT="responsibility," WC="0.72" CC="026663110150150"/>
						<SP ID="P2_SP00309" HPOS="930" VPOS="1984" WIDTH="26"/>
						<String ID="word000315" HPOS="956" VPOS="1952" WIDTH="41" HEIGHT="24" CONTENT="or" WC="1.00" CC="00"/>
						<SP ID="P2_SP00310" HPOS="997" VPOS="1984" WIDTH="20"/>
						<String ID="word000316" HPOS="1017" VPOS="1944" WIDTH="122" HEIGHT="32" CONTENT="insure" WC="0.94" CC="010101"/>
						<SP ID="P2_SP00311" HPOS="1139" VPOS="1984" WIDTH="28"/>
						<String ID="word000317" HPOS="1167" VPOS="1945" WIDTH="72" HEIGHT="33" CONTENT="him" WC="0.96" CC="100"/>
						<SP ID="P2_SP00312" HPOS="1239" VPOS="1984" WIDTH="21"/>
						<String ID="word000318" HPOS="1260" VPOS="1944" WIDTH="184" HEIGHT="45" CONTENT="iinpuniti" WC="0.44" CC="583338438"/>
						<SP ID="P2_SP00313" HPOS="1444" VPOS="1989" WIDTH="24"/>
						<String ID="word000319" HPOS="1468" VPOS="1942" WIDTH="33" HEIGHT="32" CONTENT="in" WC="0.89" CC="02"/>
						<SP ID="P2_SP00314" HPOS="1501" VPOS="1989" WIDTH="18"/>
						<String ID="word000320" HPOS="1519" VPOS="1950" WIDTH="81" HEIGHT="22" CONTENT="ease" WC="0.56" CC="4336"/>
						<SP ID="P2_SP00315" HPOS="1600" VPOS="1989" WIDTH="0"/>
					</TextLine>
					<TextLine ID="P2_TL00033" HPOS="263" VPOS="1995" WIDTH="1339" HEIGHT="49">
						<String ID="word000321" HPOS="263" VPOS="2001" WIDTH="45" HEIGHT="35" CONTENT="of" WC="0.94" CC="10"/>
						<SP ID="P2_SP00316" HPOS="308" VPOS="2036" WIDTH="37"/>
						<String ID="word000322" HPOS="345" VPOS="2000" WIDTH="246" HEIGHT="44" CONTENT="delinquency" WC="0.99" CC="00000100000"/>
						<SP ID="P2_SP00317" HPOS="591" VPOS="2043" WIDTH="21"/>
						<String ID="word000323" HPOS="612" VPOS="2001" WIDTH="12" HEIGHT="31" CONTENT="?" WC="0.89" CC="1"/>
						<SP ID="P2_SP00318" HPOS="624" VPOS="2043" WIDTH="58"/>
						<String ID="word000324" HPOS="681" VPOS="1998" WIDTH="70" HEIGHT="33" CONTENT="We" WC="0.72" CC="50"/>
						<SP ID="P2_SP00319" HPOS="751" VPOS="2043" WIDTH="41"/>
						<String ID="word000325" HPOS="793" VPOS="1998" WIDTH="149" HEIGHT="33" CONTENT="believe" WC="0.98" CC="0010000"/>
						<SP ID="P2_SP00320" HPOS="941" VPOS="2043" WIDTH="40"/>
						<String ID="word000326" HPOS="981" VPOS="1998" WIDTH="65" HEIGHT="34" CONTENT="the" WC="1.00" CC="000"/>
						<SP ID="P2_SP00321" HPOS="1046" VPOS="2043" WIDTH="40"/>
						<String ID="word000327" HPOS="1087" VPOS="2000" WIDTH="247" HEIGHT="33" CONTENT="Constitution" WC="0.97" CC="011000000100"/>
						<SP ID="P2_SP00322" HPOS="1333" VPOS="2043" WIDTH="46"/>
						<String ID="word000328" HPOS="1380" VPOS="1997" WIDTH="133" HEIGHT="35" CONTENT="admits" WC="0.96" CC="200000"/>
						<SP ID="P2_SP00323" HPOS="1513" VPOS="2043" WIDTH="46"/>
						<String ID="word000329" HPOS="1559" VPOS="1995" WIDTH="43" HEIGHT="34" CONTENT="of" WC="0.94" CC="10"/>
						<SP ID="P2_SP00324" HPOS="1602" VPOS="2043" WIDTH="0"/>
					</TextLine>
					<TextLine ID="P2_TL00034" HPOS="263" VPOS="2055" WIDTH="1337" HEIGHT="46">
						<String ID="word000330" HPOS="263" VPOS="2068" WIDTH="48" HEIGHT="24" CONTENT="to" WC="0.78" CC="40"/>
						<SP ID="P2_SP00325" HPOS="312" VPOS="2092" WIDTH="34"/>
						<String ID="word000331" HPOS="346" VPOS="2056" WIDTH="87" HEIGHT="35" CONTENT="such" WC="0.83" CC="6000"/>
						<SP ID="P2_SP00326" HPOS="433" VPOS="2092" WIDTH="40"/>
						<String ID="word000332" HPOS="474" VPOS="2056" WIDTH="239" HEIGHT="38" CONTENT="distinction;" WC="0.95" CC="001000000022"/>
						<SP ID="P2_SP00327" HPOS="712" VPOS="2094" WIDTH="41"/>
						<String ID="word000333" HPOS="754" VPOS="2055" WIDTH="66" HEIGHT="34" CONTENT="but" WC="1.00" CC="000"/>
						<SP ID="P2_SP00328" HPOS="820" VPOS="2094" WIDTH="27"/>
						<String ID="word000334" HPOS="847" VPOS="2065" WIDTH="174" HEIGHT="35" CONTENT="supposes" WC="0.85" CC="03010313"/>
						<SP ID="P2_SP00329" HPOS="1020" VPOS="2100" WIDTH="33"/>
						<String ID="word000335" HPOS="1054" VPOS="2066" WIDTH="117" HEIGHT="35" CONTENT="every" WC="1.00" CC="00000"/>
						<SP ID="P2_SP00330" HPOS="1170" VPOS="2101" WIDTH="44"/>
						<String ID="word000336" HPOS="1214" VPOS="2068" WIDTH="80" HEIGHT="21" CONTENT="man" WC="1.00" CC="000"/>
						<SP ID="P2_SP00331" HPOS="1294" VPOS="2101" WIDTH="38"/>
						<String ID="word000337" HPOS="1332" VPOS="2056" WIDTH="86" HEIGHT="33" CONTENT="who" WC="0.96" CC="100"/>
						<SP ID="P2_SP00332" HPOS="1419" VPOS="2101" WIDTH="32"/>
						<String ID="word000338" HPOS="1450" VPOS="2056" WIDTH="69" HEIGHT="32" CONTENT="tills" WC="0.95" CC="00101"/>
						<SP ID="P2_SP00333" HPOS="1519" VPOS="2101" WIDTH="37"/>
						<String ID="word000339" HPOS="1556" VPOS="2063" WIDTH="44" HEIGHT="24" CONTENT="an" WC="0.94" CC="10"/>
						<SP ID="P2_SP00334" HPOS="1599" VPOS="2101" WIDTH="0"/>
					</TextLine>
					<TextLine ID="P2_TL00035" HPOS="266" VPOS="2108" WIDTH="1333" HEIGHT="48">
						<String ID="word000340" HPOS="266" VPOS="2114" WIDTH="142" HEIGHT="34" CONTENT="eflicial" WC="0.47" CC="73883333"/>
						<SP ID="P2_SP00335" HPOS="407" VPOS="2148" WIDTH="43"/>
						<String ID="word000341" HPOS="450" VPOS="2114" WIDTH="195" HEIGHT="39" CONTENT="situation," WC="0.99" CC="0000000100"/>
						<SP ID="P2_SP00336" HPOS="645" VPOS="2153" WIDTH="37"/>
						<String ID="word000342" HPOS="681" VPOS="2121" WIDTH="39" HEIGHT="24" CONTENT="as" WC="0.94" CC="01"/>
						<SP ID="P2_SP00337" HPOS="720" VPOS="2153" WIDTH="40"/>
						<String ID="word000343" HPOS="761" VPOS="2113" WIDTH="229" HEIGHT="43" CONTENT="responsible" WC="0.98" CC="00001000100"/>
						<SP ID="P2_SP00338" HPOS="990" VPOS="2156" WIDTH="43"/>
						<String ID="word000344" HPOS="1032" VPOS="2112" WIDTH="60" HEIGHT="35" CONTENT="for" WC="1.00" CC="000"/>
						<SP ID="P2_SP00339" HPOS="1093" VPOS="2156" WIDTH="40"/>
						<String ID="word000345" HPOS="1133" VPOS="2114" WIDTH="63" HEIGHT="32" CONTENT="the" WC="1.00" CC="000"/>
						<SP ID="P2_SP00340" HPOS="1195" VPOS="2156" WIDTH="27"/>
						<String ID="word000346" HPOS="1222" VPOS="2122" WIDTH="145" HEIGHT="24" CONTENT="manner" WC="0.98" CC="000010"/>
						<SP ID="P2_SP00341" HPOS="1368" VPOS="2156" WIDTH="44"/>
						<String ID="word000347" HPOS="1411" VPOS="2113" WIDTH="37" HEIGHT="33" CONTENT="in" WC="1.00" CC="00"/>
						<SP ID="P2_SP00342" HPOS="1448" VPOS="2156" WIDTH="32"/>
						<String ID="word000348" HPOS="1480" VPOS="2108" WIDTH="119" HEIGHT="37" CONTENT="which" WC="0.95" CC="00110"/>
						<SP ID="P2_SP00343" HPOS="1599" VPOS="2156" WIDTH="0"/>
					</TextLine>
					<TextLine ID="P2_TL00036" HPOS="265" VPOS="2167" WIDTH="1334" HEIGHT="47">
						<String ID="word000349" HPOS="265" VPOS="2171" WIDTH="50" HEIGHT="34" CONTENT="he" WC="1.00" CC="00"/>
						<SP ID="P2_SP00344" HPOS="314" VPOS="2205" WIDTH="40"/>
						<String ID="word000350" HPOS="354" VPOS="2171" WIDTH="209" HEIGHT="41" CONTENT="discharges" WC="0.97" CC="1000010100"/>
						<SP ID="P2_SP00345" HPOS="563" VPOS="2212" WIDTH="40"/>
						<String ID="word000351" HPOS="604" VPOS="2170" WIDTH="45" HEIGHT="33" CONTENT="it." WC="1.00" CC="000"/>
						<SP ID="P2_SP00346" HPOS="648" VPOS="2212" WIDTH="71"/>
						<String ID="word000352" HPOS="719" VPOS="2169" WIDTH="34" HEIGHT="32" CONTENT="It" WC="0.89" CC="20"/>
						<SP ID="P2_SP00347" HPOS="754" VPOS="2212" WIDTH="39"/>
						<String ID="word000353" HPOS="793" VPOS="2169" WIDTH="27" HEIGHT="32" CONTENT="is" WC="0.89" CC="02"/>
						<SP ID="P2_SP00348" HPOS="820" VPOS="2212" WIDTH="43"/>
						<String ID="word000354" HPOS="862" VPOS="2167" WIDTH="94" HEIGHT="33" CONTENT="from" WC="0.78" CC="0026"/>
						<SP ID="P2_SP00349" HPOS="957" VPOS="2212" WIDTH="45"/>
						<String ID="word000355" HPOS="1002" VPOS="2179" WIDTH="48" HEIGHT="22" CONTENT="an" WC="0.94" CC="10"/>
						<SP ID="P2_SP00350" HPOS="1050" VPOS="2212" WIDTH="43"/>
						<String ID="word000356" HPOS="1093" VPOS="2170" WIDTH="272" HEIGHT="44" CONTENT="apprehension" WC="0.81" CC="011053043030"/>
						<SP ID="P2_SP00351" HPOS="1364" VPOS="2213" WIDTH="43"/>
						<String ID="word000357" HPOS="1407" VPOS="2169" WIDTH="81" HEIGHT="33" CONTENT="that" WC="0.97" CC="0010"/>
						<SP ID="P2_SP00352" HPOS="1488" VPOS="2213" WIDTH="41"/>
						<String ID="word000358" HPOS="1530" VPOS="2177" WIDTH="69" HEIGHT="33" CONTENT="any" WC="0.96" CC="100"/>
						<SP ID="P2_SP00353" HPOS="1598" VPOS="2213" WIDTH="0"/>
					</TextLine>
					<TextLine ID="P2_TL00037" HPOS="262" VPOS="2223" WIDTH="1340" HEIGHT="49">
						<String ID="word000359" HPOS="262" VPOS="2228" WIDTH="92" HEIGHT="44" CONTENT="plea" WC="0.97" CC="0001"/>
						<SP ID="P2_SP00354" HPOS="354" VPOS="2271" WIDTH="19"/>
						<String ID="word000360" HPOS="373" VPOS="2226" WIDTH="43" HEIGHT="33" CONTENT="of" WC="1.00" CC="00"/>
						<SP ID="P2_SP00355" HPOS="416" VPOS="2271" WIDTH="20"/>
						<String ID="word000361" HPOS="436" VPOS="2225" WIDTH="72" HEIGHT="34" CONTENT="this" WC="1.00" CC="0000"/>
						<SP ID="P2_SP00356" HPOS="508" VPOS="2271" WIDTH="19"/>
						<String ID="word000362" HPOS="527" VPOS="2225" WIDTH="102" HEIGHT="33" CONTENT="kind." WC="0.82" CC="00125"/>
						<SP ID="P2_SP00357" HPOS="628" VPOS="2271" WIDTH="14"/>
						<String ID="word000363" HPOS="643" VPOS="2224" WIDTH="116" HEIGHT="43" CONTENT="might" WC="0.93" CC="30000"/>
						<SP ID="P2_SP00358" HPOS="758" VPOS="2271" WIDTH="18"/>
						<String ID="word000364" HPOS="776" VPOS="2223" WIDTH="46" HEIGHT="34" CONTENT="he" WC="1.00" CC="00"/>
						<SP ID="P2_SP00359" HPOS="822" VPOS="2271" WIDTH="30"/>
						<String ID="word000365" HPOS="852" VPOS="2229" WIDTH="53" HEIGHT="30" CONTENT="set" WC="1.00" CC="000"/>
						<SP ID="P2_SP00360" HPOS="905" VPOS="2271" WIDTH="19"/>
						<String ID="word000366" HPOS="924" VPOS="2233" WIDTH="63" HEIGHT="34" CONTENT="up," WC="0.96" CC="001"/>
						<SP ID="P2_SP00361" HPOS="986" VPOS="2271" WIDTH="33"/>
						<String ID="word000367" HPOS="1019" VPOS="2225" WIDTH="84" HEIGHT="33" CONTENT="that" WC="1.00" CC="0000"/>
						<SP ID="P2_SP00362" HPOS="1103" VPOS="2271" WIDTH="17"/>
						<String ID="word000368" HPOS="1120" VPOS="2237" WIDTH="45" HEIGHT="21" CONTENT="an" WC="0.94" CC="10"/>
						<SP ID="P2_SP00363" HPOS="1165" VPOS="2271" WIDTH="26"/>
						<String ID="word000369" HPOS="1191" VPOS="2235" WIDTH="235" HEIGHT="37" CONTENT="appearance" WC="0.98" CC="1000001000"/>
						<SP ID="P2_SP00364" HPOS="1426" VPOS="2271" WIDTH="25"/>
						<String ID="word000370" HPOS="1450" VPOS="2223" WIDTH="43" HEIGHT="34" CONTENT="of" WC="0.94" CC="01"/>
						<SP ID="P2_SP00365" HPOS="1493" VPOS="2271" WIDTH="13"/>
						<String ID="word000371" HPOS="1506" VPOS="2224" WIDTH="77" HEIGHT="33" CONTENT="acri" SUBS_TYPE="HypPart1" SUBS_CONTENT="acrimony" WC="0.93" CC="1001"/>
						<HYP HPOS="1583" VPOS="2224" WIDTH="19" CONTENT="-"/>
					</TextLine>
					<TextLine ID="P2_TL00038" HPOS="265" VPOS="2278" WIDTH="1337" HEIGHT="50">
						<String ID="word000372" HPOS="265" VPOS="2294" WIDTH="112" HEIGHT="34" CONTENT="mony" SUBS_TYPE="HypPart2" SUBS_CONTENT="acrimony" WC="0.92" CC="3000"/>
						<SP ID="P2_SP00366" HPOS="377" VPOS="2328" WIDTH="18"/>
						<String ID="word000373" HPOS="394" VPOS="2283" WIDTH="70" HEIGHT="33" CONTENT="and" WC="1.00" CC="000"/>
						<SP ID="P2_SP00367" HPOS="464" VPOS="2328" WIDTH="34"/>
						<String ID="word000374" HPOS="498" VPOS="2281" WIDTH="79" HEIGHT="34" CONTENT="bias" WC="1.00" CC="0000"/>
						<SP ID="P2_SP00368" HPOS="578" VPOS="2328" WIDTH="32"/>
						<String ID="word000375" HPOS="609" VPOS="2278" WIDTH="125" HEIGHT="35" CONTENT="mixed" WC="1.00" CC="00000"/>
						<SP ID="P2_SP00369" HPOS="735" VPOS="2328" WIDTH="32"/>
						<String ID="word000376" HPOS="767" VPOS="2278" WIDTH="105" HEIGHT="34" CONTENT="itself" WC="1.00" CC="000000"/>
						<SP ID="P2_SP00370" HPOS="872" VPOS="2328" WIDTH="27"/>
						<String ID="word000377" HPOS="899" VPOS="2281" WIDTH="34" HEIGHT="33" CONTENT="in" WC="1.00" CC="00"/>
						<SP ID="P2_SP00371" HPOS="933" VPOS="2328" WIDTH="19"/>
						<String ID="word000378" HPOS="952" VPOS="2281" WIDTH="61" HEIGHT="33" CONTENT="the" WC="1.00" CC="000"/>
						<SP ID="P2_SP00372" HPOS="1013" VPOS="2328" WIDTH="8"/>
						<String ID="word000379" HPOS="1022" VPOS="2278" WIDTH="211" HEIGHT="46" CONTENT="judgments" WC="0.93" CC="101030001"/>
						<SP ID="P2_SP00373" HPOS="1233" VPOS="2328" WIDTH="18"/>
						<String ID="word000380" HPOS="1251" VPOS="2281" WIDTH="44" HEIGHT="35" CONTENT="of" WC="0.94" CC="10"/>
						<SP ID="P2_SP00374" HPOS="1294" VPOS="2328" WIDTH="24"/>
						<String ID="word000381" HPOS="1318" VPOS="2281" WIDTH="64" HEIGHT="34" CONTENT="the" WC="1.00" CC="000"/>
						<SP ID="P2_SP00375" HPOS="1382" VPOS="2328" WIDTH="22"/>
						<String ID="word000382" HPOS="1404" VPOS="2281" WIDTH="144" HEIGHT="33" CONTENT="Public." WC="0.94" CC="1000012"/>
						<String ID="word000383" HPOS="1553" VPOS="2298" WIDTH="48" HEIGHT="6" CONTENT="—" WC="0.78" CC="2"/>
					</TextLine>
					<TextLine ID="P2_TL00039" HPOS="263" VPOS="2336" WIDTH="1339" HEIGHT="48">
						<String ID="word000384" HPOS="263" VPOS="2341" WIDTH="110" HEIGHT="43" CONTENT="They" WC="0.94" CC="2000"/>
						<SP ID="P2_SP00376" HPOS="373" VPOS="2383" WIDTH="21"/>
						<String ID="word000385" HPOS="394" VPOS="2341" WIDTH="131" HEIGHT="41" CONTENT="began," WC="0.83" CC="310041"/>
						<SP ID="P2_SP00377" HPOS="526" VPOS="2383" WIDTH="18"/>
						<String ID="word000386" HPOS="543" VPOS="2336" WIDTH="97" HEIGHT="34" CONTENT="from" WC="0.97" CC="0010"/>
						<SP ID="P2_SP00378" HPOS="640" VPOS="2383" WIDTH="17"/>
						<String ID="word000387" HPOS="657" VPOS="2336" WIDTH="64" HEIGHT="33" CONTENT="the" WC="1.00" CC="000"/>
						<SP ID="P2_SP00379" HPOS="720" VPOS="2383" WIDTH="26"/>
						<String ID="word000388" HPOS="746" VPOS="2347" WIDTH="91" HEIGHT="34" CONTENT="very" WC="1.00" CC="0000"/>
						<SP ID="P2_SP00380" HPOS="837" VPOS="2383" WIDTH="24"/>
						<String ID="word000389" HPOS="861" VPOS="2336" WIDTH="210" HEIGHT="46" CONTENT="beginning," WC="1.00" CC="0000000000"/>
						<SP ID="P2_SP00381" HPOS="1071" VPOS="2383" WIDTH="30"/>
						<String ID="word000390" HPOS="1101" VPOS="2343" WIDTH="38" HEIGHT="27" CONTENT="to" WC="1.00" CC="00"/>
						<SP ID="P2_SP00382" HPOS="1139" VPOS="2383" WIDTH="19"/>
						<String ID="word000391" HPOS="1157" VPOS="2339" WIDTH="167" HEIGHT="34" CONTENT="cnnsider" WC="0.64" CC="33353333"/>
						<SP ID="P2_SP00383" HPOS="1324" VPOS="2383" WIDTH="19"/>
						<String ID="word000392" HPOS="1343" VPOS="2340" WIDTH="30" HEIGHT="32" CONTENT="it" WC="1.00" CC="00"/>
						<SP ID="P2_SP00384" HPOS="1372" VPOS="2383" WIDTH="17"/>
						<String ID="word000393" HPOS="1389" VPOS="2349" WIDTH="40" HEIGHT="22" CONTENT="as" WC="0.94" CC="10"/>
						<SP ID="P2_SP00385" HPOS="1429" VPOS="2383" WIDTH="15"/>
						<String ID="word000394" HPOS="1444" VPOS="2348" WIDTH="45" HEIGHT="22" CONTENT="an" WC="1.00" CC="00"/>
						<SP ID="P2_SP00386" HPOS="1489" VPOS="2383" WIDTH="20"/>
						<String ID="word000395" HPOS="1509" VPOS="2339" WIDTH="92" HEIGHT="32" CONTENT="issue" WC="0.93" CC="01200"/>
						<SP ID="P2_SP00387" HPOS="1602" VPOS="2383" WIDTH="0"/>
					</TextLine>
					<TextLine ID="P2_TL00040" HPOS="263" VPOS="2393" WIDTH="1339" HEIGHT="48">
						<String ID="word000396" HPOS="263" VPOS="2395" WIDTH="152" HEIGHT="46" CONTENT="aright" WC="0.78" CC="531111"/>
						<SP ID="P2_SP00388" HPOS="416" VPOS="2441" WIDTH="18"/>
						<String ID="word000397" HPOS="433" VPOS="2395" WIDTH="169" HEIGHT="33" CONTENT="between" WC="1.00" CC="0000000"/>
						<SP ID="P2_SP00389" HPOS="602" VPOS="2441" WIDTH="17"/>
						<String ID="word000398" HPOS="619" VPOS="2404" WIDTH="25" HEIGHT="24" CONTENT="a" WC="0.89" CC="1"/>
						<SP ID="P2_SP00390" HPOS="644" VPOS="2441" WIDTH="25"/>
						<String ID="word000399" HPOS="669" VPOS="2394" WIDTH="150" HEIGHT="34" CONTENT="number" WC="0.98" CC="000100"/>
						<SP ID="P2_SP00391" HPOS="819" VPOS="2441" WIDTH="17"/>
						<String ID="word000400" HPOS="835" VPOS="2393" WIDTH="43" HEIGHT="34" CONTENT="of" WC="1.00" CC="00"/>
						<SP ID="P2_SP00392" HPOS="878" VPOS="2441" WIDTH="15"/>
						<String ID="word000401" HPOS="893" VPOS="2394" WIDTH="60" HEIGHT="34" CONTENT="the" WC="1.00" CC="000"/>
						<SP ID="P2_SP00393" HPOS="953" VPOS="2441" WIDTH="30"/>
						<String ID="word000402" HPOS="983" VPOS="2394" WIDTH="128" HEIGHT="35" CONTENT="Royal" WC="0.95" CC="10010"/>
						<SP ID="P2_SP00394" HPOS="1110" VPOS="2441" WIDTH="22"/>
						<String ID="word000403" HPOS="1133" VPOS="2395" WIDTH="146" HEIGHT="44" CONTENT="Family" WC="0.74" CC="644000"/>
						<SP ID="P2_SP00395" HPOS="1279" VPOS="2441" WIDTH="19"/>
						<String ID="word000404" HPOS="1298" VPOS="2395" WIDTH="69" HEIGHT="33" CONTENT="and" WC="1.00" CC="000"/>
						<SP ID="P2_SP00396" HPOS="1367" VPOS="2441" WIDTH="17"/>
						<String ID="word000405" HPOS="1383" VPOS="2395" WIDTH="63" HEIGHT="33" CONTENT="the" WC="1.00" CC="000"/>
						<SP ID="P2_SP00397" HPOS="1446" VPOS="2441" WIDTH="17"/>
						<String ID="word000406" HPOS="1462" VPOS="2395" WIDTH="139" HEIGHT="44" CONTENT="people" WC="0.96" CC="001001"/>
						<SP ID="P2_SP00398" HPOS="1602" VPOS="2441" WIDTH="0"/>
					</TextLine>
					<TextLine ID="P2_TL00041" HPOS="265" VPOS="2448" WIDTH="1337" HEIGHT="45">
						<String ID="word000407" HPOS="265" VPOS="2453" WIDTH="47" HEIGHT="34" CONTENT="of" WC="1.00" CC="00"/>
						<SP ID="P2_SP00399" HPOS="312" VPOS="2487" WIDTH="17"/>
						<String ID="word000408" HPOS="328" VPOS="2453" WIDTH="112" HEIGHT="33" CONTENT="Great" WC="0.95" CC="00200"/>
						<SP ID="P2_SP00400" HPOS="441" VPOS="2487" WIDTH="18"/>
						<String ID="word000409" HPOS="458" VPOS="2450" WIDTH="163" HEIGHT="41" CONTENT="Britain," WC="0.99" CC="00001000"/>
						<SP ID="P2_SP00401" HPOS="621" VPOS="2491" WIDTH="25"/>
						<String ID="word000410" HPOS="646" VPOS="2448" WIDTH="89" HEIGHT="43" CONTENT="and," WC="1.00" CC="0000"/>
						<SP ID="P2_SP00402" HPOS="735" VPOS="2491" WIDTH="17"/>
						<String ID="word000411" HPOS="751" VPOS="2448" WIDTH="59" HEIGHT="33" CONTENT="for" WC="1.00" CC="000"/>
						<SP ID="P2_SP00403" HPOS="810" VPOS="2491" WIDTH="17"/>
						<String ID="word000412" HPOS="827" VPOS="2448" WIDTH="83" HEIGHT="34" CONTENT="fear" WC="0.97" CC="0010"/>
						<SP ID="P2_SP00404" HPOS="909" VPOS="2491" WIDTH="15"/>
						<String ID="word000413" HPOS="925" VPOS="2448" WIDTH="44" HEIGHT="34" CONTENT="of" WC="0.89" CC="02"/>
						<SP ID="P2_SP00405" HPOS="969" VPOS="2491" WIDTH="11"/>
						<String ID="word000414" HPOS="979" VPOS="2461" WIDTH="25" HEIGHT="22" CONTENT="a" WC="1.00" CC="0"/>
						<SP ID="P2_SP00406" HPOS="1004" VPOS="2491" WIDTH="14"/>
						<String ID="word000415" HPOS="1018" VPOS="2452" WIDTH="201" HEIGHT="41" CONTENT="dangerous" WC="1.00" CC="000000000"/>
						<SP ID="P2_SP00407" HPOS="1219" VPOS="2493" WIDTH="20"/>
						<String ID="word000416" HPOS="1239" VPOS="2451" WIDTH="71" HEIGHT="33" CONTENT="and" WC="0.96" CC="001"/>
						<SP ID="P2_SP00408" HPOS="1310" VPOS="2493" WIDTH="35"/>
						<String ID="word000417" HPOS="1345" VPOS="2450" WIDTH="237" HEIGHT="35" CONTENT="unconstituti" SUBS_TYPE="HypPart1" SUBS_CONTENT="unconstitutional" WC="0.93" CC="030000310000"/>
						<HYP HPOS="1583" VPOS="2450" WIDTH="19" CONTENT="-"/>
					</TextLine>
					<TextLine ID="P2_TL00042" HPOS="267" VPOS="2505" WIDTH="1335" HEIGHT="50">
						<String ID="word000418" HPOS="267" VPOS="2511" WIDTH="89" HEIGHT="34" CONTENT="onal" SUBS_TYPE="HypPart2" SUBS_CONTENT="unconstitutional" WC="0.75" CC="1125"/>
						<SP ID="P2_SP00409" HPOS="356" VPOS="2545" WIDTH="18"/>
						<String ID="word000419" HPOS="373" VPOS="2507" WIDTH="209" HEIGHT="47" CONTENT="precedent," WC="0.97" CC="0000000300"/>
						<SP ID="P2_SP00410" HPOS="582" VPOS="2555" WIDTH="17"/>
						<String ID="word000420" HPOS="599" VPOS="2505" WIDTH="201" HEIGHT="45" CONTENT="anxiously" WC="0.77" CC="055313110"/>
						<SP ID="P2_SP00411" HPOS="800" VPOS="2555" WIDTH="21"/>
						<String ID="word000421" HPOS="821" VPOS="2506" WIDTH="150" HEIGHT="33" CONTENT="insisted" WC="1.00" CC="00000000"/>
						<SP ID="P2_SP00412" HPOS="971" VPOS="2555" WIDTH="18"/>
						<String ID="word000422" HPOS="989" VPOS="2519" WIDTH="45" HEIGHT="21" CONTENT="on" WC="0.89" CC="02"/>
						<SP ID="P2_SP00413" HPOS="1033" VPOS="2555" WIDTH="17"/>
						<String ID="word000423" HPOS="1050" VPOS="2509" WIDTH="61" HEIGHT="32" CONTENT="the" WC="1.00" CC="000"/>
						<SP ID="P2_SP00414" HPOS="1111" VPOS="2555" WIDTH="20"/>
						<String ID="word000424" HPOS="1131" VPOS="2518" WIDTH="157" HEIGHT="33" CONTENT="urgency" WC="0.97" CC="0010010"/>
						<SP ID="P2_SP00415" HPOS="1289" VPOS="2555" WIDTH="19"/>
						<String ID="word000425" HPOS="1307" VPOS="2506" WIDTH="45" HEIGHT="33" CONTENT="of" WC="1.00" CC="00"/>
						<SP ID="P2_SP00416" HPOS="1352" VPOS="2555" WIDTH="19"/>
						<String ID="word000426" HPOS="1371" VPOS="2518" WIDTH="24" HEIGHT="21" CONTENT="a" WC="1.00" CC="0"/>
						<SP ID="P2_SP00417" HPOS="1395" VPOS="2555" WIDTH="17"/>
						<String ID="word000427" HPOS="1411" VPOS="2506" WIDTH="103" HEIGHT="33" CONTENT="strict" WC="0.87" CC="005011"/>
						<SP ID="P2_SP00418" HPOS="1514" VPOS="2555" WIDTH="18"/>
						<String ID="word000428" HPOS="1532" VPOS="2506" WIDTH="70" HEIGHT="32" CONTENT="and" WC="0.93" CC="101"/>
						<SP ID="P2_SP00419" HPOS="1602" VPOS="2555" WIDTH="0"/>
					</TextLine>
					<TextLine ID="P2_TL00043" HPOS="265" VPOS="2561" WIDTH="1337" HEIGHT="51">
						<String ID="word000429" HPOS="265" VPOS="2567" WIDTH="102" HEIGHT="45" CONTENT="legal" WC="0.89" CC="31100"/>
						<SP ID="P2_SP00420" HPOS="366" VPOS="2611" WIDTH="14"/>
						<String ID="word000430" HPOS="380" VPOS="2563" WIDTH="276" HEIGHT="45" CONTENT="investigation." WC="0.98" CC="01200000000000"/>
						<SP ID="P2_SP00421" HPOS="657" VPOS="2611" WIDTH="52"/>
						<String ID="word000431" HPOS="709" VPOS="2561" WIDTH="123" HEIGHT="35" CONTENT="There" WC="0.98" CC="00100"/>
						<SP ID="P2_SP00422" HPOS="831" VPOS="2611" WIDTH="15"/>
						<String ID="word000432" HPOS="847" VPOS="2574" WIDTH="76" HEIGHT="24" CONTENT="was" WC="0.74" CC="223"/>
						<SP ID="P2_SP00423" HPOS="922" VPOS="2611" WIDTH="17"/>
						<String ID="word000433" HPOS="939" VPOS="2574" WIDTH="45" HEIGHT="24" CONTENT="no" WC="0.78" CC="22"/>
						<SP ID="P2_SP00424" HPOS="984" VPOS="2611" WIDTH="15"/>
						<String ID="word000434" HPOS="999" VPOS="2564" WIDTH="99" HEIGHT="40" CONTENT="bias," WC="0.95" CC="01010"/>
						<SP ID="P2_SP00425" HPOS="1098" VPOS="2611" WIDTH="19"/>
						<String ID="word000435" HPOS="1117" VPOS="2574" WIDTH="45" HEIGHT="24" CONTENT="no" WC="1.00" CC="00"/>
						<SP ID="P2_SP00426" HPOS="1162" VPOS="2611" WIDTH="21"/>
						<String ID="word000436" HPOS="1183" VPOS="2563" WIDTH="202" HEIGHT="45" CONTENT="partiality" WC="0.97" CC="0000101010"/>
						<SP ID="P2_SP00427" HPOS="1385" VPOS="2611" WIDTH="18"/>
						<String ID="word000437" HPOS="1403" VPOS="2563" WIDTH="198" HEIGHT="45" CONTENT="divlayed" WC="0.50" CC="33854373"/>
						<SP ID="P2_SP00428" HPOS="1602" VPOS="2611" WIDTH="0"/>
					</TextLine>
					<TextLine ID="P2_TL00044" HPOS="270" VPOS="2619" WIDTH="1334" HEIGHT="51">
						<String ID="word000438" HPOS="270" VPOS="2623" WIDTH="149" HEIGHT="46" CONTENT="against" WC="0.97" CC="1100000"/>
						<SP ID="P2_SP00429" HPOS="419" VPOS="2669" WIDTH="22"/>
						<String ID="word000439" HPOS="442" VPOS="2621" WIDTH="65" HEIGHT="34" CONTENT="the" WC="1.00" CC="000"/>
						<SP ID="P2_SP00430" HPOS="507" VPOS="2669" WIDTH="30"/>
						<String ID="word000440" HPOS="536" VPOS="2619" WIDTH="204" HEIGHT="34" CONTENT="individual" WC="0.98" CC="0100000001" STYLEREFS="TXT_2"/>
						<SP ID="P2_SP00431" HPOS="741" VPOS="2669" WIDTH="13"/>
						<String ID="word000441" HPOS="754" VPOS="2631" WIDTH="13" HEIGHT="26" CONTENT=";" WC="1.00" CC="0" STYLEREFS="TXT_2"/>
						<SP ID="P2_SP00432" HPOS="767" VPOS="2669" WIDTH="27"/>
						<String ID="word000442" HPOS="794" VPOS="2621" WIDTH="65" HEIGHT="32" CONTENT="but" WC="0.96" CC="100"/>
						<SP ID="P2_SP00433" HPOS="859" VPOS="2669" WIDTH="19"/>
						<String ID="word000443" HPOS="878" VPOS="2621" WIDTH="52" HEIGHT="33" CONTENT="all" WC="0.93" CC="101"/>
						<SP ID="P2_SP00434" HPOS="930" VPOS="2669" WIDTH="34"/>
						<String ID="word000444" HPOS="964" VPOS="2620" WIDTH="80" HEIGHT="34" CONTENT="that" WC="1.00" CC="0000"/>
						<SP ID="P2_SP00435" HPOS="1044" VPOS="2669" WIDTH="9"/>
						<String ID="word000445" HPOS="1054" VPOS="2619" WIDTH="177" HEIGHT="46" CONTENT="jealousy" WC="0.99" CC="00001000"/>
						<SP ID="P2_SP00436" HPOS="1231" VPOS="2669" WIDTH="30"/>
						<String ID="word000446" HPOS="1260" VPOS="2620" WIDTH="69" HEIGHT="34" CONTENT="and" WC="0.96" CC="010"/>
						<SP ID="P2_SP00437" HPOS="1329" VPOS="2669" WIDTH="18"/>
						<String ID="word000447" HPOS="1346" VPOS="2621" WIDTH="165" HEIGHT="40" CONTENT="distrust," WC="0.99" CC="100000000"/>
						<SP ID="P2_SP00438" HPOS="1512" VPOS="2669" WIDTH="28"/>
						<String ID="word000448" HPOS="1540" VPOS="2630" WIDTH="43" HEIGHT="33" CONTENT="pe" SUBS_TYPE="HypPart1" SUBS_CONTENT="peculiar" WC="1.00" CC="00"/>
						<HYP HPOS="1583" VPOS="2630" WIDTH="21" CONTENT="-"/>
					</TextLine>
					<TextLine ID="P2_TL00045" HPOS="265" VPOS="2674" WIDTH="1337" HEIGHT="47">
						<String ID="word000449" HPOS="265" VPOS="2680" WIDTH="124" HEIGHT="37" CONTENT="culiar" SUBS_TYPE="HypPart2" SUBS_CONTENT="peculiar" WC="0.98" CC="100000"/>
						<SP ID="P2_SP00439" HPOS="389" VPOS="2717" WIDTH="18"/>
						<String ID="word000450" HPOS="406" VPOS="2683" WIDTH="35" HEIGHT="28" CONTENT="to" WC="1.00" CC="00"/>
						<SP ID="P2_SP00440" HPOS="442" VPOS="2717" WIDTH="19"/>
						<String ID="word000451" HPOS="461" VPOS="2688" WIDTH="25" HEIGHT="22" CONTENT="a" WC="1.00" CC="0"/>
						<SP ID="P2_SP00441" HPOS="485" VPOS="2717" WIDTH="13"/>
						<String ID="word000452" HPOS="498" VPOS="2674" WIDTH="78" HEIGHT="37" CONTENT="free" WC="0.94" CC="0020"/>
						<SP ID="P2_SP00442" HPOS="576" VPOS="2717" WIDTH="15"/>
						<String ID="word000453" HPOS="592" VPOS="2676" WIDTH="137" HEIGHT="45" CONTENT="people" WC="0.98" CC="000010"/>
						<SP ID="P2_SP00443" HPOS="729" VPOS="2721" WIDTH="20"/>
						<String ID="word000454" HPOS="749" VPOS="2686" WIDTH="99" HEIGHT="24" CONTENT="were" WC="1.00" CC="0000"/>
						<SP ID="P2_SP00444" HPOS="848" VPOS="2721" WIDTH="19"/>
						<String ID="word000455" HPOS="867" VPOS="2675" WIDTH="231" HEIGHT="43" CONTENT="manifested," WC="0.87" CC="10201331110"/>
						<SP ID="P2_SP00445" HPOS="1098" VPOS="2721" WIDTH="31"/>
						<String ID="word000456" HPOS="1129" VPOS="2679" WIDTH="64" HEIGHT="32" CONTENT="lest" WC="0.97" CC="1000"/>
						<SP ID="P2_SP00446" HPOS="1193" VPOS="2721" WIDTH="22"/>
						<String ID="word000457" HPOS="1215" VPOS="2675" WIDTH="63" HEIGHT="35" CONTENT="the" WC="1.00" CC="000"/>
						<SP ID="P2_SP00447" HPOS="1278" VPOS="2721" WIDTH="17"/>
						<String ID="word000458" HPOS="1294" VPOS="2678" WIDTH="154" HEIGHT="34" CONTENT="accused" WC="0.97" CC="0000110"/>
						<SP ID="P2_SP00448" HPOS="1448" VPOS="2721" WIDTH="22"/>
						<String ID="word000459" HPOS="1470" VPOS="2676" WIDTH="131" HEIGHT="33" CONTENT="should" WC="0.98" CC="000010"/>
						<SP ID="P2_SP00449" HPOS="1602" VPOS="2721" WIDTH="0"/>
					</TextLine>
					<TextLine ID="P2_TL00046" HPOS="265" VPOS="2733" WIDTH="1339" HEIGHT="45">
						<String ID="word000460" HPOS="265" VPOS="2735" WIDTH="170" HEIGHT="35" CONTENT="harbour" WC="0.97" CC="1100000"/>
						<SP ID="P2_SP00450" HPOS="435" VPOS="2771" WIDTH="17"/>
						<String ID="word000461" HPOS="451" VPOS="2745" WIDTH="71" HEIGHT="33" CONTENT="any" WC="1.00" CC="000"/>
						<SP ID="P2_SP00451" HPOS="522" VPOS="2778" WIDTH="37"/>
						<String ID="word000462" HPOS="559" VPOS="2733" WIDTH="242" HEIGHT="45" CONTENT="pretensions," WC="0.96" CC="000100300000"/>
						<SP ID="P2_SP00452" HPOS="801" VPOS="2778" WIDTH="28"/>
						<String ID="word000463" HPOS="829" VPOS="2744" WIDTH="41" HEIGHT="24" CONTENT="as" WC="1.00" CC="00" STYLEREFS="TXT_2"/>
						<SP ID="P2_SP00453" HPOS="870" VPOS="2778" WIDTH="18"/>
						<String ID="word000464" HPOS="888" VPOS="2744" WIDTH="61" HEIGHT="24" CONTENT="son" WC="1.00" CC="000" STYLEREFS="TXT_2"/>
						<SP ID="P2_SP00454" HPOS="950" VPOS="2778" WIDTH="26"/>
						<String ID="word000465" HPOS="976" VPOS="2734" WIDTH="45" HEIGHT="44" CONTENT="of" WC="0.94" CC="10" STYLEREFS="TXT_2"/>
						<SP ID="P2_SP00455" HPOS="1020" VPOS="2778" WIDTH="19"/>
						<String ID="word000466" HPOS="1039" VPOS="2735" WIDTH="59" HEIGHT="32" CONTENT="the" WC="0.74" CC="331" STYLEREFS="TXT_2"/>
						<SP ID="P2_SP00456" HPOS="1098" VPOS="2778" WIDTH="33"/>
						<String ID="word000467" HPOS="1131" VPOS="2737" WIDTH="208" HEIGHT="41" CONTENT="Sovereign," WC="0.85" CC="3051011110" STYLEREFS="TXT_2"/>
						<SP ID="P2_SP00457" HPOS="1339" VPOS="2778" WIDTH="28"/>
						<String ID="word000468" HPOS="1368" VPOS="2734" WIDTH="236" HEIGHT="35" CONTENT="inconsistent" WC="0.95" CC="010001110010"/>
						<SP ID="P2_SP00458" HPOS="1604" VPOS="2778" WIDTH="0"/>
					</TextLine>
					<TextLine ID="P2_TL00047" HPOS="260" VPOS="2789" WIDTH="1342" HEIGHT="47">
						<String ID="word000469" HPOS="260" VPOS="2793" WIDTH="102" HEIGHT="33" CONTENT="with" WC="0.89" CC="2101"/>
						<SP ID="P2_SP00459" HPOS="361" VPOS="2826" WIDTH="17"/>
						<String ID="word000470" HPOS="378" VPOS="2793" WIDTH="63" HEIGHT="33" CONTENT="the" WC="1.00" CC="000"/>
						<SP ID="P2_SP00460" HPOS="441" VPOS="2826" WIDTH="17"/>
						<String ID="word000471" HPOS="457" VPOS="2790" WIDTH="112" HEIGHT="45" CONTENT="spirit" WC="0.94" CC="100011"/>
						<SP ID="P2_SP00461" HPOS="569" VPOS="2835" WIDTH="17"/>
						<String ID="word000472" HPOS="586" VPOS="2789" WIDTH="45" HEIGHT="34" CONTENT="of" WC="1.00" CC="00"/>
						<SP ID="P2_SP00462" HPOS="631" VPOS="2835" WIDTH="14"/>
						<String ID="word000473" HPOS="645" VPOS="2789" WIDTH="63" HEIGHT="34" CONTENT="the" WC="1.00" CC="000"/>
						<SP ID="P2_SP00463" HPOS="707" VPOS="2835" WIDTH="27"/>
						<String ID="word000474" HPOS="735" VPOS="2790" WIDTH="239" HEIGHT="34" CONTENT="constitution" WC="0.89" CC="212101010301"/>
						<SP ID="P2_SP00464" HPOS="973" VPOS="2835" WIDTH="28"/>
						<String ID="word000475" HPOS="1002" VPOS="2791" WIDTH="71" HEIGHT="32" CONTENT="and" WC="0.89" CC="111"/>
						<SP ID="P2_SP00465" HPOS="1072" VPOS="2835" WIDTH="18"/>
						<String ID="word000476" HPOS="1090" VPOS="2791" WIDTH="61" HEIGHT="34" CONTENT="the" WC="0.89" CC="030"/>
						<SP ID="P2_SP00466" HPOS="1152" VPOS="2835" WIDTH="19"/>
						<String ID="word000477" HPOS="1170" VPOS="2792" WIDTH="170" HEIGHT="44" CONTENT="equality" WC="0.99" CC="00001000"/>
						<SP ID="P2_SP00467" HPOS="1341" VPOS="2836" WIDTH="19"/>
						<String ID="word000478" HPOS="1359" VPOS="2792" WIDTH="45" HEIGHT="33" CONTENT="of" WC="1.00" CC="00"/>
						<SP ID="P2_SP00468" HPOS="1404" VPOS="2836" WIDTH="14"/>
						<String ID="word000479" HPOS="1419" VPOS="2800" WIDTH="67" HEIGHT="25" CONTENT="our" WC="0.81" CC="113"/>
						<SP ID="P2_SP00469" HPOS="1486" VPOS="2836" WIDTH="11"/>
						<String ID="word000480" HPOS="1496" VPOS="2792" WIDTH="105" HEIGHT="33" CONTENT="laws." WC="0.89" CC="11111"/>
						<SP ID="P2_SP00470" HPOS="1602" VPOS="2836" WIDTH="0"/>
					</TextLine>
					<TextLine ID="P2_TL00048" HPOS="262" VPOS="2845" WIDTH="1343" HEIGHT="49">
						<String ID="word000481" HPOS="262" VPOS="2851" WIDTH="97" HEIGHT="34" CONTENT="This" WC="1.00" CC="0000"/>
						<SP ID="P2_SP00471" HPOS="359" VPOS="2885" WIDTH="32"/>
						<String ID="word000482" HPOS="391" VPOS="2848" WIDTH="252" HEIGHT="46" CONTENT="pertinacious" WC="0.99" CC="000000100000"/>
						<SP ID="P2_SP00472" HPOS="643" VPOS="2894" WIDTH="19"/>
						<String ID="word000483" HPOS="661" VPOS="2845" WIDTH="219" HEIGHT="44" CONTENT="adherence," WC="0.99" CC="0000000010"/>
						<SP ID="P2_SP00473" HPOS="880" VPOS="2894" WIDTH="28"/>
						<String ID="word000484" HPOS="908" VPOS="2858" WIDTH="45" HEIGHT="22" CONTENT="on" WC="0.94" CC="01"/>
						<SP ID="P2_SP00474" HPOS="953" VPOS="2894" WIDTH="35"/>
						<String ID="word000485" HPOS="989" VPOS="2846" WIDTH="63" HEIGHT="34" CONTENT="the" WC="1.00" CC="000"/>
						<SP ID="P2_SP00475" HPOS="1051" VPOS="2894" WIDTH="37"/>
						<String ID="word000486" HPOS="1088" VPOS="2854" WIDTH="87" HEIGHT="38" CONTENT="part" WC="0.89" CC="4000"/>
						<SP ID="P2_SP00476" HPOS="1175" VPOS="2894" WIDTH="28"/>
						<String ID="word000487" HPOS="1204" VPOS="2848" WIDTH="45" HEIGHT="33" CONTENT="of" WC="1.00" CC="00"/>
						<SP ID="P2_SP00477" HPOS="1248" VPOS="2894" WIDTH="14"/>
						<String ID="word000488" HPOS="1263" VPOS="2849" WIDTH="61" HEIGHT="34" CONTENT="the" WC="1.00" CC="000"/>
						<SP ID="P2_SP00478" HPOS="1324" VPOS="2894" WIDTH="33"/>
						<String ID="word000489" HPOS="1357" VPOS="2849" WIDTH="136" HEIGHT="33" CONTENT="Public" WC="1.00" CC="000000"/>
						<SP ID="P2_SP00479" HPOS="1493" VPOS="2894" WIDTH="33"/>
						<String ID="word000490" HPOS="1526" VPOS="2855" WIDTH="39" HEIGHT="27" CONTENT="to" WC="1.00" CC="00"/>
						<SP ID="P2_SP00480" HPOS="1565" VPOS="2894" WIDTH="19"/>
						<String ID="word000491" HPOS="1584" VPOS="2858" WIDTH="21" HEIGHT="22" CONTENT="a" WC="0.89" CC="1"/>
						<SP ID="P2_SP00481" HPOS="1605" VPOS="2894" WIDTH="0"/>
					</TextLine>
					<TextLine ID="P2_TL00049" HPOS="260" VPOS="2903" WIDTH="1345" HEIGHT="49">
						<String ID="word000492" HPOS="260" VPOS="2907" WIDTH="100" HEIGHT="45" CONTENT="rigid" WC="1.00" CC="00000" STYLEREFS="TXT_2"/>
						<SP ID="P2_SP00482" HPOS="360" VPOS="2952" WIDTH="22"/>
						<String ID="word000493" HPOS="383" VPOS="2904" WIDTH="253" HEIGHT="34" CONTENT="maintenance" WC="0.99" CC="00010000000"/>
						<SP ID="P2_SP00483" HPOS="635" VPOS="2952" WIDTH="27"/>
						<String ID="word000494" HPOS="663" VPOS="2903" WIDTH="45" HEIGHT="33" CONTENT="of" WC="1.00" CC="00"/>
						<SP ID="P2_SP00484" HPOS="707" VPOS="2952" WIDTH="13"/>
						<String ID="word000495" HPOS="720" VPOS="2904" WIDTH="98" HEIGHT="33" CONTENT="their" WC="1.00" CC="00000"/>
						<SP ID="P2_SP00485" HPOS="819" VPOS="2952" WIDTH="17"/>
						<String ID="word000496" HPOS="835" VPOS="2903" WIDTH="133" HEIGHT="44" CONTENT="rights," WC="1.00" CC="0000000"/>
						<SP ID="P2_SP00486" HPOS="969" VPOS="2952" WIDTH="26"/>
						<String ID="word000497" HPOS="994" VPOS="2914" WIDTH="137" HEIGHT="35" CONTENT="proves" WC="0.96" CC="100001"/>
						<SP ID="P2_SP00487" HPOS="1131" VPOS="2952" WIDTH="24"/>
						<String ID="word000498" HPOS="1155" VPOS="2904" WIDTH="96" HEIGHT="33" CONTENT="them" WC="1.00" CC="0000"/>
						<SP ID="P2_SP00488" HPOS="1251" VPOS="2952" WIDTH="18"/>
						<String ID="word000499" HPOS="1269" VPOS="2906" WIDTH="198" HEIGHT="44" CONTENT="deserving" WC="0.88" CC="001111330"/>
						<SP ID="P2_SP00489" HPOS="1467" VPOS="2952" WIDTH="19"/>
						<String ID="word000500" HPOS="1486" VPOS="2904" WIDTH="44" HEIGHT="34" CONTENT="of" WC="1.00" CC="00"/>
						<SP ID="P2_SP00490" HPOS="1530" VPOS="2952" WIDTH="14"/>
						<String ID="word000501" HPOS="1544" VPOS="2906" WIDTH="61" HEIGHT="33" CONTENT="the" WC="0.96" CC="001"/>
						<SP ID="P2_SP00491" HPOS="1605" VPOS="2952" WIDTH="0"/>
					</TextLine>
					<TextLine ID="P2_TL00050" HPOS="259" VPOS="2957" WIDTH="1343" HEIGHT="50">
						<String ID="word000502" HPOS="259" VPOS="2962" WIDTH="169" HEIGHT="38" CONTENT="freedom" WC="0.98" CC="0000100"/>
						<SP ID="P2_SP00492" HPOS="428" VPOS="3000" WIDTH="15"/>
						<String ID="word000503" HPOS="443" VPOS="2962" WIDTH="90" HEIGHT="45" CONTENT="they" WC="1.00" CC="0000"/>
						<SP ID="P2_SP00493" HPOS="533" VPOS="3007" WIDTH="27"/>
						<String ID="word000504" HPOS="560" VPOS="2957" WIDTH="142" HEIGHT="48" CONTENT="enjoy;" WC="0.85" CC="032120"/>
						<SP ID="P2_SP00494" HPOS="702" VPOS="3007" WIDTH="25"/>
						<String ID="word000505" HPOS="726" VPOS="2961" WIDTH="72" HEIGHT="34" CONTENT="and" WC="1.00" CC="000"/>
						<SP ID="P2_SP00495" HPOS="798" VPOS="3007" WIDTH="28"/>
						<String ID="word000506" HPOS="827" VPOS="2961" WIDTH="83" HEIGHT="34" CONTENT="that" WC="0.97" CC="0010"/>
						<SP ID="P2_SP00496" HPOS="909" VPOS="3007" WIDTH="17"/>
						<String ID="word000507" HPOS="926" VPOS="2969" WIDTH="115" HEIGHT="37" CONTENT="every" WC="1.00" CC="00000"/>
						<SP ID="P2_SP00497" HPOS="1041" VPOS="3007" WIDTH="19"/>
						<String ID="word000508" HPOS="1059" VPOS="2962" WIDTH="162" HEIGHT="33" CONTENT="member" WC="0.93" CC="003100"/>
						<SP ID="P2_SP00498" HPOS="1221" VPOS="3007" WIDTH="15"/>
						<String ID="word000509" HPOS="1237" VPOS="2960" WIDTH="45" HEIGHT="35" CONTENT="of" WC="1.00" CC="00"/>
						<SP ID="P2_SP00499" HPOS="1281" VPOS="3007" WIDTH="13"/>
						<String ID="word000510" HPOS="1294" VPOS="2961" WIDTH="64" HEIGHT="34" CONTENT="the" WC="1.00" CC="000"/>
						<SP ID="P2_SP00500" HPOS="1358" VPOS="3007" WIDTH="17"/>
						<String ID="word000511" HPOS="1375" VPOS="2963" WIDTH="227" HEIGHT="43" CONTENT="community" WC="0.96" CC="000030000"/>
						<SP ID="P2_SP00501" HPOS="1602" VPOS="3007" WIDTH="0"/>
					</TextLine>
					<TextLine ID="P2_TL00051" HPOS="261" VPOS="3017" WIDTH="1344" HEIGHT="48">
						<String ID="word000512" HPOS="261" VPOS="3021" WIDTH="33" HEIGHT="33" CONTENT="is" WC="0.83" CC="21"/>
						<SP ID="P2_SP00502" HPOS="294" VPOS="3054" WIDTH="17"/>
						<String ID="word000513" HPOS="311" VPOS="3019" WIDTH="156" HEIGHT="46" CONTENT="equally" WC="0.98" CC="0100000"/>
						<SP ID="P2_SP00503" HPOS="467" VPOS="3065" WIDTH="14"/>
						<String ID="word000514" HPOS="481" VPOS="3018" WIDTH="200" HEIGHT="35" CONTENT="amenable" WC="0.83" CC="40005030"/>
						<SP ID="P2_SP00504" HPOS="680" VPOS="3065" WIDTH="18"/>
						<String ID="word000515" HPOS="698" VPOS="3022" WIDTH="39" HEIGHT="28" CONTENT="to" WC="1.00" CC="00"/>
						<SP ID="P2_SP00505" HPOS="737" VPOS="3065" WIDTH="19"/>
						<String ID="word000516" HPOS="756" VPOS="3017" WIDTH="63" HEIGHT="34" CONTENT="the" WC="1.00" CC="000"/>
						<SP ID="P2_SP00506" HPOS="819" VPOS="3065" WIDTH="34"/>
						<String ID="word000517" HPOS="853" VPOS="3018" WIDTH="92" HEIGHT="33" CONTENT="laws" WC="0.94" CC="0002"/>
						<SP ID="P2_SP00507" HPOS="945" VPOS="3065" WIDTH="20"/>
						<String ID="word000518" HPOS="965" VPOS="3018" WIDTH="28" HEIGHT="33" CONTENT="is" WC="1.00" CC="00"/>
						<SP ID="P2_SP00508" HPOS="993" VPOS="3065" WIDTH="19"/>
						<String ID="word000519" HPOS="1012" VPOS="3018" WIDTH="61" HEIGHT="33" CONTENT="the" WC="1.00" CC="000"/>
						<SP ID="P2_SP00509" HPOS="1074" VPOS="3065" WIDTH="20"/>
						<String ID="word000520" HPOS="1094" VPOS="3018" WIDTH="146" HEIGHT="44" CONTENT="highest" WC="0.98" CC="0000100"/>
						<SP ID="P2_SP00510" HPOS="1240" VPOS="3065" WIDTH="17"/>
						<String ID="word000521" HPOS="1257" VPOS="3018" WIDTH="169" HEIGHT="46" CONTENT="triumph" WC="1.00" CC="0000000"/>
						<SP ID="P2_SP00511" HPOS="1426" VPOS="3065" WIDTH="19"/>
						<String ID="word000522" HPOS="1444" VPOS="3017" WIDTH="45" HEIGHT="35" CONTENT="of" WC="1.00" CC="00"/>
						<SP ID="P2_SP00512" HPOS="1489" VPOS="3065" WIDTH="14"/>
						<String ID="word000523" HPOS="1504" VPOS="3020" WIDTH="81" HEIGHT="44" CONTENT="poli" SUBS_TYPE="HypPart1" SUBS_CONTENT="political" WC="1.00" CC="0000"/>
						<HYP HPOS="1585" VPOS="3020" WIDTH="20" CONTENT="-"/>
					</TextLine>
					<TextLine ID="P2_TL00052" HPOS="262" VPOS="3079" WIDTH="361" HEIGHT="46">
						<String ID="word000524" HPOS="262" VPOS="3080" WIDTH="93" HEIGHT="35" CONTENT="tical" SUBS_TYPE="HypPart2" SUBS_CONTENT="political" WC="0.98" CC="00010"/>
						<SP ID="P2_SP00513" HPOS="356" VPOS="3116" WIDTH="20"/>
						<String ID="word000525" HPOS="376" VPOS="3079" WIDTH="247" HEIGHT="46" CONTENT="philosophy." WC="0.99" CC="00010000000"/>
						<SP ID="P2_SP00514" HPOS="622" VPOS="3125" WIDTH="0"/>
					</TextLine>
				</TextBlock>
				<TextBlock ID="pa0002004" HPOS="248" VPOS="3135" WIDTH="1361" HEIGHT="893" STYLEREFS="TXT_0 PAR_BLOCK">
					<TextLine ID="P2_TL00053" HPOS="314" VPOS="3137" WIDTH="1292" HEIGHT="47">
						<String ID="word000526" HPOS="314" VPOS="3141" WIDTH="72" HEIGHT="33" CONTENT="We" WC="0.94" CC="10"/>
						<SP ID="P2_SP00515" HPOS="386" VPOS="3174" WIDTH="18"/>
						<String ID="word000527" HPOS="404" VPOS="3139" WIDTH="94" HEIGHT="34" CONTENT="have" WC="0.97" CC="0010"/>
						<SP ID="P2_SP00516" HPOS="498" VPOS="3174" WIDTH="18"/>
						<String ID="word000528" HPOS="516" VPOS="3138" WIDTH="214" HEIGHT="34" CONTENT="considered" WC="0.99" CC="0000001000"/>
						<SP ID="P2_SP00517" HPOS="730" VPOS="3174" WIDTH="27"/>
						<String ID="word000529" HPOS="757" VPOS="3137" WIDTH="63" HEIGHT="34" CONTENT="the" WC="1.00" CC="000"/>
						<SP ID="P2_SP00518" HPOS="820" VPOS="3174" WIDTH="26"/>
						<String ID="word000530" HPOS="846" VPOS="3137" WIDTH="157" HEIGHT="34" CONTENT="conduct" WC="0.94" CC="1011100"/>
						<SP ID="P2_SP00519" HPOS="1003" VPOS="3174" WIDTH="26"/>
						<String ID="word000531" HPOS="1029" VPOS="3137" WIDTH="46" HEIGHT="34" CONTENT="of" WC="0.94" CC="10"/>
						<SP ID="P2_SP00520" HPOS="1075" VPOS="3174" WIDTH="25"/>
						<String ID="word000532" HPOS="1100" VPOS="3138" WIDTH="56" HEIGHT="33" CONTENT="his" WC="0.63" CC="523"/>
						<SP ID="P2_SP00521" HPOS="1155" VPOS="3174" WIDTH="19"/>
						<String ID="word000533" HPOS="1174" VPOS="3138" WIDTH="124" HEIGHT="45" CONTENT="Royal" WC="1.00" CC="00000"/>
						<SP ID="P2_SP00522" HPOS="1298" VPOS="3183" WIDTH="21"/>
						<String ID="word000534" HPOS="1319" VPOS="3137" WIDTH="184" HEIGHT="47" CONTENT="Highness" WC="0.94" CC="30000100"/>
						<SP ID="P2_SP00523" HPOS="1504" VPOS="3184" WIDTH="17"/>
						<String ID="word000535" HPOS="1520" VPOS="3138" WIDTH="86" HEIGHT="44" CONTENT="only" WC="0.97" CC="0010"/>
						<SP ID="P2_SP00524" HPOS="1606" VPOS="3184" WIDTH="0"/>
					</TextLine>
					<TextLine ID="P2_TL00054" HPOS="260" VPOS="3194" WIDTH="1348" HEIGHT="48">
						<String ID="word000536" HPOS="260" VPOS="3197" WIDTH="39" HEIGHT="35" CONTENT="in" WC="0.94" CC="10" STYLEREFS="TXT_3"/>
						<SP ID="P2_SP00525" HPOS="299" VPOS="3233" WIDTH="13"/>
						<String ID="word000537" HPOS="312" VPOS="3207" WIDTH="25" HEIGHT="24" CONTENT="a" WC="1.00" CC="0" STYLEREFS="TXT_3"/>
						<SP ID="P2_SP00526" HPOS="337" VPOS="3233" WIDTH="19"/>
						<String ID="word000538" HPOS="356" VPOS="3196" WIDTH="172" HEIGHT="46" CONTENT="political" WC="0.96" CC="101000010" STYLEREFS="TXT_3"/>
						<SP ID="P2_SP00527" HPOS="528" VPOS="3242" WIDTH="21"/>
						<String ID="word000539" HPOS="549" VPOS="3197" WIDTH="106" HEIGHT="43" CONTENT="point" WC="0.95" CC="10010"/>
						<SP ID="P2_SP00528" HPOS="656" VPOS="3242" WIDTH="18"/>
						<String ID="word000540" HPOS="673" VPOS="3194" WIDTH="45" HEIGHT="35" CONTENT="of" WC="1.00" CC="00"/>
						<SP ID="P2_SP00529" HPOS="718" VPOS="3242" WIDTH="13"/>
						<String ID="word000541" HPOS="731" VPOS="3196" WIDTH="94" HEIGHT="32" CONTENT="view" WC="0.92" CC="0003"/>
						<SP ID="P2_SP00530" HPOS="826" VPOS="3242" WIDTH="19"/>
						<String ID="word000542" HPOS="844" VPOS="3207" WIDTH="13" HEIGHT="28" CONTENT=";" WC="0.78" CC="2"/>
						<SP ID="P2_SP00531" HPOS="857" VPOS="3242" WIDTH="26"/>
						<String ID="word000543" HPOS="883" VPOS="3196" WIDTH="71" HEIGHT="33" CONTENT="and" WC="0.96" CC="100"/>
						<SP ID="P2_SP00532" HPOS="954" VPOS="3242" WIDTH="17"/>
						<String ID="word000544" HPOS="971" VPOS="3203" WIDTH="63" HEIGHT="26" CONTENT="not" WC="0.96" CC="100"/>
						<SP ID="P2_SP00533" HPOS="1033" VPOS="3242" WIDTH="17"/>
						<String ID="word000545" HPOS="1050" VPOS="3197" WIDTH="35" HEIGHT="32" CONTENT="in" WC="1.00" CC="00"/>
						<SP ID="P2_SP00534" HPOS="1085" VPOS="3242" WIDTH="19"/>
						<String ID="word000546" HPOS="1104" VPOS="3206" WIDTH="24" HEIGHT="24" CONTENT="a" WC="1.00" CC="0"/>
						<SP ID="P2_SP00535" HPOS="1128" VPOS="3242" WIDTH="18"/>
						<String ID="word000547" HPOS="1146" VPOS="3196" WIDTH="115" HEIGHT="34" CONTENT="moral" WC="0.98" CC="00010"/>
						<SP ID="P2_SP00536" HPOS="1260" VPOS="3242" WIDTH="19"/>
						<String ID="word000548" HPOS="1279" VPOS="3206" WIDTH="84" HEIGHT="25" CONTENT="one." WC="1.00" CC="0000"/>
						<SP ID="P2_SP00537" HPOS="1363" VPOS="3242" WIDTH="57"/>
						<String ID="word000549" HPOS="1420" VPOS="3195" WIDTH="69" HEIGHT="34" CONTENT="We" WC="0.89" CC="20"/>
						<SP ID="P2_SP00538" HPOS="1488" VPOS="3242" WIDTH="27"/>
						<String ID="word000550" HPOS="1515" VPOS="3196" WIDTH="92" HEIGHT="34" CONTENT="have" WC="0.94" CC="0101"/>
						<SP ID="P2_SP00539" HPOS="1607" VPOS="3242" WIDTH="0"/>
					</TextLine>
					<TextLine ID="P2_TL00055" HPOS="260" VPOS="3250" WIDTH="1348" HEIGHT="47">
						<String ID="word000551" HPOS="260" VPOS="3260" WIDTH="69" HEIGHT="28" CONTENT="not" WC="0.96" CC="100"/>
						<SP ID="P2_SP00540" HPOS="328" VPOS="3288" WIDTH="15"/>
						<String ID="word000552" HPOS="344" VPOS="3250" WIDTH="181" HEIGHT="38" CONTENT="adverted" WC="0.97" CC="10000010"/>
						<SP ID="P2_SP00541" HPOS="524" VPOS="3288" WIDTH="22"/>
						<String ID="word000553" HPOS="547" VPOS="3256" WIDTH="37" HEIGHT="30" CONTENT="to" WC="1.00" CC="00"/>
						<SP ID="P2_SP00542" HPOS="583" VPOS="3288" WIDTH="32"/>
						<String ID="word000554" HPOS="615" VPOS="3250" WIDTH="63" HEIGHT="34" CONTENT="the" WC="1.00" CC="000"/>
						<SP ID="P2_SP00543" HPOS="678" VPOS="3288" WIDTH="19"/>
						<String ID="word000555" HPOS="697" VPOS="3250" WIDTH="200" HEIGHT="45" CONTENT="indecency" WC="1.00" CC="000000000"/>
						<SP ID="P2_SP00544" HPOS="896" VPOS="3295" WIDTH="20"/>
						<String ID="word000556" HPOS="917" VPOS="3252" WIDTH="69" HEIGHT="33" CONTENT="and" WC="1.00" CC="000"/>
						<SP ID="P2_SP00545" HPOS="985" VPOS="3295" WIDTH="21"/>
						<String ID="word000557" HPOS="1006" VPOS="3252" WIDTH="211" HEIGHT="45" CONTENT="profligacy" WC="0.95" CC="0010011100"/>
						<SP ID="P2_SP00546" HPOS="1218" VPOS="3296" WIDTH="19"/>
						<String ID="word000558" HPOS="1237" VPOS="3252" WIDTH="45" HEIGHT="34" CONTENT="of" WC="1.00" CC="00"/>
						<SP ID="P2_SP00547" HPOS="1281" VPOS="3296" WIDTH="11"/>
						<String ID="word000559" HPOS="1292" VPOS="3262" WIDTH="22" HEIGHT="24" CONTENT="a" WC="1.00" CC="0"/>
						<SP ID="P2_SP00548" HPOS="1315" VPOS="3296" WIDTH="18"/>
						<String ID="word000560" HPOS="1332" VPOS="3255" WIDTH="161" HEIGHT="33" CONTENT="married" WC="0.94" CC="0001120" STYLEREFS="TXT_1"/>
						<SP ID="P2_SP00549" HPOS="1493" VPOS="3296" WIDTH="19"/>
						<String ID="word000561" HPOS="1512" VPOS="3263" WIDTH="96" HEIGHT="31" CONTENT="man," WC="0.83" CC="3300"/>
						<SP ID="P2_SP00550" HPOS="1607" VPOS="3296" WIDTH="0"/>
					</TextLine>
					<TextLine ID="P2_TL00056" HPOS="263" VPOS="3308" WIDTH="1345" HEIGHT="47">
						<String ID="word000562" HPOS="263" VPOS="3311" WIDTH="122" HEIGHT="44" CONTENT="filling" WC="0.84" CC="5311000"/>
						<SP ID="P2_SP00551" HPOS="385" VPOS="3354" WIDTH="11"/>
						<String ID="word000563" HPOS="396" VPOS="3320" WIDTH="70" HEIGHT="22" CONTENT="one" WC="1.00" CC="000"/>
						<SP ID="P2_SP00552" HPOS="465" VPOS="3354" WIDTH="14"/>
						<String ID="word000564" HPOS="480" VPOS="3308" WIDTH="44" HEIGHT="34" CONTENT="of" WC="1.00" CC="00"/>
						<SP ID="P2_SP00553" HPOS="523" VPOS="3354" WIDTH="14"/>
						<String ID="word000565" HPOS="537" VPOS="3308" WIDTH="61" HEIGHT="34" CONTENT="the" WC="0.89" CC="030"/>
						<SP ID="P2_SP00554" HPOS="599" VPOS="3354" WIDTH="21"/>
						<String ID="word000566" HPOS="620" VPOS="3308" WIDTH="145" HEIGHT="45" CONTENT="highest" WC="0.94" CC="0010120"/>
						<SP ID="P2_SP00555" HPOS="765" VPOS="3354" WIDTH="14"/>
						<String ID="word000567" HPOS="780" VPOS="3308" WIDTH="201" HEIGHT="33" CONTENT="ostensible" WC="0.99" CC="0000100000"/>
						<SP ID="P2_SP00556" HPOS="980" VPOS="3354" WIDTH="14"/>
						<String ID="word000568" HPOS="994" VPOS="3311" WIDTH="197" HEIGHT="32" CONTENT="situations" WC="0.93" CC="1040001000"/>
						<SP ID="P2_SP00557" HPOS="1192" VPOS="3354" WIDTH="21"/>
						<String ID="word000569" HPOS="1213" VPOS="3311" WIDTH="34" HEIGHT="32" CONTENT="in" WC="1.00" CC="00"/>
						<SP ID="P2_SP00558" HPOS="1247" VPOS="3354" WIDTH="19"/>
						<String ID="word000570" HPOS="1266" VPOS="3309" WIDTH="61" HEIGHT="34" CONTENT="the" WC="1.00" CC="000"/>
						<SP ID="P2_SP00559" HPOS="1328" VPOS="3354" WIDTH="19"/>
						<String ID="word000571" HPOS="1346" VPOS="3318" WIDTH="171" HEIGHT="37" CONTENT="country," WC="0.86" CC="01331011"/>
						<SP ID="P2_SP00560" HPOS="1518" VPOS="3354" WIDTH="18"/>
						<String ID="word000572" HPOS="1535" VPOS="3312" WIDTH="54" HEIGHT="32" CONTENT="liv" SUBS_TYPE="HypPart1" SUBS_CONTENT="living" WC="0.75" CC="312"/>
						<HYP HPOS="1590" VPOS="3312" WIDTH="18" CONTENT="-"/>
					</TextLine>
					<TextLine ID="P2_TL00057" HPOS="261" VPOS="3365" WIDTH="1348" HEIGHT="47">
						<String ID="word000573" HPOS="261" VPOS="3372" WIDTH="63" HEIGHT="40" CONTENT="ing" SUBS_TYPE="HypPart2" SUBS_CONTENT="living" WC="0.41" CC="565"/>
						<SP ID="P2_SP00561" HPOS="324" VPOS="3412" WIDTH="13"/>
						<String ID="word000574" HPOS="337" VPOS="3367" WIDTH="171" HEIGHT="45" CONTENT="publicly" WC="0.69" CC="33133531"/>
						<SP ID="P2_SP00562" HPOS="508" VPOS="3412" WIDTH="21"/>
						<String ID="word000575" HPOS="529" VPOS="3365" WIDTH="92" HEIGHT="34" CONTENT="with" WC="1.00" CC="0000"/>
						<SP ID="P2_SP00563" HPOS="621" VPOS="3412" WIDTH="27"/>
						<String ID="word000576" HPOS="648" VPOS="3374" WIDTH="25" HEIGHT="24" CONTENT="a" WC="1.00" CC="0"/>
						<SP ID="P2_SP00564" HPOS="673" VPOS="3412" WIDTH="15"/>
						<String ID="word000577" HPOS="689" VPOS="3365" WIDTH="221" HEIGHT="41" CONTENT="concubine," WC="0.72" CC="0443342230"/>
						<SP ID="P2_SP00565" HPOS="909" VPOS="3412" WIDTH="26"/>
						<String ID="word000578" HPOS="935" VPOS="3367" WIDTH="69" HEIGHT="32" CONTENT="and" WC="1.00" CC="000"/>
						<SP ID="P2_SP00566" HPOS="1004" VPOS="3412" WIDTH="18"/>
						<String ID="word000579" HPOS="1022" VPOS="3367" WIDTH="215" HEIGHT="43" CONTENT="expending" WC="0.85" CC="212111301" STYLEREFS="TXT_1"/>
						<SP ID="P2_SP00567" HPOS="1237" VPOS="3412" WIDTH="14"/>
						<String ID="word000580" HPOS="1251" VPOS="3367" WIDTH="171" HEIGHT="32" CONTENT="immense" WC="0.82" CC="0131033"/>
						<SP ID="P2_SP00568" HPOS="1422" VPOS="3412" WIDTH="17"/>
						<String ID="word000581" HPOS="1439" VPOS="3378" WIDTH="92" HEIGHT="22" CONTENT="sums" WC="0.83" CC="1212"/>
						<SP ID="P2_SP00569" HPOS="1531" VPOS="3412" WIDTH="19"/>
						<String ID="word000582" HPOS="1550" VPOS="3367" WIDTH="59" HEIGHT="32" CONTENT="for" WC="0.85" CC="040"/>
						<SP ID="P2_SP00570" HPOS="1609" VPOS="3412" WIDTH="0"/>
					</TextLine>
					<TextLine ID="P2_TL00058" HPOS="257" VPOS="3422" WIDTH="1350" HEIGHT="41">
						<String ID="word000583" HPOS="257" VPOS="3426" WIDTH="71" HEIGHT="32" CONTENT="her" WC="1.00" CC="000"/>
						<SP ID="P2_SP00571" HPOS="328" VPOS="3458" WIDTH="28"/>
						<String ID="word000584" HPOS="357" VPOS="3423" WIDTH="298" HEIGHT="40" CONTENT="establishment," WC="0.86" CC="01101431330010"/>
						<SP ID="P2_SP00572" HPOS="654" VPOS="3463" WIDTH="27"/>
						<String ID="word000585" HPOS="681" VPOS="3423" WIDTH="124" HEIGHT="33" CONTENT="whilst" WC="0.94" CC="200010"/>
						<SP ID="P2_SP00573" HPOS="806" VPOS="3463" WIDTH="33"/>
						<String ID="word000586" HPOS="839" VPOS="3422" WIDTH="195" HEIGHT="35" CONTENT="thousands" WC="0.84" CC="002123221"/>
						<SP ID="P2_SP00574" HPOS="1033" VPOS="3463" WIDTH="26"/>
						<String ID="word000587" HPOS="1059" VPOS="3424" WIDTH="45" HEIGHT="33" CONTENT="of" WC="0.94" CC="10"/>
						<SP ID="P2_SP00575" HPOS="1104" VPOS="3463" WIDTH="15"/>
						<String ID="word000588" HPOS="1120" VPOS="3425" WIDTH="123" HEIGHT="32" CONTENT="honest" WC="0.98" CC="010000"/>
						<SP ID="P2_SP00576" HPOS="1243" VPOS="3463" WIDTH="19"/>
						<String ID="word000589" HPOS="1261" VPOS="3424" WIDTH="220" HEIGHT="34" CONTENT="industrious" WC="0.94" CC="01010000112"/>
						<SP ID="P2_SP00577" HPOS="1481" VPOS="3463" WIDTH="19"/>
						<String ID="word000590" HPOS="1500" VPOS="3423" WIDTH="86" HEIGHT="34" CONTENT="fami" SUBS_TYPE="HypPart1" SUBS_CONTENT="families" WC="0.71" CC="0362"/>
						<HYP HPOS="1586" VPOS="3423" WIDTH="21" CONTENT="-"/>
					</TextLine>
					<TextLine ID="P2_TL00059" HPOS="261" VPOS="3478" WIDTH="1348" HEIGHT="49">
						<String ID="word000591" HPOS="261" VPOS="3482" WIDTH="67" HEIGHT="34" CONTENT="lies" SUBS_TYPE="HypPart2" SUBS_CONTENT="families" WC="0.97" CC="0001"/>
						<SP ID="P2_SP00578" HPOS="328" VPOS="3516" WIDTH="17"/>
						<String ID="word000592" HPOS="345" VPOS="3482" WIDTH="34" HEIGHT="33" CONTENT="in" WC="1.00" CC="00"/>
						<SP ID="P2_SP00579" HPOS="379" VPOS="3516" WIDTH="21"/>
						<String ID="word000593" HPOS="400" VPOS="3482" WIDTH="63" HEIGHT="33" CONTENT="the" WC="1.00" CC="000"/>
						<SP ID="P2_SP00580" HPOS="463" VPOS="3516" WIDTH="18"/>
						<String ID="word000594" HPOS="481" VPOS="3478" WIDTH="296" HEIGHT="44" CONTENT="manufacturing" WC="0.79" CC="3232521100132"/>
						<SP ID="P2_SP00581" HPOS="777" VPOS="3522" WIDTH="18"/>
						<String ID="word000595" HPOS="795" VPOS="3487" WIDTH="120" HEIGHT="25" CONTENT="towns" WC="0.93" CC="01101"/>
						<SP ID="P2_SP00582" HPOS="915" VPOS="3522" WIDTH="20"/>
						<String ID="word000596" HPOS="935" VPOS="3491" WIDTH="94" HEIGHT="21" CONTENT="were" WC="0.78" CC="4301"/>
						<SP ID="P2_SP00583" HPOS="1030" VPOS="3522" WIDTH="15"/>
						<String ID="word000597" HPOS="1045" VPOS="3480" WIDTH="164" HEIGHT="44" CONTENT="literally" WC="0.91" CC="300001120"/>
						<SP ID="P2_SP00584" HPOS="1209" VPOS="3523" WIDTH="21"/>
						<String ID="word000598" HPOS="1231" VPOS="3482" WIDTH="176" HEIGHT="45" CONTENT="starving." WC="0.88" CC="302031100"/>
						<SP ID="P2_SP00585" HPOS="1407" VPOS="3527" WIDTH="53"/>
						<String ID="word000599" HPOS="1460" VPOS="3481" WIDTH="58" HEIGHT="34" CONTENT="Ile" WC="0.52" CC="751"/>
						<SP ID="P2_SP00586" HPOS="1518" VPOS="3527" WIDTH="18"/>
						<String ID="word000600" HPOS="1535" VPOS="3481" WIDTH="56" HEIGHT="34" CONTENT="dis" SUBS_TYPE="HypPart1" SUBS_CONTENT="disca:ded" WC="0.78" CC="031"/>
						<HYP HPOS="1591" VPOS="3481" WIDTH="18" CONTENT="-"/>
					</TextLine>
					<TextLine ID="P2_TL00060" HPOS="256" VPOS="3533" WIDTH="1349" HEIGHT="50">
						<String ID="word000601" HPOS="256" VPOS="3536" WIDTH="139" HEIGHT="35" CONTENT="ca:ded" SUBS_TYPE="HypPart2" SUBS_CONTENT="disca:ded" WC="0.69" CC="330533"/>
						<SP ID="P2_SP00587" HPOS="396" VPOS="3572" WIDTH="25"/>
						<String ID="word000602" HPOS="420" VPOS="3536" WIDTH="65" HEIGHT="33" CONTENT="her" WC="0.96" CC="010"/>
						<SP ID="P2_SP00588" HPOS="485" VPOS="3572" WIDTH="13"/>
						<String ID="word000603" HPOS="498" VPOS="3542" WIDTH="40" HEIGHT="26" CONTENT="at" WC="0.94" CC="10"/>
						<SP ID="P2_SP00589" HPOS="539" VPOS="3572" WIDTH="19"/>
						<String ID="word000604" HPOS="557" VPOS="3536" WIDTH="85" HEIGHT="39" CONTENT="last," WC="0.95" CC="02000"/>
						<SP ID="P2_SP00590" HPOS="643" VPOS="3575" WIDTH="30"/>
						<String ID="word000605" HPOS="672" VPOS="3536" WIDTH="69" HEIGHT="33" CONTENT="but" WC="0.85" CC="400"/>
						<SP ID="P2_SP00591" HPOS="741" VPOS="3575" WIDTH="14"/>
						<String ID="word000606" HPOS="755" VPOS="3536" WIDTH="71" HEIGHT="33" CONTENT="not" WC="0.74" CC="430"/>
						<SP ID="P2_SP00592" HPOS="826" VPOS="3575" WIDTH="18"/>
						<String ID="word000607" HPOS="843" VPOS="3533" WIDTH="99" HEIGHT="37" CONTENT="from" WC="0.89" CC="0013"/>
						<SP ID="P2_SP00593" HPOS="943" VPOS="3575" WIDTH="13"/>
						<String ID="word000608" HPOS="956" VPOS="3547" WIDTH="22" HEIGHT="22" CONTENT="a" WC="1.00" CC="0"/>
						<SP ID="P2_SP00594" HPOS="978" VPOS="3575" WIDTH="17"/>
						<String ID="word000609" HPOS="994" VPOS="3536" WIDTH="214" HEIGHT="34" CONTENT="convictiou" WC="0.46" CC="4453544785"/>
						<SP ID="P2_SP00595" HPOS="1208" VPOS="3575" WIDTH="19"/>
						<String ID="word000610" HPOS="1227" VPOS="3535" WIDTH="44" HEIGHT="34" CONTENT="of" WC="1.00" CC="00"/>
						<SP ID="P2_SP00596" HPOS="1271" VPOS="3575" WIDTH="13"/>
						<String ID="word000611" HPOS="1284" VPOS="3536" WIDTH="64" HEIGHT="33" CONTENT="the" WC="0.96" CC="001"/>
						<SP ID="P2_SP00597" HPOS="1348" VPOS="3575" WIDTH="20"/>
						<String ID="word000612" HPOS="1368" VPOS="3537" WIDTH="237" HEIGHT="45" CONTENT="irregularity" WC="0.82" CC="100111312135"/>
						<SP ID="P2_SP00598" HPOS="1605" VPOS="3582" WIDTH="0"/>
					</TextLine>
					<TextLine ID="P2_TL00061" HPOS="257" VPOS="3589" WIDTH="1351" HEIGHT="49">
						<String ID="word000613" HPOS="257" VPOS="3594" WIDTH="45" HEIGHT="34" CONTENT="of" WC="0.78" CC="40"/>
						<SP ID="P2_SP00599" HPOS="302" VPOS="3628" WIDTH="14"/>
						<String ID="word000614" HPOS="317" VPOS="3595" WIDTH="56" HEIGHT="33" CONTENT="his" WC="0.81" CC="302"/>
						<SP ID="P2_SP00600" HPOS="372" VPOS="3628" WIDTH="31"/>
						<String ID="word000615" HPOS="403" VPOS="3592" WIDTH="175" HEIGHT="40" CONTENT="conduct," WC="0.71" CC="33333411"/>
						<SP ID="P2_SP00601" HPOS="578" VPOS="3632" WIDTH="19"/>
						<String ID="word000616" HPOS="596" VPOS="3602" WIDTH="41" HEIGHT="21" CONTENT="or" WC="1.00" CC="00"/>
						<SP ID="P2_SP00602" HPOS="638" VPOS="3632" WIDTH="20"/>
						<String ID="word000617" HPOS="658" VPOS="3589" WIDTH="96" HEIGHT="35" CONTENT="from" WC="0.72" CC="6013"/>
						<SP ID="P2_SP00603" HPOS="754" VPOS="3632" WIDTH="17"/>
						<String ID="word000618" HPOS="770" VPOS="3602" WIDTH="24" HEIGHT="22" CONTENT="a" WC="0.89" CC="1"/>
						<SP ID="P2_SP00604" HPOS="794" VPOS="3632" WIDTH="18"/>
						<String ID="word000619" HPOS="811" VPOS="3601" WIDTH="103" HEIGHT="24" CONTENT="sense" WC="0.87" CC="10140"/>
						<SP ID="P2_SP00605" HPOS="914" VPOS="3632" WIDTH="26"/>
						<String ID="word000620" HPOS="940" VPOS="3591" WIDTH="44" HEIGHT="34" CONTENT="of" WC="1.00" CC="00"/>
						<SP ID="P2_SP00606" HPOS="984" VPOS="3632" WIDTH="20"/>
						<String ID="word000621" HPOS="1004" VPOS="3593" WIDTH="65" HEIGHT="33" CONTENT="the" WC="0.96" CC="010"/>
						<SP ID="P2_SP00607" HPOS="1069" VPOS="3632" WIDTH="21"/>
						<String ID="word000622" HPOS="1090" VPOS="3593" WIDTH="165" HEIGHT="34" CONTENT="indecent" WC="0.94" CC="01003000"/>
						<SP ID="P2_SP00608" HPOS="1256" VPOS="3632" WIDTH="20"/>
						<String ID="word000623" HPOS="1276" VPOS="3595" WIDTH="177" HEIGHT="43" CONTENT="example" WC="0.86" CC="1113120"/>
						<SP ID="P2_SP00609" HPOS="1453" VPOS="3638" WIDTH="17"/>
						<String ID="word000624" HPOS="1469" VPOS="3594" WIDTH="43" HEIGHT="34" CONTENT="he" WC="1.00" CC="00" STYLEREFS="TXT_1"/>
						<SP ID="P2_SP00610" HPOS="1512" VPOS="3638" WIDTH="19"/>
						<String ID="word000625" HPOS="1531" VPOS="3594" WIDTH="58" HEIGHT="34" CONTENT="fur" SUBS_TYPE="HypPart1" SUBS_CONTENT="furnished" WC="0.86" CC="012"/>
						<HYP HPOS="1589" VPOS="3594" WIDTH="19" CONTENT="-"/>
					</TextLine>
					<TextLine ID="P2_TL00062" HPOS="256" VPOS="3646" WIDTH="1348" HEIGHT="47">
						<String ID="word000626" HPOS="256" VPOS="3650" WIDTH="130" HEIGHT="37" CONTENT="nished" SUBS_TYPE="HypPart2" SUBS_CONTENT="furnished" WC="0.78" CC="513030"/>
						<SP ID="P2_SP00611" HPOS="386" VPOS="3686" WIDTH="20"/>
						<String ID="word000627" HPOS="406" VPOS="3661" WIDTH="11" HEIGHT="26" CONTENT=";" WC="0.89" CC="1"/>
						<SP ID="P2_SP00612" HPOS="417" VPOS="3687" WIDTH="28"/>
						<String ID="word000628" HPOS="445" VPOS="3650" WIDTH="66" HEIGHT="33" CONTENT="but" WC="0.96" CC="010"/>
						<SP ID="P2_SP00613" HPOS="511" VPOS="3687" WIDTH="28"/>
						<String ID="word000629" HPOS="540" VPOS="3647" WIDTH="96" HEIGHT="34" CONTENT="from" WC="0.97" CC="0001"/>
						<SP ID="P2_SP00614" HPOS="635" VPOS="3687" WIDTH="32"/>
						<String ID="word000630" HPOS="667" VPOS="3648" WIDTH="135" HEIGHT="44" CONTENT="satiety" WC="0.98" CC="0100000"/>
						<SP ID="P2_SP00615" HPOS="802" VPOS="3692" WIDTH="17"/>
						<String ID="word000631" HPOS="819" VPOS="3660" WIDTH="11" HEIGHT="27" CONTENT=";" WC="1.00" CC="0"/>
						<SP ID="P2_SP00616" HPOS="829" VPOS="3692" WIDTH="47"/>
						<String ID="word000632" HPOS="876" VPOS="3646" WIDTH="60" HEIGHT="35" CONTENT="for" WC="0.78" CC="330"/>
						<SP ID="P2_SP00617" HPOS="937" VPOS="3692" WIDTH="18"/>
						<String ID="word000633" HPOS="954" VPOS="3648" WIDTH="41" HEIGHT="33" CONTENT="he" WC="0.94" CC="01"/>
						<SP ID="P2_SP00618" HPOS="996" VPOS="3692" WIDTH="21"/>
						<String ID="word000634" HPOS="1017" VPOS="3648" WIDTH="255" HEIGHT="45" CONTENT="immediately" WC="0.98" CC="00010010000"/>
						<SP ID="P2_SP00619" HPOS="1272" VPOS="3693" WIDTH="17"/>
						<String ID="word000635" HPOS="1289" VPOS="3651" WIDTH="204" HEIGHT="33" CONTENT="associated" WC="0.74" CC="2342126030"/>
						<SP ID="P2_SP00620" HPOS="1493" VPOS="3693" WIDTH="24"/>
						<String ID="word000636" HPOS="1517" VPOS="3661" WIDTH="24" HEIGHT="21" CONTENT="w" WC="0.11" CC="8"/>
						<SP ID="P2_SP00621" HPOS="1540" VPOS="3693" WIDTH="14"/>
						<String ID="word000637" HPOS="1554" VPOS="3651" WIDTH="50" HEIGHT="33" CONTENT="itli" WC="0.56" CC="3355"/>
						<SP ID="P2_SP00622" HPOS="1604" VPOS="3693" WIDTH="0"/>
					</TextLine>
					<TextLine ID="P2_TL00063" HPOS="252" VPOS="3704" WIDTH="1356" HEIGHT="44">
						<String ID="word000638" HPOS="252" VPOS="3707" WIDTH="165" HEIGHT="34" CONTENT="another" WC="0.89" CC="4120000"/>
						<SP ID="P2_SP00623" HPOS="417" VPOS="3742" WIDTH="20"/>
						<String ID="word000639" HPOS="437" VPOS="3715" WIDTH="161" HEIGHT="31" CONTENT="woman," WC="0.96" CC="100100"/>
						<SP ID="P2_SP00624" HPOS="598" VPOS="3745" WIDTH="22"/>
						<String ID="word000640" HPOS="620" VPOS="3704" WIDTH="124" HEIGHT="34" CONTENT="whom" WC="0.69" CC="3413"/>
						<SP ID="P2_SP00625" HPOS="744" VPOS="3745" WIDTH="35"/>
						<String ID="word000641" HPOS="780" VPOS="3705" WIDTH="46" HEIGHT="33" CONTENT="he" WC="0.89" CC="11"/>
						<SP ID="P2_SP00626" HPOS="826" VPOS="3745" WIDTH="33"/>
						<String ID="word000642" HPOS="859" VPOS="3706" WIDTH="206" HEIGHT="41" CONTENT="stipported" WC="0.44" CC="3784347383"/>
						<SP ID="P2_SP00627" HPOS="1064" VPOS="3748" WIDTH="34"/>
						<String ID="word000643" HPOS="1098" VPOS="3712" WIDTH="40" HEIGHT="26" CONTENT="at" WC="0.94" CC="10"/>
						<SP ID="P2_SP00628" HPOS="1139" VPOS="3748" WIDTH="19"/>
						<String ID="word000644" HPOS="1157" VPOS="3706" WIDTH="63" HEIGHT="32" CONTENT="the" WC="1.00" CC="000"/>
						<SP ID="P2_SP00629" HPOS="1220" VPOS="3748" WIDTH="28"/>
						<String ID="word000645" HPOS="1248" VPOS="3716" WIDTH="97" HEIGHT="24" CONTENT="same" WC="0.78" CC="1034"/>
						<SP ID="P2_SP00630" HPOS="1345" VPOS="3748" WIDTH="21"/>
						<String ID="word000646" HPOS="1367" VPOS="3706" WIDTH="241" HEIGHT="34" CONTENT="immoderate" WC="0.79" CC="0150530122"/>
						<SP ID="P2_SP00631" HPOS="1607" VPOS="3748" WIDTH="0"/>
					</TextLine>
					<TextLine ID="P2_TL00064" HPOS="252" VPOS="3759" WIDTH="1356" HEIGHT="52">
						<String ID="word000647" HPOS="252" VPOS="3774" WIDTH="174" HEIGHT="37" CONTENT="expence" WC="0.56" CC="3333835" STYLEREFS="TXT_3"/>
						<SP ID="P2_SP00632" HPOS="425" VPOS="3810" WIDTH="17"/>
						<String ID="word000648" HPOS="442" VPOS="3776" WIDTH="11" HEIGHT="25" CONTENT=";" WC="1.00" CC="0" STYLEREFS="TXT_3"/>
						<SP ID="P2_SP00633" HPOS="452" VPOS="3810" WIDTH="28"/>
						<String ID="word000649" HPOS="481" VPOS="3765" WIDTH="65" HEIGHT="31" CONTENT="not" WC="1.00" CC="000"/>
						<SP ID="P2_SP00634" HPOS="546" VPOS="3810" WIDTH="19"/>
						<String ID="word000650" HPOS="565" VPOS="3759" WIDTH="194" HEIGHT="43" CONTENT="reflecting" WC="0.73" CC="0144110337"/>
						<SP ID="P2_SP00635" HPOS="758" VPOS="3810" WIDTH="18"/>
						<String ID="word000651" HPOS="776" VPOS="3762" WIDTH="83" HEIGHT="32" CONTENT="that" WC="0.92" CC="0030"/>
						<SP ID="P2_SP00636" HPOS="859" VPOS="3810" WIDTH="20"/>
						<String ID="word000652" HPOS="879" VPOS="3761" WIDTH="63" HEIGHT="33" CONTENT="the" WC="0.85" CC="040"/>
						<SP ID="P2_SP00637" HPOS="941" VPOS="3810" WIDTH="17"/>
						<String ID="word000653" HPOS="958" VPOS="3771" WIDTH="93" HEIGHT="24" CONTENT="sums" WC="0.33" CC="6675"/>
						<SP ID="P2_SP00638" HPOS="1051" VPOS="3810" WIDTH="21"/>
						<String ID="word000654" HPOS="1072" VPOS="3761" WIDTH="46" HEIGHT="34" CONTENT="he" WC="1.00" CC="00"/>
						<SP ID="P2_SP00639" HPOS="1119" VPOS="3810" WIDTH="18"/>
						<String ID="word000655" HPOS="1136" VPOS="3762" WIDTH="191" HEIGHT="45" CONTENT="expended" WC="0.99" CC="00000100"/>
						<SP ID="P2_SP00640" HPOS="1328" VPOS="3810" WIDTH="14"/>
						<String ID="word000656" HPOS="1342" VPOS="3776" WIDTH="45" HEIGHT="22" CONTENT="on" WC="1.00" CC="00"/>
						<SP ID="P2_SP00641" HPOS="1387" VPOS="3810" WIDTH="17"/>
						<String ID="word000657" HPOS="1403" VPOS="3777" WIDTH="38" HEIGHT="20" CONTENT="so" WC="0.61" CC="52"/>
						<SP ID="P2_SP00642" HPOS="1441" VPOS="3810" WIDTH="24"/>
						<String ID="word000658" HPOS="1465" VPOS="3767" WIDTH="123" HEIGHT="44" CONTENT="despic" SUBS_TYPE="HypPart1" SUBS_CONTENT="despicable" WC="0.87" CC="003211"/>
						<HYP HPOS="1587" VPOS="3767" WIDTH="20" CONTENT="-"/>
					</TextLine>
					<TextLine ID="P2_TL00065" HPOS="252" VPOS="3817" WIDTH="1356" HEIGHT="48">
						<String ID="word000659" HPOS="252" VPOS="3823" WIDTH="90" HEIGHT="32" CONTENT="able" SUBS_TYPE="HypPart2" SUBS_CONTENT="despicable" WC="0.61" CC="3263"/>
						<SP ID="P2_SP00643" HPOS="341" VPOS="3855" WIDTH="27"/>
						<String ID="word000660" HPOS="369" VPOS="3831" WIDTH="47" HEIGHT="24" CONTENT="an" WC="0.83" CC="12"/>
						<SP ID="P2_SP00644" HPOS="416" VPOS="3855" WIDTH="19"/>
						<String ID="word000661" HPOS="435" VPOS="3817" WIDTH="142" HEIGHT="47" CONTENT="object," WC="0.92" CC="0301100"/>
						<SP ID="P2_SP00645" HPOS="576" VPOS="3865" WIDTH="17"/>
						<String ID="word000662" HPOS="593" VPOS="3817" WIDTH="123" HEIGHT="45" CONTENT="might" WC="0.78" CC="32032"/>
						<SP ID="P2_SP00646" HPOS="716" VPOS="3865" WIDTH="20"/>
						<String ID="word000663" HPOS="736" VPOS="3817" WIDTH="94" HEIGHT="33" CONTENT="have" WC="0.94" CC="0110"/>
						<SP ID="P2_SP00647" HPOS="830" VPOS="3865" WIDTH="27"/>
						<String ID="word000664" HPOS="857" VPOS="3817" WIDTH="148" HEIGHT="33" CONTENT="clothed" WC="0.62" CC="4543332"/>
						<SP ID="P2_SP00648" HPOS="1005" VPOS="3865" WIDTH="30"/>
						<String ID="word000665" HPOS="1035" VPOS="3820" WIDTH="73" HEIGHT="33" CONTENT="and" WC="1.00" CC="000"/>
						<SP ID="P2_SP00649" HPOS="1108" VPOS="3865" WIDTH="27"/>
						<String ID="word000666" HPOS="1135" VPOS="3820" WIDTH="175" HEIGHT="34" CONTENT="educated" WC="0.94" CC="10200010"/>
						<SP ID="P2_SP00650" HPOS="1310" VPOS="3865" WIDTH="33"/>
						<String ID="word000667" HPOS="1343" VPOS="3822" WIDTH="74" HEIGHT="34" CONTENT="500" WC="0.93" CC="011"/>
						<SP ID="P2_SP00651" HPOS="1417" VPOS="3865" WIDTH="15"/>
						<String ID="word000668" HPOS="1433" VPOS="3823" WIDTH="175" HEIGHT="34" CONTENT="destitute" WC="0.72" CC="332232323"/>
						<SP ID="P2_SP00652" HPOS="1607" VPOS="3865" WIDTH="0"/>
					</TextLine>
					<TextLine ID="P2_TL00066" HPOS="250" VPOS="3874" WIDTH="1354" HEIGHT="47">
						<String ID="word000669" HPOS="250" VPOS="3879" WIDTH="190" HEIGHT="34" CONTENT="children." WC="0.72" CC="037444001"/>
						<SP ID="P2_SP00653" HPOS="441" VPOS="3913" WIDTH="59"/>
						<String ID="word000670" HPOS="500" VPOS="3875" WIDTH="116" HEIGHT="35" CONTENT="What" WC="0.97" CC="1000"/>
						<SP ID="P2_SP00654" HPOS="615" VPOS="3913" WIDTH="18"/>
						<String ID="word000671" HPOS="633" VPOS="3885" WIDTH="25" HEIGHT="24" CONTENT="a" WC="1.00" CC="0"/>
						<SP ID="P2_SP00655" HPOS="658" VPOS="3913" WIDTH="18"/>
						<String ID="word000672" HPOS="676" VPOS="3874" WIDTH="156" HEIGHT="44" CONTENT="godlike" WC="0.94" CC="0001012"/>
						<SP ID="P2_SP00656" HPOS="831" VPOS="3918" WIDTH="17"/>
						<String ID="word000673" HPOS="848" VPOS="3875" WIDTH="185" HEIGHT="33" CONTENT="sensation" WC="0.68" CC="333233252"/>
						<SP ID="P2_SP00657" HPOS="1033" VPOS="3918" WIDTH="19"/>
						<String ID="word000674" HPOS="1052" VPOS="3882" WIDTH="40" HEIGHT="27" CONTENT="to" WC="1.00" CC="00"/>
						<SP ID="P2_SP00658" HPOS="1093" VPOS="3918" WIDTH="25"/>
						<String ID="word000675" HPOS="1117" VPOS="3888" WIDTH="22" HEIGHT="21" CONTENT="a" WC="0.89" CC="1"/>
						<SP ID="P2_SP00659" HPOS="1140" VPOS="3918" WIDTH="25"/>
						<String ID="word000676" HPOS="1165" VPOS="3878" WIDTH="150" HEIGHT="41" CONTENT="liberal," WC="0.96" CC="00100110"/>
						<SP ID="P2_SP00660" HPOS="1315" VPOS="3919" WIDTH="18"/>
						<String ID="word000677" HPOS="1332" VPOS="3888" WIDTH="189" HEIGHT="33" CONTENT="generous," WC="0.86" CC="030101051"/>
						<SP ID="P2_SP00661" HPOS="1521" VPOS="3921" WIDTH="13"/>
						<String ID="word000678" HPOS="1534" VPOS="3883" WIDTH="70" HEIGHT="32" CONTENT="and" WC="0.89" CC="111"/>
						<SP ID="P2_SP00662" HPOS="1604" VPOS="3921" WIDTH="0"/>
					</TextLine>
					<TextLine ID="P2_TL00067" HPOS="252" VPOS="3932" WIDTH="1355" HEIGHT="48">
						<String ID="word000679" HPOS="252" VPOS="3934" WIDTH="139" HEIGHT="44" CONTENT="feeling" WC="0.97" CC="0020000"/>
						<SP ID="P2_SP00663" HPOS="391" VPOS="3978" WIDTH="17"/>
						<String ID="word000680" HPOS="407" VPOS="3933" WIDTH="102" HEIGHT="34" CONTENT="mind" WC="0.94" CC="0110" STYLEREFS="TXT_3"/>
						<SP ID="P2_SP00664" HPOS="509" VPOS="3978" WIDTH="18"/>
						<String ID="word000681" HPOS="527" VPOS="3937" WIDTH="96" HEIGHT="31" CONTENT="must" WC="0.97" CC="0100" STYLEREFS="TXT_3"/>
						<SP ID="P2_SP00665" HPOS="622" VPOS="3978" WIDTH="14"/>
						<String ID="word000682" HPOS="637" VPOS="3943" WIDTH="50" HEIGHT="24" CONTENT="an" WC="1.00" CC="00"/>
						<SP ID="P2_SP00666" HPOS="686" VPOS="3978" WIDTH="15"/>
						<String ID="word000683" HPOS="702" VPOS="3932" WIDTH="254" HEIGHT="43" CONTENT="expenditure" WC="0.80" CC="05413111022"/>
						<SP ID="P2_SP00667" HPOS="956" VPOS="3978" WIDTH="18"/>
						<String ID="word000684" HPOS="973" VPOS="3932" WIDTH="44" HEIGHT="34" CONTENT="of" WC="1.00" CC="00"/>
						<SP ID="P2_SP00668" HPOS="1017" VPOS="3978" WIDTH="21"/>
						<String ID="word000685" HPOS="1038" VPOS="3934" WIDTH="64" HEIGHT="33" CONTENT="the" WC="0.48" CC="572"/>
						<SP ID="P2_SP00669" HPOS="1102" VPOS="3978" WIDTH="17"/>
						<String ID="word000686" HPOS="1119" VPOS="3933" WIDTH="113" HEIGHT="34" CONTENT="latter" WC="0.96" CC="020000"/>
						<SP ID="P2_SP00670" HPOS="1232" VPOS="3978" WIDTH="28"/>
						<String ID="word000687" HPOS="1260" VPOS="3934" WIDTH="228" HEIGHT="46" CONTENT="description" WC="0.89" CC="00113111102"/>
						<SP ID="P2_SP00671" HPOS="1488" VPOS="3980" WIDTH="24"/>
						<String ID="word000688" HPOS="1512" VPOS="3937" WIDTH="94" HEIGHT="35" CONTENT="have" WC="0.89" CC="0112"/>
						<SP ID="P2_SP00672" HPOS="1606" VPOS="3980" WIDTH="0"/>
					</TextLine>
					<TextLine ID="P2_TL00068" HPOS="248" VPOS="3986" WIDTH="199" HEIGHT="42">
						<String ID="word000689" HPOS="248" VPOS="3986" WIDTH="168" HEIGHT="41" CONTENT="afforded" WC="0.64" CC="31450166"/>
						<SP ID="P2_SP00673" HPOS="416" VPOS="4028" WIDTH="20"/>
						<String ID="word000690" HPOS="436" VPOS="3991" WIDTH="11" HEIGHT="34" CONTENT="!" WC="0.89" CC="1"/>
						<SP ID="P2_SP00674" HPOS="446" VPOS="4028" WIDTH="0"/>
					</TextLine>
				</TextBlock>
				<TextBlock ID="pa0002005" HPOS="246" VPOS="4044" WIDTH="1361" HEIGHT="166" STYLEREFS="TXT_0 PAR_LEFT">
					<TextLine ID="P2_TL00069" HPOS="301" VPOS="4045" WIDTH="1304" HEIGHT="52">
						<String ID="word000691" HPOS="301" VPOS="4049" WIDTH="120" HEIGHT="34" CONTENT="These" WC="0.51" CC="55561"/>
						<SP ID="P2_SP00675" HPOS="422" VPOS="4083" WIDTH="32"/>
						<String ID="word000692" HPOS="454" VPOS="4058" WIDTH="66" HEIGHT="26" CONTENT="are" WC="0.93" CC="101"/>
						<SP ID="P2_SP00676" HPOS="520" VPOS="4084" WIDTH="24"/>
						<String ID="word000693" HPOS="543" VPOS="4045" WIDTH="274" HEIGHT="46" CONTENT="gratifications" WC="0.87" CC="10103131111111"/>
						<SP ID="P2_SP00677" HPOS="817" VPOS="4091" WIDTH="28"/>
						<String ID="word000694" HPOS="846" VPOS="4046" WIDTH="60" HEIGHT="33" CONTENT="for" WC="0.96" CC="100"/>
						<SP ID="P2_SP00678" HPOS="906" VPOS="4091" WIDTH="24"/>
						<String ID="word000695" HPOS="930" VPOS="4057" WIDTH="24" HEIGHT="24" CONTENT="a" WC="0.89" CC="1"/>
						<SP ID="P2_SP00679" HPOS="953" VPOS="4091" WIDTH="26"/>
						<String ID="word000696" HPOS="979" VPOS="4045" WIDTH="139" HEIGHT="46" CONTENT="feeling." WC="0.63" CC="01551276"/>
						<SP ID="P2_SP00680" HPOS="1119" VPOS="4091" WIDTH="27"/>
						<String ID="word000697" HPOS="1146" VPOS="4046" WIDTH="123" HEIGHT="41" CONTENT="heart," WC="0.89" CC="111012"/>
						<SP ID="P2_SP00681" HPOS="1269" VPOS="4091" WIDTH="34"/>
						<String ID="word000698" HPOS="1303" VPOS="4046" WIDTH="60" HEIGHT="38" CONTENT="for" WC="1.00" CC="000"/>
						<SP ID="P2_SP00682" HPOS="1363" VPOS="4091" WIDTH="22"/>
						<String ID="word000699" HPOS="1385" VPOS="4062" WIDTH="26" HEIGHT="22" CONTENT="a" WC="1.00" CC="0"/>
						<SP ID="P2_SP00683" HPOS="1411" VPOS="4091" WIDTH="30"/>
						<String ID="word000700" HPOS="1441" VPOS="4052" WIDTH="164" HEIGHT="45" CONTENT="princely" WC="0.75" CC="11015154" STYLEREFS="TXT_1"/>
						<SP ID="P2_SP00684" HPOS="1605" VPOS="4097" WIDTH="0"/>
					</TextLine>
					<TextLine ID="P2_TL00070" HPOS="248" VPOS="4104" WIDTH="1354" HEIGHT="45">
						<String ID="word000701" HPOS="248" VPOS="4107" WIDTH="100" HEIGHT="37" CONTENT="mind" WC="0.58" CC="4326" STYLEREFS="TXT_1"/>
						<SP ID="P2_SP00685" HPOS="348" VPOS="4143" WIDTH="18"/>
						<String ID="word000702" HPOS="366" VPOS="4106" WIDTH="8" HEIGHT="33" CONTENT="!" WC="0.67" CC="3" STYLEREFS="TXT_1"/>
						<SP ID="P2_SP00686" HPOS="374" VPOS="4143" WIDTH="28"/>
						<String ID="word000703" HPOS="403" VPOS="4107" WIDTH="70" HEIGHT="34" CONTENT="and" WC="0.89" CC="120"/>
						<SP ID="P2_SP00687" HPOS="472" VPOS="4143" WIDTH="24"/>
						<String ID="word000704" HPOS="496" VPOS="4104" WIDTH="87" HEIGHT="34" CONTENT="how" WC="0.74" CC="331"/>
						<SP ID="P2_SP00688" HPOS="583" VPOS="4143" WIDTH="18"/>
						<String ID="word000705" HPOS="601" VPOS="4104" WIDTH="288" HEIGHT="45" CONTENT="contemptible.," WC="0.71" CC="14111014454452"/>
						<SP ID="P2_SP00689" HPOS="889" VPOS="4149" WIDTH="30"/>
						<String ID="word000706" HPOS="919" VPOS="4106" WIDTH="84" HEIGHT="32" CONTENT="how" WC="0.93" CC="101"/>
						<SP ID="P2_SP00690" HPOS="1003" VPOS="4149" WIDTH="26"/>
						<String ID="word000707" HPOS="1029" VPOS="4114" WIDTH="181" HEIGHT="25" CONTENT="trimeon-;" WC="0.22" CC="868884588"/>
						<SP ID="P2_SP00691" HPOS="1209" VPOS="4149" WIDTH="25"/>
						<String ID="word000708" HPOS="1234" VPOS="4113" WIDTH="91" HEIGHT="28" CONTENT="mist" WC="0.81" CC="0421"/>
						<SP ID="P2_SP00692" HPOS="1325" VPOS="4149" WIDTH="18"/>
						<String ID="word000709" HPOS="1343" VPOS="4108" WIDTH="46" HEIGHT="33" CONTENT="be" WC="1.00" CC="00"/>
						<SP ID="P2_SP00693" HPOS="1389" VPOS="4149" WIDTH="17"/>
						<String ID="word000710" HPOS="1406" VPOS="4108" WIDTH="64" HEIGHT="33" CONTENT="the" WC="0.37" CC="665"/>
						<SP ID="P2_SP00694" HPOS="1469" VPOS="4149" WIDTH="19"/>
						<String ID="word000711" HPOS="1488" VPOS="4120" WIDTH="91" HEIGHT="24" CONTENT="mere" SUBS_TYPE="HypPart1" SUBS_CONTENT="meretricious" WC="0.64" CC="4515"/>
						<HYP HPOS="1579" VPOS="4120" WIDTH="22" CONTENT="-"/>
					</TextLine>
					<TextLine ID="P2_TL00071" HPOS="248" VPOS="4160" WIDTH="1359" HEIGHT="50">
						<String ID="word000712" HPOS="248" VPOS="4165" WIDTH="159" HEIGHT="37" CONTENT="tricious" SUBS_TYPE="HypPart2" SUBS_CONTENT="meretricious" WC="0.63" CC="51211656"/>
						<SP ID="P2_SP00695" HPOS="407" VPOS="4201" WIDTH="15"/>
						<String ID="word000713" HPOS="423" VPOS="4162" WIDTH="124" HEIGHT="37" CONTENT="'miles" WC="0.39" CC="764466"/>
						<SP ID="P2_SP00696" HPOS="547" VPOS="4201" WIDTH="18"/>
						<String ID="word000714" HPOS="565" VPOS="4160" WIDTH="45" HEIGHT="38" CONTENT="of" WC="1.00" CC="00"/>
						<SP ID="P2_SP00697" HPOS="609" VPOS="4201" WIDTH="21"/>
						<String ID="word000715" HPOS="631" VPOS="4172" WIDTH="25" HEIGHT="26" CONTENT="a" WC="1.00" CC="0"/>
						<SP ID="P2_SP00698" HPOS="656" VPOS="4201" WIDTH="18"/>
						<String ID="word000716" HPOS="673" VPOS="4162" WIDTH="144" HEIGHT="43" CONTENT="harlot," WC="0.90" CC="1101111"/>
						<SP ID="P2_SP00699" HPOS="817" VPOS="4205" WIDTH="21"/>
						<String ID="word000717" HPOS="839" VPOS="4163" WIDTH="106" HEIGHT="33" CONTENT="wilco" WC="0.31" CC="47767"/>
						<SP ID="P2_SP00700" HPOS="945" VPOS="4205" WIDTH="19"/>
						<String ID="word000718" HPOS="964" VPOS="4162" WIDTH="202" HEIGHT="46" CONTENT="compared" WC="0.75" CC="44621100"/>
						<SP ID="P2_SP00701" HPOS="1166" VPOS="4208" WIDTH="24"/>
						<String ID="word000719" HPOS="1189" VPOS="4162" WIDTH="89" HEIGHT="37" CONTENT="‘sitig" WC="0.28" CC="883488"/>
						<SP ID="P2_SP00702" HPOS="1278" VPOS="4208" WIDTH="20"/>
						<String ID="word000720" HPOS="1298" VPOS="4162" WIDTH="60" HEIGHT="35" CONTENT="the" WC="0.78" CC="051"/>
						<SP ID="P2_SP00703" HPOS="1358" VPOS="4208" WIDTH="20"/>
						<String ID="word000721" HPOS="1378" VPOS="4165" WIDTH="167" HEIGHT="45" CONTENT="plum:tire" WC="0.52" CC="116667642"/>
						<SP ID="P2_SP00704" HPOS="1545" VPOS="4209" WIDTH="19"/>
						<String ID="word000722" HPOS="1564" VPOS="4167" WIDTH="43" HEIGHT="34" CONTENT="of" WC="0.39" CC="56"/>
						<SP ID="P2_SP00705" HPOS="1606" VPOS="4209" WIDTH="0"/>
					</TextLine>
				</TextBlock>
				<TextBlock ID="pa0002006" HPOS="2720" VPOS="92" WIDTH="282" HEIGHT="61" STYLEREFS="TXT_4 PAR_RIGHT">
					<TextLine ID="P2_TL00072" HPOS="2721" VPOS="93" WIDTH="281" HEIGHT="59">
						<String ID="word000723" HPOS="2721" VPOS="93" WIDTH="156" HEIGHT="57" CONTENT="rrill." WC="0.31" CC="768880"/>
						<SP ID="P2_SP00706" HPOS="2877" VPOS="150" WIDTH="41"/>
						<String ID="word000724" HPOS="2919" VPOS="106" WIDTH="83" HEIGHT="46" CONTENT="26." WC="0.70" CC="233" STYLEREFS="TXT_5"/>
						<SP ID="P2_SP00707" HPOS="3001" VPOS="152" WIDTH="0"/>
					</TextLine>
				</TextBlock>
				<TextBlock ID="pa0002007" HPOS="1658" VPOS="226" WIDTH="1350" HEIGHT="1007" STYLEREFS="TXT_0 PAR_BLOCK">
					<TextLine ID="P2_TL00073" HPOS="1659" VPOS="227" WIDTH="1349" HEIGHT="46">
						<String ID="word000725" HPOS="1659" VPOS="227" WIDTH="181" HEIGHT="44" CONTENT="relieving" WC="0.97" CC="000101000"/>
						<SP ID="P2_SP00708" HPOS="1840" VPOS="270" WIDTH="18"/>
						<String ID="word000726" HPOS="1858" VPOS="228" WIDTH="188" HEIGHT="44" CONTENT="indigence" WC="0.99" CC="000010000"/>
						<SP ID="P2_SP00709" HPOS="2046" VPOS="272" WIDTH="17"/>
						<String ID="word000727" HPOS="2062" VPOS="229" WIDTH="70" HEIGHT="33" CONTENT="and" WC="0.96" CC="100"/>
						<SP ID="P2_SP00710" HPOS="2132" VPOS="272" WIDTH="19"/>
						<String ID="word000728" HPOS="2151" VPOS="230" WIDTH="136" HEIGHT="43" CONTENT="drying" WC="0.94" CC="000102"/>
						<SP ID="P2_SP00711" HPOS="2287" VPOS="273" WIDTH="17"/>
						<String ID="word000729" HPOS="2303" VPOS="230" WIDTH="61" HEIGHT="32" CONTENT="the" WC="1.00" CC="000"/>
						<SP ID="P2_SP00712" HPOS="2365" VPOS="273" WIDTH="19"/>
						<String ID="word000730" HPOS="2383" VPOS="236" WIDTH="81" HEIGHT="26" CONTENT="tear" WC="0.89" CC="1030"/>
						<SP ID="P2_SP00713" HPOS="2465" VPOS="273" WIDTH="18"/>
						<String ID="word000731" HPOS="2483" VPOS="230" WIDTH="45" HEIGHT="32" CONTENT="of" WC="1.00" CC="00"/>
						<SP ID="P2_SP00714" HPOS="2528" VPOS="273" WIDTH="12"/>
						<String ID="word000732" HPOS="2539" VPOS="228" WIDTH="201" HEIGHT="34" CONTENT="affliction!" WC="0.85" CC="13340000022"/>
						<SP ID="P2_SP00715" HPOS="2740" VPOS="273" WIDTH="57"/>
						<String ID="word000733" HPOS="2797" VPOS="228" WIDTH="117" HEIGHT="33" CONTENT="What" WC="0.92" CC="2010"/>
						<SP ID="P2_SP00716" HPOS="2914" VPOS="273" WIDTH="25"/>
						<String ID="word000734" HPOS="2939" VPOS="236" WIDTH="69" HEIGHT="24" CONTENT="are" WC="0.78" CC="105"/>
						<SP ID="P2_SP00717" HPOS="3007" VPOS="273" WIDTH="0"/>
					</TextLine>
					<TextLine ID="P2_TL00074" HPOS="1661" VPOS="282" WIDTH="1342" HEIGHT="48">
						<String ID="word000735" HPOS="1661" VPOS="282" WIDTH="54" HEIGHT="33" CONTENT="his" WC="1.00" CC="000"/>
						<SP ID="P2_SP00718" HPOS="1715" VPOS="315" WIDTH="21"/>
						<String ID="word000736" HPOS="1736" VPOS="282" WIDTH="123" HEIGHT="46" CONTENT="Royal" WC="0.98" CC="00010"/>
						<SP ID="P2_SP00719" HPOS="1859" VPOS="328" WIDTH="17"/>
						<String ID="word000737" HPOS="1876" VPOS="282" WIDTH="215" HEIGHT="46" CONTENT="Highness's" WC="0.78" CC="6104411111"/>
						<SP ID="P2_SP00720" HPOS="2091" VPOS="328" WIDTH="19"/>
						<String ID="word000738" HPOS="2109" VPOS="286" WIDTH="226" HEIGHT="44" CONTENT="pretensions" WC="0.96" CC="00010101010"/>
						<SP ID="P2_SP00721" HPOS="2335" VPOS="330" WIDTH="18"/>
						<String ID="word000739" HPOS="2353" VPOS="291" WIDTH="41" HEIGHT="27" CONTENT="to" WC="0.33" CC="48"/>
						<SP ID="P2_SP00722" HPOS="2394" VPOS="330" WIDTH="14"/>
						<String ID="word000740" HPOS="2408" VPOS="288" WIDTH="71" HEIGHT="30" CONTENT="bur" WC="0.81" CC="500"/>
						<SP ID="P2_SP00723" HPOS="2479" VPOS="330" WIDTH="18"/>
						<String ID="word000741" HPOS="2497" VPOS="286" WIDTH="174" HEIGHT="44" CONTENT="gratiude" WC="0.97" CC="00100010"/>
						<SP ID="P2_SP00724" HPOS="2670" VPOS="330" WIDTH="21"/>
						<String ID="word000742" HPOS="2692" VPOS="283" WIDTH="71" HEIGHT="34" CONTENT="and" WC="0.89" CC="030"/>
						<SP ID="P2_SP00725" HPOS="2763" VPOS="330" WIDTH="20"/>
						<String ID="word000743" HPOS="2783" VPOS="282" WIDTH="220" HEIGHT="34" CONTENT="veneration" WC="0.92" CC="1001200021"/>
						<SP ID="P2_SP00726" HPOS="3002" VPOS="330" WIDTH="0"/>
					</TextLine>
					<TextLine ID="P2_TL00075" HPOS="1661" VPOS="338" WIDTH="1341" HEIGHT="48">
						<String ID="word000744" HPOS="1661" VPOS="339" WIDTH="34" HEIGHT="34" CONTENT="in" WC="1.00" CC="00"/>
						<SP ID="P2_SP00727" HPOS="1695" VPOS="373" WIDTH="18"/>
						<String ID="word000745" HPOS="1713" VPOS="339" WIDTH="73" HEIGHT="34" CONTENT="this" WC="1.00" CC="0000"/>
						<SP ID="P2_SP00728" HPOS="1786" VPOS="373" WIDTH="18"/>
						<String ID="word000746" HPOS="1804" VPOS="341" WIDTH="171" HEIGHT="44" CONTENT="respect?" WC="0.94" CC="00000022"/>
						<SP ID="P2_SP00729" HPOS="1975" VPOS="385" WIDTH="56"/>
						<String ID="word000747" HPOS="2030" VPOS="341" WIDTH="229" HEIGHT="33" CONTENT="Providence" WC="0.99" CC="0100000000"/>
						<SP ID="P2_SP00730" HPOS="2259" VPOS="385" WIDTH="21"/>
						<String ID="word000748" HPOS="2281" VPOS="341" WIDTH="64" HEIGHT="33" CONTENT="has" WC="0.96" CC="010"/>
						<SP ID="P2_SP00731" HPOS="2344" VPOS="385" WIDTH="20"/>
						<String ID="word000749" HPOS="2365" VPOS="341" WIDTH="131" HEIGHT="45" CONTENT="placed" WC="1.00" CC="000000"/>
						<SP ID="P2_SP00732" HPOS="2496" VPOS="386" WIDTH="22"/>
						<String ID="word000750" HPOS="2518" VPOS="343" WIDTH="76" HEIGHT="33" CONTENT="him" WC="1.00" CC="000"/>
						<SP ID="P2_SP00733" HPOS="2594" VPOS="386" WIDTH="28"/>
						<String ID="word000751" HPOS="2622" VPOS="354" WIDTH="46" HEIGHT="21" CONTENT="on" WC="1.00" CC="00"/>
						<SP ID="P2_SP00734" HPOS="2668" VPOS="386" WIDTH="28"/>
						<String ID="word000752" HPOS="2696" VPOS="354" WIDTH="24" HEIGHT="20" CONTENT="a" WC="0.89" CC="1"/>
						<SP ID="P2_SP00735" HPOS="2720" VPOS="386" WIDTH="19"/>
						<String ID="word000753" HPOS="2739" VPOS="352" WIDTH="89" HEIGHT="34" CONTENT="very" WC="0.89" CC="1003"/>
						<SP ID="P2_SP00736" HPOS="2828" VPOS="386" WIDTH="19"/>
						<String ID="word000754" HPOS="2846" VPOS="338" WIDTH="155" HEIGHT="37" CONTENT="exalted" WC="0.89" CC="3110020"/>
						<SP ID="P2_SP00737" HPOS="3001" VPOS="386" WIDTH="0"/>
					</TextLine>
					<TextLine ID="P2_TL00076" HPOS="1659" VPOS="397" WIDTH="1345" HEIGHT="46">
						<String ID="word000755" HPOS="1659" VPOS="397" WIDTH="154" HEIGHT="43" CONTENT="station," WC="0.96" CC="00200100"/>
						<SP ID="P2_SP00738" HPOS="1813" VPOS="439" WIDTH="35"/>
						<String ID="word000756" HPOS="1848" VPOS="397" WIDTH="124" HEIGHT="35" CONTENT="where" WC="1.00" CC="00000"/>
						<SP ID="P2_SP00739" HPOS="1972" VPOS="439" WIDTH="26"/>
						<String ID="word000757" HPOS="1998" VPOS="397" WIDTH="45" HEIGHT="35" CONTENT="he" WC="1.00" CC="00"/>
						<SP ID="P2_SP00740" HPOS="2043" VPOS="439" WIDTH="18"/>
						<String ID="word000758" HPOS="2061" VPOS="398" WIDTH="115" HEIGHT="44" CONTENT="might" WC="0.98" CC="01000"/>
						<SP ID="P2_SP00741" HPOS="2176" VPOS="442" WIDTH="19"/>
						<String ID="word000759" HPOS="2194" VPOS="399" WIDTH="46" HEIGHT="33" CONTENT="be" WC="1.00" CC="00"/>
						<SP ID="P2_SP00742" HPOS="2241" VPOS="442" WIDTH="19"/>
						<String ID="word000760" HPOS="2259" VPOS="399" WIDTH="61" HEIGHT="33" CONTENT="the" WC="0.96" CC="100"/>
						<SP ID="P2_SP00743" HPOS="2321" VPOS="442" WIDTH="18"/>
						<String ID="word000761" HPOS="2339" VPOS="398" WIDTH="215" HEIGHT="34" CONTENT="benefactor" WC="0.91" CC="0010030310"/>
						<SP ID="P2_SP00744" HPOS="2554" VPOS="442" WIDTH="30"/>
						<String ID="word000762" HPOS="2583" VPOS="397" WIDTH="56" HEIGHT="41" CONTENT="of," WC="1.00" CC="000"/>
						<SP ID="P2_SP00745" HPOS="2639" VPOS="442" WIDTH="19"/>
						<String ID="word000763" HPOS="2657" VPOS="398" WIDTH="70" HEIGHT="34" CONTENT="and" WC="0.96" CC="010"/>
						<SP ID="P2_SP00746" HPOS="2727" VPOS="442" WIDTH="18"/>
						<String ID="word000764" HPOS="2745" VPOS="409" WIDTH="24" HEIGHT="24" CONTENT="a" WC="1.00" CC="0"/>
						<SP ID="P2_SP00747" HPOS="2769" VPOS="442" WIDTH="20"/>
						<String ID="word000765" HPOS="2789" VPOS="403" WIDTH="149" HEIGHT="40" CONTENT="paten'" WC="0.65" CC="131167"/>
						<SP ID="P2_SP00748" HPOS="2937" VPOS="443" WIDTH="27"/>
						<String ID="word000766" HPOS="2965" VPOS="402" WIDTH="39" HEIGHT="26" CONTENT="to" WC="0.56" CC="44"/>
						<SP ID="P2_SP00749" HPOS="3004" VPOS="443" WIDTH="0"/>
					</TextLine>
					<TextLine ID="P2_TL00077" HPOS="1662" VPOS="452" WIDTH="1343" HEIGHT="47">
						<String ID="word000767" HPOS="1662" VPOS="452" WIDTH="174" HEIGHT="35" CONTENT="millionst" WC="0.33" CC="666666666" STYLEREFS="TXT_5"/>
						<SP ID="P2_SP00750" HPOS="1835" VPOS="488" WIDTH="53"/>
						<String ID="word000768" HPOS="1889" VPOS="455" WIDTH="102" HEIGHT="34" CONTENT="how" WC="0.56" CC="633"/>
						<SP ID="P2_SP00751" HPOS="1990" VPOS="489" WIDTH="30"/>
						<String ID="word000769" HPOS="2020" VPOS="455" WIDTH="270" HEIGHT="44" CONTENT="contemptible" WC="0.98" CC="000002000000"/>
						<SP ID="P2_SP00752" HPOS="2290" VPOS="498" WIDTH="28"/>
						<String ID="word000770" HPOS="2319" VPOS="464" WIDTH="65" HEIGHT="22" CONTENT="are" WC="0.89" CC="111"/>
						<SP ID="P2_SP00753" HPOS="2383" VPOS="498" WIDTH="20"/>
						<String ID="word000771" HPOS="2404" VPOS="455" WIDTH="63" HEIGHT="33" CONTENT="the" WC="0.89" CC="003"/>
						<SP ID="P2_SP00754" HPOS="2466" VPOS="498" WIDTH="28"/>
						<String ID="word000772" HPOS="2494" VPOS="455" WIDTH="235" HEIGHT="33" CONTENT="allurements" WC="0.95" CC="11100100001"/>
						<SP ID="P2_SP00755" HPOS="2730" VPOS="498" WIDTH="26"/>
						<String ID="word000773" HPOS="2756" VPOS="454" WIDTH="47" HEIGHT="33" CONTENT="of" WC="1.00" CC="00"/>
						<SP ID="P2_SP00756" HPOS="2803" VPOS="498" WIDTH="17"/>
						<String ID="word000774" HPOS="2819" VPOS="454" WIDTH="185" HEIGHT="44" CONTENT="pleasure," WC="0.89" CC="000233010"/>
						<SP ID="P2_SP00757" HPOS="3005" VPOS="498" WIDTH="0"/>
					</TextLine>
					<TextLine ID="P2_TL00078" HPOS="1661" VPOS="507" WIDTH="1343" HEIGHT="48">
						<String ID="word000775" HPOS="1661" VPOS="509" WIDTH="61" HEIGHT="34" CONTENT="the" WC="1.00" CC="000"/>
						<SP ID="P2_SP00758" HPOS="1722" VPOS="543" WIDTH="15"/>
						<String ID="word000776" HPOS="1737" VPOS="520" WIDTH="76" HEIGHT="35" CONTENT="gay" WC="0.93" CC="110"/>
						<SP ID="P2_SP00759" HPOS="1813" VPOS="555" WIDTH="18"/>
						<String ID="word000777" HPOS="1831" VPOS="509" WIDTH="111" HEIGHT="35" CONTENT="frolic" WC="0.98" CC="000100"/>
						<SP ID="P2_SP00760" HPOS="1942" VPOS="555" WIDTH="18"/>
						<String ID="word000778" HPOS="1959" VPOS="509" WIDTH="44" HEIGHT="34" CONTENT="of" WC="1.00" CC="00"/>
						<SP ID="P2_SP00761" HPOS="2003" VPOS="555" WIDTH="19"/>
						<String ID="word000779" HPOS="2022" VPOS="510" WIDTH="61" HEIGHT="34" CONTENT="the" WC="1.00" CC="000"/>
						<SP ID="P2_SP00762" HPOS="2083" VPOS="555" WIDTH="18"/>
						<String ID="word000780" HPOS="2101" VPOS="510" WIDTH="189" HEIGHT="34" CONTENT="convivial" WC="1.00" CC="000000000"/>
						<SP ID="P2_SP00763" HPOS="2290" VPOS="555" WIDTH="20"/>
						<String ID="word000781" HPOS="2310" VPOS="510" WIDTH="135" HEIGHT="43" CONTENT="board," WC="0.89" CC="001014"/>
						<SP ID="P2_SP00764" HPOS="2445" VPOS="555" WIDTH="18"/>
						<String ID="word000782" HPOS="2463" VPOS="510" WIDTH="65" HEIGHT="34" CONTENT="the" WC="0.96" CC="001"/>
						<SP ID="P2_SP00765" HPOS="2528" VPOS="555" WIDTH="19"/>
						<String ID="word000783" HPOS="2546" VPOS="511" WIDTH="73" HEIGHT="33" CONTENT="soft" WC="1.00" CC="0000"/>
						<SP ID="P2_SP00766" HPOS="2620" VPOS="555" WIDTH="18"/>
						<String ID="word000784" HPOS="2637" VPOS="510" WIDTH="235" HEIGHT="34" CONTENT="enticements" WC="0.96" CC="03000010000"/>
						<SP ID="P2_SP00767" HPOS="2872" VPOS="555" WIDTH="20"/>
						<String ID="word000785" HPOS="2893" VPOS="507" WIDTH="44" HEIGHT="37" CONTENT="of" WC="0.83" CC="12"/>
						<SP ID="P2_SP00768" HPOS="2936" VPOS="555" WIDTH="14"/>
						<String ID="word000786" HPOS="2950" VPOS="508" WIDTH="35" HEIGHT="35" CONTENT="in" SUBS_TYPE="HypPart1" SUBS_CONTENT="indolence," WC="0.67" CC="33"/>
						<HYP HPOS="2986" VPOS="508" WIDTH="18" CONTENT="-"/>
					</TextLine>
					<TextLine ID="P2_TL00079" HPOS="1659" VPOS="565" WIDTH="1346" HEIGHT="46">
						<String ID="word000787" HPOS="1659" VPOS="565" WIDTH="165" HEIGHT="44" CONTENT="dolence," SUBS_TYPE="HypPart2" SUBS_CONTENT="indolence," WC="0.81" CC="13132310"/>
						<SP ID="P2_SP00769" HPOS="1825" VPOS="608" WIDTH="18"/>
						<String ID="word000788" HPOS="1843" VPOS="567" WIDTH="71" HEIGHT="34" CONTENT="and" WC="1.00" CC="000"/>
						<SP ID="P2_SP00770" HPOS="1913" VPOS="608" WIDTH="20"/>
						<String ID="word000789" HPOS="1933" VPOS="568" WIDTH="63" HEIGHT="34" CONTENT="the" WC="1.00" CC="000"/>
						<SP ID="P2_SP00771" HPOS="1996" VPOS="608" WIDTH="21"/>
						<String ID="word000790" HPOS="2017" VPOS="567" WIDTH="87" HEIGHT="34" CONTENT="wild" WC="0.97" CC="1000"/>
						<SP ID="P2_SP00772" HPOS="2105" VPOS="608" WIDTH="18"/>
						<String ID="word000791" HPOS="2122" VPOS="565" WIDTH="230" HEIGHT="46" CONTENT="enjoyments" WC="0.97" CC="0101100000"/>
						<SP ID="P2_SP00773" HPOS="2353" VPOS="611" WIDTH="18"/>
						<String ID="word000792" HPOS="2370" VPOS="567" WIDTH="44" HEIGHT="34" CONTENT="of" WC="1.00" CC="00"/>
						<SP ID="P2_SP00774" HPOS="2414" VPOS="611" WIDTH="24"/>
						<String ID="word000793" HPOS="2438" VPOS="578" WIDTH="25" HEIGHT="24" CONTENT="a" WC="1.00" CC="0"/>
						<SP ID="P2_SP00775" HPOS="2463" VPOS="611" WIDTH="25"/>
						<String ID="word000794" HPOS="2487" VPOS="567" WIDTH="193" HEIGHT="34" CONTENT="licentious" WC="0.99" CC="0000000100"/>
						<SP ID="P2_SP00776" HPOS="2680" VPOS="611" WIDTH="17"/>
						<String ID="word000795" HPOS="2696" VPOS="567" WIDTH="190" HEIGHT="44" CONTENT="appetite," WC="0.93" CC="100100112"/>
						<SP ID="P2_SP00777" HPOS="2887" VPOS="611" WIDTH="19"/>
						<String ID="word000796" HPOS="2906" VPOS="575" WIDTH="74" HEIGHT="24" CONTENT="com" SUBS_TYPE="HypPart1" SUBS_CONTENT="compared" WC="0.86" CC="031"/>
						<HYP HPOS="2980" VPOS="575" WIDTH="25" CONTENT="-"/>
					</TextLine>
					<TextLine ID="P2_TL00080" HPOS="1663" VPOS="621" WIDTH="1342" HEIGHT="46">
						<String ID="word000797" HPOS="1663" VPOS="622" WIDTH="113" HEIGHT="45" CONTENT="pared" SUBS_TYPE="HypPart2" SUBS_CONTENT="compared" WC="0.91" CC="20101"/>
						<SP ID="P2_SP00778" HPOS="1776" VPOS="667" WIDTH="20"/>
						<String ID="word000798" HPOS="1796" VPOS="628" WIDTH="37" HEIGHT="27" CONTENT="to" WC="0.89" CC="20"/>
						<SP ID="P2_SP00779" HPOS="1833" VPOS="667" WIDTH="18"/>
						<String ID="word000799" HPOS="1851" VPOS="624" WIDTH="63" HEIGHT="32" CONTENT="the" WC="0.96" CC="001"/>
						<SP ID="P2_SP00780" HPOS="1913" VPOS="667" WIDTH="15"/>
						<String ID="word000800" HPOS="1929" VPOS="625" WIDTH="126" HEIGHT="33" CONTENT="divine" WC="1.00" CC="000000"/>
						<SP ID="P2_SP00781" HPOS="2055" VPOS="667" WIDTH="17"/>
						<String ID="word000801" HPOS="2072" VPOS="621" WIDTH="231" HEIGHT="37" CONTENT="satisfaction" WC="0.94" CC="000120111000"/>
						<SP ID="P2_SP00782" HPOS="2303" VPOS="667" WIDTH="18"/>
						<String ID="word000802" HPOS="2321" VPOS="622" WIDTH="139" HEIGHT="45" CONTENT="arising" WC="1.00" CC="0000000"/>
						<SP ID="P2_SP00783" HPOS="2460" VPOS="667" WIDTH="19"/>
						<String ID="word000803" HPOS="2479" VPOS="622" WIDTH="97" HEIGHT="34" CONTENT="from" WC="1.00" CC="0000"/>
						<SP ID="P2_SP00784" HPOS="2576" VPOS="667" WIDTH="18"/>
						<String ID="word000804" HPOS="2594" VPOS="634" WIDTH="25" HEIGHT="24" CONTENT="a" WC="0.89" CC="1"/>
						<SP ID="P2_SP00785" HPOS="2619" VPOS="667" WIDTH="18"/>
						<String ID="word000805" HPOS="2636" VPOS="622" WIDTH="94" HEIGHT="45" CONTENT="rigid" WC="0.95" CC="00101"/>
						<SP ID="P2_SP00786" HPOS="2731" VPOS="667" WIDTH="17"/>
						<String ID="word000806" HPOS="2747" VPOS="621" WIDTH="257" HEIGHT="46" CONTENT="performance" WC="0.95" CC="10001020100"/>
						<SP ID="P2_SP00787" HPOS="3005" VPOS="667" WIDTH="0"/>
					</TextLine>
					<TextLine ID="P2_TL00081" HPOS="1661" VPOS="679" WIDTH="1344" HEIGHT="46">
						<String ID="word000807" HPOS="1661" VPOS="679" WIDTH="44" HEIGHT="33" CONTENT="of" WC="1.00" CC="00"/>
						<SP ID="P2_SP00788" HPOS="1704" VPOS="712" WIDTH="11"/>
						<String ID="word000808" HPOS="1715" VPOS="679" WIDTH="92" HEIGHT="45" CONTENT="duty" WC="1.00" CC="0000"/>
						<SP ID="P2_SP00789" HPOS="1807" VPOS="724" WIDTH="18"/>
						<String ID="word000809" HPOS="1825" VPOS="680" WIDTH="9" HEIGHT="32" CONTENT="!" WC="0.89" CC="1"/>
						<SP ID="P2_SP00790" HPOS="1834" VPOS="724" WIDTH="41"/>
						<String ID="word000810" HPOS="1876" VPOS="680" WIDTH="59" HEIGHT="33" CONTENT="ale" WC="0.26" CC="776"/>
						<SP ID="P2_SP00791" HPOS="1935" VPOS="724" WIDTH="19"/>
						<String ID="word000811" HPOS="1954" VPOS="681" WIDTH="63" HEIGHT="33" CONTENT="has" WC="0.96" CC="010"/>
						<SP ID="P2_SP00792" HPOS="2016" VPOS="724" WIDTH="21"/>
						<String ID="word000812" HPOS="2037" VPOS="681" WIDTH="27" HEIGHT="33" CONTENT="it" WC="1.00" CC="00"/>
						<SP ID="P2_SP00793" HPOS="2065" VPOS="724" WIDTH="19"/>
						<String ID="word000813" HPOS="2083" VPOS="680" WIDTH="311" HEIGHT="45" CONTENT="unquestionably" WC="0.82" CC="22100500331311"/>
						<SP ID="P2_SP00794" HPOS="2394" VPOS="725" WIDTH="21"/>
						<String ID="word000814" HPOS="2415" VPOS="680" WIDTH="35" HEIGHT="33" CONTENT="in" WC="1.00" CC="00"/>
						<SP ID="P2_SP00795" HPOS="2451" VPOS="725" WIDTH="22"/>
						<String ID="word000815" HPOS="2473" VPOS="680" WIDTH="56" HEIGHT="32" CONTENT="his" WC="0.96" CC="100"/>
						<SP ID="P2_SP00796" HPOS="2529" VPOS="725" WIDTH="19"/>
						<String ID="word000816" HPOS="2548" VPOS="691" WIDTH="130" HEIGHT="34" CONTENT="power" WC="0.98" CC="00100"/>
						<SP ID="P2_SP00797" HPOS="2678" VPOS="725" WIDTH="18"/>
						<String ID="word000817" HPOS="2695" VPOS="686" WIDTH="38" HEIGHT="26" CONTENT="to" WC="1.00" CC="00"/>
						<SP ID="P2_SP00798" HPOS="2733" VPOS="725" WIDTH="15"/>
						<String ID="word000818" HPOS="2748" VPOS="679" WIDTH="131" HEIGHT="33" CONTENT="render" WC="0.96" CC="010010"/>
						<SP ID="P2_SP00799" HPOS="2880" VPOS="725" WIDTH="17"/>
						<String ID="word000819" HPOS="2896" VPOS="683" WIDTH="109" HEIGHT="39" CONTENT="great" WC="0.95" CC="10100"/>
						<SP ID="P2_SP00800" HPOS="3005" VPOS="725" WIDTH="0"/>
					</TextLine>
					<TextLine ID="P2_TL00082" HPOS="1661" VPOS="733" WIDTH="1345" HEIGHT="49">
						<String ID="word000820" HPOS="1661" VPOS="737" WIDTH="67" HEIGHT="33" CONTENT="and" WC="1.00" CC="000"/>
						<SP ID="P2_SP00801" HPOS="1728" VPOS="770" WIDTH="20"/>
						<String ID="word000821" HPOS="1748" VPOS="744" WIDTH="211" HEIGHT="37" CONTENT="permanent" WC="0.96" CC="000011100"/>
						<SP ID="P2_SP00802" HPOS="1959" VPOS="781" WIDTH="18"/>
						<String ID="word000822" HPOS="1977" VPOS="738" WIDTH="171" HEIGHT="43" CONTENT="services," WC="0.86" CC="330001400"/>
						<SP ID="P2_SP00803" HPOS="2148" VPOS="781" WIDTH="13"/>
						<String ID="word000823" HPOS="2161" VPOS="748" WIDTH="41" HEIGHT="24" CONTENT="as" WC="1.00" CC="00"/>
						<SP ID="P2_SP00804" HPOS="2203" VPOS="781" WIDTH="14"/>
						<String ID="word000824" HPOS="2217" VPOS="738" WIDTH="83" HEIGHT="33" CONTENT="well" WC="0.97" CC="1000"/>
						<SP ID="P2_SP00805" HPOS="2300" VPOS="781" WIDTH="21"/>
						<String ID="word000825" HPOS="2321" VPOS="738" WIDTH="47" HEIGHT="44" CONTENT="by" WC="1.00" CC="00"/>
						<SP ID="P2_SP00806" HPOS="2368" VPOS="782" WIDTH="17"/>
						<String ID="word000826" HPOS="2385" VPOS="738" WIDTH="180" HEIGHT="44" CONTENT="example" WC="0.98" CC="0000010"/>
						<SP ID="P2_SP00807" HPOS="2564" VPOS="782" WIDTH="17"/>
						<String ID="word000827" HPOS="2581" VPOS="748" WIDTH="39" HEIGHT="24" CONTENT="as" WC="0.94" CC="10"/>
						<SP ID="P2_SP00808" HPOS="2620" VPOS="782" WIDTH="17"/>
						<String ID="word000828" HPOS="2636" VPOS="737" WIDTH="125" HEIGHT="33" CONTENT="action" WC="0.91" CC="100103"/>
						<SP ID="P2_SP00809" HPOS="2761" VPOS="782" WIDTH="14"/>
						<String ID="word000829" HPOS="2776" VPOS="748" WIDTH="11" HEIGHT="27" CONTENT=";" WC="0.78" CC="2"/>
						<SP ID="P2_SP00810" HPOS="2786" VPOS="782" WIDTH="28"/>
						<String ID="word000830" HPOS="2815" VPOS="735" WIDTH="71" HEIGHT="34" CONTENT="and" WC="0.67" CC="252"/>
						<SP ID="P2_SP00811" HPOS="2885" VPOS="782" WIDTH="17"/>
						<String ID="word000831" HPOS="2902" VPOS="733" WIDTH="104" HEIGHT="34" CONTENT="what" WC="0.94" CC="0020"/>
						<SP ID="P2_SP00812" HPOS="3006" VPOS="782" WIDTH="0"/>
					</TextLine>
					<TextLine ID="P2_TL00083" HPOS="1659" VPOS="791" WIDTH="1347" HEIGHT="49">
						<String ID="word000832" HPOS="1659" VPOS="804" WIDTH="44" HEIGHT="22" CONTENT="an" WC="0.67" CC="33"/>
						<SP ID="P2_SP00813" HPOS="1703" VPOS="827" WIDTH="20"/>
						<String ID="word000833" HPOS="1723" VPOS="793" WIDTH="219" HEIGHT="37" CONTENT="irresistible" WC="0.99" CC="000000000100"/>
						<SP ID="P2_SP00814" HPOS="1942" VPOS="829" WIDTH="17"/>
						<String ID="word000834" HPOS="1958" VPOS="796" WIDTH="138" HEIGHT="44" CONTENT="appeal" WC="0.98" CC="000001"/>
						<SP ID="P2_SP00815" HPOS="2096" VPOS="840" WIDTH="30"/>
						<String ID="word000835" HPOS="2126" VPOS="801" WIDTH="94" HEIGHT="27" CONTENT="must" WC="1.00" CC="0000"/>
						<SP ID="P2_SP00816" HPOS="2220" VPOS="840" WIDTH="28"/>
						<String ID="word000836" HPOS="2249" VPOS="795" WIDTH="83" HEIGHT="33" CONTENT="that" WC="0.81" CC="1510"/>
						<SP ID="P2_SP00817" HPOS="2331" VPOS="840" WIDTH="28"/>
						<String ID="word000837" HPOS="2360" VPOS="795" WIDTH="45" HEIGHT="33" CONTENT="he" WC="0.94" CC="10"/>
						<SP ID="P2_SP00818" HPOS="2405" VPOS="840" WIDTH="28"/>
						<String ID="word000838" HPOS="2433" VPOS="800" WIDTH="40" HEIGHT="28" CONTENT="to" WC="1.00" CC="00"/>
						<SP ID="P2_SP00819" HPOS="2473" VPOS="840" WIDTH="20"/>
						<String ID="word000839" HPOS="2493" VPOS="793" WIDTH="63" HEIGHT="35" CONTENT="the" WC="0.89" CC="030"/>
						<SP ID="P2_SP00820" HPOS="2556" VPOS="840" WIDTH="20"/>
						<String ID="word000840" HPOS="2576" VPOS="793" WIDTH="154" HEIGHT="44" CONTENT="feelings" WC="0.97" CC="01100000"/>
						<SP ID="P2_SP00821" HPOS="2730" VPOS="840" WIDTH="18"/>
						<String ID="word000841" HPOS="2747" VPOS="791" WIDTH="45" HEIGHT="33" CONTENT="of" WC="1.00" CC="00"/>
						<SP ID="P2_SP00822" HPOS="2792" VPOS="840" WIDTH="15"/>
						<String ID="word000842" HPOS="2807" VPOS="802" WIDTH="24" HEIGHT="22" CONTENT="a" WC="0.89" CC="1"/>
						<SP ID="P2_SP00823" HPOS="2831" VPOS="840" WIDTH="15"/>
						<String ID="word000843" HPOS="2846" VPOS="803" WIDTH="85" HEIGHT="21" CONTENT="man" WC="0.89" CC="111" STYLEREFS="TXT_1"/>
						<SP ID="P2_SP00824" HPOS="2931" VPOS="840" WIDTH="30"/>
						<String ID="word000844" HPOS="2961" VPOS="791" WIDTH="45" HEIGHT="43" CONTENT="(a" WC="1.00" CC="00"/>
						<SP ID="P2_SP00825" HPOS="3006" VPOS="840" WIDTH="0"/>
					</TextLine>
					<TextLine ID="P2_TL00084" HPOS="1661" VPOS="848" WIDTH="1344" HEIGHT="47">
						<String ID="word000845" HPOS="1661" VPOS="849" WIDTH="83" HEIGHT="33" CONTENT="title" WC="1.00" CC="00000"/>
						<SP ID="P2_SP00826" HPOS="1743" VPOS="882" WIDTH="18"/>
						<String ID="word000846" HPOS="1761" VPOS="849" WIDTH="106" HEIGHT="35" CONTENT="much" WC="1.00" CC="0000"/>
						<SP ID="P2_SP00827" HPOS="1867" VPOS="885" WIDTH="18"/>
						<String ID="word000847" HPOS="1885" VPOS="862" WIDTH="102" HEIGHT="22" CONTENT="more" WC="1.00" CC="0000"/>
						<SP ID="P2_SP00828" HPOS="1987" VPOS="885" WIDTH="27"/>
						<String ID="word000848" HPOS="2014" VPOS="850" WIDTH="211" HEIGHT="45" CONTENT="significant" WC="0.83" CC="43001113022"/>
						<SP ID="P2_SP00829" HPOS="2225" VPOS="895" WIDTH="34"/>
						<String ID="word000849" HPOS="2259" VPOS="849" WIDTH="89" HEIGHT="35" CONTENT="than" WC="0.94" CC="0011"/>
						<SP ID="P2_SP00830" HPOS="2348" VPOS="895" WIDTH="28"/>
						<String ID="word000850" HPOS="2376" VPOS="850" WIDTH="80" HEIGHT="33" CONTENT="that" WC="1.00" CC="0000"/>
						<SP ID="P2_SP00831" HPOS="2457" VPOS="895" WIDTH="30"/>
						<String ID="word000851" HPOS="2486" VPOS="848" WIDTH="46" HEIGHT="35" CONTENT="of" WC="0.72" CC="05" STYLEREFS="TXT_5"/>
						<SP ID="P2_SP00832" HPOS="2532" VPOS="895" WIDTH="34"/>
						<String ID="word000852" HPOS="2567" VPOS="850" WIDTH="130" HEIGHT="33" CONTENT="Peince" WC="0.39" CC="387573" STYLEREFS="TXT_1"/>
						<SP ID="P2_SP00833" HPOS="2696" VPOS="895" WIDTH="15"/>
						<String ID="word000853" HPOS="2712" VPOS="848" WIDTH="34" HEIGHT="43" CONTENT="1)" WC="0.61" CC="61" STYLEREFS="TXT_1"/>
						<SP ID="P2_SP00834" HPOS="2746" VPOS="895" WIDTH="30"/>
						<String ID="word000854" HPOS="2776" VPOS="856" WIDTH="38" HEIGHT="26" CONTENT="to" WC="1.00" CC="00"/>
						<SP ID="P2_SP00835" HPOS="2813" VPOS="895" WIDTH="20"/>
						<String ID="word000855" HPOS="2833" VPOS="848" WIDTH="63" HEIGHT="34" CONTENT="tell" WC="0.92" CC="0021"/>
						<SP ID="P2_SP00836" HPOS="2896" VPOS="895" WIDTH="30"/>
						<String ID="word000856" HPOS="2926" VPOS="848" WIDTH="79" HEIGHT="34" CONTENT="him" WC="0.93" CC="101"/>
						<SP ID="P2_SP00837" HPOS="3005" VPOS="895" WIDTH="0"/>
					</TextLine>
					<TextLine ID="P2_TL00085" HPOS="1659" VPOS="904" WIDTH="1347" HEIGHT="47">
						<String ID="word000857" HPOS="1659" VPOS="905" WIDTH="80" HEIGHT="35" CONTENT="that" WC="0.83" CC="2310"/>
						<SP ID="P2_SP00838" HPOS="1740" VPOS="940" WIDTH="31"/>
						<String ID="word000858" HPOS="1770" VPOS="905" WIDTH="58" HEIGHT="34" CONTENT="his" WC="0.74" CC="223"/>
						<SP ID="P2_SP00839" HPOS="1828" VPOS="940" WIDTH="20"/>
						<String ID="word000859" HPOS="1848" VPOS="907" WIDTH="203" HEIGHT="34" CONTENT="individual" WC="1.00" CC="0000000000"/>
						<SP ID="P2_SP00840" HPOS="2052" VPOS="941" WIDTH="19"/>
						<String ID="word000860" HPOS="2070" VPOS="908" WIDTH="191" HEIGHT="33" CONTENT="exertions" WC="0.78" CC="351031113"/>
						<SP ID="P2_SP00841" HPOS="2262" VPOS="941" WIDTH="27"/>
						<String ID="word000861" HPOS="2289" VPOS="907" WIDTH="116" HEIGHT="44" CONTENT="might" WC="0.95" CC="00200"/>
						<SP ID="P2_SP00842" HPOS="2405" VPOS="951" WIDTH="30"/>
						<String ID="word000862" HPOS="2434" VPOS="907" WIDTH="213" HEIGHT="34" CONTENT="contribute" WC="0.94" CC="0021011000"/>
						<SP ID="P2_SP00843" HPOS="2647" VPOS="951" WIDTH="18"/>
						<String ID="word000863" HPOS="2665" VPOS="912" WIDTH="39" HEIGHT="28" CONTENT="to" WC="1.00" CC="00"/>
						<SP ID="P2_SP00844" HPOS="2704" VPOS="951" WIDTH="19"/>
						<String ID="word000864" HPOS="2722" VPOS="905" WIDTH="63" HEIGHT="34" CONTENT="the" WC="1.00" CC="000"/>
						<SP ID="P2_SP00845" HPOS="2785" VPOS="951" WIDTH="20"/>
						<String ID="word000865" HPOS="2805" VPOS="904" WIDTH="201" HEIGHT="46" CONTENT="happiness" WC="0.86" CC="301110104"/>
						<SP ID="P2_SP00846" HPOS="3006" VPOS="951" WIDTH="0"/>
					</TextLine>
					<TextLine ID="P2_TL00086" HPOS="1659" VPOS="956" WIDTH="1346" HEIGHT="52">
						<String ID="word000866" HPOS="1659" VPOS="956" WIDTH="268" HEIGHT="52" CONTENT="andmorality" WC="0.99" CC="10000000000"/>
						<SP ID="P2_SP00847" HPOS="1928" VPOS="1007" WIDTH="19"/>
						<String ID="word000867" HPOS="1946" VPOS="964" WIDTH="45" HEIGHT="33" CONTENT="of" WC="1.00" CC="00"/>
						<SP ID="P2_SP00848" HPOS="1991" VPOS="1007" WIDTH="13"/>
						<String ID="word000868" HPOS="2004" VPOS="964" WIDTH="162" HEIGHT="34" CONTENT="millions" WC="0.97" CC="00000110"/>
						<SP ID="P2_SP00849" HPOS="2166" VPOS="1007" WIDTH="15"/>
						<String ID="word000869" HPOS="2181" VPOS="963" WIDTH="8" HEIGHT="33" CONTENT="!" WC="0.89" CC="1"/>
						<SP ID="P2_SP00850" HPOS="2190" VPOS="1007" WIDTH="25"/>
						<String ID="word000870" HPOS="2215" VPOS="963" WIDTH="71" HEIGHT="35" CONTENT="Ilis" WC="0.47" CC="5743"/>
						<SP ID="P2_SP00851" HPOS="2285" VPOS="1007" WIDTH="19"/>
						<String ID="word000871" HPOS="2304" VPOS="961" WIDTH="177" HEIGHT="46" CONTENT="example" WC="0.81" CC="0343011"/>
						<SP ID="P2_SP00852" HPOS="2481" VPOS="1007" WIDTH="20"/>
						<String ID="word000872" HPOS="2502" VPOS="963" WIDTH="119" HEIGHT="44" CONTENT="might" WC="0.93" CC="10200"/>
						<SP ID="P2_SP00853" HPOS="2621" VPOS="1007" WIDTH="18"/>
						<String ID="word000873" HPOS="2639" VPOS="970" WIDTH="156" HEIGHT="37" CONTENT="operate" WC="0.97" CC="0000101"/>
						<SP ID="P2_SP00854" HPOS="2794" VPOS="1007" WIDTH="19"/>
						<String ID="word000874" HPOS="2813" VPOS="961" WIDTH="79" HEIGHT="33" CONTENT="like" WC="0.97" CC="0010"/>
						<SP ID="P2_SP00855" HPOS="2893" VPOS="1007" WIDTH="17"/>
						<String ID="word000875" HPOS="2909" VPOS="963" WIDTH="96" HEIGHT="32" CONTENT="elec." WC="0.58" CC="15445" STYLEREFS="TXT_1"/>
						<SP ID="P2_SP00856" HPOS="3005" VPOS="1007" WIDTH="0"/>
					</TextLine>
					<TextLine ID="P2_TL00087" HPOS="1661" VPOS="1019" WIDTH="1344" HEIGHT="47">
						<String ID="word000876" HPOS="1661" VPOS="1019" WIDTH="129" HEIGHT="45" CONTENT="tricity" WC="0.60" CC="3333337"/>
						<SP ID="P2_SP00857" HPOS="1789" VPOS="1064" WIDTH="14"/>
						<String ID="word000877" HPOS="1804" VPOS="1032" WIDTH="11" HEIGHT="27" CONTENT=";" WC="0.67" CC="3"/>
						<SP ID="P2_SP00858" HPOS="1814" VPOS="1064" WIDTH="25"/>
						<String ID="word000878" HPOS="1839" VPOS="1019" WIDTH="69" HEIGHT="34" CONTENT="and" WC="0.96" CC="010"/>
						<SP ID="P2_SP00859" HPOS="1907" VPOS="1064" WIDTH="28"/>
						<String ID="word000879" HPOS="1936" VPOS="1019" WIDTH="63" HEIGHT="34" CONTENT="the" WC="0.63" CC="433"/>
						<SP ID="P2_SP00860" HPOS="1998" VPOS="1064" WIDTH="20"/>
						<String ID="word000880" HPOS="2019" VPOS="1022" WIDTH="137" HEIGHT="44" CONTENT="people" WC="1.00" CC="000000"/>
						<SP ID="P2_SP00861" HPOS="2156" VPOS="1065" WIDTH="33"/>
						<String ID="word000881" HPOS="2189" VPOS="1019" WIDTH="45" HEIGHT="34" CONTENT="of" WC="0.94" CC="01"/>
						<SP ID="P2_SP00862" HPOS="2233" VPOS="1065" WIDTH="25"/>
						<String ID="word000882" HPOS="2258" VPOS="1020" WIDTH="76" HEIGHT="34" CONTENT="this" WC="1.00" CC="0000"/>
						<SP ID="P2_SP00863" HPOS="2334" VPOS="1065" WIDTH="28"/>
						<String ID="word000883" HPOS="2362" VPOS="1026" WIDTH="158" HEIGHT="39" CONTENT="country" WC="0.98" CC="0000001"/>
						<SP ID="P2_SP00864" HPOS="2520" VPOS="1065" WIDTH="22"/>
						<String ID="word000884" HPOS="2543" VPOS="1019" WIDTH="122" HEIGHT="33" CONTENT="would" WC="0.78" CC="11710"/>
						<SP ID="P2_SP00865" HPOS="2665" VPOS="1065" WIDTH="17"/>
						<String ID="word000885" HPOS="2681" VPOS="1019" WIDTH="324" HEIGHT="43" CONTENT="enthusiastically" WC="0.84" CC="0001010122233530"/>
						<SP ID="P2_SP00866" HPOS="3005" VPOS="1065" WIDTH="0"/>
					</TextLine>
					<TextLine ID="P2_TL00088" HPOS="1662" VPOS="1074" WIDTH="1344" HEIGHT="48">
						<String ID="word000886" HPOS="1662" VPOS="1077" WIDTH="107" HEIGHT="43" CONTENT="place" WC="0.98" CC="01000"/>
						<SP ID="P2_SP00867" HPOS="1769" VPOS="1120" WIDTH="19"/>
						<String ID="word000887" HPOS="1788" VPOS="1077" WIDTH="73" HEIGHT="33" CONTENT="him" WC="1.00" CC="000"/>
						<SP ID="P2_SP00868" HPOS="1861" VPOS="1120" WIDTH="21"/>
						<String ID="word000888" HPOS="1883" VPOS="1078" WIDTH="33" HEIGHT="32" CONTENT="in" WC="1.00" CC="00"/>
						<SP ID="P2_SP00869" HPOS="1916" VPOS="1120" WIDTH="19"/>
						<String ID="word000889" HPOS="1935" VPOS="1075" WIDTH="64" HEIGHT="35" CONTENT="the" WC="0.93" CC="011"/>
						<SP ID="P2_SP00870" HPOS="1998" VPOS="1120" WIDTH="14"/>
						<String ID="word000890" HPOS="2013" VPOS="1078" WIDTH="63" HEIGHT="32" CONTENT="list" WC="0.83" CC="3300"/>
						<SP ID="P2_SP00871" HPOS="2075" VPOS="1120" WIDTH="28"/>
						<String ID="word000891" HPOS="2104" VPOS="1075" WIDTH="41" HEIGHT="35" CONTENT="of" WC="0.78" CC="40"/>
						<SP ID="P2_SP00872" HPOS="2145" VPOS="1120" WIDTH="30"/>
						<String ID="word000892" HPOS="2174" VPOS="1077" WIDTH="102" HEIGHT="33" CONTENT="their" WC="0.98" CC="00100"/>
						<SP ID="P2_SP00873" HPOS="2276" VPOS="1120" WIDTH="19"/>
						<String ID="word000893" HPOS="2295" VPOS="1076" WIDTH="129" HEIGHT="34" CONTENT="heroes" WC="0.94" CC="002001"/>
						<SP ID="P2_SP00874" HPOS="2424" VPOS="1120" WIDTH="19"/>
						<String ID="word000894" HPOS="2443" VPOS="1078" WIDTH="70" HEIGHT="32" CONTENT="and" WC="0.96" CC="100"/>
						<SP ID="P2_SP00875" HPOS="2512" VPOS="1120" WIDTH="18"/>
						<String ID="word000895" HPOS="2530" VPOS="1077" WIDTH="175" HEIGHT="45" CONTENT="patriots," WC="0.85" CC="013011141"/>
						<SP ID="P2_SP00876" HPOS="2705" VPOS="1122" WIDTH="18"/>
						<String ID="word000896" HPOS="2722" VPOS="1075" WIDTH="142" HEIGHT="35" CONTENT="instead" WC="0.98" CC="0000010"/>
						<SP ID="P2_SP00877" HPOS="2864" VPOS="1122" WIDTH="19"/>
						<String ID="word000897" HPOS="2883" VPOS="1074" WIDTH="43" HEIGHT="34" CONTENT="of" WC="0.94" CC="10"/>
						<SP ID="P2_SP00878" HPOS="2926" VPOS="1122" WIDTH="22"/>
						<String ID="word000898" HPOS="2948" VPOS="1085" WIDTH="39" HEIGHT="22" CONTENT="as" SUBS_TYPE="HypPart1" SUBS_CONTENT="associating" WC="0.96" CC="01"/>
						<HYP HPOS="2987" VPOS="1085" WIDTH="19" CONTENT="-"/>
					</TextLine>
					<TextLine ID="P2_TL00089" HPOS="1659" VPOS="1133" WIDTH="1345" HEIGHT="45">
						<String ID="word000899" HPOS="1659" VPOS="1133" WIDTH="181" HEIGHT="44" CONTENT="sociating" SUBS_TYPE="HypPart2" SUBS_CONTENT="associating" WC="0.97" CC="100000001"/>
						<SP ID="P2_SP00879" HPOS="1840" VPOS="1176" WIDTH="30"/>
						<String ID="word000900" HPOS="1870" VPOS="1134" WIDTH="57" HEIGHT="33" CONTENT="his" WC="0.96" CC="100"/>
						<SP ID="P2_SP00880" HPOS="1926" VPOS="1176" WIDTH="28"/>
						<String ID="word000901" HPOS="1955" VPOS="1143" WIDTH="122" HEIGHT="28" CONTENT="name," WC="0.73" CC="12324"/>
						<SP ID="P2_SP00881" HPOS="2076" VPOS="1176" WIDTH="17"/>
						<String ID="word000902" HPOS="2093" VPOS="1143" WIDTH="40" HEIGHT="22" CONTENT="as" WC="0.94" CC="10"/>
						<SP ID="P2_SP00882" HPOS="2133" VPOS="1176" WIDTH="17"/>
						<String ID="word000903" HPOS="2150" VPOS="1133" WIDTH="91" HEIGHT="45" CONTENT="they" WC="1.00" CC="0000"/>
						<SP ID="P2_SP00883" HPOS="2241" VPOS="1178" WIDTH="33"/>
						<String ID="word000904" HPOS="2274" VPOS="1134" WIDTH="47" HEIGHT="34" CONTENT="do" WC="1.00" CC="00"/>
						<SP ID="P2_SP00884" HPOS="2321" VPOS="1178" WIDTH="18"/>
						<String ID="word000905" HPOS="2339" VPOS="1143" WIDTH="102" HEIGHT="33" CONTENT="now," WC="0.92" CC="1101"/>
						<SP ID="P2_SP00885" HPOS="2440" VPOS="1178" WIDTH="22"/>
						<String ID="word000906" HPOS="2463" VPOS="1134" WIDTH="93" HEIGHT="33" CONTENT="with" WC="0.92" CC="0003"/>
						<SP ID="P2_SP00886" HPOS="2556" VPOS="1178" WIDTH="22"/>
						<String ID="word000907" HPOS="2578" VPOS="1135" WIDTH="197" HEIGHT="40" CONTENT="wretches," WC="0.86" CC="301031111"/>
						<SP ID="P2_SP00887" HPOS="2776" VPOS="1178" WIDTH="26"/>
						<String ID="word000908" HPOS="2802" VPOS="1133" WIDTH="81" HEIGHT="34" CONTENT="like" WC="0.92" CC="0021"/>
						<SP ID="P2_SP00888" HPOS="2883" VPOS="1178" WIDTH="27"/>
						<String ID="word000909" HPOS="2910" VPOS="1133" WIDTH="38" HEIGHT="35" CONTENT="Al" WC="0.17" CC="87"/>
						<String ID="word000910" HPOS="2956" VPOS="1140" WIDTH="31" HEIGHT="26" CONTENT="ts" WC="0.33" CC="66" STYLEREFS="TXT_5"/>
						<String ID="word000911" HPOS="2993" VPOS="1155" WIDTH="11" HEIGHT="9" CONTENT="." WC="0.56" CC="4"/>
						<SP ID="P2_SP00889" HPOS="3004" VPOS="1178" WIDTH="0"/>
					</TextLine>
					<TextLine ID="P2_TL00090" HPOS="1663" VPOS="1188" WIDTH="638" HEIGHT="45">
						<String ID="word000912" HPOS="1663" VPOS="1188" WIDTH="158" HEIGHT="45" CONTENT="Clatike," WC="0.54" CC="33378333"/>
						<SP ID="P2_SP00890" HPOS="1821" VPOS="1233" WIDTH="19"/>
						<String ID="word000913" HPOS="1840" VPOS="1189" WIDTH="158" HEIGHT="43" CONTENT="Sancho)," WC="0.67" CC="00068370"/>
						<SP ID="P2_SP00891" HPOS="1998" VPOS="1233" WIDTH="14"/>
						<String ID="word000914" HPOS="2013" VPOS="1189" WIDTH="71" HEIGHT="33" CONTENT="and" WC="0.96" CC="001"/>
						<SP ID="P2_SP00892" HPOS="2083" VPOS="1233" WIDTH="25"/>
						<String ID="word000915" HPOS="2108" VPOS="1189" WIDTH="193" HEIGHT="34" CONTENT="Donovan." WC="0.72" CC="37220330"/>
						<SP ID="P2_SP00893" HPOS="2301" VPOS="1233" WIDTH="0"/>
					</TextLine>
				</TextBlock>
				<TextBlock ID="pa0002008" HPOS="1904" VPOS="1296" WIDTH="867" HEIGHT="53" STYLEREFS="TXT_0 PAR_RIGHT">
					<TextLine ID="P2_TL00091" HPOS="1905" VPOS="1298" WIDTH="866" HEIGHT="51">
						<String ID="word000916" HPOS="1905" VPOS="1298" WIDTH="320" HEIGHT="51" CONTENT="NOTICES" WC="0.97" CC="0000002"/>
						<SP ID="P2_SP00894" HPOS="2225" VPOS="1349" WIDTH="37"/>
						<String ID="word000917" HPOS="2262" VPOS="1299" WIDTH="92" HEIGHT="47" CONTENT="OF" WC="1.00" CC="00"/>
						<SP ID="P2_SP00895" HPOS="2354" VPOS="1349" WIDTH="37"/>
						<String ID="word000918" HPOS="2391" VPOS="1299" WIDTH="380" HEIGHT="50" CONTENT="ROYALTY." WC="0.92" CC="01111020"/>
						<SP ID="P2_SP00896" HPOS="2771" VPOS="1349" WIDTH="0"/>
					</TextLine>
				</TextBlock>
				<TextBlock ID="pa0002009" HPOS="2438" VPOS="1426" WIDTH="233" HEIGHT="39" STYLEREFS="TXT_3 PAR_RIGHT">
					<TextLine ID="P2_TL00092" HPOS="2494" VPOS="1428" WIDTH="177" HEIGHT="37">
						<String ID="word000919" HPOS="2494" VPOS="1428" WIDTH="83" HEIGHT="34" CONTENT="isest" WC="0.62" CC="35333"/>
						<SP ID="P2_SP00897" HPOS="2577" VPOS="1462" WIDTH="15"/>
						<String ID="word000920" HPOS="2593" VPOS="1439" WIDTH="78" HEIGHT="26" CONTENT="men" WC="0.96" CC="010"/>
						<SP ID="P2_SP00898" HPOS="2670" VPOS="1465" WIDTH="0"/>
					</TextLine>
				</TextBlock>
				<TextBlock ID="pa0002010" HPOS="1806" VPOS="1486" WIDTH="1153" HEIGHT="171" STYLEREFS="TXT_0 PAR_LEFT">
					<TextLine ID="P2_TL00093" HPOS="1807" VPOS="1487" WIDTH="979" HEIGHT="45">
						<String ID="word000921" HPOS="1807" VPOS="1488" WIDTH="110" HEIGHT="35" CONTENT="Have" WC="0.75" CC="7101"/>
						<SP ID="P2_SP00899" HPOS="1917" VPOS="1524" WIDTH="19"/>
						<String ID="word000922" HPOS="1936" VPOS="1488" WIDTH="116" HEIGHT="40" CONTENT="err'd," WC="0.59" CC="335533"/>
						<SP ID="P2_SP00900" HPOS="2052" VPOS="1528" WIDTH="19"/>
						<String ID="word000923" HPOS="2070" VPOS="1488" WIDTH="67" HEIGHT="33" CONTENT="and" WC="0.52" CC="607"/>
						<SP ID="P2_SP00901" HPOS="2138" VPOS="1528" WIDTH="20"/>
						<String ID="word000924" HPOS="2158" VPOS="1488" WIDTH="48" HEIGHT="44" CONTENT="by" WC="0.89" CC="11"/>
						<SP ID="P2_SP00902" HPOS="2206" VPOS="1532" WIDTH="20"/>
						<String ID="word000925" HPOS="2226" VPOS="1488" WIDTH="72" HEIGHT="33" CONTENT="had" WC="0.85" CC="220"/>
						<SP ID="P2_SP00903" HPOS="2298" VPOS="1532" WIDTH="19"/>
						<String ID="word000926" HPOS="2317" VPOS="1499" WIDTH="144" HEIGHT="22" CONTENT="women" WC="0.93" CC="11010"/>
						<SP ID="P2_SP00904" HPOS="2461" VPOS="1532" WIDTH="20"/>
						<String ID="word000927" HPOS="2481" VPOS="1489" WIDTH="93" HEIGHT="34" CONTENT="been" WC="1.00" CC="0000"/>
						<SP ID="P2_SP00905" HPOS="2575" VPOS="1532" WIDTH="18"/>
						<String ID="word000928" HPOS="2593" VPOS="1487" WIDTH="164" HEIGHT="34" CONTENT="deceiv'd" WC="0.56" CC="33353834"/>
						<SP ID="P2_SP00906" HPOS="2757" VPOS="1532" WIDTH="18"/>
						<String ID="word000929" HPOS="2774" VPOS="1501" WIDTH="12" HEIGHT="27" CONTENT=";" WC="1.00" CC="0"/>
						<SP ID="P2_SP00907" HPOS="2786" VPOS="1532" WIDTH="0"/>
					</TextLine>
					<TextLine ID="P2_TL00094" HPOS="1809" VPOS="1545" WIDTH="985" HEIGHT="46">
						<String ID="word000930" HPOS="1809" VPOS="1545" WIDTH="84" HEIGHT="35" CONTENT="And" WC="0.74" CC="160"/>
						<SP ID="P2_SP00908" HPOS="1893" VPOS="1580" WIDTH="15"/>
						<String ID="word000931" HPOS="1909" VPOS="1546" WIDTH="97" HEIGHT="34" CONTENT="shall" WC="0.69" CC="13334"/>
						<SP ID="P2_SP00909" HPOS="2006" VPOS="1580" WIDTH="17"/>
						<String ID="word000932" HPOS="2022" VPOS="1546" WIDTH="126" HEIGHT="45" CONTENT="again," WC="1.00" CC="000000"/>
						<SP ID="P2_SP00910" HPOS="2148" VPOS="1591" WIDTH="19"/>
						<String ID="word000933" HPOS="2167" VPOS="1547" WIDTH="157" HEIGHT="44" CONTENT="pretend" WC="0.95" CC="1000110"/>
						<SP ID="P2_SP00911" HPOS="2324" VPOS="1591" WIDTH="20"/>
						<String ID="word000934" HPOS="2344" VPOS="1545" WIDTH="86" HEIGHT="45" CONTENT="they" WC="0.86" CC="1220"/>
						<SP ID="P2_SP00912" HPOS="2431" VPOS="1591" WIDTH="20"/>
						<String ID="word000935" HPOS="2451" VPOS="1545" WIDTH="103" HEIGHT="35" CONTENT="ne'er" WC="0.93" CC="10110"/>
						<SP ID="P2_SP00913" HPOS="2554" VPOS="1591" WIDTH="15"/>
						<String ID="word000936" HPOS="2569" VPOS="1557" WIDTH="39" HEIGHT="21" CONTENT="so" WC="0.67" CC="15"/>
						<SP ID="P2_SP00914" HPOS="2608" VPOS="1591" WIDTH="20"/>
						<String ID="word000937" HPOS="2628" VPOS="1547" WIDTH="86" HEIGHT="33" CONTENT="wise" WC="0.61" CC="3335"/>
						<SP ID="P2_SP00915" HPOS="2714" VPOS="1591" WIDTH="15"/>
						<String ID="word000938" HPOS="2730" VPOS="1546" WIDTH="64" HEIGHT="32" CONTENT="!" WC="0.72" CC="2" STYLEREFS="TXT_1"/>
					</TextLine>
					<TextLine ID="P2_TL00095" HPOS="2347" VPOS="1610" WIDTH="364" HEIGHT="35">
						<String ID="word000939" HPOS="2347" VPOS="1611" WIDTH="170" HEIGHT="34" CONTENT="Milton's" WC="0.81" CC="21121313" STYLEREFS="TXT_1"/>
						<SP ID="P2_SP00916" HPOS="2517" VPOS="1645" WIDTH="18"/>
						<String ID="word000940" HPOS="2535" VPOS="1610" WIDTH="12" HEIGHT="21" CONTENT="4" STYLE="superscript" WC="0.33" CC="6" STYLEREFS="TXT_6"/>
						<SP ID="P2_SP00917" HPOS="2546" VPOS="1645" WIDTH="13"/>
						<String ID="word000941" HPOS="2559" VPOS="1612" WIDTH="151" HEIGHT="33" CONTENT="SUMSO7B" WC="0.30" CC="3576788" STYLEREFS="TXT_6"/>
						<SP ID="P2_SP00918" HPOS="2711" VPOS="1645" WIDTH="0"/>
					</TextLine>
				</TextBlock>
				<TextBlock ID="pa0002011" HPOS="2109" VPOS="1739" WIDTH="452" HEIGHT="40" STYLEREFS="TXT_5 PAR_RIGHT">
					<TextLine ID="P2_TL00096" HPOS="2109" VPOS="1739" WIDTH="452" HEIGHT="40">
						<String ID="word000942" HPOS="2109" VPOS="1739" WIDTH="151" HEIGHT="40" CONTENT="DUKE" WC="0.78" CC="0215"/>
						<SP ID="P2_SP00919" HPOS="2261" VPOS="1779" WIDTH="31"/>
						<String ID="word000943" HPOS="2291" VPOS="1741" WIDTH="66" HEIGHT="37" CONTENT="OF" WC="0.94" CC="01"/>
						<SP ID="P2_SP00920" HPOS="2357" VPOS="1779" WIDTH="28"/>
						<String ID="word000944" HPOS="2386" VPOS="1740" WIDTH="175" HEIGHT="38" CONTENT="YORK." WC="0.91" CC="12010"/>
						<SP ID="P2_SP00921" HPOS="2561" VPOS="1779" WIDTH="0"/>
					</TextLine>
				</TextBlock>
				<TextBlock ID="pa0002012" HPOS="1662" VPOS="1806" WIDTH="1362" HEIGHT="2489" STYLEREFS="TXT_0 PAR_BLOCK">
					<TextLine ID="P2_TL00097" HPOS="1715" VPOS="1807" WIDTH="1294" HEIGHT="51">
						<String ID="word000945" HPOS="1715" VPOS="1808" WIDTH="272" HEIGHT="45" CONTENT="Frtrnertrem," WC="0.26" CC="766388878883"/>
						<SP ID="P2_SP00922" HPOS="1987" VPOS="1853" WIDTH="31"/>
						<String ID="word000946" HPOS="2017" VPOS="1807" WIDTH="123" HEIGHT="40" CONTENT="Duke" WC="0.83" CC="6000"/>
						<SP ID="P2_SP00923" HPOS="2140" VPOS="1853" WIDTH="18"/>
						<String ID="word000947" HPOS="2158" VPOS="1807" WIDTH="50" HEIGHT="40" CONTENT="of" WC="1.00" CC="00"/>
						<SP ID="P2_SP00924" HPOS="2207" VPOS="1853" WIDTH="14"/>
						<String ID="word000948" HPOS="2222" VPOS="1807" WIDTH="117" HEIGHT="40" CONTENT="York" WC="0.97" CC="1000"/>
						<SP ID="P2_SP00925" HPOS="2339" VPOS="1853" WIDTH="19"/>
						<String ID="word000949" HPOS="2357" VPOS="1808" WIDTH="76" HEIGHT="38" CONTENT="and" WC="1.00" CC="000"/>
						<SP ID="P2_SP00926" HPOS="2433" VPOS="1853" WIDTH="22"/>
						<String ID="word000950" HPOS="2456" VPOS="1807" WIDTH="157" HEIGHT="51" CONTENT="Albany" WC="0.94" CC="011010"/>
						<SP ID="P2_SP00927" HPOS="2613" VPOS="1858" WIDTH="24"/>
						<String ID="word000951" HPOS="2636" VPOS="1807" WIDTH="39" HEIGHT="38" CONTENT="in" WC="0.94" CC="01"/>
						<SP ID="P2_SP00928" HPOS="2675" VPOS="1858" WIDTH="21"/>
						<String ID="word000952" HPOS="2696" VPOS="1808" WIDTH="126" HEIGHT="38" CONTENT="Great" WC="0.98" CC="00100"/>
						<SP ID="P2_SP00929" HPOS="2823" VPOS="1858" WIDTH="14"/>
						<String ID="word000953" HPOS="2837" VPOS="1808" WIDTH="172" HEIGHT="47" CONTENT="Britain," WC="0.86" CC="10102330"/>
						<SP ID="P2_SP00930" HPOS="3009" VPOS="1858" WIDTH="0"/>
					</TextLine>
					<TextLine ID="P2_TL00098" HPOS="1663" VPOS="1856" WIDTH="1346" HEIGHT="58">
						<String ID="word000954" HPOS="1663" VPOS="1860" WIDTH="76" HEIGHT="39" CONTENT="and" WC="1.00" CC="000"/>
						<SP ID="P2_SP00931" HPOS="1739" VPOS="1899" WIDTH="26"/>
						<String ID="word000955" HPOS="1765" VPOS="1860" WIDTH="91" HEIGHT="39" CONTENT="Earl" WC="0.94" CC="0101"/>
						<SP ID="P2_SP00932" HPOS="1856" VPOS="1899" WIDTH="20"/>
						<String ID="word000956" HPOS="1876" VPOS="1856" WIDTH="50" HEIGHT="44" CONTENT="Zif" WC="0.30" CC="883"/>
						<SP ID="P2_SP00933" HPOS="1925" VPOS="1899" WIDTH="18"/>
						<String ID="word000957" HPOS="1943" VPOS="1860" WIDTH="129" HEIGHT="39" CONTENT="Ulster" WC="0.94" CC="100110"/>
						<SP ID="P2_SP00934" HPOS="2072" VPOS="1899" WIDTH="19"/>
						<String ID="word000958" HPOS="2091" VPOS="1863" WIDTH="37" HEIGHT="37" CONTENT="in" WC="1.00" CC="00"/>
						<SP ID="P2_SP00935" HPOS="2127" VPOS="1899" WIDTH="24"/>
						<String ID="word000959" HPOS="2151" VPOS="1860" WIDTH="172" HEIGHT="45" CONTENT="Ireland," WC="0.90" CC="30011101"/>
						<SP ID="P2_SP00936" HPOS="2323" VPOS="1905" WIDTH="15"/>
						<String ID="word000960" HPOS="2339" VPOS="1861" WIDTH="31" HEIGHT="38" CONTENT="is" WC="1.00" CC="00"/>
						<SP ID="P2_SP00937" HPOS="2369" VPOS="1905" WIDTH="18"/>
						<String ID="word000961" HPOS="2387" VPOS="1860" WIDTH="70" HEIGHT="39" CONTENT="the" WC="0.96" CC="001"/>
						<SP ID="P2_SP00938" HPOS="2457" VPOS="1905" WIDTH="19"/>
						<String ID="word000962" HPOS="2476" VPOS="1860" WIDTH="145" HEIGHT="39" CONTENT="second" WC="0.94" CC="011010"/>
						<SP ID="P2_SP00939" HPOS="2621" VPOS="1905" WIDTH="20"/>
						<String ID="word000963" HPOS="2641" VPOS="1873" WIDTH="72" HEIGHT="25" CONTENT="son" WC="0.93" CC="101"/>
						<SP ID="P2_SP00940" HPOS="2713" VPOS="1905" WIDTH="19"/>
						<String ID="word000964" HPOS="2732" VPOS="1861" WIDTH="50" HEIGHT="38" CONTENT="of" WC="0.72" CC="05"/>
						<SP ID="P2_SP00941" HPOS="2781" VPOS="1905" WIDTH="9"/>
						<String ID="word000965" HPOS="2791" VPOS="1861" WIDTH="107" HEIGHT="38" CONTENT="their" WC="0.93" CC="01110"/>
						<SP ID="P2_SP00942" HPOS="2898" VPOS="1905" WIDTH="18"/>
						<String ID="word000966" HPOS="2916" VPOS="1867" WIDTH="71" HEIGHT="46" CONTENT="pre" SUBS_TYPE="HypPart1" SUBS_CONTENT="present" WC="0.75" CC="301"/>
						<HYP HPOS="2987" VPOS="1867" WIDTH="22" CONTENT="-"/>
					</TextLine>
					<TextLine ID="P2_TL00099" HPOS="1664" VPOS="1912" WIDTH="1344" HEIGHT="54">
						<String ID="word000967" HPOS="1664" VPOS="1918" WIDTH="87" HEIGHT="34" CONTENT="sent" SUBS_TYPE="HypPart2" SUBS_CONTENT="present" WC="0.89" CC="2020"/>
						<SP ID="P2_SP00943" HPOS="1752" VPOS="1952" WIDTH="21"/>
						<String ID="word000968" HPOS="1773" VPOS="1915" WIDTH="216" HEIGHT="50" CONTENT="Majesties." WC="0.83" CC="1010112045"/>
						<SP ID="P2_SP00944" HPOS="1989" VPOS="1964" WIDTH="63"/>
						<String ID="word000969" HPOS="2052" VPOS="1916" WIDTH="58" HEIGHT="37" CONTENT="Ile" WC="0.63" CC="451"/>
						<SP ID="P2_SP00945" HPOS="2109" VPOS="1964" WIDTH="32"/>
						<String ID="word000970" HPOS="2141" VPOS="1926" WIDTH="79" HEIGHT="26" CONTENT="was" WC="0.96" CC="010"/>
						<SP ID="P2_SP00946" HPOS="2220" VPOS="1964" WIDTH="33"/>
						<String ID="word000971" HPOS="2254" VPOS="1913" WIDTH="104" HEIGHT="39" CONTENT="born" WC="1.00" CC="0000"/>
						<SP ID="P2_SP00947" HPOS="2357" VPOS="1964" WIDTH="27"/>
						<String ID="word000972" HPOS="2385" VPOS="1925" WIDTH="52" HEIGHT="26" CONTENT="on" WC="0.72" CC="14"/>
						<SP ID="P2_SP00948" HPOS="2437" VPOS="1964" WIDTH="24"/>
						<String ID="word000973" HPOS="2460" VPOS="1913" WIDTH="70" HEIGHT="39" CONTENT="the" WC="0.96" CC="001"/>
						<SP ID="P2_SP00949" HPOS="2530" VPOS="1964" WIDTH="26"/>
						<String ID="word000974" HPOS="2556" VPOS="1912" WIDTH="91" HEIGHT="39" CONTENT="16th" WC="0.69" CC="5222"/>
						<SP ID="P2_SP00950" HPOS="2647" VPOS="1964" WIDTH="31"/>
						<String ID="word000975" HPOS="2678" VPOS="1912" WIDTH="50" HEIGHT="39" CONTENT="of" WC="1.00" CC="00"/>
						<SP ID="P2_SP00951" HPOS="2727" VPOS="1964" WIDTH="27"/>
						<String ID="word000976" HPOS="2754" VPOS="1916" WIDTH="177" HEIGHT="50" CONTENT="August," WC="0.97" CC="1010000"/>
						<SP ID="P2_SP00952" HPOS="2931" VPOS="1965" WIDTH="33"/>
						<String ID="word000977" HPOS="2965" VPOS="1916" WIDTH="43" HEIGHT="38" CONTENT="in" WC="1.00" CC="00"/>
						<SP ID="P2_SP00953" HPOS="3007" VPOS="1965" WIDTH="0"/>
					</TextLine>
					<TextLine ID="P2_TL00100" HPOS="1667" VPOS="1965" WIDTH="1343" HEIGHT="56">
						<String ID="word000978" HPOS="1667" VPOS="1965" WIDTH="66" HEIGHT="39" CONTENT="the" WC="1.00" CC="000"/>
						<SP ID="P2_SP00954" HPOS="1733" VPOS="2004" WIDTH="32"/>
						<String ID="word000979" HPOS="1765" VPOS="1978" WIDTH="97" HEIGHT="43" CONTENT="year" WC="0.92" CC="0012"/>
						<SP ID="P2_SP00955" HPOS="1861" VPOS="2021" WIDTH="34"/>
						<String ID="word000980" HPOS="1896" VPOS="1971" WIDTH="97" HEIGHT="33" CONTENT="176.3" WC="0.69" CC="55211"/>
						<SP ID="P2_SP00956" HPOS="1993" VPOS="2021" WIDTH="18"/>
						<String ID="word000981" HPOS="2010" VPOS="1983" WIDTH="11" HEIGHT="27" CONTENT=";" WC="1.00" CC="0"/>
						<SP ID="P2_SP00957" HPOS="2021" VPOS="2021" WIDTH="31"/>
						<String ID="word000982" HPOS="2052" VPOS="1968" WIDTH="159" HEIGHT="51" CONTENT="exactly" WC="0.78" CC="1110047"/>
						<SP ID="P2_SP00958" HPOS="2211" VPOS="2021" WIDTH="25"/>
						<String ID="word000983" HPOS="2236" VPOS="1965" WIDTH="96" HEIGHT="40" CONTENT="four" WC="0.97" CC="1000"/>
						<SP ID="P2_SP00959" HPOS="2331" VPOS="2021" WIDTH="27"/>
						<String ID="word000984" HPOS="2359" VPOS="1968" WIDTH="99" HEIGHT="50" CONTENT="days" WC="0.94" CC="0002"/>
						<SP ID="P2_SP00960" HPOS="2458" VPOS="2021" WIDTH="33"/>
						<String ID="word000985" HPOS="2491" VPOS="1965" WIDTH="106" HEIGHT="39" CONTENT="after" WC="0.87" CC="14001"/>
						<SP ID="P2_SP00961" HPOS="2597" VPOS="2021" WIDTH="28"/>
						<String ID="word000986" HPOS="2626" VPOS="1965" WIDTH="66" HEIGHT="39" CONTENT="the" WC="1.00" CC="000"/>
						<SP ID="P2_SP00962" HPOS="2692" VPOS="2021" WIDTH="35"/>
						<String ID="word000987" HPOS="2727" VPOS="1965" WIDTH="105" HEIGHT="39" CONTENT="birth" WC="1.00" CC="00000"/>
						<SP ID="P2_SP00963" HPOS="2832" VPOS="2021" WIDTH="32"/>
						<String ID="word000988" HPOS="2864" VPOS="1968" WIDTH="48" HEIGHT="37" CONTENT="of" WC="0.94" CC="01"/>
						<SP ID="P2_SP00964" HPOS="2913" VPOS="2021" WIDTH="33"/>
						<String ID="word000989" HPOS="2946" VPOS="1968" WIDTH="64" HEIGHT="37" CONTENT="his" WC="1.00" CC="000"/>
						<SP ID="P2_SP00965" HPOS="3009" VPOS="2021" WIDTH="0"/>
					</TextLine>
					<TextLine ID="P2_TL00101" HPOS="1663" VPOS="2017" WIDTH="1346" HEIGHT="54">
						<String ID="word000990" HPOS="1663" VPOS="2017" WIDTH="129" HEIGHT="39" CONTENT="eldest" WC="0.93" CC="100021"/>
						<SP ID="P2_SP00966" HPOS="1792" VPOS="2056" WIDTH="21"/>
						<String ID="word000991" HPOS="1813" VPOS="2019" WIDTH="165" HEIGHT="38" CONTENT="brother" WC="0.86" CC="3020130"/>
						<SP ID="P2_SP00967" HPOS="1978" VPOS="2056" WIDTH="19"/>
						<String ID="word000992" HPOS="1997" VPOS="2020" WIDTH="145" HEIGHT="51" CONTENT="daring" WC="0.65" CC="272323"/>
						<SP ID="P2_SP00968" HPOS="2143" VPOS="2070" WIDTH="19"/>
						<String ID="word000993" HPOS="2161" VPOS="2022" WIDTH="70" HEIGHT="34" CONTENT="the" WC="0.96" CC="001"/>
						<SP ID="P2_SP00969" HPOS="2231" VPOS="2070" WIDTH="21"/>
						<String ID="word000994" HPOS="2252" VPOS="2019" WIDTH="216" HEIGHT="52" CONTENT="preceding" WC="0.99" CC="000000010"/>
						<SP ID="P2_SP00970" HPOS="2469" VPOS="2070" WIDTH="18"/>
						<String ID="word000995" HPOS="2486" VPOS="2031" WIDTH="111" HEIGHT="39" CONTENT="year." WC="0.91" CC="30100"/>
						<SP ID="P2_SP00971" HPOS="2597" VPOS="2070" WIDTH="57"/>
						<String ID="word000996" HPOS="2654" VPOS="2017" WIDTH="161" HEIGHT="41" CONTENT="Always" WC="0.91" CC="110030"/>
						<SP ID="P2_SP00972" HPOS="2815" VPOS="2070" WIDTH="19"/>
						<String ID="word000997" HPOS="2833" VPOS="2019" WIDTH="176" HEIGHT="41" CONTENT="beloved" WC="0.95" CC="0110010"/>
						<SP ID="P2_SP00973" HPOS="3009" VPOS="2070" WIDTH="0"/>
					</TextLine>
					<TextLine ID="P2_TL00102" HPOS="1667" VPOS="2069" WIDTH="1344" HEIGHT="56">
						<String ID="word000998" HPOS="1667" VPOS="2070" WIDTH="47" HEIGHT="52" CONTENT="by" WC="1.00" CC="00"/>
						<SP ID="P2_SP00974" HPOS="1714" VPOS="2122" WIDTH="21"/>
						<String ID="word000999" HPOS="1735" VPOS="2070" WIDTH="61" HEIGHT="38" CONTENT="his" WC="0.96" CC="010"/>
						<SP ID="P2_SP00975" HPOS="1796" VPOS="2122" WIDTH="21"/>
						<String ID="word001000" HPOS="1818" VPOS="2074" WIDTH="156" HEIGHT="48" CONTENT="All:'11St" WC="0.27" CC="378877667"/>
						<SP ID="P2_SP00976" HPOS="1974" VPOS="2122" WIDTH="28"/>
						<String ID="word001001" HPOS="2002" VPOS="2075" WIDTH="159" HEIGHT="40" CONTENT="Parent," WC="0.92" CC="2200100"/>
						<SP ID="P2_SP00977" HPOS="2161" VPOS="2122" WIDTH="31"/>
						<String ID="word001002" HPOS="2192" VPOS="2073" WIDTH="70" HEIGHT="37" CONTENT="the" WC="0.63" CC="055"/>
						<SP ID="P2_SP00978" HPOS="2262" VPOS="2122" WIDTH="22"/>
						<String ID="word001003" HPOS="2284" VPOS="2070" WIDTH="120" HEIGHT="40" CONTENT="Duke" WC="0.94" CC="1100"/>
						<SP ID="P2_SP00979" HPOS="2405" VPOS="2122" WIDTH="18"/>
						<String ID="word001004" HPOS="2422" VPOS="2072" WIDTH="52" HEIGHT="38" CONTENT="of" WC="0.72" CC="14"/>
						<SP ID="P2_SP00980" HPOS="2474" VPOS="2122" WIDTH="27"/>
						<String ID="word001005" HPOS="2502" VPOS="2069" WIDTH="113" HEIGHT="40" CONTENT="York" WC="0.75" CC="4032"/>
						<SP ID="P2_SP00981" HPOS="2615" VPOS="2122" WIDTH="22"/>
						<String ID="word001006" HPOS="2637" VPOS="2072" WIDTH="216" HEIGHT="39" CONTENT="succeNted" WC="0.43" CC="553387573"/>
						<SP ID="P2_SP00982" HPOS="2854" VPOS="2122" WIDTH="21"/>
						<String ID="word001007" HPOS="2875" VPOS="2072" WIDTH="113" HEIGHT="53" CONTENT="rapid" SUBS_TYPE="HypPart1" SUBS_CONTENT="rapidly" WC="0.98" CC="01000"/>
						<HYP HPOS="2988" VPOS="2072" WIDTH="22" CONTENT="-"/>
					</TextLine>
					<TextLine ID="P2_TL00103" HPOS="1667" VPOS="2122" WIDTH="1343" HEIGHT="53">
						<String ID="word001008" HPOS="1667" VPOS="2122" WIDTH="35" HEIGHT="52" CONTENT="ly" SUBS_TYPE="HypPart2" SUBS_CONTENT="rapidly" WC="1.00" CC="00"/>
						<SP ID="P2_SP00983" HPOS="1702" VPOS="2174" WIDTH="24"/>
						<String ID="word001009" HPOS="1726" VPOS="2128" WIDTH="45" HEIGHT="33" CONTENT="to" WC="1.00" CC="00"/>
						<SP ID="P2_SP00984" HPOS="1770" VPOS="2174" WIDTH="24"/>
						<String ID="word001010" HPOS="1794" VPOS="2124" WIDTH="67" HEIGHT="38" CONTENT="the" WC="0.96" CC="001"/>
						<SP ID="P2_SP00985" HPOS="1861" VPOS="2174" WIDTH="20"/>
						<String ID="word001011" HPOS="1881" VPOS="2125" WIDTH="183" HEIGHT="38" CONTENT="honours" WC="0.87" CC="7000100"/>
						<SP ID="P2_SP00986" HPOS="2065" VPOS="2174" WIDTH="18"/>
						<String ID="word001012" HPOS="2082" VPOS="2126" WIDTH="77" HEIGHT="37" CONTENT="and" WC="0.67" CC="063"/>
						<SP ID="P2_SP00987" HPOS="2159" VPOS="2174" WIDTH="21"/>
						<String ID="word001013" HPOS="2180" VPOS="2125" WIDTH="191" HEIGHT="50" CONTENT="dignities" WC="0.95" CC="000020011"/>
						<SP ID="P2_SP00988" HPOS="2372" VPOS="2174" WIDTH="20"/>
						<String ID="word001014" HPOS="2392" VPOS="2122" WIDTH="129" HEIGHT="39" CONTENT="which" WC="1.00" CC="00000"/>
						<SP ID="P2_SP00989" HPOS="2520" VPOS="2174" WIDTH="25"/>
						<String ID="word001015" HPOS="2545" VPOS="2126" WIDTH="105" HEIGHT="37" CONTENT="have" WC="0.94" CC="0011"/>
						<SP ID="P2_SP00990" HPOS="2650" VPOS="2174" WIDTH="24"/>
						<String ID="word001016" HPOS="2674" VPOS="2125" WIDTH="102" HEIGHT="37" CONTENT="been" WC="0.94" CC="1100"/>
						<SP ID="P2_SP00991" HPOS="2776" VPOS="2174" WIDTH="19"/>
						<String ID="word001017" HPOS="2794" VPOS="2124" WIDTH="215" HEIGHT="39" CONTENT="conferred" WC="0.96" CC="100010010"/>
						<SP ID="P2_SP00992" HPOS="3009" VPOS="2174" WIDTH="0"/>
					</TextLine>
					<TextLine ID="P2_TL00104" HPOS="1668" VPOS="2174" WIDTH="1338" HEIGHT="54">
						<String ID="word001018" HPOS="1668" VPOS="2189" WIDTH="110" HEIGHT="38" CONTENT="upon" WC="0.92" CC="0003"/>
						<SP ID="P2_SP00993" HPOS="1778" VPOS="2226" WIDTH="22"/>
						<String ID="word001019" HPOS="1800" VPOS="2176" WIDTH="111" HEIGHT="45" CONTENT="him;" WC="0.64" CC="3343"/>
						<SP ID="P2_SP00994" HPOS="1911" VPOS="2226" WIDTH="32"/>
						<String ID="word001020" HPOS="1943" VPOS="2177" WIDTH="76" HEIGHT="39" CONTENT="and" WC="0.89" CC="030"/>
						<SP ID="P2_SP00995" HPOS="2019" VPOS="2226" WIDTH="24"/>
						<String ID="word001021" HPOS="2042" VPOS="2177" WIDTH="130" HEIGHT="38" CONTENT="which" WC="0.95" CC="00101"/>
						<SP ID="P2_SP00996" HPOS="2172" VPOS="2226" WIDTH="25"/>
						<String ID="word001022" HPOS="2197" VPOS="2174" WIDTH="207" HEIGHT="53" CONTENT="virtually," WC="0.94" CC="1101001100"/>
						<SP ID="P2_SP00997" HPOS="2404" VPOS="2228" WIDTH="21"/>
						<String ID="word001023" HPOS="2425" VPOS="2176" WIDTH="158" HEIGHT="52" CONTENT="though" WC="0.98" CC="001000"/>
						<SP ID="P2_SP00998" HPOS="2583" VPOS="2228" WIDTH="21"/>
						<String ID="word001024" HPOS="2604" VPOS="2181" WIDTH="73" HEIGHT="32" CONTENT="not" WC="1.00" CC="000"/>
						<SP ID="P2_SP00999" HPOS="2678" VPOS="2228" WIDTH="19"/>
						<String ID="word001025" HPOS="2696" VPOS="2174" WIDTH="194" HEIGHT="53" CONTENT="actually," WC="0.99" CC="010000000"/>
						<SP ID="P2_SP01000" HPOS="2890" VPOS="2228" WIDTH="18"/>
						<String ID="word001026" HPOS="2908" VPOS="2191" WIDTH="74" HEIGHT="25" CONTENT="coo" SUBS_TYPE="HypPart1" SUBS_CONTENT="coo%tante" WC="0.75" CC="006"/>
						<HYP HPOS="2982" VPOS="2191" WIDTH="24" CONTENT="-"/>
					</TextLine>
					<TextLine ID="P2_TL00105" HPOS="1667" VPOS="2228" WIDTH="1345" HEIGHT="54">
						<String ID="word001027" HPOS="1667" VPOS="2230" WIDTH="139" HEIGHT="37" CONTENT="%tante" SUBS_TYPE="HypPart2" SUBS_CONTENT="coo%tante" WC="0.63" CC="616700"/>
						<SP ID="P2_SP01001" HPOS="1806" VPOS="2267" WIDTH="21"/>
						<String ID="word001028" HPOS="1827" VPOS="2229" WIDTH="97" HEIGHT="44" CONTENT="him," WC="0.94" CC="0200"/>
						<SP ID="P2_SP01002" HPOS="1924" VPOS="2272" WIDTH="21"/>
						<String ID="word001029" HPOS="1945" VPOS="2242" WIDTH="43" HEIGHT="26" CONTENT="as" WC="1.00" CC="00"/>
						<SP ID="P2_SP01003" HPOS="1988" VPOS="2272" WIDTH="18"/>
						<String ID="word001030" HPOS="2006" VPOS="2242" WIDTH="79" HEIGHT="26" CONTENT="one" WC="0.96" CC="001"/>
						<SP ID="P2_SP01004" HPOS="2085" VPOS="2272" WIDTH="19"/>
						<String ID="word001031" HPOS="2104" VPOS="2228" WIDTH="48" HEIGHT="40" CONTENT="of" WC="1.00" CC="00"/>
						<SP ID="P2_SP01005" HPOS="2152" VPOS="2272" WIDTH="14"/>
						<String ID="word001032" HPOS="2166" VPOS="2242" WIDTH="77" HEIGHT="26" CONTENT="our" WC="0.96" CC="100"/>
						<SP ID="P2_SP01006" HPOS="2243" VPOS="2272" WIDTH="25"/>
						<String ID="word001033" HPOS="2268" VPOS="2231" WIDTH="338" HEIGHT="51" CONTENT="representatives" WC="0.97" CC="000010000001200"/>
						<SP ID="P2_SP01007" HPOS="2606" VPOS="2282" WIDTH="20"/>
						<String ID="word001034" HPOS="2626" VPOS="2230" WIDTH="38" HEIGHT="37" CONTENT="in" WC="0.39" CC="47"/>
						<SP ID="P2_SP01008" HPOS="2663" VPOS="2282" WIDTH="21"/>
						<String ID="word001035" HPOS="2685" VPOS="2228" WIDTH="260" HEIGHT="52" CONTENT="parliament," WC="0.96" CC="00010030000"/>
						<SP ID="P2_SP01009" HPOS="2944" VPOS="2282" WIDTH="34"/>
						<String ID="word001036" HPOS="2979" VPOS="2231" WIDTH="33" HEIGHT="37" CONTENT="is" WC="0.94" CC="01"/>
						<SP ID="P2_SP01010" HPOS="3012" VPOS="2282" WIDTH="0"/>
					</TextLine>
					<TextLine ID="P2_TL00106" HPOS="1665" VPOS="2281" WIDTH="1342" HEIGHT="52">
						<String ID="word001037" HPOS="1665" VPOS="2281" WIDTH="131" HEIGHT="39" CONTENT="stated" WC="0.98" CC="000010"/>
						<SP ID="P2_SP01011" HPOS="1796" VPOS="2320" WIDTH="21"/>
						<String ID="word001038" HPOS="1818" VPOS="2285" WIDTH="43" HEIGHT="33" CONTENT="to" WC="1.00" CC="00"/>
						<SP ID="P2_SP01012" HPOS="1860" VPOS="2320" WIDTH="21"/>
						<String ID="word001039" HPOS="1881" VPOS="2281" WIDTH="104" HEIGHT="41" CONTENT="have" WC="0.83" CC="3111"/>
						<SP ID="P2_SP01013" HPOS="1985" VPOS="2322" WIDTH="19"/>
						<String ID="word001040" HPOS="2004" VPOS="2281" WIDTH="128" HEIGHT="40" CONTENT="called" WC="0.98" CC="000010"/>
						<SP ID="P2_SP01014" HPOS="2132" VPOS="2322" WIDTH="20"/>
						<String ID="word001041" HPOS="2152" VPOS="2283" WIDTH="102" HEIGHT="45" CONTENT="him," WC="1.00" CC="0000"/>
						<SP ID="P2_SP01015" HPOS="2254" VPOS="2328" WIDTH="31"/>
						<String ID="word001042" HPOS="2284" VPOS="2295" WIDTH="53" HEIGHT="25" CONTENT="no" WC="1.00" CC="00"/>
						<SP ID="P2_SP01016" HPOS="2337" VPOS="2328" WIDTH="30"/>
						<String ID="word001043" HPOS="2367" VPOS="2281" WIDTH="71" HEIGHT="44" CONTENT="less" WC="0.61" CC="3632"/>
						<SP ID="P2_SP01017" HPOS="2438" VPOS="2328" WIDTH="20"/>
						<String ID="word001044" HPOS="2458" VPOS="2281" WIDTH="102" HEIGHT="39" CONTENT="than" WC="0.92" CC="0003"/>
						<SP ID="P2_SP01018" HPOS="2559" VPOS="2328" WIDTH="20"/>
						<String ID="word001045" HPOS="2580" VPOS="2282" WIDTH="70" HEIGHT="38" CONTENT="the" WC="0.96" CC="001"/>
						<SP ID="P2_SP01019" HPOS="2649" VPOS="2328" WIDTH="15"/>
						<String ID="word001046" HPOS="2665" VPOS="2283" WIDTH="149" HEIGHT="37" CONTENT="second" WC="1.00" CC="000000"/>
						<SP ID="P2_SP01020" HPOS="2813" VPOS="2328" WIDTH="32"/>
						<String ID="word001047" HPOS="2845" VPOS="2295" WIDTH="139" HEIGHT="38" CONTENT="person" SUBS_TYPE="HypPart1" SUBS_CONTENT="personage" WC="0.97" CC="000001"/>
						<HYP HPOS="2985" VPOS="2295" WIDTH="22" CONTENT="-"/>
					</TextLine>
					<TextLine ID="P2_TL00107" HPOS="1665" VPOS="2333" WIDTH="1345" HEIGHT="56">
						<String ID="word001048" HPOS="1665" VPOS="2346" WIDTH="74" HEIGHT="38" CONTENT="age" SUBS_TYPE="HypPart2" SUBS_CONTENT="personage" WC="0.96" CC="010"/>
						<SP ID="P2_SP01021" HPOS="1740" VPOS="2383" WIDTH="18"/>
						<String ID="word001049" HPOS="1757" VPOS="2334" WIDTH="39" HEIGHT="38" CONTENT="in" WC="1.00" CC="00"/>
						<SP ID="P2_SP01022" HPOS="1796" VPOS="2383" WIDTH="21"/>
						<String ID="word001050" HPOS="1818" VPOS="2334" WIDTH="77" HEIGHT="38" CONTENT="this" WC="1.00" CC="0000"/>
						<SP ID="P2_SP01023" HPOS="1894" VPOS="2383" WIDTH="19"/>
						<String ID="word001051" HPOS="1913" VPOS="2334" WIDTH="215" HEIGHT="52" CONTENT="kingdom." WC="0.82" CC="12332110"/>
						<SP ID="P2_SP01024" HPOS="2128" VPOS="2386" WIDTH="57"/>
						<String ID="word001052" HPOS="2185" VPOS="2337" WIDTH="63" HEIGHT="37" CONTENT="lie" WC="0.63" CC="352"/>
						<SP ID="P2_SP01025" HPOS="2248" VPOS="2386" WIDTH="19"/>
						<String ID="word001053" HPOS="2267" VPOS="2334" WIDTH="71" HEIGHT="39" CONTENT="has" WC="1.00" CC="000"/>
						<SP ID="P2_SP01026" HPOS="2337" VPOS="2386" WIDTH="19"/>
						<String ID="word001054" HPOS="2356" VPOS="2334" WIDTH="170" HEIGHT="52" CONTENT="proved," WC="0.86" CC="3021111"/>
						<SP ID="P2_SP01027" HPOS="2526" VPOS="2386" WIDTH="27"/>
						<String ID="word001055" HPOS="2554" VPOS="2333" WIDTH="157" HEIGHT="46" CONTENT="indeed," WC="0.97" CC="1100000"/>
						<SP ID="P2_SP01028" HPOS="2711" VPOS="2386" WIDTH="25"/>
						<String ID="word001056" HPOS="2735" VPOS="2335" WIDTH="92" HEIGHT="38" CONTENT="that" WC="0.97" CC="1000"/>
						<SP ID="P2_SP01029" HPOS="2828" VPOS="2386" WIDTH="19"/>
						<String ID="word001057" HPOS="2846" VPOS="2347" WIDTH="142" HEIGHT="41" CONTENT="respon" SUBS_TYPE="HypPart1" SUBS_CONTENT="responsibility" WC="0.76" CC="151103"/>
						<HYP HPOS="2988" VPOS="2347" WIDTH="22" CONTENT="-"/>
					</TextLine>
					<TextLine ID="P2_TL00108" HPOS="1665" VPOS="2383" WIDTH="865" HEIGHT="56">
						<String ID="word001058" HPOS="1665" VPOS="2383" WIDTH="151" HEIGHT="54" CONTENT="sibility" SUBS_TYPE="HypPart2" SUBS_CONTENT="responsibility" WC="0.86" CC="12013111"/>
						<SP ID="P2_SP01030" HPOS="1817" VPOS="2438" WIDTH="21"/>
						<String ID="word001059" HPOS="1838" VPOS="2387" WIDTH="77" HEIGHT="39" CONTENT="and" WC="1.00" CC="000"/>
						<SP ID="P2_SP01031" HPOS="1915" VPOS="2438" WIDTH="27"/>
						<String ID="word001060" HPOS="1942" VPOS="2387" WIDTH="207" HEIGHT="52" CONTENT="authority" WC="0.91" CC="033000100"/>
						<SP ID="P2_SP01032" HPOS="2148" VPOS="2439" WIDTH="24"/>
						<String ID="word001061" HPOS="2172" VPOS="2400" WIDTH="72" HEIGHT="26" CONTENT="are" WC="1.00" CC="000"/>
						<SP ID="P2_SP01033" HPOS="2244" VPOS="2439" WIDTH="20"/>
						<String ID="word001062" HPOS="2264" VPOS="2386" WIDTH="266" HEIGHT="52" CONTENT="inseparable." WC="0.91" CC="012110013100"/>
						<SP ID="P2_SP01034" HPOS="2530" VPOS="2439" WIDTH="0"/>
					</TextLine>
					<TextLine ID="P2_TL00109" HPOS="1719" VPOS="2437" WIDTH="1285" HEIGHT="56">
						<String ID="word001063" HPOS="1719" VPOS="2439" WIDTH="181" HEIGHT="53" CONTENT="Scarcely" WC="0.94" CC="21000100"/>
						<SP ID="P2_SP01035" HPOS="1899" VPOS="2492" WIDTH="24"/>
						<String ID="word001064" HPOS="1923" VPOS="2440" WIDTH="81" HEIGHT="39" CONTENT="had" WC="1.00" CC="000"/>
						<SP ID="P2_SP01036" HPOS="2004" VPOS="2492" WIDTH="33"/>
						<String ID="word001065" HPOS="2037" VPOS="2440" WIDTH="61" HEIGHT="39" CONTENT="his" WC="1.00" CC="000"/>
						<SP ID="P2_SP01037" HPOS="2099" VPOS="2492" WIDTH="33"/>
						<String ID="word001066" HPOS="2132" VPOS="2438" WIDTH="135" HEIGHT="54" CONTENT="Royal" WC="0.98" CC="10000"/>
						<SP ID="P2_SP01038" HPOS="2267" VPOS="2492" WIDTH="37"/>
						<String ID="word001067" HPOS="2303" VPOS="2440" WIDTH="202" HEIGHT="51" CONTENT="Highness" WC="0.90" CC="40000012"/>
						<SP ID="P2_SP01039" HPOS="2505" VPOS="2492" WIDTH="24"/>
						<String ID="word001068" HPOS="2529" VPOS="2437" WIDTH="228" HEIGHT="53" CONTENT="completed" WC="0.99" CC="000010000"/>
						<SP ID="P2_SP01040" HPOS="2757" VPOS="2492" WIDTH="22"/>
						<String ID="word001069" HPOS="2779" VPOS="2439" WIDTH="59" HEIGHT="40" CONTENT="his" WC="1.00" CC="000"/>
						<SP ID="P2_SP01041" HPOS="2838" VPOS="2492" WIDTH="19"/>
						<String ID="word001070" HPOS="2857" VPOS="2439" WIDTH="146" HEIGHT="41" CONTENT="fourth" WC="0.89" CC="001005"/>
						<SP ID="P2_SP01042" HPOS="3004" VPOS="2492" WIDTH="0"/>
					</TextLine>
					<TextLine ID="P2_TL00110" HPOS="1665" VPOS="2491" WIDTH="1343" HEIGHT="52">
						<String ID="word001071" HPOS="1665" VPOS="2504" WIDTH="112" HEIGHT="39" CONTENT="year," WC="0.95" CC="01100"/>
						<SP ID="P2_SP01043" HPOS="1778" VPOS="2543" WIDTH="32"/>
						<String ID="word001072" HPOS="1809" VPOS="2492" WIDTH="131" HEIGHT="46" CONTENT="when," WC="1.00" CC="00000"/>
						<SP ID="P2_SP01044" HPOS="1941" VPOS="2543" WIDTH="32"/>
						<String ID="word001073" HPOS="1972" VPOS="2506" WIDTH="53" HEIGHT="26" CONTENT="on" WC="1.00" CC="00"/>
						<SP ID="P2_SP01045" HPOS="2026" VPOS="2543" WIDTH="33"/>
						<String ID="word001074" HPOS="2059" VPOS="2493" WIDTH="71" HEIGHT="39" CONTENT="the" WC="1.00" CC="000"/>
						<SP ID="P2_SP01046" HPOS="2130" VPOS="2543" WIDTH="15"/>
						<String ID="word001075" HPOS="2145" VPOS="2493" WIDTH="124" HEIGHT="39" CONTENT="death" WC="0.98" CC="01000"/>
						<SP ID="P2_SP01047" HPOS="2269" VPOS="2543" WIDTH="20"/>
						<String ID="word001076" HPOS="2289" VPOS="2491" WIDTH="50" HEIGHT="40" CONTENT="of" WC="1.00" CC="00"/>
						<SP ID="P2_SP01048" HPOS="2339" VPOS="2543" WIDTH="14"/>
						<String ID="word001077" HPOS="2353" VPOS="2492" WIDTH="70" HEIGHT="38" CONTENT="the" WC="1.00" CC="000"/>
						<SP ID="P2_SP01049" HPOS="2422" VPOS="2543" WIDTH="20"/>
						<String ID="word001078" HPOS="2443" VPOS="2493" WIDTH="129" HEIGHT="38" CONTENT="Great" WC="1.00" CC="00000"/>
						<SP ID="P2_SP01050" HPOS="2571" VPOS="2543" WIDTH="22"/>
						<String ID="word001079" HPOS="2594" VPOS="2492" WIDTH="119" HEIGHT="39" CONTENT="Duke" WC="0.83" CC="3201"/>
						<SP ID="P2_SP01051" HPOS="2713" VPOS="2543" WIDTH="21"/>
						<String ID="word001080" HPOS="2734" VPOS="2491" WIDTH="51" HEIGHT="40" CONTENT="of" WC="1.00" CC="00"/>
						<SP ID="P2_SP01052" HPOS="2785" VPOS="2543" WIDTH="25"/>
						<String ID="word001081" HPOS="2810" VPOS="2493" WIDTH="170" HEIGHT="39" CONTENT="Cumber" SUBS_TYPE="HypPart1" SUBS_CONTENT="Cumberland," WC="0.81" CC="003014"/>
						<HYP HPOS="2980" VPOS="2493" WIDTH="28" CONTENT="-"/>
					</TextLine>
					<TextLine ID="P2_TL00111" HPOS="1668" VPOS="2544" WIDTH="1342" HEIGHT="53">
						<String ID="word001082" HPOS="1668" VPOS="2545" WIDTH="109" HEIGHT="45" CONTENT="land," SUBS_TYPE="HypPart2" SUBS_CONTENT="Cumberland," WC="1.00" CC="00000"/>
						<SP ID="P2_SP01053" HPOS="1776" VPOS="2590" WIDTH="33"/>
						<String ID="word001083" HPOS="1809" VPOS="2545" WIDTH="51" HEIGHT="38" CONTENT="he" WC="1.00" CC="00"/>
						<SP ID="P2_SP01054" HPOS="1860" VPOS="2590" WIDTH="28"/>
						<String ID="word001084" HPOS="1889" VPOS="2558" WIDTH="80" HEIGHT="27" CONTENT="was" WC="1.00" CC="000"/>
						<SP ID="P2_SP01055" HPOS="1969" VPOS="2590" WIDTH="17"/>
						<String ID="word001085" HPOS="1985" VPOS="2545" WIDTH="222" HEIGHT="52" CONTENT="appointed" WC="1.00" CC="000000000"/>
						<SP ID="P2_SP01056" HPOS="2207" VPOS="2597" WIDTH="37"/>
						<String ID="word001086" HPOS="2244" VPOS="2548" WIDTH="45" HEIGHT="35" CONTENT="to" WC="1.00" CC="00"/>
						<SP ID="P2_SP01057" HPOS="2289" VPOS="2597" WIDTH="35"/>
						<String ID="word001087" HPOS="2324" VPOS="2544" WIDTH="167" HEIGHT="40" CONTENT="succeed" WC="0.97" CC="0000110"/>
						<SP ID="P2_SP01058" HPOS="2491" VPOS="2597" WIDTH="35"/>
						<String ID="word001088" HPOS="2526" VPOS="2545" WIDTH="84" HEIGHT="38" CONTENT="him" WC="1.00" CC="000"/>
						<SP ID="P2_SP01059" HPOS="2610" VPOS="2597" WIDTH="20"/>
						<String ID="word001089" HPOS="2630" VPOS="2556" WIDTH="43" HEIGHT="26" CONTENT="as" WC="1.00" CC="00"/>
						<SP ID="P2_SP01060" HPOS="2673" VPOS="2597" WIDTH="19"/>
						<String ID="word001090" HPOS="2692" VPOS="2545" WIDTH="318" HEIGHT="43" CONTENT="Grand-Master" WC="0.93" CC="000022201010"/>
						<SP ID="P2_SP01061" HPOS="3009" VPOS="2597" WIDTH="0"/>
					</TextLine>
					<TextLine ID="P2_TL00112" HPOS="1668" VPOS="2596" WIDTH="1337" HEIGHT="53">
						<String ID="word001091" HPOS="1668" VPOS="2597" WIDTH="77" HEIGHT="39" CONTENT="and" WC="0.93" CC="101"/>
						<SP ID="P2_SP01062" HPOS="1744" VPOS="2636" WIDTH="38"/>
						<String ID="word001092" HPOS="1782" VPOS="2597" WIDTH="102" HEIGHT="39" CONTENT="First" WC="0.93" CC="30000"/>
						<SP ID="P2_SP01063" HPOS="1884" VPOS="2636" WIDTH="37"/>
						<String ID="word001093" HPOS="1920" VPOS="2598" WIDTH="435" HEIGHT="51" CONTENT="Knight-Compaction" WC="0.72" CC="22432343050173400"/>
						<SP ID="P2_SP01064" HPOS="2355" VPOS="2649" WIDTH="28"/>
						<String ID="word001094" HPOS="2383" VPOS="2597" WIDTH="50" HEIGHT="39" CONTENT="of" WC="1.00" CC="00"/>
						<SP ID="P2_SP01065" HPOS="2433" VPOS="2649" WIDTH="32"/>
						<String ID="word001095" HPOS="2465" VPOS="2596" WIDTH="73" HEIGHT="40" CONTENT="the" WC="0.96" CC="001"/>
						<SP ID="P2_SP01066" HPOS="2538" VPOS="2649" WIDTH="28"/>
						<String ID="word001096" HPOS="2567" VPOS="2596" WIDTH="126" HEIGHT="40" CONTENT="Order" WC="0.98" CC="00010"/>
						<SP ID="P2_SP01067" HPOS="2693" VPOS="2649" WIDTH="19"/>
						<String ID="word001097" HPOS="2712" VPOS="2597" WIDTH="50" HEIGHT="39" CONTENT="of" WC="1.00" CC="00"/>
						<SP ID="P2_SP01068" HPOS="2761" VPOS="2649" WIDTH="33"/>
						<String ID="word001098" HPOS="2794" VPOS="2597" WIDTH="70" HEIGHT="39" CONTENT="the" WC="1.00" CC="000"/>
						<SP ID="P2_SP01069" HPOS="2864" VPOS="2649" WIDTH="21"/>
						<String ID="word001099" HPOS="2885" VPOS="2600" WIDTH="119" HEIGHT="38" CONTENT="Bath." WC="1.00" CC="00000"/>
						<SP ID="P2_SP01070" HPOS="3005" VPOS="2649" WIDTH="0"/>
					</TextLine>
					<TextLine ID="P2_TL00113" HPOS="1674" VPOS="2647" WIDTH="1337" HEIGHT="54">
						<String ID="word001100" HPOS="1674" VPOS="2652" WIDTH="59" HEIGHT="37" CONTENT="He" WC="0.83" CC="30"/>
						<SP ID="P2_SP01071" HPOS="1733" VPOS="2688" WIDTH="19"/>
						<String ID="word001101" HPOS="1752" VPOS="2649" WIDTH="193" HEIGHT="40" CONTENT="obtained" WC="0.97" CC="01001000"/>
						<SP ID="P2_SP01072" HPOS="1944" VPOS="2689" WIDTH="22"/>
						<String ID="word001102" HPOS="1967" VPOS="2652" WIDTH="67" HEIGHT="38" CONTENT="the" WC="0.96" CC="001"/>
						<SP ID="P2_SP01073" HPOS="2034" VPOS="2689" WIDTH="19"/>
						<String ID="word001103" HPOS="2053" VPOS="2652" WIDTH="126" HEIGHT="38" CONTENT="Order" WC="0.98" CC="10000"/>
						<SP ID="P2_SP01074" HPOS="2179" VPOS="2689" WIDTH="19"/>
						<String ID="word001104" HPOS="2198" VPOS="2649" WIDTH="48" HEIGHT="39" CONTENT="of" WC="1.00" CC="00"/>
						<SP ID="P2_SP01075" HPOS="2246" VPOS="2689" WIDTH="15"/>
						<String ID="word001105" HPOS="2262" VPOS="2649" WIDTH="70" HEIGHT="39" CONTENT="the" WC="0.96" CC="001"/>
						<SP ID="P2_SP01076" HPOS="2331" VPOS="2689" WIDTH="19"/>
						<String ID="word001106" HPOS="2350" VPOS="2647" WIDTH="150" HEIGHT="45" CONTENT="Garter" WC="1.00" CC="000000"/>
						<SP ID="P2_SP01077" HPOS="2500" VPOS="2692" WIDTH="21"/>
						<String ID="word001107" HPOS="2522" VPOS="2650" WIDTH="38" HEIGHT="38" CONTENT="in" WC="1.00" CC="00"/>
						<SP ID="P2_SP01078" HPOS="2559" VPOS="2692" WIDTH="20"/>
						<String ID="word001108" HPOS="2580" VPOS="2649" WIDTH="71" HEIGHT="38" CONTENT="the" WC="0.96" CC="001"/>
						<SP ID="P2_SP01079" HPOS="2650" VPOS="2692" WIDTH="20"/>
						<String ID="word001109" HPOS="2670" VPOS="2662" WIDTH="96" HEIGHT="39" CONTENT="year" WC="0.92" CC="0300"/>
						<SP ID="P2_SP01080" HPOS="2766" VPOS="2701" WIDTH="22"/>
						<String ID="word001110" HPOS="2789" VPOS="2654" WIDTH="115" HEIGHT="34" CONTENT="1771." WC="0.91" CC="00400"/>
						<SP ID="P2_SP01081" HPOS="2903" VPOS="2701" WIDTH="43"/>
						<String ID="word001111" HPOS="2946" VPOS="2654" WIDTH="65" HEIGHT="37" CONTENT="He" WC="0.72" CC="50"/>
						<SP ID="P2_SP01082" HPOS="3011" VPOS="2701" WIDTH="0"/>
					</TextLine>
					<TextLine ID="P2_TL00114" HPOS="1669" VPOS="2701" WIDTH="1342" HEIGHT="53">
						<String ID="word001112" HPOS="1669" VPOS="2715" WIDTH="78" HEIGHT="25" CONTENT="was" WC="1.00" CC="000"/>
						<SP ID="P2_SP01083" HPOS="1747" VPOS="2740" WIDTH="21"/>
						<String ID="word001113" HPOS="1768" VPOS="2702" WIDTH="126" HEIGHT="40" CONTENT="raised" WC="0.94" CC="001200"/>
						<SP ID="P2_SP01084" HPOS="1894" VPOS="2743" WIDTH="20"/>
						<String ID="word001114" HPOS="1915" VPOS="2709" WIDTH="45" HEIGHT="32" CONTENT="to" WC="1.00" CC="00"/>
						<SP ID="P2_SP01085" HPOS="1959" VPOS="2743" WIDTH="20"/>
						<String ID="word001115" HPOS="1980" VPOS="2705" WIDTH="71" HEIGHT="38" CONTENT="the" WC="1.00" CC="000"/>
						<SP ID="P2_SP01086" HPOS="2050" VPOS="2743" WIDTH="21"/>
						<String ID="word001116" HPOS="2072" VPOS="2702" WIDTH="164" HEIGHT="39" CONTENT="ran's:of" WC="0.68" CC="10176800"/>
						<SP ID="P2_SP01087" HPOS="2236" VPOS="2743" WIDTH="15"/>
						<String ID="word001117" HPOS="2251" VPOS="2701" WIDTH="167" HEIGHT="40" CONTENT="Colonel" WC="0.97" CC="0000002"/>
						<SP ID="P2_SP01088" HPOS="2418" VPOS="2743" WIDTH="21"/>
						<String ID="word001118" HPOS="2439" VPOS="2701" WIDTH="41" HEIGHT="40" CONTENT="in" WC="1.00" CC="00"/>
						<SP ID="P2_SP01089" HPOS="2480" VPOS="2743" WIDTH="19"/>
						<String ID="word001119" HPOS="2499" VPOS="2702" WIDTH="71" HEIGHT="39" CONTENT="the" WC="0.96" CC="001"/>
						<SP ID="P2_SP01090" HPOS="2570" VPOS="2743" WIDTH="18"/>
						<String ID="word001120" HPOS="2588" VPOS="2714" WIDTH="113" HEIGHT="40" CONTENT="army" WC="0.92" CC="0021"/>
						<SP ID="P2_SP01091" HPOS="2701" VPOS="2754" WIDTH="21"/>
						<String ID="word001121" HPOS="2722" VPOS="2702" WIDTH="39" HEIGHT="39" CONTENT="in" WC="0.94" CC="10"/>
						<SP ID="P2_SP01092" HPOS="2761" VPOS="2754" WIDTH="22"/>
						<String ID="word001122" HPOS="2784" VPOS="2707" WIDTH="125" HEIGHT="40" CONTENT="1760;" WC="0.53" CC="14862"/>
						<SP ID="P2_SP01093" HPOS="2909" VPOS="2754" WIDTH="22"/>
						<String ID="word001123" HPOS="2931" VPOS="2704" WIDTH="79" HEIGHT="38" CONTENT="and" WC="0.96" CC="100"/>
						<SP ID="P2_SP01094" HPOS="3011" VPOS="2754" WIDTH="0"/>
					</TextLine>
					<TextLine ID="P2_TL00115" HPOS="1669" VPOS="2754" WIDTH="1341" HEIGHT="46">
						<String ID="word001124" HPOS="1669" VPOS="2767" WIDTH="50" HEIGHT="26" CONTENT="on" WC="1.00" CC="00"/>
						<SP ID="P2_SP01095" HPOS="1719" VPOS="2793" WIDTH="21"/>
						<String ID="word001125" HPOS="1740" VPOS="2757" WIDTH="72" HEIGHT="37" CONTENT="the" WC="1.00" CC="000"/>
						<SP ID="P2_SP01096" HPOS="1812" VPOS="2793" WIDTH="28"/>
						<String ID="word001126" HPOS="1840" VPOS="2757" WIDTH="164" HEIGHT="38" CONTENT="decease" WC="1.00" CC="0000000"/>
						<SP ID="P2_SP01097" HPOS="2004" VPOS="2794" WIDTH="30"/>
						<String ID="word001127" HPOS="2034" VPOS="2754" WIDTH="51" HEIGHT="39" CONTENT="of" WC="1.00" CC="00"/>
						<SP ID="P2_SP01098" HPOS="2085" VPOS="2794" WIDTH="32"/>
						<String ID="word001128" HPOS="2117" VPOS="2754" WIDTH="105" HEIGHT="40" CONTENT="Lord" WC="0.97" CC="1000"/>
						<SP ID="P2_SP01099" HPOS="2222" VPOS="2794" WIDTH="37"/>
						<String ID="word001129" HPOS="2258" VPOS="2754" WIDTH="203" HEIGHT="45" CONTENT="Amherst," WC="0.97" CC="00010001"/>
						<SP ID="P2_SP01100" HPOS="2461" VPOS="2799" WIDTH="31"/>
						<String ID="word001130" HPOS="2492" VPOS="2756" WIDTH="130" HEIGHT="38" CONTENT="about" WC="1.00" CC="00000"/>
						<SP ID="P2_SP01101" HPOS="2622" VPOS="2799" WIDTH="24"/>
						<String ID="word001131" HPOS="2646" VPOS="2759" WIDTH="115" HEIGHT="39" CONTENT="1799," WC="0.93" CC="01110"/>
						<SP ID="P2_SP01102" HPOS="2760" VPOS="2799" WIDTH="31"/>
						<String ID="word001132" HPOS="2791" VPOS="2754" WIDTH="61" HEIGHT="39" CONTENT="his" WC="1.00" CC="000"/>
						<SP ID="P2_SP01103" HPOS="2852" VPOS="2799" WIDTH="20"/>
						<String ID="word001133" HPOS="2872" VPOS="2756" WIDTH="137" HEIGHT="44" CONTENT="Royal" WC="0.98" CC="00100"/>
						<SP ID="P2_SP01104" HPOS="3009" VPOS="2799" WIDTH="0"/>
					</TextLine>
					<TextLine ID="P2_TL00116" HPOS="1672" VPOS="2806" WIDTH="1336" HEIGHT="62">
						<String ID="word001134" HPOS="1672" VPOS="2806" WIDTH="198" HEIGHT="52" CONTENT="Highness" WC="0.85" CC="70003100"/>
						<SP ID="P2_SP01105" HPOS="1871" VPOS="2858" WIDTH="18"/>
						<String ID="word001135" HPOS="1889" VPOS="2822" WIDTH="79" HEIGHT="25" CONTENT="was" WC="0.96" CC="010"/>
						<SP ID="P2_SP01106" HPOS="1968" VPOS="2858" WIDTH="18"/>
						<String ID="word001136" HPOS="1985" VPOS="2806" WIDTH="138" HEIGHT="61" CONTENT="finally" WC="0.92" CC="3000002"/>
						<SP ID="P2_SP01107" HPOS="2124" VPOS="2868" WIDTH="19"/>
						<String ID="word001137" HPOS="2143" VPOS="2806" WIDTH="210" HEIGHT="40" CONTENT="entrusted" WC="0.99" CC="000000010"/>
						<SP ID="P2_SP01108" HPOS="2353" VPOS="2868" WIDTH="21"/>
						<String ID="word001138" HPOS="2374" VPOS="2807" WIDTH="96" HEIGHT="38" CONTENT="with" WC="0.89" CC="0022"/>
						<SP ID="P2_SP01109" HPOS="2470" VPOS="2868" WIDTH="19"/>
						<String ID="word001139" HPOS="2489" VPOS="2806" WIDTH="71" HEIGHT="39" CONTENT="the" WC="1.00" CC="000"/>
						<SP ID="P2_SP01110" HPOS="2559" VPOS="2868" WIDTH="20"/>
						<String ID="word001140" HPOS="2580" VPOS="2807" WIDTH="97" HEIGHT="51" CONTENT="high" WC="0.94" CC="0020"/>
						<SP ID="P2_SP01111" HPOS="2676" VPOS="2868" WIDTH="21"/>
						<String ID="word001141" HPOS="2698" VPOS="2811" WIDTH="91" HEIGHT="47" CONTENT="post" WC="0.97" CC="0010"/>
						<SP ID="P2_SP01112" HPOS="2789" VPOS="2868" WIDTH="24"/>
						<String ID="word001142" HPOS="2812" VPOS="2806" WIDTH="50" HEIGHT="39" CONTENT="of" WC="1.00" CC="00"/>
						<SP ID="P2_SP01113" HPOS="2862" VPOS="2868" WIDTH="24"/>
						<String ID="word001143" HPOS="2885" VPOS="2810" WIDTH="92" HEIGHT="39" CONTENT="Com" SUBS_TYPE="HypPart1" SUBS_CONTENT="Commander" WC="0.83" CC="004"/>
						<HYP HPOS="2978" VPOS="2810" WIDTH="30" CONTENT="-"/>
					</TextLine>
					<TextLine ID="P2_TL00117" HPOS="1671" VPOS="2858" WIDTH="1340" HEIGHT="56">
						<String ID="word001144" HPOS="1671" VPOS="2861" WIDTH="168" HEIGHT="39" CONTENT="mander" SUBS_TYPE="HypPart2" SUBS_CONTENT="Commander" WC="0.98" CC="001000"/>
						<SP ID="P2_SP01114" HPOS="1839" VPOS="2900" WIDTH="20"/>
						<String ID="word001145" HPOS="1859" VPOS="2862" WIDTH="35" HEIGHT="37" CONTENT="in" WC="1.00" CC="00"/>
						<SP ID="P2_SP01115" HPOS="1894" VPOS="2900" WIDTH="24"/>
						<String ID="word001146" HPOS="1918" VPOS="2859" WIDTH="122" HEIGHT="41" CONTENT="Chief" WC="0.98" CC="10000"/>
						<SP ID="P2_SP01116" HPOS="2040" VPOS="2901" WIDTH="22"/>
						<String ID="word001147" HPOS="2062" VPOS="2861" WIDTH="44" HEIGHT="38" CONTENT="of" WC="1.00" CC="00"/>
						<SP ID="P2_SP01117" HPOS="2106" VPOS="2901" WIDTH="28"/>
						<String ID="word001148" HPOS="2134" VPOS="2859" WIDTH="71" HEIGHT="39" CONTENT="the" WC="1.00" CC="000"/>
						<SP ID="P2_SP01118" HPOS="2205" VPOS="2901" WIDTH="22"/>
						<String ID="word001149" HPOS="2228" VPOS="2858" WIDTH="144" HEIGHT="40" CONTENT="British" WC="1.00" CC="0000000"/>
						<SP ID="P2_SP01119" HPOS="2372" VPOS="2901" WIDTH="21"/>
						<String ID="word001150" HPOS="2393" VPOS="2864" WIDTH="141" HEIGHT="48" CONTENT="Army." WC="0.95" CC="00110"/>
						<SP ID="P2_SP01120" HPOS="2533" VPOS="2913" WIDTH="63"/>
						<String ID="word001151" HPOS="2596" VPOS="2861" WIDTH="63" HEIGHT="37" CONTENT="lie" WC="0.41" CC="772"/>
						<SP ID="P2_SP01121" HPOS="2659" VPOS="2913" WIDTH="19"/>
						<String ID="word001152" HPOS="2678" VPOS="2858" WIDTH="78" HEIGHT="39" CONTENT="had" WC="0.96" CC="001"/>
						<SP ID="P2_SP01122" HPOS="2756" VPOS="2913" WIDTH="21"/>
						<String ID="word001153" HPOS="2777" VPOS="2859" WIDTH="234" HEIGHT="54" CONTENT="previously" WC="0.98" CC="0001000010"/>
						<SP ID="P2_SP01123" HPOS="3011" VPOS="2914" WIDTH="0"/>
					</TextLine>
					<TextLine ID="P2_TL00118" HPOS="1669" VPOS="2909" WIDTH="1341" HEIGHT="56">
						<String ID="word001154" HPOS="1669" VPOS="2914" WIDTH="174" HEIGHT="51" CONTENT="enjoyed" WC="0.98" CC="0000010"/>
						<SP ID="P2_SP01124" HPOS="1843" VPOS="2965" WIDTH="21"/>
						<String ID="word001155" HPOS="1864" VPOS="2914" WIDTH="52" HEIGHT="38" CONTENT="all" WC="0.81" CC="122"/>
						<SP ID="P2_SP01125" HPOS="1916" VPOS="2965" WIDTH="20"/>
						<String ID="word001156" HPOS="1936" VPOS="2914" WIDTH="70" HEIGHT="38" CONTENT="the" WC="0.96" CC="001"/>
						<SP ID="P2_SP01126" HPOS="2006" VPOS="2965" WIDTH="18"/>
						<String ID="word001157" HPOS="2023" VPOS="2909" WIDTH="198" HEIGHT="56" CONTENT="supposed" WC="1.00" CC="00000000"/>
						<SP ID="P2_SP01127" HPOS="2222" VPOS="2965" WIDTH="20"/>
						<String ID="word001158" HPOS="2242" VPOS="2911" WIDTH="252" HEIGHT="51" CONTENT="advantages" WC="1.00" CC="0000000000"/>
						<SP ID="P2_SP01128" HPOS="2493" VPOS="2965" WIDTH="19"/>
						<String ID="word001159" HPOS="2512" VPOS="2910" WIDTH="50" HEIGHT="40" CONTENT="of" WC="1.00" CC="00"/>
						<SP ID="P2_SP01129" HPOS="2562" VPOS="2965" WIDTH="13"/>
						<String ID="word001160" HPOS="2575" VPOS="2910" WIDTH="174" HEIGHT="53" CONTENT="military" WC="1.00" CC="00000000"/>
						<SP ID="P2_SP01130" HPOS="2748" VPOS="2965" WIDTH="22"/>
						<String ID="word001161" HPOS="2771" VPOS="2911" WIDTH="239" HEIGHT="48" CONTENT="education," WC="1.00" CC="0000000000"/>
						<SP ID="P2_SP01131" HPOS="3009" VPOS="2965" WIDTH="0"/>
					</TextLine>
					<TextLine ID="P2_TL00119" HPOS="1672" VPOS="2963" WIDTH="1333" HEIGHT="54">
						<String ID="word001162" HPOS="1672" VPOS="2965" WIDTH="99" HEIGHT="39" CONTENT="both" WC="1.00" CC="0000"/>
						<SP ID="P2_SP01132" HPOS="1772" VPOS="3004" WIDTH="20"/>
						<String ID="word001163" HPOS="1792" VPOS="2972" WIDTH="44" HEIGHT="33" CONTENT="at" WC="0.94" CC="01"/>
						<SP ID="P2_SP01133" HPOS="1835" VPOS="3005" WIDTH="17"/>
						<String ID="word001164" HPOS="1852" VPOS="2967" WIDTH="122" HEIGHT="38" CONTENT="home" WC="1.00" CC="0000"/>
						<SP ID="P2_SP01134" HPOS="1974" VPOS="3005" WIDTH="19"/>
						<String ID="word001165" HPOS="1993" VPOS="2966" WIDTH="79" HEIGHT="38" CONTENT="and" WC="0.96" CC="100"/>
						<SP ID="P2_SP01135" HPOS="2072" VPOS="3005" WIDTH="20"/>
						<String ID="word001166" HPOS="2092" VPOS="2963" WIDTH="155" HEIGHT="41" CONTENT="abroad" WC="0.96" CC="000002"/>
						<SP ID="P2_SP01136" HPOS="2246" VPOS="3005" WIDTH="18"/>
						<String ID="word001167" HPOS="2264" VPOS="2981" WIDTH="12" HEIGHT="28" CONTENT=";" WC="0.78" CC="2"/>
						<SP ID="P2_SP01137" HPOS="2276" VPOS="3009" WIDTH="31"/>
						<String ID="word001168" HPOS="2307" VPOS="2963" WIDTH="132" HEIGHT="45" CONTENT="while," WC="1.00" CC="000000"/>
						<SP ID="P2_SP01138" HPOS="2439" VPOS="3009" WIDTH="22"/>
						<String ID="word001169" HPOS="2461" VPOS="2963" WIDTH="50" HEIGHT="53" CONTENT="by" WC="1.00" CC="00"/>
						<SP ID="P2_SP01139" HPOS="2511" VPOS="3017" WIDTH="19"/>
						<String ID="word001170" HPOS="2530" VPOS="2965" WIDTH="70" HEIGHT="38" CONTENT="the" WC="0.96" CC="001"/>
						<SP ID="P2_SP01140" HPOS="2600" VPOS="3017" WIDTH="13"/>
						<String ID="word001171" HPOS="2613" VPOS="2965" WIDTH="132" HEIGHT="39" CONTENT="active" WC="0.98" CC="000001"/>
						<SP ID="P2_SP01141" HPOS="2745" VPOS="3017" WIDTH="18"/>
						<String ID="word001172" HPOS="2763" VPOS="2970" WIDTH="96" HEIGHT="45" CONTENT="part" WC="0.97" CC="0100"/>
						<SP ID="P2_SP01142" HPOS="2858" VPOS="3017" WIDTH="20"/>
						<String ID="word001173" HPOS="2878" VPOS="2967" WIDTH="126" HEIGHT="39" CONTENT="which" WC="0.98" CC="10000"/>
						<SP ID="P2_SP01143" HPOS="3005" VPOS="3017" WIDTH="0"/>
					</TextLine>
					<TextLine ID="P2_TL00120" HPOS="1672" VPOS="3015" WIDTH="1336" HEIGHT="56">
						<String ID="word001174" HPOS="1672" VPOS="3017" WIDTH="51" HEIGHT="39" CONTENT="he" WC="0.94" CC="01"/>
						<SP ID="P2_SP01144" HPOS="1723" VPOS="3056" WIDTH="21"/>
						<String ID="word001175" HPOS="1744" VPOS="3019" WIDTH="81" HEIGHT="39" CONTENT="hail" WC="0.86" CC="2021"/>
						<SP ID="P2_SP01145" HPOS="1826" VPOS="3058" WIDTH="21"/>
						<String ID="word001176" HPOS="1847" VPOS="3018" WIDTH="139" HEIGHT="46" CONTENT="taken," WC="0.98" CC="001000"/>
						<SP ID="P2_SP01146" HPOS="1987" VPOS="3064" WIDTH="34"/>
						<String ID="word001177" HPOS="2021" VPOS="3018" WIDTH="148" HEIGHT="52" CONTENT="during" WC="0.87" CC="500110"/>
						<SP ID="P2_SP01147" HPOS="2169" VPOS="3070" WIDTH="26"/>
						<String ID="word001178" HPOS="2194" VPOS="3018" WIDTH="72" HEIGHT="39" CONTENT="the" WC="1.00" CC="000"/>
						<SP ID="P2_SP01148" HPOS="2267" VPOS="3070" WIDTH="18"/>
						<String ID="word001179" HPOS="2284" VPOS="3017" WIDTH="109" HEIGHT="52" CONTENT="early" WC="1.00" CC="00000"/>
						<SP ID="P2_SP01149" HPOS="2393" VPOS="3070" WIDTH="21"/>
						<String ID="word001180" HPOS="2414" VPOS="3022" WIDTH="135" HEIGHT="48" CONTENT="stages" WC="0.96" CC="100001"/>
						<SP ID="P2_SP01150" HPOS="2549" VPOS="3071" WIDTH="31"/>
						<String ID="word001181" HPOS="2580" VPOS="3015" WIDTH="51" HEIGHT="39" CONTENT="of" WC="1.00" CC="00"/>
						<SP ID="P2_SP01151" HPOS="2630" VPOS="3071" WIDTH="26"/>
						<String ID="word001182" HPOS="2656" VPOS="3017" WIDTH="69" HEIGHT="39" CONTENT="the" WC="0.96" CC="001"/>
						<SP ID="P2_SP01152" HPOS="2725" VPOS="3071" WIDTH="31"/>
						<String ID="word001183" HPOS="2756" VPOS="3018" WIDTH="252" HEIGHT="47" CONTENT="revolution," WC="0.98" CC="00000000011"/>
						<SP ID="P2_SP01153" HPOS="3007" VPOS="3071" WIDTH="0"/>
					</TextLine>
					<TextLine ID="P2_TL00121" HPOS="1672" VPOS="3069" WIDTH="1337" HEIGHT="53">
						<String ID="word001184" HPOS="1672" VPOS="3070" WIDTH="159" HEIGHT="52" CONTENT="against" WC="0.98" CC="0001000"/>
						<SP ID="P2_SP01154" HPOS="1832" VPOS="3122" WIDTH="18"/>
						<String ID="word001185" HPOS="1850" VPOS="3072" WIDTH="69" HEIGHT="39" CONTENT="the" WC="0.96" CC="001"/>
						<SP ID="P2_SP01155" HPOS="1918" VPOS="3122" WIDTH="19"/>
						<String ID="word001186" HPOS="1937" VPOS="3071" WIDTH="175" HEIGHT="40" CONTENT="enemies" WC="1.00" CC="0000000"/>
						<SP ID="P2_SP01156" HPOS="2112" VPOS="3122" WIDTH="19"/>
						<String ID="word001187" HPOS="2131" VPOS="3070" WIDTH="50" HEIGHT="40" CONTENT="of" WC="1.00" CC="00"/>
						<SP ID="P2_SP01157" HPOS="2180" VPOS="3122" WIDTH="22"/>
						<String ID="word001188" HPOS="2203" VPOS="3070" WIDTH="81" HEIGHT="39" CONTENT="this" WC="0.97" CC="0010"/>
						<SP ID="P2_SP01158" HPOS="2284" VPOS="3122" WIDTH="18"/>
						<String ID="word001189" HPOS="2302" VPOS="3074" WIDTH="191" HEIGHT="46" CONTENT="country," WC="0.97" CC="10010000"/>
						<SP ID="P2_SP01159" HPOS="2493" VPOS="3122" WIDTH="31"/>
						<String ID="word001190" HPOS="2524" VPOS="3070" WIDTH="51" HEIGHT="39" CONTENT="he" WC="1.00" CC="00"/>
						<SP ID="P2_SP01160" HPOS="2575" VPOS="3122" WIDTH="20"/>
						<String ID="word001191" HPOS="2595" VPOS="3081" WIDTH="80" HEIGHT="26" CONTENT="was" WC="0.93" CC="011"/>
						<SP ID="P2_SP01161" HPOS="2675" VPOS="3122" WIDTH="20"/>
						<String ID="word001192" HPOS="2695" VPOS="3069" WIDTH="244" HEIGHT="43" CONTENT="understood" WC="0.99" CC="0001000000"/>
						<SP ID="P2_SP01162" HPOS="2940" VPOS="3122" WIDTH="24"/>
						<String ID="word001193" HPOS="2963" VPOS="3079" WIDTH="46" HEIGHT="33" CONTENT="to" WC="1.00" CC="00"/>
						<SP ID="P2_SP01163" HPOS="3009" VPOS="3122" WIDTH="0"/>
					</TextLine>
					<TextLine ID="P2_TL00122" HPOS="1672" VPOS="3122" WIDTH="1337" HEIGHT="57">
						<String ID="word001194" HPOS="1672" VPOS="3123" WIDTH="105" HEIGHT="40" CONTENT="have" WC="0.97" CC="0100"/>
						<SP ID="P2_SP01164" HPOS="1778" VPOS="3163" WIDTH="38"/>
						<String ID="word001195" HPOS="1815" VPOS="3125" WIDTH="170" HEIGHT="39" CONTENT="become" WC="0.85" CC="030401"/>
						<SP ID="P2_SP01165" HPOS="1985" VPOS="3164" WIDTH="35"/>
						<String ID="word001196" HPOS="2021" VPOS="3122" WIDTH="253" HEIGHT="54" CONTENT="practically," WC="0.99" CC="001000000000"/>
						<SP ID="P2_SP01166" HPOS="2274" VPOS="3176" WIDTH="38"/>
						<String ID="word001197" HPOS="2311" VPOS="3136" WIDTH="43" HEIGHT="26" CONTENT="as" WC="0.89" CC="11"/>
						<SP ID="P2_SP01167" HPOS="2354" VPOS="3176" WIDTH="34"/>
						<String ID="word001198" HPOS="2388" VPOS="3122" WIDTH="90" HEIGHT="40" CONTENT="well" WC="0.97" CC="0100"/>
						<SP ID="P2_SP01168" HPOS="2478" VPOS="3176" WIDTH="47"/>
						<String ID="word001199" HPOS="2525" VPOS="3136" WIDTH="41" HEIGHT="26" CONTENT="as" WC="1.00" CC="00"/>
						<SP ID="P2_SP01169" HPOS="2567" VPOS="3176" WIDTH="38"/>
						<String ID="word001200" HPOS="2604" VPOS="3122" WIDTH="300" HEIGHT="57" CONTENT="theoretically," WC="0.97" CC="00100100100100"/>
						<SP ID="P2_SP01170" HPOS="2904" VPOS="3178" WIDTH="35"/>
						<String ID="word001201" HPOS="2940" VPOS="3138" WIDTH="47" HEIGHT="27" CONTENT="ac" SUBS_TYPE="HypPart1" SUBS_CONTENT="acquainted" WC="0.96" CC="01"/>
						<HYP HPOS="2987" VPOS="3138" WIDTH="22" CONTENT="-"/>
					</TextLine>
					<TextLine ID="P2_TL00123" HPOS="1671" VPOS="3175" WIDTH="836" HEIGHT="54">
						<String ID="word001202" HPOS="1671" VPOS="3177" WIDTH="193" HEIGHT="52" CONTENT="quainted" SUBS_TYPE="HypPart2" SUBS_CONTENT="acquainted" WC="0.99" CC="00000010"/>
						<SP ID="P2_SP01171" HPOS="1864" VPOS="3229" WIDTH="19"/>
						<String ID="word001203" HPOS="1883" VPOS="3177" WIDTH="97" HEIGHT="38" CONTENT="with" WC="1.00" CC="0000"/>
						<SP ID="P2_SP01172" HPOS="1980" VPOS="3229" WIDTH="20"/>
						<String ID="word001204" HPOS="2000" VPOS="3176" WIDTH="60" HEIGHT="40" CONTENT="his" WC="0.85" CC="022"/>
						<SP ID="P2_SP01173" HPOS="2060" VPOS="3229" WIDTH="18"/>
						<String ID="word001205" HPOS="2078" VPOS="3175" WIDTH="265" HEIGHT="53" CONTENT="professional" WC="0.79" CC="312102342113"/>
						<SP ID="P2_SP01174" HPOS="2342" VPOS="3229" WIDTH="20"/>
						<String ID="word001206" HPOS="2362" VPOS="3175" WIDTH="145" HEIGHT="39" CONTENT="duties." WC="0.95" CC="0000030"/>
						<SP ID="P2_SP01175" HPOS="2507" VPOS="3229" WIDTH="0"/>
					</TextLine>
					<TextLine ID="P2_TL00124" HPOS="1724" VPOS="3227" WIDTH="1286" HEIGHT="54">
						<String ID="word001207" HPOS="1724" VPOS="3230" WIDTH="59" HEIGHT="37" CONTENT="(If" WC="0.81" CC="140"/>
						<SP ID="P2_SP01176" HPOS="1783" VPOS="3267" WIDTH="13"/>
						<String ID="word001208" HPOS="1796" VPOS="3230" WIDTH="70" HEIGHT="37" CONTENT="the" WC="0.96" CC="001"/>
						<SP ID="P2_SP01177" HPOS="1866" VPOS="3267" WIDTH="20"/>
						<String ID="word001209" HPOS="1886" VPOS="3229" WIDTH="174" HEIGHT="52" CONTENT="military" WC="0.92" CC="11130000"/>
						<SP ID="P2_SP01178" HPOS="2060" VPOS="3281" WIDTH="24"/>
						<String ID="word001210" HPOS="2083" VPOS="3229" WIDTH="211" HEIGHT="39" CONTENT="character" WC="0.97" CC="000001010"/>
						<SP ID="P2_SP01179" HPOS="2295" VPOS="3281" WIDTH="18"/>
						<String ID="word001211" HPOS="2313" VPOS="3229" WIDTH="48" HEIGHT="38" CONTENT="of" WC="1.00" CC="00"/>
						<SP ID="P2_SP01180" HPOS="2361" VPOS="3281" WIDTH="13"/>
						<String ID="word001212" HPOS="2374" VPOS="3228" WIDTH="79" HEIGHT="39" CONTENT="this" WC="0.97" CC="0001"/>
						<SP ID="P2_SP01181" HPOS="2453" VPOS="3281" WIDTH="25"/>
						<String ID="word001213" HPOS="2478" VPOS="3228" WIDTH="154" HEIGHT="45" CONTENT="Prince," WC="0.92" CC="1000310"/>
						<SP ID="P2_SP01182" HPOS="2631" VPOS="3281" WIDTH="20"/>
						<String ID="word001214" HPOS="2652" VPOS="3227" WIDTH="31" HEIGHT="41" CONTENT="it" WC="1.00" CC="00"/>
						<SP ID="P2_SP01183" HPOS="2682" VPOS="3281" WIDTH="18"/>
						<String ID="word001215" HPOS="2700" VPOS="3228" WIDTH="32" HEIGHT="38" CONTENT="is" WC="1.00" CC="00"/>
						<SP ID="P2_SP01184" HPOS="2732" VPOS="3281" WIDTH="21"/>
						<String ID="word001216" HPOS="2753" VPOS="3233" WIDTH="73" HEIGHT="34" CONTENT="not" WC="1.00" CC="000"/>
						<SP ID="P2_SP01185" HPOS="2826" VPOS="3281" WIDTH="18"/>
						<String ID="word001217" HPOS="2844" VPOS="3242" WIDTH="94" HEIGHT="31" CONTENT="easy" WC="0.97" CC="0010"/>
						<SP ID="P2_SP01186" HPOS="2939" VPOS="3281" WIDTH="20"/>
						<String ID="word001218" HPOS="2959" VPOS="3235" WIDTH="51" HEIGHT="34" CONTENT="to" WC="0.61" CC="25"/>
						<SP ID="P2_SP01187" HPOS="3009" VPOS="3281" WIDTH="0"/>
					</TextLine>
					<TextLine ID="P2_TL00125" HPOS="1671" VPOS="3279" WIDTH="1337" HEIGHT="56">
						<String ID="word001219" HPOS="1671" VPOS="3281" WIDTH="125" HEIGHT="53" CONTENT="speak" WC="0.98" CC="00001"/>
						<SP ID="P2_SP01188" HPOS="1796" VPOS="3334" WIDTH="22"/>
						<String ID="word001220" HPOS="1819" VPOS="3282" WIDTH="93" HEIGHT="38" CONTENT="with" WC="0.97" CC="1000"/>
						<SP ID="P2_SP01189" HPOS="1912" VPOS="3334" WIDTH="21"/>
						<String ID="word001221" HPOS="1933" VPOS="3281" WIDTH="197" HEIGHT="52" CONTENT="precision" WC="0.94" CC="000011201"/>
						<SP ID="P2_SP01190" HPOS="2131" VPOS="3334" WIDTH="19"/>
						<String ID="word001222" HPOS="2150" VPOS="3279" WIDTH="78" HEIGHT="41" CONTENT="and" WC="1.00" CC="000"/>
						<SP ID="P2_SP01191" HPOS="2228" VPOS="3334" WIDTH="22"/>
						<String ID="word001223" HPOS="2250" VPOS="3280" WIDTH="269" HEIGHT="53" CONTENT="intelligence." WC="0.96" CC="1100000001020"/>
						<SP ID="P2_SP01192" HPOS="2519" VPOS="3334" WIDTH="57"/>
						<String ID="word001224" HPOS="2576" VPOS="3281" WIDTH="109" HEIGHT="38" CONTENT="With" WC="0.92" CC="2100"/>
						<SP ID="P2_SP01193" HPOS="2685" VPOS="3334" WIDTH="21"/>
						<String ID="word001225" HPOS="2706" VPOS="3281" WIDTH="70" HEIGHT="39" CONTENT="the" WC="0.96" CC="001"/>
						<SP ID="P2_SP01194" HPOS="2776" VPOS="3334" WIDTH="26"/>
						<String ID="word001226" HPOS="2802" VPOS="3282" WIDTH="86" HEIGHT="39" CONTENT="best" WC="0.94" CC="1100"/>
						<SP ID="P2_SP01195" HPOS="2888" VPOS="3334" WIDTH="27"/>
						<String ID="word001227" HPOS="2915" VPOS="3295" WIDTH="71" HEIGHT="39" CONTENT="pos" SUBS_TYPE="HypPart1" SUBS_CONTENT="possible" WC="0.67" CC="214"/>
						<HYP HPOS="2986" VPOS="3295" WIDTH="22" CONTENT="-"/>
					</TextLine>
					<TextLine ID="P2_TL00126" HPOS="1671" VPOS="3333" WIDTH="1337" HEIGHT="53">
						<String ID="word001228" HPOS="1671" VPOS="3334" WIDTH="99" HEIGHT="39" CONTENT="sible" SUBS_TYPE="HypPart2" SUBS_CONTENT="possible" WC="0.60" CC="36333"/>
						<SP ID="P2_SP01196" HPOS="1770" VPOS="3373" WIDTH="20"/>
						<String ID="word001229" HPOS="1791" VPOS="3334" WIDTH="217" HEIGHT="39" CONTENT="intentions" WC="0.95" CC="0000110011"/>
						<SP ID="P2_SP01197" HPOS="2008" VPOS="3373" WIDTH="19"/>
						<String ID="word001230" HPOS="2027" VPOS="3340" WIDTH="45" HEIGHT="33" CONTENT="to" WC="1.00" CC="00"/>
						<SP ID="P2_SP01198" HPOS="2072" VPOS="3373" WIDTH="19"/>
						<String ID="word001231" HPOS="2091" VPOS="3347" WIDTH="115" HEIGHT="26" CONTENT="serve" WC="0.98" CC="01000"/>
						<SP ID="P2_SP01199" HPOS="2205" VPOS="3373" WIDTH="20"/>
						<String ID="word001232" HPOS="2225" VPOS="3334" WIDTH="60" HEIGHT="38" CONTENT="his" WC="0.93" CC="011"/>
						<SP ID="P2_SP01200" HPOS="2285" VPOS="3373" WIDTH="17"/>
						<String ID="word001233" HPOS="2302" VPOS="3338" WIDTH="195" HEIGHT="48" CONTENT="country," WC="0.85" CC="01460000"/>
						<SP ID="P2_SP01201" HPOS="2497" VPOS="3386" WIDTH="35"/>
						<String ID="word001234" HPOS="2532" VPOS="3333" WIDTH="59" HEIGHT="39" CONTENT="his" WC="0.89" CC="012"/>
						<SP ID="P2_SP01202" HPOS="2591" VPOS="3386" WIDTH="30"/>
						<String ID="word001235" HPOS="2621" VPOS="3335" WIDTH="219" HEIGHT="45" CONTENT="exertions," WC="0.93" CC="1120010100"/>
						<SP ID="P2_SP01203" HPOS="2839" VPOS="3386" WIDTH="30"/>
						<String ID="word001236" HPOS="2869" VPOS="3334" WIDTH="31" HEIGHT="40" CONTENT="it" WC="0.94" CC="01"/>
						<SP ID="P2_SP01204" HPOS="2900" VPOS="3386" WIDTH="31"/>
						<String ID="word001237" HPOS="2930" VPOS="3335" WIDTH="19" HEIGHT="40" CONTENT="w" WC="0.92" CC="1"/>
						<String ID="word001238" HPOS="2949" VPOS="3335" WIDTH="19" HEIGHT="40" CONTENT="i" STYLE="subscript" WC="0.92" CC="1"/>
						<String ID="word001239" HPOS="2968" VPOS="3335" WIDTH="40" HEIGHT="40" CONTENT="ll" WC="0.92" CC="01"/>
						<SP ID="P2_SP01205" HPOS="3008" VPOS="3386" WIDTH="0"/>
					</TextLine>
					<TextLine ID="P2_TL00127" HPOS="1672" VPOS="3386" WIDTH="1337" HEIGHT="52">
						<String ID="word001240" HPOS="1672" VPOS="3387" WIDTH="142" HEIGHT="51" CONTENT="hardly" WC="0.94" CC="000030"/>
						<SP ID="P2_SP01206" HPOS="1814" VPOS="3438" WIDTH="22"/>
						<String ID="word001241" HPOS="1837" VPOS="3386" WIDTH="47" HEIGHT="39" CONTENT="be" WC="0.89" CC="11"/>
						<SP ID="P2_SP01207" HPOS="1884" VPOS="3438" WIDTH="19"/>
						<String ID="word001242" HPOS="1903" VPOS="3386" WIDTH="161" HEIGHT="45" CONTENT="denied," WC="0.78" CC="3340202"/>
						<SP ID="P2_SP01208" HPOS="2063" VPOS="3438" WIDTH="28"/>
						<String ID="word001243" HPOS="2092" VPOS="3387" WIDTH="103" HEIGHT="38" CONTENT="have" WC="0.97" CC="0100"/>
						<SP ID="P2_SP01209" HPOS="2194" VPOS="3438" WIDTH="25"/>
						<String ID="word001244" HPOS="2219" VPOS="3389" WIDTH="99" HEIGHT="37" CONTENT="been" WC="0.94" CC="0101"/>
						<SP ID="P2_SP01210" HPOS="2319" VPOS="3438" WIDTH="33"/>
						<String ID="word001245" HPOS="2352" VPOS="3386" WIDTH="219" HEIGHT="52" CONTENT="singularly" WC="0.69" CC="2235224332"/>
						<SP ID="P2_SP01211" HPOS="2570" VPOS="3438" WIDTH="25"/>
						<String ID="word001246" HPOS="2595" VPOS="3386" WIDTH="268" HEIGHT="39" CONTENT="unsuccessful" WC="0.98" CC="000000000011"/>
						<SP ID="P2_SP01212" HPOS="2863" VPOS="3438" WIDTH="21"/>
						<String ID="word001247" HPOS="2884" VPOS="3404" WIDTH="12" HEIGHT="28" CONTENT=";" WC="1.00" CC="0"/>
						<SP ID="P2_SP01213" HPOS="2896" VPOS="3438" WIDTH="32"/>
						<String ID="word001248" HPOS="2928" VPOS="3389" WIDTH="81" HEIGHT="41" CONTENT="and" WC="1.00" CC="000"/>
						<SP ID="P2_SP01214" HPOS="3009" VPOS="3438" WIDTH="0"/>
					</TextLine>
					<TextLine ID="P2_TL00128" HPOS="1674" VPOS="3439" WIDTH="1332" HEIGHT="52">
						<String ID="word001249" HPOS="1674" VPOS="3439" WIDTH="117" HEIGHT="46" CONTENT="have," WC="0.98" CC="00100"/>
						<SP ID="P2_SP01215" HPOS="1791" VPOS="3485" WIDTH="24"/>
						<String ID="word001250" HPOS="1814" VPOS="3452" WIDTH="92" HEIGHT="39" CONTENT="very" WC="0.92" CC="0300"/>
						<SP ID="P2_SP01216" HPOS="1906" VPOS="3491" WIDTH="26"/>
						<String ID="word001251" HPOS="1932" VPOS="3439" WIDTH="326" HEIGHT="52" CONTENT="unauspiciously" WC="0.88" CC="03505100001000"/>
						<SP ID="P2_SP01217" HPOS="2258" VPOS="3491" WIDTH="34"/>
						<String ID="word001252" HPOS="2293" VPOS="3439" WIDTH="65" HEIGHT="39" CONTENT="for" WC="0.96" CC="001"/>
						<SP ID="P2_SP01218" HPOS="2357" VPOS="3491" WIDTH="33"/>
						<String ID="word001253" HPOS="2391" VPOS="3441" WIDTH="70" HEIGHT="38" CONTENT="the" WC="0.67" CC="252"/>
						<SP ID="P2_SP01219" HPOS="2460" VPOS="3491" WIDTH="33"/>
						<String ID="word001254" HPOS="2493" VPOS="3444" WIDTH="172" HEIGHT="47" CONTENT="country" WC="0.94" CC="0103000"/>
						<SP ID="P2_SP01220" HPOS="2666" VPOS="3491" WIDTH="32"/>
						<String ID="word001255" HPOS="2698" VPOS="3450" WIDTH="41" HEIGHT="28" CONTENT="as" WC="1.00" CC="00"/>
						<SP ID="P2_SP01221" HPOS="2739" VPOS="3491" WIDTH="18"/>
						<String ID="word001256" HPOS="2757" VPOS="3439" WIDTH="89" HEIGHT="39" CONTENT="well" WC="0.97" CC="0010"/>
						<SP ID="P2_SP01222" HPOS="2845" VPOS="3491" WIDTH="22"/>
						<String ID="word001257" HPOS="2868" VPOS="3454" WIDTH="41" HEIGHT="25" CONTENT="as" WC="0.94" CC="01"/>
						<SP ID="P2_SP01223" HPOS="2909" VPOS="3491" WIDTH="22"/>
						<String ID="word001258" HPOS="2931" VPOS="3455" WIDTH="50" HEIGHT="25" CONTENT="un" SUBS_TYPE="HypPart1" SUBS_CONTENT="unhappily" WC="0.78" CC="40"/>
						<HYP HPOS="2981" VPOS="3455" WIDTH="25" CONTENT="-"/>
					</TextLine>
					<TextLine ID="P2_TL00129" HPOS="1672" VPOS="3491" WIDTH="1336" HEIGHT="54">
						<String ID="word001259" HPOS="1672" VPOS="3491" WIDTH="164" HEIGHT="52" CONTENT="happily" SUBS_TYPE="HypPart2" SUBS_CONTENT="unhappily" WC="0.84" CC="5100112"/>
						<SP ID="P2_SP01224" HPOS="1837" VPOS="3543" WIDTH="21"/>
						<String ID="word001260" HPOS="1858" VPOS="3493" WIDTH="63" HEIGHT="38" CONTENT="for" WC="0.81" CC="140"/>
						<SP ID="P2_SP01225" HPOS="1920" VPOS="3543" WIDTH="20"/>
						<String ID="word001261" HPOS="1941" VPOS="3493" WIDTH="175" HEIGHT="46" CONTENT="himself," WC="0.96" CC="01001010"/>
						<SP ID="P2_SP01226" HPOS="2115" VPOS="3543" WIDTH="32"/>
						<String ID="word001262" HPOS="2147" VPOS="3493" WIDTH="162" HEIGHT="40" CONTENT="created" WC="0.97" CC="0010010"/>
						<SP ID="P2_SP01227" HPOS="2309" VPOS="3543" WIDTH="31"/>
						<String ID="word001263" HPOS="2340" VPOS="3493" WIDTH="96" HEIGHT="39" CONTENT="such" WC="0.92" CC="1110"/>
						<SP ID="P2_SP01228" HPOS="2435" VPOS="3543" WIDTH="50"/>
						<String ID="word001264" HPOS="2485" VPOS="3494" WIDTH="317" HEIGHT="51" CONTENT="prepossessions" WC="0.90" CC="11011211102001"/>
						<SP ID="P2_SP01229" HPOS="2802" VPOS="3544" WIDTH="26"/>
						<String ID="word001265" HPOS="2828" VPOS="3506" WIDTH="44" HEIGHT="26" CONTENT="as" WC="1.00" CC="00"/>
						<SP ID="P2_SP01230" HPOS="2871" VPOS="3544" WIDTH="27"/>
						<String ID="word001266" HPOS="2898" VPOS="3507" WIDTH="110" HEIGHT="26" CONTENT="seem" WC="0.86" CC="0203"/>
						<SP ID="P2_SP01231" HPOS="3008" VPOS="3544" WIDTH="0"/>
					</TextLine>
					<TextLine ID="P2_TL00130" HPOS="1671" VPOS="3544" WIDTH="1339" HEIGHT="54">
						<String ID="word001267" HPOS="1671" VPOS="3544" WIDTH="242" HEIGHT="53" CONTENT="completely" WC="0.93" CC="1000220100"/>
						<SP ID="P2_SP01232" HPOS="1913" VPOS="3598" WIDTH="20"/>
						<String ID="word001268" HPOS="1933" VPOS="3550" WIDTH="45" HEIGHT="34" CONTENT="to" WC="1.00" CC="00"/>
						<SP ID="P2_SP01233" HPOS="1978" VPOS="3598" WIDTH="20"/>
						<String ID="word001269" HPOS="1998" VPOS="3544" WIDTH="190" HEIGHT="53" CONTENT="preclude" WC="0.93" CC="00010301"/>
						<SP ID="P2_SP01234" HPOS="2189" VPOS="3598" WIDTH="32"/>
						<String ID="word001270" HPOS="2220" VPOS="3546" WIDTH="85" HEIGHT="38" CONTENT="him" WC="1.00" CC="000"/>
						<SP ID="P2_SP01235" HPOS="2306" VPOS="3598" WIDTH="31"/>
						<String ID="word001271" HPOS="2336" VPOS="3544" WIDTH="107" HEIGHT="39" CONTENT="from" WC="1.00" CC="0000"/>
						<SP ID="P2_SP01236" HPOS="2444" VPOS="3598" WIDTH="34"/>
						<String ID="word001272" HPOS="2478" VPOS="3544" WIDTH="244" HEIGHT="51" CONTENT="attempting" WC="0.95" CC="1001100001"/>
						<SP ID="P2_SP01237" HPOS="2722" VPOS="3598" WIDTH="33"/>
						<String ID="word001273" HPOS="2756" VPOS="3549" WIDTH="46" HEIGHT="33" CONTENT="to" WC="1.00" CC="00"/>
						<SP ID="P2_SP01238" HPOS="2802" VPOS="3598" WIDTH="34"/>
						<String ID="word001274" HPOS="2836" VPOS="3547" WIDTH="174" HEIGHT="39" CONTENT="retrieve" WC="0.97" CC="00001100"/>
						<SP ID="P2_SP01239" HPOS="3009" VPOS="3598" WIDTH="0"/>
					</TextLine>
					<TextLine ID="P2_TL00131" HPOS="1672" VPOS="3596" WIDTH="1337" HEIGHT="56">
						<String ID="word001275" HPOS="1672" VPOS="3598" WIDTH="59" HEIGHT="39" CONTENT="his" WC="0.96" CC="001"/>
						<SP ID="P2_SP01240" HPOS="1731" VPOS="3637" WIDTH="20"/>
						<String ID="word001276" HPOS="1752" VPOS="3598" WIDTH="176" HEIGHT="54" CONTENT="military" WC="0.97" CC="01000100"/>
						<SP ID="P2_SP01241" HPOS="1928" VPOS="3652" WIDTH="22"/>
						<String ID="word001277" HPOS="1950" VPOS="3599" WIDTH="252" HEIGHT="50" CONTENT="reputation," WC="0.98" CC="01000001000"/>
						<SP ID="P2_SP01242" HPOS="2202" VPOS="3652" WIDTH="33"/>
						<String ID="word001278" HPOS="2235" VPOS="3596" WIDTH="78" HEIGHT="40" CONTENT="and" WC="0.89" CC="111"/>
						<SP ID="P2_SP01243" HPOS="2313" VPOS="3652" WIDTH="33"/>
						<String ID="word001279" HPOS="2346" VPOS="3598" WIDTH="106" HEIGHT="39" CONTENT="from" WC="1.00" CC="0000"/>
						<SP ID="P2_SP01244" HPOS="2452" VPOS="3652" WIDTH="33"/>
						<String ID="word001280" HPOS="2485" VPOS="3596" WIDTH="276" HEIGHT="52" CONTENT="establishing," WC="1.00" CC="0000000000000"/>
						<SP ID="P2_SP01245" HPOS="2761" VPOS="3652" WIDTH="34"/>
						<String ID="word001281" HPOS="2796" VPOS="3611" WIDTH="43" HEIGHT="25" CONTENT="as" WC="1.00" CC="00"/>
						<SP ID="P2_SP01246" HPOS="2838" VPOS="3652" WIDTH="32"/>
						<String ID="word001282" HPOS="2870" VPOS="3600" WIDTH="117" HEIGHT="37" CONTENT="other" SUBS_TYPE="HypPart1" SUBS_CONTENT="otherwise" WC="0.93" CC="00002"/>
						<HYP HPOS="2987" VPOS="3600" WIDTH="22" CONTENT="-"/>
					</TextLine>
					<TextLine ID="P2_TL00132" HPOS="1672" VPOS="3650" WIDTH="1337" HEIGHT="53">
						<String ID="word001283" HPOS="1672" VPOS="3652" WIDTH="92" HEIGHT="39" CONTENT="wise" SUBS_TYPE="HypPart2" SUBS_CONTENT="otherwise" WC="0.97" CC="0001"/>
						<SP ID="P2_SP01247" HPOS="1765" VPOS="3691" WIDTH="32"/>
						<String ID="word001284" HPOS="1796" VPOS="3651" WIDTH="51" HEIGHT="39" CONTENT="he" WC="1.00" CC="00"/>
						<SP ID="P2_SP01248" HPOS="1847" VPOS="3691" WIDTH="34"/>
						<String ID="word001285" HPOS="1881" VPOS="3651" WIDTH="172" HEIGHT="52" CONTENT="possibly" WC="0.99" CC="00010000"/>
						<SP ID="P2_SP01249" HPOS="2054" VPOS="3703" WIDTH="25"/>
						<String ID="word001286" HPOS="2079" VPOS="3651" WIDTH="145" HEIGHT="52" CONTENT="might," WC="0.98" CC="001000"/>
						<SP ID="P2_SP01250" HPOS="2224" VPOS="3703" WIDTH="41"/>
						<String ID="word001287" HPOS="2265" VPOS="3650" WIDTH="60" HEIGHT="39" CONTENT="his" WC="0.96" CC="001"/>
						<SP ID="P2_SP01251" HPOS="2326" VPOS="3703" WIDTH="31"/>
						<String ID="word001288" HPOS="2356" VPOS="3651" WIDTH="224" HEIGHT="39" CONTENT="character." WC="0.99" CC="0001000000"/>
						<SP ID="P2_SP01252" HPOS="2581" VPOS="3703" WIDTH="59"/>
						<String ID="word001289" HPOS="2640" VPOS="3650" WIDTH="188" HEIGHT="51" CONTENT="Singular" WC="0.97" CC="20000000"/>
						<SP ID="P2_SP01253" HPOS="2828" VPOS="3703" WIDTH="19"/>
						<String ID="word001290" HPOS="2846" VPOS="3652" WIDTH="163" HEIGHT="47" CONTENT="though" WC="0.67" CC="444114"/>
						<SP ID="P2_SP01254" HPOS="3009" VPOS="3703" WIDTH="0"/>
					</TextLine>
					<TextLine ID="P2_TL00133" HPOS="1671" VPOS="3702" WIDTH="1338" HEIGHT="54">
						<String ID="word001291" HPOS="1671" VPOS="3703" WIDTH="69" HEIGHT="39" CONTENT="the" WC="0.85" CC="310"/>
						<SP ID="P2_SP01255" HPOS="1740" VPOS="3742" WIDTH="27"/>
						<String ID="word001292" HPOS="1767" VPOS="3703" WIDTH="167" HEIGHT="51" CONTENT="opinion" WC="0.67" CC="3124344"/>
						<SP ID="P2_SP01256" HPOS="1933" VPOS="3754" WIDTH="33"/>
						<String ID="word001293" HPOS="1967" VPOS="3717" WIDTH="91" HEIGHT="38" CONTENT="may" WC="0.89" CC="300"/>
						<SP ID="P2_SP01257" HPOS="2057" VPOS="3755" WIDTH="22"/>
						<String ID="word001294" HPOS="2080" VPOS="3716" WIDTH="161" HEIGHT="40" CONTENT="appear." WC="0.89" CC="2111200"/>
						<SP ID="P2_SP01258" HPOS="2241" VPOS="3756" WIDTH="15"/>
						<String ID="word001295" HPOS="2256" VPOS="3707" WIDTH="43" HEIGHT="33" CONTENT="to" WC="1.00" CC="00"/>
						<SP ID="P2_SP01259" HPOS="2298" VPOS="3756" WIDTH="21"/>
						<String ID="word001296" HPOS="2320" VPOS="3704" WIDTH="155" HEIGHT="45" CONTENT="others," WC="0.98" CC="0000010"/>
						<SP ID="P2_SP01260" HPOS="2474" VPOS="3756" WIDTH="33"/>
						<String ID="word001297" HPOS="2507" VPOS="3706" WIDTH="13" HEIGHT="35" CONTENT="I" WC="0.56" CC="4"/>
						<SP ID="P2_SP01261" HPOS="2520" VPOS="3756" WIDTH="37"/>
						<String ID="word001298" HPOS="2557" VPOS="3703" WIDTH="152" HEIGHT="39" CONTENT="confess" WC="0.94" CC="1001011"/>
						<SP ID="P2_SP01262" HPOS="2709" VPOS="3756" WIDTH="21"/>
						<String ID="word001299" HPOS="2731" VPOS="3702" WIDTH="146" HEIGHT="52" CONTENT="myself" WC="0.85" CC="111320"/>
						<SP ID="P2_SP01263" HPOS="2877" VPOS="3756" WIDTH="15"/>
						<String ID="word001300" HPOS="2893" VPOS="3711" WIDTH="43" HEIGHT="32" CONTENT="to" WC="1.00" CC="00"/>
						<SP ID="P2_SP01264" HPOS="2935" VPOS="3756" WIDTH="22"/>
						<String ID="word001301" HPOS="2957" VPOS="3706" WIDTH="52" HEIGHT="35" CONTENT="be" WC="1.00" CC="00"/>
						<SP ID="P2_SP01265" HPOS="3009" VPOS="3756" WIDTH="0"/>
					</TextLine>
					<TextLine ID="P2_TL00134" HPOS="1670" VPOS="3755" WIDTH="1341" HEIGHT="48">
						<String ID="word001302" HPOS="1670" VPOS="3770" WIDTH="78" HEIGHT="25" CONTENT="one" WC="0.96" CC="010"/>
						<SP ID="P2_SP01266" HPOS="1748" VPOS="3795" WIDTH="22"/>
						<String ID="word001303" HPOS="1770" VPOS="3757" WIDTH="51" HEIGHT="38" CONTENT="of" WC="1.00" CC="00"/>
						<SP ID="P2_SP01267" HPOS="1821" VPOS="3795" WIDTH="14"/>
						<String ID="word001304" HPOS="1835" VPOS="3757" WIDTH="130" HEIGHT="46" CONTENT="those," WC="0.96" CC="000110"/>
						<SP ID="P2_SP01268" HPOS="1965" VPOS="3803" WIDTH="20"/>
						<String ID="word001305" HPOS="1985" VPOS="3757" WIDTH="111" HEIGHT="44" CONTENT="who," WC="1.00" CC="0000"/>
						<SP ID="P2_SP01269" HPOS="2096" VPOS="3803" WIDTH="19"/>
						<String ID="word001306" HPOS="2115" VPOS="3757" WIDTH="105" HEIGHT="39" CONTENT="from" WC="0.92" CC="0012"/>
						<SP ID="P2_SP01270" HPOS="2220" VPOS="3803" WIDTH="22"/>
						<String ID="word001307" HPOS="2243" VPOS="3756" WIDTH="254" HEIGHT="40" CONTENT="conclusions" WC="0.97" CC="20000000001"/>
						<SP ID="P2_SP01271" HPOS="2497" VPOS="3803" WIDTH="18"/>
						<String ID="word001308" HPOS="2515" VPOS="3755" WIDTH="131" HEIGHT="40" CONTENT="which" WC="0.98" CC="00100"/>
						<SP ID="P2_SP01272" HPOS="2646" VPOS="3803" WIDTH="20"/>
						<String ID="word001309" HPOS="2666" VPOS="3762" WIDTH="152" HEIGHT="33" CONTENT="cannot" WC="0.98" CC="000010"/>
						<SP ID="P2_SP01273" HPOS="2818" VPOS="3803" WIDTH="19"/>
						<String ID="word001310" HPOS="2837" VPOS="3755" WIDTH="48" HEIGHT="41" CONTENT="be" WC="0.83" CC="12"/>
						<SP ID="P2_SP01274" HPOS="2885" VPOS="3803" WIDTH="20"/>
						<String ID="word001311" HPOS="2906" VPOS="3770" WIDTH="105" HEIGHT="26" CONTENT="soon" WC="0.97" CC="0001"/>
						<SP ID="P2_SP01275" HPOS="3011" VPOS="3803" WIDTH="0"/>
					</TextLine>
					<TextLine ID="P2_TL00135" HPOS="1672" VPOS="3808" WIDTH="1336" HEIGHT="54">
						<String ID="word001312" HPOS="1672" VPOS="3810" WIDTH="118" HEIGHT="39" CONTENT="made" WC="0.94" CC="1001"/>
						<SP ID="P2_SP01276" HPOS="1791" VPOS="3849" WIDTH="19"/>
						<String ID="word001313" HPOS="1809" VPOS="3810" WIDTH="174" HEIGHT="39" CONTENT="obvious" WC="0.97" CC="0000002"/>
						<SP ID="P2_SP01277" HPOS="1983" VPOS="3849" WIDTH="19"/>
						<String ID="word001314" HPOS="2002" VPOS="3815" WIDTH="44" HEIGHT="33" CONTENT="to" WC="1.00" CC="00"/>
						<SP ID="P2_SP01278" HPOS="2046" VPOS="3849" WIDTH="19"/>
						<String ID="word001315" HPOS="2065" VPOS="3810" WIDTH="71" HEIGHT="39" CONTENT="the" WC="1.00" CC="000"/>
						<SP ID="P2_SP01279" HPOS="2135" VPOS="3849" WIDTH="20"/>
						<String ID="word001316" HPOS="2156" VPOS="3823" WIDTH="139" HEIGHT="38" CONTENT="many," WC="0.91" CC="00310"/>
						<SP ID="P2_SP01280" HPOS="2295" VPOS="3861" WIDTH="19"/>
						<String ID="word001317" HPOS="2314" VPOS="3815" WIDTH="135" HEIGHT="47" CONTENT="regret" WC="0.94" CC="000210"/>
						<SP ID="P2_SP01281" HPOS="2448" VPOS="3862" WIDTH="19"/>
						<String ID="word001318" HPOS="2467" VPOS="3809" WIDTH="91" HEIGHT="39" CONTENT="that" WC="1.00" CC="0000"/>
						<SP ID="P2_SP01282" HPOS="2558" VPOS="3862" WIDTH="19"/>
						<String ID="word001319" HPOS="2577" VPOS="3808" WIDTH="70" HEIGHT="39" CONTENT="the" WC="0.96" CC="001"/>
						<SP ID="P2_SP01283" HPOS="2647" VPOS="3862" WIDTH="20"/>
						<String ID="word001320" HPOS="2667" VPOS="3809" WIDTH="122" HEIGHT="39" CONTENT="Duke" WC="0.81" CC="3013"/>
						<SP ID="P2_SP01284" HPOS="2789" VPOS="3862" WIDTH="20"/>
						<String ID="word001321" HPOS="2809" VPOS="3810" WIDTH="50" HEIGHT="38" CONTENT="of" WC="1.00" CC="00"/>
						<SP ID="P2_SP01285" HPOS="2858" VPOS="3862" WIDTH="17"/>
						<String ID="word001322" HPOS="2875" VPOS="3810" WIDTH="133" HEIGHT="43" CONTENT="York," WC="1.00" CC="00000"/>
						<SP ID="P2_SP01286" HPOS="3008" VPOS="3862" WIDTH="0"/>
					</TextLine>
					<TextLine ID="P2_TL00136" HPOS="1670" VPOS="3862" WIDTH="1341" HEIGHT="52">
						<String ID="word001323" HPOS="1670" VPOS="3862" WIDTH="361" HEIGHT="52" CONTENT="notwithstanding" WC="0.84" CC="300110111151330"/>
						<SP ID="P2_SP01287" HPOS="2031" VPOS="3914" WIDTH="32"/>
						<String ID="word001324" HPOS="2063" VPOS="3862" WIDTH="59" HEIGHT="39" CONTENT="his" WC="0.85" CC="031"/>
						<SP ID="P2_SP01288" HPOS="2122" VPOS="3914" WIDTH="33"/>
						<String ID="word001325" HPOS="2156" VPOS="3862" WIDTH="154" HEIGHT="39" CONTENT="former" WC="0.67" CC="450441"/>
						<SP ID="P2_SP01289" HPOS="2309" VPOS="3914" WIDTH="30"/>
						<String ID="word001326" HPOS="2339" VPOS="3870" WIDTH="193" HEIGHT="34" CONTENT="reverses," WC="0.78" CC="110333232"/>
						<SP ID="P2_SP01290" HPOS="2531" VPOS="3914" WIDTH="35"/>
						<String ID="word001327" HPOS="2567" VPOS="3874" WIDTH="84" HEIGHT="25" CONTENT="was" WC="0.89" CC="300"/>
						<SP ID="P2_SP01291" HPOS="2650" VPOS="3914" WIDTH="30"/>
						<String ID="word001328" HPOS="2680" VPOS="3867" WIDTH="73" HEIGHT="34" CONTENT="not" WC="0.78" CC="051"/>
						<SP ID="P2_SP01292" HPOS="2753" VPOS="3914" WIDTH="35"/>
						<String ID="word001329" HPOS="2789" VPOS="3862" WIDTH="222" HEIGHT="52" CONTENT="permitted" WC="0.81" CC="310313013"/>
						<SP ID="P2_SP01293" HPOS="3011" VPOS="3914" WIDTH="0"/>
					</TextLine>
					<TextLine ID="P2_TL00137" HPOS="1670" VPOS="3913" WIDTH="1341" HEIGHT="53">
						<String ID="word001330" HPOS="1670" VPOS="3920" WIDTH="41" HEIGHT="32" CONTENT="to" WC="1.00" CC="00"/>
						<SP ID="P2_SP01294" HPOS="1711" VPOS="3952" WIDTH="40"/>
						<String ID="word001331" HPOS="1752" VPOS="3915" WIDTH="104" HEIGHT="39" CONTENT="have" WC="0.89" CC="3010"/>
						<SP ID="P2_SP01295" HPOS="1856" VPOS="3954" WIDTH="40"/>
						<String ID="word001332" HPOS="1896" VPOS="3915" WIDTH="266" HEIGHT="39" CONTENT="commanded" WC="0.67" CC="114405264"/>
						<SP ID="P2_SP01296" HPOS="2161" VPOS="3954" WIDTH="45"/>
						<String ID="word001333" HPOS="2206" VPOS="3915" WIDTH="70" HEIGHT="39" CONTENT="the" WC="0.96" CC="001"/>
						<SP ID="P2_SP01297" HPOS="2276" VPOS="3954" WIDTH="45"/>
						<String ID="word001334" HPOS="2321" VPOS="3915" WIDTH="133" HEIGHT="39" CONTENT="forces" WC="0.94" CC="000111"/>
						<SP ID="P2_SP01298" HPOS="2454" VPOS="3954" WIDTH="47"/>
						<String ID="word001335" HPOS="2502" VPOS="3913" WIDTH="122" HEIGHT="53" CONTENT="lately" WC="0.94" CC="010101"/>
						<SP ID="P2_SP01299" HPOS="2623" VPOS="3966" WIDTH="35"/>
						<String ID="word001336" HPOS="2659" VPOS="3919" WIDTH="86" HEIGHT="34" CONTENT="sent" WC="0.97" CC="0100"/>
						<SP ID="P2_SP01300" HPOS="2745" VPOS="3966" WIDTH="37"/>
						<String ID="word001337" HPOS="2781" VPOS="3914" WIDTH="109" HEIGHT="40" CONTENT="from" WC="0.86" CC="4100"/>
						<SP ID="P2_SP01301" HPOS="2890" VPOS="3966" WIDTH="38"/>
						<String ID="word001338" HPOS="2928" VPOS="3915" WIDTH="83" HEIGHT="39" CONTENT="this" WC="0.89" CC="1111"/>
						<SP ID="P2_SP01302" HPOS="3011" VPOS="3966" WIDTH="0"/>
					</TextLine>
					<TextLine ID="P2_TL00138" HPOS="1668" VPOS="3966" WIDTH="1343" HEIGHT="53">
						<String ID="word001339" HPOS="1668" VPOS="3973" WIDTH="176" HEIGHT="46" CONTENT="country" WC="0.82" CC="6112001"/>
						<SP ID="P2_SP01303" HPOS="1844" VPOS="4019" WIDTH="38"/>
						<String ID="word001340" HPOS="1881" VPOS="3973" WIDTH="44" HEIGHT="33" CONTENT="to" WC="1.00" CC="00"/>
						<SP ID="P2_SP01304" HPOS="1925" VPOS="4019" WIDTH="45"/>
						<String ID="word001341" HPOS="1970" VPOS="3967" WIDTH="69" HEIGHT="39" CONTENT="the" WC="0.93" CC="020"/>
						<SP ID="P2_SP01305" HPOS="2039" VPOS="4019" WIDTH="43"/>
						<String ID="word001342" HPOS="2081" VPOS="3970" WIDTH="214" HEIGHT="37" CONTENT="assistance" WC="0.79" CC="0360311311"/>
						<SP ID="P2_SP01306" HPOS="2295" VPOS="4019" WIDTH="38"/>
						<String ID="word001343" HPOS="2333" VPOS="3967" WIDTH="50" HEIGHT="39" CONTENT="of" WC="0.94" CC="10"/>
						<SP ID="P2_SP01307" HPOS="2382" VPOS="4019" WIDTH="41"/>
						<String ID="word001344" HPOS="2424" VPOS="3966" WIDTH="213" HEIGHT="53" CONTENT="Portugal." WC="0.83" CC="111135101"/>
						<SP ID="P2_SP01308" HPOS="2636" VPOS="4019" WIDTH="76"/>
						<String ID="word001345" HPOS="2712" VPOS="3967" WIDTH="73" HEIGHT="39" CONTENT="His" WC="0.56" CC="651"/>
						<SP ID="P2_SP01309" HPOS="2785" VPOS="4019" WIDTH="35"/>
						<String ID="word001346" HPOS="2820" VPOS="3967" WIDTH="190" HEIGHT="40" CONTENT="elevated" WC="0.93" CC="10101200"/>
						<SP ID="P2_SP01310" HPOS="3011" VPOS="4019" WIDTH="0"/>
					</TextLine>
					<TextLine ID="P2_TL00139" HPOS="1669" VPOS="4019" WIDTH="1341" HEIGHT="55">
						<String ID="word001347" HPOS="1669" VPOS="4020" WIDTH="118" HEIGHT="46" CONTENT="rank," WC="0.93" CC="01110"/>
						<SP ID="P2_SP01311" HPOS="1787" VPOS="4067" WIDTH="38"/>
						<String ID="word001348" HPOS="1825" VPOS="4036" WIDTH="45" HEIGHT="24" CONTENT="so" WC="1.00" CC="00"/>
						<SP ID="P2_SP01312" HPOS="1870" VPOS="4067" WIDTH="32"/>
						<String ID="word001349" HPOS="1902" VPOS="4022" WIDTH="161" HEIGHT="52" CONTENT="exactly" WC="0.98" CC="0001000"/>
						<SP ID="P2_SP01313" HPOS="2062" VPOS="4074" WIDTH="21"/>
						<String ID="word001350" HPOS="2083" VPOS="4022" WIDTH="126" HEIGHT="39" CONTENT="suited" WC="0.94" CC="010011"/>
						<SP ID="P2_SP01314" HPOS="2210" VPOS="4074" WIDTH="35"/>
						<String ID="word001351" HPOS="2245" VPOS="4024" WIDTH="45" HEIGHT="35" CONTENT="to" WC="1.00" CC="00"/>
						<SP ID="P2_SP01315" HPOS="2290" VPOS="4074" WIDTH="35"/>
						<String ID="word001352" HPOS="2326" VPOS="4020" WIDTH="69" HEIGHT="39" CONTENT="the" WC="1.00" CC="000"/>
						<SP ID="P2_SP01316" HPOS="2394" VPOS="4074" WIDTH="30"/>
						<String ID="word001353" HPOS="2424" VPOS="4022" WIDTH="123" HEIGHT="37" CONTENT="views" WC="0.58" CC="33364"/>
						<SP ID="P2_SP01317" HPOS="2546" VPOS="4074" WIDTH="33"/>
						<String ID="word001354" HPOS="2580" VPOS="4019" WIDTH="48" HEIGHT="39" CONTENT="or" WC="0.61" CC="07"/>
						<SP ID="P2_SP01318" HPOS="2628" VPOS="4074" WIDTH="30"/>
						<String ID="word001355" HPOS="2657" VPOS="4032" WIDTH="77" HEIGHT="27" CONTENT="our" WC="1.00" CC="000"/>
						<SP ID="P2_SP01319" HPOS="2734" VPOS="4074" WIDTH="28"/>
						<String ID="word001356" HPOS="2763" VPOS="4032" WIDTH="89" HEIGHT="26" CONTENT="new" WC="0.81" CC="401"/>
						<SP ID="P2_SP01320" HPOS="2851" VPOS="4074" WIDTH="28"/>
						<String ID="word001357" HPOS="2880" VPOS="4020" WIDTH="130" HEIGHT="44" CONTENT="ailies," WC="0.52" CC="4755333"/>
						<SP ID="P2_SP01321" HPOS="3009" VPOS="4074" WIDTH="0"/>
					</TextLine>
					<TextLine ID="P2_TL00140" HPOS="1669" VPOS="4072" WIDTH="1341" HEIGHT="42">
						<String ID="word001358" HPOS="1669" VPOS="4087" WIDTH="26" HEIGHT="24" CONTENT="%%" WC="0.11" CC="88"/>
						<SP ID="P2_SP01322" HPOS="1695" VPOS="4110" WIDTH="9"/>
						<String ID="word001359" HPOS="1704" VPOS="4072" WIDTH="98" HEIGHT="40" CONTENT="0111(1" WC="0.17" CC="788787"/>
						<SP ID="P2_SP01323" HPOS="1802" VPOS="4113" WIDTH="33"/>
						<String ID="word001360" HPOS="1835" VPOS="4075" WIDTH="102" HEIGHT="38" CONTENT="have" WC="0.89" CC="0031"/>
						<SP ID="P2_SP01324" HPOS="1937" VPOS="4113" WIDTH="19"/>
						<String ID="word001361" HPOS="1956" VPOS="4075" WIDTH="161" HEIGHT="39" CONTENT="excited" WC="0.75" CC="4121341"/>
						<SP ID="P2_SP01325" HPOS="2117" VPOS="4114" WIDTH="30"/>
						<String ID="word001362" HPOS="2146" VPOS="4075" WIDTH="51" HEIGHT="38" CONTENT="all" WC="0.85" CC="211"/>
						<SP ID="P2_SP01326" HPOS="2197" VPOS="4114" WIDTH="31"/>
						<String ID="word001363" HPOS="2228" VPOS="4075" WIDTH="71" HEIGHT="39" CONTENT="the" WC="0.70" CC="035"/>
						<SP ID="P2_SP01327" HPOS="2298" VPOS="4114" WIDTH="18"/>
						<String ID="word001364" HPOS="2316" VPOS="4072" WIDTH="243" HEIGHT="40" CONTENT="admiration" WC="0.83" CC="2231010105"/>
						<SP ID="P2_SP01328" HPOS="2559" VPOS="4114" WIDTH="24"/>
						<String ID="word001365" HPOS="2583" VPOS="4074" WIDTH="38" HEIGHT="37" CONTENT="in" WC="1.00" CC="00"/>
						<SP ID="P2_SP01329" HPOS="2621" VPOS="4114" WIDTH="22"/>
						<String ID="word001366" HPOS="2643" VPOS="4072" WIDTH="125" HEIGHT="40" CONTENT="which" WC="0.67" CC="33153"/>
						<SP ID="P2_SP01330" HPOS="2769" VPOS="4114" WIDTH="26"/>
						<String ID="word001367" HPOS="2794" VPOS="4074" WIDTH="91" HEIGHT="39" CONTENT="they" WC="0.86" CC="0014"/>
						<SP ID="P2_SP01331" HPOS="2885" VPOS="4114" WIDTH="26"/>
						<String ID="word001368" HPOS="2911" VPOS="4074" WIDTH="98" HEIGHT="39" CONTENT="ho;d" WC="0.61" CC="3353"/>
						<SP ID="P2_SP01332" HPOS="3009" VPOS="4114" WIDTH="0"/>
					</TextLine>
					<TextLine ID="P2_TL00141" HPOS="1668" VPOS="4124" WIDTH="1319" HEIGHT="55">
						<String ID="word001369" HPOS="1668" VPOS="4124" WIDTH="224" HEIGHT="54" CONTENT="legitimate" WC="0.88" CC="3301003001"/>
						<SP ID="P2_SP01333" HPOS="1892" VPOS="4179" WIDTH="19"/>
						<String ID="word001370" HPOS="1911" VPOS="4141" WIDTH="237" HEIGHT="38" CONTENT="supremacy" WC="0.91" CC="030000103"/>
						<SP ID="P2_SP01334" HPOS="2148" VPOS="4179" WIDTH="17"/>
						<String ID="word001371" HPOS="2165" VPOS="4143" WIDTH="12" HEIGHT="28" CONTENT=";" WC="1.00" CC="0"/>
						<SP ID="P2_SP01335" HPOS="2177" VPOS="4179" WIDTH="31"/>
						<String ID="word001372" HPOS="2207" VPOS="4127" WIDTH="137" HEIGHT="44" CONTENT="while," WC="0.98" CC="000010"/>
						<SP ID="P2_SP01336" HPOS="2344" VPOS="4179" WIDTH="21"/>
						<String ID="word001373" HPOS="2366" VPOS="4140" WIDTH="51" HEIGHT="25" CONTENT="on" WC="1.00" CC="00"/>
						<SP ID="P2_SP01337" HPOS="2417" VPOS="4179" WIDTH="24"/>
						<String ID="word001374" HPOS="2440" VPOS="4127" WIDTH="70" HEIGHT="39" CONTENT="the" WC="0.96" CC="001"/>
						<SP ID="P2_SP01338" HPOS="2510" VPOS="4179" WIDTH="20"/>
						<String ID="word001375" HPOS="2530" VPOS="4127" WIDTH="117" HEIGHT="40" CONTENT="other" WC="1.00" CC="00000"/>
						<SP ID="P2_SP01339" HPOS="2647" VPOS="4179" WIDTH="22"/>
						<String ID="word001376" HPOS="2669" VPOS="4127" WIDTH="120" HEIGHT="44" CONTENT="hand," WC="0.84" CC="04300"/>
						<SP ID="P2_SP01340" HPOS="2790" VPOS="4179" WIDTH="33"/>
						<String ID="word001377" HPOS="2823" VPOS="4129" WIDTH="31" HEIGHT="38" CONTENT="it" WC="1.00" CC="00"/>
						<SP ID="P2_SP01341" HPOS="2854" VPOS="4179" WIDTH="31"/>
						<String ID="word001378" HPOS="2884" VPOS="4127" WIDTH="30" HEIGHT="38" CONTENT="is" WC="0.94" CC="10"/>
						<SP ID="P2_SP01342" HPOS="2914" VPOS="4179" WIDTH="19"/>
						<String ID="word001379" HPOS="2933" VPOS="4128" WIDTH="54" HEIGHT="37" CONTENT="im" WC="0.33" CC="66" STYLEREFS="TXT_5"/>
						<SP ID="P2_SP01343" HPOS="2987" VPOS="4179" WIDTH="0"/>
					</TextLine>
					<TextLine ID="P2_TL00142" HPOS="1663" VPOS="4165" WIDTH="1348" HEIGHT="70">
						<String ID="word001380" HPOS="1663" VPOS="4180" WIDTH="175" HEIGHT="52" CONTENT="possible" WC="0.64" CC="16631144"/>
						<SP ID="P2_SP01344" HPOS="1838" VPOS="4232" WIDTH="30"/>
						<String ID="word001381" HPOS="1867" VPOS="4186" WIDTH="44" HEIGHT="35" CONTENT="to" WC="0.56" CC="35"/>
						<SP ID="P2_SP01345" HPOS="1911" VPOS="4232" WIDTH="33"/>
						<String ID="word001382" HPOS="1944" VPOS="4182" WIDTH="188" HEIGHT="52" CONTENT="qucstiou" WC="0.93" CC="11110001"/>
						<SP ID="P2_SP01346" HPOS="2132" VPOS="4234" WIDTH="32"/>
						<String ID="word001383" HPOS="2164" VPOS="4181" WIDTH="70" HEIGHT="40" CONTENT="the" WC="0.63" CC="226"/>
						<SP ID="P2_SP01347" HPOS="2233" VPOS="4234" WIDTH="34"/>
						<String ID="word001384" HPOS="2268" VPOS="4181" WIDTH="168" HEIGHT="53" CONTENT="aiaiuty" WC="0.35" CC="6885833"/>
						<SP ID="P2_SP01348" HPOS="2435" VPOS="4234" WIDTH="33"/>
						<String ID="word001385" HPOS="2469" VPOS="4165" WIDTH="99" HEIGHT="57" CONTENT="vtili" WC="0.22" CC="87875"/>
						<SP ID="P2_SP01349" HPOS="2568" VPOS="4234" WIDTH="35"/>
						<String ID="word001386" HPOS="2603" VPOS="4179" WIDTH="130" HEIGHT="43" CONTENT="which" WC="0.87" CC="10131"/>
						<SP ID="P2_SP01350" HPOS="2733" VPOS="4234" WIDTH="39"/>
						<String ID="word001387" HPOS="2772" VPOS="4181" WIDTH="61" HEIGHT="38" CONTENT="hi:" WC="0.59" CC="335"/>
						<SP ID="P2_SP01351" HPOS="2833" VPOS="4234" WIDTH="37"/>
						<String ID="word001388" HPOS="2870" VPOS="4176" WIDTH="141" HEIGHT="58" CONTENT="'Loyal" WC="0.44" CC="775335"/>
						<SP ID="P2_SP01352" HPOS="3011" VPOS="4234" WIDTH="0"/>
					</TextLine>
					<TextLine ID="P2_TL00143" HPOS="2541" VPOS="4225" WIDTH="53" HEIGHT="61">
						<String ID="word001389" HPOS="2541" VPOS="4225" WIDTH="53" HEIGHT="61" CONTENT="41i•" WC="0.19" CC="7778" STYLEREFS="TXT_3"/>
						<SP ID="P2_SP01353" HPOS="2594" VPOS="4286" WIDTH="0"/>
					</TextLine>
				</TextBlock>
				<TextBlock ID="pa0002013" HPOS="261" VPOS="92" WIDTH="96" HEIGHT="51" STYLEREFS="TXT_3 PAR_LEFT">
					<TextLine ID="P2_TL00144" HPOS="262" VPOS="93" WIDTH="94" HEIGHT="50">
						<String ID="word001390" HPOS="262" VPOS="93" WIDTH="93" HEIGHT="50" CONTENT="130" WC="0.70" CC="161"/>
						<SP ID="P2_SP01354" HPOS="356" VPOS="143" WIDTH="0"/>
					</TextLine>
				</TextBlock>
				<TextBlock ID="pa0002014" HPOS="0" VPOS="2206" WIDTH="107" HEIGHT="348" STYLEREFS="TXT_3 PAR_LEFT">
					<TextLine ID="P2_TL00145" HPOS="0" VPOS="2309" WIDTH="102" HEIGHT="239">
						<String ID="word001391" HPOS="0" VPOS="2309" WIDTH="102" HEIGHT="239" CONTENT="II" WC="0.06" CC="89"/>
						<SP ID="P2_SP01355" HPOS="102" VPOS="2548" WIDTH="0"/>
					</TextLine>
				</TextBlock>
			</PrintSpace>
		</Page>
	</Layout>
</alto>
