3413 4441
32 63 33 117 t
299 60 158 56 FEB.
493 61 86 52 26,

304 152 450 22 ~........................
891 148 6 4 _
1179 64 93 50 TH
1284 64 40 50 E
1362 64 784 54 REGISTER.NATIONAL-
2365 64 154 22 --.,--
2559 72 25 2 ,-

2652 77 27 12 ...,
2689 71 50 9 ......
2789 74 18 4 _.
2872 46 129 38 1r4111114,

2626 78 48 20 '......
2833 76 31 6 —..-

2874 78 25 14 '..

2908 84 20 24 i
2937 84 65 22 S.A.
3226 67 6 8 .

503 202 50 33 To
570 202 93 43 Mrs.
678 201 139 44 Clarke,
839 206 280 44 Southampton,
1135 204 80 34 Oct.
1226 206 181 39 21,1806.
1869 194 157 45 (corr.)
2346 191 115 33 Horse
2476 188 158 38 Guards,
2665 188 156 38 Feb.`23,
2844 185 102 33 1809.

41 241 43 43 ...,
3259 220 7 14 t
3286 220 5 64 ,

402 256 37 34 It
455 257 30 33 is
498 257 136 45 totally
654 265 65 27 out
735 259 41 33 of
789 270 57 33 us)
869 270 129 34 power
1015 267 37 27 to
1068 261 87 34 wive
1168 270 72 34 you
1252 260 33 41 ;he
1286 260 243 35 heassistance
1548 270 72 34 you

1067 286 22 19 b
1168 270 21 34 y
1785 241 159 43 Stn,-1
1961 243 89 31 have
2066 239 126 33 wailed
2203 240 83 31 with
2306 239 54 31 the
2375 239 152 40 greatest
2546 235 145 43 anxiety
2706 235 92 31 until
2815 235 57 30 the
2893 234 104 31 Cum-
3270 246 21 31 i'
3292 246 11 31 .

300 315 100 22 seem
416 309 38 27 to
470 313 149 37 expect.
643 304 9 11 •
1345 318 18 20 •
1684 289 119 31 mittee
1830 289 195 41 appointed
2048 288 41 41 by
2107 289 56 30 the
2183 287 123 31 House
2333 285 45 43 of
2391 285 187 32 Commons
2597 285 37 28 to
2665 280 137 43 inquire
2833 280 76 31 into
2939 291 58 31 my

87 317 2 46 ,
3266 317 21 26 i'

69 324 4 73 .
609 352 48 33 To
681 354 90 31 Mrs.
793 356 150 38 Clarke,
970 354 339 43 Gloucester-place.
1685 335 158 40 conduct,
1861 345 40 22 as
1915 335 230 33 Commander
2159 335 35 31 in
2216 331 110 44 Chief
2333 330 46 44 of
2385 331 54 32 his
2456 326 187 44 Majesty's
2657 328 33 30 .1
2698 335 90 33 rmy,
2799 324 72 34 had
2883 324 117 33 closed

1526 411 96 35 your
1652 351 2 96 .
1685 381 46 32 its
1747 383 282 38 examinations,
3247 351 54 51 .1(1

73 428 6 6 .
92 371 2 76 •
394 399 20 34 I
429 404 100 28 enter
555 399 67 34 full
632 410 18 21 v
689 402 7 31 i
703 407 60 26 nto
797 411 96 33 your
921 407 209 27 seuterieuts
1163 402 90 32 with
1287 407 144 39 respect
1459 406 39 31 to
2062 380 71 32 and
2152 381 17 31 1
2189 389 72 22 now
2278 380 87 30 houe
2391 379 80 31 that
2500 378 28 30 it
2546 374 72 33 will
2637 377 59 28 not
2713 373 38 32 be
2771 371 141 33 deemed
2928 372 69 32 int-

2326 403 7 18 I
3272 402 9 9 -,
3296 398 5 22 ,

294 446 183 40 children,
500 446 122 33 whose
643 449 157 31 interests
837 459 85 27 you,
940 449 41 32 of
994 458 144 30 course,
1157 450 112 41 ought
1289 457 37 24 to
1338 450 151 32 consult.
1517 449 103 33 With
1683 438 137 33 proper
1835 432 38 30 to
1889 428 142 33 address
2049 428 71 32 this
2135 428 116 39 letter,
2285 424 154 43 through
2456 432 87 34 you,
2559 423 37 31 to
2615 422 59 31 the
2693 419 120 33 House
2831 419 47 44 of
2893 418 107 33 Cum-
3256 416 27 33 ii,

298 495 132 39 regard
446 498 35 27 to
501 495 61 32 the
583 496 109 31 liouse
711 502 38 25 at
774 496 240 43 Weybridge,
1031 496 111 32 think
1159 506 72 33 you
1248 495 70 34 had
1337 497 119 38 better
1472 506 149 24 remove
1690 483 67 25 °am
1757 483 45 25 "'

296 550 96 34 your
411 541 180 34 furniture
609 542 94 33 from
735 542 59 33 the
813 543 129 40 house,
969 543 69 32 and
1062 542 135 32 em
1128 553 73 20 y
1202 541 40 44 plo
1243 542 63 33 the
1325 552 133 37 person
1480 552 72 34 you
1566 541 54 35 di-
1781 523 24 32 I
1819 521 139 35 observe
1972 521 86 33 with
2078 521 56 32 the
2150 519 139 44 deepest
2302 527 159 28 concern,
2489 515 78 32 that
2585 514 39 32 in
2649 513 57 32 the
2722 523 124 22 course
2867 511 45 45 of
2926 511 72 33 this

1195 579 6 5 .

61 561 4 72 .
298 589 125 33 remit
442 595 38 27 to
498 591 87 32 take
605 589 64 33 the
697 589 109 33 house
819 595 41 27 to
880 591 84 41 give
980 591 26 32 it
1026 599 47 34 up
1693 567 40 45 In
1733 567 20 45 q
1753 567 60 45 uir
1813 567 20 45 y
1833 567 21 45 ,
1886 579 27 31 m
1913 579 27 31 y
1967 578 104 24 name
2096 568 63 32 has
2187 566 80 33 been
2297 562 145 44 eouplid
2464 562 84 33 with
2574 562 242 31 transactions
2831 561 56 31 the
2906 561 92 31 most
3255 561 15 26 i
3270 561 15 26 v
3286 561 15 26 ,

348 635 73 34 Air.
436 635 38 33 NV
483 647 26 21 it
520 646 103 22 Irßlt
632 646 20 22 E
661 647 20 21 A
692 647 24 22 0
749 635 171 33 believed
938 637 99 32 there
1061 646 73 22 was
1160 645 96 25 some
1271 634 244 38 Honourable
1530 637 92 32 Gen-
1688 617 168 32 criminal
1883 615 72 33 and
1982 612 237 45 disgraceful,
2246 611 72 34 and
2346 611 21 32 I
2395 613 93 30 must
2512 619 81 22 ever
2624 611 118 35 regret
2760 607 71 32 and
2846 608 151 34 lament.
3256 585 12 53 t

301 673 138 44 ilemitt:
474 684 33 32 ill
535 684 61 32 the
619 684 125 33 House
771 684 84 32 who
883 684 110 32 could
1026 681 151 46 ideality
1204 683 59 33 the
1302 683 266 44 hand-writing
1585 681 43 33 of
1689 663 77 32 that
1779 672 24 22 a
1817 664 200 31 connection
2031 661 125 32 should
2174 669 79 24 ever
2267 660 86 30 have
2370 656 152 38 existed,
2543 656 107 31 which
2670 657 63 28 has
2748 654 80 31 thus
2844 651 157 44 exposed
3276 651 5 77 1
3281 651 5 77 '

11 741 83 34 intie..
301 730 155 34 tieneral
471 731 208 43 Clavering.
733 731 59 33 lie
814 741 76 24 was
912 729 187 35 answered
1126 731 37 31 in
1182 730 65 34 the
1263 730 234 33 ntiirmative.
1547 730 79 33 The
1689 707 111 65 mch
1806 711 139 31 aracter
1959 707 73 34 and
2044 709 137 32 honour
2198 709 35 31 to
2248 705 120 41 public
2383 702 301 44 aniniadversiou.
3256 724 13 18 t

14 745 5 500 1
77 767 31 478 1
299 778 112 32 Letter
433 788 26 22 w
467 789 19 21 it
490 788 15 21 s
519 780 83 31 then
620 778 128 40 shown
770 784 35 26 to
826 777 61 34 the
904 777 146 38 Honout
1059 777 85 34 able
1162 777 182 41 Member,
1359 789 26 22 a
1397 780 47 31 lio
1457 776 168 35 declared
1794 756 102 32 With
1913 757 135 41 respect
2065 758 35 27 to
2118 764 54 30 my
2189 751 139 44 alleged
2344 748 163 45 offences,
2537 745 188 34 connected
2740 746 58 33 wit
2802 746 107 32 h.the
2926 745 72 32 dis-

3267 772 6 28 i
3299 772 2 28 .

299 826 32 35 it
351 831 38 26 to

397 827 57 34 ,he
467 826 59 32 the
543 826 267 40 hand-writine
826 824 45 33 of
882 826 155 33 Geacrat
1056 826 214 43 Clavering.
1690 802 131 43 charge
1841 801 45 44 of
1902 811 52 33 my
1971 801 133 34 ollicial
2126 800 129 39 duties,
2289 798 21 32 1
2328 797 57 39 do,
2411 797 35 31 in
2476 797 58 30 the
2559 796 91 31 most
2678 794 130 32 solemn
2835 802 165 30 manner,

2043 810 4 34 •
3267 810 24 34 0.
3291 810 13 34 „

353 870 81 35 The
449 872 107 33 letter
579 883 72 22 was
669 883 39 24 as
728 873 148 32 follows
892 883 11 20 :
1690 859 93 32 upon
1801 860 58 31 my
1877 849 149 38 honour,
2053 857 39 21 as
2108 857 21 21 a
2146 847 145 37 Prince,
2319 843 180 40 distinctly
2515 843 113 30 assert
2643 850 56 31 my
2719 841 200 37 innocence,
2939 842 64 30 nut

3254 857 13 34 i

1693 896 79 40 only
1789 896 40 40 by
1848 895 149 41 draying
2017 896 206 39 alleorrupt
2246 891 261 44 participation
2526 891 37 30 in
2582 896 70 33 any
2667 885 45 41 of
2731 887 59 31 the
2815 886 187 44 infamous

468 932 45 35 fe
528 933 98 34 Mrs.
646 933 143 40 Clarke,
814 930 372 46 Westbourne-place,
1205 932 267 34 Sloanerslreer.
3257 899 14 46 r

1691 944 236 44 twsactions
1955 944 106 38 which
2083 943 89 39 /.aw
2185 937 181 45 appeared
2387 939 35 30 in
2448 935 163 32 evidence
2642 935 38 30 at
2707 933 57 32 the
2786 932 73 33 Bee
2882 932 46 44 of
2940 934 59 31 the

957 989 154 33 Miner's
1131 989 125 40 Hotel,
1276 989 302 34 Conduit-street.
1697 987 117 34 trouse
1830 989 46 41 of
1887 990 196 38 Cumulous,
2109 998 39 21 or
2166 999 66 28 any
2246 984 208 33 connivance
2476 985 38 30 at
2532 981 93 32 their
2643 981 189 37 existence,
2846 980 60 32 but
2923 981 77 31 also

483 1037 87 33 dear
591 1036 77 34 Mrs
702 1036 247 40 Clarke,---I
973 1036 92 33 have
1072 1036 80 44 just
1174 1036 106 32 heard
1296 1046 71 33 you
1388 1035 93 33 have
1500 1037 25 31 it
1545 1045 83 22 con-
1691 1037 56 32 the
1762 1037 150 43 slightes
1916 1039 12 28 t
1944 1035 45 41 kn
1989 1035 22 41 o
2011 1035 135 41 wledge
2163 1044 40 21 or
2220 1031 176 41 suspicion
2415 1030 76 31 that
2511 1029 80 41 they
2608 1025 137 34 existed
2760 1030 35 28 at
2815 1026 64 33 all.
3260 1002 14 27 t
3274 1002 15 27 .

3257 1031 13 45 i

296 1089 77 33 *ern
381 1085 76 44 plat
465 1085 56 33 ion
544 1093 38 26 to
598 1087 64 32 sub
671 1095 105 33 pante
801 1094 56 24 me
875 1088 38 30 to
932 1084 123 32 attend
1077 1084 125 32 before
1232 1083 58 32 the
1312 1082 126 34 House
1461 1082 45 33 of
1519 1083 110 33 Com-
1865 1083 255 31 consciuliAness
2143 1080 46 44 of
2200 1081 182 31 innocence
2401 1076 93 32 leads
2522 1085 51 21 me
2604 1072 236 45 couliden‘ly
2841 1078 34 27 to
2894 1074 109 41 hope,

304 1142 112 33 !imps.
472 1131 71 33 But
567 1131 17 33 I
609 1131 246 44 particularly
878 1131 72 41 beg
969 1141 72 33 you
1062 1142 26 21 w
1100 1131 39 33 ill
1161 1134 61 30 not
1246 1130 159 32 mention
1431 1140 59 33 my
1509 1139 118 30 name,
1691 1131 77 32 that
1783 1131 61 31 the
1866 1129 117 32 House
2000 1128 47 43 of
2062 1127 183 33 Commons
2262 1126 71 31 will
2352 1127 72 37 not,
2451 1131 96 32 upon
2572 1122 86 31 such
2688 1120 158 32 evidence
2862 1131 39 20 as
2919 1121 85 35 then
3260 1098 6 34 1
3266 1098 6 34 ,
3292 1098 2 77 •

300 1178 43 35 its
358 1180 90 33 lam
469 1185 87 28 most
576 1191 71 21 aux
657 1180 77 32 ioos
758 1179 13 33 I
793 1178 129 34 should
935 1182 61 28 nut
1015 1179 45 31 be
1075 1178 156 43 brought
1250 1176 129 33 before
1396 1176 61 33 the
1476 1175 150 39 House;
1691 1178 86 32 have
1795 1176 124 39 heard,
1942 1175 113 41 adopt
2073 1183 67 33 any
2160 1170 210 45 proceeding
2395 1168 217 43 prejudicial
2639 1170 35 32 to
2694 1178 54 31 my
2776 1168 133 31 honour
2928 1166 74 32 and

3255 1141 15 65 k

79 1248 11 53 1
304 1227 111 54 b!itit::
428 1238 20 22 a
463 1227 130 44 family
614 1237 80 24 man
717 1227 28 32 it
767 1226 117 43 might
898 1226 45 32 be
960 1222 171 35 attended
1148 1222 87 34 with
1251 1234 25 22 a
1291 1222 141 34 serious
1449 1222 126 41 result,
1594 1222 33 33 in
1691 1225 204 34 character;
1920 1222 74 38 but,
2014 1221 46 38 if.
2076 1232 41 21 on
2132 1220 83 31 such
2233 1220 184 38 testimony
2437 1227 39 21 as
2493 1217 63 31 has
2574 1217 81 30 been
2673 1213 155 32 adduced
2850 1215 156 40 against

302 1283 131 33 giving
454 1285 69 22 rise
540 1281 38 26 to
596 1276 60 32 the
678 1274 81 32 idea
778 1273 41 33 of
841 1284 24 22 a
882 1272 213 34 connection
1121 1271 165 34 between
1304 1260 4 56 :
1322 1281 52 30 us,
1408 1269 137 40 which,
1573 1270 56 33 al-
1693 1281 66 27 use,
1778 1271 59 32 the
1856 1270 119 33 House
1991 1269 46 38 of
2046 1269 183 32 Commons
2239 1276 64 21 can
2316 1265 98 31 think
2431 1274 53 31 my
2498 1263 184 31 innocence
2696 1261 255 41 questionable,
2983 1260 25 34 f

304 1320 143 44 though
464 1328 58 27 not
540 1320 178 44 existing,
736 1320 48 34 all
804 1320 63 33 the
891 1322 206 41 arguatee.ts
1110 1329 37 22 en
1165 1318 61 34 the
1243 1318 164 34 universe
1427 1317 122 37 would
1566 1322 64 31 not
1691 1318 103 31 claim
1809 1317 46 37 of
1863 1318 91 33 their
1963 1315 151 41 justice.,
2130 1315 76 32 that
2228 1313 21 31 I
2263 1311 93 31 shall
2373 1315 57 27 not
2447 1310 37 31 be
2502 1307 213 32 condemned
2730 1307 146 33 without
2894 1307 107 39 trial,

305 1380 122 33 prove
444 1377 35 25 to
498 1370 59 32 the
1691 1374 40 21 or
1748 1364 37 31 be
1809 1354 167 52 depricrd
1993 1362 46 32 of
2052 1362 54 31 the
2125 1359 125 39 bear/it
2268 1357 70 33 and
2353 1357 196 41 protection
2575 1355 109 31 which
2707 1356 28 30 is
2770 1352 165 44 aprded
2963 1356 39 30 to

357 1417 77 32 Alr.
471 1416 154 34 Lawton
661 1426 72 25 was
767 1415 85 33 them
881 1413 116 35 called
1030 1414 37 33 is
1093 1411 71 35 end
1194 1411 194 33 examined
1415 1411 48 45 by
1487 1409 141 35 several
1691 1420 99 32 every
1814 1409 133 33 Briliqh
1981 1407 155 40 Sab;rcl,
2159 1409 41 38 by
2218 1407 94 32 /.'ruse
2339 1406 175 30 sanctions
2543 1402 109 30 under
2679 1402 111 31 which
2807 1402 103 31 alhitc
2927 1402 76 32 cvi-
3262 1390 8 15 c
3270 1390 9 15 ;

308 1461 187 35 Memberi
521 1474 47 22 on
600 1463 89 33 both
718 1462 93 34 sides
840 1461 44 33 of
905 1462 64 33 the
1000 1460 141 37 House-
1193 1461 80 32 The
1303 1460 188 33 substance
1508 1457 43 33 of
1574 1457 53 33 his
1690 1456 100 33 dence
1809 1457 31 32 is
1856 1455 156 33 received
2028 1457 37 30 in
2080 1455 56 31 th.;
2151 1453 168 39 ordinary
2337 1450 288 32 administration
2648 1448 45 43 of
2706 1449 57 31 the
2778 1448 78 34 law.

307 1511 177 34 evidence
500 1521 73 22 was
588 1522 39 21 as
647 1508 145 34 follows
808 1521 11 21 :
850 1509 79 33 that
950 1507 44 34 he
1012 1518 76 25 was
1111 1517 26 27 V.
1162 1506 184 35 S4licitor.
1364 1507 71 32 and
1453 1506 70 33 hail
1543 1506 86 32 been
2262 1499 22 33 J
2307 1508 72 27 am,
2406 1498 74 38 Sir,
2502 1505 124 32 yours,
3263 1478 2 67 .
3292 1478 4 67 .

3001 1534 6 4 .
3276 1524 19 9 -

305 1558 201 44 employed
526 1559 46 44 by
593 1558 63 33 the
679 1558 106 33 Duke
819 1556 45 33 of
889 1556 124 41 York,
1046 1556 39 33 in
1107 1565 27 24 a
1156 1553 233 37 toutidential
1415 1561 159 30 manner,
1592 1558 38 27 to
1651 1543 2 60 .
2606 1543 27 15 66

2661 1541 144 33 FREDE
2812 1551 37 22 ill
2857 1539 78 38 rite
3292 1539 5 38 •

307 1606 115 32 make
439 1616 97 22 some
570 1605 148 44 inquiry
746 1606 206 41 respecting
980 1604 60 33 the
1065 1602 207 39 character,
1298 1599 243 41 connections,
1560 1600 67 32 and
1645 1535 5 117 ,
1741 1597 50 33 To
1806 1597 58 33 the
1879 1597 158 43 Speaker
2053 1593 47 46 of
2109 1594 59 33 the
2185 1594 124 33 House
2330 1589 44 45 of
3262 1535 21 117 Pi
3283 1535 12 117 .

306 1654 112 32 mode
432 1652 40 33 of
495 1652 66 33 life
587 1654 44 32 of
656 1651 87 34 Mrs.
764 1651 165 40 Clarke;
957 1649 77 35 that
1059 1649 130 44 (luting
1220 1649 79 32 that
1328 1648 145 44 inquiry
1495 1646 43 33 he
1560 1646 235 44 hadOn
1809 1657 61 32 the
1891 1656 137 33 motion
2042 1654 41 33 of
2107 1655 61 32 the
2185 1654 60 33 CuCii
2255 1661 79 25 ANC
2344 1659 21 22 E
2375 1659 18 26 L
2404 1657 81 24 Loa
2502 1646 43 33 of
2559 1646 59 33 the
2635 1646 60 33 Fx
2702 1656 17 24 C
2719 1656 34 24 ll
2765 1656 162 32 EQUEtt,
2942 1648 66 35 the

306 1700 213 33 discovered
531 1711 46 21 no
596 1708 85 37 part
699 1698 41 33 of
756 1700 59 32 the
828 1698 154 33 conduct
999 1695 43 35 of
1056 1696 89 35 Mr-.
1166 1695 138 34 Clarke
1323 1693 119 35 which
1461 1694 167 33 reflected
1693 1704 106 34 letter
1822 1702 106 43 Obis
1950 1702 122 44 Royal
2096 1700 174 44 Highness
2290 1708 74 22 was
2383 1694 149 34 ordered
2554 1701 37 26 to
2608 1694 50 32 lie
2674 1704 44 22 on
2739 1693 60 34 the
2819 1696 111 34 table.

307 1747 168 44 dispace
493 1757 41 22 on
556 1748 20 31 h
583 1746 9 32 i
596 1757 14 21 s
741 1746 11 32 l
628 1748 110 43 loya
741 1746 11 32 l
772 1746 181 43 Highness
967 1744 93 35 front
1080 1742 65 35 bet
1162 1742 133 44 having
1311 1740 171 34 obtained
1499 1749 131 34 money

1736 1752 84 33 The
1834 1752 204 34 SPEAKER
2057 1747 189 38 063CrVed,
2265 1744 79 33 that
2362 1743 60 33 the
2435 1752 138 34 proper
2591 1750 122 28 course
2730 1750 87 30 was,
2838 1743 80 31 that
2939 1744 65 32 the

39 1786 5 52 ,
307 1794 35 33 iii
361 1796 61 31 the
459 1794 138 33 Duke's
626 1804 104 22 name
750 1792 92 40 ,z.nd
865 1792 78 33 that
960 1791 41 34 he
1020 1789 175 46 reported
1212 1789 64 33 the
1302 1788 110 34 result
1430 1786 44 34 of
1495 1786 56 35 his
1577 1788 57 34 tn.
1691 1799 109 33 letter
1813 1796 129 35 should
1954 1795 52 35 lie
2020 1806 46 24 on
2086 1795 59 33 the
2163 1794 98 34 table
2280 1791 57 34 for
2349 1792 60 31 the
2427 1786 202 45 inspection
2647 1786 43 34 of
2696 1796 109 34 every
2820 1789 184 37 Member.

308 1841 142 44 quiries
476 1846 38 28 to
543 1841 54 33 his
632 1838 122 46 Royal
784 1839 194 43 Highness.
1025 1837 100 34 That
1147 1837 43 33 he
1206 1835 105 33 knew
1335 1835 71 33 Mr.
1433 1834 198 41 Williams,

2070 1864 50 25 EA
2132 1865 41 24 ST
2203 1860 130 27 lliDl~
2363 1856 268 27 cOMNIITTEE.

308 1889 87 32 who
415 1899 71 22 was
496 1889 176 43 formerly
683 1887 195 33 examined
891 1892 39 27 at
944 1886 60 33 the
1018 1884 78 34 Bar
1107 1884 45 33 of
1160 1885 63 33 the
1235 1883 139 39 /louse,
1384 1881 70 34 wad
1465 1881 168 33 believed
3278 1881 1 50 .

309 1935 74 33 him
407 1942 35 27 to
476 1936 43 32 be
548 1937 144 37 insane;
720 1933 83 34 that
821 1933 156 33 General
987 1932 198 33 CAaverine
1205 1930 69 35 had
1289 1930 117 32 stated
1433 1933 38 27 to
1489 1928 74 33 him
1583 1930 45 31 he
1740 1920 76 33 Mr.
1838 1919 47 34 R.
1906 1918 128 35 DUND
2042 1928 21 24 A
2073 1926 15 24 S
2108 1925 76 22 rose
2202 1913 59 33 for
2278 1913 60 33 the
2365 1919 157 35 purpose
2546 1907 45 33 of
2614 1906 145 45 moving
2785 1907 61 34 the
2880 1919 130 35 re-ap-
3260 1910 8 27 i

312 1974 72 41 had
403 1993 97 24 some
516 1982 176 34 evidence
720 1989 38 26 to
790 1980 100 44 give,
917 1990 30 24 w
956 1978 84 43 hizis
1063 1956 123 63 wauia
1198 1976 217 44 materially
1431 1975 202 38 invalidate
1696 1968 201 45 pointment
1913 1965 41 33 of
1965 1976 22 22 a
2003 1963 221 35 Committee
2235 1967 40 26 to
2293 1957 167 35 examine
2479 1957 76 31 into
2569 1954 61 33 the
2648 1954 122 33 affeirs
2783 1955 45 33 of
2841 1956 61 32 the
2922 1957 90 35 East

5 2001 31 115 4
35 2001 61 115 11
97 2001 61 115 11
158 2001 32 115 1
221 2001 31 115 Z
282 2001 92 115 the
393 2030 191 43 testimony
606 2027 46 34 of
667 2029 87 33 Mrs.
768 2028 156 35 Clarke.
1664 2001 5 115 ,
1700 2015 106 33 India
1826 2014 207 44 Company.
2079 2011 58 32 lie
2152 2006 193 40 observed,
2361 2006 76 32 that
2451 2001 325 34 notwithstandine
2786 2004 61 30 the
2864 2003 151 35 labours
3278 2003 9 25 „;

2484 2060 70 22 eoa

361 2078 91 32 Miss
468 2078 145 43 Taylor
627 2075 94 41 said,
741 2075 61 34 she
816 2083 116 25 clever
948 2072 248 35 remembered
1220 2081 72 34 any
1309 2069 110 34 other
1444 2078 189 26 conversa-

1695 2062 43 32 of
1747 2062 64 33 the
1824 2061 13 32 i

309 2124 79 34 lion
410 2124 152 33 relative
582 2130 35 26 to
638 2124 165 34 military
822 2121 291 46 appointments,
1139 2122 132 40 except
1304 2118 63 32 the
1385 2127 67 25 one
1478 2122 158 38 respect-
1665 2041 4 126 ,
1843 2066 54 27 ast
1917 2059 231 38 Committee,
2166 2054 146 34 various
2341 2052 119 45 points
2555 2047 124 34 nected
2699 2046 90 35 with
2807 2048 63 35 the
2885 2052 128 34 affairs
3260 2041 8 24 ;

1696 2108 43 33 of
1752 2107 61 35 the
1834 2108 191 43 Company
2044 2102 183 38 remained
2254 2107 39 27 to
2322 2101 43 32 be
2381 2096 210 34 considered
2608 2106 11 27 ;
2659 2095 33 34 in
2717 2096 215 41 particular,
2952 2098 63 34 the

313 2171 61 44 ihg
394 2172 151 34 Colonel
570 2169 157 39 French.
780 2159 81 44 'The
882 2169 142 33 witness
1044 2177 74 25 was
1139 2167 159 44 positive
1315 2176 39 21 as
1382 2169 37 30 to
1439 2163 63 33 the
1517 2163 118 34 words
1667 2141 4 73 i
1698 2156 154 33 finances
1886 2156 67 32 and
1993 2154 65 32 the
2101 2148 99 34 trade
2226 2147 44 34 of
2300 2148 61 32 the
2387 2147 193 41 Cumpauy
2608 2141 70 34 had
2696 2148 60 27 not
2777 2148 60 37 yet
2856 2145 91 33 been
2974 2156 40 24 so
3261 2141 4 73 •

311 2219 143 43 spoken
472 2220 47 41 by
540 2218 65 33 the
626 2217 110 34 Duke
755 2216 158 34 relative
943 2222 37 26 to
1003 2215 74 33 this
1109 2213 126 35 affair,
1289 2213 73 32 She
1391 2210 106 34 knew
1525 2209 44 34 of
1590 2220 44 22 nu
1698 2202 222 43 thoroughly
1946 2197 237 43 investigated
2207 2205 40 22 as
2276 2194 60 33 the
2352 2191 175 43 necessity
2555 2189 44 33 of
2631 2189 63 32 the
2718 2198 81 22 case
2825 2192 189 41 required.

311 2267 110 32 other
439 2267 157 32 business
615 2264 44 34 of
672 2264 72 33 this
764 2263 100 34 kind.
920 2264 71 32 She
1004 2261 72 34 had
1094 2267 64 28 Rot
1178 2262 133 33 known
1333 2259 89 32 Mrs-
1436 2257 198 33 llovenden
1667 2235 5 64 ,
1698 2250 79 33 The
1794 2248 172 34 selection
1984 2246 43 33 of
2052 2245 61 34 the
2138 2241 180 37 Members
2336 2245 35 27 to
2391 2239 94 32 form
2507 2236 61 34 the
2589 2235 195 45 preceding
2794 2237 222 35 Committee
3257 2239 7 46 i
3283 2235 5 64 .

309 2313 61 33 for
383 2320 74 26 two
475 2322 122 35 years.
650 2311 90 33 Mrs.
762 2310 200 33 itovenden
984 2310 93 32 'then
1093 2307 102 37 lived
1227 2307 37 33 in
1300 2304 113 33 South
1446 2306 184 32 Moulton-
1667 2282 5 76 f
1701 2306 72 24 was
1786 2295 90 33 such
1894 2306 38 21 as
1951 2295 41 31 he
2011 2291 130 35 bkould
2170 2298 81 25 now
2283 2284 223 35 recommend
2533 2290 38 26 to
2591 2283 61 32 the
2674 2282 123 33 House
2822 2288 38 28 to
2877 2284 136 45 adopt,

3259 2309 24 12 ~

312 2366 129 34 street.
493 2360 72 33 She
580 2359 63 33 did
658 2366 61 25 not
736 2357 112 33 know
869 2357 124 33 where
1005 2356 93 33 Mrs.
1113 2353 202 35 Hnwenden
1328 2350 98 34 lived
1442 2361 98 22 now.
1594 2349 39 33 In
1664 2326 4 74 .
1701 2343 90 33 with
1811 2344 61 30 the
1887 2341 200 43 exception
2104 2339 41 32 of
2161 2337 72 32 Mr.
2248 2331 187 35 Grenville
2444 2330 71 33 amid
2531 2330 69 32 Mr.
2623 2328 213 43 Hobhouse,
2846 2336 61 28 not
2923 2331 94 34 from
3257 2326 13 19 -.

35 2422 8 12 •
79 2394 8 35 i
314 2407 66 35 her
396 2406 383 38 cross-examination,
804 2405 47 44 by
869 2404 66 32 the
953 2402 178 33 Solicitor
1149 2401 170 34 General,
1343 2399 64 32 she
1421 2398 116 33 stated
1556 2396 100 33 that.
1697 2400 70 33 any
1785 2389 196 43 disrespect
2000 2394 38 25 to
2052 2385 98 32 these
2169 2381 222 37 Gentlemen,
2411 2380 65 31 but
2492 2378 118 43 really
2628 2376 155 33 because
2802 2376 97 33 their
2911 2379 110 34 ether
3265 2402 19 2 ..

312 2456 65 35 she
402 2454 105 35 could
539 2459 65 30 not
638 2452 202 34 remember
868 2448 61 34 the
963 2450 84 34 date
1074 2448 106 34 when
1206 2446 63 35 ate
1303 2446 115 37 Puke
1433 2444 119 45 spoke
1576 2444 60 32 the
1654 2422 4 69 ,
1698 2435 216 34 avocations
1930 2433 69 34 had
2017 2437 63 28 not
2108 2428 191 47 permitted
2319 2426 96 34 Meta
2432 2430 38 27 to
2489 2422 125 33 attend
2631 2422 63 33 the
2711 2422 159 33 business
2885 2422 46 34 of
2955 2426 69 33 the

317 2502 119 32 Avords
451 2500 157 43 alleged.
660 2498 72 33 She
752 2498 60 33 did
830 2503 64 28 not
914 2496 171 35 recollect
1106 2494 102 34 what
1228 2493 86 33 Mrs.
1338 2492 141 37 Clarice
1504 2491 78 32 said
1602 2492 33 30 to
1700 2484 139 32 former
1857 2481 231 35 Committee.
2156 2479 41 32 In
2229 2476 98 32 their
2360 2480 116 30 room,
2504 2471 46 32 he
2577 2469 126 33 should
2731 2479 163 35 propose
2923 2472 99 33 Lord
3265 2464 21 31 ',l

317 2548 69 44 keg*
419 2549 103 33 when
555 2550 66 30 she
645 2546 112 33 asked
789 2545 65 33 her
886 2542 164 35 whether
1082 2542 65 34 she
1175 2539 223 37 recollected
1426 2538 65 33 the
1519 2538 119 32 words
1654 2515 5 77 ;
1701 2530 155 43 Temple
1871 2528 69 35 and
1959 2528 73 32 Mr.
2055 2524 219 41 Addington.
2329 2519 58 34 lie
2404 2518 85 33 then
2515 2516 196 34 concluded
2741 2516 91 33 with
2858 2519 164 43 moving,
3043 2515 4 77 -
3267 2515 24 28 ~t

317 2596 142 44 spoken
476 2597 46 41 by
543 2596 63 31 the
627 2594 110 34 Duke
755 2591 157 34 relative
924 2596 37 27 to
976 2580 156 44 Colonel
1150 2585 170 37 French's
1335 2587 109 44 levy;
1470 2584 165 34 believed
1702 2578 78 32 that
1798 2587 25 22 a
1841 2577 116 31 Select
1985 2572 220 35 Committee
2233 2567 45 35 of
2297 2571 226 39 twenty-one
2542 2563 181 33 Members
2752 2565 44 31 he
2816 2565 207 43 appointed
3274 2567 14 26 1,

9 2627 12 1005 1.
21 2627 6 1005 1
27 2627 12 1005 1.
39 2627 7 1005 :
983 3448 25 33 J

41 2631 7 19 '
315 2644 66 33 she
398 2646 132 40 mereay
546 2642 116 33 asked
679 2641 61 33 the
754 2639 190 45 question;
970 2648 45 22 no
1031 2647 70 24 one
1120 2646 74 25 was
1208 2639 158 40 present.
1703 2633 35 25 to
1755 2624 171 32 examine
1945 2623 76 31 into
2042 2624 60 27 the
2117 2617 125 34 affairs
2267 2614 45 33 of
2335 2616 61 30 the
2417 2613 89 33 East
2524 2608 110 37 India
2653 2611 214 964 Company,.
2885 2611 72 33 and
2983 2619 40 28 to

543 2699 21 24 a
376 2691 67 32 Mr.
470 2691 60 32 Ye
573 2696 27 26 to
620 2698 81 24 now
720 2686 150 34 entered
901 2686 76 32 into
1004 2695 21 21 a
1044 2693 128 24 course
1187 2681 43 34 of
1252 2678 254 37 examination
1525 2678 44 33 of
1589 2678 48 33 all
1704 2675 64 40 rep
1768 2675 21 40 o
1789 2675 21 40 r
1811 2675 22 40 t
1846 2670 61 33 the
1919 2678 98 24 same
2034 2665 94 33 front
2145 2665 89 33 time
2251 2670 37 25 to
2306 2665 84 28 time
2406 2666 37 26 to
2447 2657 19 34 -
2466 2657 57 34 the
2542 2656 142 34 House.

318 2738 64 34 the
398 2739 139 32 Genera
573 2737 33 32 O
613 2735 32 33 ffi
647 2745 74 24 cers
742 2738 158 39 present,
930 2731 155 34 relative
1119 2735 37 28 to
1174 2730 60 32 the
1258 2735 93 26 state
1370 2726 41 34 of
1442 2725 61 33 the
1524 2724 113 45 Army

320 2785 115 34 under
454 2784 60 34 the
531 2781 243 35 Commander
806 2781 35 33 in
863 2778 123 37 Chief.
1037 2773 110 48 They
1165 2777 52 33 all
1250 2776 91 32 bore
1370 2772 195 44 testimony
1602 2778 37 26 to
1750 2717 83 34 The
1850 2717 167 45 question
2037 2724 72 22 was
2130 2717 65 38 put
2210 2709 70 33 and
2298 2706 154 34 carried.

1752 2764 80 34 The
1845 2765 60 33 Co
1915 2773 51 22 AN
1977 2772 19 22 C
2006 2771 22 24 I'.
2037 2770 78 24 I.LO
2126 2769 22 22 R
2178 2757 43 32 of
2244 2756 61 33 the
2337 2756 113 33 Exert
2463 2760 78 31 EQU
2554 2759 53 26 En
2626 2750 128 33 moved
2778 2750 63 35 the
2858 2752 109 33 order
2983 2751 48 35 of

319 2833 65 33 the
393 2832 185 33 excellent
589 2828 296 35 administration
915 2825 45 34 of
979 2826 63 33 the
1061 2826 117 32 Arinv
1196 2833 39 22 as
1251 2822 58 34 far
1324 2832 39 22 as
1391 2818 187 46 respected
1597 2818 44 33 its
1706 2811 39 34 th
1746 2822 20 22 e
1800 2812 50 43 da
1850 2812 26 43 y
1906 2809 57 33 for
1993 2810 64 31 the
2092 2806 123 33 blouse
2245 2804 107 43 going
2382 2802 73 32 into
2485 2810 21 21 a
2541 2800 217 31 Committee
2787 2810 44 22 on
2849 2800 63 32 the
2929 2800 99 33 Corn

320 2880 156 37 internal
497 2884 265 37 management.
811 2874 119 34 Their
946 2874 190 38 evidence,
1167 2872 189 35 however,
1390 2878 74 22 was
1486 2877 39 22 so
1561 2876 84 33 pre.,
1711 2859 193 40 Distillery
1923 2854 234 35 Prohibition
2172 2851 73 33 Bill
2263 2861 11 28 ;
2291 2851 63 31 but
2367 2846 124 33 before
2503 2846 109 41 going
2627 2846 74 32 into
2715 2845 60 33 the
2790 2846 240 40 Committee,

320 2927 116 44 cisely
452 2927 58 32 the
526 2934 102 25 same
644 2934 40 24 as
702 2922 80 38 that
795 2921 44 43 of
852 2921 152 35 Colonel
1024 2921 164 38 Gordon,
1215 2917 78 34 that
1313 2915 27 34 it
1359 2915 28 34 is
1407 2922 233 34 unnecessary

322 2981 41 28 to
384 2973 112 34 detail
517 2970 43 35 it.
1709 2908 43 31 he
1766 2906 130 33 moved
1913 2906 78 31 that
2011 2903 30 31 it
2060 2902 45 31 be
2130 2900 104 43 given
2254 2907 40 22 as
2309 2906 44 24 an
2373 2894 209 33 instruction
2602 2900 37 26 to
2653 2893 63 32 the
2735 2893 219 33 Committee
2957 2919 13 15 ,
2988 2898 38 28 to

1707 2953 116 33 admit
1833 2963 22 21 a
1871 2952 119 32 clause
2011 2950 77 31 into
2106 2947 61 32 the
2186 2941 89 43 Bill,
2285 2940 248 44 empowering
2546 2939 54 32 his
2614 2937 157 46 Majesty
2787 2947 35 25 to
2839 2940 190 44 prohibit,

376 3021 71 33 Mr.
474 3020 229 35 %Vitae:roe
739 3017 86 33 then
859 3014 171 47 resorted
1058 3021 168 37 progress
1243 3009 46 34 of
1315 3008 65 35 the
1408 3008 131 45 „whole
1558 3017 87 34 pro-
1708 3002 50 40 by
1780 2996 135 39 Procla
1915 2996 22 39 m
1937 2996 22 39 a
1959 2996 115 39 tion,
2086 2993 61 33 the
2164 2991 220 34 distillation
2395 2987 40 33 of
2443 2987 126 44 spirits
2588 2986 92 32 from
2696 2996 86 24 corn
2806 2987 34 33 in
2861 2987 169 41 Ireland,

322 3069 169 43 ceedings
506 3079 12 28 ;
552 3066 71 35 and
652 3065 63 34 the
748 3058 144 53 itepoit
918 3073 73 24 was
1018 3061 155 33 ordered
1207 3065 35 28 to
1270 3059 47 33 be
1335 3056 112 35 taken
1465 3056 77 33 into
1559 3064 64 25 cuu
1623 3064 21 25 -
1711 3051 83 30 how
1809 3045 71 34 and
1902 3056 24 20 w
1937 3044 69 32 hen
2024 3043 44 32 he
2083 3040 130 43 should
2226 3037 104 33 think
2344 3035 52 33 lit.

321 3115 204 38 sideratiou
552 3125 46 22 on
617 3112 193 45 Thursday
829 3116 91 31 next
925 3128 58 17 .--
986 3107 211 46 Adjourned
1204 3130 6 12 .
1211 3107 4 50 .
1287 3107 2 50 •

925 3181 157 14 .-----.

772 3226 219 48 Thursday,
1020 3226 96 38 Feb.
1144 3227 66 33 23.
1713 3241 86 40 port
1818 3244 76 25 was
1909 3231 156 34 ordered
2081 3237 35 25 to
2133 3229 45 32 be
2194 3226 159 43 brought
2373 3234 44 31 up
2437 3229 38 26 to
2478 3231 24 25 -
2502 3231 171 25 morrow.
2678 3221 26 46 —
2704 3221 260 46 Adjourned.

343 3288 4 67 •
377 3313 76 35 Mr.
475 3311 63 34 FY
547 3319 79 26 NES
646 3306 193 50 presented
865 3318 25 24 a
919 3306 161 35 Petition
1101 3288 18 50 f
1119 3288 19 50 i
1137 3288 57 50 rom
1222 3304 61 33 the
1299 3304 152 33 Curates
1465 3298 44 37 of
1522 3298 125 44 Henry

326 3361 67 34 the
416 3359 130 37 M.'s
562 3359 165 43 Chapel,
757 3356 158 46 praying
932 3354 125 45 public
1085 3352 65 34 aid
1176 3352 56 38 for
1256 3350 172 45 carrying
1444 3358 46 24 on
1509 3347 61 33 the
1597 3356 37 24 re
1637 3363 14 8 -

2202 3338 150 43 Friday,
2382 3335 80 33 Feb.
2486 3328 61 40 2.4,

333 3410 103 45 pairs
446 3406 45 34 of
506 3407 60 33 the
583 3415 111 25 sans.

381 3455 107 35 After
506 3465 25 25 a
548 3454 71 44 few
643 3451 119 44 words
778 3450 94 34 from
901 3449 58 33 Sir
1015 3472 7 8 .
1057 3446 35 33 If
1106 3456 92 32 tee,
1226 3445 85 33 who
1342 3441 220 45 deprecated
1589 3441 61 31 the
1722 3451 149 41 Mayor,
1898 3446 215 39 Aldermen,
2138 3444 67 32 and
2228 3442 176 31 Common
2424 3438 174 39 Council,
2627 3441 157 43 praying
2804 3438 81 33 that
2911 3446 22 24 a
2969 3438 74 33 Bill

330 3504 89 34 idea
433 3502 44 33 of
490 3491 152 53 making
658 3509 72 34 any
749 3497 217 34 alterations
986 3497 32 31 in
1035 3497 80 32 that
1139 3493 194 34 venerable
1358 3491 126 35 edifice
1485 3491 19 35 ,
1532 3485 119 34 which
1713 3164 9 12 ,
1756 3094 35 33 A
1822 3092 157 33 division
2006 3089 93 34 took
2124 3090 119 43 place.
2297 3084 76 33 For
2399 3081 60 34 the
2491 3080 93 40 Bill,
2602 3078 254 46 40—Against
2874 3080 45 41 it,
2936 3080 98 34 37

1716 3141 197 43 Majority,
1937 3139 37 32 3.

1757 3177 85 45 The
1860 3187 73 33 Bill
1946 3180 222 38 afterwards
2187 3183 97 30 went
2302 3175 154 44 through
2479 3184 24 22 a
2531 3172 234 41 Committee,
2789 3172 71 34 and
2880 3172 63 34 the
2962 3172 58 35 Re

1763 3402 85 34 The
1867 3398 151 35 Sheriffs
2036 3396 44 38 of
2102 3394 148 34 London
2271 3391 184 46 presented
2483 3402 25 22 a
2528 3391 165 35 Petition
2721 3390 93 34 from
2846 3389 65 34 the
2942 3390 100 34 Lord
3370 3420 18 9 ~

1716 3497 116 41 might
1863 3497 44 30 he
1924 3490 161 46 brought
2117 3490 34 34 in
2169 3489 59 34 for
2245 3487 61 34 the
2326 3488 116 31 better
2474 3484 196 46 Recovery
2704 3484 45 34 of
2770 3485 116 33 Small
2923 3484 123 35 Debts

3259 2926 4 12 ;

3256 3039 5 26 i

3275 3210 12 44 J

3339 3422 12 13 „

335 3560 98 27 were
448 3548 144 46 replied
608 3555 38 26 to
667 3548 46 43 by
733 3543 86 35 the.
820 3543 219 35 Chancellor
1068 3541 48 34 of
1131 3542 60 33 the
1220 3539 237 45 Exchequer,
1486 3535 57 34 wh
1543 3535 30 34 o
1590 3535 21 32 n
1611 3535 43 32 h-
1719 3544 47 35 wi
1773 3544 37 32 th
1815 3544 34 32 in
1867 3542 60 34 the
1942 3535 669 59 City.
3012 3535 133 59 .
3279 3535 132 59 ,

330 3596 131 38 served
480 3599 80 32 that
591 3596 60 33 the
670 3592 124 45 object
814 3602 77 24 was
907 3598 60 26 not
989 3596 33 26 to
1041 3589 99 34 alter
1155 3589 61 33 but
1237 3594 37 28 to
1293 3587 142 44 repair,
1462 3583 60 34 the
1543 3582 104 34 Yeti-
1768 3591 74 33 Mr.
1864 3589 149 33 BLACK
2026 3593 143 27 BURKE
2189 3580 189 48 presented
2394 3591 24 24 a
2435 3579 168 35 Petition
2621 3578 96 38 front
2746 3578 65 34 the
2826 3582 126 31 cotton
2968 3589 84 24 ma-

330 3648 84 33 lion
3276 3591 2 91 ..

431 3656 74 25 was
521 3643 156 35 ordered
693 3650 39 26 to
748 3641 51 33 lie
816 3650 46 25 ou
879 3640 60 32 the
956 3638 115 33 table.
1719 3637 206 35 nufactures
1941 3634 41 34 of
2013 3632 234 37 Lancashire,
2275 3628 155 46 praying
2448 3626 57 34 for
2522 3637 25 24 a
2564 3626 207 44 regulation
2802 3626 37 33 iu
2855 3627 64 33 the
2943 3627 107 44 price
3254 3608 26 44 0
3384 3608 2 72 .
3407 3608 4 72 .

1721 3686 40 34 of
1778 3694 137 33 Pages.
1963 3679 169 37 Ordered
2152 3685 37 27 to
2202 3678 52 33 lie
2267 3687 47 22 on
2331 3666 59 43 the
2409 3674 115 34 table.
3257 3683 7 6 ~

583 3724 168 30 LETTER
780 3723 124 27 ER.OM
931 3720 86 26 TUE
1045 3717 122 30 DUKE
1191 3717 51 25 OF
1270 3715 145 27 YORK.

504 3745 1 1 •

854 3745 1 30 .
3410 3745 1 30 ,

2904 3752 2 7 .
3405 3752 4 7 .

385 3780 110 38 After
506 3790 27 24 a
547 3785 104 37 great
672 3777 80 34 deal
771 3774 44 35 of
830 3780 146 39 private
993 3772 158 34 business
1170 3770 71 33 had
1259 3770 89 33 been
1367 3776 91 35 gone
1483 3762 175 46 through,
2098 3761 120 27 DUKE
2238 3761 57 25 OF
2316 3746 162 38 YORK‘S
2499 3755 183 27 LETTER.
3319 3746 4 76 .
3341 3746 2 76 .

2863 3793 4 5 •

334 3828 65 37 the
411 3826 209 38 SPEA.KaIt
639 3823 193 37 addressed
852 3822 64 33 the
934 3820 125 35 House
1080 3819 39 33 in
1134 3819 64 33 the
1209 3817 131 37 .follow
1349 3817 58 40 ing
1423 3820 181 28 fermi:—
1772 3819 73 35 Mr.
1866 3817 78 34 Wri
1954 3824 100 27 ITBR
2063 3824 51 25 EA
2124 3826 24 24 D
2164 3823 94 30 rose,
2285 3817 38 27 to
2339 3808 71 35 call
2430 3808 61 35 the
2517 3809 182 32 attention
2717 3806 45 34 of
2783 3806 65 34 the
2867 3806 130 38 House
3012 3809 44 33 to

451 3888 14 34 I
496 3889 92 32 have
620 3892 38 28 to
681 3883 180 46 acquaint
885 3879 64 37 the
983 3881 143 40 House,
1152 3878 78 34 that
1252 3878 97 32 since
1371 3876 17 33 I
1406 3883 104 26 came
1537 3878 40 28 to
1600 3870 60 34 the
1723 3880 22 24 a
1762 3872 136 28 matter
1917 3874 99 26 wore
2034 3863 133 41 deeply
2184 3859 171 43 affecting
2373 3857 59 33 the
2444 3855 207 46 ptivilegee
2667 3854 44 34 of
2726 3854 61 34 the
2819 3853 128 35 House
2967 3853 90 35 chew

335 3934 133 37 House
498 3934 14 34 I
547 3935 94 33 have
667 3930 169 38 received
853 3939 25 24 a
896 3930 105 33 letter
1031 3927 94 34 from
1156 3927 53 31 his
1226 3924 136 45 'Royal
1396 3921 182 44 Highness
1602 3918 60 32 the
1724 3926 69 33 any
1814 3915 43 31 he
1874 3922 84 22 ever
1978 3908 246 37 remembered
2248 3913 38 26 to
2302 3907 92 32 have
2409 3902 175 34 occurred
2604 3902 96 33 since
2724 3900 45 34 he
2789 3901 70 34 had
2888 3901 70 37 had
2991 3900 66 35 the

343 3983 112 37 Duke
471 3981 41 34 of
529 3980 132 41 York,
689 3980 61 35 the
762 3981 164 31 contents
941 3976 41 33 of
999 3976 123 33 which
1140 3974 115 33 relate
1270 3979 38 26 to
1328 3972 61 33 the
1410 3970 151 44 Inquiry
1580 3976 78 26 now
1728 3966 142 30 honour
1881 3959 44 34 of
1945 3969 21 24 a
1985 3963 77 30 seat
2083 3957 34 33 in
2140 3954 241 34 Parliament.
2435 3947 63 50 IN
2515 3948 148 37 alluded
2683 3953 37 28 to
2735 3948 64 33 the
2818 3948 125 33 Letter
2960 3948 98 33 ic,an

337 4031 163 47 pending
514 4028 131 35 before
661 4028 66 34 the
741 4025 223 37 Committee
989 4022 43 34 of
1044 4020 63 34 the
1135 4020 120 33 whole
1278 4019 141 34 House.
1475 4015 102 35 With
1603 4015 60 34 the
1728 4010 54 33 his
1801 4007 123 43 Royal
1941 4006 183 41 Highness
2138 4003 61 34 the
2215 4002 111 34 Duke
2339 4000 43 33 of
2392 3997 131 44 York,
2538 3994 190 37 addressed
2741 4002 38 26 to
2794 3994 60 34 the
2870 3996 191 44 z..peal“lr,

334 4077 223 48 permission
575 4075 43 37 of
633 4075 61 35 the
715 4074 143 40 House,
883 4071 20 34 I
928 4070 73 35 will
1017 4069 87 35 read
1122 4069 63 34 the
1727 4056 70 37 and
1818 4054 123 35 which
1957 4054 71 33 liad
2048 4054 90 32 been
2161 4049 86 37 read
2264 4046 93 35 from
2378 4046 63 34 the
2459 4045 133 35 Chair.
2643 4043 60 34 lie
2715 4049 92 27 must
2824 4041 118 45 confes
2942 4041 20 45 s
2962 4041 20 45 ,
2999 4041 60 44 i'.4
3059 4041 15 44 -

356 4123 17 14 '
389 4126 78 37 The
480 4121 180 51 Speaker'
669 4121 86 38 thia
768 4116 90 41 read
868 4113 63 43 the
948 4119 124 45 letter,
1098 4115 126 43 which.
1244 4124 77 28 was
1337 4122 41 30 as
1393 4110 228 38 follows:
1730 4111 86 35 one,
1843 4102 81 37 that
1941 4101 45 35 he
2004 4110 78 26 was
2099 4098 111 45 taken
2226 4097 47 46 by
2294 4103 162 38 swimse
2473 4098 47 32 oft
2545 4093 61 35 the
2639 4090 193 43 oceasitni,
2852 4088 213 57 otheiv,i,a

1654 4144 30 21 .•,
2561 4143 1 22 .
2778 4143 2 22 •

741 4169 39 14 •.,.

8 4193 14 162 I
777 4193 2 162 .
3250 4212 20 35 t;•
