3413 4441
98 448 11 27 '
307 116 159 56 rEB.
501 120 92 48 96.

312 195 19 24 1
331 195 19 24 -

761 257 183 40 ROYAL
977 124 187 175 AMOURS
1163 124 31 175 T
1194 124 32 175 .

904 332 171 24 ~..._..
1231 124 103 50 HE
1364 123 377 53 NATIONAL
1778 123 28 51 R
1806 123 30 51 -
1835 123 148 51 ,EGIS

371 364 154 40 SINCE
557 364 72 41 the
656 379 249 40 appearance
927 369 51 39 of
1000 370 71 40 the
1100 379 185 46 amatory
1305 376 340 52 correspondence

317 416 169 39 entitled
521 423 12 18 '
555 420 111 37 Love
693 420 77 39 and
810 424 210 39 Madness,'
1051 426 171 50 nothing
1251 425 47 40 of
1315 428 67 38 the
1400 426 97 39 kind
1524 441 123 26 seems

317 472 46 33 to
383 468 104 40 have
506 472 157 38 excited
680 485 43 26 so
741 476 119 38 much
875 477 198 38 sensation
1090 490 41 25 as
1149 476 69 40 the
1234 477 244 51 publication
1502 480 46 38 of
1563 493 84 26 cer-

318 522 85 37 tain
433 521 143 54 loving
605 523 155 44 letters,
791 528 240 51 purportiei,-.7
1061 534 41 34 to
1129 530 48 38 be
1196 531 159 38 written
1380 531 50 51 by
1461 531 67 39 the
1561 544 85 39 pre-

319 579 89 32 sent
444 575 120 39 Duke
604 578 47 38 of
687 579 133 44 York,
860 585 44 33 to
950 582 71 34 the
1055 594 92 26 now
1178 581 161 40 famous
1368 585 94 37 Mrs.
1488 583 158 39 Clarke.

320 626 223 40 Whatever
565 628 61 39 his
644 633 175 37 enemies
846 632 116 39 think
998 646 144 40 proper
1176 639 43 34 to
1251 635 135 46 object
1406 641 44 32 to
1472 635 58 38 his
1548 638 80 35 mill
1641 626 4 60 •

318 681 94 47 tars
445 681 196 59 capability
641 681 20 59 l
661 681 20 59 ,
711 697 125 39 every
867 698 74 25 ov.e
961 691 109 33 must
1088 687 172 39 concede
1281 693 41 33 to
1345 689 80 37 him
1448 689 69 37 the
1534 689 112 38 uteri;

321 730 52 40 of
396 732 175 53 ranking
593 746 149 39 among
764 737 69 39 tbe
867 742 102 34 most
999 739 289 51 accomplished
1311 741 48 35 of
1389 741 257 39 inamoralos.
1945 123 204 51 'TER.

2111 223 142 14 .....
2935 128 93 59 143

1709 252 13 142 :
1722 252 13 142 (
1735 252 13 142 k
1748 252 13 142 .
1761 252 13 142 -
1774 252 13 142 v
1787 252 27 142 it
1814 252 14 142 e
1828 252 14 142 h
1843 252 14 142 r
1857 252 85 142 ly:r.t
1969 256 211 48 agouising
2211 259 237 51 impatience
2473 262 97 38 does
2589 265 69 37 the
2678 261 112 51 royal
2811 262 113 40 lover
2957 265 67 38 &-

1710 304 77 48 islet
1817 308 69 34 the
1915 317 124 41 pangs
2069 307 47 38 of
2143 315 183 46 amatory
2344 313 170 39 absence
2532 313 104 39 from
2657 315 61 38 his
2927 314 100 40 dear

1813 407 100 39 flow
1931 422 73 26 can
2039 412 17 37 I
2086 412 239 54 sufficiently
2350 429 164 38 express
2541 422 45 33 to
2619 430 66 26 my
2712 417 158 53 darling
2891 417 137 45 love,'

1711 459 113 48 again
1846 467 128 32 writes
2004 461 60 39 his
2094 467 195 51 Highness
2315 467 50 39 of
2391 469 137 40 York.
2559 476 28 18 66
2611 482 65 38 my
2704 470 145 38 thanks
2870 470 66 40 for
2955 471 74 39 her

1710 510 107 45 dear,
1844 511 96 39 dear
1968 513 120 40 letter
2108 519 188 46 (another
2378 520 96 39 dear
2491 520 78 38 and
2604 527 131 47 pretty
2952 521 78 40 log

1711 567 43 33 to
1785 563 66 38 the
1884 565 120 39 world
2022 570 54 43 !):
2107 583 46 24 or
2181 570 70 38 the
2275 570 169 51 delight,
2474 572 128 38 which
2634 572 70 39 the
2734 587 228 26 assurances
2986 573 51 41 of

1714 614 74 38 her
1809 615 90 39 love
1928 630 103 37 gave
2052 627 84 37 me!
2193 624 78 43 Oh,
2307 635 64 39 my
2399 624 152 48 Angel!
2591 624 53 39 do
2675 638 63 24 me
2761 630 163 45 justice,
2953 630 80 38 and

1713 665 48 38 be
1791 669 215 51 convinced
2039 673 87 37 that
2156 673 116 39 there
2297 689 124 26 never
2457 690 79 25 was
2565 690 22 25 a
2621 689 156 26 woman
2807 679 149 38 adored
2991 693 45 24 as

1711 730 79 38 yon
1821 725 89 33 are!
1968 724 128 51 Every
2124 725 94 51 day,
2251 741 117 38 every
2409 729 122 44 hour,
2572 730 210 37 conainves
2811 743 79 27 me,
2922 743 113 27 mere

3209 20 9 119 i
3219 20 20 119 ..

3305 281 25 35 V

3304 339 31 350 :

3322 452 6 20 1

3312 465 41 39 li..

3312 533 11 25 A

3319 565 18 115 l
3337 565 18 115 '

325 771 1462 50 Tand
1818 785 124 31 more,
1971 776 91 38 that
2093 789 61 39 my
2193 780 126 39 whole
2357 781 214 51 happiness
2600 780 175 52 depends
2807 795 54 39 up
2862 795 54 39 on
2953 797 25 25 y
2978 797 52 25 ou

366 783 93 39 here
481 785 31 38 is
544 801 78 25 one
643 791 234 40 particular,
908 790 27 37 it
970 796 105 33 must
1091 791 25 38 b
1116 791 25 38 e
1162 791 65 41 con
1227 791 21 41 f
1248 791 89 41 esse
1337 791 45 41 d,
1398 806 41 24 as
1459 798 21 33 t
1480 798 22 33 o
1522 793 25 39 w
1547 793 50 39 hi
1597 793 25 39 c
1622 793 26 39 h

3325 809 12 81 ..;

1713 823 129 38 alone.
1899 826 119 40 What
2047 840 24 25 a
2096 831 50 35 ti
2146 831 50 35 me
2229 831 31 37 it
2289 843 171 40 appears
2489 839 22 32 t
2511 839 22 32 o
2564 831 25 39 b
2589 831 25 39 e
2644 846 106 25 since
2780 847 58 25 we
2867 839 117 46 parte
2983 839 47 46 d!

324 835 71 39 the
417 839 135 38 Royal
576 842 118 37 Duke
729 842 30 37 is
785 841 222 52 extremely
1041 844 275 39 unfortunate.
1376 844 275 52 Contemplate

1715 876 89 43 and,
1835 878 92 37 with
1950 880 107 38 what
2087 881 239 52 impatience
2344 885 52 38 do
2427 886 12 37 I
2472 883 102 39 look
2598 885 177 38 forward
2805 891 43 33 to
2870 889 69 35 the
2955 887 76 52 day
324 887 85 39 him
428 882 130 47 either
576 905 40 25 as
632 905 22 25 a
673 895 163 48 general
857 908 46 24 or
924 908 41 24 as
986 908 25 24 a
1033 894 123 46 lover,
1188 896 48 39 lie
1254 899 27 34 is
1297 896 109 39 alike
1427 896 220 41 ultimately
3315 876 2 106 .
3358 876 4 106 '
1714 927 102 38 after
1847 934 262 34 to-morrow!
2167 935 130 40 There
2333 948 69 26 are
2427 937 79 39 still
2513 965 11 18 ,
2559 937 204 44 however,
2794 944 79 32 two
2909 940 126 38 %shwa

322 941 247 40 successless.
648 948 130 35 Venus
809 960 123 25 seems
973 953 73 33 not
1084 961 111 26 more
1226 950 226 51 propitioas
1489 956 40 33 to
1569 950 80 39 bins

1714 980 131 66 nights
1845 980 22 66 ,
1867 981 135 39 before
2023 985 11 35 I
2057 984 97 38 shall
2174 986 106 51 clasp
2302 1000 63 40 my
2394 989 169 52 Darling
2583 994 43 31 to
2647 1002 61 39 my
2734 1003 103 25 aims
3330 980 4 71 ,
324 993 99 39 than
443 997 111 37 Mars
570 1000 8 33 !
630 1000 33 34 It
685 1012 90 39 may
796 1000 158 37 console
972 999 98 45 him,
1093 1002 200 45 however,
1316 1007 44 33 to
1380 1002 152 43 reflect,
1548 1003 102 40 that,

1769 1035 20 35 'I
1805 1033 48 38 he
1886 1033 132 52 Royal
2055 1038 116 38 Duke
2202 1041 98 38 then
2331 1041 162 39 adverts
2520 1046 44 33 to
2600 1041 58 38 his
2687 1041 175 53 mi!i:ary
2897 1056 136 26 move-

326 1045 37 38 if
387 1046 48 39 he
455 1046 72 39 has
546 1055 73 32 not
639 1050 146 54 always
804 1054 235 45 succeeded,
1059 1054 76 38 still
1157 1054 50 38 he
1222 1056 228 37 sometimes
1466 1054 185 39 deserved

58 746 1 500 .
110 746 31 500 1

1717 1090 138 32 meats.
1915 1088 58 37 lie
2000 1087 72 39 has
2093 1090 93 38 been
2254 1093 21 54 r
2275 1093 43 54 ev
2317 1093 21 54 i
2339 1093 43 54 ew
2381 1093 21 54 i
2402 1093 43 54 ng
2445 1093 21 54 .
2485 1094 45 38 th
2530 1094 24 38 e
2571 1096 22 48 t
2594 1096 69 48 roo
2662 1096 22 48 p
2685 1096 22 48 s
2772 1100 48 32 an
2820 1100 25 32 d
2869 1095 22 38 h
2891 1095 47 38 as
2961 1098 25 37 h
2986 1098 26 37 a
3012 1098 26 37 d

326 1102 46 34 to
392 1101 182 39 succeed.
633 1104 94 37 This
750 1119 28 22 is
797 1117 77 25 one
891 1106 45 38 of
956 1106 116 38 those
1085 1106 268 39 consolations
1372 1106 126 40 which
1524 1106 129 52 philo-

1717 1142 27 17 .,
1766 1150 24 24 a
1809 1150 93 39 very
1923 1139 109 51 good
2055 1141 97 38 view
2181 1142 50 37 of
2254 1144 113 39 those
2386 1147 48 37 of
2457 1144 71 39 the
2548 1148 151 35 French

326 1152 126 52 sophy
475 1152 116 41 often
609 1162 183 45 suggests
810 1163 44 32 to
874 1157 139 52 disapp
1013 1157 22 52 o
1036 1157 70 52 int
1106 1157 71 52 men
1176 1157 47 52 t.

1716 1201 22 24 a
1757 1188 146 39 distant
1924 1192 99 38 view
2044 1192 48 38 of
2117 1194 110 39 them
2243 1199 8 33 !
2310 1195 223 53 Agreeable
2563 1200 30 35 is
2626 1198 70 38 the
2715 1200 120 37 union
2861 1200 178 39 between
383 1206 122 50 Many
527 1207 143 52 people
690 1222 137 25 amuse
857 1209 235 39 themselves
1126 1212 97 39 with
1260 1209 234 52 descanting
1513 1224 50 25 on
1583 1211 71 39 the

3327 1256 24 32 ~

1716 1240 89 38 love
1830 1243 74 39 and
1933 1256 81 26 war
2033 1260 12 27 ;
2078 1246 120 43 since,
2224 1247 118 39 while
2361 1263 80 25 war
2458 1248 282 53 depopulates,
2769 1251 91 39 love
2878 1252 79 39 still
2980 1266 60 24 re-

326 1256 98 52 folly
446 1258 50 37 of
509 1261 70 35 the
600 1261 119 38 Duke
733 1261 50 39 of
800 1263 136 43 York;
966 1263 171 39 without
1173 1263 312 50 retoembering,
1514 1276 41 26 as
1586 1264 67 38 the

1716 1293 191 51 plenishes
1926 1294 67 39 the
2011 1298 128 37 earth.
2197 1300 89 37 And
2307 1305 43 33 to
2369 1302 67 39 the
2456 1302 163 46 soldier,
2644 1315 44 26 as
2707 1317 79 26 one
2804 1309 98 48 poet
2919 1306 122 52 sings,

327 1309 111 44 truly
458 1317 118 44 great
602 1315 99 37 Lord
724 1316 133 37 Bacon
880 1315 207 45 observed,
1119 1315 86 39 that
1294 1316 28 38 it
1350 1318 30 34 is
1398 1322 71 32 not
1485 1316 169 51 possible

327 1361 65 39 for
411 1375 24 25 a
452 1376 91 25 man
567 1369 44 33 to
631 1370 85 34 lore
735 1367 77 39 and
831 1374 20 31 t
852 1374 20 31 o
894 1369 22 37 h
917 1369 22 37 e
958 1372 91 33 ivise
1064 1372 35 33 at
1120 1367 69 39 the
1207 1380 109 26 same
1336 1368 139 38 time.''
1522 1371 131 47 Expe-

1719 1344 104 40 what
1840 1354 161 45 greater
2020 1349 91 37 bliss
2132 1350 115 43 than,
2267 1352 91 39 whil
2357 1352 24 39 e

330 1415 132 39 rience
481 1416 107 39 itself
605 1431 125 26 seems
751 1426 43 32 to
815 1420 151 38 furnish
989 1433 53 25 no
1063 1419 191 39 infallible
1274 1420 182 38 antidote
1476 1426 40 32 to
1537 1421 117 38 afliT-
1857 1437 6 8 .
2050 1416 98 43 lying
2169 1420 146 32 tranced
2337 1421 33 32 in
2391 1420 65 33 her
2476 1421 107 35 ivory
2601 1433 113 28 arms,

327 1466 102 40 lion.
536 1470 124 45 Love,
691 1470 81 39 like
996 1474 31 35 is
1045 1473 96 44 said,
1172 1473 51 51 by
1248 1473 67 37 the
1336 1470 94 52 high
1448 1472 204 53 authority
1811 1460 123 35 There
1950 1463 64 33 tell
2036 1465 97 32 what
2161 1465 89 34 thou
2270 1466 77 34 hat
2368 1466 155 46 'scapM,
2552 1473 46 31 by
2628 1472 154 33 Powers
2802 1469 163 37 Divine!
3326 1478 35 443 I

1783 1507 5 53 ,
1812 1507 99 34 How
1930 1519 107 34 many
2056 1513 110 31 round
2193 1513 83 33 thee
2293 1514 91 34 thou
2405 1515 77 33 bait
2503 1517 227 43 slaughter'd
2752 1530 80 24 seen
2849 1531 12 30 ;

129 1517 4 54 ,
328 1517 78 41 last
438 1521 122 43 cited,
643 1528 43 32 to
719 1524 136 39 knock
879 1537 99 26 once
999 1530 41 32 at
1072 1537 117 34 every
1222 1527 139 34 man's,
1377 1526 102 37 door
1561 1526 92 44 and,

3318 1505 21 116 •'/

1814 1556 96 33 How
1933 1556 57 34 oft
2011 1558 139 44 thyself
2176 1560 79 33 bast
2274 1560 90 34 been
2380 1573 89 21 near
2489 1564 91 32 hand
2597 1566 191 44 expiring,

335 1584 43 25 as
397 1573 259 40 observation
689 1576 164 40 inclines
872 1590 61 25 me
961 1583 44 32 to
1035 1589 185 40 snppose,
1250 1577 89 43 why
1367 1577 141 39 should
1537 1577 28 38 it
1586 1584 69 32 not
1815 1603 96 33 How
1935 1615 107 33 many
2062 1606 103 32 times
2183 1607 64 43 thy
2267 1607 87 33 flesh
2376 1609 86 34 bath
2481 1612 177 33 wooaded
2678 1613 89 33 been

328 1623 139 41 knock
490 1626 228 52 frequently
739 1635 41 32 at
801 1643 111 24 some
944 1633 123 33 mens'
1088 1631 149 37 doors?
1278 1631 154 37 Nature
1448 1629 138 39 makes
1603 1643 52 25 no
1815 1650 116 33 When
1948 1651 80 38 she,
2044 1652 65 43 thy
2125 1652 145 34 fortune
2285 1656 71 32 and
2372 1655 64 46 thy
2460 1658 118 33 worth
2598 1659 194 45 admiring,

328 1677 216 41 difference
562 1681 174 39 between
755 1683 155 50 princes
938 1682 77 38 and
1041 1683 102 37 their
1163 1682 155 51 people.
1378 1684 11 35 I
1413 1687 146 34 cannot
1578 1696 78 30 see,
1815 1696 103 34 With
1932 1696 67 45 joy
2021 1698 44 33 of
2081 1700 122 33 health
2223 1702 69 32 and
2313 1704 80 41 pity
2414 1703 44 33 of
2472 1704 67 45 thy
2559 1706 104 44 pain,
3103 1742 11 7 .

330 1729 226 48 therefore,
589 1733 86 51 why
713 1735 69 38 the
817 1733 273 52 predicament.
1122 1735 48 35 of
1202 1735 59 37 his
1290 1734 132 39 Royal
1467 1734 191 50 Highness
1817 1743 100 34 Doth
1933 1756 102 34 weep
2054 1748 67 32 and
2143 1748 194 35 kiss—and
2352 1750 72 33 kiss
2434 1752 72 32 and
2522 1763 106 33 weep

328 1782 143 40 should
506 1785 141 38 obtain
678 1785 72 38 less
770 1786 296 39 consideration
1095 1787 97 37 than
1227 1786 66 38 the
1323 1787 263 50 peccadilloes
1615 1788 48 37 of
1774 1802 79 38 Can
1884 1815 76 39 any
1989 1805 97 38 thin.
2086 1805 20 38 ,
2135 1806 47 37 be
2215 1819 111 26 more
2357 1808 202 53 naturally
2581 1813 242 48 expressive,
2852 1826 51 26 or
2929 1827 113 28 more

2079 1838 24 18 e,

330 1834 71 38 the
428 1841 181 34 meanest
627 1851 250 27 commoner.
934 1843 12 34 I
971 1852 122 25 never
1111 1838 120 38 heard
1260 1840 91 35 that
1380 1839 69 37 the
1472 1838 117 40 Duke
1616 1840 50 37 of
1722 1853 228 51 affectingly
1970 1856 175 52 elegant,
2177 1858 96 38 than
2295 1860 70 38 the
2383 1861 131 39 whole
2541 1861 51 39 of
2613 1864 80 38 this
2718 1871 183 47 amatory
2924 1869 119 39 inter-

330 1887 119 39 York
470 1902 79 26 was
576 1903 78 26 one
676 1891 48 37 of
748 1892 69 38 the
840 1892 198 38 members
1058 1892 47 35 of
1119 1891 71 37 the
1209 1891 157 45 Society
1389 1890 66 39 for
1475 1891 67 37 the
1564 1893 92 48 Sup-
1722 1920 138 24 course
1881 1907 175 39 between
2075 1910 67 37 the
2165 1911 120 38 Duke
2304 1911 50 38 of
2370 1913 118 39 York
2502 1915 78 39 and
2598 1917 94 37 Mrs.
2712 1917 146 39 Clarke
2872 1923 11 32 !
2935 1922 109 38 au.s.
3352 1887 4 72 ,

331 1941 181 51 pression
534 1941 51 39 of
600 1943 91 38 Vice
711 1946 76 35 and
806 1944 249 51 Immorality
1072 1959 9 27 ;
1113 1943 76 38 and
1211 1950 84 44 yet,
1312 1946 40 46 if
1364 1946 54 33 all
1431 1946 65 35 the
1514 1958 145 22 women

1775 1980 80 35 ***
1884 1978 81 33 The
1982 1980 128 32 writer
2126 1980 44 33 of
2186 1980 73 34 this
2277 1983 132 32 article
2430 1983 132 34 wishes
2580 1989 40 28 to
2639 1985 129 33 obtain
2789 1987 60 33 the
2871 1990 177 41 appoint-

122 1997 4 4 .

328 1997 131 34 wouM
483 1998 73 33 tell
583 1998 58 35 all
656 1998 87 46 iheg
764 2002 113 33 know
898 1998 47 47 of
967 2000 66 35 the
1052 2009 99 26 men.
1186 1998 11 34 I
1220 1995 142 38 should
1384 2002 69 31 not
1478 1996 47 38 be
1543 1997 115 37 much

1723 2031 93 26 mein
1835 2021 43 37 of
1892 2026 181 45 Amatory
2089 2029 190 41 secretary
2298 2033 40 30 to
2352 2039 70 33 any
2437 2031 45 32 of
2494 2041 69 24 our
2581 2031 214 35 Illustrious
2809 2034 240 46 Personages.

128 2044 2 183 .
330 2044 229 40 astonished
579 2052 44 34 to
654 2049 184 37 discover
862 2062 113 26 many
1003 2060 93 40 very
1119 2047 213 50 reputable
1367 2048 226 38 characters
1622 2049 35 37 in

327 2096 217 39 situations
560 2112 97 39 very
676 2100 102 38 little
797 2093 210 46 &ssimilar
1022 2099 105 40 from
1144 2101 91 37 that
1256 2100 35 35 in
1309 2099 128 39 which
1455 2101 58 37 his
1530 2101 130 50 Royal

330 2150 201 51 Highness
550 2164 91 28 now
660 2154 150 38 stands.
868 2156 70 38 Let
957 2153 86 38 him
1061 2153 87 38 that
1169 2153 31 38 is
1214 2152 171 39 without
1404 2154 60 35 sin
1491 2157 83 35 cast
1592 2154 69 38 the

330 2202 89 38 first
433 2207 118 33 stone
567 2207 9 33 !
1770 2139 107 33 THE
1903 2139 93 34 ROI
1996 2139 31 34 -
2027 2139 63 34 AL
2109 2141 61 33 FA
2184 2143 156 39 MILY,
2352 2145 69 31 and
2445 2144 131 34 Ladies
2593 2146 69 33 and
2682 2147 214 35 Gentlemen
2913 2150 45 33 of
2967 2150 89 35 niq-

1723 2185 151 35 tinction
1893 2189 66 31 and
1980 2187 174 39 Fashion,
2169 2199 59 21 I4SC
2245 2189 70 34 RU
2323 2191 69 31 SSI
2404 2191 32 32 A
2456 2192 110 39 OIL,
2580 2192 58 34 for
2655 2194 214 43 moistening
2888 2196 63 35 the
2970 2199 83 34 hair

1727 2233 85 66 when
1812 2233 21 66 .
1847 2233 47 54 dre
1894 2233 17 54 .
1913 2233 117 56 >sing,.
2044 2237 118 31 which
2185 2238 28 31 is
2241 2246 40 22 so
2307 2244 103 34 great

2386 2236 39 56 .
2425 2248 24 22 a
2469 2239 189 33 nourisher
2678 2246 38 27 to
2735 2241 61 34 the
2816 2243 113 40 flair,
2946 2256 38 24 as
3011 2254 40 26 to

61 2233 27 52 f'
517 2268 80 38 you
620 2255 73 39 call
716 2256 59 39 his
797 2257 131 43 Royal
950 2257 200 52 Highness
1185 2271 24 24 a
1237 2259 104 46 good
1539 2257 120 38 inter-
1724 2289 98 32 rev(
1838 2290 31 21 iii
1893 2288 24 25 it
1937 2288 9 27 t
1955 2293 130 33 urinng
2099 2293 48 32 gre
2161 2290 77 35 yto
2249 2283 50 33 all
2315 2285 148 43 periods
2478 2297 11 24 ;
2517 2293 188 37 promotes
2722 2288 63 33 the
2802 2293 164 39 growth,
2979 2295 73 32 and
3281 2307 13 14 ,
3330 2291 6 53 •*:

331 2307 169 51 rogated
515 2320 79 26 one
609 2308 47 37 of
671 2309 115 39 those.
798 2310 219 51 every-day
1038 2310 170 51 querists
1225 2309 105 38 from
1348 2309 132 37 whom
1498 2322 51 25 no
1569 2323 89 24 man
1723 2327 149 43 making
1894 2328 63 33 the
1989 2330 81 32 hair
2086 2340 103 28 grow
2209 2330 103 33 thick
2330 2331 66 32 and
2417 2331 79 46 loon.
2496 2331 17 46 '
2512 2331 17 46 ;
2567 2339 172 39 prevents
2761 2337 44 32 it%
2823 2337 111 33 fain.
2934 2337 22 33 ,
2970 2342 56 31 otf
3035 2354 13 8 -

330 2370 74 25 can
423 2359 123 52 easily
567 2360 249 53 disentangle
1139 2362 119 50 Why,

2835 2432 64 33 the

1318 2361 177 38 retorted
1520 2365 28 40 I,
1720 2375 69 31 and
1809 2380 151 27 restores
1980 2376 26 33 it
2020 2387 45 22 on
2085 2378 84 32 bald
2190 2378 137 44 places,
2343 2378 32 32 if
2389 2379 61 32 the
2469 2380 91 33 least
2578 2388 99 26 roots
2694 2365 213 103 remain.Se7ve
2907 2365 53 103 f.s
2960 2365 18 103 r
2978 2365 35 103 i.
3013 2365 37 103 ,l

330 2422 83 26 von
444 2411 103 38 have
568 2425 50 25 an
641 2426 73 38 eye
749 2420 44 31 to
813 2414 70 37 the
917 2415 97 40 city,
1046 2417 11 34 I
1093 2414 118 37 know
1234 2418 71 32 not
1331 2413 106 37 what
1473 2419 44 32 to
1563 2427 66 39 say
1646 2430 12 26 ;
1721 2421 24 33 G
1744 2421 71 33 ent
1815 2421 24 33 l
1839 2421 96 33 emen
1949 2422 20 33 t
1969 2422 20 33 h
1989 2422 43 33 at
2057 2434 97 21 were
2176 2425 20 39 b
2196 2425 20 39 a
2216 2425 63 39 ld,
2298 2426 22 31 h
2321 2426 70 31 ave
2408 2426 20 39 d
2428 2426 167 39 eclared,
2607 2428 97 33 after
2721 2431 100 43 using
2921 2430 94 37 Itti
3015 2446 37 22 la
3320 2412 41 74 A'

330 2451 174 51 because
534 2479 24 22 a
591 2470 107 43 good
731 2480 90 24 man
843 2472 103 31 must
983 2467 50 37 he
1054 2465 111 39 there
1183 2479 24 25 a
1225 2470 99 33 bona
1341 2469 83 46 fide
1444 2478 106 25 man.
1607 2469 52 35 As
1722 2469 61 33 Oil
1805 2470 187 45 regularly
2007 2469 61 34 for
2086 2472 56 32 six
2164 2471 155 37 months.
2339 2473 60 32 the
2426 2474 85 32 bald
2532 2476 123 43 places
2673 2476 150 35 became
2841 2481 64 39 nea
2904 2481 21 39 r
2926 2481 43 39 ly
2987 2492 32 22 co
3019 2492 33 22 ..

331 2518 45 34 to
397 2515 69 39 the
500 2515 136 47 ladies,
666 2518 106 37 what
815 2518 91 43 they
935 2517 78 39 call
1043 2532 24 22 a
1093 2524 102 41 gond
1209 2517 177 38 man—is
1406 2530 22 25 a
1449 2518 149 50 species
1617 2520 48 35 of
1722 2517 109 31 vered
1861 2518 89 31 with
1980 2517 85 33 hair
2078 2529 12 25 ;
2117 2525 188 37 promotes
2331 2520 209 41 eyebrows.,
2567 2523 197 37 whiskers,
2792 2526 67 32 and
2881 2535 171 37 prevents

59 2526 66 346 I
331 2571 184 44 negative
530 2572 163 34 animal.
722 2572 34 35 A
775 2570 351 51 thorough-paced
1148 2572 175 35 courtier
1343 2569 96 38 does
1457 2577 65 31 io•►1
1538 2569 122 39 know
1722 2563 96 32 than
1848 2564 144 44 turning
2016 2575 104 31 grey.
2176 2567 38 33 it
2246 2567 27 32 is
2304 2568 252 45 particularly
2580 2572 227 33 serviceable
2835 2578 37 27 to
2902 2584 107 34 perso
3009 2584 21 34 n
3031 2584 22 34 s

1727 2611 157 38 weitriaa
1899 2601 294 53 artificiarbair,
2207 2624 39 22 as
2267 2615 26 31 it
2306 2615 20 43 g
2326 2615 60 43 ive
2386 2615 20 43 s
2426 2615 26 34 it
2470 2626 25 24 a
2513 2619 40 32 na
2554 2619 20 32 t
2574 2619 60 32 ura
2634 2619 21 32 l
2675 2619 18 41 g
2693 2619 18 41 l
2711 2619 57 41 oss
2767 2619 19 41 ,
2809 2621 47 32 an
2856 2621 24 32 d
2906 2626 61 32 rew
2967 2626 20 32 i
2987 2626 63 32 ers

332 2620 109 38 what
471 2622 31 35 is
526 2626 137 33 meant
683 2622 51 51 by
754 2637 24 22 a
795 2628 103 43 good
922 2636 105 24 man.
1088 2624 107 34 Even
1219 2622 66 37 the
1313 2626 190 43 religions
1522 2628 136 40 world,
3328 2583 14 103 li

333 2670 148 46 which,
513 2674 50 37 of
585 2686 154 32 course,
771 2675 31 35 is
839 2674 72 39 full
931 2674 47 39 of
1004 2675 213 47 goodness,
1239 2673 151 52 merely
1410 2679 94 33 nods
1525 2676 47 35 its
1592 2688 67 37 ap-

1706 2657 45 33 .it
1770 2656 65 33 %oft
1851 2660 67 31 and
1939 2659 194 34 be-antiful.
2192 2662 34 32 It
2245 2661 30 33 is
2290 2663 188 43 generally
2500 2665 144 33 remark
2644 2665 24 33 e
2668 2665 25 33 d
2721 2667 24 43 b
2745 2667 25 43 y
2789 2678 148 33 persons
2952 2670 40 46 us
2992 2670 20 46 i
3012 2670 41 46 ng

1722 2705 156 56 artificial
1878 2705 17 56 .
1924 2706 94 39 hair,
2047 2709 79 31 that
2150 2708 100 33 after
2276 2719 22 22 a
2323 2709 100 33 short
2451 2709 91 34 time
2569 2713 141 43 wearin
2709 2713 24 43 g
2750 2714 30 32 it
2796 2715 24 33 b
2819 2715 145 33 ecomes
2980 2721 24 41 d
3004 2721 47 41 ry

333 2724 219 48 probation
586 2726 50 38 of
660 2740 22 24 a
699 2732 106 44 good
829 2741 103 24 man.
992 2730 28 35 N
1031 2740 74 28 ow,
1136 2739 41 24 as
1211 2725 135 51 things
1380 2738 71 35 go,
1491 2730 12 33 I
1539 2727 119 52 really
1722 2751 69 32 and
1815 2753 87 38 still,
1920 2754 66 31 and
2009 2765 28 21 is
2057 2756 116 43 easily
2192 2756 213 33 discovered
2422 2757 84 33 that
2533 2758 30 33 it
2595 2759 31 32 is
2652 2761 190 40 artificial,
2871 2763 47 39 by
2947 2765 86 44 usin,,
3033 2765 15 44 ,

333 2777 135 44 ili;.nk,
488 2777 107 40 after
613 2777 69 44 all,
702 2778 91 40 that
811 2781 69 35 the
904 2781 122 37 Duke
1044 2781 46 46 of
1107 2780 109 37 York
1235 2778 28 38 is
1283 2778 233 39 somethine•
1532 2779 130 39 better

1488 2810 21 19 6
1724 2799 60 33 the
1805 2800 131 33 Russia
1954 2802 61 32 Oil
2040 2802 25 31 it
2086 2807 169 38 prevents
2274 2804 30 32 it
2322 2803 91 33 from
2432 2804 111 44 being
2563 2805 61 43 dis
2624 2805 123 43 covere
2747 2805 41 43 d,
2822 2820 39 20 as
2881 2810 30 33 it
2935 2810 116 46 keeps

332 2829 98 39 than
454 2843 118 39 many
596 2845 24 24 a
648 2836 103 43 good
961 2831 65 39 All
1049 2835 86 34 that
1170 2833 13 35 I
1218 2844 64 25 ant
1309 2833 24 37 c
1332 2833 24 37 o
1356 2833 48 37 nc
1404 2833 25 37 e
1429 2833 99 37 rned
1551 2833 109 44 with,
1724 2845 63 33 the
1805 2845 83 34 hair
1903 2846 72 34 soft
1989 2849 69 31 and
2070 2851 143 31 render-
2226 2851 44 32 its
2282 2861 236 33 appearance
2529 2852 158 35 natural.
2738 2856 80 32 The
2833 2856 87 43 high
2941 2869 110 34 repa-

334 2880 206 48 however,
573 2896 31 25 is
624 2883 59 38 his
702 2884 216 53 epistolary
939 2884 246 52 reputation.
1726 2894 115 32 tation
1860 2894 60 34 the
1942 2894 132 35 Russia
2092 2898 60 32 Oii
2176 2901 64 31 ha.;
2257 2898 129 41 gained
2406 2898 60 33 fur
2496 2909 145 33 presers
2650 2903 59 40 tog
2737 2903 67 32 and
2841 2910 213 41 promoting
3256 2880 2 72 .
3343 2880 2 72 .

70 2947 13 56 [
389 2935 15 37 I
438 2935 105 38 have
573 2934 202 41 therefore
811 2942 44 33 to
888 2941 135 44 regret
1043 2937 66 38 the
1126 2933 331 52 incompleteness
1474 2935 38 38 in
1534 2936 124 39 which
1726 2940 61 33 the
1807 2942 94 40 hair,
1919 2943 69 32 and
2006 2943 65 33 the
2082 2950 105 35 greet

2203 2946 149 32 demand
2372 2944 58 33 for
2445 2947 44 38 it,
2504 2947 66 33 has
2593 2948 152 34 induced
2765 2952 89 32 Wel
2862 2965 12 19 v
2898 2955 155 35 envious

335 2988 17 37 I
389 2986 81 39 find
497 2988 69 39 the
605 2991 198 51 Amatory
839 2989 351 51 Correspondence
1219 2989 175 38 between
1431 2988 60 39 his
1530 2989 131 46 Royal
1727 2998 145 33 persons
1899 2996 35 26 to
1956 3000 99 34 copy
2076 2994 58 28 the
2150 2991 296 41 advertisement,
2472 2995 69 31 and
2563 3001 35 27 to
2615 2995 187 34 advertise
2816 2999 155 35 articles
2996 3004 59 32 for

113 3037 2 56 •
335 3038 202 53 Highness
550 3040 89 39 'the
676 3041 123 39 Duke
831 3041 47 39 of
917 3041 130 45 York,
1090 3043 79 37 and
1218 3041 178 38 Mistress
1431 3043 115 50 Mary
1574 3044 86 37 Ann
1726 3037 61 32 the
1804 3037 141 33 similar
1962 3048 176 33 purpose,
2159 3039 120 33 which
2308 3041 92 32 have
2417 3045 61 27 not
2507 3041 61 32 the
2585 3043 106 33 e11e4.1
2709 3046 66 34 ;it
2807 3045 28 32 is
2867 3047 190 37 therefore

334 3091 167 40 Clarke.
560 3094 37 38 It
632 3093 45 46 is,
706 3099 43 34 at
771 3100 170 46 present,
972 3094 54 39 all
1059 3107 48 24 on
1129 3107 78 25 one
1226 3093 131 60 side...
1382 3093 124 39 ‘Vhen
1527 3094 70 38 her
1617 3094 44 37 il-
1728 3090 79 37 part
1817 3084 52 32 ico
1876 3085 113 79 lait
1991 3094 72 69 reTr
2063 3094 18 69 i
2081 3094 18 69 i
2099 3094 19 69 ,
2119 3086 141 32 mewled
2280 3093 38 26 to
2336 3089 152 32 observe
2524 3087 60 35 the
2613 3089 98 35 label
2738 3103 46 22 IM
2811 3094 64 31 the
2910 3097 149 35 4)1114de
3335 3105 8 39 i

1996 3143 19 22 el
2098 3133 103 33 »ilk
2223 3133 25 33 is
2261 3136 123 41 signed
2404 3135 34 33 in
2461 3135 152 34 Russian
2631 3139 85 40 gold
2735 3139 79 40 ink,
2890 3141 168 38 NloeUri-

334 3142 194 43 lustrious
548 3145 231 40 inamorato
806 3159 103 34 says,
994 3148 91 38 how
1104 3159 72 26 can
1201 3150 12 35 I
1234 3145 234 53 sufficiently
1505 3158 159 40 express
1728 3176 24 33 k
1809 3141 8 33 i
1838 3151 9 22 k

1741 3177 120 34 -ufskv
1881 3180 69 32 and
1972 3180 46 33 Pr
2029 3180 76 33 in-e
2176 3191 72 32 any
2267 3181 151 33 without
2437 3182 80 34 that
2528 3184 185 37 signalute
2727 3196 61 22 are
2804 3193 253 34 counterfeits.

333 3200 47 35 to
402 3210 64 39 my
485 3203 198 40 sweetest,
781 3198 158 51 darling
959 3201 105 37 Love
1082 3198 222 52 (meaning,
1323 3200 30 35 it
1363 3198 30 38 is
1407 3198 255 44 understood,
1731 3214 117 44 Price'
1867 3226 37 31 7s
1929 3236 65 32 per
2021 3228 132 37 tu:ttle,
2173 3239 41 21 or
2233 3239 65 24 one
2319 3229 115 32 bottle
2448 3239 31 22 Cl
2563 3231 8 26 i
2485 3230 119 27 i
2606 3237 56 37 nita.u.ng
2682 3235 86 31 tour
2783 3239 123 32 small.
2924 3246 39 26 est
2991 3250 70 22 oOr

335 3250 98 38 Mrs.
454 3250 188 47 Clarke),
661 3253 69 38 the
750 3253 156 51 delight
925 3252 132 39 which
1080 3254 67 37 her
1167 3252 109 45 dear,
1307 3250 72 39 her
1396 3257 129 46 pretty
1548 3250 116 40 letter
1726 3272 148 43 guinea,
1884 3283 41 21 or
1942 3273 58 32 six
2015 3276 130 39 guinea
2164 3276 135 33 bottles
2316 3283 37 25 at
2372 3278 70 32 live
2461 3278 294 43 pourds.—Sold
2776 3283 200 34 wholeseele
2991 3289 71 32 and

338 3304 198 58 (meaning
536 3304 26 58 .
583 3317 25 25 a
640 3304 119 39 lettee
797 3309 43 33 to
879 3306 79 37 him
997 3305 103 38 from
1134 3305 89 46 her)
1261 3317 105 39 gave
1404 3317 76 31 me,
1509 3317 46 25 or
1577 3304 86 38 how
1729 3320 103 32 retail
1861 3321 48 32 by
1936 3321 61 33 the
2029 3321 234 43 Peoprietor,
2304 3319 47 37 A.
2385 3322 150 41 Prince,
2559 3325 38 38 9,
2624 3326 174 35 John-sir
2813 3337 41 25 -ci
2895 3334 33 31 0
2965 3335 11 31 i
2975 3335 12 31 .
2987 3335 12 31 „
3319 2777 26 155 ;:.

335 3356 119 38 much
488 3357 17 38 I
539 3356 79 39 feel
656 3357 52 38 all
741 3358 71 38 the
844 3358 94 38 kind
960 3357 135 52 things
1129 3358 69 38 she
1226 3370 89 32 says
1346 3360 43 33 to
1411 3369 63 26 use
1511 3356 37 38 in
1581 3356 28 39 it
1687 3341 5 73 ,
1726 3373 109 26 street
1851 3379 11 27 ;
1889 3369 85 39 and,
1993 3371 48 40 by
2059 3371 270 41 appointment,
2348 3371 47 43 by
2421 3371 74 33 Mr.
2518 3374 20 24 s
2584 3374 6 24 ;
2517 3374 100 24 i
2619 3381 34 32 -m.to,
2673 3376 89 32 Nets
2800 3341 14 73 4
2815 3341 175 73 110:1112trel
2989 3341 14 73 l
3004 3341 14 73 :
3018 3341 46 73 417

3021 3390 9 31 I
3048 3407 13 17 v
3266 3366 51 70 1:

333 3407 170 39 —when
534 3420 79 26 one
633 3410 112 38 reads
775 3410 80 38 this
876 3416 184 46 amatory
1082 3409 261 43 declaration,
1374 3409 90 38 who
1483 3409 93 38 does
1594 3415 72 33 not
1733 3415 156 32 Ilendric
1907 3417 67 31 and
1990 3417 103 38 Sons,
2109 3417 91 32 Tie]
2210 3419 239 32 borne-street
2465 3431 11 25 ;
2506 3419 73 44 Bay
2590 3420 58 43 ley
2661 3423 71 33 and
2750 3423 122 41 Blew,
2885 3426 35 39 5,
2939 3430 123 33 (sock-

338 3465 133 44 regret
493 3461 122 51 being
631 3462 217 51 precluded
879 3463 103 39 front
1002 3462 286 53 participating
1307 3461 35 38 in
1382 3468 27 18 66
1428 3462 69 37 the
1515 3462 151 51 delight
1727 3472 85 32 spur
1817 3469 150 31 -street;
2002 3463 159 33 Davison
2194 3464 71 33 aid
2293 3467 85 38 Son,
2418 3467 64 39 5),
2524 3467 210 37 !'least-street
2735 3477 6 26 r
2741 3477 13 26 ee
2754 3477 7 26 t
2779 3483 9 24 ;
2833 3461 162 45 iti
2995 3477 65 41 6?,
3265 3438 12 64 I

522 3514 83 38 this
690 3515 99 38 dear
822 3521 131 47 pretty
1165 3528 78 24 was
1272 3513 220 39 calculated
1532 3520 38 33 to
1593 3527 73 25 im-
1731 3510 27 33 C

1768 3509 191 44 heapside;
1993 3509 141 35 Bacon,
2152 3511 81 40 130,
2250 3511 278 37 Oxford-street
2545 3527 11 27 ;
2576 3516 104 40 Tim,
2700 3516 120 35 Royal
2842 3501 59 56 Exc
2901 3501 40 56 e.
2941 3501 40 56 ha
2981 3537 83 31 lige;
3270 3523 7 12 ,

1734 3555 99 40 Bull,
1857 3556 162 37 Dublin;
2050 3557 185 40 Riiebuni,
2259 3559 214 45 Edinburgh
2473 3559 25 45 ;
2530 3562 156 40 Collins,
2707 3566 191 34 Solisbury
2919 3582 8 24 ;
2955 3572 21 34 C
2976 3572 44 34 ot
3020 3572 44 34 e-
3269 3555 4 51 I

335 3570 119 46 part.?
513 3567 85 38 'Tis
630 3579 25 26 a
680 3567 155 48 chasm,
852 3567 295 56 :nevertheless,
1176 3567 130 39 which
1329 3570 14 35 I
1364 3566 100 39 shall
1495 3572 70 33 not
1599 3580 66 25 en-
1731 3604 98 39 well,
1853 3604 91 33 Bath
1961 3617 11 25 ;
1996 3605 71 33 and
2089 3606 44 43 by
2156 3611 90 28 most
2263 3608 184 44 priecipal
2472 3609 209 34 Perfuniers
2704 3622 41 22 or
2766 3607 184 43 Mcdieine
2968 3620 96 35 Veil-

337 3611 184 47 dcavour
541 3624 43 34 to
606 3619 71 40 fill.

1729 3650 80 33 der.
1826 3652 34 32 to
1881 3651 181 44 England,
2087 3652 159 43 Ireland,
2265 3654 66 33 and
2361 3656 410 47 Scotland.—Country
2800 3661 265 48 Shopkeepers

389 3670 273 43 Love-letters
680 3685 70 27 are
767 3673 126 39 trifles
911 3674 51 39 of
973 3674 71 39 the
1059 3673 136 41 heart;
1227 3672 93 47 said,
1341 3685 43 25 as
1411 3671 113 44 such,
1553 3671 113 39 those
1909 3699 78 32 licit
2003 3699 126 34 orders
2150 3707 37 25 to
2204 3711 72 33 any
2297 3702 201 35 wholesale
2522 3702 149 38 Vender
2691 3707 86 45 they
2800 3707 85 38 deal
2909 3715 87 33 with
3027 3716 38 35 is

335 3723 46 39 of
413 3725 69 38 the
517 3725 123 39 Duke
665 3726 50 39 of
741 3724 117 41 York
891 3741 69 26 are
989 3726 137 52 highly
1148 3732 43 32 to
1211 3726 51 38 be
1277 3725 227 39 estimated.
1561 3725 103 39 How
1682 3723 13 14 '
1731 3706 14 80 L
1746 3706 14 80 .
1760 3706 43 80 Tud
1802 3706 28 80 il
1831 3706 14 80 o
1845 3706 28 80 tg
1873 3706 30 80 n,
1915 3756 25 24 n
1950 3746 40 33 ill
2006 3748 143 33 receive
2165 3748 132 34 liberal
2310 3750 221 35 allowance.
3344 3720 17 235 1

333 3776 215 56 delicately
589 3781 34 46 (I
648 3778 78 40 had
746 3778 249 40 almostsaid
1015 3777 467 52 eondecendingly—but
1504 3778 115 38 there
1637 3778 30 38 'is

2497 3824 119 14 vICIIIIIIIII
3322 3809 4 30 .

332 3841 57 26 no
407 3829 324 48 coodoacension.
748 3831 50 39 in.
811 3831 91 39 love
920 3831 156 50 afFairs)
1113 3831 97 39 does
1230 3831 59 39 his
1307 3828 136 53 Royal
1473 3830 195 53 Highness
1783 3841 222 37 MILITARY
2028 3841 387 41 DESERTERS.—To
2452 3846 131 38 check
2606 3847 71 39 the
2704 3856 117 45 great
2841 3850 223 59 frequency
3332 3856 17 39 1

333 3895 165 39 express
519 3883 59 39 his
611 3883 230 40 reluctance
860 3891 43 32 at
984 3885 70 38 the
1084 3885 89 39 idea
1208 3883 47 39 of
1298 3882 152 52 adding
1480 3888 45 34 to
1554 3883 113 39 those
1729 3891 48 39 of
1789 3892 220 39 desertions
2027 3892 107 40 from
2157 3895 71 37 the
2256 3907 129 32 army,
2422 3898 269 56 particularly
2722 3904 148 53 {hiring
2890 3905 71 41 the
2976 3922 89 39 pre-

2517 3952 4 19 .
3346 3952 4 19 ,

333 3935 202 40 sacrifices
745 3937 60 40 his
839 3937 171 40 beloved
1032 3937 74 39 had
1137 3943 27 19 ~
1187 3935 117 40 made
1420 3935 107 40 him!
1567 3937 100 38 How
1729 3948 85 34 sent
1834 3943 151 39 critical
2004 3945 130 45 tiznes,
2156 3947 112 38 when
2291 3960 109 26 moss
2419 3961 172 28 services
2611 3966 70 27 are
2696 3969 46 24 so
2764 3961 119 37 much
2906 3965 168 40 wanted.

334 3989 198 52 minutely
567 3990 97 39 does
684 3991 48 38 he
762 3997 117 34 enter
909 3991 85 38 into
1033 4003 118 38 every
1179 3989 102 39 little
1309 3987 123 39 detail
1450 4004 11 30 ;
1501 3989 93 39 such
1628 4002 41 26 as
1731 3998 28 37 it
1781 3998 67 35 has
1867 3997 97 39 been
1980 3999 311 40 recommended
2322 4007 43 33 to
2383 4007 123 34 enact
2524 4016 26 28 a
2567 4004 22 48 l
2589 4004 47 48 aw
2636 4004 24 48 ,
2691 4015 231 51 subjecting
2940 4028 25 41 e
2965 4028 76 41 ver
3040 4028 26 41 y

330 4041 74 39 the
745 4044 51 39 of
872 4044 67 38 the
2877 4078 41 33 ri,
2952 4075 15 32 t
1088 4082 1887 25 o
2976 4043 66 69 bhe
1154 4041 113 44 leads
1410 4041 71 39 the
1730 4048 143 41 soldier
1909 4049 90 39 who
2031 4051 100 38 shall
2165 4052 206 40 hereafter
2398 4054 151 47 desert,
2578 4071 53 26 on
2665 4064 94 40 conv
2759 4064 24 40 i
2783 4064 47 40 ct
2830 4064 24 40 i
2854 4064 47 40 on
3325 4041 24 33 f.'

3048 4085 21 24 e
3341 4083 13 39 )
3383 4083 2 39 .

1729 4106 172 37 branded
1929 4106 40 35 in
2006 4116 26 26 a
2063 4109 260 45 considicu.ous
2357 4120 183 33 manner,
2570 4114 93 38 with
2692 4117 98 37 the.
2790 4122 122 35 mark
2931 4124 51 37 of
3004 4128 65 34 tha

330 4094 65 46 (in
416 4094 70 41 the
519 4096 137 52 Royal
680 4095 193 53 Family),
902 4095 48 40 of
965 4096 105 38 their
1095 4095 137 50 being,
1254 4094 203 47 however,
1540 4098 35 33 at
1600 4095 70 39 the

333 4146 113 52 play,

27 4149 562 289 ju...........imiiiiii...m.wd
591 4148 98 43 which
690 4155 103 33 went
794 4149 93 38 off
888 4150 169 37 better
1058 4150 107 35 than
1167 4148 87 38 the
1256 4147 143 39 first
1581 4144 76 40 and
1658 4147 1753 38 of
378 4202 37 38 D

1709 4149 5 100 1
1734 4159 52 35 iti
1786 4159 34 35 rv
1820 4159 18 35 r
1838 4159 18 35 ,
1856 4159 18 35 s
1889 4157 20 40 i
1909 4157 85 40 rroa
1994 4157 21 40 d
2040 4170 133 26 arrow
2211 4162 21 35 i
2232 4162 21 35 n
2278 4161 21 38 t
2300 4161 21 38 h
2321 4161 21 38 e
2370 4165 111 46 night
2517 4165 138 47 cleat:;;,
2756 4170 119 47 iilacc
2895 4149 24 74 I
2919 4149 24 74 =
2942 4149 48 74 s:
2996 4180 26 51 „
3022 4180 53 51 re
3345 4222 15 27 1
3360 4222 15 27 .
3407 4149 4 100 •

465 4202 221 40 O'Meara"
705 4202 168 53 witching
889 4209 27 18 66
930 4204 122 39 niuch
1068 4206 43 37 to
1126 4200 150 53 preach
1289 4196 328 54 bcforelloyalty
1708 4198 7 18 '
1731 4230 8 13 ,
1754 4187 436 70 or;ofiapunisinent.
