3413 4441
1119 27 148 52 THE
1302 30 383 54 NATIONAL
1721 34 383 52 REGISTER.

242 27 94 48 138

219 169 223 51 Boulogne.
476 170 112 38 these
622 183 111 38 maps
767 183 107 26 were
904 170 244 41 distributed
1183 178 43 33 to
1261 187 53 25 an
1349 171 220 41 incredible

221 228 193 38 amount,
442 222 80 39 and
549 235 154 39 groups
741 222 48 39 of
814 224 154 38 French
998 223 169 41 soldiers
1204 239 105 26 were
1338 224 226 52 constantly

220 288 96 26 seen
334 275 145 51 poring
504 288 102 25 over
625 275 129 45 them,
784 275 76 39 and
880 279 215 51 enjoying,
1126 280 39 37 in
1183 279 286 52 anticipation,
1500 279 67 37 the

223 327 128 53 spoils
366 327 77 48 and
465 327 171 52 plunder
672 327 48 39 of
744 327 70 40 the
841 332 240 51 metropolis
1111 332 50 39 of
1183 333 69 38 the
1286 333 146 39 British
1472 333 63 38 Em-

221 392 106 43 pire.

279 436 63 37 To
360 431 93 53 give
472 431 79 39 this
570 436 159 47 project
759 439 25 32 a
819 439 164 45 greater
1015 449 256 40 appearance
1300 437 50 38 of
1374 437 165 59 probabi-

221 485 96 52 lity,
346 485 244 38 caricatures
624 488 77 37 and
735 498 118 38 songs
883 501 103 27 were
1020 489 324 46 manufactured,
1377 503 39 25 in
1439 490 123 39 which

222 550 80 28 our
325 537 240 39 Volunteers
582 539 79 38 and
680 539 164 44 Militia,
873 553 102 27 even
994 542 183 44 soldiers,
1208 555 99 26 were
1328 548 73 33 not
1433 555 109 39 repre-

221 591 141 41 sented
381 592 39 38 in
454 591 70 38 the
540 595 106 34 most
671 592 305 52 advantageous
996 594 129 52 light;
1156 594 73 39 but
1258 594 67 38 the
1346 594 146 39 battles
1521 595 47 38 of

223 645 183 40 Vimiera
423 643 79 38 and
539 644 188 39 Corunna
759 645 104 39 have
891 646 208 40 furnished
1137 647 107 38 them
1267 646 93 40 with
1393 660 26 26 a
1454 660 109 26 more

226 702 124 35 exact
369 694 76 40 and
464 694 165 44 faithful
648 697 201 52 specimen
868 698 48 38 of
948 699 69 39 the
1037 699 102 40 stuff
1160 712 76 25 our
1264 712 113 38 army
1402 700 31 38 is
1452 713 81 25 com-

224 751 143 51 posed.
423 751 116 35 Since
559 748 94 39 then
671 751 93 50 they
787 750 84 39 also
888 750 53 38 do
961 764 45 26 us
1028 752 67 39 the
1116 752 158 38 honour
1294 757 43 33 to
1357 767 89 37 say,
1474 754 87 38 that

222 803 74 39 the
317 801 142 38 British
478 814 72 27 are
566 803 70 37 the
653 807 91 40 o►t.lr/
764 807 161 35 soldier
946 804 94 51 they
1076 817 94 25 ever
1204 804 150 52 fought
1374 806 182 51 against;

224 854 81 40 and
327 854 105 39 from
452 853 137 40 whom
609 854 91 51 they
730 861 103 33 have
853 862 78 32 met
953 869 77 38 any
1071 857 117 50 thing
1222 855 80 40 like
1331 859 228 39 resistance.

226 906 286 53 This'opinion
533 907 73 38 has
624 907 193 39 obtained
831 921 150 38 among
1003 911 110 37 them
1144 911 314 51 extraordinary
1486 912 57 39 cir-

224 959 181 40 culation
426 959 50 39 of
501 958 107 44 late;
638 959 76 38 and
731 960 67 39 the
819 959 169 52 plunder
1004 961 50 38 of
1080 965 182 41 London,
1292 976 41 24 as
1354 976 24 25 a
1407 966 151 38 reward

222 1012 71 39 for
312 1012 104 39 their
449 1017 161 46 present
628 1012 206 52 hardships
863 1016 73 35 and
961 1016 236 48 prisalions,
1228 1016 131 38 would
1394 1016 51 39 be

222 1063 129 52 tingly
371 1064 239 39 abandoned
630 1063 65 39 for
715 1065 70 38 the
804 1064 138 52 reality
969 1068 50 38 of
1043 1080 24 26 a
1085 1069 170 51 copious
1279 1068 145 40 dinner
1444 1070 76 38 and
1535 1083 22 26 a

224 1109 116 61 good
361 1116 129 40 bottle
509 1116 48 39 of
580 1115 116 40 wine.

2691 38 156 51 FEB.
2889 44 87 53 26.

1629 168 122 59 lantly
1776 177 182 37 watched
1994 177 45 51 by
2067 176 69 39 her
2163 181 158 44 agents,
2352 176 240 43 abandoned
2626 177 50 51 by
2701 178 165 43 Russia,
2903 190 48 25 un-

1628 229 215 51 supported
1880 229 76 38 and
1980 229 312 50 unencouraged
2333 229 50 51 by
2417 242 22 25 a
2470 229 129 51 single
2636 230 168 50 friendly
2842 234 131 40 State,

1631 281 159 39 Austria
1826 281 129 52 began
1996 282 76 38 and
2107 281 229 51 completed
2376 281 71 39 her
2485 282 184 51 military
2704 288 269 38 armaments,

1630 333 102 39 tilled
1755 334 69 38 her
1844 333 175 39 Ltrsenals
2048 334 74 38 and
2154 346 247 39 magazines,
2432 333 252 53 replenished
2707 334 71 38 her
2809 334 163 44 coffers,

1628 399 84 26 new
1731 386 213 50 organised
1967 387 70 38 her
2062 399 130 39 army,
2224 386 77 38 and
2322 386 240 39 introduced
2604 399 22 25 a
2646 386 172 39 number
2839 387 50 38 of
2910 402 61 24 sa.

1628 438 129 52 lutary
1781 439 270 43 innovations,
2082 439 35 38 in
2140 452 24 25 a
2185 438 117 45 civil,
2334 451 43 25 as
2399 438 86 39 well
2507 452 44 25 as
2568 438 193 40 military,
2793 442 116 48 point
2928 438 50 39 of

1629 493 118 43 view;
1779 493 77 38 and
1890 491 70 38 her
1978 504 249 39 governmen
2242 497 8 32 I
2275 494 194 35 executed
2490 491 53 39 all
2567 491 109 39 these
2878 497 70 33 not-

1628 544 279 44 withstandim:
1941 544 67 38 the
2037 544 182 51 jealousy
2249 544 76 38 and
2344 544 230 50 significant
2596 544 103 38 hints
2735 542 51 39 of
2807 546 71 35 the
2901 550 43 46 ty-

1628 601 91 32 rant
1739 611 40 22 as
1800 602 41 32 to
1864 588 104 46 their
1988 596 193 51 inutility,
2211 601 81 33 cold
2323 601 280 45 inexpediency
2636 601 37 33 in
2673 601 19 33 -
2708 601 65 33 the
2797 604 168 41 present

1628 653 221 35 exhausted
1881 657 103 31 slate
2020 653 47 46 of
2087 653 74 34 her
2177 653 200 47 iinutfees.
2448 651 74 37 ;:the
2554 650 222 51 procesqled
2815 650 131 38 delA)e-

1628 703 124 51 -rately
1783 703 77 38 and
1892 702 230 52 resolutely,
2152 702 361 52 notwithstanding
2548 704 69 35 the
2646 707 324 43 remonstrances

1624 754 50 38 of
1698 755 67 38 the
1796 756 151 38 French
1972 756 270 37 Ambassador
2280 761 39 32 at
2357 756 163 41 Vienna,
2557 755 76 38 and
2665 757 66 34 the
2753 757 214 50 menacing

1626 808 247 52 paragraphs
1893 808 128 39 which
2055 807 268 50 occasionally
2354 808 201 51 appeared
2593 809 35 35 in
2650 808 69 37 the
2741 809 229 43 .11onaeur,

1625 863 43 33 to
1706 862 66 35 the
1802 860 358 52 accomplishment
2197 861 50 38 of
2272 861 76 38 this
2383 867 116 44 great
2536 861 133 43 work,
2726 860 131 39 There
2885 875 79 24 was

1623 915 70 33 not
1708 925 22 24 a
1750 914 125 50 single
1902 915 137 37 Prince
2059 914 37 37 in
2118 914 70 37 the
2207 914 125 37 South
2354 914 47 37 of
2428 917 201 47 Germany
2652 913 90 37 who
2773 914 76 37 had
2890 920 74 32 not

1624 964 97 38 been
1759 966 216 38 instructed
2016 966 48 51 by
2104 969 267 37 IioNAPARTE
2406 972 44 32 to
2487 970 93 34 send
2603 966 137 39 orders
2770 971 43 32 to
2851 965 112 40 their

1628 1017 195 40 Ministers
1845 1023 41 33 at
1912 1018 165 43 Vienna,
2108 1023 41 33 to
2170 1018 172 39 demand
2376 1019 104 37 from
2516 1018 70 38 the
2617 1018 188 39 Austrian
2828 1020 133 37 Court

1620 1082 48 25 an
1690 1070 260 52 explanation
1972 1084 52 25 on
2052 1072 65 37 the
2137 1071 161 48 subject
2326 1070 48 38 of
2399 1071 70 38 her
2489 1070 158 52 arming
2665 1089 11 26 ;
2707 1074 77 34 and
2807 1071 70 38 the
2902 1072 40 37 in-

1620 1121 126 39 solent
1783 1129 318 33 remonstrances
2132 1122 51 40 of
2207 1127 70 35 the
2319 1124 194 37 Bavarian
2545 1129 122 45 agent
2700 1136 71 25 are
2791 1123 81 39 said
2908 1129 44 33 to

1620 1174 71 38 hay
1702 1188 21 24 c
1739 1176 195 38 exceeded
1950 1191 120 37 every
2096 1176 155 38 hound.
2313 1180 25 34 A
2349 1176 122 38 ustria
2486 1176 230 45 continued,
2751 1176 207 45 however,

1620 1227 89 38 firm
1726 1244 12 26 ;
1787 1230 76 37 and
1902 1233 52 46 by
1993 1227 227 53 prakiitial
2252 1231 263 39 concessions,
2549 1230 77 37 iind
2657 1230 190 50 recalling.
2885 1231 73 37 her

1622 1279 270 40 Ambassador
1912 1281 104 37 from
2040 1296 72 24 our
2130 1284 142 43 Court,
2300 1281 217 39 succeeded
2606 1281 184 41 averring.
2825 1285 106 35 hosti-

1619 1331 70 52 lity
1711 1345 48 25 on
1781 1333 67 38 the
1869 1339 90 45 part
1978 1336 48 37 of
2055 1337 165 35 France.

1670 1384 86 38 The
1776 1389 246 48 unexpected
2044 1398 261 27 occurrences
2336 1385 37 38 in
2396 1387 118 51 Spain
2541 1385 168 39 enabled
2732 1385 70 40 her
2824 1393 43 31 to
2889 1393 69 33 act

1616 1436 93 38 with
1735 1450 111 26 more
1866 1452 145 40 energy
2035 1441 72 35 and
2131 1439 111 51 spirit
2265 1455 7 22 :
2306 1440 74 37 and
2402 1442 69 34 she
2490 1440 130 38 seized
2643 1440 65 37 the
2721 1441 236 52 aulieions

1615 1491 268 51 opportunity
1904 1491 94 39 wiih
2020 1507 44 22 so
2087 1493 117 37 much
2237 1498 159 32 earnest
2430 1494 76 35 and
2538 1493 289 50 promptitude,
2864 1493 93 40 that

1613 1540 70 39 she
1702 1556 79 24 was
1804 1545 90 35 able
1911 1548 44 34 to
1980 1545 113 50 bring
2107 1550 43 33 to
2170 1546 191 40 inatnrity
2385 1545 67 37 the
2471 1550 117 46 great
2610 1544 89 53 plan
2719 1546 50 37 of
2783 1545 170 40 defence

1615 1593 67 37 the
1702 1594 219 40 Archduke
1941 1599 191 37 efixtu.vs
2169 1598 74 38 had
2276 1599 221 48 projected.
2559 1599 47 35 Ile
2624 1611 15 25 r
2675 1599 191 43 conduct,
2900 1612 56 26 on

1612 1644 67 39 the
1700 1648 183 38 ixcasion
1904 1649 47 37 of
1961 1649 70 39 the
2046 1650 137 38 insults
2202 1650 144 39 oirered
2370 1656 41 32 to
2428 1655 66 33 the
2515 1651 126 45 Poev,
2659 1651 113 37 when
2789 1664 167 39 prayers

1611 1710 104 26 we:e
1735 1702 148 37 otlered
1907 1715 52 37 up
1982 1702 37 37 in
2040 1702 51 37 ail
2113 1703 69 37 the
2202 1702 210 45 churches,
2446 1702 256 51 throughout
2737 1703 67 38 the
2836 1704 98 38 difie-

1611 1756 87 32 rent
1730 1753 220 48 provinces,
1983 1754 61 37 for
2067 1755 65 35 the
2152 1755 128 48 safety
2302 1754 48 38 of
2381 1755 59 37 his
2692 1768 142 38 proves
2857 1757 93 38 that

1607 1801 69 39 she
1700 1818 78 24 was
1798 1811 72 33 not
1891 1806 208 38 insensible
2119 1812 43 33 to
2185 1807 69 37 the
2274 1807 117 38 effect
2411 1807 78 39 this
2502 1814 172 45 outrage
2692 1807 131 39 would
2845 1809 47 37 ha
2906 1822 46 26 vu

1607 1853 38 39 in
1668 1854 204 54 irritating
1893 1859 66 38 the
1993 1859 125 38 minds
2135 1858 50 38 of
2203 1860 71 39 her
2309 1859 250 39 inhabitants
2595 1859 157 51 against
2778 1864 167 43 France,

1607 1907 74 39 and
1703 1909 93 39 thus
1822 1910 196 39 facilitate
2054 1912 66 38 the
2143 1912 150 51 raising
2311 1911 47 38 of
2386 1912 69 38 the
2476 1912 149 38 Militia
2644 1916 74 35 and
2756 1916 112 46 /.erg
2898 1929 50 24 CU

1607 1961 144 39 Mane.
1811 1964 87 37 The
1919 1963 122 40 result
2061 1964 48 39 of
2124 1964 72 38 her
2218 1964 164 50 activity
2406 1964 76 38 and
2500 1965 215 51 prudence,
2748 1965 30 38 is
2798 1978 22 25 a
2843 1967 86 38 well-

1605 2013 248 50 disciplined,
1874 2016 85 39 well
1980 2016 216 52 equipped,
2216 2017 77 38 and
2310 2016 84 38 well
2415 2016 182 52 supplied
2623 2017 178 51 Regular
2820 2021 128 43 Army

1604 2065 50 37 of
1685 2069 171 40 350,000
1891 2081 106 31 men,
2037 2068 151 39 besides
2225 2081 48 26 an
2309 2072 124 48 Army
2457 2069 48 38 of
2523 2072 175 35 Reserve
2718 2070 48 37 of
2802 2075 150 33 60.000

1606 2128 105 34 men,
1733 2132 21 24 a
1770 2119 105 40 body
1894 2120 47 39 of
1959 2120 144 39 Militia
2122 2121 242 51 amounting
2386 2121 162 51 already
2574 2127 43 32 to
2637 2135 97 25 near
2756 2127 191 43 '400,000,

1603 2169 204 41 exclusive
1826 2172 50 38 of
1890 2172 67 39 the
1982 2174 235 48 Hungarian
2241 2176 279 44 insurrection,
2541 2173 128 39 which
2705 2176 31 37 is
2767 2174 182 44 likewise

1603 2222 227 51 completed
1851 2225 77 38 and
1948 2205 154 59 armed':

1658 2277 35 37 It
1714 2289 79 25 was
1811 2290 208 39 necessary
2041 2283 41 34 to
2104 2278 98 38 take
2215 2277 78 40 this
2314 2277 94 39 view
2426 2278 50 38 of
2489 2280 70 38 the
2580 2284 158 46 present
2759 2281 185 41 military

1603 2329 207 37 resources
1838 2329 51 39 of
1918 2329 89 39 that
2026 2336 190 46 country,
2252 2336 43 33 to
2331 2331 51 38 be
2415 2333 92 38 able
2541 2336 44 33 to
2617 2334 223 51 appretiate
2872 2335 74 40 her

1600 2378 170 41 cha►►ces
1791 2381 50 39 of
1859 2395 168 33 CIeCeSS,
2062 2385 76 39 and
2174 2385 67 37 the
2263 2385 202 51 prudence
2502 2385 78 38 and
2615 2398 146 39 vigour
2798 2386 48 39 of
2872 2387 76 40 her

1600 2433 193 38 counc►ls.
1853 2434 367 54 Severely-bought
2235 2437 239 52 experience
2493 2438 72 38 has
2591 2439 150 51 taught,
2758 2439 71 39 her
2854 2440 69 39 wis-

1599 2483 96 40 dom
1711 2502 12 28 ;
1752 2486 78 39 and
1852 2487 69 39 the
1954 2489 206 39 atrocities
2176 2490 240 38 committed
2446 2491 38 37 in
2502 2491 120 52 Spain
2639 2491 77 39 and
2735 2497 44 33 at
2794 2493 155 50 Hone„

1600 2538 77 37 anti
1698 2538 67 39 the
1786 2539 237 40 instructive
2044 2542 80 39 fate
2158 2541 51 38 of
2239 2543 70 37 the
2342 2544 184 38 Prussian
2551 2544 240 51 Monarchy,
2812 2552 126 39 must,

1600 2590 220 53 according
1840 2596 45 34 to
1906 2594 151 39 human
2078 2594 267 53 probability,
2374 2596 105 37 have
2500 2596 161 41 roused,
2694 2609 47 26 or
2761 2601 180 43 created,

1600 2648 117 43 great
1739 2644 126 38 ►natal
1889 2659 202 27 resources
2111 2648 38 37 in
2165 2648 70 37 the
2252 2648 150 39 breasts
2421 2648 47 37 of
2486 2649 71 38 her
2575 2662 215 26 numerous
2812 2663 106 39 popu-

1602 2694 143 39 lation.
1802 2698 86 39 The
1919 2700 219 38 Archduke
2169 2701 196 38 CHARLES
2399 2713 195 39 possesses
2628 2701 35 39 in
2699 2714 24 25 a
2752 2717 193 39 supreme

1599 2746 163 53 degree,
1795 2751 231 39 unchecked
2061 2753 74 38 and
2169 2753 227 39 unfettered
2428 2753 48 52 by
2510 2759 120 33 court
2665 2753 191 57 intrigue,
2888 2757 54 39 all

1602 2799 86 40 that
1707 2800 198 41 influence
1928 2804 125 40 which
2073 2804 59 39 his
2148 2805 163 46 talents,
2331 2805 163 46 virtues,
2517 2806 76 38 and
2611 2819 169 27 serv►ces
2798 2810 145 47 entitlp

1600 2851 79 39 him
1700 2857 58 34 to.
1817 2855 130 39 There
1963 2857 30 37 is
2014 2857 90 43 only
2121 2870 78 26 one
2219 2857 77 39 will
2319 2858 74 38 and
2411 2871 78 26 one
2504 2858 138 50 object
2659 2877 12 27 ;
2701 2861 76 38 and
2799 2874 22 25 a
2841 2876 77 26 con-

1597 2904 183 53 ciliating
1813 2908 132 51 policy
1971 2909 71 38 has
2069 2909 151 40 effaced
2246 2910 220 51 provincial
2493 2911 223 50 jealousies
2751 2914 77 39 and
2859 2915 84 41 dis,

1598 2957 188 39 tinctions
1799 2975 11 27 ;
1832 2962 78 38 and
1928 2962 67 38 the
2020 2963 253 51 Hungarian,
2293 2963 67 38 the
2378 2963 215 45 Gailician,
2613 2965 67 38 the
2696 2967 246 47 lioheinian,

1598 3009 69 38 the
1687 3013 210 44 Croatian,
1928 3014 77 38 and
2036 3017 231 43 Moravian,
2300 3015 61 38 vie
2380 3017 96 38 with
2509 3018 70 37 the
2607 3019 187 38 Austrian
2816 3020 37 38 in
2876 3028 43 31 at-

1596 3063 208 40 tachment
1835 3066 78 39 and
1933 3066 193 40 devotion
2159 3072 44 35 to
2237 3069 69 39 the
2333 3081 194 27 common
2548 3072 276 40 Government
2856 3073 83 40 and

1597 3118 231 48 Sovereign.

1649 3170 74 38 Let
1744 3170 43 37 us
1802 3182 91 27 now
1907 3172 183 39 consider
2106 3174 93 39 how
2218 3174 152 40 France
2391 3174 30 39 is
2440 3176 198 52 prepared
2656 3182 43 34 to
2722 3177 111 39 resist
2856 3178 85 39 this

1594 3223 309 39 concentration
1924 3226 48 38 of
1985 3227 181 50 strength
2185 3228 77 38 and
2283 3226 92 40 will.
2439 3230 80 38 tier
2541 3229 132 39 whole
2691 3229 130 46 force,
2835 3234 100 37 with

1596 3273 69 40 the
1696 3278 216 50 exception
1949 3278 50 38 of
2022 3285 87 46 part
2143 3279 51 39 of
2228 3281 61 37 DA
2298 3283 162 35 vousT's
2489 3281 78 39 and
2604 3285 84 35 BER
2700 3288 239 35 NADOTTEN

1594 3340 132 38 corps,
1757 3327 78 39 and
1871 3341 24 26 a
1924 3330 106 53 body
2052 3331 48 40 of
2122 3337 144 47 troops
2294 3332 38 38 in
2362 3333 67 39 the
2452 3333 234 52 Bishoprick
2714 3334 50 41 of
2793 3337 143 46 Fulda,

1592 3380 128 38 under
1733 3379 71 39 the
1815 3384 215 39 command
2049 3385 46 38 of
2107 3384 176 40 General
2300 3389 213 43 OtioiNoT,
2533 3387 72 38 has
2622 3389 94 38 been
2735 3390 202 40 marched

1594 3431 85 39 into
1702 3433 135 50 Spain.
1897 3437 84 38 Her
2000 3450 112 37 army
2137 3437 39 39 in
2196 3439 204 51 Germany
2424 3452 57 25 we
2497 3452 110 47 may,
2629 3441 221 43 therefore,
2872 3457 43 25 es-

1594 3484 144 39 timate
1770 3490 44 33 at
1841 3487 129 40 about
1998 3494 146 41 60,000
2174 3503 110 32 men,
2304 3490 201 39 exclusive
2526 3494 44 38 of
2609 3493 67 38 the
2695 3495 240 52 conscripts,

1591 3542 149 39 30,000
1772 3537 51 39 of
1852 3540 129 40 which
2014 3555 90 30 may
2127 3542 113 46 have
2254 3543 161 51 already
2439 3544 138 51 passed
2598 3544 69 39 the
2687 3546 151 40 Rhine.

1592 3595 106 34 must
1733 3591 48 39 be
1804 3593 214 40 remarked
2039 3592 93 54 that
2132 3592 24 54 -
2156 3592 165 54 nottiug
2355 3595 30 39 iA
2399 3606 120 28 more
2537 3598 168 39 obscure
2732 3598 98 40 than
2862 3600 76 40 the

1594 3643 150 40 French
1765 3644 178 56 military
1964 3647 294 53 conscription;
2290 3648 72 39 but
2376 3648 105 39 from
2505 3661 50 26 an
2577 3650 200 39 attentive
2796 3652 117 40 obser-

1590 3697 139 39 vation
1750 3697 78 39 and
1846 3700 253 51 comparison
2122 3700 51 38 of
2186 3700 118 46 facts,
2326 3713 58 27 we
2404 3715 70 26 are
2491 3706 73 34 not
2577 3702 132 40 afraid
2722 3706 46 39 to
2787 3711 148 44 assert,

1589 3750 91 39 that
1698 3763 54 25 no
1770 3764 116 26 more
1900 3751 97 39 than
2020 3752 89 39 half
2119 3754 70 39 the
2209 3754 187 46 number,
2411 3755 130 39 which
2563 3757 263 39 BONAPARTE
2858 3771 51 38 ap-

1590 3802 97 53 plies
1706 3802 67 40 for
1796 3809 46 33 to
1863 3804 69 40 the
1959 3809 158 43 Senate,
2140 3807 31 39 is
2193 3807 129 39 raised
2352 3808 54 51 by
2425 3807 91 39 that
2535 3808 136 39 mode.
2730 3809 74 40 We
2828 3809 104 51 risk,

1589 3854 221 48 therefore,
1832 3857 176 53 nothing
2043 3860 31 39 in
2074 3860 17 39 .
2117 3859 265 53 maintaining
2381 3859 25 53 -
2420 3860 105 40 that.
2549 3861 70 39 the
2639 3862 226 52 conscripts
2884 3866 53 40 of

1587 3907 79 40 this
1684 3920 97 40 year
1799 3911 80 40 and
1898 3912 50 37 of
1967 3917 112 40 1810,
2101 3913 117 39 when
2239 3913 128 39 called
2391 3919 90 40 out,
2502 3913 78 39 will
2601 3920 70 33 not
2691 3920 176 34 amount
2887 3924 47 35 to

1589 3973 113 27 more
1724 3963 98 40 than
1859 3970 148 39 80,000
2040 3970 44 34 at
2111 3972 109 33 most
2237 3983 12 28 ;
2297 3966 151 39 instead
2483 3966 51 39 of
2567 3972 185 41 160,000,
2789 3981 41 25 as
2868 3984 45 26 re-

1584 4015 148 51 quired
1752 4017 39 38 in
1804 4015 78 41 the
1912 4019 196 52 Message.
2167 4018 120 46 Such,
2323 4024 41 34 at
2385 4019 71 39 the
2481 4018 163 53 highest
2662 4019 269 51 calculation,

1586 4068 31 39 is
1639 4067 71 41 the
1727 4068 188 43 effective
1933 4070 111 40 force
2069 4070 129 41 which
2222 4074 267 39 BONAPARTE
2507 4085 74 28 can
2598 4072 163 56 employ
2784 4074 118 41 imme-

1583 4121 154 58 diately
1755 4122 159 57 against
1932 4123 178 53 Austria,
2143 4124 172 57 making
2334 4126 54 44 in'
2399 4123 54 45 all
2473 4137 52 31 an
2550 4139 116 44 army
2685 4127 51 43 of
2758 4133 176 45 120,000

341 1250 130 39 WM
498 1248 265 40 BETWEEN
796 1251 213 39 FRAIWE
1041 1253 111 39 AND
1186 1254 255 38 AUSTRIA.

278 1319 150 45 Letters
446 1324 51 38 of
511 1325 70 37 the
604 1325 89 38 13th
717 1324 149 39 instant
881 1338 104 25 were
1006 1328 182 38 received
1209 1342 50 25 on
1284 1326 144 41 Friday
1452 1330 103 39 from

219 1377 74 39 the
309 1376 129 40 Dutch
459 1382 129 33 coast.
647 1378 34 38 It
694 1377 32 38 is
744 1378 120 50 agaia
883 1380 181 51 strongly
1082 1381 172 39 asserted
1272 1382 104 38 fro►n
1395 1381 157 47 thence,

220 1431 94 37 that
333 1442 22 26 a
376 1442 81 25 war
478 1430 178 38 between
678 1430 154 38 France
850 1430 76 40 aad
944 1433 162 38 A►:stria
1127 1433 31 37 is
1174 1433 234 39 iiievitable.
1468 1436 83 37 'l'l►c

219 1481 139 40 writer
378 1480 87 40 also
484 1488 194 45 requests,
705 1482 89 38 that
824 1481 66 39 the
909 1485 131 48 goods
1061 1486 50 37 he
1131 1486 76 38 had
1228 1478 171 47 ordered
1423 1487 130 51 might

219 1540 74 34 not
317 1534 46 38 be
381 1538 83 35 sent
485 1533 102 47 hi►n,
622 1547 45 26 as
703 1534 109 41 their
849 1534 106 53 Fizz
984 1537 135 40 would
1150 1540 47 38 be
1219 1537 171 41 affected
1411 1539 53 52 by
1486 1540 66 39 the

216 1586 252 40 co►►tinental
485 1599 99 26 war.

270 1638 63 39 Ail
356 1639 65 38 the
441 1645 198 32 accounts
667 1638 111 39 from
815 1641 115 50 Span
952 1642 77 37 and
1065 1642 193 51 Portugal
1292 1643 184 40 coincide
1511 1644 34 38 in

211 1691 152 51 stating
381 1690 91 39 that
493 1703 24 25 a
535 1690 164 52 general
722 1703 233 30 move:neat
976 1695 71 37 has
1065 1696 98 37 been
1187 1696 112 38 made
1320 1696 51 51 by
1394 1696 53 39 all
1480 1696 64 39 the

213 1743 156 44 French
390 1742 149 40 armies
555 1742 176 40 towards
743 1747 67 37 the
830 1748 204 37 Pyrenees.
1096 1747 39 38 If
1144 1748 76 38 this
1239 1753 219 34 statement
1475 1762 70 26 can

209 1794 53 40 be
278 1795 124 39 relied
415 1808 71 34 on,
498 1795 71 39 the
587 1796 161 39 various
763 1805 156 44 reports
937 1814 25 20 w
976 1799 90 37 hick
1083 1799 100 40 have
1198 1801 97 38 been
1310 1800 234 47 circulatei,

209 1847 70 39 for
309 1861 112 25 some
455 1848 115 51 days,
596 1847 175 40 relative
808 1854 44 32 to
885 1863 24 25 a
945 1864 84 27 war
1067 1853 177 38 between
1279 1854 154 38 France
1468 1859 72 33 and

208 1902 184 44 Austria,
428 1902 143 38 obtain
606 1900 67 39 the
706 1900 158 51 highest
899 1903 148 51 degree
1078 1905 50 38 of
1157 1905 244 52 credibility.
1461 1909 84 37 The

207 1954 248 51 concurring
493 1954 295 43 circumstance
820 1954 50 39 of
893 1957 89 37 Bosr
990 1970 51 24 Al'
1080 1959 112 37 arc's
1224 1957 221 52 departure
1481 1959 63 38 for

208 2006 131 51 Paris,
372 2007 77 38 and
484 2006 60 39 his
578 2006 220 39 rumoured
831 2006 149 41 arrival
1002 2015 43 31 at
1065 2010 255 48 Strasburgh,
1350 2011 96 50 give
1465 2011 58 39 thi
1522 2011 20 39 s

207 2063 128 33 event
354 2069 21 25 a
394 2056 78 39 still
493 2063 164 45 greater
677 2059 162 48 portion
857 2059 48 38 of
919 2061 266 53 probability.
1233 2062 41 39 if
1289 2065 168 37 Austria
1476 2063 66 38 has

208 2108 184 45 resolved
413 2114 43 34 to
477 2111 105 39 seize
615 2109 66 40 the
713 2117 157 46 present
900 2113 231 51 auspicious
1152 2114 183 45 interval,
1357 2121 45 33 to
1426 2117 117 39 make

207 2174 84 27 ore
311 2163 91 38 build
432 2163 79 39 and
546 2163 170 39 decisive
737 2164 100 51 push
857 2164 64 39 for
940 2164 71 40 her
1032 2179 90 25 own
1144 2166 312 52 independence,
1476 2169 66 39 the

206 2219 141 46 tyrant
369 2216 69 37 has
457 2217 100 37 been
579 2215 244 53 completely
844 2217 230 45 outwitted,
1109 2218 80 39 and
1217 2219 51 38 all
1302 2219 61 38 his
1397 2219 145 40 battles

206 2272 111 34 must
337 2268 47 38 be
404 2267 210 52 refonght,
635 2268 77 38 and
729 2269 65 39 his
822 2269 180 39 marches
1022 2276 104 33 must
1149 2272 47 37 be
1219 2275 320 44 recommenced,

204 2320 99 43 with
335 2319 165 40 soldiers
531 2320 223 44 harassed,
785 2320 215 46 reluctant,
1033 2323 78 39 and
1146 2336 106 26 worn
1280 2330 73 33 out
1369 2341 12 28 ;
1413 2326 125 39 whilst

207 2372 168 40 Austria
406 2385 177 41 appears
618 2386 52 27 on
703 2373 70 39 the
804 2374 90 39 field
933 2374 94 39 with
1067 2375 107 39 fresh
1208 2376 76 38 and
1319 2380 219 39 renovated

206 2425 202 51 strength,
426 2426 213 39 conscious
658 2425 48 39 of
719 2426 70 39 the
807 2427 227 39 sacredness
1054 2428 48 38 of
1126 2428 71 39 her
1215 2443 132 31 cause,
1367 2431 78 38 and
1467 2432 46 38 im-

203 2478 161 51 pressed
394 2478 94 40 with
519 2477 71 41 the
609 2477 151 40 solemn
781 2479 230 39 conviction
1036 2480 90 38 that
1147 2481 76 39 this
1248 2481 32 40 is
1297 2481 71 40 the
1388 2486 77 35 last
1482 2484 37 39 ef-

203 2530 86 39 fort
309 2531 67 38 she
396 2538 73 32 cant
487 2529 138 46 make,
644 2530 33 39 if
689 2531 280 40 unsuccessful.
1002 2531 39 40 If
1050 2532 177 54 hostility
1250 2536 149 38 br...aks
1411 2542 72 33 out
1500 2538 35 38 in

204 2595 81 27 one
299 2588 90 46 part
402 2583 48 39 of
459 2583 222 52 Germany,
698 2596 51 26 on
764 2583 69 41 the
852 2585 169 39 Danube
1035 2600 47 24 or
1096 2585 70 39 the
1183 2589 132 47 Spree,
1331 2588 31 39 it
1382 2587 79 40 will
1480 2602 39 26 re-

200 2635 157 46 semble
376 2648 77 26 one
468 2636 200 39 extended
689 2637 133 39 match
843 2636 45 39 of
904 2639 268 50 gunpowder
1189 2655 12 27 ;
1221 2644 56 33 set
1299 2640 73 39 fire
1393 2646 46 34 to
1465 2655 74 26 one

200 2686 81 41 end
296 2687 48 39 of
360 2687 46 46 it,
420 2688 78 39 and
515 2691 30 35 it
562 2688 273 52 immediately
852 2689 118 39 hisses
986 2691 76 37 and
1080 2691 189 50 explodes
1285 2692 252 52 throughout

195 2739 74 40 the
304 2740 130 39 whole
468 2740 210 39 extensive
715 2746 105 34 tract
850 2740 106 43 from
994 2744 171 47 Trieste,
1199 2750 44 34 to
1263 2746 273 52 Konigsberg.

197 2792 100 39 This
320 2805 91 39 may
433 2793 51 38 be
513 2792 125 39 relied
660 2806 50 25 on
725 2810 12 28 ;
769 2794 89 38 that
876 2798 209 35 exactions
1123 2797 77 38 and
1235 2799 302 39 contributions

198 2844 79 40 and
299 2850 193 48 tyranny,
521 2845 96 39 with
648 2846 104 39 their
771 2849 276 38 concomitant
1074 2850 105 38 train
1209 2850 48 38 of
1284 2851 162 52 private
1462 2854 72 37 and

193 2896 143 54 public
354 2898 159 51 misery,
533 2897 105 40 have
659 2898 167 39 worked
843 2914 50 38 up
911 2901 70 38 the
1002 2901 129 39 minds
1162 2901 48 40 of
1243 2901 67 39 the
1339 2903 196 39 Germans

191 2956 51 34 to
260 2963 24 26 a
305 2950 107 53 pitch
448 2948 221 53 bordering
686 2963 54 26 on
769 2949 137 57 frenzy
922 2969 12 30 ;
966 2954 78 38 and
1068 2955 93 48 they
1191 2967 65 26 are
1278 2957 194 50 prepared
1494 2962 41 32 to

193 3004 231 40 undertake
452 3004 79 39 and
572 3004 180 51 perform
794 3018 122 40 every
947 3006 117 52 thing
1095 3007 128 39 which
1260 3007 163 53 despair
1459 3012 76 37 and

191 3070 119 39 rage,
348 3057 77 39 and
455 3070 25 26 a
526 3070 112 35 seuae
681 3057 51 39 of
765 3058 203 40 excessive
1013 3064 194 47 outrages
1248 3072 76 27 can
1372 3060 161 54 inspire.

191 3109 156 41 —This
361 3107 150 53 feeling
541 3110 31 39 is
601 3113 72 35 not
700 3111 187 40 confined
917 3117 45 33 to
989 3112 215 40 Austrians
1217 3112 76 39 and
1311 3115 221 47 Prussians;

190 3163 37 40 it
270 3175 118 40 rages
426 3159 184 56 through
664 3175 128 41 every
853 3170 110 33 town
1009 3164 79 39 and
1134 3164 165 57 village,
1354 3164 180 57 forming

185 3215 201 53 formerly
432 3228 25 26 a
493 3221 94 46 part
615 3215 48 40 of
702 3214 72 43 the
802 3216 159 41 ancient
1007 3216 217 40 Germanic
1261 3219 130 52 Body.
1448 3222 85 38 One

185 3270 163 38 inlense
366 3268 219 39 sentiment
620 3268 174 52 agitates
826 3269 77 39 and
932 3281 216 28 consumes
1175 3270 110 39 them
1315 3272 54 39 all
1391 3287 139 25 :----an

187 3321 259 40 abhorrence
467 3320 51 39 of
533 3322 175 38 BONAPA
717 3335 98 32 RTE,
842 3334 43 27 as
904 3321 71 40 the
1005 3334 120 30 cause
1157 3321 51 43 of
1230 3324 104 40 their
1354 3325 164 54 misery,

189 3374 115 41 their
321 3372 293 53 degradation,
630 3374 78 40 and
725 3373 172 54 slavery.

237 3428 77 40 We
330 3426 122 40 know
463 3431 76 34 not
552 3425 91 43 who
658 3425 31 41 is
703 3428 71 39 the
787 3441 211 40 aggressor
1010 3441 53 27 on
1077 3428 80 41 this
1168 3442 86 27 new
1261 3442 98 34 war,
1370 3431 157 50 though

182 3494 63 27 we
262 3483 105 38 have
387 3493 143 27 reason
552 3485 45 34 to
617 3494 172 39 suppose
808 3480 89 43 that
911 3481 71 40 the
994 3483 234 52 aggression
1244 3483 31 39 is
1289 3496 52 26 on
1358 3484 73 39 the
1449 3484 80 40 side

184 3534 52 41 of
262 3533 178 41 Austria.
498 3535 35 39 A
552 3534 78 39 few
646 3534 98 52 days
762 3533 81 40 will
863 3534 106 40 clear
993 3548 53 39 up
1067 3548 78 27 our
1163 3536 149 39 doubts
1331 3537 80 40 and
1433 3550 73 30 anx-

183 3588 85 52 iety
292 3600 53 26 on
365 3586 81 39 this
480 3591 261 35 momentous
772 3586 256 52 intelligence
1045 3604 13 30 ;
1091 3588 79 39 and
1192 3588 207 41 whatever
1437 3604 90 40 may

182 3641 53 39 be
257 3640 72 40 the
343 3644 122 35 event
483 3639 52 39 of
557 3653 24 25 a
602 3651 84 30 new
707 3652 100 33 war,
839 3653 58 26 we
911 3646 149 33 cannot
1080 3640 74 40 but
1170 3640 152 40 admire
1343 3641 71 40 the
1435 3657 70 38 pru-

180 3696 132 39 dence
332 3692 76 39 and
428 3692 250 52 consistency
700 3691 51 40 of
774 3692 188 39 Austrian
986 3692 159 52 politics
1160 3706 52 26 on
1230 3694 78 38 this
1320 3698 204 38 occasion.

182 3750 124 38 some
326 3745 188 40 remarks
534 3745 39 39 in
606 3757 77 27 our
712 3744 77 40 last
808 3745 171 39 number
1005 3758 93 30 may
1119 3759 104 26 seem
1238 3751 44 35 to
1297 3749 230 41 contradict

177 3801 87 40 this
282 3798 265 41 observation
563 3816 12 26 ;
606 3798 76 38 hut
698 3797 98 40 they
820 3797 220 52 proceeded
1059 3791 109 47 from
1188 3800 67 39 the
1269 3802 256 52 supposition

178 3854 85 40 and
283 3853 72 40 the
373 3852 89 40 fear
481 3850 93 40 that
605 3850 67 39 the
698 3850 170 39 Cabinet
887 3850 48 39 of
966 3852 152 39 Vienna
1152 3853 131 52 might
1312 3854 152 40 adhere
1483 3861 43 34 to

180 3907 52 39 its
267 3911 152 48 system
457 3905 53 40 of
540 3901 239 56 neutrality.
835 3904 107 39 That
963 3911 285 46 government,
1278 3920 59 26 we
1371 3914 152 34 cannot

177 3960 126 52 deny,
335 3959 72 40 has
442 3956 228 54 displayed,
699 3956 150 53 during
883 3956 91 41 that
1012 3957 194 41 cheerless
1241 3959 76 40 and
1350 3960 174 43 difficult

180 4012 177 43 interval
377 4012 92 39 that
488 4010 167 54 elapsed
687 4010 182 39 between
888 4011 70 38 the
992 4012 131 38 Peace
1141 4011 50 39 of
1213 4012 206 56 Presburg
1446 4015 77 41 and

178 4067 48 41 th
227 4067 25 41 e
275 4067 182 50 meeting
478 4069 44 34 at
552 4063 189 46 Erfurth,
771 4068 117 47 great
908 4062 164 41 wisdom
1093 4064 78 39 and
1196 4077 248 30 uncommon
1466 4070 39 37 vi-

177 4134 124 45 gour.
359 4119 167 44 Pressed
547 4131 56 30 on
621 4115 57 44 all
694 4116 104 44 sides
820 4116 51 53 by
896 4116 72 43 the
989 4117 149 43 armies
1149 4116 48 44 of
1221 4120 170 51 France,

33 4388 2 7 .
282 4388 2 7 .

0 2421 59 139 II
