<?xml version="1.0" encoding="UTF-8"?>
<alto xmlns:xsi="http://www.w3.org/2001/XMLSchema-instance" xsi:noNamespaceSchemaLocation="http://schema.ccs-gmbh.com/docworks/alto-1-4.xsd" xmlns:xlink="http://www.w3.org/1999/xlink">
	<Description>
		<MeasurementUnit>pixel</MeasurementUnit>
		<sourceImageInformation>
			<fileName>//NP1-STOR2/data01/blend6/2019-08-02_09_02/2019-08-02_09_02_00910.tif</fileName>
		</sourceImageInformation>
		<OCRProcessing ID="OCRPROCESSING_1">
			<preProcessingStep>
				<processingSoftware>
					<softwareCreator>CCS Content Conversion Specialists GmbH, Hamburg, Germany</softwareCreator>
					<softwareName>CCS docWorks</softwareName>
					<softwareVersion>7.0-1.47</softwareVersion>
				</processingSoftware>
			</preProcessingStep>
			<ocrProcessingStep>
				<processingStepSettings>Character Count: 9390 
Predicted Word Accuracy: 76.3% 
Suspicious Character Count: 648 
Word Count: 1662 
Suspicious Word Count: 650 
width: 3295 
height: 4417 
xdpi: 300 
ydpi: 300 
source-image: //NP1-STOR2/data01/blend6/2019-08-02_09_02/2019-08-02_09_02_00910.tif</processingStepSettings>
				<processingSoftware>
					<softwareCreator>Nuance Communications, Inc.</softwareCreator>
					<softwareName>OmniPage</softwareName>
					<softwareVersion>20</softwareVersion>
				</processingSoftware>
			</ocrProcessingStep>
		</OCRProcessing>
	</Description>
	<Styles>
		<TextStyle ID="TXT_0" FONTSIZE="0" FONTFAMILY="" FONTSTYLE="bold"/>
		<TextStyle ID="TXT_1" FONTSIZE="0" FONTFAMILY="" FONTSTYLE="bold"/>
		<TextStyle ID="TXT_2" FONTSIZE="0" FONTFAMILY="" FONTSTYLE="bold italics"/>
		<TextStyle ID="TXT_3" FONTSIZE="0" FONTFAMILY="" FONTSTYLE="bold italics"/>
		<TextStyle ID="TXT_4" FONTSIZE="0" FONTFAMILY=""/>
		<TextStyle ID="TXT_5" FONTSIZE="0" FONTFAMILY=""/>
		<ParagraphStyle ID="PAR_RIGHT" ALIGN="Right"/>
		<ParagraphStyle ID="PAR_LEFT" ALIGN="Left"/>
		<ParagraphStyle ID="PAR_BLOCK" ALIGN="Block"/>
	</Styles>
	<Layout>
		<Page ID="P6" PHYSICAL_IMG_NR="6" HEIGHT="4417" WIDTH="3295" PC="0.763">
			<TopMargin ID="P6_TM00001" HPOS="0" VPOS="0" WIDTH="3295" HEIGHT="0"/>
			<LeftMargin ID="P6_LM00001" HPOS="0" VPOS="0" WIDTH="0" HEIGHT="4372"/>
			<RightMargin ID="P6_RM00001" HPOS="3116" VPOS="0" WIDTH="180" HEIGHT="4372"/>
			<BottomMargin ID="P6_BM00001" HPOS="0" VPOS="4372" WIDTH="3295" HEIGHT="45"/>
			<PrintSpace ID="P6_PS00001" HPOS="0" VPOS="0" WIDTH="3116" HEIGHT="4372">
				<TextBlock ID="pa0006001" HPOS="1162" VPOS="84" WIDTH="995" HEIGHT="76" STYLEREFS="TXT_0 PAR_RIGHT">
					<TextLine ID="P6_TL00001" HPOS="1162" VPOS="87" WIDTH="995" HEIGHT="72">
						<String ID="word000001" HPOS="1162" VPOS="107" WIDTH="151" HEIGHT="52" CONTENT="THE" WC="1.00" CC="000"/>
						<SP ID="P6_SP00001" HPOS="1313" VPOS="159" WIDTH="35"/>
						<String ID="word000002" HPOS="1349" VPOS="87" WIDTH="385" HEIGHT="71" CONTENT="NATION'AL" WC="0.58" CC="333333736"/>
						<SP ID="P6_SP00002" HPOS="1734" VPOS="159" WIDTH="37"/>
						<String ID="word000003" HPOS="1770" VPOS="102" WIDTH="386" HEIGHT="56" CONTENT="REGISTER," WC="0.99" CC="000000001"/>
						<SP ID="P6_SP00003" HPOS="2157" VPOS="159" WIDTH="0"/>
					</TextLine>
				</TextBlock>
				<TextBlock ID="pa0006002" HPOS="288" VPOS="250" WIDTH="1373" HEIGHT="843" STYLEREFS="TXT_1 PAR_LEFT">
					<TextLine ID="P6_TL00002" HPOS="289" VPOS="252" WIDTH="1362" HEIGHT="46">
						<String ID="word000004" HPOS="289" VPOS="253" WIDTH="66" HEIGHT="38" CONTENT="the" WC="0.78" CC="240"/>
						<SP ID="P6_SP00004" HPOS="356" VPOS="291" WIDTH="19"/>
						<String ID="word000005" HPOS="374" VPOS="261" WIDTH="112" HEIGHT="28" CONTENT="terms" WC="1.00" CC="00000"/>
						<SP ID="P6_SP00005" HPOS="487" VPOS="291" WIDTH="15"/>
						<String ID="word000006" HPOS="502" VPOS="254" WIDTH="44" HEIGHT="35" CONTENT="of" WC="0.94" CC="01"/>
						<SP ID="P6_SP00006" HPOS="546" VPOS="291" WIDTH="27"/>
						<String ID="word000007" HPOS="573" VPOS="254" WIDTH="85" HEIGHT="40" CONTENT="that" WC="0.92" CC="0210"/>
						<SP ID="P6_SP00007" HPOS="658" VPOS="294" WIDTH="17"/>
						<String ID="word000008" HPOS="674" VPOS="253" WIDTH="233" HEIGHT="38" CONTENT="Convention" WC="0.92" CC="3100000201"/>
						<SP ID="P6_SP00008" HPOS="907" VPOS="294" WIDTH="19"/>
						<String ID="word000009" HPOS="926" VPOS="263" WIDTH="98" HEIGHT="27" CONTENT="were" WC="0.94" CC="1001"/>
						<SP ID="P6_SP00009" HPOS="1024" VPOS="294" WIDTH="17"/>
						<String ID="word000010" HPOS="1041" VPOS="252" WIDTH="91" HEIGHT="38" CONTENT="such" WC="0.94" CC="1010"/>
						<SP ID="P6_SP00010" HPOS="1131" VPOS="294" WIDTH="33"/>
						<String ID="word000011" HPOS="1165" VPOS="263" WIDTH="40" HEIGHT="25" CONTENT="as" WC="1.00" CC="00"/>
						<SP ID="P6_SP00011" HPOS="1205" VPOS="294" WIDTH="28"/>
						<String ID="word000012" HPOS="1233" VPOS="252" WIDTH="119" HEIGHT="46" CONTENT="ought" WC="0.98" CC="01000"/>
						<SP ID="P6_SP00012" HPOS="1352" VPOS="298" WIDTH="22"/>
						<String ID="word000013" HPOS="1375" VPOS="257" WIDTH="40" HEIGHT="33" CONTENT="to" WC="1.00" CC="00"/>
						<SP ID="P6_SP00013" HPOS="1415" VPOS="298" WIDTH="31"/>
						<String ID="word000014" HPOS="1446" VPOS="252" WIDTH="97" HEIGHT="39" CONTENT="have" WC="0.94" CC="1100"/>
						<SP ID="P6_SP00014" HPOS="1543" VPOS="298" WIDTH="17"/>
						<String ID="word000015" HPOS="1559" VPOS="252" WIDTH="92" HEIGHT="35" CONTENT="been" WC="0.97" CC="0010"/>
						<SP ID="P6_SP00015" HPOS="1651" VPOS="298" WIDTH="0"/>
					</TextLine>
					<TextLine ID="P6_TL00003" HPOS="293" VPOS="302" WIDTH="267" HEIGHT="46">
						<String ID="word000016" HPOS="293" VPOS="302" WIDTH="141" HEIGHT="46" CONTENT="agreed" WC="0.74" CC="614300"/>
						<SP ID="P6_SP00016" HPOS="433" VPOS="348" WIDTH="13"/>
						<String ID="word000017" HPOS="446" VPOS="313" WIDTH="113" HEIGHT="35" CONTENT="upon," WC="0.91" CC="01012"/>
						<SP ID="P6_SP00017" HPOS="560" VPOS="348" WIDTH="0"/>
					</TextLine>
					<TextLine ID="P6_TL00004" HPOS="347" VPOS="346" WIDTH="1308" HEIGHT="47">
						<String ID="word000018" HPOS="347" VPOS="350" WIDTH="21" HEIGHT="38" CONTENT="I" WC="0.33" CC="6"/>
						<SP ID="P6_SP00018" HPOS="369" VPOS="387" WIDTH="19"/>
						<String ID="word000019" HPOS="387" VPOS="361" WIDTH="60" HEIGHT="24" CONTENT="am" WC="1.00" CC="00"/>
						<SP ID="P6_SP00019" HPOS="448" VPOS="387" WIDTH="19"/>
						<String ID="word000020" HPOS="467" VPOS="352" WIDTH="61" HEIGHT="33" CONTENT="the" WC="1.00" CC="000"/>
						<SP ID="P6_SP00020" HPOS="528" VPOS="387" WIDTH="11"/>
						<String ID="word000021" HPOS="539" VPOS="361" WIDTH="104" HEIGHT="25" CONTENT="more" WC="1.00" CC="0000"/>
						<SP ID="P6_SP00021" HPOS="643" VPOS="387" WIDTH="14"/>
						<String ID="word000022" HPOS="657" VPOS="351" WIDTH="168" HEIGHT="35" CONTENT="desirous" WC="0.89" CC="13100003"/>
						<SP ID="P6_SP00022" HPOS="824" VPOS="387" WIDTH="25"/>
						<String ID="word000023" HPOS="849" VPOS="350" WIDTH="85" HEIGHT="39" CONTENT="that" WC="0.94" CC="1010"/>
						<SP ID="P6_SP00023" HPOS="934" VPOS="389" WIDTH="18"/>
						<String ID="word000024" HPOS="952" VPOS="360" WIDTH="74" HEIGHT="33" CONTENT="you" WC="0.70" CC="035"/>
						<SP ID="P6_SP00024" HPOS="1026" VPOS="393" WIDTH="25"/>
						<String ID="word000025" HPOS="1051" VPOS="348" WIDTH="135" HEIGHT="35" CONTENT="should" WC="0.83" CC="101133"/>
						<SP ID="P6_SP00025" HPOS="1186" VPOS="393" WIDTH="18"/>
						<String ID="word000026" HPOS="1204" VPOS="359" WIDTH="142" HEIGHT="25" CONTENT="resume" WC="0.96" CC="010100"/>
						<SP ID="P6_SP00026" HPOS="1345" VPOS="393" WIDTH="15"/>
						<String ID="word000027" HPOS="1361" VPOS="348" WIDTH="66" HEIGHT="34" CONTENT="the" WC="1.00" CC="000"/>
						<SP ID="P6_SP00027" HPOS="1427" VPOS="393" WIDTH="18"/>
						<String ID="word000028" HPOS="1444" VPOS="346" WIDTH="190" HEIGHT="38" CONTENT="considera" SUBS_TYPE="HypPart1" SUBS_CONTENT="consideration" WC="0.89" CC="310111300"/>
						<HYP HPOS="1635" VPOS="346" WIDTH="20" CONTENT="-"/>
					</TextLine>
					<TextLine ID="P6_TL00005" HPOS="296" VPOS="396" WIDTH="1357" HEIGHT="50">
						<String ID="word000029" HPOS="296" VPOS="398" WIDTH="81" HEIGHT="43" CONTENT="tion" SUBS_TYPE="HypPart2" SUBS_CONTENT="consideration" WC="0.58" CC="6504"/>
						<SP ID="P6_SP00028" HPOS="378" VPOS="441" WIDTH="14"/>
						<String ID="word000030" HPOS="392" VPOS="398" WIDTH="44" HEIGHT="38" CONTENT="of" WC="0.94" CC="10"/>
						<SP ID="P6_SP00029" HPOS="436" VPOS="441" WIDTH="13"/>
						<String ID="word000031" HPOS="449" VPOS="398" WIDTH="102" HEIGHT="40" CONTENT="these" WC="0.82" CC="03311"/>
						<SP ID="P6_SP00030" HPOS="550" VPOS="441" WIDTH="17"/>
						<String ID="word000032" HPOS="567" VPOS="405" WIDTH="79" HEIGHT="32" CONTENT="two" WC="0.85" CC="130"/>
						<SP ID="P6_SP00031" HPOS="646" VPOS="441" WIDTH="15"/>
						<String ID="word000033" HPOS="661" VPOS="400" WIDTH="142" HEIGHT="45" CONTENT="points," WC="0.98" CC="0000100"/>
						<SP ID="P6_SP00032" HPOS="803" VPOS="445" WIDTH="13"/>
						<String ID="word000034" HPOS="816" VPOS="398" WIDTH="64" HEIGHT="35" CONTENT="the" WC="0.96" CC="001"/>
						<SP ID="P6_SP00033" HPOS="880" VPOS="445" WIDTH="21"/>
						<String ID="word000035" HPOS="901" VPOS="397" WIDTH="200" HEIGHT="44" CONTENT="Armistice" WC="0.81" CC="513111111"/>
						<SP ID="P6_SP00034" HPOS="1101" VPOS="445" WIDTH="18"/>
						<String ID="word000036" HPOS="1119" VPOS="398" WIDTH="73" HEIGHT="35" CONTENT="and" WC="0.93" CC="020"/>
						<SP ID="P6_SP00035" HPOS="1192" VPOS="445" WIDTH="19"/>
						<String ID="word000037" HPOS="1211" VPOS="397" WIDTH="252" HEIGHT="40" CONTENT="Convention," WC="0.94" CC="01010011011"/>
						<SP ID="P6_SP00036" HPOS="1462" VPOS="445" WIDTH="14"/>
						<String ID="word000038" HPOS="1476" VPOS="406" WIDTH="40" HEIGHT="25" CONTENT="as" WC="0.83" CC="12"/>
						<SP ID="P6_SP00037" HPOS="1517" VPOS="445" WIDTH="19"/>
						<String ID="word000039" HPOS="1535" VPOS="396" WIDTH="31" HEIGHT="34" CONTENT="it" WC="1.00" CC="00"/>
						<SP ID="P6_SP00038" HPOS="1566" VPOS="445" WIDTH="17"/>
						<String ID="word000040" HPOS="1583" VPOS="405" WIDTH="70" HEIGHT="34" CONTENT="ap•" WC="0.48" CC="734"/>
						<SP ID="P6_SP00039" HPOS="1652" VPOS="445" WIDTH="0"/>
					</TextLine>
					<TextLine ID="P6_TL00006" HPOS="296" VPOS="443" WIDTH="1358" HEIGHT="51">
						<String ID="word000041" HPOS="296" VPOS="457" WIDTH="116" HEIGHT="37" CONTENT="pears" WC="0.87" CC="40101"/>
						<SP ID="P6_SP00040" HPOS="412" VPOS="494" WIDTH="17"/>
						<String ID="word000042" HPOS="429" VPOS="457" WIDTH="99" HEIGHT="35" CONTENT="upon" WC="0.97" CC="0001"/>
						<SP ID="P6_SP00041" HPOS="528" VPOS="494" WIDTH="17"/>
						<String ID="word000043" HPOS="544" VPOS="448" WIDTH="61" HEIGHT="38" CONTENT="the" WC="0.56" CC="732"/>
						<SP ID="P6_SP00042" HPOS="606" VPOS="494" WIDTH="17"/>
						<String ID="word000044" HPOS="622" VPOS="446" WIDTH="86" HEIGHT="37" CONTENT="face" WC="1.00" CC="0000"/>
						<SP ID="P6_SP00043" HPOS="709" VPOS="494" WIDTH="12"/>
						<String ID="word000045" HPOS="720" VPOS="446" WIDTH="45" HEIGHT="34" CONTENT="of" WC="1.00" CC="00"/>
						<SP ID="P6_SP00044" HPOS="765" VPOS="494" WIDTH="14"/>
						<String ID="word000046" HPOS="780" VPOS="457" WIDTH="97" HEIGHT="34" CONTENT="your" WC="0.97" CC="1000"/>
						<SP ID="P6_SP00045" HPOS="876" VPOS="494" WIDTH="21"/>
						<String ID="word000047" HPOS="898" VPOS="446" WIDTH="161" HEIGHT="47" CONTENT="Report." WC="0.89" CC="0111013"/>
						<SP ID="P6_SP00046" HPOS="1058" VPOS="494" WIDTH="25"/>
						<String ID="word000048" HPOS="1083" VPOS="445" WIDTH="84" HEIGHT="34" CONTENT="that" WC="1.00" CC="0000"/>
						<SP ID="P6_SP00047" HPOS="1167" VPOS="494" WIDTH="13"/>
						<String ID="word000049" HPOS="1180" VPOS="455" WIDTH="24" HEIGHT="25" CONTENT="a" WC="0.78" CC="2"/>
						<SP ID="P6_SP00048" HPOS="1204" VPOS="494" WIDTH="20"/>
						<String ID="word000050" HPOS="1224" VPOS="445" WIDTH="201" HEIGHT="34" CONTENT="difference" WC="0.91" CC="0022120100"/>
						<SP ID="P6_SP00049" HPOS="1424" VPOS="494" WIDTH="14"/>
						<String ID="word000051" HPOS="1439" VPOS="443" WIDTH="45" HEIGHT="37" CONTENT="of" WC="1.00" CC="00"/>
						<SP ID="P6_SP00050" HPOS="1483" VPOS="494" WIDTH="11"/>
						<String ID="word000052" HPOS="1494" VPOS="443" WIDTH="159" HEIGHT="45" CONTENT="opinion" WC="0.98" CC="0001000"/>
						<SP ID="P6_SP00051" HPOS="1654" VPOS="494" WIDTH="0"/>
					</TextLine>
					<TextLine ID="P6_TL00007" HPOS="296" VPOS="490" WIDTH="1356" HEIGHT="50">
						<String ID="word000053" HPOS="296" VPOS="496" WIDTH="122" HEIGHT="37" CONTENT="exists" WC="0.89" CC="330000"/>
						<SP ID="P6_SP00052" HPOS="418" VPOS="533" WIDTH="26"/>
						<String ID="word000054" HPOS="444" VPOS="506" WIDTH="133" HEIGHT="34" CONTENT="among" WC="1.00" CC="00000"/>
						<SP ID="P6_SP00053" HPOS="578" VPOS="540" WIDTH="22"/>
						<String ID="word000055" HPOS="600" VPOS="497" WIDTH="64" HEIGHT="33" CONTENT="the" WC="0.89" CC="030"/>
						<SP ID="P6_SP00054" HPOS="664" VPOS="540" WIDTH="22"/>
						<String ID="word000056" HPOS="686" VPOS="496" WIDTH="184" HEIGHT="35" CONTENT="Members" WC="0.95" CC="0002001"/>
						<SP ID="P6_SP00055" HPOS="870" VPOS="540" WIDTH="30"/>
						<String ID="word000057" HPOS="900" VPOS="493" WIDTH="45" HEIGHT="37" CONTENT="of" WC="1.00" CC="00"/>
						<SP ID="P6_SP00056" HPOS="945" VPOS="540" WIDTH="12"/>
						<String ID="word000058" HPOS="957" VPOS="495" WIDTH="64" HEIGHT="33" CONTENT="the" WC="1.00" CC="000"/>
						<SP ID="P6_SP00057" HPOS="1020" VPOS="540" WIDTH="19"/>
						<String ID="word000059" HPOS="1039" VPOS="494" WIDTH="144" HEIGHT="43" CONTENT="Board," WC="0.91" CC="110030"/>
						<SP ID="P6_SP00058" HPOS="1183" VPOS="540" WIDTH="26"/>
						<String ID="word000060" HPOS="1209" VPOS="494" WIDTH="125" HEIGHT="35" CONTENT="which" WC="0.98" CC="00100"/>
						<SP ID="P6_SP00059" HPOS="1335" VPOS="540" WIDTH="20"/>
						<String ID="word000061" HPOS="1355" VPOS="503" WIDTH="85" HEIGHT="34" CONTENT="may" WC="1.00" CC="000"/>
						<SP ID="P6_SP00060" HPOS="1440" VPOS="540" WIDTH="19"/>
						<String ID="word000062" HPOS="1459" VPOS="490" WIDTH="193" HEIGHT="48" CONTENT="probably" WC="0.93" CC="00001310"/>
						<SP ID="P6_SP00061" HPOS="1651" VPOS="540" WIDTH="0"/>
					</TextLine>
					<TextLine ID="P6_TL00008" HPOS="295" VPOS="539" WIDTH="1359" HEIGHT="97">
						<String ID="word000063" HPOS="295" VPOS="544" WIDTH="170" HEIGHT="91" CONTENT="Yproduce" WC="0.69" CC="64311142"/>
						<SP ID="P6_SP00062" HPOS="465" VPOS="635" WIDTH="15"/>
						<String ID="word000064" HPOS="481" VPOS="555" WIDTH="24" HEIGHT="24" CONTENT="a" WC="1.00" CC="0"/>
						<SP ID="P6_SP00063" HPOS="504" VPOS="635" WIDTH="14"/>
						<String ID="word000065" HPOS="519" VPOS="544" WIDTH="135" HEIGHT="34" CONTENT="dissent" WC="0.97" CC="0010001"/>
						<SP ID="P6_SP00064" HPOS="653" VPOS="635" WIDTH="18"/>
						<String ID="word000066" HPOS="671" VPOS="544" WIDTH="96" HEIGHT="37" CONTENT="from" WC="1.00" CC="0000"/>
						<SP ID="P6_SP00065" HPOS="767" VPOS="635" WIDTH="26"/>
						<String ID="word000067" HPOS="793" VPOS="543" WIDTH="63" HEIGHT="34" CONTENT="the" WC="1.00" CC="000"/>
						<SP ID="P6_SP00066" HPOS="855" VPOS="635" WIDTH="35"/>
						<String ID="word000068" HPOS="891" VPOS="541" WIDTH="180" HEIGHT="48" CONTENT="majority" WC="0.93" CC="02100200"/>
						<SP ID="P6_SP00067" HPOS="1070" VPOS="635" WIDTH="27"/>
						<String ID="word000069" HPOS="1097" VPOS="553" WIDTH="99" HEIGHT="34" CONTENT="upon" WC="1.00" CC="0000"/>
						<SP ID="P6_SP00068" HPOS="1196" VPOS="635" WIDTH="30"/>
						<String ID="word000070" HPOS="1226" VPOS="542" WIDTH="103" HEIGHT="39" CONTENT="these" WC="0.93" CC="30000"/>
						<SP ID="P6_SP00069" HPOS="1329" VPOS="635" WIDTH="18"/>
						<String ID="word000071" HPOS="1346" VPOS="552" WIDTH="85" HEIGHT="33" CONTENT="very" WC="1.00" CC="0000"/>
						<SP ID="P6_SP00070" HPOS="1431" VPOS="635" WIDTH="18"/>
						<String ID="word000072" HPOS="1449" VPOS="539" WIDTH="204" HEIGHT="47" CONTENT="questions." WC="0.95" CC="1000010110"/>
						<SP ID="P6_SP00071" HPOS="1654" VPOS="635" WIDTH="0"/>
					</TextLine>
					<TextLine ID="P6_TL00009" HPOS="348" VPOS="588" WIDTH="1308" HEIGHT="50">
						<String ID="word000073" HPOS="348" VPOS="602" WIDTH="47" HEIGHT="30" CONTENT="ou" WC="0.33" CC="57"/>
						<SP ID="P6_SP00072" HPOS="396" VPOS="632" WIDTH="20"/>
						<String ID="word000074" HPOS="416" VPOS="593" WIDTH="81" HEIGHT="37" CONTENT="will" WC="1.00" CC="0000"/>
						<SP ID="P6_SP00073" HPOS="497" VPOS="632" WIDTH="18"/>
						<String ID="word000075" HPOS="515" VPOS="593" WIDTH="46" HEIGHT="39" CONTENT="ha" WC="0.44" CC="46"/>
						<SP ID="P6_SP00074" HPOS="561" VPOS="632" WIDTH="18"/>
						<String ID="word000076" HPOS="579" VPOS="592" WIDTH="169" HEIGHT="46" CONTENT="pleased," WC="0.82" CC="14303101"/>
						<SP ID="P6_SP00075" HPOS="748" VPOS="638" WIDTH="24"/>
						<String ID="word000077" HPOS="771" VPOS="591" WIDTH="208" HEIGHT="40" CONTENT="therefore," WC="0.95" CC="0001100011"/>
						<SP ID="P6_SP00076" HPOS="979" VPOS="638" WIDTH="24"/>
						<String ID="word000078" HPOS="1003" VPOS="596" WIDTH="38" HEIGHT="28" CONTENT="to" WC="1.00" CC="00"/>
						<SP ID="P6_SP00077" HPOS="1041" VPOS="638" WIDTH="18"/>
						<String ID="word000079" HPOS="1058" VPOS="591" WIDTH="123" HEIGHT="37" CONTENT="desire" WC="0.98" CC="000001"/>
						<SP ID="P6_SP00078" HPOS="1181" VPOS="638" WIDTH="17"/>
						<String ID="word000080" HPOS="1198" VPOS="591" WIDTH="87" HEIGHT="33" CONTENT="such" WC="0.97" CC="0010"/>
						<SP ID="P6_SP00079" HPOS="1285" VPOS="638" WIDTH="30"/>
						<String ID="word000081" HPOS="1315" VPOS="591" WIDTH="45" HEIGHT="33" CONTENT="of" WC="1.00" CC="00"/>
						<SP ID="P6_SP00080" HPOS="1359" VPOS="638" WIDTH="26"/>
						<String ID="word000082" HPOS="1385" VPOS="589" WIDTH="66" HEIGHT="33" CONTENT="the" WC="1.00" CC="000"/>
						<SP ID="P6_SP00081" HPOS="1452" VPOS="638" WIDTH="19"/>
						<String ID="word000083" HPOS="1470" VPOS="588" WIDTH="185" HEIGHT="34" CONTENT="Members" WC="0.95" CC="0003000"/>
						<SP ID="P6_SP00082" HPOS="1656" VPOS="638" WIDTH="0"/>
					</TextLine>
					<TextLine ID="P6_TL00010" HPOS="300" VPOS="635" WIDTH="1355" HEIGHT="50">
						<String ID="word000084" HPOS="300" VPOS="650" WIDTH="45" HEIGHT="32" CONTENT="tats" WC="0.33" CC="7773"/>
						<SP ID="P6_SP00083" HPOS="345" VPOS="681" WIDTH="17"/>
						<String ID="word000085" HPOS="361" VPOS="650" WIDTH="85" HEIGHT="34" CONTENT="may" WC="0.89" CC="300"/>
						<SP ID="P6_SP00084" HPOS="446" VPOS="684" WIDTH="20"/>
						<String ID="word000086" HPOS="467" VPOS="641" WIDTH="45" HEIGHT="39" CONTENT="he" WC="0.83" CC="30"/>
						<SP ID="P6_SP00085" HPOS="511" VPOS="684" WIDTH="19"/>
						<String ID="word000087" HPOS="530" VPOS="640" WIDTH="41" HEIGHT="35" CONTENT="of" WC="0.89" CC="11"/>
						<SP ID="P6_SP00086" HPOS="572" VPOS="684" WIDTH="21"/>
						<String ID="word000088" HPOS="593" VPOS="652" WIDTH="26" HEIGHT="24" CONTENT="a" WC="0.89" CC="1"/>
						<SP ID="P6_SP00087" HPOS="619" VPOS="684" WIDTH="30"/>
						<String ID="word000089" HPOS="648" VPOS="640" WIDTH="170" HEIGHT="40" CONTENT="different" WC="0.90" CC="113300000"/>
						<SP ID="P6_SP00088" HPOS="819" VPOS="684" WIDTH="27"/>
						<String ID="word000090" HPOS="846" VPOS="638" WIDTH="161" HEIGHT="47" CONTENT="opinion" WC="0.95" CC="1000200"/>
						<SP ID="P6_SP00089" HPOS="1006" VPOS="685" WIDTH="27"/>
						<String ID="word000091" HPOS="1033" VPOS="637" WIDTH="97" HEIGHT="37" CONTENT="from" WC="0.97" CC="0100"/>
						<SP ID="P6_SP00090" HPOS="1130" VPOS="685" WIDTH="19"/>
						<String ID="word000092" HPOS="1149" VPOS="637" WIDTH="63" HEIGHT="35" CONTENT="the" WC="1.00" CC="000"/>
						<SP ID="P6_SP00091" HPOS="1212" VPOS="685" WIDTH="18"/>
						<String ID="word000093" HPOS="1230" VPOS="637" WIDTH="178" HEIGHT="46" CONTENT="majority" WC="0.96" CC="01200000"/>
						<SP ID="P6_SP00092" HPOS="1408" VPOS="685" WIDTH="19"/>
						<String ID="word000094" HPOS="1427" VPOS="646" WIDTH="98" HEIGHT="35" CONTENT="upon" WC="0.94" CC="2000"/>
						<SP ID="P6_SP00093" HPOS="1525" VPOS="685" WIDTH="27"/>
						<String ID="word000095" HPOS="1552" VPOS="635" WIDTH="103" HEIGHT="40" CONTENT="these" WC="0.73" CC="44121"/>
						<SP ID="P6_SP00094" HPOS="1655" VPOS="685" WIDTH="0"/>
					</TextLine>
					<TextLine ID="P6_TL00011" HPOS="302" VPOS="681" WIDTH="1355" HEIGHT="53">
						<String ID="word000096" HPOS="302" VPOS="693" WIDTH="81" HEIGHT="34" CONTENT="two" WC="0.96" CC="001"/>
						<SP ID="P6_SP00095" HPOS="384" VPOS="728" WIDTH="18"/>
						<String ID="word000097" HPOS="402" VPOS="689" WIDTH="198" HEIGHT="45" CONTENT="questions," WC="0.79" CC="0004015342"/>
						<SP ID="P6_SP00096" HPOS="600" VPOS="733" WIDTH="28"/>
						<String ID="word000098" HPOS="628" VPOS="694" WIDTH="40" HEIGHT="28" CONTENT="to" WC="0.94" CC="01"/>
						<SP ID="P6_SP00097" HPOS="669" VPOS="733" WIDTH="19"/>
						<String ID="word000099" HPOS="687" VPOS="687" WIDTH="126" HEIGHT="33" CONTENT="record" WC="0.85" CC="015200"/>
						<SP ID="P6_SP00098" HPOS="814" VPOS="733" WIDTH="31"/>
						<String ID="word000100" HPOS="844" VPOS="697" WIDTH="103" HEIGHT="37" CONTENT="upon" WC="0.50" CC="5355"/>
						<SP ID="P6_SP00099" HPOS="947" VPOS="733" WIDTH="19"/>
						<String ID="word000101" HPOS="966" VPOS="687" WIDTH="60" HEIGHT="41" CONTENT="the" WC="0.78" CC="510"/>
						<SP ID="P6_SP00100" HPOS="1026" VPOS="733" WIDTH="26"/>
						<String ID="word000102" HPOS="1052" VPOS="686" WIDTH="84" HEIGHT="34" CONTENT="face" WC="0.83" CC="4110"/>
						<SP ID="P6_SP00101" HPOS="1136" VPOS="733" WIDTH="27"/>
						<String ID="word000103" HPOS="1163" VPOS="685" WIDTH="46" HEIGHT="35" CONTENT="of" WC="1.00" CC="00"/>
						<SP ID="P6_SP00102" HPOS="1209" VPOS="733" WIDTH="11"/>
						<String ID="word000104" HPOS="1220" VPOS="685" WIDTH="61" HEIGHT="34" CONTENT="the" WC="0.93" CC="002"/>
						<SP ID="P6_SP00103" HPOS="1281" VPOS="733" WIDTH="18"/>
						<String ID="word000105" HPOS="1299" VPOS="684" WIDTH="241" HEIGHT="47" CONTENT="proceedings" WC="0.97" CC="00000000111"/>
						<SP ID="P6_SP00104" HPOS="1540" VPOS="733" WIDTH="17"/>
						<String ID="word000106" HPOS="1557" VPOS="681" WIDTH="100" HEIGHT="40" CONTENT="their" WC="1.00" CC="00000"/>
						<SP ID="P6_SP00105" HPOS="1657" VPOS="733" WIDTH="0"/>
					</TextLine>
					<TextLine ID="P6_TL00012" HPOS="304" VPOS="733" WIDTH="1063" HEIGHT="47">
						<String ID="word000107" HPOS="304" VPOS="746" WIDTH="151" HEIGHT="33" CONTENT="retitons" WC="0.32" CC="75776755"/>
						<SP ID="P6_SP00106" HPOS="455" VPOS="780" WIDTH="18"/>
						<String ID="word000108" HPOS="472" VPOS="736" WIDTH="58" HEIGHT="34" CONTENT="for" WC="1.00" CC="000"/>
						<SP ID="P6_SP00107" HPOS="530" VPOS="780" WIDTH="15"/>
						<String ID="word000109" HPOS="546" VPOS="737" WIDTH="86" HEIGHT="35" CONTENT="such" WC="0.83" CC="1320"/>
						<SP ID="P6_SP00108" HPOS="632" VPOS="780" WIDTH="21"/>
						<String ID="word000110" HPOS="653" VPOS="736" WIDTH="149" HEIGHT="41" CONTENT="dissent." WC="0.47" CC="51766580"/>
						<SP ID="P6_SP00109" HPOS="802" VPOS="780" WIDTH="198"/>
						<String ID="word000111" HPOS="1000" VPOS="735" WIDTH="18" HEIGHT="45" CONTENT="I" WC="0.35" CC="7"/>
						<String ID="word000112" HPOS="1018" VPOS="735" WIDTH="19" HEIGHT="45" CONTENT=";" STYLE="subscript" WC="0.35" CC="8"/>
						<String ID="word000113" HPOS="1037" VPOS="735" WIDTH="76" HEIGHT="45" CONTENT="un,," WC="0.35" CC="5366"/>
						<SP ID="P6_SP00110" HPOS="1113" VPOS="780" WIDTH="28"/>
						<String ID="word000114" HPOS="1141" VPOS="733" WIDTH="76" HEIGHT="40" CONTENT="Sir," WC="0.92" CC="3000"/>
						<SP ID="P6_SP00111" HPOS="1217" VPOS="780" WIDTH="26"/>
						<String ID="word000115" HPOS="1243" VPOS="743" WIDTH="124" HEIGHT="37" CONTENT="yours," WC="0.98" CC="001000"/>
						<SP ID="P6_SP00112" HPOS="1367" VPOS="780" WIDTH="0"/>
					</TextLine>
					<TextLine ID="P6_TL00013" HPOS="456" VPOS="780" WIDTH="1152" HEIGHT="48">
						<String ID="word000116" HPOS="456" VPOS="783" WIDTH="172" HEIGHT="45" CONTENT="(Signed)" WC="0.97" CC="01000010"/>
						<SP ID="P6_SP00113" HPOS="628" VPOS="828" WIDTH="579"/>
						<String ID="word000117" HPOS="1207" VPOS="782" WIDTH="28" HEIGHT="20" CONTENT='"' WC="0.56" CC="4"/>
						<SP ID="P6_SP00114" HPOS="1235" VPOS="828" WIDTH="32"/>
						<String ID="word000118" HPOS="1267" VPOS="780" WIDTH="340" HEIGHT="40" CONTENT="FREDERICK." WC="0.67" CC="3312255126"/>
						<SP ID="P6_SP00115" HPOS="1607" VPOS="828" WIDTH="0"/>
					</TextLine>
					<TextLine ID="P6_TL00014" HPOS="308" VPOS="839" WIDTH="1349" HEIGHT="48">
						<String ID="word000119" HPOS="308" VPOS="844" WIDTH="30" HEIGHT="30" CONTENT="ft" WC="0.50" CC="45"/>
						<SP ID="P6_SP00116" HPOS="338" VPOS="874" WIDTH="21"/>
						<String ID="word000120" HPOS="359" VPOS="846" WIDTH="96" HEIGHT="39" CONTENT="Gelb," WC="0.29" CC="73787"/>
						<SP ID="P6_SP00117" HPOS="455" VPOS="885" WIDTH="24"/>
						<String ID="word000121" HPOS="478" VPOS="846" WIDTH="59" HEIGHT="37" CONTENT="Sir" WC="1.00" CC="000"/>
						<SP ID="P6_SP00118" HPOS="537" VPOS="885" WIDTH="15"/>
						<String ID="word000122" HPOS="553" VPOS="846" WIDTH="50" HEIGHT="37" CONTENT="I)." WC="0.81" CC="410"/>
						<SP ID="P6_SP00119" HPOS="602" VPOS="885" WIDTH="15"/>
						<String ID="word000123" HPOS="618" VPOS="844" WIDTH="167" HEIGHT="43" CONTENT="Dundas," WC="0.49" CC="5553545"/>
						<SP ID="P6_SP00120" HPOS="784" VPOS="887" WIDTH="106"/>
						<String ID="word000124" HPOS="891" VPOS="843" WIDTH="78" HEIGHT="35" CONTENT='B."' WC="0.44" CC="366"/>
						<SP ID="P6_SP00121" HPOS="969" VPOS="887" WIDTH="157"/>
						<String ID="word000125" HPOS="1126" VPOS="843" WIDTH="28" HEIGHT="21" CONTENT="44" STYLE="superscript" WC="0.33" CC="66"/>
						<SP ID="P6_SP00122" HPOS="1154" VPOS="887" WIDTH="21"/>
						<String ID="word000126" HPOS="1175" VPOS="843" WIDTH="247" HEIGHT="39" CONTENT="Commander" WC="0.91" CC="000142000"/>
						<SP ID="P6_SP00123" HPOS="1422" VPOS="887" WIDTH="18"/>
						<String ID="word000127" HPOS="1440" VPOS="843" WIDTH="35" HEIGHT="34" CONTENT="in" WC="1.00" CC="00"/>
						<SP ID="P6_SP00124" HPOS="1475" VPOS="887" WIDTH="20"/>
						<String ID="word000128" HPOS="1495" VPOS="839" WIDTH="162" HEIGHT="39" CONTENT='Chief."' WC="1.00" CC="0000000"/>
						<SP ID="P6_SP00125" HPOS="1657" VPOS="887" WIDTH="0"/>
					</TextLine>
					<TextLine ID="P6_TL00015" HPOS="358" VPOS="901" WIDTH="1302" HEIGHT="51">
						<String ID="word000129" HPOS="358" VPOS="907" WIDTH="85" HEIGHT="44" CONTENT="The" WC="0.96" CC="100"/>
						<SP ID="P6_SP00126" HPOS="443" VPOS="951" WIDTH="13"/>
						<String ID="word000130" HPOS="456" VPOS="906" WIDTH="123" HEIGHT="37" CONTENT="Board" WC="0.98" CC="00100"/>
						<SP ID="P6_SP00127" HPOS="579" VPOS="951" WIDTH="17"/>
						<String ID="word000131" HPOS="595" VPOS="912" WIDTH="73" HEIGHT="37" CONTENT="met" WC="0.96" CC="001"/>
						<SP ID="P6_SP00128" HPOS="669" VPOS="951" WIDTH="14"/>
						<String ID="word000132" HPOS="683" VPOS="906" WIDTH="197" HEIGHT="46" CONTENT="yesterday" WC="0.86" CC="014000060"/>
						<SP ID="P6_SP00129" HPOS="880" VPOS="952" WIDTH="12"/>
						<String ID="word000133" HPOS="892" VPOS="912" WIDTH="40" HEIGHT="28" CONTENT="at" WC="0.94" CC="10" STYLEREFS="TXT_2"/>
						<SP ID="P6_SP00130" HPOS="932" VPOS="952" WIDTH="20"/>
						<String ID="word000134" HPOS="952" VPOS="906" WIDTH="61" HEIGHT="34" CONTENT="the" WC="0.96" CC="100" STYLEREFS="TXT_2"/>
						<SP ID="P6_SP00131" HPOS="1013" VPOS="952" WIDTH="14"/>
						<String ID="word000135" HPOS="1028" VPOS="906" WIDTH="124" HEIGHT="44" CONTENT="Judge" WC="0.89" CC="03110" STYLEREFS="TXT_2"/>
						<SP ID="P6_SP00132" HPOS="1152" VPOS="952" WIDTH="24"/>
						<String ID="word000136" HPOS="1175" VPOS="906" WIDTH="78" HEIGHT="34" CONTENT="Adv" WC="0.67" CC="334" STYLEREFS="TXT_2"/>
						<SP ID="P6_SP00133" HPOS="1253" VPOS="952" WIDTH="7"/>
						<String ID="word000137" HPOS="1260" VPOS="904" WIDTH="319" HEIGHT="39" CONTENT="ocate-Geueral's" WC="0.57" CC="333356833333435" STYLEREFS="TXT_2"/>
						<SP ID="P6_SP00134" HPOS="1579" VPOS="952" WIDTH="9"/>
						<String ID="word000138" HPOS="1589" VPOS="901" WIDTH="47" HEIGHT="38" CONTENT="Of" SUBS_TYPE="HypPart1" SUBS_CONTENT="Offlee," WC="0.94" CC="10" STYLEREFS="TXT_2"/>
						<HYP HPOS="1636" VPOS="901" WIDTH="24" CONTENT="-"/>
					</TextLine>
					<TextLine ID="P6_TL00016" HPOS="311" VPOS="951" WIDTH="1345" HEIGHT="51">
						<String ID="word000139" HPOS="311" VPOS="956" WIDTH="84" HEIGHT="46" CONTENT="flee," SUBS_TYPE="HypPart2" SUBS_CONTENT="Offlee," WC="0.60" CC="27711"/>
						<SP ID="P6_SP00135" HPOS="394" VPOS="1002" WIDTH="31"/>
						<String ID="word000140" HPOS="425" VPOS="956" WIDTH="106" HEIGHT="34" CONTENT="when" WC="1.00" CC="0000"/>
						<SP ID="P6_SP00136" HPOS="531" VPOS="1002" WIDTH="26"/>
						<String ID="word000141" HPOS="557" VPOS="956" WIDTH="60" HEIGHT="33" CONTENT="the" WC="0.96" CC="010"/>
						<SP ID="P6_SP00137" HPOS="618" VPOS="1002" WIDTH="18"/>
						<String ID="word000142" HPOS="635" VPOS="956" WIDTH="84" HEIGHT="35" CONTENT="said" WC="0.94" CC="0101"/>
						<SP ID="P6_SP00138" HPOS="719" VPOS="1002" WIDTH="21"/>
						<String ID="word000143" HPOS="741" VPOS="956" WIDTH="124" HEIGHT="40" CONTENT="Letter" WC="0.83" CC="211230"/>
						<SP ID="P6_SP00139" HPOS="865" VPOS="1002" WIDTH="19"/>
						<String ID="word000144" HPOS="883" VPOS="954" WIDTH="137" HEIGHT="45" CONTENT="having" WC="0.91" CC="140000"/>
						<SP ID="P6_SP00140" HPOS="1020" VPOS="1002" WIDTH="18"/>
						<String ID="word000145" HPOS="1038" VPOS="956" WIDTH="92" HEIGHT="33" CONTENT="been" WC="0.92" CC="1020" STYLEREFS="TXT_2"/>
						<SP ID="P6_SP00141" HPOS="1130" VPOS="1002" WIDTH="31"/>
						<String ID="word000146" HPOS="1161" VPOS="954" WIDTH="104" HEIGHT="41" CONTENT="read," WC="0.84" CC="01330"/>
						<SP ID="P6_SP00142" HPOS="1265" VPOS="1002" WIDTH="30"/>
						<String ID="word000147" HPOS="1294" VPOS="954" WIDTH="84" HEIGHT="43" CONTENT="they" WC="0.97" CC="0010"/>
						<SP ID="P6_SP00143" HPOS="1378" VPOS="1002" WIDTH="30"/>
						<String ID="word000148" HPOS="1408" VPOS="952" WIDTH="141" HEIGHT="43" CONTENT="agreed" WC="0.81" CC="162100"/>
						<SP ID="P6_SP00144" HPOS="1548" VPOS="1002" WIDTH="26"/>
						<String ID="word000149" HPOS="1574" VPOS="951" WIDTH="81" HEIGHT="35" CONTENT="that" WC="1.00" CC="0000"/>
						<SP ID="P6_SP00145" HPOS="1656" VPOS="1002" WIDTH="0"/>
					</TextLine>
					<TextLine ID="P6_TL00017" HPOS="311" VPOS="999" WIDTH="1350" HEIGHT="56">
						<String ID="word000150" HPOS="311" VPOS="1006" WIDTH="65" HEIGHT="33" CONTENT="the" WC="1.00" CC="000"/>
						<SP ID="P6_SP00146" HPOS="376" VPOS="1039" WIDTH="18"/>
						<String ID="word000151" HPOS="393" VPOS="1002" WIDTH="194" HEIGHT="45" CONTENT="following" WC="0.81" CC="141010341"/>
						<SP ID="P6_SP00147" HPOS="587" VPOS="1046" WIDTH="15"/>
						<String ID="word000152" HPOS="602" VPOS="1003" WIDTH="188" HEIGHT="52" CONTENT="questions" WC="0.72" CC="144323411"/>
						<SP ID="P6_SP00148" HPOS="790" VPOS="1055" WIDTH="14"/>
						<String ID="word000153" HPOS="804" VPOS="1002" WIDTH="132" HEIGHT="45" CONTENT="should" WC="0.78" CC="160230"/>
						<SP ID="P6_SP00149" HPOS="937" VPOS="1055" WIDTH="19"/>
						<String ID="word000154" HPOS="956" VPOS="1003" WIDTH="46" HEIGHT="39" CONTENT="he" WC="0.89" CC="20"/>
						<SP ID="P6_SP00150" HPOS="1002" VPOS="1055" WIDTH="18"/>
						<String ID="word000155" HPOS="1019" VPOS="1007" WIDTH="65" HEIGHT="40" CONTENT="put" WC="0.81" CC="221"/>
						<SP ID="P6_SP00151" HPOS="1084" VPOS="1055" WIDTH="18"/>
						<String ID="word000156" HPOS="1102" VPOS="1011" WIDTH="39" HEIGHT="31" CONTENT="to" WC="0.28" CC="67"/>
						<SP ID="P6_SP00152" HPOS="1141" VPOS="1055" WIDTH="14"/>
						<String ID="word000157" HPOS="1155" VPOS="1002" WIDTH="93" HEIGHT="38" CONTENT="each" WC="0.89" CC="0112"/>
						<SP ID="P6_SP00153" HPOS="1248" VPOS="1055" WIDTH="20"/>
						<String ID="word000158" HPOS="1269" VPOS="1002" WIDTH="45" HEIGHT="39" CONTENT="of" WC="0.83" CC="30"/>
						<SP ID="P6_SP00154" HPOS="1313" VPOS="1055" WIDTH="14"/>
						<String ID="word000159" HPOS="1328" VPOS="1002" WIDTH="63" HEIGHT="37" CONTENT="the" WC="1.00" CC="000"/>
						<SP ID="P6_SP00155" HPOS="1390" VPOS="1055" WIDTH="21"/>
						<String ID="word000160" HPOS="1411" VPOS="1000" WIDTH="187" HEIGHT="40" CONTENT="Me.pbers" WC="0.51" CC="35673335"/>
						<SP ID="P6_SP00156" HPOS="1598" VPOS="1055" WIDTH="20"/>
						<String ID="word000161" HPOS="1618" VPOS="999" WIDTH="43" HEIGHT="39" CONTENT="of" WC="0.67" CC="60"/>
						<SP ID="P6_SP00157" HPOS="1661" VPOS="1055" WIDTH="0"/>
					</TextLine>
					<TextLine ID="P6_TL00018" HPOS="312" VPOS="1051" WIDTH="286" HEIGHT="42">
						<String ID="word000162" HPOS="312" VPOS="1051" WIDTH="67" HEIGHT="41" CONTENT="the" WC="0.96" CC="001"/>
						<SP ID="P6_SP00158" HPOS="379" VPOS="1093" WIDTH="19"/>
						<String ID="word000163" HPOS="398" VPOS="1052" WIDTH="128" HEIGHT="40" CONTENT="Board" WC="0.84" CC="13300"/>
						<SP ID="P6_SP00159" HPOS="526" VPOS="1093" WIDTH="13"/>
						<String ID="word000164" HPOS="539" VPOS="1063" WIDTH="59" HEIGHT="22" CONTENT="I" WC="0.56" CC="7"/>
					</TextLine>
				</TextBlock>
				<TextBlock ID="pa0006003" HPOS="313" VPOS="1097" WIDTH="460" HEIGHT="342" STYLEREFS="TXT_1 PAR_LEFT">
					<TextLine ID="P6_TL00019" HPOS="458" VPOS="1109" WIDTH="192" HEIGHT="43">
						<String ID="word000165" HPOS="458" VPOS="1109" WIDTH="191" HEIGHT="43" CONTENT="4pproVe." WC="0.51" CC="43333775"/>
						<SP ID="P6_SP00160" HPOS="650" VPOS="1152" WIDTH="0"/>
					</TextLine>
					<TextLine ID="P6_TL00020" HPOS="314" VPOS="1155" WIDTH="344" HEIGHT="41">
						<String ID="word000166" HPOS="314" VPOS="1155" WIDTH="178" HEIGHT="41" CONTENT="10.-Geu." WC="0.43" CC="47354783"/>
						<SP ID="P6_SP00161" HPOS="493" VPOS="1196" WIDTH="21"/>
						<String ID="word000167" HPOS="514" VPOS="1155" WIDTH="31" HEIGHT="37" CONTENT="N" WC="0.56" CC="4"/>
						<SP ID="P6_SP00162" HPOS="544" VPOS="1196" WIDTH="21"/>
						<String ID="word000168" HPOS="566" VPOS="1156" WIDTH="92" HEIGHT="37" CONTENT="von*" WC="0.47" CC="6166"/>
						<SP ID="P6_SP00163" HPOS="658" VPOS="1196" WIDTH="0"/>
					</TextLine>
					<TextLine ID="P6_TL00021" HPOS="317" VPOS="1204" WIDTH="456" HEIGHT="45">
						<String ID="word000169" HPOS="317" VPOS="1204" WIDTH="67" HEIGHT="38" CONTENT="Lt." WC="0.57" CC="333"/>
						<SP ID="P6_SP00164" HPOS="384" VPOS="1241" WIDTH="0"/>
						<String ID="word000170" HPOS="384" VPOS="1204" WIDTH="92" HEIGHT="38" CONTENT="Gen." WC="0.57" CC="4830"/>
						<SP ID="P6_SP00165" HPOS="476" VPOS="1241" WIDTH="14"/>
						<String ID="word000171" HPOS="490" VPOS="1204" WIDTH="58" HEIGHT="34" CONTENT="Sir" WC="0.70" CC="431"/>
						<SP ID="P6_SP00166" HPOS="548" VPOS="1241" WIDTH="15"/>
						<String ID="word000172" HPOS="563" VPOS="1204" WIDTH="44" HEIGHT="33" CONTENT="G." WC="0.89" CC="11" STYLEREFS="TXT_2"/>
						<SP ID="P6_SP00167" HPOS="607" VPOS="1241" WIDTH="19"/>
						<String ID="word000173" HPOS="626" VPOS="1204" WIDTH="27" HEIGHT="35" CONTENT="N" WC="0.56" CC="4"/>
						<SP ID="P6_SP00168" HPOS="653" VPOS="1241" WIDTH="11"/>
						<String ID="word000174" HPOS="664" VPOS="1207" WIDTH="109" HEIGHT="41" CONTENT="ugent" WC="0.51" CC="35383"/>
						<SP ID="P6_SP00169" HPOS="772" VPOS="1248" WIDTH="0"/>
					</TextLine>
					<TextLine ID="P6_TL00022" HPOS="317" VPOS="1251" WIDTH="386" HEIGHT="44">
						<String ID="word000175" HPOS="317" VPOS="1252" WIDTH="96" HEIGHT="43" CONTENT="Earl" WC="0.61" CC="5333" STYLEREFS="TXT_0"/>
						<SP ID="P6_SP00170" HPOS="412" VPOS="1294" WIDTH="17"/>
						<String ID="word000176" HPOS="429" VPOS="1251" WIDTH="46" HEIGHT="40" CONTENT="of" WC="0.67" CC="33" STYLEREFS="TXT_0"/>
						<SP ID="P6_SP00171" HPOS="475" VPOS="1294" WIDTH="21"/>
						<String ID="word000177" HPOS="496" VPOS="1251" WIDTH="207" HEIGHT="38" CONTENT="Pembroke" WC="0.72" CC="20310725"/>
						<SP ID="P6_SP00172" HPOS="703" VPOS="1294" WIDTH="0"/>
					</TextLine>
					<TextLine ID="P6_TL00023" HPOS="318" VPOS="1299" WIDTH="331" HEIGHT="43">
						<String ID="word000178" HPOS="318" VPOS="1300" WIDTH="99" HEIGHT="34" CONTENT="Lord" WC="0.75" CC="1611"/>
						<SP ID="P6_SP00173" HPOS="417" VPOS="1335" WIDTH="15"/>
						<String ID="word000179" HPOS="432" VPOS="1299" WIDTH="216" HEIGHT="43" CONTENT="I3eathfiel4" WC="0.45" CC="88333555563"/>
						<SP ID="P6_SP00174" HPOS="648" VPOS="1342" WIDTH="0"/>
					</TextLine>
					<TextLine ID="P6_TL00024" HPOS="315" VPOS="1346" WIDTH="299" HEIGHT="43">
						<String ID="word000180" HPOS="315" VPOS="1346" WIDTH="162" HEIGHT="39" CONTENT="fleoeral" WC="0.46" CC="87375333"/>
						<SP ID="P6_SP00175" HPOS="477" VPOS="1385" WIDTH="20"/>
						<String ID="word000181" HPOS="497" VPOS="1348" WIDTH="117" HEIGHT="41" CONTENT="Craig" WC="0.69" CC="01436"/>
						<SP ID="P6_SP00176" HPOS="614" VPOS="1389" WIDTH="0"/>
					</TextLine>
					<TextLine ID="P6_TL00025" HPOS="315" VPOS="1395" WIDTH="426" HEIGHT="44">
						<String ID="word000182" HPOS="315" VPOS="1395" WIDTH="96" HEIGHT="44" CONTENT="(icu." WC="0.38" CC="77833"/>
						<SP ID="P6_SP00177" HPOS="411" VPOS="1439" WIDTH="17"/>
						<String ID="word000183" HPOS="428" VPOS="1395" WIDTH="61" HEIGHT="43" CONTENT="Sir" WC="0.96" CC="010"/>
						<SP ID="P6_SP00178" HPOS="489" VPOS="1439" WIDTH="22"/>
						<String ID="word000184" HPOS="511" VPOS="1396" WIDTH="46" HEIGHT="35" CONTENT="U." WC="0.89" CC="11"/>
						<SP ID="P6_SP00179" HPOS="557" VPOS="1439" WIDTH="19"/>
						<String ID="word000185" HPOS="576" VPOS="1395" WIDTH="164" HEIGHT="41" CONTENT="Puncia:," WC="0.28" CC="58588666"/>
						<SP ID="P6_SP00180" HPOS="741" VPOS="1439" WIDTH="0"/>
					</TextLine>
				</TextBlock>
				<TextBlock ID="pa0006004" HPOS="1304" VPOS="1104" WIDTH="305" HEIGHT="93" STYLEREFS="TXT_2 PAR_LEFT">
					<TextLine ID="P6_TL00026" HPOS="1350" VPOS="1106" WIDTH="250" HEIGHT="44">
						<String ID="word000186" HPOS="1350" VPOS="1106" WIDTH="250" HEIGHT="44" CONTENT="Disapprove," WC="0.70" CC="61522322601"/>
						<SP ID="P6_SP00181" HPOS="1600" VPOS="1149" WIDTH="0"/>
					</TextLine>
					<TextLine ID="P6_TL00027" HPOS="1306" VPOS="1152" WIDTH="303" HEIGHT="45">
						<String ID="word000187" HPOS="1306" VPOS="1152" WIDTH="89" HEIGHT="44" CONTENT="E4rl" WC="0.30" CC="5758" STYLEREFS="TXT_0"/>
						<SP ID="P6_SP00182" HPOS="1395" VPOS="1195" WIDTH="14"/>
						<String ID="word000188" HPOS="1409" VPOS="1152" WIDTH="45" HEIGHT="41" CONTENT="of" WC="0.61" CC="52" STYLEREFS="TXT_0"/>
						<SP ID="P6_SP00183" HPOS="1454" VPOS="1195" WIDTH="11"/>
						<String ID="word000189" HPOS="1465" VPOS="1153" WIDTH="144" HEIGHT="44" CONTENT="Ilioirits" WC="0.22" CC="887583888" STYLEREFS="TXT_1"/>
						<SP ID="P6_SP00184" HPOS="1609" VPOS="1196" WIDTH="0"/>
					</TextLine>
				</TextBlock>
				<TextBlock ID="pa0006005" HPOS="836" VPOS="1106" WIDTH="829" HEIGHT="828" STYLEREFS="TXT_0 PAR_BLOCK">
					<Shape>
						<Polygon POINTS="836,1933 836,1106 1253,1106 1253,1496 1609,1496 1609,1543 1649,1543 1649,1917 1665,1917 1665,1933"/>
					</Shape>
					<TextLine ID="P6_TL00028" HPOS="839" VPOS="1107" WIDTH="410" HEIGHT="45">
						<String ID="word000190" HPOS="839" VPOS="1108" WIDTH="64" HEIGHT="38" CONTENT="Do" WC="0.56" CC="62"/>
						<SP ID="P6_SP00185" HPOS="902" VPOS="1146" WIDTH="20"/>
						<String ID="word000191" HPOS="922" VPOS="1117" WIDTH="86" HEIGHT="34" CONTENT="you," WC="0.72" CC="3331"/>
						<SP ID="P6_SP00186" HPOS="1009" VPOS="1152" WIDTH="28"/>
						<String ID="word000192" HPOS="1037" VPOS="1119" WIDTH="43" HEIGHT="24" CONTENT="or" WC="0.39" CC="65"/>
						<SP ID="P6_SP00187" HPOS="1080" VPOS="1152" WIDTH="24"/>
						<String ID="word000193" HPOS="1103" VPOS="1107" WIDTH="48" HEIGHT="39" CONTENT="do" WC="0.61" CC="52"/>
						<SP ID="P6_SP00188" HPOS="1152" VPOS="1152" WIDTH="24"/>
						<String ID="word000194" HPOS="1175" VPOS="1117" WIDTH="73" HEIGHT="33" CONTENT="you" WC="0.56" CC="444"/>
						<SP ID="P6_SP00189" HPOS="1248" VPOS="1152" WIDTH="0"/>
					</TextLine>
					<TextLine ID="P6_TL00029" HPOS="883" VPOS="1155" WIDTH="369" HEIGHT="47">
						<String ID="word000195" HPOS="883" VPOS="1161" WIDTH="66" HEIGHT="30" CONTENT="not" WC="0.85" CC="220"/>
						<SP ID="P6_SP00190" HPOS="950" VPOS="1191" WIDTH="11"/>
						<String ID="word000196" HPOS="960" VPOS="1165" WIDTH="170" HEIGHT="37" CONTENT="approve" WC="0.82" CC="0011045"/>
						<SP ID="P6_SP00191" HPOS="1130" VPOS="1201" WIDTH="9"/>
						<String ID="word000197" HPOS="1140" VPOS="1155" WIDTH="45" HEIGHT="34" CONTENT="of" WC="0.94" CC="10"/>
						<SP ID="P6_SP00192" HPOS="1185" VPOS="1201" WIDTH="6"/>
						<String ID="word000198" HPOS="1191" VPOS="1156" WIDTH="61" HEIGHT="35" CONTENT="the" WC="1.00" CC="000"/>
						<SP ID="P6_SP00193" HPOS="1252" VPOS="1201" WIDTH="0"/>
					</TextLine>
					<TextLine ID="P6_TL00030" HPOS="887" VPOS="1204" WIDTH="364" HEIGHT="37">
						<String ID="word000199" HPOS="887" VPOS="1204" WIDTH="201" HEIGHT="34" CONTENT="Armistice" WC="0.67" CC="257111055"/>
						<SP ID="P6_SP00194" HPOS="1088" VPOS="1238" WIDTH="18"/>
						<String ID="word000200" HPOS="1106" VPOS="1213" WIDTH="40" HEIGHT="27" CONTENT="as" WC="1.00" CC="00"/>
						<SP ID="P6_SP00195" HPOS="1146" VPOS="1240" WIDTH="20"/>
						<String ID="word000201" HPOS="1166" VPOS="1213" WIDTH="64" HEIGHT="24" CONTENT="con" SUBS_TYPE="HypPart1" SUBS_CONTENT="concluded" WC="0.64" CC="073"/>
						<HYP HPOS="1230" VPOS="1213" WIDTH="21" CONTENT="-"/>
					</TextLine>
					<TextLine ID="P6_TL00031" HPOS="889" VPOS="1250" WIDTH="361" HEIGHT="40">
						<String ID="word000202" HPOS="889" VPOS="1250" WIDTH="131" HEIGHT="37" CONTENT="cluded" SUBS_TYPE="HypPart2" SUBS_CONTENT="concluded" WC="0.70" CC="546010"/>
						<SP ID="P6_SP00196" HPOS="1020" VPOS="1286" WIDTH="13"/>
						<String ID="word000203" HPOS="1033" VPOS="1261" WIDTH="47" HEIGHT="25" CONTENT="on" WC="0.89" CC="11"/>
						<SP ID="P6_SP00197" HPOS="1081" VPOS="1286" WIDTH="19"/>
						<String ID="word000204" HPOS="1100" VPOS="1251" WIDTH="64" HEIGHT="39" CONTENT="the" WC="0.44" CC="627"/>
						<SP ID="P6_SP00198" HPOS="1163" VPOS="1290" WIDTH="15"/>
						<String ID="word000205" HPOS="1179" VPOS="1251" WIDTH="71" HEIGHT="35" CONTENT="22d" WC="0.81" CC="221"/>
						<SP ID="P6_SP00199" HPOS="1250" VPOS="1290" WIDTH="0"/>
					</TextLine>
					<TextLine ID="P6_TL00032" HPOS="888" VPOS="1299" WIDTH="364" HEIGHT="42">
						<String ID="word000206" HPOS="888" VPOS="1299" WIDTH="46" HEIGHT="35" CONTENT="of" WC="0.94" CC="10"/>
						<SP ID="P6_SP00200" HPOS="934" VPOS="1335" WIDTH="13"/>
						<String ID="word000207" HPOS="947" VPOS="1300" WIDTH="138" HEIGHT="40" CONTENT="August" WC="0.87" CC="103120"/>
						<SP ID="P6_SP00201" HPOS="1085" VPOS="1341" WIDTH="13"/>
						<String ID="word000208" HPOS="1098" VPOS="1299" WIDTH="19" HEIGHT="34" CONTENT="it" WC="0.11" CC="88"/>
						<String ID="word000209" HPOS="1117" VPOS="1299" WIDTH="11" HEIGHT="34" CONTENT="." STYLE="superscript" WC="0.11" CC="8"/>
						<String ID="word000210" HPOS="1129" VPOS="1299" WIDTH="78" HEIGHT="40" CONTENT="-.:(1S," WC="0.21" CC="8888855"/>
						<SP ID="P6_SP00202" HPOS="1207" VPOS="1341" WIDTH="9"/>
						<String ID="word000211" HPOS="1217" VPOS="1299" WIDTH="35" HEIGHT="34" CONTENT="in" WC="0.78" CC="04"/>
						<SP ID="P6_SP00203" HPOS="1252" VPOS="1341" WIDTH="0"/>
					</TextLine>
					<TextLine ID="P6_TL00033" HPOS="888" VPOS="1346" WIDTH="366" HEIGHT="40">
						<String ID="word000212" HPOS="888" VPOS="1346" WIDTH="65" HEIGHT="34" CONTENT="the" WC="1.00" CC="000"/>
						<SP ID="P6_SP00204" HPOS="953" VPOS="1381" WIDTH="13"/>
						<String ID="word000213" HPOS="966" VPOS="1346" WIDTH="156" HEIGHT="37" CONTENT="relative" WC="0.74" CC="04411135"/>
						<SP ID="P6_SP00205" HPOS="1122" VPOS="1383" WIDTH="17"/>
						<String ID="word000214" HPOS="1139" VPOS="1346" WIDTH="97" HEIGHT="40" CONTENT="situa" SUBS_TYPE="HypPart1" SUBS_CONTENT="situation" WC="0.65" CC="31363"/>
						<HYP HPOS="1235" VPOS="1346" WIDTH="19" CONTENT="-"/>
					</TextLine>
					<TextLine ID="P6_TL00034" HPOS="886" VPOS="1394" WIDTH="366" HEIGHT="44">
						<String ID="word000215" HPOS="886" VPOS="1396" WIDTH="83" HEIGHT="34" CONTENT="tion" SUBS_TYPE="HypPart2" SUBS_CONTENT="situation" WC="0.83" CC="0123"/>
						<SP ID="P6_SP00206" HPOS="969" VPOS="1430" WIDTH="13"/>
						<String ID="word000216" HPOS="981" VPOS="1394" WIDTH="41" HEIGHT="35" CONTENT="of" WC="0.89" CC="20"/>
						<SP ID="P6_SP00207" HPOS="1023" VPOS="1430" WIDTH="7"/>
						<String ID="word000217" HPOS="1030" VPOS="1394" WIDTH="63" HEIGHT="44" CONTENT="tho" WC="0.26" CC="578"/>
						<SP ID="P6_SP00208" HPOS="1093" VPOS="1437" WIDTH="11"/>
						<String ID="word000218" HPOS="1103" VPOS="1401" WIDTH="77" HEIGHT="31" CONTENT="two" WC="0.89" CC="021"/>
						<SP ID="P6_SP00209" HPOS="1180" VPOS="1437" WIDTH="12"/>
						<String ID="word000219" HPOS="1192" VPOS="1404" WIDTH="40" HEIGHT="31" CONTENT="ar" SUBS_TYPE="HypPart1" SUBS_CONTENT="armies" WC="0.48" CC="65"/>
						<HYP HPOS="1232" VPOS="1404" WIDTH="20" CONTENT="-"/>
					</TextLine>
					<TextLine ID="P6_TL00035" HPOS="889" VPOS="1443" WIDTH="92" HEIGHT="43">
						<String ID="word000220" HPOS="889" VPOS="1443" WIDTH="92" HEIGHT="43" CONTENT="mies" SUBS_TYPE="HypPart2" SUBS_CONTENT="armies" WC="0.64" CC="6124"/>
						<SP ID="P6_SP00210" HPOS="981" VPOS="1486" WIDTH="0"/>
					</TextLine>
					<TextLine ID="P6_TL00036" HPOS="842" VPOS="1498" WIDTH="768" HEIGHT="48">
						<String ID="word000221" HPOS="842" VPOS="1498" WIDTH="21" HEIGHT="48" CONTENT="D" WC="0.50" CC="1"/>
						<SP ID="P6_SP00211" HPOS="863" VPOS="1546" WIDTH="21"/>
						<String ID="word000222" HPOS="885" VPOS="1498" WIDTH="22" HEIGHT="48" CONTENT="4" WC="1.00" CC="0"/>
						<SP ID="P6_SP00212" HPOS="907" VPOS="1546" WIDTH="21"/>
						<String ID="word000223" HPOS="928" VPOS="1498" WIDTH="86" HEIGHT="48" CONTENT="you," WC="0.50" CC="5283"/>
						<SP ID="P6_SP00213" HPOS="1015" VPOS="1546" WIDTH="26"/>
						<String ID="word000224" HPOS="1041" VPOS="1509" WIDTH="43" HEIGHT="22" CONTENT="or" WC="0.78" CC="13"/>
						<SP ID="P6_SP00214" HPOS="1083" VPOS="1546" WIDTH="28"/>
						<String ID="word000225" HPOS="1111" VPOS="1499" WIDTH="51" HEIGHT="35" CONTENT="do" WC="0.67" CC="24"/>
						<SP ID="P6_SP00215" HPOS="1162" VPOS="1546" WIDTH="18"/>
						<String ID="word000226" HPOS="1180" VPOS="1498" WIDTH="105" HEIGHT="47" CONTENT="voul" WC="0.19" CC="8858"/>
						<SP ID="P6_SP00216" HPOS="1285" VPOS="1546" WIDTH="70"/>
						<String ID="word000227" HPOS="1355" VPOS="1499" WIDTH="255" HEIGHT="47" CONTENT="Disapprove," WC="0.79" CC="15132011142" STYLEREFS="TXT_3"/>
						<SP ID="P6_SP00217" HPOS="1610" VPOS="1546" WIDTH="0"/>
					</TextLine>
					<TextLine ID="P6_TL00037" HPOS="889" VPOS="1545" WIDTH="761" HEIGHT="46">
						<String ID="word000228" HPOS="889" VPOS="1556" WIDTH="65" HEIGHT="33" CONTENT="not" WC="0.59" CC="461" STYLEREFS="TXT_3"/>
						<SP ID="P6_SP00218" HPOS="954" VPOS="1589" WIDTH="8"/>
						<String ID="word000229" HPOS="963" VPOS="1558" WIDTH="171" HEIGHT="33" CONTENT="approve" WC="0.95" CC="1000101"/>
						<SP ID="P6_SP00219" HPOS="1134" VPOS="1591" WIDTH="11"/>
						<String ID="word000230" HPOS="1144" VPOS="1545" WIDTH="44" HEIGHT="37" CONTENT="of" WC="0.94" CC="01"/>
						<SP ID="P6_SP00220" HPOS="1188" VPOS="1591" WIDTH="8"/>
						<String ID="word000231" HPOS="1196" VPOS="1548" WIDTH="59" HEIGHT="34" CONTENT="the" WC="0.52" CC="661" STYLEREFS="TXT_3"/>
						<SP ID="P6_SP00221" HPOS="1256" VPOS="1591" WIDTH="21"/>
						<String ID="word000232" HPOS="1277" VPOS="1551" WIDTH="7" HEIGHT="31" CONTENT="t" WC="0.67" CC="3" STYLEREFS="TXT_3"/>
						<SP ID="P6_SP00222" HPOS="1284" VPOS="1591" WIDTH="24"/>
						<String ID="word000233" HPOS="1307" VPOS="1546" WIDTH="180" HEIGHT="35" CONTENT="Lt.-nen." WC="0.69" CC="21176131"/>
						<SP ID="P6_SP00223" HPOS="1487" VPOS="1591" WIDTH="13"/>
						<String ID="word000234" HPOS="1500" VPOS="1547" WIDTH="150" HEIGHT="34" CONTENT="Nicol's" WC="0.78" CC="1031171"/>
						<SP ID="P6_SP00224" HPOS="1650" VPOS="1591" WIDTH="0"/>
					</TextLine>
					<TextLine ID="P6_TL00038" HPOS="892" VPOS="1594" WIDTH="749" HEIGHT="43">
						<String ID="word000235" HPOS="892" VPOS="1594" WIDTH="367" HEIGHT="43" CONTENT="Conveutionascon%" WC="0.53" CC="3843333335533558"/>
						<SP ID="P6_SP00225" HPOS="1259" VPOS="1637" WIDTH="51"/>
						<String ID="word000236" HPOS="1310" VPOS="1594" WIDTH="45" HEIGHT="39" CONTENT="E," WC="0.67" CC="33"/>
						<SP ID="P6_SP00226" HPOS="1355" VPOS="1637" WIDTH="13"/>
						<String ID="word000237" HPOS="1368" VPOS="1596" WIDTH="45" HEIGHT="33" CONTENT="of" WC="0.28" CC="85"/>
						<SP ID="P6_SP00227" HPOS="1413" VPOS="1637" WIDTH="13"/>
						<String ID="word000238" HPOS="1426" VPOS="1594" WIDTH="215" HEIGHT="43" CONTENT="Peatbrolie" WC="0.39" CC="3368538883"/>
						<SP ID="P6_SP00228" HPOS="1641" VPOS="1637" WIDTH="0"/>
					</TextLine>
					<TextLine ID="P6_TL00039" HPOS="891" VPOS="1643" WIDTH="725" HEIGHT="44">
						<String ID="word000239" HPOS="891" VPOS="1643" WIDTH="133" HEIGHT="41" CONTENT="chided" WC="0.69" CC="147311"/>
						<SP ID="P6_SP00229" HPOS="1024" VPOS="1684" WIDTH="35"/>
						<String ID="word000240" HPOS="1059" VPOS="1654" WIDTH="99" HEIGHT="33" CONTENT="upon" WC="0.97" CC="0001"/>
						<SP ID="P6_SP00230" HPOS="1159" VPOS="1687" WIDTH="35"/>
						<String ID="word000241" HPOS="1194" VPOS="1643" WIDTH="61" HEIGHT="40" CONTENT="the" WC="0.93" CC="110"/>
						<SP ID="P6_SP00231" HPOS="1256" VPOS="1687" WIDTH="56"/>
						<String ID="word000242" HPOS="1311" VPOS="1643" WIDTH="91" HEIGHT="43" CONTENT="ltiarl" WC="0.61" CC="222537"/>
						<SP ID="P6_SP00232" HPOS="1402" VPOS="1687" WIDTH="14"/>
						<String ID="word000243" HPOS="1416" VPOS="1643" WIDTH="45" HEIGHT="39" CONTENT="of" WC="0.50" CC="54"/>
						<SP ID="P6_SP00233" HPOS="1461" VPOS="1687" WIDTH="9"/>
						<String ID="word000244" HPOS="1470" VPOS="1643" WIDTH="145" HEIGHT="41" CONTENT="Maim," WC="0.40" CC="46773"/>
						<SP ID="P6_SP00234" HPOS="1616" VPOS="1687" WIDTH="0"/>
					</TextLine>
					<TextLine ID="P6_TL00040" HPOS="889" VPOS="1690" WIDTH="367" HEIGHT="44">
						<String ID="word000245" HPOS="889" VPOS="1693" WIDTH="83" HEIGHT="34" CONTENT="31st" WC="0.81" CC="1321"/>
						<SP ID="P6_SP00235" HPOS="972" VPOS="1727" WIDTH="11"/>
						<String ID="word000246" HPOS="983" VPOS="1691" WIDTH="44" HEIGHT="40" CONTENT="of" WC="0.94" CC="10"/>
						<SP ID="P6_SP00236" HPOS="1026" VPOS="1731" WIDTH="7"/>
						<String ID="word000247" HPOS="1033" VPOS="1690" WIDTH="97" HEIGHT="44" CONTENT="Aug." WC="0.97" CC="0010"/>
						<SP ID="P6_SP00237" HPOS="1130" VPOS="1734" WIDTH="21"/>
						<String ID="word000248" HPOS="1152" VPOS="1690" WIDTH="69" HEIGHT="43" CONTENT="180." WC="0.26" CC="6887"/>
						<SP ID="P6_SP00238" HPOS="1220" VPOS="1734" WIDTH="0"/>
						<String ID="word000249" HPOS="1220" VPOS="1690" WIDTH="35" HEIGHT="43" CONTENT="i," WC="0.26" CC="30"/>
						<SP ID="P6_SP00239" HPOS="1256" VPOS="1734" WIDTH="0"/>
					</TextLine>
					<TextLine ID="P6_TL00041" HPOS="892" VPOS="1737" WIDTH="364" HEIGHT="39">
						<String ID="word000250" HPOS="892" VPOS="1739" WIDTH="39" HEIGHT="37" CONTENT="in" WC="0.83" CC="21"/>
						<SP ID="P6_SP00240" HPOS="931" VPOS="1775" WIDTH="19"/>
						<String ID="word000251" HPOS="950" VPOS="1737" WIDTH="64" HEIGHT="38" CONTENT="the" WC="0.93" CC="101"/>
						<SP ID="P6_SP00241" HPOS="1013" VPOS="1775" WIDTH="19"/>
						<String ID="word000252" HPOS="1032" VPOS="1739" WIDTH="159" HEIGHT="35" CONTENT="relntive" WC="0.54" CC="34353348"/>
						<SP ID="P6_SP00242" HPOS="1192" VPOS="1775" WIDTH="17"/>
						<String ID="word000253" HPOS="1208" VPOS="1740" WIDTH="32" HEIGHT="35" CONTENT="si" SUBS_TYPE="HypPart1" SUBS_CONTENT="situation" WC="0.67" CC="41"/>
						<HYP HPOS="1240" VPOS="1740" WIDTH="15" CONTENT="-"/>
					</TextLine>
					<TextLine ID="P6_TL00042" HPOS="891" VPOS="1786" WIDTH="396" HEIGHT="39">
						<String ID="word000254" HPOS="891" VPOS="1787" WIDTH="149" HEIGHT="37" CONTENT="tuation" SUBS_TYPE="HypPart2" SUBS_CONTENT="situation" WC="0.68" CC="5510153"/>
						<SP ID="P6_SP00243" HPOS="1039" VPOS="1824" WIDTH="12"/>
						<String ID="word000255" HPOS="1051" VPOS="1786" WIDTH="45" HEIGHT="33" CONTENT="of" WC="0.78" CC="31"/>
						<SP ID="P6_SP00244" HPOS="1096" VPOS="1824" WIDTH="8"/>
						<String ID="word000256" HPOS="1104" VPOS="1787" WIDTH="61" HEIGHT="35" CONTENT="the" WC="0.96" CC="001"/>
						<SP ID="P6_SP00245" HPOS="1166" VPOS="1824" WIDTH="13"/>
						<String ID="word000257" HPOS="1179" VPOS="1793" WIDTH="77" HEIGHT="32" CONTENT="two" WC="0.44" CC="177"/>
						<SP ID="P6_SP00246" HPOS="1256" VPOS="1825" WIDTH="24"/>
						<String ID="word000258" HPOS="1279" VPOS="1786" WIDTH="7" HEIGHT="38" CONTENT="I" WC="0.67" CC="3"/>
						<SP ID="P6_SP00247" HPOS="1286" VPOS="1825" WIDTH="0"/>
					</TextLine>
					<TextLine ID="P6_TL00043" HPOS="901" VPOS="1834" WIDTH="136" HEIGHT="44">
						<String ID="word000259" HPOS="901" VPOS="1834" WIDTH="136" HEIGHT="44" CONTENT="armies" WC="0.78" CC="403302"/>
						<SP ID="P6_SP00248" HPOS="1037" VPOS="1878" WIDTH="0"/>
					</TextLine>
					<TextLine ID="P6_TL00044" HPOS="965" VPOS="1890" WIDTH="700" HEIGHT="44">
						<String ID="word000260" HPOS="965" VPOS="1890" WIDTH="184" HEIGHT="44" CONTENT="DAVID" WC="0.82" CC="10331"/>
						<SP ID="P6_SP00249" HPOS="1149" VPOS="1933" WIDTH="30"/>
						<String ID="word000261" HPOS="1179" VPOS="1890" WIDTH="246" HEIGHT="44" CONTENT="DUNPAS," WC="0.62" CC="3335334"/>
						<SP ID="P6_SP00250" HPOS="1424" VPOS="1933" WIDTH="30"/>
						<String ID="word000262" HPOS="1454" VPOS="1892" WIDTH="211" HEIGHT="39" CONTENT="President." WC="0.90" CC="1011112110"/>
						<SP ID="P6_SP00251" HPOS="1665" VPOS="1933" WIDTH="0"/>
					</TextLine>
				</TextBlock>
				<TextBlock ID="pa0006006" HPOS="318" VPOS="1498" WIDTH="471" HEIGHT="244" STYLEREFS="TXT_0 PAR_LEFT">
					<TextLine ID="P6_TL00045" HPOS="464" VPOS="1500" WIDTH="187" HEIGHT="46">
						<String ID="word000263" HPOS="464" VPOS="1500" WIDTH="187" HEIGHT="46" CONTENT="dpprove." WC="0.47" CC="83333846" STYLEREFS="TXT_3"/>
						<SP ID="P6_SP00252" HPOS="651" VPOS="1546" WIDTH="0"/>
					</TextLine>
					<TextLine ID="P6_TL00046" HPOS="320" VPOS="1547" WIDTH="469" HEIGHT="45">
						<String ID="word000264" HPOS="320" VPOS="1547" WIDTH="176" HEIGHT="45" CONTENT="tt,-Gen." WC="0.57" CC="60664333"/>
						<SP ID="P6_SP00253" HPOS="496" VPOS="1592" WIDTH="19"/>
						<String ID="word000265" HPOS="515" VPOS="1548" WIDTH="56" HEIGHT="33" CONTENT="sir" WC="0.78" CC="411" STYLEREFS="TXT_1"/>
						<SP ID="P6_SP00254" HPOS="570" VPOS="1592" WIDTH="13"/>
						<String ID="word000266" HPOS="583" VPOS="1548" WIDTH="46" HEIGHT="35" CONTENT="(1,." WC="0.28" CC="5858" STYLEREFS="TXT_1"/>
						<SP ID="P6_SP00255" HPOS="630" VPOS="1592" WIDTH="18"/>
						<String ID="word000267" HPOS="647" VPOS="1547" WIDTH="142" HEIGHT="43" CONTENT="Nagent" WC="0.42" CC="486733"/>
						<SP ID="P6_SP00256" HPOS="789" VPOS="1592" WIDTH="0"/>
					</TextLine>
					<TextLine ID="P6_TL00047" HPOS="320" VPOS="1594" WIDTH="449" HEIGHT="43">
						<String ID="word000268" HPOS="320" VPOS="1594" WIDTH="94" HEIGHT="39" CONTENT="Gen." WC="0.89" CC="0130"/>
						<SP ID="P6_SP00257" HPOS="415" VPOS="1633" WIDTH="25"/>
						<String ID="word000269" HPOS="439" VPOS="1596" WIDTH="93" HEIGHT="38" CONTENT="Lord" WC="0.67" CC="2640"/>
						<SP ID="P6_SP00258" HPOS="533" VPOS="1633" WIDTH="20"/>
						<String ID="word000270" HPOS="553" VPOS="1594" WIDTH="216" HEIGHT="43" CONTENT="Heathfield" WC="0.40" CC="8353533888"/>
						<SP ID="P6_SP00259" HPOS="769" VPOS="1637" WIDTH="0"/>
					</TextLine>
					<TextLine ID="P6_TL00048" HPOS="321" VPOS="1643" WIDTH="294" HEIGHT="40">
						<String ID="word000271" HPOS="321" VPOS="1643" WIDTH="159" HEIGHT="37" CONTENT="Ceneral" WC="0.56" CC="8333335"/>
						<SP ID="P6_SP00260" HPOS="481" VPOS="1680" WIDTH="24"/>
						<String ID="word000272" HPOS="504" VPOS="1643" WIDTH="111" HEIGHT="40" CONTENT="Craig" WC="0.84" CC="00115"/>
						<SP ID="P6_SP00261" HPOS="615" VPOS="1683" WIDTH="0"/>
					</TextLine>
					<TextLine ID="P6_TL00049" HPOS="320" VPOS="1689" WIDTH="410" HEIGHT="51">
						<String ID="word000273" HPOS="320" VPOS="1689" WIDTH="96" HEIGHT="47" CONTENT="CiPP•" WC="0.20" CC="78867"/>
						<SP ID="P6_SP00262" HPOS="416" VPOS="1736" WIDTH="18"/>
						<String ID="word000274" HPOS="433" VPOS="1691" WIDTH="59" HEIGHT="48" CONTENT="$4" WC="0.28" CC="67"/>
						<SP ID="P6_SP00263" HPOS="493" VPOS="1740" WIDTH="20"/>
						<String ID="word000275" HPOS="513" VPOS="1690" WIDTH="48" HEIGHT="45" CONTENT="0," WC="0.28" CC="85"/>
						<SP ID="P6_SP00264" HPOS="561" VPOS="1740" WIDTH="17"/>
						<String ID="word000276" HPOS="578" VPOS="1690" WIDTH="152" HEIGHT="45" CONTENT="DtPl445" WC="0.21" CC="5777888"/>
						<SP ID="P6_SP00265" HPOS="730" VPOS="1740" WIDTH="0"/>
					</TextLine>
				</TextBlock>
				<TextBlock ID="pa0006007" HPOS="635" VPOS="1887" WIDTH="178" HEIGHT="52" STYLEREFS="TXT_1 PAR_LEFT">
					<TextLine ID="P6_TL00050" HPOS="637" VPOS="1890" WIDTH="176" HEIGHT="48">
						<String ID="word000277" HPOS="637" VPOS="1890" WIDTH="176" HEIGHT="48" CONTENT="(Sipe])" WC="0.62" CC="1046472"/>
						<SP ID="P6_SP00266" HPOS="813" VPOS="1938" WIDTH="0"/>
					</TextLine>
				</TextBlock>
				<TextBlock ID="pa0006008" HPOS="312" VPOS="1944" WIDTH="1357" HEIGHT="447" STYLEREFS="TXT_1 PAR_LEFT">
					<TextLine ID="P6_TL00051" HPOS="369" VPOS="1954" WIDTH="1298" HEIGHT="46">
						<String ID="word000278" HPOS="369" VPOS="1955" WIDTH="71" HEIGHT="45" CONTENT="My" WC="0.89" CC="20"/>
						<SP ID="P6_SP00267" HPOS="439" VPOS="2000" WIDTH="14"/>
						<String ID="word000279" HPOS="454" VPOS="1965" WIDTH="126" HEIGHT="30" CONTENT="reasqn" WC="0.50" CC="353367"/>
						<SP ID="P6_SP00268" HPOS="580" VPOS="2000" WIDTH="18"/>
						<String ID="word000280" HPOS="598" VPOS="1954" WIDTH="61" HEIGHT="45" CONTENT="for" WC="0.89" CC="111"/>
						<SP ID="P6_SP00269" HPOS="659" VPOS="2000" WIDTH="28"/>
						<String ID="word000281" HPOS="687" VPOS="1954" WIDTH="236" HEIGHT="40" CONTENT="considering" WC="0.75" CC="11635113211"/>
						<SP ID="P6_SP00270" HPOS="924" VPOS="2000" WIDTH="31"/>
						<String ID="word000282" HPOS="954" VPOS="1954" WIDTH="60" HEIGHT="32" CONTENT="the" WC="0.74" CC="124"/>
						<SP ID="P6_SP00271" HPOS="1015" VPOS="2000" WIDTH="21"/>
						<String ID="word000283" HPOS="1036" VPOS="1954" WIDTH="201" HEIGHT="40" CONTENT="Armistice" WC="0.75" CC="643001051"/>
						<SP ID="P6_SP00272" HPOS="1237" VPOS="2000" WIDTH="19"/>
						<String ID="word000284" HPOS="1256" VPOS="1963" WIDTH="41" HEIGHT="25" CONTENT="aq" WC="0.33" CC="48"/>
						<SP ID="P6_SP00273" HPOS="1297" VPOS="2000" WIDTH="24"/>
						<String ID="word000285" HPOS="1320" VPOS="1954" WIDTH="196" HEIGHT="37" CONTENT="adviiable" WC="0.49" CC="543376373"/>
						<SP ID="P6_SP00274" HPOS="1517" VPOS="2000" WIDTH="19"/>
						<String ID="word000286" HPOS="1535" VPOS="1967" WIDTH="48" HEIGHT="26" CONTENT="on" WC="0.61" CC="16"/>
						<SP ID="P6_SP00275" HPOS="1584" VPOS="2000" WIDTH="19"/>
						<String ID="word000287" HPOS="1603" VPOS="1954" WIDTH="64" HEIGHT="34" CONTENT="the" WC="1.00" CC="000" STYLEREFS="TXT_2"/>
						<SP ID="P6_SP00276" HPOS="1667" VPOS="2000" WIDTH="0"/>
					</TextLine>
					<TextLine ID="P6_TL00052" HPOS="317" VPOS="2000" WIDTH="1351" HEIGHT="52">
						<String ID="word000288" HPOS="317" VPOS="2003" WIDTH="73" HEIGHT="48" CONTENT="Ira" WC="0.33" CC="675"/>
						<SP ID="P6_SP00277" HPOS="390" VPOS="2052" WIDTH="26"/>
						<String ID="word000289" HPOS="416" VPOS="2004" WIDTH="46" HEIGHT="34" CONTENT="of" WC="0.94" CC="01"/>
						<SP ID="P6_SP00278" HPOS="462" VPOS="2052" WIDTH="18"/>
						<String ID="word000290" HPOS="480" VPOS="2004" WIDTH="138" HEIGHT="44" CONTENT="August" WC="0.89" CC="311100"/>
						<SP ID="P6_SP00279" HPOS="618" VPOS="2052" WIDTH="18"/>
						<String ID="word000291" HPOS="635" VPOS="2013" WIDTH="110" HEIGHT="32" CONTENT="was.," WC="0.60" CC="01566"/>
						<SP ID="P6_SP00280" HPOS="745" VPOS="2052" WIDTH="14"/>
						<String ID="word000292" HPOS="759" VPOS="2003" WIDTH="157" HEIGHT="38" CONTENT="becauin" WC="0.44" CC="5333687"/>
						<SP ID="P6_SP00281" HPOS="917" VPOS="2052" WIDTH="30"/>
						<String ID="word000293" HPOS="946" VPOS="2001" WIDTH="60" HEIGHT="43" CONTENT="the" WC="0.44" CC="717" STYLEREFS="TXT_4"/>
						<SP ID="P6_SP00282" HPOS="1006" VPOS="2052" WIDTH="17"/>
						<String ID="word000294" HPOS="1023" VPOS="2010" WIDTH="128" HEIGHT="35" CONTENT="enemy" WC="0.51" CC="35563"/>
						<SP ID="P6_SP00283" HPOS="1150" VPOS="2052" WIDTH="24"/>
						<String ID="word000295" HPOS="1174" VPOS="2000" WIDTH="71" HEIGHT="38" CONTENT="had" WC="0.78" CC="330"/>
						<SP ID="P6_SP00284" HPOS="1245" VPOS="2052" WIDTH="18"/>
						<String ID="word000296" HPOS="1263" VPOS="2002" WIDTH="107" HEIGHT="43" CONTENT="peen'" WC="0.67" CC="71115" STYLEREFS="TXT_4"/>
						<SP ID="P6_SP00285" HPOS="1370" VPOS="2052" WIDTH="12"/>
						<String ID="word000297" HPOS="1382" VPOS="2003" WIDTH="86" HEIGHT="34" CONTENT="able" WC="0.83" CC="1140"/>
						<SP ID="P6_SP00286" HPOS="1468" VPOS="2052" WIDTH="20"/>
						<String ID="word000298" HPOS="1488" VPOS="2009" WIDTH="35" HEIGHT="27" CONTENT="to" WC="0.94" CC="10"/>
						<SP ID="P6_SP00287" HPOS="1524" VPOS="2052" WIDTH="27"/>
						<String ID="word000299" HPOS="1551" VPOS="2003" WIDTH="117" HEIGHT="34" CONTENT="retire" WC="0.80" CC="033005"/>
						<SP ID="P6_SP00288" HPOS="1668" VPOS="2052" WIDTH="0"/>
					</TextLine>
					<TextLine ID="P6_TL00053" HPOS="318" VPOS="2048" WIDTH="1346" HEIGHT="51">
						<String ID="word000300" HPOS="318" VPOS="2052" WIDTH="69" HEIGHT="46" CONTENT="!N" WC="0.33" CC="65"/>
						<String ID="word000301" HPOS="386" VPOS="2052" WIDTH="34" HEIGHT="46" CONTENT="T" STYLE="subscript" WC="0.33" CC="7"/>
						<SP ID="P6_SP00289" HPOS="420" VPOS="2098" WIDTH="20"/>
						<String ID="word000302" HPOS="441" VPOS="2052" WIDTH="64" HEIGHT="45" CONTENT="Op" WC="0.56" CC="62"/>
						<SP ID="P6_SP00290" HPOS="504" VPOS="2098" WIDTH="9"/>
						<String ID="word000303" HPOS="514" VPOS="2052" WIDTH="117" HEIGHT="43" CONTENT="battle" WC="0.69" CC="334160"/>
						<SP ID="P6_SP00291" HPOS="631" VPOS="2098" WIDTH="17"/>
						<String ID="word000304" HPOS="647" VPOS="2049" WIDTH="48" HEIGHT="44" CONTENT="pf" WC="0.78" CC="13"/>
						<SP ID="P6_SP00292" HPOS="696" VPOS="2098" WIDTH="11"/>
						<String ID="word000305" HPOS="706" VPOS="2055" WIDTH="66" HEIGHT="44" CONTENT="Ie" WC="0.28" CC="76"/>
						<SP ID="P6_SP00293" HPOS="772" VPOS="2099" WIDTH="15"/>
						<String ID="word000306" HPOS="788" VPOS="2050" WIDTH="98" HEIGHT="41" CONTENT="21st," WC="0.71" CC="33322"/>
						<SP ID="P6_SP00294" HPOS="886" VPOS="2099" WIDTH="26"/>
						<String ID="word000307" HPOS="912" VPOS="2049" WIDTH="73" HEIGHT="38" CONTENT="4114" WC="0.30" CC="6775"/>
						<SP ID="P6_SP00295" HPOS="985" VPOS="2099" WIDTH="14"/>
						<String ID="word000308" HPOS="999" VPOS="2048" WIDTH="86" HEIGHT="37" CONTENT="take" WC="0.97" CC="0001"/>
						<SP ID="P6_SP00296" HPOS="1085" VPOS="2099" WIDTH="13"/>
						<String ID="word000309" HPOS="1098" VPOS="2059" WIDTH="27" HEIGHT="30" CONTENT="4" WC="0.33" CC="6"/>
						<SP ID="P6_SP00297" HPOS="1126" VPOS="2099" WIDTH="13"/>
						<String ID="word000310" HPOS="1139" VPOS="2055" WIDTH="129" HEIGHT="38" CONTENT="strong" WC="0.93" CC="400000"/>
						<SP ID="P6_SP00298" HPOS="1267" VPOS="2099" WIDTH="14"/>
						<String ID="word000311" HPOS="1281" VPOS="2050" WIDTH="189" HEIGHT="38" CONTENT="defenskte" WC="0.42" CC="333585785"/>
						<SP ID="P6_SP00299" HPOS="1470" VPOS="2099" WIDTH="15"/>
						<String ID="word000312" HPOS="1486" VPOS="2052" WIDTH="178" HEIGHT="43" CONTENT="position." WC="0.90" CC="200130110"/>
						<SP ID="P6_SP00300" HPOS="1664" VPOS="2099" WIDTH="0"/>
					</TextLine>
					<TextLine ID="P6_TL00054" HPOS="1259" VPOS="2096" WIDTH="356" HEIGHT="43">
						<String ID="word000313" HPOS="1259" VPOS="2096" WIDTH="211" HEIGHT="43" CONTENT="Nst:Ota.s," WC="0.40" CC="3888355833"/>
						<SP ID="P6_SP00301" HPOS="1470" VPOS="2139" WIDTH="33"/>
						<String ID="word000314" HPOS="1504" VPOS="2099" WIDTH="40" HEIGHT="34" CONTENT="L." WC="1.00" CC="00"/>
						<SP ID="P6_SP00302" HPOS="1544" VPOS="2139" WIDTH="24"/>
						<String ID="word000315" HPOS="1567" VPOS="2098" WIDTH="47" HEIGHT="37" CONTENT="G." WC="0.94" CC="01" STYLEREFS="TXT_2"/>
						<SP ID="P6_SP00303" HPOS="1615" VPOS="2139" WIDTH="0"/>
					</TextLine>
					<TextLine ID="P6_TL00055" HPOS="406" VPOS="2152" WIDTH="1262" HEIGHT="49">
						<String ID="word000316" HPOS="406" VPOS="2156" WIDTH="128" HEIGHT="40" CONTENT="think." WC="0.91" CC="011111"/>
						<SP ID="P6_SP00304" HPOS="534" VPOS="2196" WIDTH="17"/>
						<String ID="word000317" HPOS="550" VPOS="2153" WIDTH="230" HEIGHT="46" CONTENT="eonsideriog" WC="0.55" CC="33365335383"/>
						<SP ID="P6_SP00305" HPOS="781" VPOS="2199" WIDTH="25"/>
						<String ID="word000318" HPOS="806" VPOS="2153" WIDTH="64" HEIGHT="39" CONTENT="the" WC="0.70" CC="035"/>
						<SP ID="P6_SP00306" HPOS="869" VPOS="2199" WIDTH="19"/>
						<String ID="word000319" HPOS="888" VPOS="2157" WIDTH="107" HEIGHT="44" CONTENT="great" WC="0.98" CC="00001"/>
						<SP ID="P6_SP00307" HPOS="996" VPOS="2200" WIDTH="27"/>
						<String ID="word000320" HPOS="1023" VPOS="2152" WIDTH="165" HEIGHT="43" CONTENT="*cease" WC="0.56" CC="661155"/>
						<SP ID="P6_SP00308" HPOS="1188" VPOS="2200" WIDTH="21"/>
						<String ID="word000321" HPOS="1209" VPOS="2153" WIDTH="46" HEIGHT="35" CONTENT="of" WC="1.00" CC="00"/>
						<SP ID="P6_SP00309" HPOS="1256" VPOS="2200" WIDTH="20"/>
						<String ID="word000322" HPOS="1276" VPOS="2164" WIDTH="71" HEIGHT="25" CONTENT="our" WC="0.67" CC="252"/>
						<SP ID="P6_SP00310" HPOS="1346" VPOS="2200" WIDTH="20"/>
						<String ID="word000323" HPOS="1367" VPOS="2153" WIDTH="103" HEIGHT="35" CONTENT="farce" WC="0.78" CC="05041"/>
						<SP ID="P6_SP00311" HPOS="1469" VPOS="2200" WIDTH="17"/>
						<String ID="word000324" HPOS="1486" VPOS="2154" WIDTH="99" HEIGHT="34" CONTENT="from" WC="1.00" CC="0000"/>
						<SP ID="P6_SP00312" HPOS="1585" VPOS="2200" WIDTH="20"/>
						<String ID="word000325" HPOS="1605" VPOS="2156" WIDTH="63" HEIGHT="39" CONTENT="the" WC="0.81" CC="131"/>
						<SP ID="P6_SP00313" HPOS="1668" VPOS="2200" WIDTH="0"/>
					</TextLine>
					<TextLine ID="P6_TL00056" HPOS="313" VPOS="2200" WIDTH="1353" HEIGHT="49">
						<String ID="word000326" HPOS="313" VPOS="2202" WIDTH="83" HEIGHT="47" CONTENT="Oro" WC="0.63" CC="604"/>
						<SP ID="P6_SP00314" HPOS="396" VPOS="2249" WIDTH="15"/>
						<String ID="word000327" HPOS="411" VPOS="2204" WIDTH="211" HEIGHT="44" CONTENT="suspension" WC="0.62" CC="5561135116"/>
						<SP ID="P6_SP00315" HPOS="622" VPOS="2249" WIDTH="27"/>
						<String ID="word000328" HPOS="650" VPOS="2202" WIDTH="50" HEIGHT="35" CONTENT="of" WC="0.94" CC="10"/>
						<SP ID="P6_SP00316" HPOS="699" VPOS="2249" WIDTH="19"/>
						<String ID="word000329" HPOS="718" VPOS="2202" WIDTH="170" HEIGHT="45" CONTENT="hostility" WC="0.81" CC="315013101"/>
						<SP ID="P6_SP00317" HPOS="888" VPOS="2249" WIDTH="18"/>
						<String ID="word000330" HPOS="906" VPOS="2206" WIDTH="41" HEIGHT="28" CONTENT="to" WC="1.00" CC="00"/>
						<SP ID="P6_SP00318" HPOS="947" VPOS="2249" WIDTH="28"/>
						<String ID="word000331" HPOS="976" VPOS="2202" WIDTH="64" HEIGHT="32" CONTENT="the" WC="0.93" CC="011"/>
						<SP ID="P6_SP00319" HPOS="1039" VPOS="2249" WIDTH="22"/>
						<String ID="word000332" HPOS="1062" VPOS="2200" WIDTH="195" HEIGHT="35" CONTENT="definitive" WC="0.78" CC="1233211511"/>
						<SP ID="P6_SP00320" HPOS="1257" VPOS="2249" WIDTH="17"/>
						<String ID="word000333" HPOS="1273" VPOS="2202" WIDTH="144" HEIGHT="45" CONTENT="signing" WC="0.75" CC="5315101"/>
						<SP ID="P6_SP00321" HPOS="1417" VPOS="2249" WIDTH="15"/>
						<String ID="word000334" HPOS="1433" VPOS="2203" WIDTH="45" HEIGHT="35" CONTENT="of" WC="0.94" CC="10"/>
						<SP ID="P6_SP00322" HPOS="1478" VPOS="2249" WIDTH="13"/>
						<String ID="word000335" HPOS="1491" VPOS="2203" WIDTH="60" HEIGHT="34" CONTENT="the" WC="0.96" CC="001"/>
						<SP ID="P6_SP00323" HPOS="1551" VPOS="2249" WIDTH="18"/>
						<String ID="word000336" HPOS="1569" VPOS="2204" WIDTH="73" HEIGHT="35" CONTENT="Con" SUBS_TYPE="HypPart1" SUBS_CONTENT="Contrenti9o," WC="0.78" CC="003"/>
						<HYP HPOS="1642" VPOS="2204" WIDTH="24" CONTENT="-"/>
					</TextLine>
					<TextLine ID="P6_TL00057" HPOS="317" VPOS="2248" WIDTH="1349" HEIGHT="50">
						<String ID="word000337" HPOS="317" VPOS="2251" WIDTH="169" HEIGHT="46" CONTENT="trenti9o," SUBS_TYPE="HypPart2" SUBS_CONTENT="Contrenti9o," WC="0.40" CC="883337863"/>
						<SP ID="P6_SP00324" HPOS="485" VPOS="2297" WIDTH="30"/>
						<String ID="word000338" HPOS="515" VPOS="2249" WIDTH="116" HEIGHT="41" CONTENT="added" WC="0.91" CC="00400"/>
						<SP ID="P6_SP00325" HPOS="631" VPOS="2297" WIDTH="17"/>
						<String ID="word000339" HPOS="647" VPOS="2256" WIDTH="41" HEIGHT="38" CONTENT="tp" WC="0.50" CC="36"/>
						<SP ID="P6_SP00326" HPOS="689" VPOS="2297" WIDTH="19"/>
						<String ID="word000340" HPOS="707" VPOS="2250" WIDTH="65" HEIGHT="34" CONTENT="the" WC="0.74" CC="007"/>
						<SP ID="P6_SP00327" HPOS="772" VPOS="2297" WIDTH="19"/>
						<String ID="word000341" HPOS="791" VPOS="2248" WIDTH="129" HEIGHT="44" CONTENT="defeat" WC="0.70" CC="350341" STYLEREFS="TXT_2"/>
						<SP ID="P6_SP00328" HPOS="920" VPOS="2297" WIDTH="15"/>
						<String ID="word000342" HPOS="935" VPOS="2248" WIDTH="66" HEIGHT="35" CONTENT="the" WC="1.00" CC="000"/>
						<SP ID="P6_SP00329" HPOS="1002" VPOS="2297" WIDTH="24"/>
						<String ID="word000343" HPOS="1025" VPOS="2258" WIDTH="129" HEIGHT="34" CONTENT="enemy" WC="0.69" CC="55130"/>
						<SP ID="P6_SP00330" HPOS="1154" VPOS="2297" WIDTH="34"/>
						<String ID="word000344" HPOS="1188" VPOS="2248" WIDTH="71" HEIGHT="35" CONTENT="had" WC="0.93" CC="011"/>
						<SP ID="P6_SP00331" HPOS="1259" VPOS="2297" WIDTH="27"/>
						<String ID="word000345" HPOS="1286" VPOS="2249" WIDTH="171" HEIGHT="43" CONTENT="suffered." WC="0.88" CC="100001305"/>
						<SP ID="P6_SP00332" HPOS="1457" VPOS="2297" WIDTH="28"/>
						<String ID="word000346" HPOS="1486" VPOS="2251" WIDTH="63" HEIGHT="35" CONTENT="Sir" WC="0.96" CC="100"/>
						<SP ID="P6_SP00333" HPOS="1548" VPOS="2297" WIDTH="20"/>
						<String ID="word000347" HPOS="1569" VPOS="2251" WIDTH="97" HEIGHT="43" CONTENT="'few" WC="0.56" CC="5623"/>
						<SP ID="P6_SP00334" HPOS="1665" VPOS="2297" WIDTH="0"/>
					</TextLine>
					<TextLine ID="P6_TL00058" HPOS="320" VPOS="2294" WIDTH="1349" HEIGHT="53">
						<String ID="word000348" HPOS="320" VPOS="2295" WIDTH="227" HEIGHT="52" CONTENT="barrio*" WC="0.44" CC="6506666"/>
						<SP ID="P6_SP00335" HPOS="547" VPOS="2347" WIDTH="17"/>
						<String ID="word000349" HPOS="563" VPOS="2308" WIDTH="74" HEIGHT="35" CONTENT="was" WC="0.63" CC="136"/>
						<SP ID="P6_SP00336" HPOS="638" VPOS="2347" WIDTH="14"/>
						<String ID="word000350" HPOS="652" VPOS="2294" WIDTH="99" HEIGHT="50" CONTENT="tally" WC="0.51" CC="77512"/>
						<SP ID="P6_SP00337" HPOS="751" VPOS="2347" WIDTH="9"/>
						<String ID="word000351" HPOS="761" VPOS="2296" WIDTH="158" HEIGHT="46" CONTENT="'Oiled" WC="0.56" CC="677310"/>
						<SP ID="P6_SP00338" HPOS="919" VPOS="2347" WIDTH="13"/>
						<String ID="word000352" HPOS="932" VPOS="2302" WIDTH="41" HEIGHT="37" CONTENT="to" WC="0.72" CC="41"/>
						<SP ID="P6_SP00339" HPOS="973" VPOS="2347" WIDTH="15"/>
						<String ID="word000353" HPOS="989" VPOS="2296" WIDTH="94" HEIGHT="35" CONTENT="have" WC="0.97" CC="0001" STYLEREFS="TXT_2"/>
						<SP ID="P6_SP00340" HPOS="1083" VPOS="2347" WIDTH="18"/>
						<String ID="word000354" HPOS="1101" VPOS="2297" WIDTH="25" HEIGHT="34" CONTENT="it" WC="0.44" CC="37"/>
						<SP ID="P6_SP00341" HPOS="1126" VPOS="2347" WIDTH="13"/>
						<String ID="word000355" HPOS="1139" VPOS="2296" WIDTH="112" HEIGHT="35" CONTENT="skted" WC="0.73" CC="47001"/>
						<SP ID="P6_SP00342" HPOS="1251" VPOS="2347" WIDTH="12"/>
						<String ID="word000356" HPOS="1263" VPOS="2308" WIDTH="47" HEIGHT="30" CONTENT="qu" WC="0.39" CC="83" STYLEREFS="TXT_2"/>
						<SP ID="P6_SP00343" HPOS="1310" VPOS="2347" WIDTH="17"/>
						<String ID="word000357" HPOS="1326" VPOS="2303" WIDTH="104" HEIGHT="35" CONTENT="Wort" WC="0.44" CC="6365" STYLEREFS="TXT_2"/>
						<SP ID="P6_SP00344" HPOS="1430" VPOS="2347" WIDTH="13"/>
						<String ID="word000358" HPOS="1443" VPOS="2297" WIDTH="226" HEIGHT="44" CONTENT="favourable" WC="0.80" CC="3311004132"/>
						<SP ID="P6_SP00345" HPOS="1669" VPOS="2347" WIDTH="0"/>
					</TextLine>
					<TextLine ID="P6_TL00059" HPOS="317" VPOS="2343" WIDTH="1350" HEIGHT="48">
						<String ID="word000359" HPOS="317" VPOS="2349" WIDTH="128" HEIGHT="41" CONTENT="Prink?" WC="0.30" CC="667676"/>
						<SP ID="P6_SP00346" HPOS="444" VPOS="2391" WIDTH="785"/>
						<String ID="word000360" HPOS="1230" VPOS="2343" WIDTH="58" HEIGHT="41" CONTENT="Ol." WC="0.56" CC="444"/>
						<String ID="word000361" HPOS="1287" VPOS="2343" WIDTH="20" HEIGHT="41" CONTENT="t" STYLE="subscript" WC="0.56" CC="4"/>
						<SP ID="P6_SP00347" HPOS="1307" VPOS="2391" WIDTH="19"/>
						<String ID="word000362" HPOS="1326" VPOS="2344" WIDTH="211" HEIGHT="44" CONTENT="NicALLs," WC="0.38" CC="48783375"/>
						<SP ID="P6_SP00348" HPOS="1538" VPOS="2391" WIDTH="20"/>
						<String ID="word000363" HPOS="1558" VPOS="2347" WIDTH="43" HEIGHT="41" CONTENT="L," WC="0.56" CC="35"/>
						<SP ID="P6_SP00349" HPOS="1600" VPOS="2391" WIDTH="20"/>
						<String ID="word000364" HPOS="1620" VPOS="2347" WIDTH="46" HEIGHT="37" CONTENT="G." WC="1.00" CC="00"/>
						<SP ID="P6_SP00350" HPOS="1667" VPOS="2391" WIDTH="0"/>
					</TextLine>
				</TextBlock>
				<TextBlock ID="pa0006009" HPOS="314" VPOS="2396" WIDTH="1367" HEIGHT="1504" STYLEREFS="TXT_0 PAR_BLOCK">
					<Shape>
						<Polygon POINTS="314,3900 314,2396 1681,2396 1681,3850 1387,3850 1387,3900"/>
					</Shape>
					<TextLine ID="P6_TL00060" HPOS="369" VPOS="2396" WIDTH="1300" HEIGHT="90">
						<String ID="word000365" HPOS="369" VPOS="2400" WIDTH="22" HEIGHT="38" CONTENT="I" WC="0.67" CC="3"/>
						<SP ID="P6_SP00351" HPOS="391" VPOS="2438" WIDTH="18"/>
						<String ID="word000366" HPOS="409" VPOS="2411" WIDTH="170" HEIGHT="37" CONTENT="approve" WC="0.98" CC="0000100"/>
						<SP ID="P6_SP00352" HPOS="579" VPOS="2447" WIDTH="17"/>
						<String ID="word000367" HPOS="595" VPOS="2401" WIDTH="44" HEIGHT="37" CONTENT="of" WC="1.00" CC="00"/>
						<SP ID="P6_SP00353" HPOS="639" VPOS="2447" WIDTH="21"/>
						<String ID="word000368" HPOS="660" VPOS="2401" WIDTH="63" HEIGHT="38" CONTENT="the" WC="0.96" CC="001"/>
						<SP ID="P6_SP00354" HPOS="723" VPOS="2447" WIDTH="28"/>
						<String ID="word000369" HPOS="751" VPOS="2399" WIDTH="219" HEIGHT="87" CONTENT="Irtaistice," WC="0.44" CC="73875535453"/>
						<SP ID="P6_SP00355" HPOS="970" VPOS="2486" WIDTH="18"/>
						<String ID="word000370" HPOS="987" VPOS="2396" WIDTH="96" HEIGHT="47" CONTENT="after" WC="0.93" CC="10110"/>
						<SP ID="P6_SP00356" HPOS="1083" VPOS="2486" WIDTH="17"/>
						<String ID="word000371" HPOS="1100" VPOS="2412" WIDTH="25" HEIGHT="27" CONTENT="a" WC="0.33" CC="6"/>
						<SP ID="P6_SP00357" HPOS="1124" VPOS="2486" WIDTH="18"/>
						<String ID="word000372" HPOS="1142" VPOS="2401" WIDTH="69" HEIGHT="35" CONTENT="due" WC="0.89" CC="030"/>
						<SP ID="P6_SP00358" HPOS="1211" VPOS="2486" WIDTH="27"/>
						<String ID="word000373" HPOS="1238" VPOS="2401" WIDTH="270" HEIGHT="41" CONTENT="coasideration" WC="0.46" CC="5385345375348"/>
						<SP ID="P6_SP00359" HPOS="1508" VPOS="2486" WIDTH="27"/>
						<String ID="word000374" HPOS="1535" VPOS="2404" WIDTH="46" HEIGHT="32" CONTENT="of" WC="1.00" CC="00"/>
						<SP ID="P6_SP00360" HPOS="1581" VPOS="2486" WIDTH="25"/>
						<String ID="word000375" HPOS="1606" VPOS="2404" WIDTH="63" HEIGHT="34" CONTENT="the" WC="1.00" CC="000"/>
						<SP ID="P6_SP00361" HPOS="1669" VPOS="2486" WIDTH="0"/>
					</TextLine>
					<TextLine ID="P6_TL00061" HPOS="319" VPOS="2445" WIDTH="1354" HEIGHT="57">
						<String ID="word000376" HPOS="319" VPOS="2445" WIDTH="163" HEIGHT="46" CONTENT="relitive" WC="0.44" CC="83684533"/>
						<SP ID="P6_SP00362" HPOS="482" VPOS="2491" WIDTH="15"/>
						<String ID="word000377" HPOS="497" VPOS="2450" WIDTH="196" HEIGHT="37" CONTENT="situations" WC="0.97" CC="0000001020"/>
						<SP ID="P6_SP00363" HPOS="693" VPOS="2491" WIDTH="15"/>
						<String ID="word000378" HPOS="709" VPOS="2448" WIDTH="45" HEIGHT="35" CONTENT="of" WC="1.00" CC="00"/>
						<SP ID="P6_SP00364" HPOS="754" VPOS="2491" WIDTH="30"/>
						<String ID="word000379" HPOS="783" VPOS="2450" WIDTH="44" HEIGHT="34" CONTENT="he" WC="1.00" CC="00"/>
						<SP ID="P6_SP00365" HPOS="827" VPOS="2491" WIDTH="18"/>
						<String ID="word000380" HPOS="844" VPOS="2456" WIDTH="80" HEIGHT="28" CONTENT="two" WC="1.00" CC="000"/>
						<SP ID="P6_SP00366" HPOS="925" VPOS="2491" WIDTH="15"/>
						<String ID="word000381" HPOS="940" VPOS="2451" WIDTH="136" HEIGHT="33" CONTENT="armies" WC="0.93" CC="200200"/>
						<SP ID="P6_SP00367" HPOS="1076" VPOS="2491" WIDTH="17"/>
						<String ID="word000382" HPOS="1093" VPOS="2460" WIDTH="46" HEIGHT="22" CONTENT="on" WC="0.94" CC="01"/>
						<SP ID="P6_SP00368" HPOS="1139" VPOS="2491" WIDTH="15"/>
						<String ID="word000383" HPOS="1154" VPOS="2448" WIDTH="63" HEIGHT="34" CONTENT="the" WC="0.96" CC="001"/>
						<SP ID="P6_SP00369" HPOS="1217" VPOS="2491" WIDTH="13"/>
						<String ID="word000384" HPOS="1230" VPOS="2450" WIDTH="156" HEIGHT="52" CONTENT="evening" WC="0.67" CC="3114336"/>
						<SP ID="P6_SP00370" HPOS="1385" VPOS="2502" WIDTH="18"/>
						<String ID="word000385" HPOS="1403" VPOS="2448" WIDTH="44" HEIGHT="33" CONTENT="of" WC="1.00" CC="00"/>
						<SP ID="P6_SP00371" HPOS="1447" VPOS="2502" WIDTH="14"/>
						<String ID="word000386" HPOS="1461" VPOS="2458" WIDTH="9" HEIGHT="25" CONTENT="t" WC="0.44" CC="5"/>
						<String ID="word000387" HPOS="1479" VPOS="2451" WIDTH="44" HEIGHT="38" CONTENT="he" WC="0.72" CC="50" STYLEREFS="TXT_3"/>
						<SP ID="P6_SP00372" HPOS="1522" VPOS="2502" WIDTH="15"/>
						<String ID="word000388" HPOS="1538" VPOS="2452" WIDTH="73" HEIGHT="39" CONTENT="22d" WC="0.59" CC="533" STYLEREFS="TXT_3"/>
						<SP ID="P6_SP00373" HPOS="1611" VPOS="2502" WIDTH="18"/>
						<String ID="word000389" HPOS="1629" VPOS="2452" WIDTH="44" HEIGHT="37" CONTENT="of" WC="0.94" CC="01"/>
						<SP ID="P6_SP00374" HPOS="1672" VPOS="2502" WIDTH="0"/>
					</TextLine>
					<TextLine ID="P6_TL00062" HPOS="319" VPOS="2494" WIDTH="1349" HEIGHT="52">
						<String ID="word000390" HPOS="319" VPOS="2498" WIDTH="164" HEIGHT="48" CONTENT="August," WC="0.79" CC="0002326"/>
						<SP ID="P6_SP00375" HPOS="483" VPOS="2546" WIDTH="17"/>
						<String ID="word000391" HPOS="500" VPOS="2498" WIDTH="65" HEIGHT="38" CONTENT="but" WC="0.78" CC="501" STYLEREFS="TXT_4"/>
						<SP ID="P6_SP00376" HPOS="565" VPOS="2546" WIDTH="20"/>
						<String ID="word000392" HPOS="585" VPOS="2499" WIDTH="14" HEIGHT="34" CONTENT="I" WC="0.67" CC="3"/>
						<SP ID="P6_SP00377" HPOS="599" VPOS="2546" WIDTH="20"/>
						<String ID="word000393" HPOS="619" VPOS="2503" WIDTH="135" HEIGHT="33" CONTENT="cannot" WC="0.80" CC="511310" STYLEREFS="TXT_4"/>
						<SP ID="P6_SP00378" HPOS="754" VPOS="2546" WIDTH="17"/>
						<String ID="word000394" HPOS="770" VPOS="2497" WIDTH="94" HEIGHT="44" CONTENT="fully" WC="0.95" CC="00101"/>
						<SP ID="P6_SP00379" HPOS="865" VPOS="2546" WIDTH="19"/>
						<String ID="word000395" HPOS="883" VPOS="2506" WIDTH="174" HEIGHT="38" CONTENT="approve" WC="0.89" CC="0011104"/>
						<SP ID="P6_SP00380" HPOS="1057" VPOS="2546" WIDTH="17"/>
						<String ID="word000396" HPOS="1074" VPOS="2497" WIDTH="46" HEIGHT="41" CONTENT="pf" STYLE="superscript" WC="0.72" CC="50" STYLEREFS="TXT_4"/>
						<SP ID="P6_SP00381" HPOS="1120" VPOS="2546" WIDTH="14"/>
						<String ID="word000397" HPOS="1134" VPOS="2497" WIDTH="63" HEIGHT="34" CONTENT="the" WC="0.96" CC="001"/>
						<SP ID="P6_SP00382" HPOS="1196" VPOS="2546" WIDTH="19"/>
						<String ID="word000398" HPOS="1215" VPOS="2494" WIDTH="124" HEIGHT="39" CONTENT="whole" WC="0.73" CC="11361"/>
						<SP ID="P6_SP00383" HPOS="1339" VPOS="2546" WIDTH="17"/>
						<String ID="word000399" HPOS="1356" VPOS="2496" WIDTH="45" HEIGHT="38" CONTENT="df" WC="0.94" CC="10"/>
						<SP ID="P6_SP00384" HPOS="1401" VPOS="2546" WIDTH="18"/>
						<String ID="word000400" HPOS="1419" VPOS="2498" WIDTH="65" HEIGHT="34" CONTENT="the" WC="0.81" CC="410"/>
						<SP ID="P6_SP00385" HPOS="1483" VPOS="2546" WIDTH="17"/>
						<String ID="word000401" HPOS="1500" VPOS="2497" WIDTH="144" HEIGHT="38" CONTENT="Conven" SUBS_TYPE="HypPart1" SUBS_CONTENT="Conventit%" WC="0.56" CC="473334"/>
						<HYP HPOS="1644" VPOS="2497" WIDTH="24" CONTENT="-"/>
					</TextLine>
					<TextLine ID="P6_TL00063" HPOS="320" VPOS="2544" WIDTH="1350" HEIGHT="46">
						<String ID="word000402" HPOS="320" VPOS="2546" WIDTH="99" HEIGHT="44" CONTENT="tit%" SUBS_TYPE="HypPart2" SUBS_CONTENT="Conventit%" WC="0.61" CC="2066"/>
						<SP ID="P6_SP00386" HPOS="419" VPOS="2590" WIDTH="17"/>
						<String ID="word000403" HPOS="436" VPOS="2546" WIDTH="103" HEIGHT="43" CONTENT="after" WC="0.84" CC="41200"/>
						<SP ID="P6_SP00387" HPOS="539" VPOS="2590" WIDTH="14"/>
						<String ID="word000404" HPOS="553" VPOS="2555" WIDTH="21" HEIGHT="25" CONTENT="a" WC="1.00" CC="0"/>
						<SP ID="P6_SP00388" HPOS="574" VPOS="2590" WIDTH="17"/>
						<String ID="word000405" HPOS="591" VPOS="2545" WIDTH="71" HEIGHT="45" CONTENT="due" WC="0.59" CC="416"/>
						<SP ID="P6_SP00389" HPOS="661" VPOS="2590" WIDTH="8"/>
						<String ID="word000406" HPOS="670" VPOS="2545" WIDTH="279" HEIGHT="38" CONTENT="considerallou" WC="0.54" CC="3354533338545"/>
						<SP ID="P6_SP00390" HPOS="948" VPOS="2590" WIDTH="15"/>
						<String ID="word000407" HPOS="964" VPOS="2544" WIDTH="45" HEIGHT="33" CONTENT="of" WC="1.00" CC="00"/>
						<SP ID="P6_SP00391" HPOS="1009" VPOS="2590" WIDTH="8"/>
						<String ID="word000408" HPOS="1017" VPOS="2544" WIDTH="60" HEIGHT="35" CONTENT="the" WC="0.96" CC="010"/>
						<SP ID="P6_SP00392" HPOS="1077" VPOS="2590" WIDTH="14"/>
						<String ID="word000409" HPOS="1091" VPOS="2545" WIDTH="158" HEIGHT="34" CONTENT="relative" WC="0.78" CC="35313001"/>
						<SP ID="P6_SP00393" HPOS="1250" VPOS="2590" WIDTH="17"/>
						<String ID="word000410" HPOS="1266" VPOS="2545" WIDTH="178" HEIGHT="37" CONTENT="situation" WC="0.75" CC="443230112"/>
						<SP ID="P6_SP00394" HPOS="1444" VPOS="2590" WIDTH="14"/>
						<String ID="word000411" HPOS="1459" VPOS="2546" WIDTH="45" HEIGHT="34" CONTENT="of" WC="1.00" CC="00"/>
						<SP ID="P6_SP00395" HPOS="1504" VPOS="2590" WIDTH="13"/>
						<String ID="word000412" HPOS="1517" VPOS="2546" WIDTH="63" HEIGHT="33" CONTENT="the" WC="1.00" CC="000"/>
						<SP ID="P6_SP00396" HPOS="1579" VPOS="2590" WIDTH="12"/>
						<String ID="word000413" HPOS="1591" VPOS="2554" WIDTH="79" HEIGHT="28" CONTENT="two" WC="0.96" CC="010"/>
						<SP ID="P6_SP00397" HPOS="1670" VPOS="2590" WIDTH="0"/>
					</TextLine>
					<TextLine ID="P6_TL00064" HPOS="317" VPOS="2587" WIDTH="1354" HEIGHT="52">
						<String ID="word000414" HPOS="317" VPOS="2595" WIDTH="143" HEIGHT="43" CONTENT="armies" WC="0.50" CC="606447"/>
						<SP ID="P6_SP00398" HPOS="459" VPOS="2637" WIDTH="15"/>
						<String ID="word000415" HPOS="475" VPOS="2598" WIDTH="44" HEIGHT="33" CONTENT="at" WC="0.94" CC="01"/>
						<SP ID="P6_SP00399" HPOS="519" VPOS="2637" WIDTH="15"/>
						<String ID="word000416" HPOS="534" VPOS="2593" WIDTH="80" HEIGHT="38" CONTENT="that" WC="0.94" CC="0110"/>
						<SP ID="P6_SP00400" HPOS="614" VPOS="2637" WIDTH="17"/>
						<String ID="word000417" HPOS="631" VPOS="2595" WIDTH="117" HEIGHT="43" CONTENT="time;" WC="0.89" CC="01121"/>
						<SP ID="P6_SP00401" HPOS="748" VPOS="2637" WIDTH="30"/>
						<String ID="word000418" HPOS="777" VPOS="2593" WIDTH="157" HEIGHT="34" CONTENT="because" WC="0.78" CC="1501133"/>
						<SP ID="P6_SP00402" HPOS="934" VPOS="2637" WIDTH="27"/>
						<String ID="word000419" HPOS="961" VPOS="2593" WIDTH="31" HEIGHT="33" CONTENT="it" WC="1.00" CC="00"/>
						<SP ID="P6_SP00403" HPOS="992" VPOS="2637" WIDTH="28"/>
						<String ID="word000420" HPOS="1020" VPOS="2593" WIDTH="86" HEIGHT="38" CONTENT="does" WC="0.75" CC="1233"/>
						<SP ID="P6_SP00404" HPOS="1107" VPOS="2637" WIDTH="18"/>
						<String ID="word000421" HPOS="1124" VPOS="2598" WIDTH="63" HEIGHT="27" CONTENT="not" WC="0.81" CC="050"/>
						<SP ID="P6_SP00405" HPOS="1187" VPOS="2637" WIDTH="22"/>
						<String ID="word000422" HPOS="1209" VPOS="2600" WIDTH="150" HEIGHT="39" CONTENT="appear" WC="0.98" CC="000100"/>
						<SP ID="P6_SP00406" HPOS="1359" VPOS="2639" WIDTH="26"/>
						<String ID="word000423" HPOS="1385" VPOS="2587" WIDTH="40" HEIGHT="39" CONTENT="to" WC="0.83" CC="30"/>
						<SP ID="P6_SP00407" HPOS="1426" VPOS="2639" WIDTH="18"/>
						<String ID="word000424" HPOS="1443" VPOS="2603" WIDTH="56" HEIGHT="24" CONTENT="me" WC="0.94" CC="01"/>
						<SP ID="P6_SP00408" HPOS="1499" VPOS="2639" WIDTH="19"/>
						<String ID="word000425" HPOS="1518" VPOS="2595" WIDTH="97" HEIGHT="43" CONTENT="that," WC="0.80" CC="11610"/>
						<SP ID="P6_SP00409" HPOS="1615" VPOS="2639" WIDTH="21"/>
						<String ID="word000426" HPOS="1636" VPOS="2596" WIDTH="34" HEIGHT="33" CONTENT="in" WC="0.94" CC="01"/>
						<SP ID="P6_SP00410" HPOS="1670" VPOS="2639" WIDTH="0"/>
					</TextLine>
					<TextLine ID="P6_TL00065" HPOS="317" VPOS="2640" WIDTH="1355" HEIGHT="50">
						<String ID="word000427" HPOS="317" VPOS="2642" WIDTH="66" HEIGHT="35" CONTENT="the" WC="0.93" CC="011"/>
						<SP ID="P6_SP00411" HPOS="383" VPOS="2678" WIDTH="20"/>
						<String ID="word000428" HPOS="403" VPOS="2652" WIDTH="171" HEIGHT="35" CONTENT="progress" WC="0.81" CC="32011223"/>
						<SP ID="P6_SP00412" HPOS="574" VPOS="2687" WIDTH="24"/>
						<String ID="word000429" HPOS="598" VPOS="2641" WIDTH="44" HEIGHT="34" CONTENT="of" WC="1.00" CC="00"/>
						<SP ID="P6_SP00413" HPOS="641" VPOS="2687" WIDTH="24"/>
						<String ID="word000430" HPOS="665" VPOS="2641" WIDTH="65" HEIGHT="37" CONTENT="the" WC="0.96" CC="100"/>
						<SP ID="P6_SP00414" HPOS="730" VPOS="2687" WIDTH="24"/>
						<String ID="word000431" HPOS="754" VPOS="2640" WIDTH="254" HEIGHT="44" CONTENT="negociatiou," WC="0.56" CC="863334333533"/>
						<SP ID="P6_SP00415" HPOS="1007" VPOS="2687" WIDTH="25"/>
						<String ID="word000432" HPOS="1032" VPOS="2640" WIDTH="177" HEIGHT="43" CONTENT="softicient" WC="0.50" CC="3878433333"/>
						<SP ID="P6_SP00416" HPOS="1209" VPOS="2687" WIDTH="26"/>
						<String ID="word000433" HPOS="1235" VPOS="2646" WIDTH="110" HEIGHT="30" CONTENT="stiess" WC="0.63" CC="335333"/>
						<SP ID="P6_SP00417" HPOS="1345" VPOS="2687" WIDTH="19"/>
						<String ID="word000434" HPOS="1364" VPOS="2652" WIDTH="76" HEIGHT="22" CONTENT="was" WC="0.70" CC="026"/>
						<SP ID="P6_SP00418" HPOS="1440" VPOS="2687" WIDTH="26"/>
						<String ID="word000435" HPOS="1466" VPOS="2642" WIDTH="77" HEIGHT="40" CONTENT="laid" WC="0.61" CC="4640"/>
						<SP ID="P6_SP00419" HPOS="1543" VPOS="2687" WIDTH="26"/>
						<String ID="word000436" HPOS="1569" VPOS="2649" WIDTH="103" HEIGHT="40" CONTENT="upon" WC="0.94" CC="0101"/>
						<SP ID="P6_SP00420" HPOS="1671" VPOS="2689" WIDTH="0"/>
					</TextLine>
					<TextLine ID="P6_TL00066" HPOS="318" VPOS="2688" WIDTH="1352" HEIGHT="51">
						<String ID="word000437" HPOS="318" VPOS="2688" WIDTH="66" HEIGHT="38" CONTENT="the" WC="1.00" CC="000"/>
						<SP ID="P6_SP00421" HPOS="384" VPOS="2726" WIDTH="18"/>
						<String ID="word000438" HPOS="402" VPOS="2694" WIDTH="109" HEIGHT="45" CONTENT="great" WC="0.98" CC="00100"/>
						<SP ID="P6_SP00422" HPOS="510" VPOS="2739" WIDTH="12"/>
						<String ID="word000439" HPOS="522" VPOS="2689" WIDTH="226" HEIGHT="47" CONTENT="advantages" WC="0.83" CC="0010001337"/>
						<SP ID="P6_SP00423" HPOS="748" VPOS="2739" WIDTH="152"/>
						<String ID="word000440" HPOS="900" VPOS="2688" WIDTH="76" HEIGHT="41" CONTENT="had" WC="0.30" CC="865"/>
						<SP ID="P6_SP00424" HPOS="976" VPOS="2739" WIDTH="13"/>
						<String ID="word000441" HPOS="989" VPOS="2688" WIDTH="176" HEIGHT="41" CONTENT="resulted," WC="0.90" CC="110023100"/>
						<SP ID="P6_SP00425" HPOS="1165" VPOS="2739" WIDTH="13"/>
						<String ID="word000442" HPOS="1178" VPOS="2698" WIDTH="45" HEIGHT="25" CONTENT="or" WC="1.00" CC="00"/>
						<SP ID="P6_SP00426" HPOS="1222" VPOS="2739" WIDTH="20"/>
						<String ID="word000443" HPOS="1243" VPOS="2698" WIDTH="96" HEIGHT="25" CONTENT="were" WC="1.00" CC="0000"/>
						<SP ID="P6_SP00427" HPOS="1338" VPOS="2739" WIDTH="11"/>
						<String ID="word000444" HPOS="1349" VPOS="2688" WIDTH="123" HEIGHT="45" CONTENT="likely" WC="1.00" CC="000000"/>
						<SP ID="P6_SP00428" HPOS="1472" VPOS="2739" WIDTH="15"/>
						<String ID="word000445" HPOS="1487" VPOS="2696" WIDTH="41" HEIGHT="31" CONTENT="to" WC="0.33" CC="48"/>
						<SP ID="P6_SP00429" HPOS="1528" VPOS="2739" WIDTH="13"/>
						<String ID="word000446" HPOS="1541" VPOS="2692" WIDTH="129" HEIGHT="38" CONTENT="result," WC="0.95" CC="0100101"/>
						<SP ID="P6_SP00430" HPOS="1670" VPOS="2739" WIDTH="0"/>
					</TextLine>
					<TextLine ID="P6_TL00067" HPOS="318" VPOS="2735" WIDTH="1356" HEIGHT="46">
						<String ID="word000447" HPOS="318" VPOS="2737" WIDTH="98" HEIGHT="38" CONTENT="from" WC="1.00" CC="0000"/>
						<SP ID="P6_SP00431" HPOS="416" VPOS="2774" WIDTH="19"/>
						<String ID="word000448" HPOS="435" VPOS="2735" WIDTH="64" HEIGHT="38" CONTENT="the" WC="1.00" CC="000"/>
						<SP ID="P6_SP00432" HPOS="498" VPOS="2774" WIDTH="19"/>
						<String ID="word000449" HPOS="517" VPOS="2735" WIDTH="136" HEIGHT="37" CONTENT="former" WC="1.00" CC="000000"/>
						<SP ID="P6_SP00433" HPOS="653" VPOS="2774" WIDTH="15"/>
						<String ID="word000450" HPOS="669" VPOS="2735" WIDTH="196" HEIGHT="39" CONTENT="successful" WC="0.84" CC="4111011113"/>
						<SP ID="P6_SP00434" HPOS="865" VPOS="2774" WIDTH="19"/>
						<String ID="word000451" HPOS="883" VPOS="2735" WIDTH="216" HEIGHT="46" CONTENT="operations" WC="0.99" CC="0000010000"/>
						<SP ID="P6_SP00435" HPOS="1100" VPOS="2781" WIDTH="19"/>
						<String ID="word000452" HPOS="1119" VPOS="2735" WIDTH="45" HEIGHT="33" CONTENT="of" WC="1.00" CC="00"/>
						<SP ID="P6_SP00436" HPOS="1163" VPOS="2781" WIDTH="13"/>
						<String ID="word000453" HPOS="1176" VPOS="2735" WIDTH="61" HEIGHT="33" CONTENT="the" WC="0.96" CC="010"/>
						<SP ID="P6_SP00437" HPOS="1238" VPOS="2781" WIDTH="24"/>
						<String ID="word000454" HPOS="1261" VPOS="2735" WIDTH="144" HEIGHT="40" CONTENT="liritish" WC="0.49" CC="67553533"/>
						<SP ID="P6_SP00438" HPOS="1406" VPOS="2781" WIDTH="20"/>
						<String ID="word000455" HPOS="1426" VPOS="2747" WIDTH="106" HEIGHT="34" CONTENT="army" WC="0.97" CC="1000"/>
						<SP ID="P6_SP00439" HPOS="1532" VPOS="2781" WIDTH="21"/>
						<String ID="word000456" HPOS="1553" VPOS="2739" WIDTH="37" HEIGHT="34" CONTENT="in" WC="1.00" CC="00"/>
						<SP ID="P6_SP00440" HPOS="1590" VPOS="2781" WIDTH="20"/>
						<String ID="word000457" HPOS="1610" VPOS="2740" WIDTH="64" HEIGHT="35" CONTENT="the" WC="0.96" CC="001"/>
						<SP ID="P6_SP00441" HPOS="1674" VPOS="2781" WIDTH="0"/>
					</TextLine>
					<TextLine ID="P6_TL00068" HPOS="320" VPOS="2781" WIDTH="1354" HEIGHT="47">
						<String ID="word000458" HPOS="320" VPOS="2784" WIDTH="107" HEIGHT="44" CONTENT="field," WC="0.81" CC="550000"/>
						<SP ID="P6_SP00442" HPOS="428" VPOS="2828" WIDTH="18"/>
						<String ID="word000459" HPOS="445" VPOS="2784" WIDTH="99" HEIGHT="44" CONTENT="from" WC="0.92" CC="2001"/>
						<SP ID="P6_SP00443" HPOS="544" VPOS="2828" WIDTH="18"/>
						<String ID="word000460" HPOS="562" VPOS="2785" WIDTH="60" HEIGHT="43" CONTENT="the" WC="0.70" CC="134"/>
						<SP ID="P6_SP00444" HPOS="622" VPOS="2828" WIDTH="18"/>
						<String ID="word000461" HPOS="640" VPOS="2781" WIDTH="256" HEIGHT="46" CONTENT="positlerable" WC="0.33" CC="885787338573"/>
						<SP ID="P6_SP00445" HPOS="896" VPOS="2828" WIDTH="26"/>
						<String ID="word000462" HPOS="922" VPOS="2781" WIDTH="320" HEIGHT="38" CONTENT="re.inforeements" WC="0.51" CC="354433347353748"/>
						<SP ID="P6_SP00446" HPOS="1243" VPOS="2828" WIDTH="24"/>
						<String ID="word000463" HPOS="1266" VPOS="2784" WIDTH="123" HEIGHT="40" CONTENT="which" WC="0.80" CC="14301"/>
						<SP ID="P6_SP00447" HPOS="1389" VPOS="2828" WIDTH="21"/>
						<String ID="word000464" HPOS="1410" VPOS="2783" WIDTH="71" HEIGHT="37" CONTENT="had" WC="0.70" CC="224"/>
						<SP ID="P6_SP00448" HPOS="1481" VPOS="2828" WIDTH="20"/>
						<String ID="word000465" HPOS="1501" VPOS="2783" WIDTH="123" HEIGHT="44" CONTENT="joined" WC="0.70" CC="532222"/>
						<SP ID="P6_SP00449" HPOS="1624" VPOS="2828" WIDTH="22"/>
						<String ID="word000466" HPOS="1646" VPOS="2787" WIDTH="27" HEIGHT="33" CONTENT="it" WC="1.00" CC="00"/>
						<SP ID="P6_SP00450" HPOS="1674" VPOS="2828" WIDTH="0"/>
					</TextLine>
					<TextLine ID="P6_TL00069" HPOS="322" VPOS="2831" WIDTH="1353" HEIGHT="46">
						<String ID="word000467" HPOS="322" VPOS="2833" WIDTH="223" HEIGHT="44" CONTENT="subsequent" WC="0.89" CC="1133100100"/>
						<SP ID="P6_SP00451" HPOS="546" VPOS="2877" WIDTH="27"/>
						<String ID="word000468" HPOS="573" VPOS="2838" WIDTH="38" HEIGHT="32" CONTENT="to" WC="0.89" CC="02"/>
						<SP ID="P6_SP00452" HPOS="611" VPOS="2877" WIDTH="27"/>
						<String ID="word000469" HPOS="638" VPOS="2833" WIDTH="74" HEIGHT="33" CONTENT="the." WC="0.92" CC="0003"/>
						<SP ID="P6_SP00453" HPOS="712" VPOS="2877" WIDTH="21"/>
						<String ID="word000470" HPOS="733" VPOS="2838" WIDTH="311" HEIGHT="32" CONTENT="commencement" WC="0.78" CC="202315102233"/>
						<SP ID="P6_SP00454" HPOS="1044" VPOS="2877" WIDTH="30"/>
						<String ID="word000471" HPOS="1074" VPOS="2832" WIDTH="43" HEIGHT="33" CONTENT="of" WC="1.00" CC="00"/>
						<SP ID="P6_SP00455" HPOS="1116" VPOS="2877" WIDTH="22"/>
						<String ID="word000472" HPOS="1139" VPOS="2831" WIDTH="63" HEIGHT="34" CONTENT="the" WC="0.96" CC="010"/>
						<SP ID="P6_SP00456" HPOS="1201" VPOS="2877" WIDTH="26"/>
						<String ID="word000473" HPOS="1227" VPOS="2832" WIDTH="229" HEIGHT="41" CONTENT="negotiation" WC="0.72" CC="33443313112"/>
						<SP ID="P6_SP00457" HPOS="1456" VPOS="2877" WIDTH="33"/>
						<String ID="word000474" HPOS="1489" VPOS="2833" WIDTH="92" HEIGHT="38" CONTENT="from" WC="0.81" CC="1141"/>
						<SP ID="P6_SP00458" HPOS="1581" VPOS="2877" WIDTH="30"/>
						<String ID="word000475" HPOS="1611" VPOS="2833" WIDTH="64" HEIGHT="34" CONTENT="the" WC="0.96" CC="010"/>
						<SP ID="P6_SP00459" HPOS="1675" VPOS="2877" WIDTH="0"/>
					</TextLine>
					<TextLine ID="P6_TL00070" HPOS="317" VPOS="2880" WIDTH="1359" HEIGHT="47">
						<String ID="word000476" HPOS="317" VPOS="2891" WIDTH="113" HEIGHT="35" CONTENT="rims" WC="0.50" CC="5634"/>
						<SP ID="P6_SP00460" HPOS="430" VPOS="2927" WIDTH="17"/>
						<String ID="word000477" HPOS="446" VPOS="2881" WIDTH="38" HEIGHT="34" CONTENT="in" WC="1.00" CC="00"/>
						<SP ID="P6_SP00461" HPOS="484" VPOS="2927" WIDTH="22"/>
						<String ID="word000478" HPOS="507" VPOS="2880" WIDTH="120" HEIGHT="43" CONTENT="which" WC="0.78" CC="00352"/>
						<SP ID="P6_SP00462" HPOS="627" VPOS="2927" WIDTH="30"/>
						<String ID="word000479" HPOS="657" VPOS="2880" WIDTH="64" HEIGHT="35" CONTENT="the" WC="0.81" CC="500"/>
						<SP ID="P6_SP00463" HPOS="720" VPOS="2927" WIDTH="24"/>
						<String ID="word000480" HPOS="744" VPOS="2880" WIDTH="139" HEIGHT="39" CONTENT="British" WC="0.73" CC="3121334"/>
						<SP ID="P6_SP00464" HPOS="883" VPOS="2927" WIDTH="28"/>
						<String ID="word000481" HPOS="912" VPOS="2889" WIDTH="110" HEIGHT="33" CONTENT="army" WC="0.97" CC="0100"/>
						<SP ID="P6_SP00465" HPOS="1022" VPOS="2927" WIDTH="22"/>
						<String ID="word000482" HPOS="1044" VPOS="2890" WIDTH="72" HEIGHT="28" CONTENT="was" WC="0.67" CC="126"/>
						<SP ID="P6_SP00466" HPOS="1116" VPOS="2927" WIDTH="28"/>
						<String ID="word000483" HPOS="1144" VPOS="2880" WIDTH="177" HEIGHT="43" CONTENT="engaged," WC="0.74" CC="01133353"/>
						<SP ID="P6_SP00467" HPOS="1322" VPOS="2927" WIDTH="32"/>
						<String ID="word000484" HPOS="1354" VPOS="2880" WIDTH="110" HEIGHT="45" CONTENT="being" WC="1.00" CC="00000"/>
						<SP ID="P6_SP00468" HPOS="1463" VPOS="2927" WIDTH="24"/>
						<String ID="word000485" HPOS="1487" VPOS="2881" WIDTH="61" HEIGHT="33" CONTENT="the" WC="0.74" CC="232"/>
						<SP ID="P6_SP00469" HPOS="1548" VPOS="2927" WIDTH="18"/>
						<String ID="word000486" HPOS="1566" VPOS="2893" WIDTH="110" HEIGHT="30" CONTENT="cause" WC="0.62" CC="15353"/>
						<SP ID="P6_SP00470" HPOS="1676" VPOS="2927" WIDTH="0"/>
					</TextLine>
					<TextLine ID="P6_TL00071" HPOS="319" VPOS="2926" WIDTH="1355" HEIGHT="51">
						<String ID="word000487" HPOS="319" VPOS="2928" WIDTH="47" HEIGHT="47" CONTENT="pf" WC="1.00" CC="00"/>
						<SP ID="P6_SP00471" HPOS="366" VPOS="2975" WIDTH="13"/>
						<String ID="word000488" HPOS="379" VPOS="2928" WIDTH="112" HEIGHT="46" CONTENT="rortu" WC="0.49" CC="83333"/>
						<String ID="word000489" HPOS="491" VPOS="2928" WIDTH="22" HEIGHT="46" CONTENT="g" STYLE="subscript" WC="0.49" CC="4"/>
						<String ID="word000490" HPOS="514" VPOS="2928" WIDTH="22" HEIGHT="46" CONTENT="a" WC="0.49" CC="3"/>
						<String ID="word000491" HPOS="536" VPOS="2928" WIDTH="46" HEIGHT="46" CONTENT="lt" STYLE="subscript" WC="0.49" CC="77"/>
						<SP ID="P6_SP00472" HPOS="582" VPOS="2975" WIDTH="26"/>
						<String ID="word000492" HPOS="608" VPOS="2926" WIDTH="128" HEIGHT="51" CONTENT="which" WC="0.84" CC="11230"/>
						<SP ID="P6_SP00473" HPOS="736" VPOS="2976" WIDTH="18"/>
						<String ID="word000493" HPOS="754" VPOS="2937" WIDTH="94" HEIGHT="37" CONTENT="ova" WC="0.41" CC="637"/>
						<SP ID="P6_SP00474" HPOS="848" VPOS="2976" WIDTH="22"/>
						<String ID="word000494" HPOS="870" VPOS="2927" WIDTH="99" HEIGHT="48" CONTENT="gaod" WC="0.50" CC="3753"/>
						<SP ID="P6_SP00475" HPOS="970" VPOS="2976" WIDTH="31"/>
						<String ID="word000495" HPOS="1000" VPOS="2936" WIDTH="126" HEIGHT="30" CONTENT="reason" WC="0.80" CC="001541"/>
						<SP ID="P6_SP00476" HPOS="1127" VPOS="2976" WIDTH="27"/>
						<String ID="word000496" HPOS="1154" VPOS="2933" WIDTH="40" HEIGHT="27" CONTENT="to" WC="0.94" CC="01"/>
						<SP ID="P6_SP00477" HPOS="1194" VPOS="2976" WIDTH="28"/>
						<String ID="word000497" HPOS="1222" VPOS="2929" WIDTH="137" HEIGHT="38" CONTENT="reckon" WC="0.89" CC="220101"/>
						<SP ID="P6_SP00478" HPOS="1359" VPOS="2976" WIDTH="20"/>
						<String ID="word000498" HPOS="1380" VPOS="2939" WIDTH="98" HEIGHT="34" CONTENT="upon" WC="0.97" CC="0001"/>
						<SP ID="P6_SP00479" HPOS="1478" VPOS="2976" WIDTH="19"/>
						<String ID="word000499" HPOS="1496" VPOS="2929" WIDTH="63" HEIGHT="38" CONTENT="the" WC="0.70" CC="143"/>
						<SP ID="P6_SP00480" HPOS="1559" VPOS="2976" WIDTH="17"/>
						<String ID="word000500" HPOS="1576" VPOS="2931" WIDTH="98" HEIGHT="40" CONTENT="good" WC="0.94" CC="1010"/>
						<SP ID="P6_SP00481" HPOS="1674" VPOS="2976" WIDTH="0"/>
					</TextLine>
					<TextLine ID="P6_TL00072" HPOS="320" VPOS="2975" WIDTH="1358" HEIGHT="49">
						<String ID="word000501" HPOS="320" VPOS="2976" WIDTH="103" HEIGHT="43" CONTENT="will," WC="0.73" CC="30531"/>
						<SP ID="P6_SP00482" HPOS="423" VPOS="3019" WIDTH="30"/>
						<String ID="word000502" HPOS="452" VPOS="2976" WIDTH="33" HEIGHT="40" CONTENT="if" WC="0.89" CC="11"/>
						<SP ID="P6_SP00483" HPOS="485" VPOS="3019" WIDTH="26"/>
						<String ID="word000503" HPOS="511" VPOS="2981" WIDTH="61" HEIGHT="33" CONTENT="nut" WC="0.70" CC="350"/>
						<SP ID="P6_SP00484" HPOS="573" VPOS="3019" WIDTH="25"/>
						<String ID="word000504" HPOS="598" VPOS="2980" WIDTH="103" HEIGHT="41" CONTENT="twin" WC="0.53" CC="4661"/>
						<SP ID="P6_SP00485" HPOS="700" VPOS="3021" WIDTH="28"/>
						<String ID="word000505" HPOS="729" VPOS="2978" WIDTH="63" HEIGHT="34" CONTENT="the" WC="0.81" CC="041"/>
						<SP ID="P6_SP00486" HPOS="791" VPOS="3021" WIDTH="26"/>
						<String ID="word000506" HPOS="817" VPOS="2975" WIDTH="125" HEIGHT="40" CONTENT="active" WC="0.93" CC="012010" STYLEREFS="TXT_3"/>
						<SP ID="P6_SP00487" HPOS="943" VPOS="3021" WIDTH="26"/>
						<String ID="word000507" HPOS="969" VPOS="2975" WIDTH="213" HEIGHT="41" CONTENT="a.ssistaace," WC="0.37" CC="574385788355"/>
						<SP ID="P6_SP00488" HPOS="1181" VPOS="3021" WIDTH="12"/>
						<String ID="word000508" HPOS="1193" VPOS="2975" WIDTH="54" HEIGHT="32" CONTENT="sof" WC="0.70" CC="710"/>
						<SP ID="P6_SP00489" HPOS="1247" VPOS="3021" WIDTH="21"/>
						<String ID="word000509" HPOS="1269" VPOS="2975" WIDTH="64" HEIGHT="35" CONTENT="the" WC="0.85" CC="031"/>
						<SP ID="P6_SP00490" HPOS="1332" VPOS="3021" WIDTH="26"/>
						<String ID="word000510" HPOS="1358" VPOS="2978" WIDTH="241" HEIGHT="46" CONTENT="majority.of" WC="0.61" CC="33533333733"/>
						<SP ID="P6_SP00491" HPOS="1599" VPOS="3024" WIDTH="15"/>
						<String ID="word000511" HPOS="1615" VPOS="2978" WIDTH="63" HEIGHT="35" CONTENT="the" WC="0.96" CC="001"/>
						<SP ID="P6_SP00492" HPOS="1677" VPOS="3024" WIDTH="0"/>
					</TextLine>
					<TextLine ID="P6_TL00073" HPOS="321" VPOS="3020" WIDTH="1355" HEIGHT="50">
						<String ID="word000512" HPOS="321" VPOS="3024" WIDTH="256" HEIGHT="46" CONTENT="inhabitants;" WC="0.74" CC="111101266333"/>
						<SP ID="P6_SP00493" HPOS="578" VPOS="3070" WIDTH="25"/>
						<String ID="word000513" HPOS="602" VPOS="3024" WIDTH="89" HEIGHT="44" CONTENT="aud," WC="0.89" CC="0103"/>
						<SP ID="P6_SP00494" HPOS="691" VPOS="3070" WIDTH="28"/>
						<String ID="word000514" HPOS="719" VPOS="3022" WIDTH="94" HEIGHT="41" CONTENT="also," WC="0.87" CC="21102"/>
						<SP ID="P6_SP00495" HPOS="814" VPOS="3070" WIDTH="26"/>
						<String ID="word000515" HPOS="840" VPOS="3022" WIDTH="99" HEIGHT="34" CONTENT="from" WC="0.92" CC="0021"/>
						<SP ID="P6_SP00496" HPOS="939" VPOS="3070" WIDTH="26"/>
						<String ID="word000516" HPOS="965" VPOS="3021" WIDTH="63" HEIGHT="34" CONTENT="the" WC="0.89" CC="021"/>
						<SP ID="P6_SP00497" HPOS="1028" VPOS="3070" WIDTH="19"/>
						<String ID="word000517" HPOS="1046" VPOS="3022" WIDTH="150" HEIGHT="40" CONTENT="oausual" WC="0.56" CC="6633334"/>
						<SP ID="P6_SP00498" HPOS="1196" VPOS="3070" WIDTH="20"/>
						<String ID="word000518" HPOS="1217" VPOS="3022" WIDTH="185" HEIGHT="39" CONTENT="readiness" WC="0.73" CC="111617311"/>
						<SP ID="P6_SP00499" HPOS="1402" VPOS="3070" WIDTH="27"/>
						<String ID="word000519" HPOS="1429" VPOS="3020" WIDTH="139" HEIGHT="46" CONTENT="which," WC="0.76" CC="063202"/>
						<SP ID="P6_SP00500" HPOS="1569" VPOS="3070" WIDTH="18"/>
						<String ID="word000520" HPOS="1586" VPOS="3035" WIDTH="41" HEIGHT="26" CONTENT="its" WC="0.41" CC="772" STYLEREFS="TXT_3"/>
						<SP ID="P6_SP00501" HPOS="1628" VPOS="3070" WIDTH="20"/>
						<String ID="word000521" HPOS="1648" VPOS="3026" WIDTH="28" HEIGHT="35" CONTENT="it" WC="0.61" CC="61" STYLEREFS="TXT_3"/>
						<SP ID="P6_SP00502" HPOS="1676" VPOS="3070" WIDTH="0"/>
					</TextLine>
					<TextLine ID="P6_TL00074" HPOS="320" VPOS="3069" WIDTH="1355" HEIGHT="50">
						<String ID="word000522" HPOS="320" VPOS="3081" WIDTH="168" HEIGHT="37" CONTENT="appears" WC="0.79" CC="1110136"/>
						<SP ID="P6_SP00503" HPOS="488" VPOS="3118" WIDTH="28"/>
						<String ID="word000523" HPOS="516" VPOS="3077" WIDTH="38" HEIGHT="35" CONTENT="to" WC="0.39" CC="56"/>
						<SP ID="P6_SP00504" HPOS="554" VPOS="3118" WIDTH="18"/>
						<String ID="word000524" HPOS="572" VPOS="3081" WIDTH="73" HEIGHT="35" CONTENT="me," WC="0.96" CC="001"/>
						<SP ID="P6_SP00505" HPOS="645" VPOS="3118" WIDTH="31"/>
						<String ID="word000525" HPOS="676" VPOS="3081" WIDTH="78" HEIGHT="24" CONTENT="was" WC="1.00" CC="000"/>
						<SP ID="P6_SP00506" HPOS="754" VPOS="3118" WIDTH="32"/>
						<String ID="word000526" HPOS="785" VPOS="3069" WIDTH="219" HEIGHT="43" CONTENT="manifested" WC="0.73" CC="6151411050"/>
						<SP ID="P6_SP00507" HPOS="1004" VPOS="3118" WIDTH="35"/>
						<String ID="word000527" HPOS="1039" VPOS="3070" WIDTH="46" HEIGHT="45" CONTENT="by" WC="0.94" CC="10"/>
						<SP ID="P6_SP00508" HPOS="1085" VPOS="3118" WIDTH="21"/>
						<String ID="word000528" HPOS="1107" VPOS="3069" WIDTH="161" HEIGHT="35" CONTENT="General" WC="0.82" CC="1121114"/>
						<SP ID="P6_SP00509" HPOS="1267" VPOS="3118" WIDTH="21"/>
						<String ID="word000529" HPOS="1289" VPOS="3070" WIDTH="117" HEIGHT="39" CONTENT="Junot" WC="0.42" CC="48833"/>
						<SP ID="P6_SP00510" HPOS="1406" VPOS="3118" WIDTH="32"/>
						<String ID="word000530" HPOS="1437" VPOS="3077" WIDTH="39" HEIGHT="30" CONTENT="to" WC="1.00" CC="00"/>
						<SP ID="P6_SP00511" HPOS="1476" VPOS="3118" WIDTH="27"/>
						<String ID="word000531" HPOS="1504" VPOS="3083" WIDTH="24" HEIGHT="24" CONTENT="a" WC="0.89" CC="1"/>
						<SP ID="P6_SP00512" HPOS="1527" VPOS="3118" WIDTH="21"/>
						<String ID="word000532" HPOS="1548" VPOS="3083" WIDTH="126" HEIGHT="32" CONTENT=".nego•-" WC="0.49" CC="3333884"/>
					</TextLine>
					<TextLine ID="P6_TL00075" HPOS="321" VPOS="3112" WIDTH="1355" HEIGHT="55">
						<String ID="word000533" HPOS="321" VPOS="3120" WIDTH="157" HEIGHT="46" CONTENT="tiatioa," WC="0.56" CC="33335384"/>
						<SP ID="P6_SP00513" HPOS="478" VPOS="3167" WIDTH="18"/>
						<String ID="word000534" HPOS="496" VPOS="3119" WIDTH="71" HEIGHT="46" CONTENT="and" WC="0.56" CC="525"/>
						<SP ID="P6_SP00514" HPOS="567" VPOS="3167" WIDTH="17"/>
						<String ID="word000535" HPOS="583" VPOS="3120" WIDTH="48" HEIGHT="40" CONTENT="by" WC="0.78" CC="31"/>
						<SP ID="P6_SP00515" HPOS="632" VPOS="3167" WIDTH="21"/>
						<String ID="word000536" HPOS="653" VPOS="3119" WIDTH="65" HEIGHT="34" CONTENT="the" WC="1.00" CC="000"/>
						<SP ID="P6_SP00516" HPOS="718" VPOS="3167" WIDTH="22"/>
						<String ID="word000537" HPOS="741" VPOS="3118" WIDTH="142" HEIGHT="34" CONTENT="Freucit" WC="0.44" CC="5353388"/>
						<SP ID="P6_SP00517" HPOS="882" VPOS="3167" WIDTH="11"/>
						<String ID="word000538" HPOS="893" VPOS="3112" WIDTH="230" HEIGHT="48" CONTENT="Negotiator" WC="0.74" CC="1342065011"/>
						<SP ID="P6_SP00518" HPOS="1123" VPOS="3167" WIDTH="15"/>
						<String ID="word000539" HPOS="1139" VPOS="3125" WIDTH="40" HEIGHT="28" CONTENT="to" WC="1.00" CC="00"/>
						<SP ID="P6_SP00519" HPOS="1179" VPOS="3167" WIDTH="13"/>
						<String ID="word000540" HPOS="1192" VPOS="3117" WIDTH="135" HEIGHT="37" CONTENT="accede" WC="0.83" CC="111312"/>
						<SP ID="P6_SP00520" HPOS="1326" VPOS="3167" WIDTH="20"/>
						<String ID="word000541" HPOS="1346" VPOS="3125" WIDTH="38" HEIGHT="26" CONTENT="to" WC="0.94" CC="01"/>
						<SP ID="P6_SP00521" HPOS="1384" VPOS="3167" WIDTH="20"/>
						<String ID="word000542" HPOS="1404" VPOS="3126" WIDTH="109" HEIGHT="27" CONTENT="terms" WC="0.93" CC="02001"/>
						<SP ID="P6_SP00522" HPOS="1513" VPOS="3167" WIDTH="17"/>
						<String ID="word000543" HPOS="1530" VPOS="3131" WIDTH="40" HEIGHT="28" CONTENT="as" WC="0.94" CC="01"/>
						<SP ID="P6_SP00523" HPOS="1570" VPOS="3167" WIDTH="15"/>
						<String ID="word000544" HPOS="1585" VPOS="3120" WIDTH="91" HEIGHT="46" CONTENT="they" WC="0.97" CC="0100" STYLEREFS="TXT_3"/>
						<SP ID="P6_SP00524" HPOS="1676" VPOS="3167" WIDTH="0"/>
					</TextLine>
					<TextLine ID="P6_TL00076" HPOS="319" VPOS="3165" WIDTH="1355" HEIGHT="60">
						<String ID="word000545" HPOS="319" VPOS="3167" WIDTH="105" HEIGHT="38" CONTENT="were" WC="1.00" CC="0000"/>
						<SP ID="P6_SP00525" HPOS="424" VPOS="3204" WIDTH="19"/>
						<String ID="word000546" HPOS="443" VPOS="3167" WIDTH="202" HEIGHT="58" CONTENT="prpposed," WC="0.59" CC="335533335"/>
						<SP ID="P6_SP00526" HPOS="645" VPOS="3224" WIDTH="15"/>
						<String ID="word000547" HPOS="660" VPOS="3165" WIDTH="73" HEIGHT="37" CONTENT="and" WC="0.96" CC="100"/>
						<SP ID="P6_SP00527" HPOS="733" VPOS="3224" WIDTH="20"/>
						<String ID="word000548" HPOS="754" VPOS="3172" WIDTH="39" HEIGHT="34" CONTENT="tq" WC="0.89" CC="11"/>
						<SP ID="P6_SP00528" HPOS="793" VPOS="3224" WIDTH="17"/>
						<String ID="word000549" HPOS="809" VPOS="3167" WIDTH="86" HEIGHT="43" CONTENT="such" WC="0.89" CC="0112"/>
						<SP ID="P6_SP00529" HPOS="895" VPOS="3224" WIDTH="14"/>
						<String ID="word000550" HPOS="909" VPOS="3167" WIDTH="250" HEIGHT="35" CONTENT="construction" WC="0.81" CC="532410110013"/>
						<SP ID="P6_SP00530" HPOS="1160" VPOS="3224" WIDTH="18"/>
						<String ID="word000551" HPOS="1178" VPOS="3176" WIDTH="40" HEIGHT="22" CONTENT="as" WC="0.94" CC="10"/>
						<SP ID="P6_SP00531" HPOS="1218" VPOS="3224" WIDTH="22"/>
						<String ID="word000552" HPOS="1240" VPOS="3167" WIDTH="237" HEIGHT="40" CONTENT="Liettt.-(ien." WC="0.50" CC="3338835437533"/>
						<SP ID="P6_SP00532" HPOS="1478" VPOS="3224" WIDTH="19"/>
						<String ID="word000553" HPOS="1496" VPOS="3168" WIDTH="61" HEIGHT="34" CONTENT="Sir" WC="0.93" CC="200"/>
						<SP ID="P6_SP00533" HPOS="1558" VPOS="3224" WIDTH="24"/>
						<String ID="word000554" HPOS="1581" VPOS="3168" WIDTH="92" HEIGHT="35" CONTENT="Flew" WC="0.78" CC="3131"/>
						<SP ID="P6_SP00534" HPOS="1674" VPOS="3224" WIDTH="0"/>
					</TextLine>
					<TextLine ID="P6_TL00077" HPOS="322" VPOS="3211" WIDTH="1358" HEIGHT="54">
						<String ID="word000555" HPOS="322" VPOS="3215" WIDTH="233" HEIGHT="50" CONTENT="Dalrymple" WC="0.75" CC="412250240"/>
						<SP ID="P6_SP00535" HPOS="555" VPOS="3265" WIDTH="19"/>
						<String ID="word000556" HPOS="574" VPOS="3219" WIDTH="66" HEIGHT="41" CONTENT="put" WC="1.00" CC="000"/>
						<SP ID="P6_SP00536" HPOS="640" VPOS="3265" WIDTH="24"/>
						<String ID="word000557" HPOS="664" VPOS="3226" WIDTH="103" HEIGHT="32" CONTENT="upon" WC="0.97" CC="0001"/>
						<SP ID="P6_SP00537" HPOS="767" VPOS="3265" WIDTH="17"/>
						<String ID="word000558" HPOS="783" VPOS="3211" WIDTH="97" HEIGHT="44" CONTENT="them" WC="0.83" CC="1104"/>
						<SP ID="P6_SP00538" HPOS="880" VPOS="3265" WIDTH="30"/>
						<String ID="word000559" HPOS="909" VPOS="3214" WIDTH="38" HEIGHT="34" CONTENT="in" WC="1.00" CC="00"/>
						<SP ID="P6_SP00539" HPOS="947" VPOS="3265" WIDTH="26"/>
						<String ID="word000560" HPOS="973" VPOS="3223" WIDTH="100" HEIGHT="33" CONTENT="some" WC="0.67" CC="3333"/>
						<SP ID="P6_SP00540" HPOS="1074" VPOS="3265" WIDTH="18"/>
						<String ID="word000561" HPOS="1091" VPOS="3214" WIDTH="194" HEIGHT="40" CONTENT="instances," WC="0.89" CC="0201211012"/>
						<SP ID="P6_SP00541" HPOS="1285" VPOS="3265" WIDTH="21"/>
						<String ID="word000562" HPOS="1306" VPOS="3214" WIDTH="123" HEIGHT="34" CONTENT="where" WC="0.95" CC="10100"/>
						<SP ID="P6_SP00542" HPOS="1429" VPOS="3265" WIDTH="14"/>
						<String ID="word000563" HPOS="1443" VPOS="3220" WIDTH="14" HEIGHT="28" CONTENT="1" WC="0.33" CC="6"/>
						<SP ID="P6_SP00543" HPOS="1457" VPOS="3265" WIDTH="9"/>
						<String ID="word000564" HPOS="1467" VPOS="3215" WIDTH="70" HEIGHT="44" CONTENT="hey" WC="0.70" CC="620"/>
						<SP ID="P6_SP00544" HPOS="1537" VPOS="3265" WIDTH="20"/>
						<String ID="word000565" HPOS="1557" VPOS="3217" WIDTH="123" HEIGHT="41" CONTENT="might" WC="0.58" CC="43138"/>
						<SP ID="P6_SP00545" HPOS="1680" VPOS="3265" WIDTH="0"/>
					</TextLine>
					<TextLine ID="P6_TL00078" HPOS="322" VPOS="3260" WIDTH="1356" HEIGHT="50">
						<String ID="word000566" HPOS="322" VPOS="3265" WIDTH="96" HEIGHT="38" CONTENT="hive" WC="0.61" CC="6701"/>
						<SP ID="P6_SP00546" HPOS="418" VPOS="3302" WIDTH="21"/>
						<String ID="word000567" HPOS="439" VPOS="3265" WIDTH="116" HEIGHT="45" CONTENT="pprae" WC="0.44" CC="63574"/>
						<SP ID="P6_SP00547" HPOS="555" VPOS="3309" WIDTH="17"/>
						<String ID="word000568" HPOS="572" VPOS="3274" WIDTH="25" HEIGHT="22" CONTENT="a" WC="0.89" CC="1"/>
						<SP ID="P6_SP00548" HPOS="596" VPOS="3309" WIDTH="14"/>
						<String ID="word000569" HPOS="611" VPOS="3263" WIDTH="201" HEIGHT="40" CONTENT="d'tiereucr" WC="0.54" CC="5535433535"/>
						<SP ID="P6_SP00549" HPOS="811" VPOS="3309" WIDTH="17"/>
						<String ID="word000570" HPOS="828" VPOS="3260" WIDTH="43" HEIGHT="35" CONTENT="of" WC="1.00" CC="00"/>
						<SP ID="P6_SP00550" HPOS="870" VPOS="3309" WIDTH="13"/>
						<String ID="word000571" HPOS="883" VPOS="3261" WIDTH="305" HEIGHT="45" CONTENT="interpretation." WC="0.80" CC="201111031620351"/>
						<SP ID="P6_SP00551" HPOS="1188" VPOS="3309" WIDTH="60"/>
						<String ID="word000572" HPOS="1248" VPOS="3262" WIDTH="32" HEIGHT="41" CONTENT="1," WC="0.67" CC="33"/>
						<SP ID="P6_SP00552" HPOS="1280" VPOS="3309" WIDTH="20"/>
						<String ID="word000573" HPOS="1300" VPOS="3262" WIDTH="200" HEIGHT="43" CONTENT="therefore.," WC="0.64" CC="33211531377"/>
						<SP ID="P6_SP00553" HPOS="1500" VPOS="3309" WIDTH="21"/>
						<String ID="word000574" HPOS="1521" VPOS="3265" WIDTH="106" HEIGHT="38" CONTENT="think" WC="0.62" CC="34352"/>
						<SP ID="P6_SP00554" HPOS="1628" VPOS="3309" WIDTH="22"/>
						<String ID="word000575" HPOS="1650" VPOS="3267" WIDTH="28" HEIGHT="33" CONTENT="it" WC="0.94" CC="01"/>
						<SP ID="P6_SP00555" HPOS="1678" VPOS="3309" WIDTH="0"/>
					</TextLine>
					<TextLine ID="P6_TL00079" HPOS="321" VPOS="3308" WIDTH="1357" HEIGHT="63">
						<String ID="word000576" HPOS="321" VPOS="3311" WIDTH="169" HEIGHT="60" CONTENT="prilhOle" WC="0.41" CC="33888730"/>
						<String ID="word000577" HPOS="490" VPOS="3311" WIDTH="21" HEIGHT="60" CONTENT="i" STYLE="subscript" WC="0.41" CC="7"/>
						<String ID="word000578" HPOS="511" VPOS="3311" WIDTH="21" HEIGHT="60" CONTENT="," WC="0.41" CC="6"/>
						<SP ID="P6_SP00556" HPOS="533" VPOS="3371" WIDTH="15"/>
						<String ID="word000579" HPOS="548" VPOS="3309" WIDTH="56" HEIGHT="35" CONTENT="for" WC="0.78" CC="051"/>
						<SP ID="P6_SP00557" HPOS="604" VPOS="3371" WIDTH="19"/>
						<String ID="word000580" HPOS="622" VPOS="3309" WIDTH="63" HEIGHT="35" CONTENT="the" WC="0.96" CC="010"/>
						<SP ID="P6_SP00558" HPOS="685" VPOS="3371" WIDTH="17"/>
						<String ID="word000581" HPOS="702" VPOS="3309" WIDTH="122" HEIGHT="41" CONTENT="alove" WC="0.42" CC="75833"/>
						<SP ID="P6_SP00559" HPOS="823" VPOS="3371" WIDTH="19"/>
						<String ID="word000582" HPOS="842" VPOS="3319" WIDTH="164" HEIGHT="33" CONTENT="reasons," WC="0.90" CC="03021001"/>
						<SP ID="P6_SP00560" HPOS="1006" VPOS="3371" WIDTH="28"/>
						<String ID="word000583" HPOS="1035" VPOS="3309" WIDTH="77" HEIGHT="41" CONTENT="that" WC="0.61" CC="4451"/>
						<SP ID="P6_SP00561" HPOS="1111" VPOS="3371" WIDTH="21"/>
						<String ID="word000584" HPOS="1133" VPOS="3308" WIDTH="35" HEIGHT="34" CONTENT="if" WC="1.00" CC="00"/>
						<SP ID="P6_SP00562" HPOS="1168" VPOS="3371" WIDTH="12"/>
						<String ID="word000585" HPOS="1180" VPOS="3309" WIDTH="69" HEIGHT="33" CONTENT="Ic,s" WC="0.56" CC="4444"/>
						<SP ID="P6_SP00563" HPOS="1248" VPOS="3371" WIDTH="20"/>
						<String ID="word000586" HPOS="1269" VPOS="3309" WIDTH="221" HEIGHT="38" CONTENT="favourable" WC="0.77" CC="5312003331"/>
						<SP ID="P6_SP00564" HPOS="1489" VPOS="3371" WIDTH="18"/>
						<String ID="word000587" HPOS="1507" VPOS="3317" WIDTH="113" HEIGHT="32" CONTENT="terms" WC="0.91" CC="03010"/>
						<SP ID="P6_SP00565" HPOS="1620" VPOS="3371" WIDTH="20"/>
						<String ID="word000588" HPOS="1641" VPOS="3321" WIDTH="37" HEIGHT="26" CONTENT="to" WC="1.00" CC="00"/>
						<SP ID="P6_SP00566" HPOS="1677" VPOS="3371" WIDTH="0"/>
					</TextLine>
					<TextLine ID="P6_TL00080" HPOS="320" VPOS="3356" WIDTH="1360" HEIGHT="50">
						<String ID="word000589" HPOS="320" VPOS="3361" WIDTH="67" HEIGHT="37" CONTENT="the" WC="0.63" CC="127"/>
						<SP ID="P6_SP00567" HPOS="387" VPOS="3398" WIDTH="22"/>
						<String ID="word000590" HPOS="410" VPOS="3360" WIDTH="21" HEIGHT="38" CONTENT="1" WC="0.67" CC="3"/>
						<SP ID="P6_SP00568" HPOS="431" VPOS="3398" WIDTH="15"/>
						<String ID="word000591" HPOS="446" VPOS="3360" WIDTH="110" HEIGHT="34" CONTENT="rench" WC="0.53" CC="43347"/>
						<SP ID="P6_SP00569" HPOS="556" VPOS="3398" WIDTH="18"/>
						<String ID="word000592" HPOS="574" VPOS="3369" WIDTH="107" HEIGHT="35" CONTENT="army" WC="0.94" CC="0020"/>
						<SP ID="P6_SP00570" HPOS="681" VPOS="3404" WIDTH="20"/>
						<String ID="word000593" HPOS="702" VPOS="3356" WIDTH="73" HEIGHT="39" CONTENT="Lad" WC="0.78" CC="411"/>
						<SP ID="P6_SP00571" HPOS="775" VPOS="3404" WIDTH="26"/>
						<String ID="word000594" HPOS="801" VPOS="3358" WIDTH="91" HEIGHT="34" CONTENT="been" WC="0.69" CC="5402"/>
						<SP ID="P6_SP00572" HPOS="892" VPOS="3404" WIDTH="21"/>
						<String ID="word000595" HPOS="913" VPOS="3356" WIDTH="149" HEIGHT="37" CONTENT="iusisted" WC="0.50" CC="34535583"/>
						<SP ID="P6_SP00573" HPOS="1062" VPOS="3404" WIDTH="20"/>
						<String ID="word000596" HPOS="1082" VPOS="3367" WIDTH="115" HEIGHT="38" CONTENT="apon," WC="0.53" CC="75306"/>
						<SP ID="P6_SP00574" HPOS="1196" VPOS="3405" WIDTH="25"/>
						<String ID="word000597" HPOS="1221" VPOS="3357" WIDTH="86" HEIGHT="45" CONTENT="they" WC="1.00" CC="0000"/>
						<SP ID="P6_SP00575" HPOS="1307" VPOS="3405" WIDTH="22"/>
						<String ID="word000598" HPOS="1330" VPOS="3358" WIDTH="123" HEIGHT="35" CONTENT="would" WC="0.80" CC="01044"/>
						<SP ID="P6_SP00576" HPOS="1453" VPOS="3405" WIDTH="19"/>
						<String ID="word000599" HPOS="1472" VPOS="3358" WIDTH="96" HEIGHT="37" CONTENT="have" WC="0.97" CC="0001"/>
						<SP ID="P6_SP00577" HPOS="1567" VPOS="3405" WIDTH="19"/>
						<String ID="word000600" HPOS="1586" VPOS="3361" WIDTH="93" HEIGHT="38" CONTENT="been" WC="0.64" CC="3334"/>
						<SP ID="P6_SP00578" HPOS="1680" VPOS="3405" WIDTH="0"/>
					</TextLine>
					<TextLine ID="P6_TL00081" HPOS="322" VPOS="3405" WIDTH="1351" HEIGHT="53">
						<String ID="word000601" HPOS="322" VPOS="3407" WIDTH="18" HEIGHT="51" CONTENT="g" WC="0.23" CC="7"/>
						<String ID="word000602" HPOS="340" VPOS="3407" WIDTH="18" HEIGHT="51" CONTENT="l" STYLE="subscript" WC="0.23" CC="7"/>
						<String ID="word000603" HPOS="358" VPOS="3407" WIDTH="128" HEIGHT="51" CONTENT="Ff„eded" WC="0.23" CC="8887557"/>
						<SP ID="P6_SP00579" HPOS="485" VPOS="3458" WIDTH="22"/>
						<String ID="word000604" HPOS="508" VPOS="3415" WIDTH="54" HEIGHT="26" CONTENT="to." WC="0.93" CC="101"/>
						<SP ID="P6_SP00580" HPOS="562" VPOS="3458" WIDTH="582"/>
						<String ID="word000605" HPOS="1144" VPOS="3405" WIDTH="272" HEIGHT="41" CONTENT="PENIbROKE," WC="0.32" CC="4887377584"/>
						<SP ID="P6_SP00581" HPOS="1416" VPOS="3458" WIDTH="22"/>
						<String ID="word000606" HPOS="1439" VPOS="3407" WIDTH="234" HEIGHT="35" CONTENT="Lieut.-Gen." WC="0.80" CC="51011441111"/>
						<SP ID="P6_SP00582" HPOS="1672" VPOS="3458" WIDTH="0"/>
					</TextLine>
					<TextLine ID="P6_TL00082" HPOS="372" VPOS="3465" WIDTH="1306" HEIGHT="49">
						<String ID="word000607" HPOS="372" VPOS="3468" WIDTH="21" HEIGHT="39" CONTENT="I" WC="0.67" CC="3"/>
						<SP ID="P6_SP00583" HPOS="393" VPOS="3507" WIDTH="21"/>
						<String ID="word000608" HPOS="415" VPOS="3468" WIDTH="72" HEIGHT="37" CONTENT="feel" WC="0.89" CC="0301"/>
						<SP ID="P6_SP00584" HPOS="487" VPOS="3507" WIDTH="19"/>
						<String ID="word000609" HPOS="506" VPOS="3468" WIDTH="67" HEIGHT="41" CONTENT="lest'" WC="0.33" CC="64677"/>
						<SP ID="P6_SP00585" HPOS="573" VPOS="3509" WIDTH="18"/>
						<String ID="word000610" HPOS="591" VPOS="3467" WIDTH="281" HEIGHT="41" CONTENT="awkwardness" WC="0.79" CC="23013013431"/>
						<SP ID="P6_SP00586" HPOS="872" VPOS="3509" WIDTH="17"/>
						<String ID="word000611" HPOS="888" VPOS="3465" WIDTH="37" HEIGHT="34" CONTENT="in" WC="1.00" CC="00"/>
						<SP ID="P6_SP00587" HPOS="925" VPOS="3509" WIDTH="15"/>
						<String ID="word000612" HPOS="940" VPOS="3467" WIDTH="165" HEIGHT="44" CONTENT="obeying" WC="0.84" CC="0450100"/>
						<SP ID="P6_SP00588" HPOS="1106" VPOS="3510" WIDTH="26"/>
						<String ID="word000613" HPOS="1131" VPOS="3467" WIDTH="63" HEIGHT="33" CONTENT="the" WC="0.93" CC="110"/>
						<SP ID="P6_SP00589" HPOS="1194" VPOS="3510" WIDTH="12"/>
						<String ID="word000614" HPOS="1206" VPOS="3467" WIDTH="110" HEIGHT="34" CONTENT="order" WC="0.71" CC="21541"/>
						<SP ID="P6_SP00590" HPOS="1316" VPOS="3510" WIDTH="12"/>
						<String ID="word000615" HPOS="1328" VPOS="3469" WIDTH="39" HEIGHT="32" CONTENT="to" WC="0.33" CC="66"/>
						<SP ID="P6_SP00591" HPOS="1367" VPOS="3510" WIDTH="18"/>
						<String ID="word000616" HPOS="1384" VPOS="3469" WIDTH="115" HEIGHT="34" CONTENT="detail" WC="0.94" CC="000210"/>
						<SP ID="P6_SP00592" HPOS="1499" VPOS="3510" WIDTH="20"/>
						<String ID="word000617" HPOS="1519" VPOS="3480" WIDTH="61" HEIGHT="34" CONTENT="my" WC="1.00" CC="00"/>
						<SP ID="P6_SP00593" HPOS="1580" VPOS="3514" WIDTH="17"/>
						<String ID="word000618" HPOS="1597" VPOS="3480" WIDTH="61" HEIGHT="25" CONTENT="sen" SUBS_TYPE="HypPart1" SUBS_CONTENT="sentiments" WC="0.89" CC="130"/>
						<HYP HPOS="1658" VPOS="3480" WIDTH="20" CONTENT="-"/>
					</TextLine>
					<TextLine ID="P6_TL00083" HPOS="322" VPOS="3513" WIDTH="1358" HEIGHT="43">
						<String ID="word000619" HPOS="322" VPOS="3517" WIDTH="152" HEIGHT="34" CONTENT="timents" SUBS_TYPE="HypPart2" SUBS_CONTENT="sentiments" WC="0.84" CC="1331011"/>
						<SP ID="P6_SP00594" HPOS="475" VPOS="3552" WIDTH="19"/>
						<String ID="word000620" HPOS="494" VPOS="3526" WIDTH="45" HEIGHT="24" CONTENT="on" WC="1.00" CC="00"/>
						<SP ID="P6_SP00595" HPOS="539" VPOS="3552" WIDTH="20"/>
						<String ID="word000621" HPOS="559" VPOS="3519" WIDTH="59" HEIGHT="32" CONTENT="the" WC="1.00" CC="000"/>
						<SP ID="P6_SP00596" HPOS="618" VPOS="3552" WIDTH="31"/>
						<String ID="word000622" HPOS="648" VPOS="3520" WIDTH="132" HEIGHT="30" CONTENT="nature" WC="0.76" CC="410503"/>
						<SP ID="P6_SP00597" HPOS="781" VPOS="3552" WIDTH="30"/>
						<String ID="word000623" HPOS="810" VPOS="3513" WIDTH="43" HEIGHT="35" CONTENT="of" WC="1.00" CC="00"/>
						<SP ID="P6_SP00598" HPOS="853" VPOS="3552" WIDTH="21"/>
						<String ID="word000624" HPOS="874" VPOS="3514" WIDTH="64" HEIGHT="34" CONTENT="the" WC="1.00" CC="000"/>
						<SP ID="P6_SP00599" HPOS="938" VPOS="3552" WIDTH="24"/>
						<String ID="word000625" HPOS="961" VPOS="3514" WIDTH="248" HEIGHT="41" CONTENT="Convention," WC="0.71" CC="22532323232"/>
						<SP ID="P6_SP00600" HPOS="1209" VPOS="3555" WIDTH="33"/>
						<String ID="word000626" HPOS="1243" VPOS="3515" WIDTH="154" HEIGHT="35" CONTENT="becauie" WC="0.40" CC="7368383"/>
						<SP ID="P6_SP00601" HPOS="1396" VPOS="3555" WIDTH="18"/>
						<String ID="word000627" HPOS="1414" VPOS="3516" WIDTH="83" HEIGHT="34" CONTENT="that" WC="0.94" CC="1010" STYLEREFS="TXT_3"/>
						<SP ID="P6_SP00602" HPOS="1496" VPOS="3555" WIDTH="34"/>
						<String ID="word000628" HPOS="1531" VPOS="3517" WIDTH="18" HEIGHT="34" CONTENT="I" WC="0.78" CC="2" STYLEREFS="TXT_3"/>
						<SP ID="P6_SP00603" HPOS="1548" VPOS="3555" WIDTH="34"/>
						<String ID="word000629" HPOS="1583" VPOS="3517" WIDTH="97" HEIGHT="34" CONTENT="have" WC="0.89" CC="0400" STYLEREFS="TXT_3"/>
						<SP ID="P6_SP00604" HPOS="1680" VPOS="3555" WIDTH="0"/>
					</TextLine>
					<TextLine ID="P6_TL00084" HPOS="321" VPOS="3562" WIDTH="1359" HEIGHT="51">
						<String ID="word000630" HPOS="321" VPOS="3563" WIDTH="301" HEIGHT="50" CONTENT="alreatlyjoined" WC="0.40" CC="84357663757383"/>
						<SP ID="P6_SP00605" HPOS="622" VPOS="3613" WIDTH="21"/>
						<String ID="word000631" HPOS="644" VPOS="3565" WIDTH="37" HEIGHT="35" CONTENT="iu" WC="0.56" CC="44"/>
						<SP ID="P6_SP00606" HPOS="680" VPOS="3613" WIDTH="19"/>
						<String ID="word000632" HPOS="699" VPOS="3563" WIDTH="65" HEIGHT="34" CONTENT="the" WC="0.78" CC="330"/>
						<SP ID="P6_SP00607" HPOS="764" VPOS="3613" WIDTH="19"/>
						<String ID="word000633" HPOS="783" VPOS="3562" WIDTH="144" HEIGHT="40" CONTENT="triltute" WC="0.46" CC="43478333"/>
						<String ID="word000634" HPOS="927" VPOS="3562" WIDTH="18" HEIGHT="40" CONTENT="e" STYLE="subscript" WC="0.46" CC="6"/>
						<String ID="word000635" HPOS="945" VPOS="3562" WIDTH="37" HEIGHT="40" CONTENT="nf" WC="0.46" CC="75"/>
						<SP ID="P6_SP00608" HPOS="981" VPOS="3613" WIDTH="13"/>
						<String ID="word000636" HPOS="994" VPOS="3562" WIDTH="184" HEIGHT="44" CONTENT="applause" WC="0.71" CC="15127410"/>
						<SP ID="P6_SP00609" HPOS="1179" VPOS="3613" WIDTH="18"/>
						<String ID="word000637" HPOS="1196" VPOS="3563" WIDTH="72" HEIGHT="35" CONTENT="due" WC="0.89" CC="030"/>
						<SP ID="P6_SP00610" HPOS="1269" VPOS="3613" WIDTH="18"/>
						<String ID="word000638" HPOS="1286" VPOS="3565" WIDTH="155" HEIGHT="37" CONTENT="another" WC="0.62" CC="7432422"/>
						<SP ID="P6_SP00611" HPOS="1441" VPOS="3613" WIDTH="20"/>
						<String ID="word000639" HPOS="1461" VPOS="3572" WIDTH="161" HEIGHT="38" CONTENT="respect:" WC="0.89" CC="01101014"/>
						<SP ID="P6_SP00612" HPOS="1622" VPOS="3613" WIDTH="19"/>
						<String ID="word000640" HPOS="1641" VPOS="3572" WIDTH="39" HEIGHT="28" CONTENT="to" WC="1.00" CC="00"/>
						<SP ID="P6_SP00613" HPOS="1680" VPOS="3613" WIDTH="0"/>
					</TextLine>
					<TextLine ID="P6_TL00085" HPOS="322" VPOS="3609" WIDTH="1358" HEIGHT="50">
						<String ID="word000641" HPOS="322" VPOS="3615" WIDTH="65" HEIGHT="34" CONTENT="the" WC="0.85" CC="310"/>
						<SP ID="P6_SP00614" HPOS="387" VPOS="3650" WIDTH="27"/>
						<String ID="word000642" HPOS="415" VPOS="3613" WIDTH="157" HEIGHT="43" CONTENT="Qttipers" WC="0.54" CC="35538333"/>
						<SP ID="P6_SP00615" HPOS="572" VPOS="3656" WIDTH="14"/>
						<String ID="word000643" HPOS="586" VPOS="3611" WIDTH="219" HEIGHT="41" CONTENT="concerned." WC="0.97" CC="0020000010"/>
						<SP ID="P6_SP00616" HPOS="804" VPOS="3656" WIDTH="58"/>
						<String ID="word000644" HPOS="862" VPOS="3609" WIDTH="66" HEIGHT="45" CONTENT="My" WC="0.89" CC="20"/>
						<SP ID="P6_SP00617" HPOS="928" VPOS="3656" WIDTH="19"/>
						<String ID="word000645" HPOS="947" VPOS="3609" WIDTH="171" HEIGHT="44" CONTENT="opinion," WC="0.79" CC="51151110"/>
						<SP ID="P6_SP00618" HPOS="1119" VPOS="3656" WIDTH="18"/>
						<String ID="word000646" HPOS="1136" VPOS="3609" WIDTH="204" HEIGHT="43" CONTENT="therefore," WC="0.71" CC="3312344510"/>
						<SP ID="P6_SP00619" HPOS="1341" VPOS="3656" WIDTH="13"/>
						<String ID="word000647" HPOS="1354" VPOS="3612" WIDTH="28" HEIGHT="37" CONTENT="is," WC="0.30" CC="388"/>
						<SP ID="P6_SP00620" HPOS="1382" VPOS="3656" WIDTH="12"/>
						<String ID="word000648" HPOS="1394" VPOS="3613" WIDTH="89" HEIGHT="43" CONTENT="only" WC="0.92" CC="0210"/>
						<SP ID="P6_SP00621" HPOS="1482" VPOS="3656" WIDTH="18"/>
						<String ID="word000649" HPOS="1500" VPOS="3614" WIDTH="180" HEIGHT="45" CONTENT="opposite" WC="0.72" CC="33353111"/>
						<SP ID="P6_SP00622" HPOS="1680" VPOS="3659" WIDTH="0"/>
					</TextLine>
					<TextLine ID="P6_TL00086" HPOS="321" VPOS="3657" WIDTH="1353" HEIGHT="50">
						<String ID="word000650" HPOS="321" VPOS="3666" WIDTH="43" HEIGHT="40" CONTENT="$o" WC="0.67" CC="33"/>
						<SP ID="P6_SP00623" HPOS="364" VPOS="3706" WIDTH="18"/>
						<String ID="word000651" HPOS="381" VPOS="3660" WIDTH="132" HEIGHT="39" CONTENT="their's" WC="0.71" CC="0032427"/>
						<SP ID="P6_SP00624" HPOS="514" VPOS="3706" WIDTH="12"/>
						<String ID="word000652" HPOS="526" VPOS="3670" WIDTH="45" HEIGHT="32" CONTENT="op" WC="1.00" CC="00"/>
						<SP ID="P6_SP00625" HPOS="570" VPOS="3706" WIDTH="8"/>
						<String ID="word000653" HPOS="579" VPOS="3670" WIDTH="24" HEIGHT="25" CONTENT="a" WC="0.89" CC="1"/>
						<SP ID="P6_SP00626" HPOS="602" VPOS="3706" WIDTH="13"/>
						<String ID="word000654" HPOS="615" VPOS="3658" WIDTH="171" HEIGHT="45" CONTENT="question" WC="0.68" CC="63011534"/>
						<SP ID="P6_SP00627" HPOS="787" VPOS="3706" WIDTH="13"/>
						<String ID="word000655" HPOS="800" VPOS="3657" WIDTH="263" HEIGHT="45" CONTENT="of.judgment," WC="0.56" CC="438336354333"/>
						<SP ID="P6_SP00628" HPOS="1063" VPOS="3706" WIDTH="17"/>
						<String ID="word000656" HPOS="1080" VPOS="3669" WIDTH="28" HEIGHT="21" CONTENT="w" WC="0.67" CC="3"/>
						<SP ID="P6_SP00629" HPOS="1108" VPOS="3706" WIDTH="11"/>
						<String ID="word000657" HPOS="1119" VPOS="3658" WIDTH="87" HEIGHT="33" CONTENT="here" WC="0.86" CC="3002"/>
						<SP ID="P6_SP00630" HPOS="1206" VPOS="3706" WIDTH="17"/>
						<String ID="word000658" HPOS="1222" VPOS="3658" WIDTH="97" HEIGHT="38" CONTENT="their" WC="0.93" CC="00030"/>
						<SP ID="P6_SP00631" HPOS="1319" VPOS="3706" WIDTH="13"/>
						<String ID="word000659" HPOS="1332" VPOS="3661" WIDTH="131" HEIGHT="33" CONTENT="talents" WC="0.98" CC="0100000"/>
						<SP ID="P6_SP00632" HPOS="1463" VPOS="3706" WIDTH="14"/>
						<String ID="word000660" HPOS="1478" VPOS="3671" WIDTH="65" HEIGHT="26" CONTENT="are" WC="0.67" CC="513"/>
						<SP ID="P6_SP00633" HPOS="1543" VPOS="3706" WIDTH="12"/>
						<String ID="word000661" HPOS="1554" VPOS="3661" WIDTH="102" HEIGHT="45" CONTENT="likely" WC="0.81" CC="020012"/>
						<String ID="word000662" HPOS="1656" VPOS="3661" WIDTH="18" HEIGHT="45" CONTENT="," STYLE="superscript" WC="0.81" CC="7"/>
						<SP ID="P6_SP00634" HPOS="1674" VPOS="3706" WIDTH="0"/>
					</TextLine>
					<TextLine ID="P6_TL00087" HPOS="322" VPOS="3705" WIDTH="1354" HEIGHT="49">
						<String ID="word000663" HPOS="322" VPOS="3719" WIDTH="41" HEIGHT="27" CONTENT="to" WC="1.00" CC="00"/>
						<SP ID="P6_SP00635" HPOS="364" VPOS="3746" WIDTH="21"/>
						<String ID="word000664" HPOS="385" VPOS="3710" WIDTH="97" HEIGHT="34" CONTENT="have" WC="0.83" CC="5001"/>
						<SP ID="P6_SP00636" HPOS="482" VPOS="3746" WIDTH="17"/>
						<String ID="word000665" HPOS="498" VPOS="3719" WIDTH="40" HEIGHT="22" CONTENT="so" WC="1.00" CC="00"/>
						<SP ID="P6_SP00637" HPOS="539" VPOS="3746" WIDTH="15"/>
						<String ID="word000666" HPOS="554" VPOS="3707" WIDTH="103" HEIGHT="35" CONTENT="much" WC="0.89" CC="0031"/>
						<SP ID="P6_SP00638" HPOS="657" VPOS="3746" WIDTH="21"/>
						<String ID="word000667" HPOS="678" VPOS="3716" WIDTH="106" HEIGHT="31" CONTENT="more" WC="0.81" CC="2500"/>
						<SP ID="P6_SP00639" HPOS="784" VPOS="3746" WIDTH="19"/>
						<String ID="word000668" HPOS="803" VPOS="3706" WIDTH="158" HEIGHT="44" CONTENT="weight," WC="0.86" CC="1201041"/>
						<SP ID="P6_SP00640" HPOS="961" VPOS="3750" WIDTH="19"/>
						<String ID="word000669" HPOS="980" VPOS="3716" WIDTH="40" HEIGHT="22" CONTENT="as" WC="0.94" CC="10"/>
						<SP ID="P6_SP00641" HPOS="1020" VPOS="3750" WIDTH="19"/>
						<String ID="word000670" HPOS="1039" VPOS="3711" WIDTH="38" HEIGHT="30" CONTENT="to" WC="0.94" CC="01"/>
						<SP ID="P6_SP00642" HPOS="1077" VPOS="3750" WIDTH="21"/>
						<String ID="word000671" HPOS="1098" VPOS="3705" WIDTH="133" HEIGHT="35" CONTENT="render" WC="0.94" CC="001110"/>
						<SP ID="P6_SP00643" HPOS="1232" VPOS="3750" WIDTH="14"/>
						<String ID="word000672" HPOS="1246" VPOS="3705" WIDTH="64" HEIGHT="35" CONTENT="the" WC="0.89" CC="030"/>
						<SP ID="P6_SP00644" HPOS="1310" VPOS="3750" WIDTH="15"/>
						<String ID="word000673" HPOS="1325" VPOS="3707" WIDTH="204" HEIGHT="41" CONTENT="profession" WC="0.72" CC="0051366121"/>
						<SP ID="P6_SP00645" HPOS="1530" VPOS="3750" WIDTH="27"/>
						<String ID="word000674" HPOS="1557" VPOS="3707" WIDTH="46" HEIGHT="39" CONTENT="of" WC="0.56" CC="71"/>
						<SP ID="P6_SP00646" HPOS="1603" VPOS="3750" WIDTH="14"/>
						<String ID="word000675" HPOS="1617" VPOS="3720" WIDTH="59" HEIGHT="33" CONTENT="my" WC="0.94" CC="01"/>
						<SP ID="P6_SP00647" HPOS="1676" VPOS="3754" WIDTH="0"/>
					</TextLine>
					<TextLine ID="P6_TL00088" HPOS="321" VPOS="3754" WIDTH="1359" HEIGHT="46">
						<String ID="word000676" HPOS="321" VPOS="3758" WIDTH="220" HEIGHT="39" CONTENT="difference," WC="0.48" CC="33773377353"/>
						<SP ID="P6_SP00648" HPOS="541" VPOS="3797" WIDTH="12"/>
						<String ID="word000677" HPOS="553" VPOS="3767" WIDTH="89" HEIGHT="26" CONTENT="even" WC="1.00" CC="0000"/>
						<SP ID="P6_SP00649" HPOS="641" VPOS="3797" WIDTH="19"/>
						<String ID="word000678" HPOS="660" VPOS="3767" WIDTH="47" HEIGHT="26" CONTENT="on" WC="0.78" CC="13"/>
						<SP ID="P6_SP00650" HPOS="707" VPOS="3797" WIDTH="20"/>
						<String ID="word000679" HPOS="728" VPOS="3754" WIDTH="84" HEIGHT="39" CONTENT="that" WC="0.89" CC="0310"/>
						<SP ID="P6_SP00651" HPOS="811" VPOS="3797" WIDTH="25"/>
						<String ID="word000680" HPOS="836" VPOS="3754" WIDTH="124" HEIGHT="45" CONTENT="pejo*," WC="0.54" CC="176632"/>
						<SP ID="P6_SP00652" HPOS="960" VPOS="3798" WIDTH="33"/>
						<String ID="word000681" HPOS="993" VPOS="3754" WIDTH="209" HEIGHT="34" CONTENT="somewhat" WC="0.83" CC="10503210"/>
						<SP ID="P6_SP00653" HPOS="1202" VPOS="3798" WIDTH="20"/>
						<String ID="word000682" HPOS="1222" VPOS="3754" WIDTH="162" HEIGHT="45" CONTENT="pajuful." WC="0.60" CC="34553333"/>
						<SP ID="P6_SP00654" HPOS="1384" VPOS="3798" WIDTH="52"/>
						<String ID="word000683" HPOS="1436" VPOS="3756" WIDTH="83" HEIGHT="35" CONTENT="The" WC="0.63" CC="433"/>
						<SP ID="P6_SP00655" HPOS="1519" VPOS="3798" WIDTH="17"/>
						<String ID="word000684" HPOS="1535" VPOS="3757" WIDTH="94" HEIGHT="43" CONTENT="duty" WC="1.00" CC="0000"/>
						<SP ID="P6_SP00656" HPOS="1630" VPOS="3800" WIDTH="21"/>
						<String ID="word000685" HPOS="1651" VPOS="3758" WIDTH="28" HEIGHT="34" CONTENT="is" WC="1.00" CC="00"/>
						<SP ID="P6_SP00657" HPOS="1680" VPOS="3800" WIDTH="0"/>
					</TextLine>
					<TextLine ID="P6_TL00089" HPOS="322" VPOS="3801" WIDTH="1120" HEIGHT="50">
						<String ID="word000686" HPOS="322" VPOS="3807" WIDTH="196" HEIGHT="44" CONTENT="however," WC="0.94" CC="10101001"/>
						<SP ID="P6_SP00658" HPOS="519" VPOS="3850" WIDTH="20"/>
						<String ID="word000687" HPOS="539" VPOS="3803" WIDTH="204" HEIGHT="46" CONTENT="imperious" WC="0.91" CC="000001132"/>
						<SP ID="P6_SP00659" HPOS="743" VPOS="3850" WIDTH="17"/>
						<String ID="word000688" HPOS="759" VPOS="3811" WIDTH="46" HEIGHT="27" CONTENT="on" WC="0.56" CC="44"/>
						<SP ID="P6_SP00660" HPOS="806" VPOS="3850" WIDTH="25"/>
						<String ID="word000689" HPOS="830" VPOS="3811" WIDTH="54" HEIGHT="25" CONTENT="me" WC="0.89" CC="11"/>
						<SP ID="P6_SP00661" HPOS="885" VPOS="3850" WIDTH="17"/>
						<String ID="word000690" HPOS="901" VPOS="3807" WIDTH="69" HEIGHT="32" CONTENT="not" WC="0.81" CC="311"/>
						<SP ID="P6_SP00662" HPOS="970" VPOS="3850" WIDTH="19"/>
						<String ID="word000691" HPOS="989" VPOS="3808" WIDTH="39" HEIGHT="27" CONTENT="to" WC="0.94" CC="01"/>
						<SP ID="P6_SP00663" HPOS="1028" VPOS="3850" WIDTH="18"/>
						<String ID="word000692" HPOS="1045" VPOS="3801" WIDTH="162" HEIGHT="43" CONTENT="disguise" WC="0.69" CC="33311353"/>
						<SP ID="P6_SP00664" HPOS="1207" VPOS="3850" WIDTH="17"/>
						<String ID="word000693" HPOS="1224" VPOS="3811" WIDTH="41" HEIGHT="22" CONTENT="or" WC="1.00" CC="00"/>
						<SP ID="P6_SP00665" HPOS="1265" VPOS="3850" WIDTH="28"/>
						<String ID="word000694" HPOS="1293" VPOS="3802" WIDTH="149" HEIGHT="45" CONTENT="qualify" WC="0.97" CC="0000200"/>
						<SP ID="P6_SP00666" HPOS="1442" VPOS="3850" WIDTH="0"/>
					</TextLine>
					<TextLine ID="P6_TL00090" HPOS="1456" VPOS="3804" WIDTH="225" HEIGHT="40">
						<String ID="word000695" HPOS="1456" VPOS="3804" WIDTH="72" HEIGHT="40" CONTENT=",the" WC="0.67" CC="6033"/>
						<SP ID="P6_SP00667" HPOS="1528" VPOS="3844" WIDTH="14"/>
						<String ID="word000696" HPOS="1543" VPOS="3804" WIDTH="138" HEIGHT="38" CONTENT="&amp;dues" WC="0.60" CC="60165"/>
						<SP ID="P6_SP00668" HPOS="1681" VPOS="3844" WIDTH="0"/>
					</TextLine>
					<TextLine ID="P6_TL00091" HPOS="321" VPOS="3852" WIDTH="283" HEIGHT="47">
						<String ID="word000697" HPOS="321" VPOS="3852" WIDTH="249" HEIGHT="47" CONTENT="tionesvilich" WC="0.41" CC="553577788333"/>
						<SP ID="P6_SP00669" HPOS="570" VPOS="3899" WIDTH="17"/>
						<String ID="word000698" HPOS="587" VPOS="3852" WIDTH="17" HEIGHT="34" CONTENT="I" WC="0.44" CC="5"/>
						<SP ID="P6_SP00670" HPOS="604" VPOS="3899" WIDTH="0"/>
					</TextLine>
					<TextLine ID="P6_TL00092" HPOS="615" VPOS="3848" WIDTH="772" HEIGHT="48">
						<String ID="word000699" HPOS="615" VPOS="3852" WIDTH="20" HEIGHT="41" CONTENT="•" STYLE="subscript" WC="0.53" CC="8"/>
						<String ID="word000700" HPOS="635" VPOS="3852" WIDTH="85" HEIGHT="41" CONTENT="have" WC="0.53" CC="3334"/>
						<SP ID="P6_SP00671" HPOS="720" VPOS="3893" WIDTH="14"/>
						<String ID="word000701" HPOS="735" VPOS="3849" WIDTH="112" HEIGHT="43" CONTENT=";node" WC="0.56" CC="64541"/>
						<SP ID="P6_SP00672" HPOS="847" VPOS="3893" WIDTH="17"/>
						<String ID="word000702" HPOS="863" VPOS="3849" WIDTH="137" HEIGHT="43" CONTENT="during" WC="0.91" CC="031001"/>
						<SP ID="P6_SP00673" HPOS="1000" VPOS="3893" WIDTH="14"/>
						<String ID="word000703" HPOS="1015" VPOS="3848" WIDTH="72" HEIGHT="33" CONTENT="this" WC="1.00" CC="0000"/>
						<SP ID="P6_SP00674" HPOS="1087" VPOS="3893" WIDTH="20"/>
						<String ID="word000704" HPOS="1107" VPOS="3849" WIDTH="280" HEIGHT="47" CONTENT="investigation." WC="0.81" CC="13513114120110"/>
						<SP ID="P6_SP00675" HPOS="1387" VPOS="3896" WIDTH="0"/>
					</TextLine>
				</TextBlock>
				<TextBlock ID="pa0006010" HPOS="1474" VPOS="3868" WIDTH="108" HEIGHT="21" STYLEREFS="TXT_0 PAR_LEFT">
					<TextLine ID="P6_TL00093" HPOS="1475" VPOS="3870" WIDTH="107" HEIGHT="17">
						<String ID="word000705" HPOS="1475" VPOS="3870" WIDTH="4" HEIGHT="17" CONTENT="," WC="1.00" CC="0" STYLEREFS="TXT_4"/>
						<SP ID="P6_SP00676" HPOS="1479" VPOS="3887" WIDTH="99"/>
						<String ID="word000706" HPOS="1578" VPOS="3870" WIDTH="4" HEIGHT="17" CONTENT="•" WC="1.00" CC="0" STYLEREFS="TXT_4"/>
						<SP ID="P6_SP00677" HPOS="1581" VPOS="3887" WIDTH="0"/>
					</TextLine>
				</TextBlock>
				<TextBlock ID="pa0006011" HPOS="309" VPOS="3907" WIDTH="1377" HEIGHT="346" STYLEREFS="TXT_0 PAR_BLOCK">
					<TextLine ID="P6_TL00094" HPOS="372" VPOS="3909" WIDTH="1307" HEIGHT="48">
						<String ID="word000707" HPOS="372" VPOS="3915" WIDTH="60" HEIGHT="38" CONTENT="An" WC="1.00" CC="00"/>
						<SP ID="P6_SP00678" HPOS="432" VPOS="3953" WIDTH="14"/>
						<String ID="word000708" HPOS="446" VPOS="3913" WIDTH="202" HEIGHT="37" CONTENT="Armistice" WC="0.78" CC="010351332"/>
						<SP ID="P6_SP00679" HPOS="648" VPOS="3953" WIDTH="13"/>
						<String ID="word000709" HPOS="661" VPOS="3913" WIDTH="139" HEIGHT="44" CONTENT="simply" WC="0.78" CC="103431"/>
						<SP ID="P6_SP00680" HPOS="801" VPOS="3957" WIDTH="34"/>
						<String ID="word000710" HPOS="835" VPOS="3911" WIDTH="119" HEIGHT="44" CONTENT="might" WC="0.62" CC="04751"/>
						<SP ID="P6_SP00681" HPOS="954" VPOS="3957" WIDTH="28"/>
						<String ID="word000711" HPOS="983" VPOS="3914" WIDTH="63" HEIGHT="28" CONTENT="not" WC="0.96" CC="010"/>
						<SP ID="P6_SP00682" HPOS="1045" VPOS="3957" WIDTH="26"/>
						<String ID="word000712" HPOS="1071" VPOS="3909" WIDTH="94" HEIGHT="33" CONTENT="have" WC="0.94" CC="0101"/>
						<SP ID="P6_SP00683" HPOS="1166" VPOS="3957" WIDTH="26"/>
						<String ID="word000713" HPOS="1192" VPOS="3909" WIDTH="403" HEIGHT="46" CONTENT="heein•objectionahle," WC="0.50" CC="33776638363533335733"/>
						<SP ID="P6_SP00684" HPOS="1594" VPOS="3957" WIDTH="19"/>
						<String ID="word000714" HPOS="1613" VPOS="3914" WIDTH="45" HEIGHT="34" CONTENT="he" SUBS_TYPE="HypPart1" SUBS_CONTENT="hetaw" WC="0.78" CC="13"/>
						<HYP HPOS="1658" VPOS="3914" WIDTH="21" CONTENT="-"/>
					</TextLine>
					<TextLine ID="P6_TL00095" HPOS="318" VPOS="3958" WIDTH="1368" HEIGHT="50">
						<String ID="word000715" HPOS="318" VPOS="3976" WIDTH="111" HEIGHT="26" CONTENT="taw" SUBS_TYPE="HypPart2" SUBS_CONTENT="hetaw" WC="0.52" CC="616"/>
						<SP ID="P6_SP00685" HPOS="429" VPOS="4002" WIDTH="33"/>
						<String ID="word000716" HPOS="462" VPOS="3963" WIDTH="60" HEIGHT="34" CONTENT="Sir" WC="0.85" CC="112"/>
						<SP ID="P6_SP00686" HPOS="522" VPOS="4002" WIDTH="39"/>
						<String ID="word000717" HPOS="561" VPOS="3961" WIDTH="94" HEIGHT="46" CONTENT="ilew" WC="0.39" CC="8833"/>
						<SP ID="P6_SP00687" HPOS="656" VPOS="4007" WIDTH="170"/>
						<String ID="word000718" HPOS="826" VPOS="3960" WIDTH="116" HEIGHT="44" CONTENT="inplo," WC="0.44" CC="853653"/>
						<SP ID="P6_SP00688" HPOS="941" VPOS="4007" WIDTH="35"/>
						<String ID="word000719" HPOS="977" VPOS="3958" WIDTH="207" HEIGHT="44" CONTENT="expecting" WC="0.84" CC="311311102"/>
						<SP ID="P6_SP00689" HPOS="1183" VPOS="4007" WIDTH="28"/>
						<String ID="word000720" HPOS="1212" VPOS="3958" WIDTH="135" HEIGHT="44" CONTENT="iffilirly" WC="0.43" CC="566675353"/>
						<SP ID="P6_SP00690" HPOS="1346" VPOS="4007" WIDTH="32"/>
						<String ID="word000721" HPOS="1378" VPOS="3960" WIDTH="63" HEIGHT="32" CONTENT="the" WC="0.96" CC="010"/>
						<SP ID="P6_SP00691" HPOS="1441" VPOS="4007" WIDTH="28"/>
						<String ID="word000722" HPOS="1469" VPOS="3961" WIDTH="143" HEIGHT="35" CONTENT="arrival" WC="0.70" CC="0153136"/>
						<SP ID="P6_SP00692" HPOS="1612" VPOS="4007" WIDTH="27"/>
						<String ID="word000723" HPOS="1639" VPOS="3961" WIDTH="46" HEIGHT="35" CONTENT="of" WC="0.94" CC="10"/>
						<SP ID="P6_SP00693" HPOS="1685" VPOS="4007" WIDTH="0"/>
					</TextLine>
					<TextLine ID="P6_TL00096" HPOS="319" VPOS="4006" WIDTH="1367" HEIGHT="47">
						<String ID="word000724" HPOS="319" VPOS="4015" WIDTH="70" HEIGHT="38" CONTENT="Sir" WC="0.74" CC="133"/>
						<SP ID="P6_SP00694" HPOS="389" VPOS="4052" WIDTH="9"/>
						<String ID="word000725" HPOS="398" VPOS="4011" WIDTH="107" HEIGHT="37" CONTENT="John" WC="0.81" CC="1303"/>
						<SP ID="P6_SP00695" HPOS="506" VPOS="4052" WIDTH="21"/>
						<String ID="word000726" HPOS="527" VPOS="4009" WIDTH="162" HEIGHT="43" CONTENT="Alfinre's" WC="0.31" CC="878883347"/>
						<SP ID="P6_SP00696" HPOS="689" VPOS="4052" WIDTH="17"/>
						<String ID="word000727" HPOS="705" VPOS="4007" WIDTH="178" HEIGHT="39" CONTENT="division," WC="0.67" CC="043354512"/>
						<SP ID="P6_SP00697" HPOS="883" VPOS="4052" WIDTH="17"/>
						<String ID="word000728" HPOS="900" VPOS="4006" WIDTH="125" HEIGHT="41" CONTENT="might" WC="0.87" CC="31110"/>
						<SP ID="P6_SP00698" HPOS="1025" VPOS="4052" WIDTH="18"/>
						<String ID="word000729" HPOS="1043" VPOS="4015" WIDTH="178" HEIGHT="26" CONTENT="bee-aurae" WC="0.41" CC="607567656" STYLEREFS="TXT_3"/>
						<SP ID="P6_SP00699" HPOS="1221" VPOS="4052" WIDTH="9"/>
						<String ID="word000730" HPOS="1231" VPOS="4006" WIDTH="208" HEIGHT="43" CONTENT="adynotage" WC="0.46" CC="736683335"/>
						<SP ID="P6_SP00700" HPOS="1439" VPOS="4052" WIDTH="13"/>
						<String ID="word000731" HPOS="1452" VPOS="4007" WIDTH="58" HEIGHT="33" CONTENT="for" WC="0.56" CC="471"/>
						<SP ID="P6_SP00701" HPOS="1509" VPOS="4052" WIDTH="21"/>
						<String ID="word000732" HPOS="1531" VPOS="4009" WIDTH="155" HEIGHT="35" CONTENT="himself" WC="0.78" CC="4301132"/>
						<SP ID="P6_SP00702" HPOS="1685" VPOS="4052" WIDTH="0"/>
					</TextLine>
					<TextLine ID="P6_TL00097" HPOS="317" VPOS="4044" WIDTH="1362" HEIGHT="60">
						<String ID="word000733" HPOS="317" VPOS="4063" WIDTH="39" HEIGHT="37" CONTENT="in" WC="0.44" CC="64"/>
						<SP ID="P6_SP00703" HPOS="356" VPOS="4100" WIDTH="19"/>
						<String ID="word000734" HPOS="374" VPOS="4072" WIDTH="24" HEIGHT="25" CONTENT="u" WC="0.33" CC="6"/>
						<SP ID="P6_SP00704" HPOS="398" VPOS="4100" WIDTH="15"/>
						<String ID="word000735" HPOS="413" VPOS="4061" WIDTH="107" HEIGHT="34" CONTENT="short" WC="0.71" CC="53500"/>
						<SP ID="P6_SP00705" HPOS="521" VPOS="4100" WIDTH="21"/>
						<String ID="word000736" HPOS="542" VPOS="4058" WIDTH="221" HEIGHT="46" CONTENT=".sopemion" WC="0.43" CC="788537341"/>
						<SP ID="P6_SP00706" HPOS="763" VPOS="4104" WIDTH="28"/>
						<String ID="word000737" HPOS="791" VPOS="4056" WIDTH="47" HEIGHT="35" CONTENT="of" WC="1.00" CC="00"/>
						<SP ID="P6_SP00707" HPOS="839" VPOS="4104" WIDTH="20"/>
						<String ID="word000738" HPOS="859" VPOS="4054" WIDTH="221" HEIGHT="37" CONTENT="hostilities," WC="0.79" CC="131114301251"/>
						<SP ID="P6_SP00708" HPOS="1080" VPOS="4104" WIDTH="19"/>
						<String ID="word000739" HPOS="1098" VPOS="4054" WIDTH="91" HEIGHT="33" CONTENT="than" WC="0.97" CC="0010"/>
						<SP ID="P6_SP00709" HPOS="1189" VPOS="4104" WIDTH="19"/>
						<String ID="word000740" HPOS="1208" VPOS="4044" WIDTH="100" HEIGHT="43" CONTENT="what" WC="0.72" CC="3241"/>
						<SP ID="P6_SP00710" HPOS="1309" VPOS="4104" WIDTH="15"/>
						<String ID="word000741" HPOS="1324" VPOS="4054" WIDTH="61" HEIGHT="34" CONTENT="the" WC="0.93" CC="011"/>
						<SP ID="P6_SP00711" HPOS="1385" VPOS="4104" WIDTH="26"/>
						<String ID="word000742" HPOS="1411" VPOS="4055" WIDTH="141" HEIGHT="34" CONTENT="Preach" WC="0.72" CC="601710"/>
						<SP ID="P6_SP00712" HPOS="1552" VPOS="4104" WIDTH="14"/>
						<String ID="word000743" HPOS="1566" VPOS="4059" WIDTH="112" HEIGHT="33" CONTENT="onuld" WC="0.33" CC="88653"/>
						<SP ID="P6_SP00713" HPOS="1678" VPOS="4104" WIDTH="0"/>
					</TextLine>
					<TextLine ID="P6_TL00098" HPOS="314" VPOS="4101" WIDTH="1365" HEIGHT="46">
						<String ID="word000744" HPOS="314" VPOS="4111" WIDTH="109" HEIGHT="35" CONTENT="drag" WC="0.78" CC="1115"/>
						<SP ID="P6_SP00714" HPOS="423" VPOS="4147" WIDTH="13"/>
						<String ID="word000745" HPOS="436" VPOS="4106" WIDTH="102" HEIGHT="38" CONTENT="from" WC="0.75" CC="0135"/>
						<SP ID="P6_SP00715" HPOS="537" VPOS="4147" WIDTH="12"/>
						<String ID="word000746" HPOS="549" VPOS="4108" WIDTH="43" HEIGHT="33" CONTENT="it." WC="0.96" CC="100"/>
						<SP ID="P6_SP00716" HPOS="592" VPOS="4147" WIDTH="59"/>
						<String ID="word000747" HPOS="651" VPOS="4106" WIDTH="76" HEIGHT="35" CONTENT="But" WC="1.00" CC="000"/>
						<SP ID="P6_SP00717" HPOS="726" VPOS="4147" WIDTH="11"/>
						<String ID="word000748" HPOS="737" VPOS="4115" WIDTH="44" HEIGHT="25" CONTENT="as" WC="0.39" CC="47"/>
						<SP ID="P6_SP00718" HPOS="781" VPOS="4147" WIDTH="12"/>
						<String ID="word000749" HPOS="793" VPOS="4104" WIDTH="61" HEIGHT="33" CONTENT="the" WC="0.96" CC="001"/>
						<SP ID="P6_SP00719" HPOS="854" VPOS="4147" WIDTH="15"/>
						<String ID="word000750" HPOS="869" VPOS="4104" WIDTH="28" HEIGHT="34" CONTENT="A" WC="0.89" CC="1"/>
						<SP ID="P6_SP00720" HPOS="898" VPOS="4147" WIDTH="12"/>
						<String ID="word000751" HPOS="909" VPOS="4102" WIDTH="167" HEIGHT="35" CONTENT="rmititice" WC="0.52" CC="353883333"/>
						<SP ID="P6_SP00721" HPOS="1076" VPOS="4147" WIDTH="27"/>
						<String ID="word000752" HPOS="1103" VPOS="4101" WIDTH="190" HEIGHT="40" CONTENT="involved," WC="0.67" CC="241234551"/>
						<SP ID="P6_SP00722" HPOS="1293" VPOS="4147" WIDTH="18"/>
						<String ID="word000753" HPOS="1311" VPOS="4102" WIDTH="70" HEIGHT="33" CONTENT="and" WC="1.00" CC="000"/>
						<SP ID="P6_SP00723" HPOS="1381" VPOS="4147" WIDTH="24"/>
						<String ID="word000754" HPOS="1404" VPOS="4102" WIDTH="35" HEIGHT="37" CONTENT="is" WC="0.61" CC="16"/>
						<SP ID="P6_SP00724" HPOS="1440" VPOS="4147" WIDTH="17"/>
						<String ID="word000755" HPOS="1456" VPOS="4102" WIDTH="76" HEIGHT="35" CONTENT="fact" WC="0.61" CC="3371"/>
						<SP ID="P6_SP00725" HPOS="1532" VPOS="4147" WIDTH="14"/>
						<String ID="word000756" HPOS="1546" VPOS="4107" WIDTH="133" HEIGHT="32" CONTENT="estah—" SUBS_TYPE="HypPart1" SUBS_CONTENT="estah)ished" WC="0.69" CC="333530"/>
					</TextLine>
					<TextLine ID="P6_TL00099" HPOS="312" VPOS="4150" WIDTH="1368" HEIGHT="60">
						<String ID="word000757" HPOS="312" VPOS="4157" WIDTH="123" HEIGHT="38" CONTENT=")ished" SUBS_TYPE="HypPart2" SUBS_CONTENT="estah)ished" WC="0.48" CC="865333"/>
						<SP ID="P6_SP00726" HPOS="435" VPOS="4195" WIDTH="18"/>
						<String ID="word000758" HPOS="452" VPOS="4157" WIDTH="67" HEIGHT="33" CONTENT="the" WC="0.67" CC="144"/>
						<SP ID="P6_SP00727" HPOS="520" VPOS="4195" WIDTH="19"/>
						<String ID="word000759" HPOS="539" VPOS="4154" WIDTH="122" HEIGHT="35" CONTENT="who'll" WC="0.48" CC="335575"/>
						<SP ID="P6_SP00728" HPOS="660" VPOS="4195" WIDTH="18"/>
						<String ID="word000760" HPOS="678" VPOS="4153" WIDTH="189" HEIGHT="57" CONTENT="Pewit*" WC="0.35" CC="666386"/>
						<SP ID="P6_SP00729" HPOS="867" VPOS="4209" WIDTH="17"/>
						<String ID="word000761" HPOS="883" VPOS="4152" WIDTH="46" HEIGHT="45" CONTENT="4f" WC="0.50" CC="72"/>
						<SP ID="P6_SP00730" HPOS="930" VPOS="4209" WIDTH="25"/>
						<String ID="word000762" HPOS="954" VPOS="4152" WIDTH="65" HEIGHT="43" CONTENT="the" WC="0.67" CC="045"/>
						<SP ID="P6_SP00731" HPOS="1019" VPOS="4209" WIDTH="24"/>
						<String ID="word000763" HPOS="1043" VPOS="4150" WIDTH="249" HEIGHT="48" CONTENT="CuqTentiou," WC="0.40" CC="64783344884"/>
						<SP ID="P6_SP00732" HPOS="1292" VPOS="4209" WIDTH="22"/>
						<String ID="word000764" HPOS="1315" VPOS="4150" WIDTH="19" HEIGHT="40" CONTENT="I" WC="0.44" CC="5"/>
						<SP ID="P6_SP00733" HPOS="1333" VPOS="4209" WIDTH="18"/>
						<String ID="word000765" HPOS="1351" VPOS="4156" WIDTH="133" HEIGHT="37" CONTENT="ciiMdt" WC="0.17" CC="887886"/>
						<SP ID="P6_SP00734" HPOS="1485" VPOS="4209" WIDTH="13"/>
						<String ID="word000766" HPOS="1498" VPOS="4159" WIDTH="182" HEIGHT="43" CONTENT="separate" WC="0.58" CC="53433354"/>
						<SP ID="P6_SP00735" HPOS="1680" VPOS="4209" WIDTH="0"/>
					</TextLine>
					<TextLine ID="P6_TL00100" HPOS="364" VPOS="4204" WIDTH="572" HEIGHT="46">
						<String ID="word000767" HPOS="364" VPOS="4206" WIDTH="100" HEIGHT="38" CONTENT="fr:)ta" WC="0.28" CC="358887"/>
						<SP ID="P6_SP00736" HPOS="464" VPOS="4244" WIDTH="93"/>
						<String ID="word000768" HPOS="557" VPOS="4204" WIDTH="130" HEIGHT="46" CONTENT="lattef." WC="0.41" CC="8733565"/>
						<SP ID="P6_SP00737" HPOS="687" VPOS="4250" WIDTH="124"/>
						<String ID="word000769" HPOS="811" VPOS="4225" WIDTH="43" HEIGHT="8" CONTENT="•.•" WC="0.22" CC="777"/>
						<SP ID="P6_SP00738" HPOS="854" VPOS="4250" WIDTH="77"/>
						<String ID="word000770" HPOS="931" VPOS="4204" WIDTH="5" HEIGHT="46" CONTENT="•" WC="0.22" CC="7"/>
						<SP ID="P6_SP00739" HPOS="935" VPOS="4250" WIDTH="0"/>
					</TextLine>
				</TextBlock>
				<TextBlock ID="pa0006012" HPOS="2815" VPOS="100" WIDTH="228" HEIGHT="66" STYLEREFS="TXT_0 PAR_RIGHT">
					<TextLine ID="P6_TL00101" HPOS="2816" VPOS="102" WIDTH="221" HEIGHT="58">
						<String ID="word000771" HPOS="2816" VPOS="102" WIDTH="221" HEIGHT="58" CONTENT="JAN.S," WC="0.57" CC="333365"/>
						<SP ID="P6_SP00740" HPOS="3037" VPOS="159" WIDTH="0"/>
					</TextLine>
				</TextBlock>
				<TextBlock ID="pa0006013" HPOS="1711" VPOS="242" WIDTH="1377" HEIGHT="1827" STYLEREFS="TXT_0 PAR_BLOCK">
					<TextLine ID="P6_TL00102" HPOS="1762" VPOS="244" WIDTH="1305" HEIGHT="54">
						<String ID="word000772" HPOS="1762" VPOS="244" WIDTH="61" HEIGHT="35" CONTENT="Sir" WC="1.00" CC="000"/>
						<SP ID="P6_SP00741" HPOS="1824" VPOS="280" WIDTH="18"/>
						<String ID="word000773" HPOS="1841" VPOS="244" WIDTH="48" HEIGHT="51" CONTENT="A." WC="1.00" CC="00" STYLEREFS="TXT_4"/>
						<SP ID="P6_SP00742" HPOS="1890" VPOS="295" WIDTH="22"/>
						<String ID="word000774" HPOS="1912" VPOS="244" WIDTH="169" HEIGHT="53" CONTENT="Nfeltesie" WC="0.37" CC="883373365" STYLEREFS="TXT_4"/>
						<String ID="word000775" HPOS="2081" VPOS="244" WIDTH="19" HEIGHT="53" CONTENT="3" STYLE="subscript" WC="0.37" CC="8" STYLEREFS="TXT_4"/>
						<String ID="word000776" HPOS="2100" VPOS="244" WIDTH="19" HEIGHT="53" CONTENT=";" WC="0.37" CC="8" STYLEREFS="TXT_4"/>
						<SP ID="P6_SP00743" HPOS="2119" VPOS="298" WIDTH="19"/>
						<String ID="word000777" HPOS="2138" VPOS="246" WIDTH="64" HEIGHT="40" CONTENT="has" WC="0.85" CC="022"/>
						<SP ID="P6_SP00744" HPOS="2202" VPOS="298" WIDTH="12"/>
						<String ID="word000778" HPOS="2213" VPOS="248" WIDTH="118" HEIGHT="38" CONTENT="stated" WC="0.85" CC="000611"/>
						<SP ID="P6_SP00745" HPOS="2331" VPOS="298" WIDTH="20"/>
						<String ID="word000779" HPOS="2352" VPOS="247" WIDTH="84" HEIGHT="41" CONTENT="that" WC="0.89" CC="0130"/>
						<SP ID="P6_SP00746" HPOS="2435" VPOS="298" WIDTH="19"/>
						<String ID="word000780" HPOS="2454" VPOS="246" WIDTH="46" HEIGHT="34" CONTENT="he" WC="1.00" CC="00"/>
						<SP ID="P6_SP00747" HPOS="2500" VPOS="298" WIDTH="15"/>
						<String ID="word000781" HPOS="2516" VPOS="246" WIDTH="216" HEIGHT="45" CONTENT="considered" WC="0.74" CC="1135403051"/>
						<SP ID="P6_SP00748" HPOS="2732" VPOS="298" WIDTH="17"/>
						<String ID="word000782" HPOS="2748" VPOS="247" WIDTH="57" HEIGHT="37" CONTENT="his" WC="0.96" CC="001"/>
						<SP ID="P6_SP00749" HPOS="2805" VPOS="298" WIDTH="17"/>
						<String ID="word000783" HPOS="2822" VPOS="248" WIDTH="104" HEIGHT="39" CONTENT="force" WC="0.95" CC="11000"/>
						<SP ID="P6_SP00750" HPOS="2926" VPOS="298" WIDTH="17"/>
						<String ID="word000784" HPOS="2942" VPOS="260" WIDTH="40" HEIGHT="28" CONTENT="at" WC="0.94" CC="10"/>
						<SP ID="P6_SP00751" HPOS="2982" VPOS="298" WIDTH="19"/>
						<String ID="word000785" HPOS="3001" VPOS="254" WIDTH="66" HEIGHT="37" CONTENT="tbe" WC="0.59" CC="272"/>
						<SP ID="P6_SP00752" HPOS="3067" VPOS="298" WIDTH="0"/>
					</TextLine>
					<TextLine ID="P6_TL00103" HPOS="1713" VPOS="293" WIDTH="1359" HEIGHT="52">
						<String ID="word000786" HPOS="1713" VPOS="293" WIDTH="313" HEIGHT="43" CONTENT="commeOetnetit" WC="0.45" CC="5353783853653"/>
						<SP ID="P6_SP00753" HPOS="2026" VPOS="335" WIDTH="17"/>
						<String ID="word000787" HPOS="2042" VPOS="295" WIDTH="45" HEIGHT="37" CONTENT="of" WC="0.89" CC="20"/>
						<SP ID="P6_SP00754" HPOS="2087" VPOS="335" WIDTH="12"/>
						<String ID="word000788" HPOS="2099" VPOS="295" WIDTH="64" HEIGHT="38" CONTENT="the" WC="0.78" CC="033"/>
						<SP ID="P6_SP00755" HPOS="2163" VPOS="335" WIDTH="24"/>
						<String ID="word000789" HPOS="2186" VPOS="295" WIDTH="126" HEIGHT="40" CONTENT="march" WC="0.76" CC="41033"/>
						<SP ID="P6_SP00756" HPOS="2313" VPOS="335" WIDTH="27"/>
						<String ID="word000790" HPOS="2340" VPOS="294" WIDTH="98" HEIGHT="40" CONTENT="from" WC="0.81" CC="1033"/>
						<SP ID="P6_SP00757" HPOS="2438" VPOS="335" WIDTH="20"/>
						<String ID="word000791" HPOS="2458" VPOS="294" WIDTH="187" HEIGHT="46" CONTENT="Mondego" WC="0.65" CC="3343333"/>
						<SP ID="P6_SP00758" HPOS="2644" VPOS="340" WIDTH="18"/>
						<String ID="word000792" HPOS="2662" VPOS="294" WIDTH="136" HEIGHT="44" CONTENT="&amp;Nor," WC="0.53" CC="74532"/>
						<SP ID="P6_SP00759" HPOS="2798" VPOS="340" WIDTH="22"/>
						<String ID="word000793" HPOS="2820" VPOS="308" WIDTH="43" HEIGHT="27" CONTENT="as" WC="1.00" CC="00"/>
						<SP ID="P6_SP00760" HPOS="2863" VPOS="340" WIDTH="25"/>
						<String ID="word000794" HPOS="2888" VPOS="300" WIDTH="184" HEIGHT="45" CONTENT="suiticiens" WC="0.38" CC="3388655738"/>
						<SP ID="P6_SP00761" HPOS="3072" VPOS="345" WIDTH="0"/>
					</TextLine>
					<TextLine ID="P6_TL00104" HPOS="1716" VPOS="340" WIDTH="1355" HEIGHT="53">
						<String ID="word000795" HPOS="1716" VPOS="348" WIDTH="38" HEIGHT="32" CONTENT="to" WC="0.67" CC="06"/>
						<SP ID="P6_SP00762" HPOS="1754" VPOS="380" WIDTH="17"/>
						<String ID="word000796" HPOS="1770" VPOS="340" WIDTH="204" HEIGHT="38" CONTENT="driviThe'" WC="0.53" CC="222278546"/>
						<SP ID="P6_SP00763" HPOS="1975" VPOS="380" WIDTH="18"/>
						<String ID="word000797" HPOS="1993" VPOS="343" WIDTH="157" HEIGHT="37" CONTENT="French." WC="0.95" CC="0011010"/>
						<SP ID="P6_SP00764" HPOS="2150" VPOS="380" WIDTH="21"/>
						<String ID="word000798" HPOS="2171" VPOS="343" WIDTH="110" HEIGHT="40" CONTENT="from'" WC="0.82" CC="11411"/>
						<SP ID="P6_SP00765" HPOS="2281" VPOS="383" WIDTH="22"/>
						<String ID="word000799" HPOS="2303" VPOS="343" WIDTH="99" HEIGHT="39" CONTENT="their" WC="0.95" CC="11000"/>
						<SP ID="P6_SP00766" HPOS="2402" VPOS="383" WIDTH="24"/>
						<String ID="word000800" HPOS="2426" VPOS="343" WIDTH="181" HEIGHT="50" CONTENT="positions" WC="0.73" CC="353314111"/>
						<SP ID="P6_SP00767" HPOS="2607" VPOS="392" WIDTH="17"/>
						<String ID="word000801" HPOS="2623" VPOS="353" WIDTH="47" HEIGHT="25" CONTENT="on" WC="0.94" CC="10"/>
						<SP ID="P6_SP00768" HPOS="2670" VPOS="392" WIDTH="26"/>
						<String ID="word000802" HPOS="2696" VPOS="344" WIDTH="63" HEIGHT="38" CONTENT="the" WC="0.63" CC="253"/>
						<SP ID="P6_SP00769" HPOS="2759" VPOS="392" WIDTH="19"/>
						<String ID="word000803" HPOS="2778" VPOS="345" WIDTH="136" HEIGHT="46" CONTENT="Tagus." WC="0.93" CC="020110"/>
						<SP ID="P6_SP00770" HPOS="2914" VPOS="392" WIDTH="52"/>
						<String ID="word000804" HPOS="2966" VPOS="351" WIDTH="105" HEIGHT="38" CONTENT="That" WC="0.97" CC="0010"/>
						<SP ID="P6_SP00771" HPOS="3071" VPOS="392" WIDTH="0"/>
					</TextLine>
					<TextLine ID="P6_TL00105" HPOS="1715" VPOS="390" WIDTH="1358" HEIGHT="53">
						<String ID="word000805" HPOS="1715" VPOS="390" WIDTH="104" HEIGHT="33" CONTENT="force" WC="0.95" CC="11000" STYLEREFS="TXT_3"/>
						<SP ID="P6_SP00772" HPOS="1819" VPOS="423" WIDTH="18"/>
						<String ID="word000806" HPOS="1837" VPOS="391" WIDTH="30" HEIGHT="34" CONTENT="is" WC="1.00" CC="00"/>
						<SP ID="P6_SP00773" HPOS="1866" VPOS="425" WIDTH="22"/>
						<String ID="word000807" HPOS="1889" VPOS="392" WIDTH="265" HEIGHT="48" CONTENT="subsequently" WC="0.87" CC="101321000141"/>
						<SP ID="P6_SP00774" HPOS="2153" VPOS="441" WIDTH="8"/>
						<String ID="word000808" HPOS="2161" VPOS="390" WIDTH="132" HEIGHT="48" CONTENT="joined" WC="0.91" CC="211010"/>
						<SP ID="P6_SP00775" HPOS="2294" VPOS="441" WIDTH="18"/>
						<String ID="word000809" HPOS="2311" VPOS="391" WIDTH="52" HEIGHT="45" CONTENT="by" WC="0.94" CC="10"/>
						<SP ID="P6_SP00776" HPOS="2363" VPOS="441" WIDTH="17"/>
						<String ID="word000810" HPOS="2380" VPOS="391" WIDTH="122" HEIGHT="38" CONTENT="above" WC="0.73" CC="50511"/>
						<SP ID="P6_SP00777" HPOS="2502" VPOS="441" WIDTH="17"/>
						<String ID="word000811" HPOS="2518" VPOS="390" WIDTH="98" HEIGHT="40" CONTENT="4000" WC="0.69" CC="3233"/>
						<SP ID="P6_SP00778" HPOS="2616" VPOS="441" WIDTH="21"/>
						<String ID="word000812" HPOS="2637" VPOS="392" WIDTH="139" HEIGHT="39" CONTENT="British" WC="0.89" CC="1031110"/>
						<SP ID="P6_SP00779" HPOS="2777" VPOS="441" WIDTH="15"/>
						<String ID="word000813" HPOS="2792" VPOS="402" WIDTH="146" HEIGHT="41" CONTENT="troops," WC="0.86" CC="1141011"/>
						<SP ID="P6_SP00780" HPOS="2939" VPOS="443" WIDTH="17"/>
						<String ID="word000814" HPOS="2955" VPOS="400" WIDTH="118" HEIGHT="38" CONTENT="under" WC="0.93" CC="11001"/>
						<SP ID="P6_SP00781" HPOS="3073" VPOS="443" WIDTH="0"/>
					</TextLine>
					<TextLine ID="P6_TL00106" HPOS="1716" VPOS="432" WIDTH="1353" HEIGHT="54">
						<String ID="word000815" HPOS="1716" VPOS="438" WIDTH="181" HEIGHT="41" CONTENT="Generals" WC="0.85" CC="10110431"/>
						<SP ID="P6_SP00782" HPOS="1897" VPOS="480" WIDTH="18"/>
						<String ID="word000816" HPOS="1915" VPOS="441" WIDTH="227" HEIGHT="39" CONTENT="Anstruther" WC="0.61" CC="3833333333"/>
						<SP ID="P6_SP00783" HPOS="2141" VPOS="480" WIDTH="14"/>
						<String ID="word000817" HPOS="2156" VPOS="439" WIDTH="69" HEIGHT="37" CONTENT="and" WC="0.96" CC="010"/>
						<SP ID="P6_SP00784" HPOS="2224" VPOS="480" WIDTH="14"/>
						<String ID="word000818" HPOS="2238" VPOS="439" WIDTH="190" HEIGHT="39" CONTENT="Ackland." WC="0.81" CC="41332100"/>
						<SP ID="P6_SP00785" HPOS="2428" VPOS="480" WIDTH="51"/>
						<String ID="word000819" HPOS="2479" VPOS="439" WIDTH="84" HEIGHT="38" CONTENT="The" WC="0.96" CC="001"/>
						<SP ID="P6_SP00786" HPOS="2563" VPOS="480" WIDTH="21"/>
						<String ID="word000820" HPOS="2584" VPOS="436" WIDTH="145" HEIGHT="39" CONTENT="French" WC="0.96" CC="100010"/>
						<SP ID="P6_SP00787" HPOS="2730" VPOS="480" WIDTH="19"/>
						<String ID="word000821" HPOS="2748" VPOS="432" WIDTH="111" HEIGHT="46" CONTENT="make" WC="0.83" CC="1500"/>
						<SP ID="P6_SP00788" HPOS="2859" VPOS="480" WIDTH="13"/>
						<String ID="word000822" HPOS="2872" VPOS="455" WIDTH="47" HEIGHT="25" CONTENT="an" WC="0.44" CC="55"/>
						<SP ID="P6_SP00789" HPOS="2920" VPOS="480" WIDTH="17"/>
						<String ID="word000823" HPOS="2936" VPOS="448" WIDTH="132" HEIGHT="38" CONTENT="attack" WC="0.98" CC="100000"/>
						<SP ID="P6_SP00790" HPOS="3069" VPOS="485" WIDTH="0"/>
					</TextLine>
					<TextLine ID="P6_TL00107" HPOS="1717" VPOS="485" WIDTH="1354" HEIGHT="52">
						<String ID="word000824" HPOS="1717" VPOS="485" WIDTH="93" HEIGHT="41" CONTENT="with" WC="0.75" CC="0351"/>
						<SP ID="P6_SP00791" HPOS="1811" VPOS="527" WIDTH="31"/>
						<String ID="word000825" HPOS="1841" VPOS="487" WIDTH="99" HEIGHT="37" CONTENT="their" WC="0.98" CC="01000"/>
						<SP ID="P6_SP00792" HPOS="1941" VPOS="527" WIDTH="19"/>
						<String ID="word000826" HPOS="1959" VPOS="488" WIDTH="130" HEIGHT="38" CONTENT="whole" WC="0.95" CC="10100"/>
						<SP ID="P6_SP00793" HPOS="2089" VPOS="527" WIDTH="28"/>
						<String ID="word000827" HPOS="2118" VPOS="485" WIDTH="215" HEIGHT="52" CONTENT="disposable" WC="0.87" CC="1121013120"/>
						<SP ID="P6_SP00794" HPOS="2333" VPOS="537" WIDTH="31"/>
						<String ID="word000828" HPOS="2363" VPOS="487" WIDTH="183" HEIGHT="45" CONTENT="strength," WC="0.79" CC="333031112"/>
						<SP ID="P6_SP00795" HPOS="2546" VPOS="537" WIDTH="26"/>
						<String ID="word000829" HPOS="2572" VPOS="488" WIDTH="69" HEIGHT="37" CONTENT="and" WC="0.93" CC="110"/>
						<SP ID="P6_SP00796" HPOS="2641" VPOS="537" WIDTH="33"/>
						<String ID="word000830" HPOS="2674" VPOS="498" WIDTH="67" HEIGHT="27" CONTENT="are" WC="0.96" CC="100"/>
						<SP ID="P6_SP00797" HPOS="2741" VPOS="537" WIDTH="20"/>
						<String ID="word000831" HPOS="2761" VPOS="493" WIDTH="184" HEIGHT="43" CONTENT="•repulsed" WC="0.48" CC="685356333"/>
						<SP ID="P6_SP00798" HPOS="2946" VPOS="537" WIDTH="30"/>
						<String ID="word000832" HPOS="2975" VPOS="495" WIDTH="96" HEIGHT="38" CONTENT="with" WC="0.89" CC="1003"/>
						<SP ID="P6_SP00799" HPOS="3071" VPOS="537" WIDTH="0"/>
					</TextLine>
					<TextLine ID="P6_TL00108" HPOS="1717" VPOS="533" WIDTH="1356" HEIGHT="54">
						<String ID="word000833" HPOS="1717" VPOS="533" WIDTH="123" HEIGHT="48" CONTENT="heavy" WC="0.93" CC="01200"/>
						<SP ID="P6_SP00800" HPOS="1840" VPOS="581" WIDTH="20"/>
						<String ID="word000834" HPOS="1860" VPOS="536" WIDTH="87" HEIGHT="41" CONTENT="loss," WC="0.87" CC="10311"/>
						<SP ID="P6_SP00801" HPOS="1948" VPOS="581" WIDTH="24"/>
						<String ID="word000835" HPOS="1971" VPOS="536" WIDTH="144" HEIGHT="45" CONTENT="though" WC="1.00" CC="000000"/>
						<SP ID="P6_SP00802" HPOS="2115" VPOS="581" WIDTH="31"/>
						<String ID="word000836" HPOS="2146" VPOS="536" WIDTH="64" HEIGHT="35" CONTENT="but" WC="0.96" CC="010"/>
						<SP ID="P6_SP00803" HPOS="2210" VPOS="581" WIDTH="18"/>
						<String ID="word000837" HPOS="2228" VPOS="547" WIDTH="24" HEIGHT="24" CONTENT="a" WC="1.00" CC="0"/>
						<SP ID="P6_SP00804" HPOS="2251" VPOS="581" WIDTH="15"/>
						<String ID="word000838" HPOS="2267" VPOS="541" WIDTH="86" HEIGHT="43" CONTENT="part" WC="0.97" CC="0100"/>
						<SP ID="P6_SP00805" HPOS="2353" VPOS="583" WIDTH="33"/>
						<String ID="word000839" HPOS="2386" VPOS="534" WIDTH="45" HEIGHT="40" CONTENT="of" WC="0.83" CC="30"/>
						<SP ID="P6_SP00806" HPOS="2431" VPOS="583" WIDTH="22"/>
						<String ID="word000840" HPOS="2453" VPOS="535" WIDTH="63" HEIGHT="37" CONTENT="the" WC="0.93" CC="011"/>
						<SP ID="P6_SP00807" HPOS="2516" VPOS="583" WIDTH="38"/>
						<String ID="word000841" HPOS="2554" VPOS="534" WIDTH="141" HEIGHT="38" CONTENT="British" WC="0.97" CC="1010000"/>
						<SP ID="P6_SP00808" HPOS="2694" VPOS="583" WIDTH="19"/>
						<String ID="word000842" HPOS="2713" VPOS="546" WIDTH="109" HEIGHT="37" CONTENT="army" WC="1.00" CC="0000"/>
						<SP ID="P6_SP00809" HPOS="2822" VPOS="583" WIDTH="28"/>
						<String ID="word000843" HPOS="2850" VPOS="549" WIDTH="32" HEIGHT="26" CONTENT="is" WC="0.50" CC="63"/>
						<SP ID="P6_SP00810" HPOS="2882" VPOS="583" WIDTH="27"/>
						<String ID="word000844" HPOS="2909" VPOS="542" WIDTH="164" HEIGHT="45" CONTENT="brought" WC="0.92" CC="3100100"/>
						<SP ID="P6_SP00811" HPOS="3073" VPOS="587" WIDTH="0"/>
					</TextLine>
					<TextLine ID="P6_TL00109" HPOS="1719" VPOS="582" WIDTH="1354" HEIGHT="50">
						<String ID="word000845" HPOS="1719" VPOS="582" WIDTH="78" HEIGHT="37" CONTENT="into" WC="0.97" CC="0100"/>
						<SP ID="P6_SP00812" HPOS="1796" VPOS="619" WIDTH="18"/>
						<String ID="word000846" HPOS="1814" VPOS="583" WIDTH="139" HEIGHT="40" CONTENT="action." WC="0.78" CC="3211340"/>
						<SP ID="P6_SP00813" HPOS="1954" VPOS="624" WIDTH="57"/>
						<String ID="word000847" HPOS="2010" VPOS="583" WIDTH="37" HEIGHT="39" CONTENT="It" WC="0.78" CC="31"/>
						<SP ID="P6_SP00814" HPOS="2047" VPOS="624" WIDTH="19"/>
						<String ID="word000848" HPOS="2066" VPOS="585" WIDTH="30" HEIGHT="37" CONTENT="is" WC="0.78" CC="13"/>
						<SP ID="P6_SP00815" HPOS="2095" VPOS="624" WIDTH="17"/>
						<String ID="word000849" HPOS="2112" VPOS="583" WIDTH="157" HEIGHT="40" CONTENT="difficult" WC="0.65" CC="031335535"/>
						<SP ID="P6_SP00816" HPOS="2269" VPOS="624" WIDTH="17"/>
						<String ID="word000850" HPOS="2285" VPOS="591" WIDTH="40" HEIGHT="32" CONTENT="to" WC="0.78" CC="13"/>
						<SP ID="P6_SP00817" HPOS="2326" VPOS="624" WIDTH="18"/>
						<String ID="word000851" HPOS="2343" VPOS="583" WIDTH="176" HEIGHT="37" CONTENT="conceive" WC="0.96" CC="00000120"/>
						<SP ID="P6_SP00818" HPOS="2519" VPOS="624" WIDTH="18"/>
						<String ID="word000852" HPOS="2537" VPOS="583" WIDTH="81" HEIGHT="37" CONTENT="that" WC="0.94" CC="0020"/>
						<SP ID="P6_SP00819" HPOS="2619" VPOS="624" WIDTH="18"/>
						<String ID="word000853" HPOS="2636" VPOS="583" WIDTH="63" HEIGHT="34" CONTENT="the" WC="0.96" CC="010"/>
						<SP ID="P6_SP00820" HPOS="2699" VPOS="624" WIDTH="31"/>
						<String ID="word000854" HPOS="2730" VPOS="591" WIDTH="193" HEIGHT="41" CONTENT="prospects;" WC="0.74" CC="0011025257"/>
						<SP ID="P6_SP00821" HPOS="2922" VPOS="632" WIDTH="21"/>
						<String ID="word000855" HPOS="2943" VPOS="591" WIDTH="129" HEIGHT="37" CONTENT="which" WC="0.89" CC="20003"/>
						<SP ID="P6_SP00822" HPOS="3072" VPOS="632" WIDTH="0"/>
					</TextLine>
					<TextLine ID="P6_TL00110" HPOS="1719" VPOS="630" WIDTH="1356" HEIGHT="52">
						<String ID="word000856" HPOS="1719" VPOS="630" WIDTH="60" HEIGHT="34" CONTENT="Sir" WC="1.00" CC="000"/>
						<SP ID="P6_SP00823" HPOS="1779" VPOS="664" WIDTH="18"/>
						<String ID="word000857" HPOS="1796" VPOS="630" WIDTH="50" HEIGHT="37" CONTENT="A." WC="1.00" CC="00"/>
						<SP ID="P6_SP00824" HPOS="1846" VPOS="666" WIDTH="20"/>
						<String ID="word000858" HPOS="1866" VPOS="631" WIDTH="204" HEIGHT="47" CONTENT="Wellesley" WC="0.77" CC="503103340"/>
						<SP ID="P6_SP00825" HPOS="2070" VPOS="678" WIDTH="26"/>
						<String ID="word000859" HPOS="2096" VPOS="632" WIDTH="230" HEIGHT="38" CONTENT="entertained" WC="0.99" CC="10000000000"/>
						<SP ID="P6_SP00826" HPOS="2327" VPOS="678" WIDTH="18"/>
						<String ID="word000860" HPOS="2344" VPOS="631" WIDTH="111" HEIGHT="34" CONTENT="could" WC="1.00" CC="00000"/>
						<SP ID="P6_SP00827" HPOS="2456" VPOS="678" WIDTH="30"/>
						<String ID="word000861" HPOS="2485" VPOS="632" WIDTH="51" HEIGHT="33" CONTENT="be" WC="0.94" CC="01"/>
						<SP ID="P6_SP00828" HPOS="2536" VPOS="678" WIDTH="18"/>
						<String ID="word000862" HPOS="2554" VPOS="630" WIDTH="274" HEIGHT="48" CONTENT="unfavourably" WC="0.90" CC="100014101030"/>
						<SP ID="P6_SP00829" HPOS="2828" VPOS="678" WIDTH="30"/>
						<String ID="word000863" HPOS="2857" VPOS="635" WIDTH="146" HEIGHT="39" CONTENT="altered" WC="0.81" CC="2213121"/>
						<SP ID="P6_SP00830" HPOS="3004" VPOS="678" WIDTH="19"/>
						<String ID="word000864" HPOS="3022" VPOS="639" WIDTH="52" HEIGHT="43" CONTENT="by" WC="0.94" CC="10"/>
						<SP ID="P6_SP00831" HPOS="3074" VPOS="681" WIDTH="0"/>
					</TextLine>
					<TextLine ID="P6_TL00111" HPOS="1719" VPOS="678" WIDTH="1357" HEIGHT="54">
						<String ID="word000865" HPOS="1719" VPOS="679" WIDTH="104" HEIGHT="34" CONTENT="these" WC="1.00" CC="00000"/>
						<SP ID="P6_SP00832" HPOS="1822" VPOS="713" WIDTH="14"/>
						<String ID="word000866" HPOS="1837" VPOS="685" WIDTH="141" HEIGHT="35" CONTENT="events," WC="1.00" CC="0000000"/>
						<SP ID="P6_SP00833" HPOS="1977" VPOS="720" WIDTH="12"/>
						<String ID="word000867" HPOS="1989" VPOS="690" WIDTH="94" HEIGHT="30" CONTENT="even" WC="0.92" CC="0111"/>
						<SP ID="P6_SP00834" HPOS="2083" VPOS="720" WIDTH="20"/>
						<String ID="word000868" HPOS="2104" VPOS="680" WIDTH="74" HEIGHT="39" CONTENT="had" WC="0.93" CC="110"/>
						<SP ID="P6_SP00835" HPOS="2178" VPOS="720" WIDTH="15"/>
						<String ID="word000869" HPOS="2193" VPOS="685" WIDTH="63" HEIGHT="35" CONTENT="pot" WC="0.63" CC="532"/>
						<SP ID="P6_SP00836" HPOS="2256" VPOS="720" WIDTH="21"/>
						<String ID="word000870" HPOS="2277" VPOS="680" WIDTH="61" HEIGHT="40" CONTENT="(he" WC="0.52" CC="733"/>
						<SP ID="P6_SP00837" HPOS="2339" VPOS="720" WIDTH="17"/>
						<String ID="word000871" HPOS="2355" VPOS="679" WIDTH="185" HEIGHT="53" CONTENT="certainty" WC="0.75" CC="130061531"/>
						<SP ID="P6_SP00838" HPOS="2541" VPOS="732" WIDTH="17"/>
						<String ID="word000872" HPOS="2557" VPOS="678" WIDTH="197" HEIGHT="54" CONTENT="a:speedy" WC="0.61" CC="77133340"/>
						<SP ID="P6_SP00839" HPOS="2754" VPOS="732" WIDTH="20"/>
						<String ID="word000873" HPOS="2774" VPOS="681" WIDTH="301" HEIGHT="45" CONTENT="reinforcements" WC="0.79" CC="01111134300633"/>
						<SP ID="P6_SP00840" HPOS="3076" VPOS="732" WIDTH="0"/>
					</TextLine>
					<TextLine ID="P6_TL00112" HPOS="1719" VPOS="726" WIDTH="1313" HEIGHT="46">
						<String ID="word000874" HPOS="1719" VPOS="733" WIDTH="39" HEIGHT="26" CONTENT="to" WC="0.94" CC="01"/>
						<SP ID="P6_SP00841" HPOS="1757" VPOS="759" WIDTH="20"/>
						<String ID="word000875" HPOS="1778" VPOS="726" WIDTH="64" HEIGHT="35" CONTENT="the" WC="0.96" CC="001"/>
						<SP ID="P6_SP00842" HPOS="1841" VPOS="762" WIDTH="22"/>
						<String ID="word000876" HPOS="1864" VPOS="728" WIDTH="142" HEIGHT="38" CONTENT="British" WC="0.87" CC="1014110"/>
						<SP ID="P6_SP00843" HPOS="2006" VPOS="765" WIDTH="20"/>
						<String ID="word000877" HPOS="2026" VPOS="739" WIDTH="107" HEIGHT="33" CONTENT="army" WC="1.00" CC="0000"/>
						<SP ID="P6_SP00844" HPOS="2133" VPOS="772" WIDTH="18"/>
						<String ID="word000878" HPOS="2151" VPOS="728" WIDTH="162" HEIGHT="41" CONTENT="existed," WC="0.96" CC="11010000"/>
						<SP ID="P6_SP00845" HPOS="2313" VPOS="772" WIDTH="594"/>
						<String ID="word000879" HPOS="2907" VPOS="726" WIDTH="5" HEIGHT="46" CONTENT="•" WC="0.22" CC="7"/>
						<SP ID="P6_SP00846" HPOS="2911" VPOS="772" WIDTH="92"/>
						<String ID="word000880" HPOS="3004" VPOS="746" WIDTH="7" HEIGHT="15" CONTENT="I" WC="0.22" CC="7"/>
						<SP ID="P6_SP00847" HPOS="3011" VPOS="772" WIDTH="19"/>
						<String ID="word000881" HPOS="3030" VPOS="726" WIDTH="2" HEIGHT="46" CONTENT="•" WC="0.22" CC="7"/>
						<SP ID="P6_SP00848" HPOS="3032" VPOS="772" WIDTH="0"/>
					</TextLine>
					<TextLine ID="P6_TL00113" HPOS="1772" VPOS="774" WIDTH="1303" HEIGHT="51">
						<String ID="word000882" HPOS="1772" VPOS="774" WIDTH="35" HEIGHT="43" CONTENT="it" WC="0.56" CC="71"/>
						<SP ID="P6_SP00849" HPOS="1807" VPOS="816" WIDTH="19"/>
						<String ID="word000883" HPOS="1826" VPOS="775" WIDTH="30" HEIGHT="35" CONTENT="is" WC="0.94" CC="10"/>
						<SP ID="P6_SP00850" HPOS="1856" VPOS="816" WIDTH="18"/>
						<String ID="word000884" HPOS="1873" VPOS="777" WIDTH="132" HEIGHT="47" CONTENT="urged," WC="0.61" CC="522237"/>
						<SP ID="P6_SP00851" HPOS="2006" VPOS="824" WIDTH="26"/>
						<String ID="word000885" HPOS="2031" VPOS="776" WIDTH="85" HEIGHT="43" CONTENT="that" WC="0.67" CC="1362"/>
						<SP ID="P6_SP00852" HPOS="2117" VPOS="824" WIDTH="21"/>
						<String ID="word000886" HPOS="2138" VPOS="776" WIDTH="77" HEIGHT="38" CONTENT="had" WC="0.96" CC="100"/>
						<SP ID="P6_SP00853" HPOS="2215" VPOS="824" WIDTH="19"/>
						<String ID="word000887" HPOS="2233" VPOS="777" WIDTH="64" HEIGHT="41" CONTENT="the" WC="0.81" CC="311"/>
						<SP ID="P6_SP00854" HPOS="2297" VPOS="824" WIDTH="31"/>
						<String ID="word000888" HPOS="2328" VPOS="775" WIDTH="144" HEIGHT="46" CONTENT="rreach" WC="0.56" CC="533553"/>
						<SP ID="P6_SP00855" HPOS="2472" VPOS="824" WIDTH="26"/>
						<String ID="word000889" HPOS="2498" VPOS="777" WIDTH="96" HEIGHT="35" CONTENT="been" WC="0.97" CC="0010"/>
						<SP ID="P6_SP00856" HPOS="2594" VPOS="824" WIDTH="20"/>
						<String ID="word000890" HPOS="2614" VPOS="776" WIDTH="139" HEIGHT="46" CONTENT="pushed" WC="0.98" CC="001000"/>
						<SP ID="P6_SP00857" HPOS="2753" VPOS="824" WIDTH="28"/>
						<String ID="word000891" HPOS="2781" VPOS="780" WIDTH="40" HEIGHT="34" CONTENT="to" WC="1.00" CC="00"/>
						<SP ID="P6_SP00858" HPOS="2822" VPOS="824" WIDTH="26"/>
						<String ID="word000892" HPOS="2848" VPOS="781" WIDTH="227" HEIGHT="44" CONTENT="extremity," WC="0.93" CC="0000002031"/>
						<SP ID="P6_SP00859" HPOS="3074" VPOS="824" WIDTH="0"/>
					</TextLine>
					<TextLine ID="P6_TL00114" HPOS="1719" VPOS="819" WIDTH="1359" HEIGHT="52">
						<String ID="word000893" HPOS="1719" VPOS="821" WIDTH="90" HEIGHT="47" CONTENT="they" WC="1.00" CC="0000"/>
						<SP ID="P6_SP00860" HPOS="1808" VPOS="868" WIDTH="24"/>
						<String ID="word000894" HPOS="1832" VPOS="826" WIDTH="126" HEIGHT="33" CONTENT="would" WC="1.00" CC="00000"/>
						<SP ID="P6_SP00861" HPOS="1958" VPOS="868" WIDTH="27"/>
						<String ID="word000895" HPOS="1985" VPOS="824" WIDTH="97" HEIGHT="35" CONTENT="have" WC="0.97" CC="0001"/>
						<SP ID="P6_SP00862" HPOS="2082" VPOS="868" WIDTH="27"/>
						<String ID="word000896" HPOS="2109" VPOS="826" WIDTH="148" HEIGHT="41" CONTENT="crossed" WC="0.81" CC="3011313"/>
						<SP ID="P6_SP00863" HPOS="2257" VPOS="868" WIDTH="28"/>
						<String ID="word000897" HPOS="2285" VPOS="824" WIDTH="61" HEIGHT="40" CONTENT="the" WC="0.81" CC="113"/>
						<SP ID="P6_SP00864" HPOS="2347" VPOS="868" WIDTH="19"/>
						<String ID="word000898" HPOS="2366" VPOS="820" WIDTH="139" HEIGHT="50" CONTENT="Tap's," WC="0.57" CC="527414"/>
						<SP ID="P6_SP00865" HPOS="2505" VPOS="869" WIDTH="24"/>
						<String ID="word000899" HPOS="2529" VPOS="824" WIDTH="74" HEIGHT="34" CONTENT="and" WC="0.96" CC="001"/>
						<SP ID="P6_SP00866" HPOS="2603" VPOS="869" WIDTH="31"/>
						<String ID="word000900" HPOS="2634" VPOS="826" WIDTH="99" HEIGHT="35" CONTENT="have." WC="0.93" CC="00003"/>
						<SP ID="P6_SP00867" HPOS="2733" VPOS="869" WIDTH="22"/>
						<String ID="word000901" HPOS="2756" VPOS="829" WIDTH="220" HEIGHT="41" CONTENT="protracted" WC="0.91" CC="0000310031"/>
						<SP ID="P6_SP00868" HPOS="2975" VPOS="870" WIDTH="33"/>
						<String ID="word000902" HPOS="3008" VPOS="819" WIDTH="70" HEIGHT="46" CONTENT="tiro" WC="0.50" CC="5634"/>
						<SP ID="P6_SP00869" HPOS="3078" VPOS="870" WIDTH="0"/>
					</TextLine>
					<TextLine ID="P6_TL00115" HPOS="1717" VPOS="865" WIDTH="1255" HEIGHT="59">
						<String ID="word000903" HPOS="1717" VPOS="870" WIDTH="201" HEIGHT="47" CONTENT="campaign" WC="0.96" CC="00000300"/>
						<SP ID="P6_SP00870" HPOS="1918" VPOS="918" WIDTH="15"/>
						<String ID="word000904" HPOS="1933" VPOS="873" WIDTH="34" HEIGHT="34" CONTENT="in" WC="1.00" CC="00"/>
						<SP ID="P6_SP00871" HPOS="1968" VPOS="918" WIDTH="18"/>
						<String ID="word000905" HPOS="1985" VPOS="873" WIDTH="90" HEIGHT="35" CONTENT="such" WC="0.94" CC="1001"/>
						<SP ID="P6_SP00872" HPOS="2075" VPOS="918" WIDTH="18"/>
						<String ID="word000906" HPOS="2093" VPOS="883" WIDTH="26" HEIGHT="30" CONTENT="a" WC="0.89" CC="1"/>
						<SP ID="P6_SP00873" HPOS="2119" VPOS="918" WIDTH="28"/>
						<String ID="word000907" HPOS="2147" VPOS="883" WIDTH="151" HEIGHT="32" CONTENT="manner" WC="0.91" CC="212000"/>
						<SP ID="P6_SP00874" HPOS="2298" VPOS="918" WIDTH="26"/>
						<String ID="word000908" HPOS="2324" VPOS="870" WIDTH="40" HEIGHT="43" CONTENT="its" WC="0.52" CC="571"/>
						<SP ID="P6_SP00875" HPOS="2365" VPOS="918" WIDTH="20"/>
						<String ID="word000909" HPOS="2385" VPOS="879" WIDTH="38" HEIGHT="31" CONTENT="to" WC="0.89" CC="02"/>
						<SP ID="P6_SP00876" HPOS="2422" VPOS="918" WIDTH="20"/>
						<String ID="word000910" HPOS="2443" VPOS="872" WIDTH="94" HEIGHT="41" CONTENT="have" WC="0.94" CC="0200"/>
						<SP ID="P6_SP00877" HPOS="2537" VPOS="918" WIDTH="20"/>
						<String ID="word000911" HPOS="2557" VPOS="870" WIDTH="204" HEIGHT="53" CONTENT="trounced" WC="0.44" CC="80446666"/>
						<SP ID="P6_SP00878" HPOS="2761" VPOS="924" WIDTH="18"/>
						<String ID="word000912" HPOS="2779" VPOS="865" WIDTH="64" HEIGHT="48" CONTENT="the" WC="0.78" CC="132"/>
						<SP ID="P6_SP00879" HPOS="2843" VPOS="924" WIDTH="25"/>
						<String ID="word000913" HPOS="2868" VPOS="880" WIDTH="34" HEIGHT="40" CONTENT="0," WC="0.28" CC="77"/>
						<String ID="word000914" HPOS="2902" VPOS="880" WIDTH="17" HEIGHT="40" CONTENT="0" STYLE="superscript" WC="0.28" CC="7"/>
						<String ID="word000915" HPOS="2919" VPOS="880" WIDTH="53" HEIGHT="40" CONTENT="1:e" WC="0.28" CC="873"/>
						<SP ID="P6_SP00880" HPOS="2972" VPOS="924" WIDTH="0"/>
					</TextLine>
					<TextLine ID="P6_TL00116" HPOS="1721" VPOS="921" WIDTH="1356" HEIGHT="50">
						<String ID="word000916" HPOS="1721" VPOS="925" WIDTH="152" HEIGHT="37" CONTENT="portant" WC="0.92" CC="0101111"/>
						<SP ID="P6_SP00881" HPOS="1873" VPOS="961" WIDTH="15"/>
						<String ID="word000917" HPOS="1889" VPOS="921" WIDTH="96" HEIGHT="40" CONTENT="view" WC="0.78" CC="0134"/>
						<SP ID="P6_SP00882" HPOS="1984" VPOS="961" WIDTH="21"/>
						<String ID="word000918" HPOS="2006" VPOS="921" WIDTH="46" HEIGHT="40" CONTENT="of" WC="0.83" CC="30"/>
						<SP ID="P6_SP00883" HPOS="2052" VPOS="961" WIDTH="11"/>
						<String ID="word000919" HPOS="2062" VPOS="921" WIDTH="64" HEIGHT="40" CONTENT="the" WC="0.96" CC="010"/>
						<SP ID="P6_SP00884" HPOS="2126" VPOS="961" WIDTH="185"/>
						<String ID="word000920" HPOS="2311" VPOS="921" WIDTH="206" HEIGHT="50" CONTENT="GellCrals-" WC="0.37" CC="7387538535"/>
						<String ID="word000921" HPOS="2517" VPOS="921" WIDTH="20" HEIGHT="50" CONTENT="," STYLE="superscript" WC="0.37" CC="7"/>
						<String ID="word000922" HPOS="2537" VPOS="921" WIDTH="165" HEIGHT="50" CONTENT="naluely," WC="0.37" CC="86783635"/>
						<SP ID="P6_SP00885" HPOS="2702" VPOS="971" WIDTH="24"/>
						<String ID="word000923" HPOS="2726" VPOS="922" WIDTH="152" HEIGHT="46" CONTENT="sending" WC="0.76" CC="3070113"/>
						<SP ID="P6_SP00886" HPOS="2878" VPOS="971" WIDTH="25"/>
						<String ID="word000924" HPOS="2903" VPOS="930" WIDTH="174" HEIGHT="35" CONTENT="succours" WC="0.71" CC="33133143"/>
						<SP ID="P6_SP00887" HPOS="3077" VPOS="971" WIDTH="0"/>
					</TextLine>
					<TextLine ID="P6_TL00117" HPOS="1721" VPOS="966" WIDTH="228" HEIGHT="49">
						<String ID="word000925" HPOS="1721" VPOS="966" WIDTH="77" HEIGHT="35" CONTENT="into" WC="0.97" CC="0100" STYLEREFS="TXT_3"/>
						<SP ID="P6_SP00888" HPOS="1798" VPOS="1002" WIDTH="21"/>
						<String ID="word000926" HPOS="1819" VPOS="969" WIDTH="130" HEIGHT="46" CONTENT="Spain." WC="0.89" CC="130110" STYLEREFS="TXT_3"/>
						<SP ID="P6_SP00889" HPOS="1949" VPOS="1015" WIDTH="0"/>
					</TextLine>
					<TextLine ID="P6_TL00118" HPOS="1767" VPOS="1015" WIDTH="1309" HEIGHT="54">
						<String ID="word000927" HPOS="1767" VPOS="1015" WIDTH="94" HEIGHT="39" CONTENT="This" WC="0.94" CC="0101"/>
						<SP ID="P6_SP00890" HPOS="1861" VPOS="1054" WIDTH="18"/>
						<String ID="word000928" HPOS="1879" VPOS="1028" WIDTH="165" HEIGHT="30" CONTENT="measure" WC="0.67" CC="4411515"/>
						<SP ID="P6_SP00891" HPOS="2044" VPOS="1057" WIDTH="18"/>
						<String ID="word000929" HPOS="2062" VPOS="1026" WIDTH="93" HEIGHT="32" CONTENT="must" WC="0.89" CC="1111"/>
						<SP ID="P6_SP00892" HPOS="2156" VPOS="1058" WIDTH="20"/>
						<String ID="word000930" HPOS="2176" VPOS="1017" WIDTH="92" HEIGHT="37" CONTENT="have" WC="1.00" CC="0000"/>
						<SP ID="P6_SP00893" HPOS="2268" VPOS="1058" WIDTH="19"/>
						<String ID="word000931" HPOS="2287" VPOS="1019" WIDTH="92" HEIGHT="34" CONTENT="been" WC="0.97" CC="1000"/>
						<SP ID="P6_SP00894" HPOS="2379" VPOS="1058" WIDTH="18"/>
						<String ID="word000932" HPOS="2396" VPOS="1017" WIDTH="156" HEIGHT="52" CONTENT="equally" WC="0.90" CC="0100410"/>
						<SP ID="P6_SP00895" HPOS="2552" VPOS="1069" WIDTH="15"/>
						<String ID="word000933" HPOS="2568" VPOS="1017" WIDTH="161" HEIGHT="38" CONTENT="feasible" WC="0.86" CC="10001413"/>
						<SP ID="P6_SP00896" HPOS="2728" VPOS="1069" WIDTH="17"/>
						<String ID="word000934" HPOS="2745" VPOS="1018" WIDTH="63" HEIGHT="37" CONTENT="for" WC="0.96" CC="001"/>
						<SP ID="P6_SP00897" HPOS="2807" VPOS="1069" WIDTH="17"/>
						<String ID="word000935" HPOS="2824" VPOS="1017" WIDTH="63" HEIGHT="35" CONTENT="the" WC="1.00" CC="000"/>
						<SP ID="P6_SP00898" HPOS="2887" VPOS="1069" WIDTH="25"/>
						<String ID="word000936" HPOS="2911" VPOS="1018" WIDTH="164" HEIGHT="46" CONTENT="French," WC="0.90" CC="0051000"/>
						<SP ID="P6_SP00899" HPOS="3076" VPOS="1069" WIDTH="0"/>
					</TextLine>
					<TextLine ID="P6_TL00119" HPOS="1722" VPOS="1059" WIDTH="1360" HEIGHT="51">
						<String ID="word000937" HPOS="1722" VPOS="1062" WIDTH="35" HEIGHT="35" CONTENT="if" WC="0.94" CC="10"/>
						<SP ID="P6_SP00900" HPOS="1757" VPOS="1097" WIDTH="21"/>
						<String ID="word000938" HPOS="1779" VPOS="1072" WIDTH="46" HEIGHT="26" CONTENT="no" WC="0.67" CC="33"/>
						<SP ID="P6_SP00901" HPOS="1825" VPOS="1098" WIDTH="22"/>
						<String ID="word000939" HPOS="1847" VPOS="1064" WIDTH="145" HEIGHT="46" CONTENT="victory" WC="0.92" CC="0100112"/>
						<SP ID="P6_SP00902" HPOS="1993" VPOS="1110" WIDTH="33"/>
						<String ID="word000940" HPOS="2026" VPOS="1065" WIDTH="73" HEIGHT="40" CONTENT="had" WC="1.00" CC="000"/>
						<SP ID="P6_SP00903" HPOS="2099" VPOS="1110" WIDTH="19"/>
						<String ID="word000941" HPOS="2118" VPOS="1067" WIDTH="92" HEIGHT="34" CONTENT="been" WC="1.00" CC="0000"/>
						<SP ID="P6_SP00904" HPOS="2210" VPOS="1110" WIDTH="17"/>
						<String ID="word000942" HPOS="2226" VPOS="1067" WIDTH="180" HEIGHT="34" CONTENT="obtained" WC="0.86" CC="50003110"/>
						<SP ID="P6_SP00905" HPOS="2406" VPOS="1110" WIDTH="18"/>
						<String ID="word000943" HPOS="2424" VPOS="1076" WIDTH="89" HEIGHT="25" CONTENT="over" WC="0.97" CC="0100"/>
						<SP ID="P6_SP00906" HPOS="2512" VPOS="1110" WIDTH="26"/>
						<String ID="word000944" HPOS="2538" VPOS="1067" WIDTH="100" HEIGHT="35" CONTENT="them" WC="0.94" CC="0002"/>
						<SP ID="P6_SP00907" HPOS="2639" VPOS="1110" WIDTH="17"/>
						<String ID="word000945" HPOS="2655" VPOS="1080" WIDTH="11" HEIGHT="26" CONTENT=";" WC="0.78" CC="2"/>
						<SP ID="P6_SP00908" HPOS="2666" VPOS="1110" WIDTH="30"/>
						<String ID="word000946" HPOS="2695" VPOS="1059" WIDTH="103" HEIGHT="41" CONTENT="Suel" WC="0.33" CC="8358"/>
						<SP ID="P6_SP00909" HPOS="2798" VPOS="1110" WIDTH="32"/>
						<String ID="word000947" HPOS="2830" VPOS="1067" WIDTH="145" HEIGHT="35" CONTENT="confess" WC="0.94" CC="0011002"/>
						<SP ID="P6_SP00910" HPOS="2975" VPOS="1110" WIDTH="17"/>
						<String ID="word000948" HPOS="2992" VPOS="1069" WIDTH="90" HEIGHT="38" CONTENT="that," WC="0.73" CC="13233"/>
						<SP ID="P6_SP00911" HPOS="3081" VPOS="1110" WIDTH="0"/>
					</TextLine>
					<TextLine ID="P6_TL00120" HPOS="1721" VPOS="1111" WIDTH="1355" HEIGHT="54">
						<String ID="word000949" HPOS="1721" VPOS="1111" WIDTH="63" HEIGHT="34" CONTENT="the" WC="1.00" CC="000"/>
						<SP ID="P6_SP00912" HPOS="1783" VPOS="1146" WIDTH="18"/>
						<String ID="word000950" HPOS="1801" VPOS="1113" WIDTH="138" HEIGHT="40" CONTENT="chance" WC="0.87" CC="201130"/>
						<SP ID="P6_SP00913" HPOS="1939" VPOS="1153" WIDTH="17"/>
						<String ID="word000951" HPOS="1956" VPOS="1113" WIDTH="45" HEIGHT="35" CONTENT="of" WC="0.94" CC="10"/>
						<SP ID="P6_SP00914" HPOS="2001" VPOS="1153" WIDTH="19"/>
						<String ID="word000952" HPOS="2020" VPOS="1115" WIDTH="90" HEIGHT="33" CONTENT="such" WC="0.81" CC="1330"/>
						<SP ID="P6_SP00915" HPOS="2109" VPOS="1153" WIDTH="18"/>
						<String ID="word000953" HPOS="2127" VPOS="1126" WIDTH="45" HEIGHT="26" CONTENT="an" WC="0.94" CC="10"/>
						<SP ID="P6_SP00916" HPOS="2172" VPOS="1153" WIDTH="19"/>
						<String ID="word000954" HPOS="2191" VPOS="1121" WIDTH="159" HEIGHT="43" CONTENT="attempt" WC="0.98" CC="0000100"/>
						<SP ID="P6_SP00917" HPOS="2350" VPOS="1163" WIDTH="19"/>
						<String ID="word000955" HPOS="2369" VPOS="1124" WIDTH="112" HEIGHT="25" CONTENT="seems" WC="1.00" CC="00000"/>
						<SP ID="P6_SP00918" HPOS="2481" VPOS="1163" WIDTH="17"/>
						<String ID="word000956" HPOS="2498" VPOS="1119" WIDTH="40" HEIGHT="32" CONTENT="to" WC="0.94" CC="01"/>
						<SP ID="P6_SP00919" HPOS="2538" VPOS="1163" WIDTH="20"/>
						<String ID="word000957" HPOS="2558" VPOS="1126" WIDTH="58" HEIGHT="25" CONTENT="me" WC="0.72" CC="23"/>
						<SP ID="P6_SP00920" HPOS="2616" VPOS="1163" WIDTH="14"/>
						<String ID="word000958" HPOS="2630" VPOS="1114" WIDTH="165" HEIGHT="44" CONTENT=";smumecl" WC="0.33" CC="58834578"/>
						<SP ID="P6_SP00921" HPOS="2796" VPOS="1163" WIDTH="30"/>
						<String ID="word000959" HPOS="2825" VPOS="1115" WIDTH="144" HEIGHT="47" CONTENT="apinst" WC="0.30" CC="583877"/>
						<SP ID="P6_SP00922" HPOS="2969" VPOS="1163" WIDTH="18"/>
						<String ID="word000960" HPOS="2987" VPOS="1127" WIDTH="67" HEIGHT="38" CONTENT="pro" SUBS_TYPE="HypPart1" SUBS_CONTENT="probability," WC="0.86" CC="003" STYLEREFS="TXT_3"/>
						<HYP HPOS="3054" VPOS="1127" WIDTH="21" CONTENT="-"/>
					</TextLine>
					<TextLine ID="P6_TL00121" HPOS="1722" VPOS="1161" WIDTH="1354" HEIGHT="50">
						<String ID="word000961" HPOS="1722" VPOS="1161" WIDTH="178" HEIGHT="44" CONTENT="bability," SUBS_TYPE="HypPart2" SUBS_CONTENT="probability," WC="0.94" CC="100030010" STYLEREFS="TXT_3"/>
						<SP ID="P6_SP00923" HPOS="1900" VPOS="1205" WIDTH="54"/>
						<String ID="word000962" HPOS="1955" VPOS="1162" WIDTH="64" HEIGHT="33" CONTENT="Sir" WC="0.93" CC="101"/>
						<SP ID="P6_SP00924" HPOS="2019" VPOS="1205" WIDTH="20"/>
						<String ID="word000963" HPOS="2039" VPOS="1162" WIDTH="96" HEIGHT="38" CONTENT="flew" WC="0.56" CC="5533"/>
						<SP ID="P6_SP00925" HPOS="2134" VPOS="1205" WIDTH="25"/>
						<String ID="word000964" HPOS="2159" VPOS="1161" WIDTH="224" HEIGHT="50" CONTENT="Dalrymple" WC="0.86" CC="413011010"/>
						<SP ID="P6_SP00926" HPOS="2383" VPOS="1211" WIDTH="26"/>
						<String ID="word000965" HPOS="2409" VPOS="1162" WIDTH="142" HEIGHT="46" CONTENT="notices" WC="0.63" CC="3333533"/>
						<SP ID="P6_SP00927" HPOS="2551" VPOS="1211" WIDTH="31"/>
						<String ID="word000966" HPOS="2582" VPOS="1161" WIDTH="102" HEIGHT="40" CONTENT="what" WC="0.83" CC="0150"/>
						<SP ID="P6_SP00928" HPOS="2683" VPOS="1211" WIDTH="14"/>
						<String ID="word000967" HPOS="2698" VPOS="1163" WIDTH="45" HEIGHT="33" CONTENT="he" WC="0.89" CC="11"/>
						<SP ID="P6_SP00929" HPOS="2743" VPOS="1211" WIDTH="17"/>
						<String ID="word000968" HPOS="2759" VPOS="1163" WIDTH="92" HEIGHT="39" CONTENT="calls" WC="0.82" CC="11114"/>
						<SP ID="P6_SP00930" HPOS="2851" VPOS="1211" WIDTH="12"/>
						<String ID="word000969" HPOS="2863" VPOS="1165" WIDTH="19" HEIGHT="39" CONTENT="." WC="0.42" CC="3"/>
						<String ID="word000970" HPOS="2882" VPOS="1165" WIDTH="40" HEIGHT="39" CONTENT="4," STYLE="superscript" WC="0.42" CC="27"/>
						<String ID="word000971" HPOS="2922" VPOS="1165" WIDTH="60" HEIGHT="39" CONTENT="414" WC="0.42" CC="667"/>
						<SP ID="P6_SP00931" HPOS="2982" VPOS="1211" WIDTH="20"/>
						<String ID="word000972" HPOS="3002" VPOS="1165" WIDTH="73" HEIGHT="35" CONTENT="crib" WC="0.81" CC="1114"/>
						<SP ID="P6_SP00932" HPOS="3076" VPOS="1211" WIDTH="0"/>
					</TextLine>
					<TextLine ID="P6_TL00122" HPOS="1722" VPOS="1209" WIDTH="1354" HEIGHT="44">
						<String ID="word000973" HPOS="1722" VPOS="1209" WIDTH="90" HEIGHT="37" CONTENT="tical" WC="0.93" CC="10011"/>
						<SP ID="P6_SP00933" HPOS="1812" VPOS="1246" WIDTH="31"/>
						<String ID="word000974" HPOS="1843" VPOS="1209" WIDTH="70" HEIGHT="38" CONTENT="and" WC="0.93" CC="020"/>
						<SP ID="P6_SP00934" HPOS="1912" VPOS="1247" WIDTH="17"/>
						<String ID="word000975" HPOS="1929" VPOS="1211" WIDTH="253" HEIGHT="37" CONTENT="embarrassed" WC="0.70" CC="22422233352"/>
						<SP ID="P6_SP00935" HPOS="2181" VPOS="1247" WIDTH="13"/>
						<String ID="word000976" HPOS="2194" VPOS="1217" WIDTH="96" HEIGHT="30" CONTENT="state" WC="0.98" CC="10000"/>
						<SP ID="P6_SP00936" HPOS="2290" VPOS="1247" WIDTH="18"/>
						<String ID="word000977" HPOS="2308" VPOS="1211" WIDTH="47" HEIGHT="39" CONTENT="of" WC="0.94" CC="10"/>
						<SP ID="P6_SP00937" HPOS="2355" VPOS="1250" WIDTH="26"/>
						<String ID="word000978" HPOS="2381" VPOS="1209" WIDTH="164" HEIGHT="44" CONTENT='Junot,"' WC="0.51" CC="4358335"/>
						<SP ID="P6_SP00938" HPOS="2545" VPOS="1253" WIDTH="26"/>
						<String ID="word000979" HPOS="2571" VPOS="1209" WIDTH="131" HEIGHT="39" CONTENT="before" WC="0.83" CC="000225"/>
						<SP ID="P6_SP00939" HPOS="2702" VPOS="1253" WIDTH="18"/>
						<String ID="word000980" HPOS="2720" VPOS="1211" WIDTH="89" HEIGHT="39" CONTENT="that." WC="0.93" CC="11100"/>
						<SP ID="P6_SP00940" HPOS="2809" VPOS="1253" WIDTH="22"/>
						<String ID="word000981" HPOS="2831" VPOS="1211" WIDTH="163" HEIGHT="39" CONTENT="General" WC="0.84" CC="1111132"/>
						<SP ID="P6_SP00941" HPOS="2994" VPOS="1253" WIDTH="17"/>
						<String ID="word000982" HPOS="3011" VPOS="1213" WIDTH="65" HEIGHT="35" CONTENT="has" WC="1.00" CC="000"/>
						<SP ID="P6_SP00942" HPOS="3076" VPOS="1253" WIDTH="0"/>
					</TextLine>
					<TextLine ID="P6_TL00123" HPOS="1724" VPOS="1257" WIDTH="1350" HEIGHT="47">
						<String ID="word000983" HPOS="1724" VPOS="1260" WIDTH="90" HEIGHT="34" CONTENT="been" WC="0.89" CC="3010"/>
						<SP ID="P6_SP00943" HPOS="1814" VPOS="1294" WIDTH="21"/>
						<String ID="word000984" HPOS="1835" VPOS="1257" WIDTH="144" HEIGHT="45" CONTENT="pressed" WC="0.81" CC="1053030"/>
						<SP ID="P6_SP00944" HPOS="1980" VPOS="1302" WIDTH="20"/>
						<String ID="word000985" HPOS="2000" VPOS="1258" WIDTH="48" HEIGHT="45" CONTENT="by" WC="0.83" CC="30"/>
						<SP ID="P6_SP00945" HPOS="2048" VPOS="1303" WIDTH="19"/>
						<String ID="word000986" HPOS="2067" VPOS="1258" WIDTH="66" HEIGHT="40" CONTENT="the" WC="1.00" CC="000"/>
						<SP ID="P6_SP00946" HPOS="2133" VPOS="1303" WIDTH="19"/>
						<String ID="word000987" HPOS="2152" VPOS="1259" WIDTH="143" HEIGHT="40" CONTENT="British" WC="0.71" CC="4131351"/>
						<SP ID="P6_SP00947" HPOS="2295" VPOS="1303" WIDTH="17"/>
						<String ID="word000988" HPOS="2311" VPOS="1269" WIDTH="106" HEIGHT="35" CONTENT="army" WC="0.89" CC="0112"/>
						<SP ID="P6_SP00948" HPOS="2418" VPOS="1304" WIDTH="17"/>
						<String ID="word000989" HPOS="2434" VPOS="1270" WIDTH="13" HEIGHT="31" CONTENT=";" WC="0.78" CC="2"/>
						<SP ID="P6_SP00949" HPOS="2447" VPOS="1304" WIDTH="25"/>
						<String ID="word000990" HPOS="2472" VPOS="1258" WIDTH="90" HEIGHT="44" CONTENT="and," WC="0.67" CC="1326"/>
						<SP ID="P6_SP00950" HPOS="2562" VPOS="1304" WIDTH="27"/>
						<String ID="word000991" HPOS="2589" VPOS="1258" WIDTH="37" HEIGHT="35" CONTENT="in" WC="0.83" CC="03"/>
						<SP ID="P6_SP00951" HPOS="2626" VPOS="1304" WIDTH="15"/>
						<String ID="word000992" HPOS="2641" VPOS="1257" WIDTH="265" HEIGHT="47" CONTENT="explanation." WC="0.84" CC="010110200336"/>
						<SP ID="P6_SP00952" HPOS="2906" VPOS="1304" WIDTH="12"/>
						<String ID="word000993" HPOS="2917" VPOS="1258" WIDTH="47" HEIGHT="37" CONTENT="of" WC="0.89" CC="20"/>
						<SP ID="P6_SP00953" HPOS="2965" VPOS="1304" WIDTH="25"/>
						<String ID="word000994" HPOS="2989" VPOS="1260" WIDTH="85" HEIGHT="40" CONTENT="that" WC="0.97" CC="0010"/>
						<SP ID="P6_SP00954" HPOS="3074" VPOS="1304" WIDTH="0"/>
					</TextLine>
					<TextLine ID="P6_TL00124" HPOS="1721" VPOS="1302" WIDTH="1355" HEIGHT="53">
						<String ID="word000995" HPOS="1721" VPOS="1307" WIDTH="235" HEIGHT="47" CONTENT="expression," WC="0.80" CC="08203011113"/>
						<SP ID="P6_SP00955" HPOS="1956" VPOS="1355" WIDTH="11"/>
						<String ID="word000996" HPOS="1967" VPOS="1307" WIDTH="191" HEIGHT="40" CONTENT="observes," WC="0.99" CC="000001000"/>
						<SP ID="P6_SP00956" HPOS="2158" VPOS="1355" WIDTH="11"/>
						<String ID="word000997" HPOS="2169" VPOS="1302" WIDTH="81" HEIGHT="46" CONTENT=";bat" WC="0.47" CC="8542"/>
						<SP ID="P6_SP00957" HPOS="2250" VPOS="1355" WIDTH="14"/>
						<String ID="word000998" HPOS="2264" VPOS="1307" WIDTH="66" HEIGHT="37" CONTENT="the" WC="0.96" CC="001"/>
						<SP ID="P6_SP00958" HPOS="2330" VPOS="1355" WIDTH="14"/>
						<String ID="word000999" HPOS="2344" VPOS="1306" WIDTH="195" HEIGHT="39" CONTENT="surrender" WC="0.94" CC="020011010"/>
						<SP ID="P6_SP00959" HPOS="2539" VPOS="1355" WIDTH="13"/>
						<String ID="word001000" HPOS="2552" VPOS="1305" WIDTH="47" HEIGHT="40" CONTENT="of" WC="1.00" CC="00"/>
						<SP ID="P6_SP00960" HPOS="2600" VPOS="1355" WIDTH="6"/>
						<String ID="word001001" HPOS="2606" VPOS="1304" WIDTH="178" HEIGHT="48" CONTENT="Dupont," WC="0.68" CC="1625105"/>
						<SP ID="P6_SP00961" HPOS="2784" VPOS="1355" WIDTH="22"/>
						<String ID="word001002" HPOS="2806" VPOS="1306" WIDTH="63" HEIGHT="38" CONTENT="the" WC="0.89" CC="030"/>
						<SP ID="P6_SP00962" HPOS="2869" VPOS="1355" WIDTH="13"/>
						<String ID="word001003" HPOS="2882" VPOS="1307" WIDTH="194" HEIGHT="39" CONTENT="existence" WC="0.80" CC="141110341"/>
						<SP ID="P6_SP00963" HPOS="3076" VPOS="1355" WIDTH="0"/>
					</TextLine>
					<TextLine ID="P6_TL00125" HPOS="1724" VPOS="1350" WIDTH="1353" HEIGHT="63">
						<String ID="word001004" HPOS="1724" VPOS="1356" WIDTH="45" HEIGHT="35" CONTENT="of" WC="1.00" CC="00"/>
						<SP ID="P6_SP00964" HPOS="1769" VPOS="1391" WIDTH="17"/>
						<String ID="word001005" HPOS="1786" VPOS="1355" WIDTH="63" HEIGHT="41" CONTENT="the" WC="0.93" CC="110"/>
						<SP ID="P6_SP00965" HPOS="1848" VPOS="1396" WIDTH="25"/>
						<String ID="word001006" HPOS="1873" VPOS="1355" WIDTH="206" HEIGHT="41" CONTENT="victorious" WC="0.69" CC="4116401173"/>
						<SP ID="P6_SP00966" HPOS="2079" VPOS="1396" WIDTH="21"/>
						<String ID="word001007" HPOS="2100" VPOS="1350" WIDTH="161" HEIGHT="63" CONTENT="Spunl4h" WC="0.36" CC="3476686"/>
						<SP ID="P6_SP00967" HPOS="2261" VPOS="1413" WIDTH="17"/>
						<String ID="word001008" HPOS="2277" VPOS="1367" WIDTH="106" HEIGHT="33" CONTENT="army" WC="1.00" CC="0000"/>
						<SP ID="P6_SP00968" HPOS="2383" VPOS="1413" WIDTH="20"/>
						<String ID="word001009" HPOS="2404" VPOS="1356" WIDTH="38" HEIGHT="37" CONTENT="in" WC="0.94" CC="10"/>
						<SP ID="P6_SP00969" HPOS="2441" VPOS="1413" WIDTH="14"/>
						<String ID="word001010" HPOS="2456" VPOS="1354" WIDTH="221" HEIGHT="45" CONTENT="Andalusia," WC="0.81" CC="2114313011"/>
						<SP ID="P6_SP00970" HPOS="2676" VPOS="1413" WIDTH="30"/>
						<String ID="word001011" HPOS="2706" VPOS="1354" WIDTH="124" HEIGHT="40" CONTENT="which;" WC="0.42" CC="257755"/>
						<SP ID="P6_SP00971" HPOS="2830" VPOS="1413" WIDTH="18"/>
						<String ID="word001012" HPOS="2848" VPOS="1361" WIDTH="64" HEIGHT="31" CONTENT="cut" WC="1.00" CC="000"/>
						<SP ID="P6_SP00972" HPOS="2911" VPOS="1413" WIDTH="20"/>
						<String ID="word001013" HPOS="2931" VPOS="1357" WIDTH="30" HEIGHT="38" CONTENT="a" WC="0.39" CC="5"/>
						<String ID="word001014" HPOS="2961" VPOS="1357" WIDTH="31" HEIGHT="38" CONTENT="-" STYLE="superscript" WC="0.39" CC="6"/>
						<SP ID="P6_SP00973" HPOS="2992" VPOS="1413" WIDTH="22"/>
						<String ID="word001015" HPOS="3014" VPOS="1358" WIDTH="63" HEIGHT="35" CONTENT="the" WC="0.85" CC="031"/>
						<SP ID="P6_SP00974" HPOS="3077" VPOS="1413" WIDTH="0"/>
					</TextLine>
					<TextLine ID="P6_TL00126" HPOS="1726" VPOS="1401" WIDTH="1355" HEIGHT="45">
						<String ID="word001016" HPOS="1726" VPOS="1406" WIDTH="63" HEIGHT="40" CONTENT="the" WC="0.78" CC="240"/>
						<SP ID="P6_SP00975" HPOS="1788" VPOS="1446" WIDTH="17"/>
						<String ID="word001017" HPOS="1805" VPOS="1409" WIDTH="139" HEIGHT="34" CONTENT="retreat" WC="0.97" CC="0000020"/>
						<SP ID="P6_SP00976" HPOS="1944" VPOS="1446" WIDTH="17"/>
						<String ID="word001018" HPOS="1961" VPOS="1402" WIDTH="46" HEIGHT="35" CONTENT="of" WC="0.78" CC="13"/>
						<SP ID="P6_SP00977" HPOS="2007" VPOS="1446" WIDTH="9"/>
						<String ID="word001019" HPOS="2016" VPOS="1403" WIDTH="65" HEIGHT="39" CONTENT="the" WC="0.63" CC="532"/>
						<SP ID="P6_SP00978" HPOS="2081" VPOS="1446" WIDTH="22"/>
						<String ID="word001020" HPOS="2104" VPOS="1402" WIDTH="21" HEIGHT="37" CONTENT="F" WC="0.78" CC="2"/>
						<SP ID="P6_SP00979" HPOS="2125" VPOS="1446" WIDTH="13"/>
						<String ID="word001021" HPOS="2138" VPOS="1402" WIDTH="107" HEIGHT="39" CONTENT="reach" WC="0.80" CC="20511"/>
						<SP ID="P6_SP00980" HPOS="2245" VPOS="1446" WIDTH="14"/>
						<String ID="word001022" HPOS="2259" VPOS="1406" WIDTH="37" HEIGHT="35" CONTENT="in" WC="0.94" CC="10"/>
						<SP ID="P6_SP00981" HPOS="2296" VPOS="1446" WIDTH="19"/>
						<String ID="word001023" HPOS="2315" VPOS="1406" WIDTH="81" HEIGHT="35" CONTENT="that" WC="0.83" CC="1041"/>
						<SP ID="P6_SP00982" HPOS="2396" VPOS="1446" WIDTH="15"/>
						<String ID="word001024" HPOS="2412" VPOS="1401" WIDTH="280" HEIGHT="44" CONTENT="directlon,and" WC="0.53" CC="3337338383443"/>
						<SP ID="P6_SP00983" HPOS="2692" VPOS="1446" WIDTH="19"/>
						<String ID="word001025" HPOS="2711" VPOS="1403" WIDTH="370" HEIGHT="40" CONTENT="theattiNersalAtos," WC="0.39" CC="387776383355487555"/>
						<SP ID="P6_SP00984" HPOS="3080" VPOS="1446" WIDTH="0"/>
					</TextLine>
					<TextLine ID="P6_TL00127" HPOS="1724" VPOS="1450" WIDTH="1360" HEIGHT="53">
						<String ID="word001026" HPOS="1724" VPOS="1453" WIDTH="105" HEIGHT="45" CONTENT="tility" WC="0.89" CC="103011"/>
						<SP ID="P6_SP00985" HPOS="1830" VPOS="1498" WIDTH="19"/>
						<String ID="word001027" HPOS="1848" VPOS="1452" WIDTH="45" HEIGHT="40" CONTENT="of" WC="0.67" CC="51"/>
						<SP ID="P6_SP00986" HPOS="1893" VPOS="1498" WIDTH="13"/>
						<String ID="word001028" HPOS="1906" VPOS="1450" WIDTH="60" HEIGHT="34" CONTENT="the" WC="0.96" CC="010"/>
						<SP ID="P6_SP00987" HPOS="1967" VPOS="1498" WIDTH="21"/>
						<String ID="word001029" HPOS="1988" VPOS="1450" WIDTH="244" HEIGHT="45" CONTENT="Portuguese," WC="0.77" CC="07041011441"/>
						<SP ID="P6_SP00988" HPOS="2232" VPOS="1498" WIDTH="14"/>
						<String ID="word001030" HPOS="2246" VPOS="1452" WIDTH="105" HEIGHT="51" CONTENT="matte" WC="0.62" CC="41561"/>
						<SP ID="P6_SP00989" HPOS="2352" VPOS="1502" WIDTH="19"/>
						<String ID="word001031" HPOS="2370" VPOS="1450" WIDTH="64" HEIGHT="40" CONTENT="the" WC="1.00" CC="000"/>
						<SP ID="P6_SP00990" HPOS="2434" VPOS="1502" WIDTH="12"/>
						<String ID="word001032" HPOS="2446" VPOS="1450" WIDTH="181" HEIGHT="45" CONTENT="situation" WC="0.89" CC="110130003"/>
						<SP ID="P6_SP00991" HPOS="2627" VPOS="1502" WIDTH="17"/>
						<String ID="word001033" HPOS="2643" VPOS="1450" WIDTH="175" HEIGHT="47" CONTENT="ofJutscst" WC="0.42" CC="364377773"/>
						<SP ID="P6_SP00992" HPOS="2818" VPOS="1502" WIDTH="17"/>
						<String ID="word001034" HPOS="2835" VPOS="1461" WIDTH="69" HEIGHT="27" CONTENT="one" WC="0.67" CC="540"/>
						<SP ID="P6_SP00993" HPOS="2903" VPOS="1502" WIDTH="18"/>
						<String ID="word001035" HPOS="2921" VPOS="1452" WIDTH="163" HEIGHT="45" CONTENT="ofgro4" WC="0.56" CC="533076"/>
						<SP ID="P6_SP00994" HPOS="3084" VPOS="1502" WIDTH="0"/>
					</TextLine>
					<TextLine ID="P6_TL00128" HPOS="1723" VPOS="1496" WIDTH="1247" HEIGHT="49">
						<String ID="word001036" HPOS="1723" VPOS="1501" WIDTH="164" HEIGHT="41" CONTENT="distress." WC="0.80" CC="100315510"/>
						<SP ID="P6_SP00995" HPOS="1887" VPOS="1543" WIDTH="53"/>
						<String ID="word001037" HPOS="1941" VPOS="1499" WIDTH="60" HEIGHT="37" CONTENT="No" WC="0.72" CC="32"/>
						<SP ID="P6_SP00996" HPOS="2001" VPOS="1543" WIDTH="31"/>
						<String ID="word001038" HPOS="2031" VPOS="1501" WIDTH="224" HEIGHT="44" CONTENT="temptation" WC="0.93" CC="0301011000"/>
						<SP ID="P6_SP00997" HPOS="2256" VPOS="1545" WIDTH="39"/>
						<String ID="word001039" HPOS="2295" VPOS="1500" WIDTH="63" HEIGHT="35" CONTENT="for" WC="1.00" CC="000"/>
						<SP ID="P6_SP00998" HPOS="2357" VPOS="1545" WIDTH="26"/>
						<String ID="word001040" HPOS="2383" VPOS="1499" WIDTH="64" HEIGHT="34" CONTENT="the" WC="0.96" CC="001"/>
						<SP ID="P6_SP00999" HPOS="2447" VPOS="1545" WIDTH="32"/>
						<String ID="word001041" HPOS="2479" VPOS="1496" WIDTH="224" HEIGHT="43" CONTENT="translation" WC="0.69" CC="11355331153"/>
						<SP ID="P6_SP01000" HPOS="2704" VPOS="1545" WIDTH="26"/>
						<String ID="word001042" HPOS="2730" VPOS="1498" WIDTH="46" HEIGHT="39" CONTENT="of" WC="0.61" CC="34"/>
						<SP ID="P6_SP01001" HPOS="2776" VPOS="1545" WIDTH="20"/>
						<String ID="word001043" HPOS="2796" VPOS="1498" WIDTH="64" HEIGHT="38" CONTENT="the" WC="0.85" CC="112"/>
						<SP ID="P6_SP01002" HPOS="2859" VPOS="1545" WIDTH="15"/>
						<String ID="word001044" HPOS="2875" VPOS="1496" WIDTH="4" HEIGHT="48" CONTENT="." WC="0.22" CC="7"/>
						<SP ID="P6_SP01003" HPOS="2878" VPOS="1545" WIDTH="12"/>
						<String ID="word001045" HPOS="2890" VPOS="1509" WIDTH="80" HEIGHT="28" CONTENT="war" WC="0.93" CC="110"/>
						<SP ID="P6_SP01004" HPOS="2970" VPOS="1545" WIDTH="0"/>
					</TextLine>
					<TextLine ID="P6_TL00129" HPOS="2985" VPOS="1501" WIDTH="99" HEIGHT="38">
						<String ID="word001046" HPOS="2985" VPOS="1501" WIDTH="99" HEIGHT="38" CONTENT=".iiatsr." WC="0.38" CC="55654488"/>
						<SP ID="P6_SP01005" HPOS="3084" VPOS="1539" WIDTH="0"/>
					</TextLine>
					<TextLine ID="P6_TL00130" HPOS="1726" VPOS="1546" WIDTH="1350" HEIGHT="53">
						<String ID="word001047" HPOS="1726" VPOS="1548" WIDTH="177" HEIGHT="51" CONTENT="Alentejo" WC="0.78" CC="11111434"/>
						<SP ID="P6_SP01006" HPOS="1903" VPOS="1599" WIDTH="27"/>
						<String ID="word001048" HPOS="1930" VPOS="1554" WIDTH="165" HEIGHT="40" CONTENT="presents" WC="0.97" CC="00000101"/>
						<SP ID="P6_SP01007" HPOS="2095" VPOS="1599" WIDTH="30"/>
						<String ID="word001049" HPOS="2125" VPOS="1548" WIDTH="104" HEIGHT="39" CONTENT="itself" WC="0.70" CC="215350"/>
						<SP ID="P6_SP01008" HPOS="2229" VPOS="1599" WIDTH="21"/>
						<String ID="word001050" HPOS="2250" VPOS="1548" WIDTH="94" HEIGHT="40" CONTENT="from" WC="0.94" CC="1001"/>
						<SP ID="P6_SP01009" HPOS="2344" VPOS="1599" WIDTH="20"/>
						<String ID="word001051" HPOS="2365" VPOS="1546" WIDTH="74" HEIGHT="40" CONTENT="this" WC="0.97" CC="0001"/>
						<SP ID="P6_SP01010" HPOS="2439" VPOS="1599" WIDTH="18"/>
						<String ID="word001052" HPOS="2457" VPOS="1547" WIDTH="175" HEIGHT="47" CONTENT="picture;" WC="0.81" CC="03503201"/>
						<SP ID="P6_SP01011" HPOS="2631" VPOS="1599" WIDTH="25"/>
						<String ID="word001053" HPOS="2656" VPOS="1556" WIDTH="67" HEIGHT="26" CONTENT="nor" WC="0.52" CC="265"/>
						<SP ID="P6_SP01012" HPOS="2724" VPOS="1599" WIDTH="15"/>
						<String ID="word001054" HPOS="2739" VPOS="1546" WIDTH="193" HEIGHT="46" CONTENT="doesauy" WC="0.43" CC="3858543"/>
						<SP ID="P6_SP01013" HPOS="2931" VPOS="1599" WIDTH="17"/>
						<String ID="word001055" HPOS="2948" VPOS="1558" WIDTH="106" HEIGHT="37" CONTENT="repre" WC="0.48" CC="43535"/>
						<String ID="word001056" HPOS="3054" VPOS="1558" WIDTH="21" HEIGHT="37" CONTENT="," STYLE="superscript" WC="0.48" CC="8"/>
						<SP ID="P6_SP01014" HPOS="3076" VPOS="1599" WIDTH="0"/>
					</TextLine>
					<TextLine ID="P6_TL00131" HPOS="1723" VPOS="1593" WIDTH="1364" HEIGHT="49">
						<String ID="word001057" HPOS="1723" VPOS="1599" WIDTH="184" HEIGHT="40" CONTENT="sentioion" WC="0.46" CC="333488834"/>
						<SP ID="P6_SP01015" HPOS="1907" VPOS="1639" WIDTH="33"/>
						<String ID="word001058" HPOS="1941" VPOS="1596" WIDTH="85" HEIGHT="45" CONTENT="give" WC="0.97" CC="0010"/>
						<SP ID="P6_SP01016" HPOS="2026" VPOS="1641" WIDTH="18"/>
						<String ID="word001059" HPOS="2043" VPOS="1597" WIDTH="144" HEIGHT="43" CONTENT="ground" WC="0.89" CC="010023"/>
						<SP ID="P6_SP01017" HPOS="2187" VPOS="1641" WIDTH="33"/>
						<String ID="word001060" HPOS="2220" VPOS="1603" WIDTH="39" HEIGHT="31" CONTENT="to" WC="1.00" CC="00"/>
						<SP ID="P6_SP01018" HPOS="2259" VPOS="1641" WIDTH="26"/>
						<String ID="word001061" HPOS="2285" VPOS="1599" WIDTH="164" HEIGHT="43" CONTENT="suppke" WC="0.56" CC="533373"/>
						<SP ID="P6_SP01019" HPOS="2450" VPOS="1642" WIDTH="18"/>
						<String ID="word001062" HPOS="2467" VPOS="1594" WIDTH="81" HEIGHT="43" CONTENT="that" WC="0.58" CC="0681"/>
						<SP ID="P6_SP01020" HPOS="2549" VPOS="1642" WIDTH="31"/>
						<String ID="word001063" HPOS="2580" VPOS="1594" WIDTH="122" HEIGHT="39" CONTENT="Junot" WC="0.71" CC="43141"/>
						<SP ID="P6_SP01021" HPOS="2701" VPOS="1642" WIDTH="26"/>
						<String ID="word001064" HPOS="2727" VPOS="1593" WIDTH="112" HEIGHT="38" CONTENT="could" WC="0.91" CC="00112"/>
						<SP ID="P6_SP01022" HPOS="2839" VPOS="1642" WIDTH="33"/>
						<String ID="word001065" HPOS="2872" VPOS="1594" WIDTH="98" HEIGHT="38" CONTENT="have" WC="0.92" CC="2001" STYLEREFS="TXT_3"/>
						<SP ID="P6_SP01023" HPOS="2970" VPOS="1642" WIDTH="18"/>
						<String ID="word001066" HPOS="2988" VPOS="1607" WIDTH="99" HEIGHT="25" CONTENT="con.." WC="0.80" CC="53010"/>
						<SP ID="P6_SP01024" HPOS="3087" VPOS="1642" WIDTH="0"/>
					</TextLine>
					<TextLine ID="P6_TL00132" HPOS="1726" VPOS="1642" WIDTH="1357" HEIGHT="53">
						<String ID="word001067" HPOS="1726" VPOS="1645" WIDTH="204" HEIGHT="50" CONTENT="templated" WC="0.91" CC="010113100"/>
						<SP ID="P6_SP01025" HPOS="1930" VPOS="1695" WIDTH="21"/>
						<String ID="word001068" HPOS="1951" VPOS="1644" WIDTH="60" HEIGHT="34" CONTENT="the" WC="0.85" CC="031"/>
						<SP ID="P6_SP01026" HPOS="2011" VPOS="1695" WIDTH="17"/>
						<String ID="word001069" HPOS="2028" VPOS="1654" WIDTH="168" HEIGHT="28" CONTENT="measure" WC="0.79" CC="3116110"/>
						<SP ID="P6_SP01027" HPOS="2196" VPOS="1695" WIDTH="15"/>
						<String ID="word001070" HPOS="2211" VPOS="1655" WIDTH="40" HEIGHT="25" CONTENT="as" WC="0.89" CC="11"/>
						<SP ID="P6_SP01028" HPOS="2251" VPOS="1695" WIDTH="21"/>
						<String ID="word001071" HPOS="2272" VPOS="1645" WIDTH="156" HEIGHT="43" CONTENT="holding" WC="0.63" CC="6531611"/>
						<SP ID="P6_SP01029" HPOS="2428" VPOS="1695" WIDTH="8"/>
						<String ID="word001072" HPOS="2437" VPOS="1642" WIDTH="99" HEIGHT="38" CONTENT="forth" WC="1.00" CC="00000"/>
						<SP ID="P6_SP01030" HPOS="2536" VPOS="1695" WIDTH="15"/>
						<String ID="word001073" HPOS="2551" VPOS="1651" WIDTH="77" HEIGHT="35" CONTENT="any" WC="1.00" CC="000"/>
						<SP ID="P6_SP01031" HPOS="2628" VPOS="1695" WIDTH="13"/>
						<String ID="word001074" HPOS="2641" VPOS="1650" WIDTH="176" HEIGHT="43" CONTENT="prospect" WC="0.79" CC="11333013"/>
						<SP ID="P6_SP01032" HPOS="2817" VPOS="1695" WIDTH="11"/>
						<String ID="word001075" HPOS="2828" VPOS="1643" WIDTH="255" HEIGHT="40" CONTENT="boultintate." WC="0.54" CC="064534685333"/>
						<SP ID="P6_SP01033" HPOS="3083" VPOS="1695" WIDTH="0"/>
					</TextLine>
					<TextLine ID="P6_TL00133" HPOS="1727" VPOS="1689" WIDTH="1352" HEIGHT="54">
						<String ID="word001076" HPOS="1727" VPOS="1695" WIDTH="96" HEIGHT="43" CONTENT="ruin," WC="0.87" CC="01311"/>
						<SP ID="P6_SP01034" HPOS="1822" VPOS="1737" WIDTH="20"/>
						<String ID="word001077" HPOS="1843" VPOS="1693" WIDTH="98" HEIGHT="39" CONTENT="after" WC="0.93" CC="11010"/>
						<SP ID="P6_SP01035" HPOS="1941" VPOS="1737" WIDTH="13"/>
						<String ID="word001078" HPOS="1954" VPOS="1693" WIDTH="109" HEIGHT="41" CONTENT="much" WC="0.61" CC="6404"/>
						<SP ID="P6_SP01036" HPOS="2062" VPOS="1737" WIDTH="21"/>
						<String ID="word001079" HPOS="2083" VPOS="1693" WIDTH="246" HEIGHT="50" CONTENT="preliminary" WC="0.91" CC="10111301100"/>
						<SP ID="P6_SP01037" HPOS="2329" VPOS="1742" WIDTH="15"/>
						<String ID="word001080" HPOS="2344" VPOS="1693" WIDTH="148" HEIGHT="46" CONTENT="distress" WC="0.69" CC="24322252"/>
						<SP ID="P6_SP01038" HPOS="2492" VPOS="1742" WIDTH="13"/>
						<String ID="word001081" HPOS="2505" VPOS="1691" WIDTH="74" HEIGHT="35" CONTENT="and" WC="0.85" CC="310"/>
						<SP ID="P6_SP01039" HPOS="2580" VPOS="1742" WIDTH="18"/>
						<String ID="word001082" HPOS="2597" VPOS="1689" WIDTH="181" HEIGHT="48" CONTENT="disgrace." WC="0.59" CC="334326354"/>
						<SP ID="P6_SP01040" HPOS="2778" VPOS="1742" WIDTH="53"/>
						<String ID="word001083" HPOS="2831" VPOS="1689" WIDTH="83" HEIGHT="39" CONTENT="The" WC="0.52" CC="166"/>
						<SP ID="P6_SP01041" HPOS="2914" VPOS="1742" WIDTH="17"/>
						<String ID="word001084" HPOS="2930" VPOS="1698" WIDTH="149" HEIGHT="38" CONTENT="strong." WC="0.87" CC="3010103"/>
						<SP ID="P6_SP01042" HPOS="3079" VPOS="1742" WIDTH="0"/>
					</TextLine>
					<TextLine ID="P6_TL00134" HPOS="1726" VPOS="1736" WIDTH="1362" HEIGHT="49">
						<String ID="word001085" HPOS="1726" VPOS="1748" WIDTH="54" HEIGHT="27" CONTENT="est" WC="0.96" CC="100"/>
						<SP ID="P6_SP01043" HPOS="1780" VPOS="1775" WIDTH="18"/>
						<String ID="word001086" HPOS="1798" VPOS="1740" WIDTH="46" HEIGHT="34" CONTENT="of" WC="1.00" CC="00"/>
						<SP ID="P6_SP01044" HPOS="1844" VPOS="1775" WIDTH="25"/>
						<String ID="word001087" HPOS="1869" VPOS="1741" WIDTH="52" HEIGHT="34" CONTENT="all" WC="0.96" CC="100"/>
						<SP ID="P6_SP01045" HPOS="1920" VPOS="1775" WIDTH="20"/>
						<String ID="word001088" HPOS="1941" VPOS="1740" WIDTH="130" HEIGHT="45" CONTENT="proofs" WC="0.72" CC="100536"/>
						<SP ID="P6_SP01046" HPOS="2070" VPOS="1785" WIDTH="25"/>
						<String ID="word001089" HPOS="2095" VPOS="1749" WIDTH="43" HEIGHT="30" CONTENT="as" WC="0.94" CC="10"/>
						<SP ID="P6_SP01047" HPOS="2138" VPOS="1785" WIDTH="25"/>
						<String ID="word001090" HPOS="2163" VPOS="1744" WIDTH="39" HEIGHT="32" CONTENT="to" WC="0.94" CC="01"/>
						<SP ID="P6_SP01048" HPOS="2202" VPOS="1785" WIDTH="32"/>
						<String ID="word001091" HPOS="2233" VPOS="1739" WIDTH="154" HEIGHT="43" CONTENT="Junot's" WC="0.82" CC="1311014"/>
						<SP ID="P6_SP01049" HPOS="2387" VPOS="1785" WIDTH="15"/>
						<String ID="word001092" HPOS="2402" VPOS="1737" WIDTH="171" HEIGHT="47" CONTENT="opinion," WC="0.78" CC="11143033"/>
						<SP ID="P6_SP01050" HPOS="2574" VPOS="1785" WIDTH="26"/>
						<String ID="word001093" HPOS="2600" VPOS="1740" WIDTH="116" HEIGHT="39" CONTENT="arises" WC="0.91" CC="100031"/>
						<SP ID="P6_SP01051" HPOS="2715" VPOS="1785" WIDTH="22"/>
						<String ID="word001094" HPOS="2738" VPOS="1736" WIDTH="100" HEIGHT="40" CONTENT="from" WC="0.94" CC="0002"/>
						<SP ID="P6_SP01052" HPOS="2838" VPOS="1785" WIDTH="18"/>
						<String ID="word001095" HPOS="2856" VPOS="1739" WIDTH="231" HEIGHT="46" CONTENT="hii•sending." WC="0.48" CC="368665533533"/>
						<SP ID="P6_SP01053" HPOS="3087" VPOS="1785" WIDTH="0"/>
					</TextLine>
					<TextLine ID="P6_TL00135" HPOS="1726" VPOS="1785" WIDTH="1352" HEIGHT="47">
						<String ID="word001096" HPOS="1726" VPOS="1791" WIDTH="65" HEIGHT="34" CONTENT="the" WC="1.00" CC="000"/>
						<SP ID="P6_SP01054" HPOS="1791" VPOS="1825" WIDTH="20"/>
						<String ID="word001097" HPOS="1811" VPOS="1799" WIDTH="89" HEIGHT="33" CONTENT="very" WC="0.83" CC="1050"/>
						<SP ID="P6_SP01055" HPOS="1899" VPOS="1832" WIDTH="21"/>
						<String ID="word001098" HPOS="1920" VPOS="1789" WIDTH="168" HEIGHT="43" CONTENT="morning" WC="0.94" CC="3000001"/>
						<SP ID="P6_SP01056" HPOS="2088" VPOS="1832" WIDTH="28"/>
						<String ID="word001099" HPOS="2117" VPOS="1786" WIDTH="104" HEIGHT="44" CONTENT="after" WC="0.95" CC="10001"/>
						<SP ID="P6_SP01057" HPOS="2220" VPOS="1832" WIDTH="31"/>
						<String ID="word001100" HPOS="2251" VPOS="1789" WIDTH="63" HEIGHT="38" CONTENT="the" WC="0.93" CC="110"/>
						<SP ID="P6_SP01058" HPOS="2314" VPOS="1832" WIDTH="26"/>
						<String ID="word001101" HPOS="2340" VPOS="1789" WIDTH="119" HEIGHT="37" CONTENT="battle" WC="0.91" CC="310010"/>
						<SP ID="P6_SP01059" HPOS="2459" VPOS="1832" WIDTH="15"/>
						<String ID="word001102" HPOS="2474" VPOS="1785" WIDTH="44" HEIGHT="38" CONTENT="of" WC="0.94" CC="10"/>
						<SP ID="P6_SP01060" HPOS="2518" VPOS="1832" WIDTH="24"/>
						<String ID="word001103" HPOS="2542" VPOS="1786" WIDTH="190" HEIGHT="41" CONTENT="Vimniera," WC="0.52" CC="355555335"/>
						<SP ID="P6_SP01061" HPOS="2732" VPOS="1832" WIDTH="27"/>
						<String ID="word001104" HPOS="2759" VPOS="1792" WIDTH="40" HEIGHT="28" CONTENT="to" WC="1.00" CC="00"/>
						<SP ID="P6_SP01062" HPOS="2799" VPOS="1832" WIDTH="33"/>
						<String ID="word001105" HPOS="2832" VPOS="1786" WIDTH="163" HEIGHT="45" CONTENT="propose" WC="0.89" CC="0100132"/>
						<SP ID="P6_SP01063" HPOS="2995" VPOS="1832" WIDTH="20"/>
						<String ID="word001106" HPOS="3015" VPOS="1789" WIDTH="63" HEIGHT="34" CONTENT="the" WC="0.96" CC="100"/>
						<SP ID="P6_SP01064" HPOS="3078" VPOS="1832" WIDTH="0"/>
					</TextLine>
					<TextLine ID="P6_TL00136" HPOS="1726" VPOS="1830" WIDTH="1356" HEIGHT="56">
						<String ID="word001107" HPOS="1726" VPOS="1837" WIDTH="224" HEIGHT="39" CONTENT="evacuation" WC="0.98" CC="0010000001"/>
						<SP ID="P6_SP01065" HPOS="1950" VPOS="1876" WIDTH="18"/>
						<String ID="word001108" HPOS="1968" VPOS="1835" WIDTH="46" HEIGHT="34" CONTENT="of" WC="0.94" CC="10"/>
						<SP ID="P6_SP01066" HPOS="2014" VPOS="1876" WIDTH="18"/>
						<String ID="word001109" HPOS="2031" VPOS="1835" WIDTH="196" HEIGHT="46" CONTENT="Portugal," WC="0.73" CC="713100154"/>
						<SP ID="P6_SP01067" HPOS="2228" VPOS="1881" WIDTH="24"/>
						<String ID="word001110" HPOS="2251" VPOS="1847" WIDTH="26" HEIGHT="25" CONTENT="a" WC="1.00" CC="0"/>
						<SP ID="P6_SP01068" HPOS="2277" VPOS="1881" WIDTH="25"/>
						<String ID="word001111" HPOS="2302" VPOS="1843" WIDTH="81" HEIGHT="43" CONTENT="tap" WC="0.59" CC="641"/>
						<SP ID="P6_SP01069" HPOS="2383" VPOS="1885" WIDTH="20"/>
						<String ID="word001112" HPOS="2404" VPOS="1833" WIDTH="124" HEIGHT="44" CONTENT="which" WC="0.78" CC="03106"/>
						<SP ID="P6_SP01070" HPOS="2528" VPOS="1885" WIDTH="18"/>
						<String ID="word001113" HPOS="2545" VPOS="1830" WIDTH="219" HEIGHT="52" CONTENT="sulfulently" WC="0.46" CC="33856634753"/>
						<SP ID="P6_SP01071" HPOS="2764" VPOS="1885" WIDTH="20"/>
						<String ID="word001114" HPOS="2784" VPOS="1834" WIDTH="185" HEIGHT="35" CONTENT="indicated" WC="0.72" CC="430217330"/>
						<SP ID="P6_SP01072" HPOS="2969" VPOS="1885" WIDTH="30"/>
						<String ID="word001115" HPOS="2999" VPOS="1835" WIDTH="83" HEIGHT="37" CONTENT="that" WC="0.94" CC="0110"/>
						<SP ID="P6_SP01073" HPOS="3081" VPOS="1885" WIDTH="0"/>
					</TextLine>
					<TextLine ID="P6_TL00137" HPOS="1731" VPOS="1881" WIDTH="1357" HEIGHT="49">
						<String ID="word001116" HPOS="1731" VPOS="1887" WIDTH="44" HEIGHT="32" CONTENT="he" WC="1.00" CC="00"/>
						<SP ID="P6_SP01074" HPOS="1775" VPOS="1919" WIDTH="26"/>
						<String ID="word001117" HPOS="1801" VPOS="1896" WIDTH="80" HEIGHT="25" CONTENT="was" WC="0.96" CC="001"/>
						<SP ID="P6_SP01075" HPOS="1881" VPOS="1920" WIDTH="18"/>
						<String ID="word001118" HPOS="1899" VPOS="1884" WIDTH="161" HEIGHT="34" CONTENT="satisfied" WC="0.83" CC="110115500"/>
						<SP ID="P6_SP01076" HPOS="2060" VPOS="1920" WIDTH="37"/>
						<String ID="word001119" HPOS="2096" VPOS="1883" WIDTH="46" HEIGHT="35" CONTENT="he" WC="1.00" CC="00"/>
						<SP ID="P6_SP01077" HPOS="2143" VPOS="1920" WIDTH="27"/>
						<String ID="word001120" HPOS="2170" VPOS="1886" WIDTH="110" HEIGHT="34" CONTENT="could" WC="1.00" CC="00000"/>
						<SP ID="P6_SP01078" HPOS="2280" VPOS="1920" WIDTH="17"/>
						<String ID="word001121" HPOS="2296" VPOS="1891" WIDTH="66" HEIGHT="30" CONTENT="not" WC="1.00" CC="000"/>
						<SP ID="P6_SP01079" HPOS="2362" VPOS="1920" WIDTH="27"/>
						<String ID="word001122" HPOS="2389" VPOS="1886" WIDTH="89" HEIGHT="44" CONTENT="only" WC="0.97" CC="0100"/>
						<SP ID="P6_SP01080" HPOS="2478" VPOS="1930" WIDTH="30"/>
						<String ID="word001123" HPOS="2507" VPOS="1881" WIDTH="113" HEIGHT="37" CONTENT="make" WC="0.92" CC="0300" STYLEREFS="TXT_3"/>
						<SP ID="P6_SP01081" HPOS="2621" VPOS="1930" WIDTH="14"/>
						<String ID="word001124" HPOS="2635" VPOS="1890" WIDTH="61" HEIGHT="32" CONTENT=",no" WC="0.33" CC="783"/>
						<SP ID="P6_SP01082" HPOS="2696" VPOS="1930" WIDTH="26"/>
						<String ID="word001125" HPOS="2722" VPOS="1881" WIDTH="171" HEIGHT="41" CONTENT="effectual" WC="0.75" CC="036342101"/>
						<SP ID="P6_SP01083" HPOS="2894" VPOS="1930" WIDTH="12"/>
						<String ID="word001126" HPOS="2906" VPOS="1881" WIDTH="182" HEIGHT="44" CONTENT="defence,„" WC="0.43" CC="853353478"/>
						<SP ID="P6_SP01084" HPOS="3087" VPOS="1930" WIDTH="0"/>
					</TextLine>
					<TextLine ID="P6_TL00138" HPOS="1728" VPOS="1930" WIDTH="1352" HEIGHT="48">
						<String ID="word001127" HPOS="1728" VPOS="1935" WIDTH="66" HEIGHT="33" CONTENT="but" WC="0.96" CC="001"/>
						<SP ID="P6_SP01085" HPOS="1794" VPOS="1968" WIDTH="18"/>
						<String ID="word001128" HPOS="1812" VPOS="1933" WIDTH="109" HEIGHT="34" CONTENT="could" WC="0.98" CC="00100"/>
						<SP ID="P6_SP01086" HPOS="1920" VPOS="1968" WIDTH="18"/>
						<String ID="word001129" HPOS="1938" VPOS="1938" WIDTH="64" HEIGHT="27" CONTENT="not" WC="0.96" CC="010"/>
						<SP ID="P6_SP01087" HPOS="2002" VPOS="1968" WIDTH="17"/>
						<String ID="word001130" HPOS="2019" VPOS="1942" WIDTH="92" HEIGHT="25" CONTENT="even" WC="0.92" CC="1200"/>
						<SP ID="P6_SP01088" HPOS="2111" VPOS="1968" WIDTH="15"/>
						<String ID="word001131" HPOS="2126" VPOS="1933" WIDTH="156" HEIGHT="45" CONTENT="prolong" WC="1.00" CC="0000000"/>
						<SP ID="P6_SP01089" HPOS="2282" VPOS="1978" WIDTH="20"/>
						<String ID="word001132" HPOS="2302" VPOS="1933" WIDTH="63" HEIGHT="34" CONTENT="the" WC="0.89" CC="030"/>
						<SP ID="P6_SP01090" HPOS="2365" VPOS="1978" WIDTH="15"/>
						<String ID="word001133" HPOS="2380" VPOS="1939" WIDTH="142" HEIGHT="30" CONTENT="contest" WC="0.89" CC="2030110"/>
						<SP ID="P6_SP01091" HPOS="2522" VPOS="1978" WIDTH="24"/>
						<String ID="word001134" HPOS="2545" VPOS="1937" WIDTH="40" HEIGHT="28" CONTENT="to" WC="0.61" CC="25"/>
						<SP ID="P6_SP01092" HPOS="2585" VPOS="1978" WIDTH="18"/>
						<String ID="word001135" HPOS="2603" VPOS="1930" WIDTH="91" HEIGHT="37" CONTENT="take" WC="0.97" CC="0001"/>
						<SP ID="P6_SP01093" HPOS="2694" VPOS="1978" WIDTH="22"/>
						<String ID="word001136" HPOS="2717" VPOS="1930" WIDTH="66" HEIGHT="47" CONTENT="the" WC="0.74" CC="511"/>
						<SP ID="P6_SP01094" HPOS="2783" VPOS="1978" WIDTH="21"/>
						<String ID="word001137" HPOS="2804" VPOS="1930" WIDTH="132" HEIGHT="37" CONTENT="chanco" WC="0.57" CC="545435"/>
						<String ID="word001138" HPOS="2936" VPOS="1930" WIDTH="22" HEIGHT="37" CONTENT="," STYLE="superscript" WC="0.57" CC="7"/>
						<String ID="word001139" HPOS="2959" VPOS="1930" WIDTH="45" HEIGHT="37" CONTENT="of" WC="0.57" CC="11"/>
						<SP ID="P6_SP01095" HPOS="3004" VPOS="1978" WIDTH="12"/>
						<String ID="word001140" HPOS="3015" VPOS="1941" WIDTH="44" HEIGHT="26" CONTENT="ac" SUBS_TYPE="HypPart1" SUBS_CONTENT="accidents." WC="0.78" CC="10"/>
						<HYP HPOS="3059" VPOS="1941" WIDTH="21" CONTENT="-"/>
					</TextLine>
					<TextLine ID="P6_TL00139" HPOS="1726" VPOS="1978" WIDTH="1356" HEIGHT="49">
						<String ID="word001141" HPOS="1726" VPOS="1982" WIDTH="156" HEIGHT="35" CONTENT="cidents." SUBS_TYPE="HypPart2" SUBS_CONTENT="accidents." WC="0.83" CC="32041110"/>
						<SP ID="P6_SP01096" HPOS="1881" VPOS="2017" WIDTH="52"/>
						<String ID="word001142" HPOS="1933" VPOS="1980" WIDTH="61" HEIGHT="40" CONTENT="fie" WC="0.44" CC="753"/>
						<SP ID="P6_SP01097" HPOS="1995" VPOS="2020" WIDTH="17"/>
						<String ID="word001143" HPOS="2011" VPOS="1989" WIDTH="131" HEIGHT="33" CONTENT="seems," WC="0.76" CC="332311"/>
						<SP ID="P6_SP01098" HPOS="2143" VPOS="2022" WIDTH="33"/>
						<String ID="word001144" HPOS="2176" VPOS="1981" WIDTH="145" HEIGHT="43" CONTENT="indeed," WC="0.56" CC="4758103"/>
						<SP ID="P6_SP01099" HPOS="2321" VPOS="2023" WIDTH="18"/>
						<String ID="word001145" HPOS="2339" VPOS="1987" WIDTH="39" HEIGHT="33" CONTENT="to" WC="0.94" CC="10"/>
						<SP ID="P6_SP01100" HPOS="2378" VPOS="2023" WIDTH="32"/>
						<String ID="word001146" HPOS="2409" VPOS="1982" WIDTH="94" HEIGHT="39" CONTENT="have" WC="0.81" CC="4102"/>
						<SP ID="P6_SP01101" HPOS="2504" VPOS="2023" WIDTH="30"/>
						<String ID="word001147" HPOS="2533" VPOS="1980" WIDTH="97" HEIGHT="47" CONTENT="been" WC="0.89" CC="0301"/>
						<SP ID="P6_SP01102" HPOS="2630" VPOS="2027" WIDTH="15"/>
						<String ID="word001148" HPOS="2646" VPOS="1978" WIDTH="162" HEIGHT="45" CONTENT="without" WC="0.92" CC="0301010"/>
						<SP ID="P6_SP01103" HPOS="2807" VPOS="2027" WIDTH="25"/>
						<String ID="word001149" HPOS="2832" VPOS="1989" WIDTH="70" HEIGHT="34" CONTENT="nay" WC="0.78" CC="150"/>
						<SP ID="P6_SP01104" HPOS="2902" VPOS="2027" WIDTH="24"/>
						<String ID="word001150" HPOS="2926" VPOS="1980" WIDTH="77" HEIGHT="38" CONTENT="real" WC="0.83" CC="0321"/>
						<SP ID="P6_SP01105" HPOS="3002" VPOS="2027" WIDTH="21"/>
						<String ID="word001151" HPOS="3024" VPOS="1989" WIDTH="58" HEIGHT="27" CONTENT="re." WC="0.59" CC="506"/>
						<SP ID="P6_SP01106" HPOS="3081" VPOS="2027" WIDTH="0"/>
					</TextLine>
					<TextLine ID="P6_TL00140" HPOS="1727" VPOS="2039" WIDTH="656" HEIGHT="30">
						<String ID="word001152" HPOS="1727" VPOS="2039" WIDTH="145" HEIGHT="30" CONTENT="source." WC="0.92" CC="0000104"/>
						<SP ID="P6_SP01107" HPOS="1872" VPOS="2068" WIDTH="506"/>
						<String ID="word001153" HPOS="2378" VPOS="2039" WIDTH="5" HEIGHT="30" CONTENT="•" WC="0.33" CC="6"/>
						<SP ID="P6_SP01108" HPOS="2382" VPOS="2068" WIDTH="0"/>
					</TextLine>
				</TextBlock>
				<TextBlock ID="pa0006014" HPOS="1726" VPOS="2072" WIDTH="1390" HEIGHT="2164" STYLEREFS="TXT_1 PAR_BLOCK">
					<TextLine ID="P6_TL00141" HPOS="1780" VPOS="2073" WIDTH="1300" HEIGHT="51">
						<String ID="word001154" HPOS="1780" VPOS="2078" WIDTH="37" HEIGHT="34" CONTENT="It" WC="0.94" CC="10"/>
						<SP ID="P6_SP01109" HPOS="1817" VPOS="2112" WIDTH="18"/>
						<String ID="word001155" HPOS="1834" VPOS="2086" WIDTH="163" HEIGHT="38" CONTENT="appears" WC="0.97" CC="1100000"/>
						<SP ID="P6_SP01110" HPOS="1997" VPOS="2124" WIDTH="28"/>
						<String ID="word001156" HPOS="2026" VPOS="2076" WIDTH="35" HEIGHT="34" CONTENT="In" WC="0.72" CC="50"/>
						<SP ID="P6_SP01111" HPOS="2061" VPOS="2124" WIDTH="17"/>
						<String ID="word001157" HPOS="2078" VPOS="2076" WIDTH="194" HEIGHT="40" CONTENT="evidence," WC="0.83" CC="104005220"/>
						<SP ID="P6_SP01112" HPOS="2271" VPOS="2124" WIDTH="18"/>
						<String ID="word001158" HPOS="2289" VPOS="2078" WIDTH="84" HEIGHT="34" CONTENT="that" WC="0.97" CC="0010"/>
						<SP ID="P6_SP01113" HPOS="2373" VPOS="2124" WIDTH="18"/>
						<String ID="word001159" HPOS="2391" VPOS="2078" WIDTH="47" HEIGHT="35" CONTENT="of" WC="1.00" CC="00"/>
						<SP ID="P6_SP01114" HPOS="2438" VPOS="2124" WIDTH="13"/>
						<String ID="word001160" HPOS="2451" VPOS="2078" WIDTH="61" HEIGHT="45" CONTENT="the" WC="0.70" CC="116"/>
						<SP ID="P6_SP01115" HPOS="2512" VPOS="2124" WIDTH="18"/>
						<String ID="word001161" HPOS="2530" VPOS="2080" WIDTH="132" HEIGHT="39" CONTENT="troops" WC="0.94" CC="001110"/>
						<SP ID="P6_SP01116" HPOS="2662" VPOS="2124" WIDTH="27"/>
						<String ID="word001162" HPOS="2689" VPOS="2073" WIDTH="72" HEIGHT="39" CONTENT="left" WC="1.00" CC="0000"/>
						<SP ID="P6_SP01117" HPOS="2761" VPOS="2124" WIDTH="15"/>
						<String ID="word001163" HPOS="2777" VPOS="2074" WIDTH="51" HEIGHT="46" CONTENT="by" WC="0.94" CC="10"/>
						<SP ID="P6_SP01118" HPOS="2828" VPOS="2124" WIDTH="17"/>
						<String ID="word001164" HPOS="2844" VPOS="2074" WIDTH="76" HEIGHT="35" CONTENT="him" WC="1.00" CC="000"/>
						<SP ID="P6_SP01119" HPOS="2920" VPOS="2124" WIDTH="20"/>
						<String ID="word001165" HPOS="2940" VPOS="2075" WIDTH="38" HEIGHT="38" CONTENT="in" WC="0.44" CC="37"/>
						<SP ID="P6_SP01120" HPOS="2978" VPOS="2124" WIDTH="19"/>
						<String ID="word001166" HPOS="2996" VPOS="2075" WIDTH="84" HEIGHT="39" CONTENT="Lis." WC="0.86" CC="1103"/>
						<SP ID="P6_SP01121" HPOS="3080" VPOS="2124" WIDTH="0"/>
					</TextLine>
					<TextLine ID="P6_TL00142" HPOS="1729" VPOS="2122" WIDTH="1352" HEIGHT="50">
						<String ID="word001167" HPOS="1729" VPOS="2127" WIDTH="73" HEIGHT="37" CONTENT="bon" WC="0.67" CC="513"/>
						<SP ID="P6_SP01122" HPOS="1802" VPOS="2164" WIDTH="28"/>
						<String ID="word001168" HPOS="1831" VPOS="2122" WIDTH="71" HEIGHT="39" CONTENT="and" WC="1.00" CC="000"/>
						<SP ID="P6_SP01123" HPOS="1902" VPOS="2164" WIDTH="35"/>
						<String ID="word001169" HPOS="1937" VPOS="2126" WIDTH="61" HEIGHT="34" CONTENT="the" WC="0.96" CC="001"/>
						<SP ID="P6_SP01124" HPOS="1998" VPOS="2164" WIDTH="30"/>
						<String ID="word001170" HPOS="2028" VPOS="2124" WIDTH="113" HEIGHT="45" CONTENT="forts;" WC="0.87" CC="000007"/>
						<SP ID="P6_SP01125" HPOS="2141" VPOS="2169" WIDTH="34"/>
						<String ID="word001171" HPOS="2176" VPOS="2135" WIDTH="24" HEIGHT="22" CONTENT="a" WC="0.89" CC="1"/>
						<SP ID="P6_SP01126" HPOS="2199" VPOS="2169" WIDTH="24"/>
						<String ID="word001172" HPOS="2223" VPOS="2125" WIDTH="257" HEIGHT="43" CONTENT="considerable" WC="0.85" CC="012110531011"/>
						<SP ID="P6_SP01127" HPOS="2480" VPOS="2169" WIDTH="21"/>
						<String ID="word001173" HPOS="2502" VPOS="2124" WIDTH="241" HEIGHT="48" CONTENT=".proportion" WC="0.72" CC="62222222224"/>
						<SP ID="P6_SP01128" HPOS="2743" VPOS="2172" WIDTH="14"/>
						<String ID="word001174" HPOS="2757" VPOS="2122" WIDTH="5" HEIGHT="50" CONTENT="•" WC="0.78" CC="2"/>
						<SP ID="P6_SP01129" HPOS="2761" VPOS="2172" WIDTH="14"/>
						<String ID="word001175" HPOS="2776" VPOS="2131" WIDTH="100" HEIGHT="27" CONTENT="wore" WC="0.75" CC="2601"/>
						<SP ID="P6_SP01130" HPOS="2876" VPOS="2172" WIDTH="30"/>
						<String ID="word001176" HPOS="2906" VPOS="2122" WIDTH="46" HEIGHT="33" CONTENT="of" WC="1.00" CC="00" STYLEREFS="TXT_2"/>
						<SP ID="P6_SP01131" HPOS="2952" VPOS="2172" WIDTH="37"/>
						<String ID="word001177" HPOS="2988" VPOS="2133" WIDTH="93" HEIGHT="37" CONTENT="very" WC="1.00" CC="0000" STYLEREFS="TXT_2"/>
						<SP ID="P6_SP01132" HPOS="3081" VPOS="2172" WIDTH="0"/>
					</TextLine>
					<TextLine ID="P6_TL00143" HPOS="1727" VPOS="2166" WIDTH="1357" HEIGHT="59">
						<String ID="word001178" HPOS="1727" VPOS="2174" WIDTH="71" HEIGHT="35" CONTENT="don" WC="0.67" CC="045" STYLEREFS="TXT_2"/>
						<SP ID="P6_SP01133" HPOS="1798" VPOS="2210" WIDTH="9"/>
						<String ID="word001179" HPOS="1807" VPOS="2173" WIDTH="96" HEIGHT="40" CONTENT="btfol" WC="0.47" CC="53385"/>
						<SP ID="P6_SP01134" HPOS="1903" VPOS="2213" WIDTH="25"/>
						<String ID="word001180" HPOS="1928" VPOS="2172" WIDTH="163" HEIGHT="47" CONTENT="quality." WC="0.94" CC="00111001"/>
						<SP ID="P6_SP01135" HPOS="2091" VPOS="2219" WIDTH="52"/>
						<String ID="word001181" HPOS="2143" VPOS="2172" WIDTH="123" HEIGHT="41" CONTENT="Those" WC="0.67" CC="01671"/>
						<SP ID="P6_SP01136" HPOS="2265" VPOS="2219" WIDTH="19"/>
						<String ID="word001182" HPOS="2284" VPOS="2179" WIDTH="130" HEIGHT="46" CONTENT="troops" WC="0.96" CC="011000"/>
						<SP ID="P6_SP01137" HPOS="2414" VPOS="2225" WIDTH="11"/>
						<String ID="word001183" HPOS="2425" VPOS="2185" WIDTH="47" HEIGHT="27" CONTENT="on" WC="0.83" CC="03"/>
						<SP ID="P6_SP01138" HPOS="2472" VPOS="2225" WIDTH="28"/>
						<String ID="word001184" HPOS="2500" VPOS="2176" WIDTH="126" HEIGHT="40" CONTENT="whose" WC="0.78" CC="31231"/>
						<SP ID="P6_SP01139" HPOS="2627" VPOS="2225" WIDTH="14"/>
						<String ID="word001185" HPOS="2641" VPOS="2166" WIDTH="208" HEIGHT="48" CONTENT="fidelity.tre" WC="0.63" CC="781151005444"/>
						<SP ID="P6_SP01140" HPOS="2849" VPOS="2225" WIDTH="17"/>
						<String ID="word001186" HPOS="2865" VPOS="2171" WIDTH="109" HEIGHT="38" CONTENT="could" WC="0.84" CC="50110"/>
						<SP ID="P6_SP01141" HPOS="2974" VPOS="2225" WIDTH="18"/>
						<String ID="word001187" HPOS="2992" VPOS="2181" WIDTH="92" HEIGHT="31" CONTENT="cone" WC="0.61" CC="5333"/>
						<SP ID="P6_SP01142" HPOS="3084" VPOS="2225" WIDTH="0"/>
					</TextLine>
					<TextLine ID="P6_TL00144" HPOS="1729" VPOS="2219" WIDTH="1355" HEIGHT="49">
						<String ID="word001188" HPOS="1729" VPOS="2220" WIDTH="87" HEIGHT="44" CONTENT="file," WC="0.64" CC="55222"/>
						<SP ID="P6_SP01143" HPOS="1817" VPOS="2264" WIDTH="30"/>
						<String ID="word001189" HPOS="1846" VPOS="2220" WIDTH="71" HEIGHT="44" CONTENT="had" WC="0.85" CC="004"/>
						<SP ID="P6_SP01144" HPOS="1917" VPOS="2264" WIDTH="18"/>
						<String ID="word001190" HPOS="1935" VPOS="2220" WIDTH="92" HEIGHT="33" CONTENT="been" WC="0.78" CC="3302" STYLEREFS="TXT_2"/>
						<SP ID="P6_SP01145" HPOS="2027" VPOS="2264" WIDTH="18"/>
						<String ID="word001191" HPOS="2044" VPOS="2220" WIDTH="195" HEIGHT="45" CONTENT="dismayed" WC="0.93" CC="00012200"/>
						<SP ID="P6_SP01146" HPOS="2239" VPOS="2265" WIDTH="30"/>
						<String ID="word001192" HPOS="2269" VPOS="2222" WIDTH="50" HEIGHT="43" CONTENT="hy" WC="0.44" CC="73"/>
						<SP ID="P6_SP01147" HPOS="2319" VPOS="2265" WIDTH="21"/>
						<String ID="word001193" HPOS="2340" VPOS="2232" WIDTH="25" HEIGHT="24" CONTENT="a" WC="1.00" CC="0"/>
						<SP ID="P6_SP01148" HPOS="2365" VPOS="2265" WIDTH="13"/>
						<String ID="word001194" HPOS="2378" VPOS="2222" WIDTH="120" HEIGHT="44" CONTENT="pion]" WC="0.42" CC="64466"/>
						<SP ID="P6_SP01149" HPOS="2498" VPOS="2265" WIDTH="17"/>
						<String ID="word001195" HPOS="2515" VPOS="2219" WIDTH="341" HEIGHT="48" CONTENT="defeaVandsthey" WC="0.56" CC="33335534383733"/>
						<SP ID="P6_SP01150" HPOS="2856" VPOS="2268" WIDTH="17"/>
						<String ID="word001196" HPOS="2872" VPOS="2229" WIDTH="112" HEIGHT="30" CONTENT=".were" WC="0.62" CC="73322"/>
						<SP ID="P6_SP01151" HPOS="2985" VPOS="2268" WIDTH="18"/>
						<String ID="word001197" HPOS="3002" VPOS="2229" WIDTH="81" HEIGHT="25" CONTENT="sat." WC="0.50" CC="3663"/>
						<SP ID="P6_SP01152" HPOS="3084" VPOS="2268" WIDTH="0"/>
					</TextLine>
					<TextLine ID="P6_TL00145" HPOS="1727" VPOS="2267" WIDTH="1358" HEIGHT="50">
						<String ID="word001198" HPOS="1727" VPOS="2270" WIDTH="96" HEIGHT="35" CONTENT="sible" WC="0.51" CC="53653"/>
						<SP ID="P6_SP01153" HPOS="1822" VPOS="2306" WIDTH="19"/>
						<String ID="word001199" HPOS="1841" VPOS="2269" WIDTH="81" HEIGHT="43" CONTENT="that" WC="0.81" CC="0160"/>
						<SP ID="P6_SP01154" HPOS="1923" VPOS="2311" WIDTH="18"/>
						<String ID="word001200" HPOS="1941" VPOS="2268" WIDTH="87" HEIGHT="44" CONTENT="they" WC="0.92" CC="0030"/>
						<SP ID="P6_SP01155" HPOS="2028" VPOS="2311" WIDTH="17"/>
						<String ID="word001201" HPOS="2044" VPOS="2267" WIDTH="72" HEIGHT="39" CONTENT="had" WC="1.00" CC="000"/>
						<SP ID="P6_SP01156" HPOS="2117" VPOS="2311" WIDTH="19"/>
						<String ID="word001202" HPOS="2135" VPOS="2280" WIDTH="46" HEIGHT="26" CONTENT="no" WC="0.89" CC="11"/>
						<SP ID="P6_SP01157" HPOS="2181" VPOS="2311" WIDTH="15"/>
						<String ID="word001203" HPOS="2197" VPOS="2274" WIDTH="156" HEIGHT="39" CONTENT="succoqr" WC="0.54" CC="3333575"/>
						<SP ID="P6_SP01158" HPOS="2353" VPOS="2313" WIDTH="30"/>
						<String ID="word001204" HPOS="2382" VPOS="2276" WIDTH="39" HEIGHT="40" CONTENT="to" WC="0.50" CC="45"/>
						<SP ID="P6_SP01159" HPOS="2421" VPOS="2316" WIDTH="26"/>
						<String ID="word001205" HPOS="2447" VPOS="2269" WIDTH="92" HEIGHT="37" CONTENT="leek" WC="0.50" CC="3672"/>
						<SP ID="P6_SP01160" HPOS="2539" VPOS="2316" WIDTH="20"/>
						<String ID="word001206" HPOS="2559" VPOS="2274" WIDTH="35" HEIGHT="28" CONTENT="to" WC="1.00" CC="00"/>
						<SP ID="P6_SP01161" HPOS="2595" VPOS="2316" WIDTH="20"/>
						<String ID="word001207" HPOS="2615" VPOS="2267" WIDTH="102" HEIGHT="47" CONTENT="Qom," WC="0.47" CC="5536"/>
						<SP ID="P6_SP01162" HPOS="2717" VPOS="2316" WIDTH="13"/>
						<String ID="word001208" HPOS="2730" VPOS="2267" WIDTH="184" HEIGHT="46" CONTENT="al:woad.:" WC="0.59" CC="166661016"/>
						<SP ID="P6_SP01163" HPOS="2914" VPOS="2316" WIDTH="25"/>
						<String ID="word001209" HPOS="2939" VPOS="2267" WIDTH="60" HEIGHT="37" CONTENT="To" WC="0.83" CC="12"/>
						<SP ID="P6_SP01164" HPOS="2999" VPOS="2316" WIDTH="20"/>
						<String ID="word001210" HPOS="3019" VPOS="2267" WIDTH="66" HEIGHT="47" CONTENT="thq" WC="0.81" CC="113"/>
						<SP ID="P6_SP01165" HPOS="3085" VPOS="2316" WIDTH="0"/>
					</TextLine>
					<TextLine ID="P6_TL00146" HPOS="1731" VPOS="2311" WIDTH="1358" HEIGHT="51">
						<String ID="word001211" HPOS="1731" VPOS="2316" WIDTH="144" HEIGHT="39" CONTENT="British" WC="0.81" CC="1032330"/>
						<SP ID="P6_SP01166" HPOS="1876" VPOS="2355" WIDTH="19"/>
						<String ID="word001212" HPOS="1894" VPOS="2316" WIDTH="178" HEIGHT="40" CONTENT="Generals" WC="0.72" CC="33612131"/>
						<SP ID="P6_SP01167" HPOS="2073" VPOS="2356" WIDTH="18"/>
						<String ID="word001213" HPOS="2091" VPOS="2316" WIDTH="27" HEIGHT="35" CONTENT="it" WC="0.94" CC="10"/>
						<SP ID="P6_SP01168" HPOS="2118" VPOS="2356" WIDTH="14"/>
						<String ID="word001214" HPOS="2132" VPOS="2327" WIDTH="79" HEIGHT="27" CONTENT="was" WC="0.96" CC="001"/>
						<SP ID="P6_SP01169" HPOS="2211" VPOS="2356" WIDTH="18"/>
						<String ID="word001215" HPOS="2229" VPOS="2317" WIDTH="165" HEIGHT="40" CONTENT="known," WC="0.76" CC="600115"/>
						<SP ID="P6_SP01170" HPOS="2394" VPOS="2357" WIDTH="44"/>
						<String ID="word001216" HPOS="2438" VPOS="2319" WIDTH="70" HEIGHT="38" CONTENT="hen" WC="0.67" CC="414"/>
						<SP ID="P6_SP01171" HPOS="2507" VPOS="2357" WIDTH="14"/>
						<String ID="word001217" HPOS="2522" VPOS="2319" WIDTH="67" HEIGHT="43" CONTENT="the" WC="0.78" CC="150"/>
						<SP ID="P6_SP01172" HPOS="2589" VPOS="2361" WIDTH="15"/>
						<String ID="word001218" HPOS="2604" VPOS="2314" WIDTH="202" HEIGHT="45" CONTENT="ArkaililiCe" WC="0.34" CC="33578888375"/>
						<SP ID="P6_SP01173" HPOS="2806" VPOS="2361" WIDTH="17"/>
						<String ID="word001219" HPOS="2823" VPOS="2311" WIDTH="266" HEIGHT="46" CONTENT="Wiligutnted." WC="0.39" CC="788856533337"/>
						<SP ID="P6_SP01174" HPOS="3089" VPOS="2361" WIDTH="0"/>
					</TextLine>
					<TextLine ID="P6_TL00147" HPOS="1731" VPOS="2357" WIDTH="1354" HEIGHT="50">
						<String ID="word001220" HPOS="1731" VPOS="2365" WIDTH="83" HEIGHT="34" CONTENT="that" WC="0.94" CC="1010"/>
						<SP ID="P6_SP01175" HPOS="1814" VPOS="2399" WIDTH="19"/>
						<String ID="word001221" HPOS="1833" VPOS="2365" WIDTH="139" HEIGHT="39" CONTENT="10,000" WC="0.94" CC="110100"/>
						<SP ID="P6_SP01176" HPOS="1972" VPOS="2404" WIDTH="26"/>
						<String ID="word001222" HPOS="1998" VPOS="2373" WIDTH="83" HEIGHT="24" CONTENT="men" WC="1.00" CC="000"/>
						<SP ID="P6_SP01177" HPOS="2081" VPOS="2404" WIDTH="18"/>
						<String ID="word001223" HPOS="2099" VPOS="2365" WIDTH="117" HEIGHT="34" CONTENT="under" WC="0.98" CC="00100"/>
						<SP ID="P6_SP01178" HPOS="2216" VPOS="2404" WIDTH="18"/>
						<String ID="word001224" HPOS="2233" VPOS="2365" WIDTH="60" HEIGHT="34" CONTENT="Sir" WC="1.00" CC="000"/>
						<SP ID="P6_SP01179" HPOS="2294" VPOS="2404" WIDTH="18"/>
						<String ID="word001225" HPOS="2311" VPOS="2365" WIDTH="41" HEIGHT="34" CONTENT="J." WC="1.00" CC="00"/>
						<SP ID="P6_SP01180" HPOS="2353" VPOS="2404" WIDTH="26"/>
						<String ID="word001226" HPOS="2379" VPOS="2362" WIDTH="146" HEIGHT="45" CONTENT="%lore," WC="0.78" CC="660000"/>
						<SP ID="P6_SP01181" HPOS="2525" VPOS="2407" WIDTH="24"/>
						<String ID="word001227" HPOS="2549" VPOS="2365" WIDTH="44" HEIGHT="37" CONTENT="as" WC="0.94" CC="10"/>
						<SP ID="P6_SP01182" HPOS="2593" VPOS="2407" WIDTH="20"/>
						<String ID="word001228" HPOS="2613" VPOS="2361" WIDTH="143" HEIGHT="39" CONTENT="Wellati" WC="0.41" CC="7144588"/>
						<SP ID="P6_SP01183" HPOS="2756" VPOS="2407" WIDTH="17"/>
						<String ID="word001229" HPOS="2772" VPOS="2361" WIDTH="77" HEIGHT="35" CONTENT="the" WC="0.78" CC="312"/>
						<SP ID="P6_SP01184" HPOS="2849" VPOS="2407" WIDTH="0"/>
						<String ID="word001230" HPOS="2849" VPOS="2357" WIDTH="50" HEIGHT="39" CONTENT="$d" WC="0.39" CC="83"/>
						<SP ID="P6_SP01185" HPOS="2898" VPOS="2407" WIDTH="22"/>
						<String ID="word001231" HPOS="2921" VPOS="2363" WIDTH="72" HEIGHT="38" CONTENT="and" WC="0.74" CC="061"/>
						<SP ID="P6_SP01186" HPOS="2993" VPOS="2407" WIDTH="17"/>
						<String ID="word001232" HPOS="3009" VPOS="2362" WIDTH="76" HEIGHT="38" CONTENT="424" WC="0.93" CC="011"/>
						<SP ID="P6_SP01187" HPOS="3085" VPOS="2407" WIDTH="0"/>
					</TextLine>
					<TextLine ID="P6_TL00148" HPOS="1730" VPOS="2408" WIDTH="1356" HEIGHT="49">
						<String ID="word001233" HPOS="1730" VPOS="2413" WIDTH="200" HEIGHT="43" CONTENT="regiments" WC="0.95" CC="001020010"/>
						<SP ID="P6_SP01188" HPOS="1930" VPOS="2456" WIDTH="20"/>
						<String ID="word001234" HPOS="1950" VPOS="2411" WIDTH="45" HEIGHT="34" CONTENT="of" WC="1.00" CC="00"/>
						<SP ID="P6_SP01189" HPOS="1995" VPOS="2456" WIDTH="27"/>
						<String ID="word001235" HPOS="2022" VPOS="2409" WIDTH="99" HEIGHT="45" CONTENT="foot," WC="0.82" CC="05021"/>
						<SP ID="P6_SP01190" HPOS="2121" VPOS="2456" WIDTH="28"/>
						<String ID="word001236" HPOS="2150" VPOS="2412" WIDTH="91" HEIGHT="40" CONTENT="with" WC="1.00" CC="0000"/>
						<SP ID="P6_SP01191" HPOS="2241" VPOS="2456" WIDTH="19"/>
						<String ID="word001237" HPOS="2259" VPOS="2411" WIDTH="65" HEIGHT="41" CONTENT="the" WC="0.70" CC="062"/>
						<SP ID="P6_SP01192" HPOS="2324" VPOS="2456" WIDTH="13"/>
						<String ID="word001238" HPOS="2337" VPOS="2412" WIDTH="92" HEIGHT="41" CONTENT="-Mb" WC="0.48" CC="644"/>
						<SP ID="P6_SP01193" HPOS="2430" VPOS="2456" WIDTH="33"/>
						<String ID="word001239" HPOS="2463" VPOS="2413" WIDTH="198" HEIGHT="44" CONTENT="dragoons." WC="0.75" CC="014211326"/>
						<SP ID="P6_SP01194" HPOS="2661" VPOS="2457" WIDTH="19"/>
						<String ID="word001240" HPOS="2680" VPOS="2409" WIDTH="133" HEIGHT="46" CONTENT=".taighk" WC="0.30" CC="4685678"/>
						<SP ID="P6_SP01195" HPOS="2813" VPOS="2457" WIDTH="30"/>
						<String ID="word001241" HPOS="2843" VPOS="2408" WIDTH="243" HEIGHT="40" CONTENT="be,immedi." WC="0.51" CC="3565833335"/>
						<SP ID="P6_SP01196" HPOS="3086" VPOS="2457" WIDTH="0"/>
					</TextLine>
					<TextLine ID="P6_TL00149" HPOS="1729" VPOS="2456" WIDTH="1360" HEIGHT="52">
						<String ID="word001242" HPOS="1729" VPOS="2460" WIDTH="104" HEIGHT="46" CONTENT="ately" WC="0.95" CC="10010"/>
						<SP ID="P6_SP01197" HPOS="1833" VPOS="2506" WIDTH="22"/>
						<String ID="word001243" HPOS="1856" VPOS="2459" WIDTH="184" HEIGHT="37" CONTENT="reckoned" WC="0.94" CC="10010200"/>
						<SP ID="P6_SP01198" HPOS="2040" VPOS="2506" WIDTH="33"/>
						<String ID="word001244" HPOS="2073" VPOS="2470" WIDTH="124" HEIGHT="38" CONTENT="upon;" WC="0.98" CC="00100"/>
						<SP ID="P6_SP01199" HPOS="2197" VPOS="2507" WIDTH="26"/>
						<String ID="word001245" HPOS="2223" VPOS="2459" WIDTH="70" HEIGHT="38" CONTENT="and" WC="0.96" CC="100"/>
						<SP ID="P6_SP01200" HPOS="2293" VPOS="2507" WIDTH="27"/>
						<String ID="word001246" HPOS="2320" VPOS="2460" WIDTH="183" HEIGHT="44" CONTENT="although" WC="0.94" CC="21100000"/>
						<SP ID="P6_SP01201" HPOS="2503" VPOS="2507" WIDTH="30"/>
						<String ID="word001247" HPOS="2532" VPOS="2456" WIDTH="111" HEIGHT="43" CONTENT="much" WC="1.00" CC="0000"/>
						<SP ID="P6_SP01202" HPOS="2643" VPOS="2507" WIDTH="30"/>
						<String ID="word001248" HPOS="2673" VPOS="2457" WIDTH="213" HEIGHT="46" CONTENT="advitatage" WC="0.39" CC="3368574838"/>
						<SP ID="P6_SP01203" HPOS="2885" VPOS="2507" WIDTH="33"/>
						<String ID="word001249" HPOS="2919" VPOS="2456" WIDTH="74" HEIGHT="39" CONTENT="baul" WC="0.33" CC="3858" STYLEREFS="TXT_2"/>
						<SP ID="P6_SP01204" HPOS="2993" VPOS="2507" WIDTH="27"/>
						<String ID="word001250" HPOS="3020" VPOS="2461" WIDTH="69" HEIGHT="34" CONTENT="not" WC="0.48" CC="743"/>
						<SP ID="P6_SP01205" HPOS="3089" VPOS="2507" WIDTH="0"/>
					</TextLine>
					<TextLine ID="P6_TL00150" HPOS="1731" VPOS="2505" WIDTH="1355" HEIGHT="49">
						<String ID="word001251" HPOS="1731" VPOS="2507" WIDTH="91" HEIGHT="38" CONTENT="been" WC="0.83" CC="3003"/>
						<SP ID="P6_SP01206" HPOS="1822" VPOS="2545" WIDTH="19"/>
						<String ID="word001252" HPOS="1841" VPOS="2507" WIDTH="128" HEIGHT="34" CONTENT="drawn" WC="0.93" CC="10101"/>
						<SP ID="P6_SP01207" HPOS="1969" VPOS="2545" WIDTH="17"/>
						<String ID="word001253" HPOS="1985" VPOS="2507" WIDTH="99" HEIGHT="35" CONTENT="from" WC="0.86" CC="2003"/>
						<SP ID="P6_SP01208" HPOS="2085" VPOS="2545" WIDTH="25"/>
						<String ID="word001254" HPOS="2109" VPOS="2507" WIDTH="65" HEIGHT="39" CONTENT="the" WC="0.96" CC="010"/>
						<SP ID="P6_SP01209" HPOS="2174" VPOS="2546" WIDTH="22"/>
						<String ID="word001255" HPOS="2197" VPOS="2509" WIDTH="230" HEIGHT="40" CONTENT="Portuguese" WC="0.79" CC="0300153061"/>
						<SP ID="P6_SP01210" HPOS="2427" VPOS="2549" WIDTH="17"/>
						<String ID="word001256" HPOS="2444" VPOS="2515" WIDTH="145" HEIGHT="39" CONTENT="troops," WC="0.70" CC="0043633"/>
						<SP ID="P6_SP01211" HPOS="2589" VPOS="2554" WIDTH="18"/>
						<String ID="word001257" HPOS="2607" VPOS="2505" WIDTH="100" HEIGHT="41" CONTENT="their" WC="1.00" CC="00000"/>
						<SP ID="P6_SP01212" HPOS="2707" VPOS="2554" WIDTH="17"/>
						<String ID="word001258" HPOS="2724" VPOS="2512" WIDTH="180" HEIGHT="40" CONTENT="support," WC="0.96" CC="10000002"/>
						<SP ID="P6_SP01213" HPOS="2903" VPOS="2554" WIDTH="22"/>
						<String ID="word001259" HPOS="2926" VPOS="2506" WIDTH="73" HEIGHT="34" CONTENT="and" WC="0.93" CC="110"/>
						<SP ID="P6_SP01214" HPOS="2999" VPOS="2554" WIDTH="20"/>
						<String ID="word001260" HPOS="3019" VPOS="2505" WIDTH="67" HEIGHT="38" CONTENT="the" WC="0.67" CC="126"/>
						<SP ID="P6_SP01215" HPOS="3086" VPOS="2554" WIDTH="0"/>
					</TextLine>
					<TextLine ID="P6_TL00151" HPOS="1730" VPOS="2549" WIDTH="1361" HEIGHT="56">
						<String ID="word001261" HPOS="1730" VPOS="2557" WIDTH="151" HEIGHT="43" CONTENT="general" WC="0.92" CC="3100001"/>
						<SP ID="P6_SP01216" HPOS="1881" VPOS="2600" WIDTH="20"/>
						<String ID="word001262" HPOS="1902" VPOS="2549" WIDTH="168" HEIGHT="44" CONTENT="violence" WC="0.96" CC="02000010"/>
						<SP ID="P6_SP01217" HPOS="2069" VPOS="2600" WIDTH="27"/>
						<String ID="word001263" HPOS="2096" VPOS="2556" WIDTH="46" HEIGHT="38" CONTENT="of" WC="0.67" CC="60"/>
						<SP ID="P6_SP01218" HPOS="2143" VPOS="2600" WIDTH="17"/>
						<String ID="word001264" HPOS="2159" VPOS="2556" WIDTH="65" HEIGHT="34" CONTENT="the" WC="1.00" CC="000"/>
						<SP ID="P6_SP01219" HPOS="2224" VPOS="2600" WIDTH="31"/>
						<String ID="word001265" HPOS="2255" VPOS="2563" WIDTH="158" HEIGHT="37" CONTENT="country" WC="0.94" CC="2110000"/>
						<SP ID="P6_SP01220" HPOS="2413" VPOS="2600" WIDTH="18"/>
						<String ID="word001266" HPOS="2431" VPOS="2556" WIDTH="148" HEIGHT="48" CONTENT="agaiust" WC="0.51" CC="3383347"/>
						<SP ID="P6_SP01221" HPOS="2578" VPOS="2604" WIDTH="30"/>
						<String ID="word001267" HPOS="2608" VPOS="2555" WIDTH="63" HEIGHT="40" CONTENT="the" WC="0.93" CC="110"/>
						<SP ID="P6_SP01222" HPOS="2670" VPOS="2604" WIDTH="18"/>
						<String ID="word001268" HPOS="2688" VPOS="2552" WIDTH="165" HEIGHT="43" CONTENT="k'reuctt," WC="0.49" CC="773333555"/>
						<SP ID="P6_SP01223" HPOS="2854" VPOS="2604" WIDTH="18"/>
						<String ID="word001269" HPOS="2871" VPOS="2559" WIDTH="135" HEIGHT="33" CONTENT="cannot" WC="0.80" CC="031511"/>
						<SP ID="P6_SP01224" HPOS="3006" VPOS="2604" WIDTH="31"/>
						<String ID="word001270" HPOS="3037" VPOS="2554" WIDTH="54" HEIGHT="39" CONTENT="bo" WC="0.56" CC="53"/>
						<SP ID="P6_SP01225" HPOS="3091" VPOS="2604" WIDTH="0"/>
					</TextLine>
					<TextLine ID="P6_TL00152" HPOS="1730" VPOS="2602" WIDTH="1211" HEIGHT="41">
						<String ID="word001271" HPOS="1730" VPOS="2603" WIDTH="80" HEIGHT="39" CONTENT="144" WC="0.19" CC="778"/>
						<SP ID="P6_SP01226" HPOS="1811" VPOS="2642" WIDTH="11"/>
						<String ID="word001272" HPOS="1821" VPOS="2609" WIDTH="66" HEIGHT="33" CONTENT="out" WC="0.59" CC="614"/>
						<SP ID="P6_SP01227" HPOS="1887" VPOS="2642" WIDTH="15"/>
						<String ID="word001273" HPOS="1903" VPOS="2602" WIDTH="122" HEIGHT="40" CONTENT="oftbis" WC="0.57" CC="833333"/>
						<SP ID="P6_SP01228" HPOS="2024" VPOS="2642" WIDTH="17"/>
						<String ID="word001274" HPOS="2041" VPOS="2603" WIDTH="240" HEIGHT="40" CONTENT="calculation." WC="0.94" CC="122000000010"/>
						<SP ID="P6_SP01229" HPOS="2281" VPOS="2643" WIDTH="170"/>
						<String ID="word001275" HPOS="2451" VPOS="2602" WIDTH="5" HEIGHT="41" CONTENT="." WC="0.33" CC="6"/>
						<SP ID="P6_SP01230" HPOS="2456" VPOS="2643" WIDTH="44"/>
						<String ID="word001276" HPOS="2499" VPOS="2636" WIDTH="6" HEIGHT="6" CONTENT="." WC="0.33" CC="6"/>
						<SP ID="P6_SP01231" HPOS="2505" VPOS="2643" WIDTH="47"/>
						<String ID="word001277" HPOS="2552" VPOS="2628" WIDTH="8" HEIGHT="7" CONTENT="," WC="0.22" CC="7"/>
						<SP ID="P6_SP01232" HPOS="2561" VPOS="2643" WIDTH="72"/>
						<String ID="word001278" HPOS="2633" VPOS="2602" WIDTH="5" HEIGHT="41" CONTENT="." WC="0.33" CC="6"/>
						<SP ID="P6_SP01233" HPOS="2637" VPOS="2643" WIDTH="65"/>
						<String ID="word001279" HPOS="2702" VPOS="2602" WIDTH="4" HEIGHT="41" CONTENT="." WC="0.33" CC="6"/>
						<SP ID="P6_SP01234" HPOS="2706" VPOS="2643" WIDTH="145"/>
						<String ID="word001280" HPOS="2851" VPOS="2602" WIDTH="5" HEIGHT="41" CONTENT="," WC="0.22" CC="7"/>
						<SP ID="P6_SP01235" HPOS="2856" VPOS="2643" WIDTH="70"/>
						<String ID="word001281" HPOS="2926" VPOS="2624" WIDTH="15" HEIGHT="13" CONTENT=".•" WC="0.22" CC="77"/>
						<SP ID="P6_SP01236" HPOS="2941" VPOS="2643" WIDTH="0"/>
					</TextLine>
					<TextLine ID="P6_TL00153" HPOS="1781" VPOS="2648" WIDTH="1303" HEIGHT="49">
						<String ID="word001282" HPOS="1781" VPOS="2652" WIDTH="84" HEIGHT="40" CONTENT="Tife" WC="0.44" CC="2873"/>
						<SP ID="P6_SP01237" HPOS="1865" VPOS="2692" WIDTH="17"/>
						<String ID="word001283" HPOS="1881" VPOS="2652" WIDTH="188" HEIGHT="45" CONTENT="disparity" WC="0.83" CC="013611200"/>
						<SP ID="P6_SP01238" HPOS="2069" VPOS="2696" WIDTH="14"/>
						<String ID="word001284" HPOS="2083" VPOS="2652" WIDTH="46" HEIGHT="33" CONTENT="of" WC="1.00" CC="00"/>
						<SP ID="P6_SP01239" HPOS="2130" VPOS="2696" WIDTH="20"/>
						<String ID="word001285" HPOS="2150" VPOS="2652" WIDTH="103" HEIGHT="37" CONTENT="force" WC="0.89" CC="03110"/>
						<SP ID="P6_SP01240" HPOS="2252" VPOS="2696" WIDTH="14"/>
						<String ID="word001286" HPOS="2267" VPOS="2652" WIDTH="72" HEIGHT="40" CONTENT="and" WC="0.81" CC="050"/>
						<SP ID="P6_SP01241" HPOS="2339" VPOS="2696" WIDTH="19"/>
						<String ID="word001287" HPOS="2357" VPOS="2650" WIDTH="45" HEIGHT="41" CONTENT="of" WC="0.94" CC="10"/>
						<SP ID="P6_SP01242" HPOS="2402" VPOS="2696" WIDTH="19"/>
						<String ID="word001288" HPOS="2421" VPOS="2652" WIDTH="287" HEIGHT="41" CONTENT="circumstances" WC="0.95" CC="1000001010111"/>
						<SP ID="P6_SP01243" HPOS="2708" VPOS="2696" WIDTH="18"/>
						<String ID="word001289" HPOS="2726" VPOS="2659" WIDTH="77" HEIGHT="28" CONTENT="was" WC="0.96" CC="010"/>
						<SP ID="P6_SP01244" HPOS="2803" VPOS="2696" WIDTH="19"/>
						<String ID="word001290" HPOS="2822" VPOS="2648" WIDTH="87" HEIGHT="38" CONTENT="then" WC="1.00" CC="0000"/>
						<SP ID="P6_SP01245" HPOS="2909" VPOS="2696" WIDTH="22"/>
						<String ID="word001291" HPOS="2931" VPOS="2649" WIDTH="91" HEIGHT="38" CONTENT="such" WC="0.92" CC="1011"/>
						<SP ID="P6_SP01246" HPOS="3022" VPOS="2696" WIDTH="19"/>
						<String ID="word001292" HPOS="3041" VPOS="2660" WIDTH="43" HEIGHT="26" CONTENT="as" WC="0.89" CC="11"/>
						<SP ID="P6_SP01247" HPOS="3084" VPOS="2696" WIDTH="0"/>
					</TextLine>
					<TextLine ID="P6_TL00154" HPOS="1735" VPOS="2696" WIDTH="1354" HEIGHT="43">
						<String ID="word001293" HPOS="1735" VPOS="2696" WIDTH="96" HEIGHT="38" CONTENT="could" WC="0.49" CC="33353"/>
						<String ID="word001294" HPOS="1831" VPOS="2696" WIDTH="19" HEIGHT="38" CONTENT="," STYLE="superscript" WC="0.49" CC="8"/>
						<String ID="word001295" HPOS="1850" VPOS="2696" WIDTH="116" HEIGHT="38" CONTENT="le:lve" WC="0.49" CC="538833"/>
						<SP ID="P6_SP01248" HPOS="1965" VPOS="2734" WIDTH="15"/>
						<String ID="word001296" HPOS="1981" VPOS="2709" WIDTH="48" HEIGHT="24" CONTENT="Do" WC="0.39" CC="74"/>
						<SP ID="P6_SP01249" HPOS="2029" VPOS="2734" WIDTH="15"/>
						<String ID="word001297" HPOS="2044" VPOS="2700" WIDTH="118" HEIGHT="33" CONTENT="doubt" WC="0.98" CC="00010"/>
						<SP ID="P6_SP01250" HPOS="2163" VPOS="2734" WIDTH="14"/>
						<String ID="word001298" HPOS="2177" VPOS="2701" WIDTH="79" HEIGHT="34" CONTENT="that" WC="0.97" CC="0010"/>
						<SP ID="P6_SP01251" HPOS="2256" VPOS="2735" WIDTH="13"/>
						<String ID="word001299" HPOS="2269" VPOS="2701" WIDTH="63" HEIGHT="33" CONTENT="the" WC="0.93" CC="002"/>
						<SP ID="P6_SP01252" HPOS="2331" VPOS="2735" WIDTH="12"/>
						<String ID="word001300" HPOS="2343" VPOS="2701" WIDTH="94" HEIGHT="32" CONTENT="issue" WC="0.95" CC="00011"/>
						<SP ID="P6_SP01253" HPOS="2438" VPOS="2735" WIDTH="15"/>
						<String ID="word001301" HPOS="2453" VPOS="2696" WIDTH="97" HEIGHT="39" CONTENT="must" WC="0.69" CC="2522"/>
						<SP ID="P6_SP01254" HPOS="2550" VPOS="2735" WIDTH="14"/>
						<String ID="word001302" HPOS="2564" VPOS="2700" WIDTH="46" HEIGHT="34" CONTENT="be" WC="0.89" CC="02"/>
						<SP ID="P6_SP01255" HPOS="2610" VPOS="2735" WIDTH="11"/>
						<String ID="word001303" HPOS="2621" VPOS="2698" WIDTH="222" HEIGHT="41" CONTENT="favourable" WC="0.88" CC="0010101125"/>
						<SP ID="P6_SP01256" HPOS="2843" VPOS="2739" WIDTH="15"/>
						<String ID="word001304" HPOS="2858" VPOS="2705" WIDTH="34" HEIGHT="27" CONTENT="to" WC="1.00" CC="00"/>
						<SP ID="P6_SP01257" HPOS="2893" VPOS="2739" WIDTH="22"/>
						<String ID="word001305" HPOS="2915" VPOS="2708" WIDTH="52" HEIGHT="25" CONTENT="us." WC="0.96" CC="010"/>
						<SP ID="P6_SP01258" HPOS="2967" VPOS="2739" WIDTH="34"/>
						<String ID="word001306" HPOS="3001" VPOS="2696" WIDTH="18" HEIGHT="37" CONTENT="I" WC="0.89" CC="1"/>
						<SP ID="P6_SP01259" HPOS="3019" VPOS="2739" WIDTH="19"/>
						<String ID="word001307" HPOS="3038" VPOS="2699" WIDTH="51" HEIGHT="34" CONTENT="do" WC="1.00" CC="00"/>
						<SP ID="P6_SP01260" HPOS="3089" VPOS="2739" WIDTH="0"/>
					</TextLine>
					<TextLine ID="P6_TL00155" HPOS="1735" VPOS="2746" WIDTH="1357" HEIGHT="47">
						<String ID="word001308" HPOS="1735" VPOS="2754" WIDTH="61" HEIGHT="27" CONTENT="not" WC="1.00" CC="000"/>
						<SP ID="P6_SP01261" HPOS="1796" VPOS="2781" WIDTH="20"/>
						<String ID="word001309" HPOS="1817" VPOS="2748" WIDTH="92" HEIGHT="37" CONTENT="omit" WC="0.75" CC="2331"/>
						<SP ID="P6_SP01262" HPOS="1909" VPOS="2785" WIDTH="18"/>
						<String ID="word001310" HPOS="1926" VPOS="2748" WIDTH="222" HEIGHT="38" CONTENT="advertence" WC="0.83" CC="3035101101"/>
						<SP ID="P6_SP01263" HPOS="2148" VPOS="2786" WIDTH="18"/>
						<String ID="word001311" HPOS="2166" VPOS="2753" WIDTH="37" HEIGHT="32" CONTENT="to" WC="0.67" CC="06"/>
						<SP ID="P6_SP01264" HPOS="2203" VPOS="2786" WIDTH="19"/>
						<String ID="word001312" HPOS="2222" VPOS="2748" WIDTH="64" HEIGHT="34" CONTENT="the" WC="1.00" CC="000"/>
						<SP ID="P6_SP01265" HPOS="2285" VPOS="2786" WIDTH="17"/>
						<String ID="word001313" HPOS="2302" VPOS="2748" WIDTH="343" HEIGHT="45" CONTENT="difficultiesarged" WC="0.50" CC="33788333533558333"/>
						<SP ID="P6_SP01266" HPOS="2644" VPOS="2793" WIDTH="18"/>
						<String ID="word001314" HPOS="2662" VPOS="2759" WIDTH="40" HEIGHT="25" CONTENT="as" WC="0.83" CC="12"/>
						<SP ID="P6_SP01267" HPOS="2702" VPOS="2793" WIDTH="20"/>
						<String ID="word001315" HPOS="2722" VPOS="2746" WIDTH="165" HEIGHT="44" CONTENT="possible" WC="0.96" CC="01110000"/>
						<SP ID="P6_SP01268" HPOS="2888" VPOS="2793" WIDTH="31"/>
						<String ID="word001316" HPOS="2919" VPOS="2753" WIDTH="38" HEIGHT="26" CONTENT="to" WC="1.00" CC="00"/>
						<SP ID="P6_SP01269" HPOS="2956" VPOS="2793" WIDTH="18"/>
						<String ID="word001317" HPOS="2974" VPOS="2756" WIDTH="118" HEIGHT="26" CONTENT="occur" WC="0.98" CC="00001"/>
						<SP ID="P6_SP01270" HPOS="3092" VPOS="2793" WIDTH="0"/>
					</TextLine>
					<TextLine ID="P6_TL00156" HPOS="1737" VPOS="2793" WIDTH="1354" HEIGHT="48">
						<String ID="word001318" HPOS="1737" VPOS="2796" WIDTH="34" HEIGHT="34" CONTENT="in" WC="0.83" CC="12"/>
						<SP ID="P6_SP01271" HPOS="1772" VPOS="2830" WIDTH="15"/>
						<String ID="word001319" HPOS="1787" VPOS="2793" WIDTH="208" HEIGHT="46" CONTENT="furniihitig" WC="0.47" CC="33333855865"/>
						<SP ID="P6_SP01272" HPOS="1995" VPOS="2839" WIDTH="31"/>
						<String ID="word001320" HPOS="2026" VPOS="2794" WIDTH="64" HEIGHT="33" CONTENT="the" WC="1.00" CC="000"/>
						<SP ID="P6_SP01273" HPOS="2089" VPOS="2839" WIDTH="34"/>
						<String ID="word001321" HPOS="2124" VPOS="2793" WIDTH="143" HEIGHT="40" CONTENT="IlritiA" WC="0.40" CC="8833358"/>
						<SP ID="P6_SP01274" HPOS="2267" VPOS="2839" WIDTH="18"/>
						<String ID="word001322" HPOS="2284" VPOS="2806" WIDTH="105" HEIGHT="34" CONTENT="army" WC="1.00" CC="0000"/>
						<SP ID="P6_SP01275" HPOS="2389" VPOS="2841" WIDTH="24"/>
						<String ID="word001323" HPOS="2413" VPOS="2797" WIDTH="90" HEIGHT="37" CONTENT="with" WC="1.00" CC="0000"/>
						<SP ID="P6_SP01276" HPOS="2503" VPOS="2841" WIDTH="20"/>
						<String ID="word001324" HPOS="2523" VPOS="2796" WIDTH="131" HEIGHT="40" CONTENT="bread." WC="0.98" CC="000100"/>
						<SP ID="P6_SP01277" HPOS="2654" VPOS="2841" WIDTH="54"/>
						<String ID="word001325" HPOS="2708" VPOS="2794" WIDTH="93" HEIGHT="44" CONTENT="But," WC="0.81" CC="6001"/>
						<SP ID="P6_SP01278" HPOS="2802" VPOS="2841" WIDTH="19"/>
						<String ID="word001326" HPOS="2820" VPOS="2794" WIDTH="149" HEIGHT="45" CONTENT="putting" WC="0.84" CC="1340002"/>
						<SP ID="P6_SP01279" HPOS="2969" VPOS="2841" WIDTH="12"/>
						<String ID="word001327" HPOS="2981" VPOS="2794" WIDTH="110" HEIGHT="34" CONTENT="aside" WC="0.98" CC="00001"/>
						<SP ID="P6_SP01280" HPOS="3091" VPOS="2841" WIDTH="0"/>
					</TextLine>
					<TextLine ID="P6_TL00157" HPOS="1735" VPOS="2842" WIDTH="1359" HEIGHT="48">
						<String ID="word001328" HPOS="1735" VPOS="2842" WIDTH="63" HEIGHT="34" CONTENT="the" WC="1.00" CC="000"/>
						<SP ID="P6_SP01281" HPOS="1798" VPOS="2876" WIDTH="20"/>
						<String ID="word001329" HPOS="1818" VPOS="2843" WIDTH="159" HEIGHT="38" CONTENT="obvious" WC="0.89" CC="0210211"/>
						<SP ID="P6_SP01282" HPOS="1977" VPOS="2881" WIDTH="13"/>
						<String ID="word001330" HPOS="1990" VPOS="2843" WIDTH="184" HEIGHT="41" CONTENT="solution," WC="0.90" CC="223000001"/>
						<SP ID="P6_SP01283" HPOS="2174" VPOS="2884" WIDTH="18"/>
						<String ID="word001331" HPOS="2192" VPOS="2842" WIDTH="81" HEIGHT="40" CONTENT="that" WC="0.92" CC="2100"/>
						<SP ID="P6_SP01284" HPOS="2274" VPOS="2884" WIDTH="18"/>
						<String ID="word001332" HPOS="2291" VPOS="2844" WIDTH="86" HEIGHT="35" CONTENT="such" WC="1.00" CC="0000"/>
						<SP ID="P6_SP01285" HPOS="2378" VPOS="2884" WIDTH="15"/>
						<String ID="word001333" HPOS="2393" VPOS="2854" WIDTH="24" HEIGHT="28" CONTENT="a" WC="0.89" CC="1"/>
						<SP ID="P6_SP01286" HPOS="2417" VPOS="2884" WIDTH="11"/>
						<String ID="word001334" HPOS="2427" VPOS="2851" WIDTH="216" HEIGHT="39" CONTENT="temporary" WC="0.99" CC="001000000"/>
						<SP ID="P6_SP01287" HPOS="2643" VPOS="2890" WIDTH="14"/>
						<String ID="word001335" HPOS="2657" VPOS="2843" WIDTH="194" HEIGHT="46" CONTENT="privation" WC="0.85" CC="101151111"/>
						<SP ID="P6_SP01288" HPOS="2851" VPOS="2890" WIDTH="20"/>
						<String ID="word001336" HPOS="2871" VPOS="2842" WIDTH="28" HEIGHT="38" CONTENT="is" WC="0.94" CC="01"/>
						<SP ID="P6_SP01289" HPOS="2900" VPOS="2890" WIDTH="14"/>
						<String ID="word001337" HPOS="2914" VPOS="2848" WIDTH="64" HEIGHT="31" CONTENT="not" WC="0.96" CC="100"/>
						<SP ID="P6_SP01290" HPOS="2978" VPOS="2890" WIDTH="13"/>
						<String ID="word001338" HPOS="2991" VPOS="2843" WIDTH="103" HEIGHT="35" CONTENT="ruin," WC="0.78" CC="00226"/>
						<SP ID="P6_SP01291" HPOS="3093" VPOS="2890" WIDTH="0"/>
					</TextLine>
					<TextLine ID="P6_TL00158" HPOS="1736" VPOS="2889" WIDTH="1358" HEIGHT="49">
						<String ID="word001339" HPOS="1736" VPOS="2902" WIDTH="66" HEIGHT="24" CONTENT="ous" WC="0.85" CC="004"/>
						<SP ID="P6_SP01292" HPOS="1802" VPOS="2926" WIDTH="20"/>
						<String ID="word001340" HPOS="1822" VPOS="2897" WIDTH="37" HEIGHT="27" CONTENT="to" WC="1.00" CC="00"/>
						<SP ID="P6_SP01293" HPOS="1859" VPOS="2926" WIDTH="18"/>
						<String ID="word001341" HPOS="1877" VPOS="2893" WIDTH="162" HEIGHT="44" CONTENT="anarnui" WC="0.33" CC="6467586"/>
						<SP ID="P6_SP01294" HPOS="2039" VPOS="2936" WIDTH="19"/>
						<String ID="word001342" HPOS="2057" VPOS="2889" WIDTH="125" HEIGHT="43" CONTENT="wtere" WC="0.67" CC="37410"/>
						<SP ID="P6_SP01295" HPOS="2183" VPOS="2936" WIDTH="14"/>
						<String ID="word001343" HPOS="2197" VPOS="2893" WIDTH="116" HEIGHT="39" CONTENT="cattle" WC="0.91" CC="410000"/>
						<SP ID="P6_SP01296" HPOS="2313" VPOS="2936" WIDTH="17"/>
						<String ID="word001344" HPOS="2329" VPOS="2903" WIDTH="67" HEIGHT="27" CONTENT="can" WC="0.96" CC="010"/>
						<SP ID="P6_SP01297" HPOS="2396" VPOS="2936" WIDTH="15"/>
						<String ID="word001345" HPOS="2412" VPOS="2893" WIDTH="47" HEIGHT="33" CONTENT="be" WC="1.00" CC="00"/>
						<SP ID="P6_SP01298" HPOS="2459" VPOS="2936" WIDTH="28"/>
						<String ID="word001346" HPOS="2487" VPOS="2894" WIDTH="184" HEIGHT="44" CONTENT="procured" WC="0.99" CC="00001000"/>
						<SP ID="P6_SP01299" HPOS="2672" VPOS="2937" WIDTH="19"/>
						<String ID="word001347" HPOS="2691" VPOS="2893" WIDTH="32" HEIGHT="33" CONTENT="in" WC="0.94" CC="01"/>
						<SP ID="P6_SP01300" HPOS="2722" VPOS="2937" WIDTH="21"/>
						<String ID="word001348" HPOS="2744" VPOS="2891" WIDTH="63" HEIGHT="34" CONTENT="the" WC="0.89" CC="030"/>
						<SP ID="P6_SP01301" HPOS="2806" VPOS="2937" WIDTH="18"/>
						<String ID="word001349" HPOS="2824" VPOS="2897" WIDTH="175" HEIGHT="38" CONTENT="country," WC="0.85" CC="11111303"/>
						<SP ID="P6_SP01302" HPOS="2999" VPOS="2937" WIDTH="17"/>
						<String ID="word001350" HPOS="3015" VPOS="2891" WIDTH="79" HEIGHT="35" CONTENT="this" WC="0.81" CC="0304"/>
						<SP ID="P6_SP01303" HPOS="3094" VPOS="2937" WIDTH="0"/>
					</TextLine>
					<TextLine ID="P6_TL00159" HPOS="1735" VPOS="2937" WIDTH="1357" HEIGHT="47">
						<String ID="word001351" HPOS="1735" VPOS="2939" WIDTH="182" HEIGHT="45" CONTENT="difficulty" WC="0.77" CC="1055504100"/>
						<SP ID="P6_SP01304" HPOS="1917" VPOS="2983" WIDTH="18"/>
						<String ID="word001352" HPOS="1935" VPOS="2937" WIDTH="194" HEIGHT="38" CONTENT="cannot.be" WC="0.54" CC="333343756"/>
						<SP ID="P6_SP01305" HPOS="2128" VPOS="2983" WIDTH="13"/>
						<String ID="word001353" HPOS="2141" VPOS="2939" WIDTH="87" HEIGHT="37" CONTENT="well" WC="0.94" CC="0101"/>
						<SP ID="P6_SP01306" HPOS="2229" VPOS="2983" WIDTH="12"/>
						<String ID="word001354" HPOS="2241" VPOS="2939" WIDTH="172" HEIGHT="45" CONTENT="pleaded," WC="0.96" CC="00010011"/>
						<SP ID="P6_SP01307" HPOS="2413" VPOS="2983" WIDTH="20"/>
						<String ID="word001355" HPOS="2433" VPOS="2940" WIDTH="33" HEIGHT="35" CONTENT="if" WC="0.72" CC="32"/>
						<SP ID="P6_SP01308" HPOS="2466" VPOS="2983" WIDTH="7"/>
						<String ID="word001356" HPOS="2473" VPOS="2940" WIDTH="197" HEIGHT="35" CONTENT="admission" WC="0.97" CC="001000010"/>
						<SP ID="P6_SP01309" HPOS="2670" VPOS="2983" WIDTH="19"/>
						<String ID="word001357" HPOS="2689" VPOS="2942" WIDTH="28" HEIGHT="32" CONTENT="is" WC="0.94" CC="10"/>
						<SP ID="P6_SP01310" HPOS="2718" VPOS="2983" WIDTH="15"/>
						<String ID="word001358" HPOS="2733" VPOS="2947" WIDTH="38" HEIGHT="28" CONTENT="to" WC="0.56" CC="35"/>
						<SP ID="P6_SP01311" HPOS="2771" VPOS="2983" WIDTH="20"/>
						<String ID="word001359" HPOS="2791" VPOS="2940" WIDTH="46" HEIGHT="35" CONTENT="be" WC="1.00" CC="00"/>
						<SP ID="P6_SP01312" HPOS="2837" VPOS="2983" WIDTH="14"/>
						<String ID="word001360" HPOS="2851" VPOS="2939" WIDTH="111" HEIGHT="45" CONTENT="given" WC="0.98" CC="00001"/>
						<SP ID="P6_SP01313" HPOS="2962" VPOS="2983" WIDTH="12"/>
						<String ID="word001361" HPOS="2974" VPOS="2944" WIDTH="38" HEIGHT="28" CONTENT="to" WC="1.00" CC="00"/>
						<SP ID="P6_SP01314" HPOS="3012" VPOS="2983" WIDTH="13"/>
						<String ID="word001362" HPOS="3025" VPOS="2939" WIDTH="67" HEIGHT="37" CONTENT="the" WC="0.89" CC="300"/>
						<SP ID="P6_SP01315" HPOS="3092" VPOS="2983" WIDTH="0"/>
					</TextLine>
					<TextLine ID="P6_TL00160" HPOS="1735" VPOS="2981" WIDTH="1361" HEIGHT="52">
						<String ID="word001363" HPOS="1735" VPOS="2987" WIDTH="250" HEIGHT="44" CONTENT="speculation," WC="0.98" CC="101000000000"/>
						<SP ID="P6_SP01316" HPOS="1985" VPOS="3031" WIDTH="20"/>
						<String ID="word001364" HPOS="2006" VPOS="2987" WIDTH="83" HEIGHT="39" CONTENT="that" WC="0.92" CC="0120"/>
						<SP ID="P6_SP01317" HPOS="2088" VPOS="3031" WIDTH="28"/>
						<String ID="word001365" HPOS="2117" VPOS="2987" WIDTH="203" HEIGHT="46" CONTENT="the,heavy" WC="0.56" CC="353835333"/>
						<SP ID="P6_SP01318" HPOS="2320" VPOS="3033" WIDTH="25"/>
						<String ID="word001366" HPOS="2344" VPOS="2996" WIDTH="141" HEIGHT="32" CONTENT="e.annou" WC="0.48" CC="7853334"/>
						<SP ID="P6_SP01319" HPOS="2485" VPOS="3033" WIDTH="18"/>
						<String ID="word001367" HPOS="2503" VPOS="2998" WIDTH="193" HEIGHT="34" CONTENT="necessary" WC="0.72" CC="241033325"/>
						<SP ID="P6_SP01320" HPOS="2695" VPOS="3033" WIDTH="18"/>
						<String ID="word001368" HPOS="2713" VPOS="2981" WIDTH="63" HEIGHT="45" CONTENT="for" WC="0.63" CC="136"/>
						<SP ID="P6_SP01321" HPOS="2776" VPOS="3033" WIDTH="19"/>
						<String ID="word001369" HPOS="2794" VPOS="2987" WIDTH="188" HEIGHT="43" CONTENT="battering" WC="0.74" CC="131413035"/>
						<SP ID="P6_SP01322" HPOS="2982" VPOS="3033" WIDTH="18"/>
						<String ID="word001370" HPOS="3000" VPOS="2986" WIDTH="96" HEIGHT="37" CONTENT="forts" WC="1.00" CC="00000"/>
						<SP ID="P6_SP01323" HPOS="3096" VPOS="3033" WIDTH="0"/>
					</TextLine>
					<TextLine ID="P6_TL00161" HPOS="1740" VPOS="3032" WIDTH="1349" HEIGHT="50">
						<String ID="word001371" HPOS="1740" VPOS="3037" WIDTH="54" HEIGHT="33" CONTENT="St." WC="0.81" CC="410"/>
						<SP ID="P6_SP01324" HPOS="1794" VPOS="3070" WIDTH="21"/>
						<String ID="word001372" HPOS="1815" VPOS="3032" WIDTH="129" HEIGHT="40" CONTENT="Julien" WC="0.91" CC="103100"/>
						<SP ID="P6_SP01325" HPOS="1944" VPOS="3072" WIDTH="15"/>
						<String ID="word001373" HPOS="1959" VPOS="3035" WIDTH="72" HEIGHT="38" CONTENT="and" WC="1.00" CC="000"/>
						<SP ID="P6_SP01326" HPOS="2031" VPOS="3073" WIDTH="22"/>
						<String ID="word001374" HPOS="2054" VPOS="3032" WIDTH="276" HEIGHT="39" CONTENT="Caseacs.Were" WC="0.47" CC="333558557535"/>
						<SP ID="P6_SP01327" HPOS="2330" VPOS="3073" WIDTH="21"/>
						<String ID="word001375" HPOS="2352" VPOS="3043" WIDTH="41" HEIGHT="27" CONTENT="to" WC="0.83" CC="30"/>
						<SP ID="P6_SP01328" HPOS="2393" VPOS="3073" WIDTH="17"/>
						<String ID="word001376" HPOS="2409" VPOS="3037" WIDTH="46" HEIGHT="34" CONTENT="be" WC="0.94" CC="01"/>
						<SP ID="P6_SP01329" HPOS="2456" VPOS="3073" WIDTH="14"/>
						<String ID="word001377" HPOS="2470" VPOS="3044" WIDTH="65" HEIGHT="38" CONTENT="got" WC="1.00" CC="000"/>
						<SP ID="P6_SP01330" HPOS="2535" VPOS="3081" WIDTH="14"/>
						<String ID="word001378" HPOS="2549" VPOS="3037" WIDTH="135" HEIGHT="38" CONTENT="ashore" WC="0.93" CC="101110"/>
						<SP ID="P6_SP01331" HPOS="2683" VPOS="3081" WIDTH="20"/>
						<String ID="word001379" HPOS="2704" VPOS="3035" WIDTH="35" HEIGHT="39" CONTENT="in" WC="1.00" CC="00"/>
						<SP ID="P6_SP01332" HPOS="2739" VPOS="3081" WIDTH="19"/>
						<String ID="word001380" HPOS="2758" VPOS="3034" WIDTH="63" HEIGHT="38" CONTENT="the" WC="0.96" CC="010"/>
						<SP ID="P6_SP01333" HPOS="2820" VPOS="3081" WIDTH="20"/>
						<String ID="word001381" HPOS="2841" VPOS="3034" WIDTH="104" HEIGHT="46" CONTENT='"lays' WC="0.67" CC="86001"/>
						<SP ID="P6_SP01334" HPOS="2944" VPOS="3081" WIDTH="18"/>
						<String ID="word001382" HPOS="2962" VPOS="3033" WIDTH="45" HEIGHT="35" CONTENT="of" WC="1.00" CC="00"/>
						<SP ID="P6_SP01335" HPOS="3007" VPOS="3081" WIDTH="14"/>
						<String ID="word001383" HPOS="3021" VPOS="3035" WIDTH="67" HEIGHT="34" CONTENT="the" WC="0.96" CC="010"/>
						<SP ID="P6_SP01336" HPOS="3089" VPOS="3081" WIDTH="0"/>
					</TextLine>
					<TextLine ID="P6_TL00162" HPOS="1741" VPOS="3080" WIDTH="1350" HEIGHT="55">
						<String ID="word001384" HPOS="1741" VPOS="3080" WIDTH="109" HEIGHT="39" CONTENT="Rock" WC="1.00" CC="0000"/>
						<SP ID="P6_SP01337" HPOS="1850" VPOS="3119" WIDTH="20"/>
						<String ID="word001385" HPOS="1870" VPOS="3081" WIDTH="44" HEIGHT="34" CONTENT="of" WC="0.94" CC="10"/>
						<SP ID="P6_SP01338" HPOS="1913" VPOS="3119" WIDTH="27"/>
						<String ID="word001386" HPOS="1941" VPOS="3081" WIDTH="149" HEIGHT="35" CONTENT="Lisbon." WC="0.86" CC="2110320"/>
						<SP ID="P6_SP01339" HPOS="2089" VPOS="3119" WIDTH="52"/>
						<String ID="word001387" HPOS="2141" VPOS="3081" WIDTH="79" HEIGHT="38" CONTENT="The" WC="0.93" CC="101"/>
						<SP ID="P6_SP01340" HPOS="2220" VPOS="3119" WIDTH="18"/>
						<String ID="word001388" HPOS="2238" VPOS="3081" WIDTH="171" HEIGHT="53" CONTENT="cueition" WC="0.54" CC="73373343"/>
						<SP ID="P6_SP01341" HPOS="2409" VPOS="3135" WIDTH="19"/>
						<String ID="word001389" HPOS="2428" VPOS="3083" WIDTH="86" HEIGHT="41" CONTENT="then" WC="0.97" CC="0001"/>
						<SP ID="P6_SP01342" HPOS="2515" VPOS="3135" WIDTH="11"/>
						<String ID="word001390" HPOS="2525" VPOS="3094" WIDTH="122" HEIGHT="27" CONTENT="coinei•" WC="0.38" CC="2387676"/>
						<SP ID="P6_SP01343" HPOS="2647" VPOS="3135" WIDTH="18"/>
						<String ID="word001391" HPOS="2665" VPOS="3081" WIDTH="150" HEIGHT="44" CONTENT="toillis;" WC="0.42" CC="35858355"/>
						<SP ID="P6_SP01344" HPOS="2815" VPOS="3135" WIDTH="26"/>
						<String ID="word001392" HPOS="2841" VPOS="3081" WIDTH="170" HEIGHT="39" CONTENT="whether" WC="0.97" CC="1100000"/>
						<SP ID="P6_SP01345" HPOS="3011" VPOS="3135" WIDTH="15"/>
						<String ID="word001393" HPOS="3026" VPOS="3081" WIDTH="65" HEIGHT="37" CONTENT="the" WC="1.00" CC="000"/>
						<SP ID="P6_SP01346" HPOS="3091" VPOS="3135" WIDTH="0"/>
					</TextLine>
					<TextLine ID="P6_TL00163" HPOS="1740" VPOS="3128" WIDTH="1351" HEIGHT="48">
						<String ID="word001394" HPOS="1740" VPOS="3128" WIDTH="233" HEIGHT="43" CONTENT="Convention" WC="0.74" CC="0351121514"/>
						<SP ID="P6_SP01347" HPOS="1972" VPOS="3170" WIDTH="17"/>
						<String ID="word001395" HPOS="1989" VPOS="3130" WIDTH="63" HEIGHT="34" CONTENT="did" WC="0.85" CC="310"/>
						<SP ID="P6_SP01348" HPOS="2052" VPOS="3170" WIDTH="15"/>
						<String ID="word001396" HPOS="2067" VPOS="3130" WIDTH="59" HEIGHT="44" CONTENT="(as" WC="1.00" CC="000"/>
						<SP ID="P6_SP01349" HPOS="2126" VPOS="3174" WIDTH="13"/>
						<String ID="word001397" HPOS="2139" VPOS="3129" WIDTH="63" HEIGHT="41" CONTENT="has" WC="0.85" CC="013"/>
						<SP ID="P6_SP01350" HPOS="2202" VPOS="3174" WIDTH="14"/>
						<String ID="word001398" HPOS="2216" VPOS="3131" WIDTH="90" HEIGHT="37" CONTENT="been" WC="0.69" CC="0443"/>
						<SP ID="P6_SP01351" HPOS="2306" VPOS="3174" WIDTH="12"/>
						<String ID="word001399" HPOS="2317" VPOS="3132" WIDTH="183" HEIGHT="40" CONTENT="asserted)" WC="0.67" CC="553641102"/>
						<SP ID="P6_SP01352" HPOS="2500" VPOS="3174" WIDTH="14"/>
						<String ID="word001400" HPOS="2515" VPOS="3135" WIDTH="130" HEIGHT="33" CONTENT="secure" WC="0.57" CC="534443"/>
						<SP ID="P6_SP01353" HPOS="2644" VPOS="3174" WIDTH="12"/>
						<String ID="word001401" HPOS="2656" VPOS="3133" WIDTH="51" HEIGHT="37" CONTENT="all" WC="0.63" CC="334"/>
						<SP ID="P6_SP01354" HPOS="2707" VPOS="3174" WIDTH="17"/>
						<String ID="word001402" HPOS="2724" VPOS="3138" WIDTH="9" HEIGHT="27" CONTENT="t" WC="0.44" CC="5"/>
						<SP ID="P6_SP01355" HPOS="2733" VPOS="3174" WIDTH="9"/>
						<String ID="word001403" HPOS="2743" VPOS="3130" WIDTH="45" HEIGHT="43" CONTENT="Ile" WC="0.67" CC="333"/>
						<SP ID="P6_SP01356" HPOS="2787" VPOS="3174" WIDTH="9"/>
						<String ID="word001404" HPOS="2797" VPOS="3130" WIDTH="148" HEIGHT="46" CONTENT="'objects" WC="0.74" CC="83003113"/>
						<SP ID="P6_SP01357" HPOS="2944" VPOS="3176" WIDTH="20"/>
						<String ID="word001405" HPOS="2965" VPOS="3130" WIDTH="126" HEIGHT="37" CONTENT="which" WC="0.95" CC="00002"/>
						<SP ID="P6_SP01358" HPOS="3091" VPOS="3176" WIDTH="0"/>
					</TextLine>
					<TextLine ID="P6_TL00164" HPOS="1741" VPOS="3171" WIDTH="1354" HEIGHT="58">
						<String ID="word001406" HPOS="1741" VPOS="3188" WIDTH="99" HEIGHT="24" CONTENT="were" WC="0.94" CC="1010"/>
						<SP ID="P6_SP01359" HPOS="1840" VPOS="3211" WIDTH="20"/>
						<String ID="word001407" HPOS="1860" VPOS="3178" WIDTH="183" HEIGHT="46" CONTENT="proposed" WC="0.81" CC="00314600"/>
						<SP ID="P6_SP01360" HPOS="2043" VPOS="3224" WIDTH="17"/>
						<String ID="word001408" HPOS="2060" VPOS="3178" WIDTH="34" HEIGHT="33" CONTENT="in" WC="1.00" CC="00"/>
						<SP ID="P6_SP01361" HPOS="2094" VPOS="3224" WIDTH="20"/>
						<String ID="word001409" HPOS="2114" VPOS="3180" WIDTH="63" HEIGHT="33" CONTENT="the" WC="1.00" CC="000"/>
						<SP ID="P6_SP01362" HPOS="2177" VPOS="3224" WIDTH="14"/>
						<String ID="word001410" HPOS="2191" VPOS="3176" WIDTH="234" HEIGHT="53" CONTENT="Expedititat" WC="0.38" CC="37433588785"/>
						<SP ID="P6_SP01363" HPOS="2425" VPOS="3229" WIDTH="18"/>
						<String ID="word001411" HPOS="2443" VPOS="3178" WIDTH="74" HEIGHT="40" CONTENT="?If" WC="0.89" CC="130"/>
						<SP ID="P6_SP01364" HPOS="2517" VPOS="3229" WIDTH="14"/>
						<String ID="word001412" HPOS="2531" VPOS="3180" WIDTH="26" HEIGHT="33" CONTENT="it" WC="0.44" CC="55"/>
						<SP ID="P6_SP01365" HPOS="2557" VPOS="3229" WIDTH="19"/>
						<String ID="word001413" HPOS="2576" VPOS="3180" WIDTH="65" HEIGHT="34" CONTENT="did" WC="0.93" CC="020"/>
						<SP ID="P6_SP01366" HPOS="2641" VPOS="3229" WIDTH="19"/>
						<String ID="word001414" HPOS="2660" VPOS="3184" WIDTH="78" HEIGHT="40" CONTENT="not," WC="0.92" CC="0003"/>
						<SP ID="P6_SP01367" HPOS="2738" VPOS="3229" WIDTH="18"/>
						<String ID="word001415" HPOS="2756" VPOS="3171" WIDTH="130" HEIGHT="44" CONTENT="I`l.-ryas" WC="0.34" CC="776667743"/>
						<SP ID="P6_SP01368" HPOS="2885" VPOS="3229" WIDTH="20"/>
						<String ID="word001416" HPOS="2906" VPOS="3185" WIDTH="63" HEIGHT="27" CONTENT="not" WC="0.96" CC="010"/>
						<SP ID="P6_SP01369" HPOS="2968" VPOS="3229" WIDTH="18"/>
						<String ID="word001417" HPOS="2986" VPOS="3178" WIDTH="109" HEIGHT="38" CONTENT="what" WC="0.94" CC="0020"/>
						<SP ID="P6_SP01370" HPOS="3094" VPOS="3229" WIDTH="0"/>
					</TextLine>
					<TextLine ID="P6_TL00165" HPOS="1740" VPOS="3226" WIDTH="1355" HEIGHT="48">
						<String ID="word001418" HPOS="1740" VPOS="3226" WIDTH="57" HEIGHT="35" CONTENT="his" WC="0.56" CC="156"/>
						<SP ID="P6_SP01371" HPOS="1796" VPOS="3261" WIDTH="20"/>
						<String ID="word001419" HPOS="1817" VPOS="3226" WIDTH="164" HEIGHT="47" CONTENT="Majesty" WC="0.90" CC="1100130"/>
						<SP ID="P6_SP01372" HPOS="1981" VPOS="3273" WIDTH="19"/>
						<String ID="word001420" HPOS="2000" VPOS="3236" WIDTH="78" HEIGHT="25" CONTENT="was" WC="0.96" CC="001"/>
						<SP ID="P6_SP01373" HPOS="2078" VPOS="3273" WIDTH="14"/>
						<String ID="word001421" HPOS="2092" VPOS="3226" WIDTH="156" HEIGHT="39" CONTENT="entitled" WC="0.93" CC="01100300"/>
						<SP ID="P6_SP01374" HPOS="2248" VPOS="3273" WIDTH="19"/>
						<String ID="word001422" HPOS="2267" VPOS="3235" WIDTH="38" HEIGHT="30" CONTENT="to" WC="0.78" CC="22"/>
						<SP ID="P6_SP01375" HPOS="2304" VPOS="3273" WIDTH="11"/>
						<String ID="word001423" HPOS="2315" VPOS="3227" WIDTH="141" HEIGHT="47" CONTENT="expeti" WC="0.35" CC="383588"/>
						<SP ID="P6_SP01376" HPOS="2456" VPOS="3274" WIDTH="18"/>
						<String ID="word001424" HPOS="2473" VPOS="3228" WIDTH="97" HEIGHT="41" CONTENT="from" WC="0.78" CC="1313"/>
						<SP ID="P6_SP01377" HPOS="2570" VPOS="3274" WIDTH="21"/>
						<String ID="word001425" HPOS="2591" VPOS="3229" WIDTH="63" HEIGHT="39" CONTENT="tl.e" WC="0.36" CC="5837"/>
						<SP ID="P6_SP01378" HPOS="2654" VPOS="3274" WIDTH="19"/>
						<String ID="word001426" HPOS="2673" VPOS="3226" WIDTH="359" HEIGHT="39" CONTENT=":elane.sititatiau" WC="0.47" CC="83537433438853383"/>
						<SP ID="P6_SP01379" HPOS="3032" VPOS="3274" WIDTH="17"/>
						<String ID="word001427" HPOS="3048" VPOS="3227" WIDTH="46" HEIGHT="39" CONTENT="of" WC="0.78" CC="13"/>
						<SP ID="P6_SP01380" HPOS="3094" VPOS="3274" WIDTH="0"/>
					</TextLine>
					<TextLine ID="P6_TL00166" HPOS="1739" VPOS="3274" WIDTH="1296" HEIGHT="35">
						<String ID="word001428" HPOS="1739" VPOS="3275" WIDTH="65" HEIGHT="32" CONTENT="the" WC="1.00" CC="000"/>
						<SP ID="P6_SP01381" HPOS="1804" VPOS="3307" WIDTH="17"/>
						<String ID="word001429" HPOS="1820" VPOS="3281" WIDTH="77" HEIGHT="25" CONTENT="two" WC="0.93" CC="020"/>
						<SP ID="P6_SP01382" HPOS="1897" VPOS="3307" WIDTH="18"/>
						<String ID="word001430" HPOS="1915" VPOS="3274" WIDTH="151" HEIGHT="34" CONTENT="armies." WC="0.78" CC="3250310"/>
						<SP ID="P6_SP01383" HPOS="2066" VPOS="3308" WIDTH="965"/>
						<String ID="word001431" HPOS="3031" VPOS="3274" WIDTH="4" HEIGHT="35" CONTENT="," WC="0.44" CC="5"/>
						<SP ID="P6_SP01384" HPOS="3034" VPOS="3309" WIDTH="0"/>
					</TextLine>
					<TextLine ID="P6_TL00167" HPOS="1792" VPOS="3321" WIDTH="1303" HEIGHT="48">
						<String ID="word001432" HPOS="1792" VPOS="3321" WIDTH="14" HEIGHT="34" CONTENT="I" WC="0.44" CC="5"/>
						<SP ID="P6_SP01385" HPOS="1806" VPOS="3356" WIDTH="26"/>
						<String ID="word001433" HPOS="1832" VPOS="3321" WIDTH="152" HEIGHT="46" CONTENT="humbly" WC="0.83" CC="313110"/>
						<SP ID="P6_SP01386" HPOS="1984" VPOS="3367" WIDTH="19"/>
						<String ID="word001434" HPOS="2003" VPOS="3321" WIDTH="180" HEIGHT="35" CONTENT="conceive" WC="0.92" CC="31010001"/>
						<SP ID="P6_SP01387" HPOS="2183" VPOS="3367" WIDTH="30"/>
						<String ID="word001435" HPOS="2212" VPOS="3322" WIDTH="28" HEIGHT="38" CONTENT="it" WC="1.00" CC="00"/>
						<SP ID="P6_SP01388" HPOS="2241" VPOS="3367" WIDTH="24"/>
						<String ID="word001436" HPOS="2264" VPOS="3327" WIDTH="37" HEIGHT="28" CONTENT="to" WC="1.00" CC="00"/>
						<SP ID="P6_SP01389" HPOS="2301" VPOS="3367" WIDTH="21"/>
						<String ID="word001437" HPOS="2322" VPOS="3322" WIDTH="94" HEIGHT="38" CONTENT="have" WC="0.97" CC="0100"/>
						<SP ID="P6_SP01390" HPOS="2417" VPOS="3367" WIDTH="28"/>
						<String ID="word001438" HPOS="2445" VPOS="3322" WIDTH="90" HEIGHT="37" CONTENT="been" WC="0.89" CC="3001"/>
						<SP ID="P6_SP01391" HPOS="2535" VPOS="3367" WIDTH="32"/>
						<String ID="word001439" HPOS="2567" VPOS="3333" WIDTH="202" HEIGHT="27" CONTENT="erroneous" WC="0.90" CC="000101303"/>
						<SP ID="P6_SP01392" HPOS="2769" VPOS="3367" WIDTH="26"/>
						<String ID="word001440" HPOS="2794" VPOS="3326" WIDTH="40" HEIGHT="34" CONTENT="to" WC="1.00" CC="00"/>
						<SP ID="P6_SP01393" HPOS="2835" VPOS="3367" WIDTH="32"/>
						<String ID="word001441" HPOS="2867" VPOS="3322" WIDTH="132" HEIGHT="46" CONTENT="regard" WC="0.96" CC="010100"/>
						<SP ID="P6_SP01394" HPOS="2999" VPOS="3369" WIDTH="31"/>
						<String ID="word001442" HPOS="3030" VPOS="3322" WIDTH="65" HEIGHT="35" CONTENT="the" WC="0.96" CC="010"/>
						<SP ID="P6_SP01395" HPOS="3094" VPOS="3369" WIDTH="0"/>
					</TextLine>
					<TextLine ID="P6_TL00168" HPOS="1739" VPOS="3367" WIDTH="1358" HEIGHT="48">
						<String ID="word001443" HPOS="1739" VPOS="3370" WIDTH="278" HEIGHT="45" CONTENT="emancipation" WC="0.81" CC="040351200203"/>
						<SP ID="P6_SP01396" HPOS="2016" VPOS="3415" WIDTH="18"/>
						<String ID="word001444" HPOS="2034" VPOS="3370" WIDTH="44" HEIGHT="38" CONTENT="of" WC="0.89" CC="02"/>
						<SP ID="P6_SP01397" HPOS="2078" VPOS="3415" WIDTH="18"/>
						<String ID="word001445" HPOS="2095" VPOS="3370" WIDTH="184" HEIGHT="45" CONTENT="Portugal" WC="0.86" CC="31010131"/>
						<SP ID="P6_SP01398" HPOS="2280" VPOS="3415" WIDTH="28"/>
						<String ID="word001446" HPOS="2308" VPOS="3371" WIDTH="96" HEIGHT="35" CONTENT="front" WC="0.93" CC="00003"/>
						<SP ID="P6_SP01399" HPOS="2404" VPOS="3415" WIDTH="28"/>
						<String ID="word001447" HPOS="2432" VPOS="3372" WIDTH="64" HEIGHT="33" CONTENT="the" WC="0.96" CC="001"/>
						<SP ID="P6_SP01400" HPOS="2496" VPOS="3415" WIDTH="28"/>
						<String ID="word001448" HPOS="2524" VPOS="3370" WIDTH="165" HEIGHT="41" CONTENT="French," WC="0.86" CC="3011301"/>
						<SP ID="P6_SP01401" HPOS="2689" VPOS="3415" WIDTH="32"/>
						<String ID="word001449" HPOS="2721" VPOS="3381" WIDTH="39" HEIGHT="28" CONTENT="as" WC="0.39" CC="56"/>
						<SP ID="P6_SP01402" HPOS="2760" VPOS="3415" WIDTH="20"/>
						<String ID="word001450" HPOS="2780" VPOS="3367" WIDTH="63" HEIGHT="40" CONTENT="the" WC="0.96" CC="010"/>
						<SP ID="P6_SP01403" HPOS="2843" VPOS="3415" WIDTH="17"/>
						<String ID="word001451" HPOS="2859" VPOS="3371" WIDTH="79" HEIGHT="43" CONTENT="aiole" WC="0.31" CC="86854"/>
						<SP ID="P6_SP01404" HPOS="2939" VPOS="3415" WIDTH="19"/>
						<String ID="word001452" HPOS="2957" VPOS="3381" WIDTH="45" HEIGHT="26" CONTENT="or" WC="0.89" CC="11"/>
						<SP ID="P6_SP01405" HPOS="3002" VPOS="3415" WIDTH="27"/>
						<String ID="word001453" HPOS="3030" VPOS="3372" WIDTH="67" HEIGHT="35" CONTENT="the" WC="1.00" CC="000"/>
						<SP ID="P6_SP01406" HPOS="3097" VPOS="3415" WIDTH="0"/>
					</TextLine>
					<TextLine ID="P6_TL00169" HPOS="1739" VPOS="3416" WIDTH="1357" HEIGHT="54">
						<String ID="word001454" HPOS="1739" VPOS="3416" WIDTH="340" HEIGHT="54" CONTENT="Principal'object" WC="0.50" CC="7353333457578333"/>
						<SP ID="P6_SP01407" HPOS="2079" VPOS="3470" WIDTH="18"/>
						<String ID="word001455" HPOS="2096" VPOS="3418" WIDTH="45" HEIGHT="33" CONTENT="of" WC="1.00" CC="00"/>
						<SP ID="P6_SP01408" HPOS="2141" VPOS="3470" WIDTH="21"/>
						<String ID="word001456" HPOS="2163" VPOS="3418" WIDTH="65" HEIGHT="33" CONTENT="the" WC="0.89" CC="021"/>
						<SP ID="P6_SP01409" HPOS="2228" VPOS="3470" WIDTH="24"/>
						<String ID="word001457" HPOS="2251" VPOS="3419" WIDTH="237" HEIGHT="47" CONTENT="expedition." WC="0.91" CC="01100010141"/>
						<SP ID="P6_SP01410" HPOS="2489" VPOS="3470" WIDTH="53"/>
						<String ID="word001458" HPOS="2542" VPOS="3420" WIDTH="117" HEIGHT="46" CONTENT="Vpon" WC="0.61" CC="3335"/>
						<SP ID="P6_SP01411" HPOS="2659" VPOS="3470" WIDTH="25"/>
						<String ID="word001459" HPOS="2683" VPOS="3418" WIDTH="193" HEIGHT="41" CONTENT="whatever" WC="0.54" CC="43553337"/>
						<SP ID="P6_SP01412" HPOS="2876" VPOS="3470" WIDTH="34"/>
						<String ID="word001460" HPOS="2910" VPOS="3417" WIDTH="185" HEIGHT="46" CONTENT="territory" WC="0.86" CC="433000100"/>
						<SP ID="P6_SP01413" HPOS="3096" VPOS="3470" WIDTH="0"/>
					</TextLine>
					<TextLine ID="P6_TL00170" HPOS="1779" VPOS="3463" WIDTH="1317" HEIGHT="49">
						<String ID="word001461" HPOS="1779" VPOS="3478" WIDTH="21" HEIGHT="20" CONTENT="e" WC="0.56" CC="4" STYLEREFS="TXT_2"/>
						<SP ID="P6_SP01414" HPOS="1800" VPOS="3498" WIDTH="17"/>
						<String ID="word001462" HPOS="1817" VPOS="3463" WIDTH="156" HEIGHT="41" CONTENT="contend" WC="0.70" CC="4352320"/>
						<SP ID="P6_SP01415" HPOS="1972" VPOS="3504" WIDTH="21"/>
						<String ID="word001463" HPOS="1994" VPOS="3467" WIDTH="93" HEIGHT="39" CONTENT="with" WC="0.75" CC="4500"/>
						<SP ID="P6_SP01416" HPOS="2087" VPOS="3506" WIDTH="19"/>
						<String ID="word001464" HPOS="2106" VPOS="3467" WIDTH="66" HEIGHT="32" CONTENT="the" WC="0.96" CC="001"/>
						<SP ID="P6_SP01417" HPOS="2172" VPOS="3506" WIDTH="22"/>
						<String ID="word001465" HPOS="2194" VPOS="3465" WIDTH="157" HEIGHT="40" CONTENT="French," WC="0.97" CC="1001000"/>
						<SP ID="P6_SP01418" HPOS="2352" VPOS="3506" WIDTH="33"/>
						<String ID="word001466" HPOS="2385" VPOS="3467" WIDTH="30" HEIGHT="37" CONTENT="it" WC="0.78" CC="31"/>
						<SP ID="P6_SP01419" HPOS="2414" VPOS="3506" WIDTH="28"/>
						<String ID="word001467" HPOS="2443" VPOS="3472" WIDTH="93" HEIGHT="33" CONTENT="must" WC="0.94" CC="1100"/>
						<SP ID="P6_SP01420" HPOS="2536" VPOS="3506" WIDTH="15"/>
						<String ID="word001468" HPOS="2551" VPOS="3469" WIDTH="60" HEIGHT="32" CONTENT="'be" WC="0.85" CC="310"/>
						<SP ID="P6_SP01421" HPOS="2611" VPOS="3506" WIDTH="27"/>
						<String ID="word001469" HPOS="2639" VPOS="3478" WIDTH="24" HEIGHT="25" CONTENT="a" WC="1.00" CC="0"/>
						<SP ID="P6_SP01422" HPOS="2662" VPOS="3506" WIDTH="24"/>
						<String ID="word001470" HPOS="2686" VPOS="3467" WIDTH="209" HEIGHT="45" CONTENT="prominent" WC="0.94" CC="001201100"/>
						<SP ID="P6_SP01423" HPOS="2895" VPOS="3511" WIDTH="18"/>
						<String ID="word001471" HPOS="2913" VPOS="3465" WIDTH="128" HEIGHT="46" CONTENT="onket" WC="0.44" CC="08485"/>
						<SP ID="P6_SP01424" HPOS="3040" VPOS="3511" WIDTH="19"/>
						<String ID="word001472" HPOS="3059" VPOS="3468" WIDTH="37" HEIGHT="34" CONTENT="in" WC="1.00" CC="00"/>
						<SP ID="P6_SP01425" HPOS="3096" VPOS="3511" WIDTH="0"/>
					</TextLine>
					<TextLine ID="P6_TL00171" HPOS="1741" VPOS="3513" WIDTH="1359" HEIGHT="45">
						<String ID="word001473" HPOS="1741" VPOS="3514" WIDTH="63" HEIGHT="33" CONTENT="the" WC="0.96" CC="001"/>
						<SP ID="P6_SP01426" HPOS="1804" VPOS="3547" WIDTH="30"/>
						<String ID="word001474" HPOS="1833" VPOS="3513" WIDTH="164" HEIGHT="43" CONTENT="struggle" WC="0.75" CC="00353331"/>
						<SP ID="P6_SP01427" HPOS="1997" VPOS="3555" WIDTH="28"/>
						<String ID="word001475" HPOS="2026" VPOS="3519" WIDTH="39" HEIGHT="28" CONTENT="to" WC="1.00" CC="00"/>
						<SP ID="P6_SP01428" HPOS="2065" VPOS="3555" WIDTH="28"/>
						<String ID="word001476" HPOS="2093" VPOS="3514" WIDTH="151" HEIGHT="44" CONTENT="destroy" WC="0.92" CC="0220010"/>
						<SP ID="P6_SP01429" HPOS="2244" VPOS="3557" WIDTH="31"/>
						<String ID="word001477" HPOS="2275" VPOS="3514" WIDTH="102" HEIGHT="38" CONTENT="their" WC="0.95" CC="01001"/>
						<SP ID="P6_SP01430" HPOS="2376" VPOS="3557" WIDTH="33"/>
						<String ID="word001478" HPOS="2409" VPOS="3526" WIDTH="202" HEIGHT="32" CONTENT="resources," WC="0.88" CC="3311001110"/>
						<SP ID="P6_SP01431" HPOS="2611" VPOS="3557" WIDTH="28"/>
						<String ID="word001479" HPOS="2640" VPOS="3516" WIDTH="70" HEIGHT="35" CONTENT="and" WC="0.96" CC="010"/>
						<SP ID="P6_SP01432" HPOS="2709" VPOS="3557" WIDTH="33"/>
						<String ID="word001480" HPOS="2743" VPOS="3514" WIDTH="357" HEIGHT="40" CONTENT="to..narrow.their" WC="0.63" CC="3353333364523223"/>
						<SP ID="P6_SP01433" HPOS="3099" VPOS="3557" WIDTH="0"/>
					</TextLine>
					<TextLine ID="P6_TL00172" HPOS="1742" VPOS="3560" WIDTH="1354" HEIGHT="48">
						<String ID="word001481" HPOS="1742" VPOS="3570" WIDTH="122" HEIGHT="25" CONTENT="means" WC="0.98" CC="00100"/>
						<SP ID="P6_SP01434" HPOS="1864" VPOS="3595" WIDTH="19"/>
						<String ID="word001482" HPOS="1883" VPOS="3560" WIDTH="45" HEIGHT="35" CONTENT="of" WC="0.94" CC="01"/>
						<SP ID="P6_SP01435" HPOS="1928" VPOS="3595" WIDTH="13"/>
						<String ID="word001483" HPOS="1941" VPOS="3561" WIDTH="162" HEIGHT="44" CONTENT="injuring" WC="0.63" CC="23552343"/>
						<SP ID="P6_SP01436" HPOS="2102" VPOS="3605" WIDTH="20"/>
						<String ID="word001484" HPOS="2122" VPOS="3572" WIDTH="53" HEIGHT="32" CONTENT="us," WC="0.93" CC="020"/>
						<SP ID="P6_SP01437" HPOS="2176" VPOS="3605" WIDTH="18"/>
						<String ID="word001485" HPOS="2193" VPOS="3572" WIDTH="45" HEIGHT="24" CONTENT="or" WC="0.94" CC="10"/>
						<SP ID="P6_SP01438" HPOS="2238" VPOS="3605" WIDTH="17"/>
						<String ID="word001486" HPOS="2255" VPOS="3562" WIDTH="106" HEIGHT="37" CONTENT="those" WC="0.93" CC="00021"/>
						<SP ID="P6_SP01439" HPOS="2361" VPOS="3605" WIDTH="25"/>
						<String ID="word001487" HPOS="2386" VPOS="3563" WIDTH="129" HEIGHT="38" CONTENT="whose" WC="0.56" CC="33365"/>
						<SP ID="P6_SP01440" HPOS="2515" VPOS="3605" WIDTH="14"/>
						<String ID="word001488" HPOS="2529" VPOS="3573" WIDTH="123" HEIGHT="28" CONTENT=",cause" WC="0.78" CC="600060"/>
						<SP ID="P6_SP01441" HPOS="2652" VPOS="3605" WIDTH="28"/>
						<String ID="word001489" HPOS="2680" VPOS="3573" WIDTH="56" HEIGHT="30" CONTENT="we" WC="0.94" CC="01"/>
						<SP ID="P6_SP01442" HPOS="2735" VPOS="3605" WIDTH="25"/>
						<String ID="word001490" HPOS="2760" VPOS="3573" WIDTH="67" HEIGHT="27" CONTENT="are" WC="0.89" CC="300"/>
						<SP ID="P6_SP01443" HPOS="2828" VPOS="3605" WIDTH="25"/>
						<String ID="word001491" HPOS="2852" VPOS="3560" WIDTH="243" HEIGHT="48" CONTENT="supporting." WC="0.90" CC="51103000000"/>
						<SP ID="P6_SP01444" HPOS="3096" VPOS="3608" WIDTH="0"/>
					</TextLine>
					<TextLine ID="P6_TL00173" HPOS="1740" VPOS="3609" WIDTH="1360" HEIGHT="43">
						<String ID="word001492" HPOS="1740" VPOS="3609" WIDTH="96" HEIGHT="33" CONTENT="This" WC="0.78" CC="3311"/>
						<SP ID="P6_SP01445" HPOS="1835" VPOS="3643" WIDTH="15"/>
						<String ID="word001493" HPOS="1851" VPOS="3619" WIDTH="116" HEIGHT="25" CONTENT="seems" WC="0.84" CC="11113"/>
						<SP ID="P6_SP01446" HPOS="1967" VPOS="3644" WIDTH="15"/>
						<String ID="word001494" HPOS="1982" VPOS="3615" WIDTH="39" HEIGHT="27" CONTENT="to" WC="0.89" CC="11"/>
						<SP ID="P6_SP01447" HPOS="2021" VPOS="3644" WIDTH="25"/>
						<String ID="word001495" HPOS="2046" VPOS="3609" WIDTH="97" HEIGHT="33" CONTENT="have" WC="0.97" CC="0001"/>
						<SP ID="P6_SP01448" HPOS="2143" VPOS="3644" WIDTH="28"/>
						<String ID="word001496" HPOS="2171" VPOS="3609" WIDTH="91" HEIGHT="40" CONTENT="been" WC="0.92" CC="3000"/>
						<SP ID="P6_SP01449" HPOS="2262" VPOS="3650" WIDTH="24"/>
						<String ID="word001497" HPOS="2285" VPOS="3620" WIDTH="40" HEIGHT="25" CONTENT="so" WC="0.94" CC="10"/>
						<SP ID="P6_SP01450" HPOS="2326" VPOS="3650" WIDTH="30"/>
						<String ID="word001498" HPOS="2355" VPOS="3611" WIDTH="100" HEIGHT="38" CONTENT="little" WC="0.94" CC="200010"/>
						<SP ID="P6_SP01451" HPOS="2456" VPOS="3650" WIDTH="15"/>
						<String ID="word001499" HPOS="2471" VPOS="3611" WIDTH="213" HEIGHT="37" CONTENT="considered" WC="0.94" CC="0301100000"/>
						<SP ID="P6_SP01452" HPOS="2683" VPOS="3650" WIDTH="27"/>
						<String ID="word001500" HPOS="2711" VPOS="3612" WIDTH="38" HEIGHT="35" CONTENT="in" WC="0.78" CC="13"/>
						<SP ID="P6_SP01453" HPOS="2748" VPOS="3650" WIDTH="20"/>
						<String ID="word001501" HPOS="2769" VPOS="3611" WIDTH="63" HEIGHT="40" CONTENT="the" WC="0.96" CC="100"/>
						<SP ID="P6_SP01454" HPOS="2831" VPOS="3651" WIDTH="17"/>
						<String ID="word001502" HPOS="2848" VPOS="3611" WIDTH="252" HEIGHT="41" CONTENT="Convention," WC="1.00" CC="00000000000"/>
						<SP ID="P6_SP01455" HPOS="3099" VPOS="3652" WIDTH="0"/>
					</TextLine>
					<TextLine ID="P6_TL00174" HPOS="1742" VPOS="3656" WIDTH="1360" HEIGHT="53">
						<String ID="word001503" HPOS="1742" VPOS="3656" WIDTH="80" HEIGHT="35" CONTENT="that" WC="1.00" CC="0000"/>
						<SP ID="P6_SP01456" HPOS="1822" VPOS="3691" WIDTH="18"/>
						<String ID="word001504" HPOS="1840" VPOS="3658" WIDTH="64" HEIGHT="33" CONTENT="the" WC="1.00" CC="000"/>
						<SP ID="P6_SP01457" HPOS="1904" VPOS="3691" WIDTH="17"/>
						<String ID="word001505" HPOS="1920" VPOS="3663" WIDTH="111" HEIGHT="28" CONTENT="terms" WC="0.93" CC="00030"/>
						<SP ID="P6_SP01458" HPOS="2031" VPOS="3691" WIDTH="17"/>
						<String ID="word001506" HPOS="2048" VPOS="3667" WIDTH="149" HEIGHT="34" CONTENT="appear" WC="0.87" CC="110311"/>
						<SP ID="P6_SP01459" HPOS="2197" VPOS="3702" WIDTH="24"/>
						<String ID="word001507" HPOS="2220" VPOS="3664" WIDTH="39" HEIGHT="28" CONTENT="to" WC="1.00" CC="00"/>
						<SP ID="P6_SP01460" HPOS="2259" VPOS="3702" WIDTH="31"/>
						<String ID="word001508" HPOS="2290" VPOS="3658" WIDTH="94" HEIGHT="40" CONTENT="have" WC="1.00" CC="0000"/>
						<SP ID="P6_SP01461" HPOS="2385" VPOS="3702" WIDTH="27"/>
						<String ID="word001509" HPOS="2412" VPOS="3658" WIDTH="214" HEIGHT="40" CONTENT="extricated" WC="0.71" CC="0322345340"/>
						<SP ID="P6_SP01462" HPOS="2626" VPOS="3702" WIDTH="30"/>
						<String ID="word001510" HPOS="2655" VPOS="3657" WIDTH="152" HEIGHT="40" CONTENT="Junot's" WC="0.87" CC="0000044"/>
						<SP ID="P6_SP01463" HPOS="2807" VPOS="3702" WIDTH="24"/>
						<String ID="word001511" HPOS="2831" VPOS="3669" WIDTH="104" HEIGHT="40" CONTENT="army" WC="0.97" CC="0001"/>
						<SP ID="P6_SP01464" HPOS="2935" VPOS="3709" WIDTH="22"/>
						<String ID="word001512" HPOS="2957" VPOS="3658" WIDTH="97" HEIGHT="37" CONTENT="from" WC="0.78" CC="0107"/>
						<SP ID="P6_SP01465" HPOS="3054" VPOS="3709" WIDTH="19"/>
						<String ID="word001513" HPOS="3073" VPOS="3670" WIDTH="28" HEIGHT="25" CONTENT="a" WC="1.00" CC="0"/>
						<SP ID="P6_SP01466" HPOS="3102" VPOS="3709" WIDTH="0"/>
					</TextLine>
					<TextLine ID="P6_TL00175" HPOS="1739" VPOS="3704" WIDTH="1362" HEIGHT="48">
						<String ID="word001514" HPOS="1739" VPOS="3705" WIDTH="181" HEIGHT="35" CONTENT="situation" WC="0.96" CC="000110100"/>
						<SP ID="P6_SP01467" HPOS="1919" VPOS="3741" WIDTH="18"/>
						<String ID="word001515" HPOS="1937" VPOS="3704" WIDTH="45" HEIGHT="34" CONTENT="of" WC="0.67" CC="51"/>
						<SP ID="P6_SP01468" HPOS="1982" VPOS="3741" WIDTH="15"/>
						<String ID="word001516" HPOS="1997" VPOS="3705" WIDTH="143" HEIGHT="34" CONTENT="infinite" WC="0.92" CC="00330000"/>
						<SP ID="P6_SP01469" HPOS="2140" VPOS="3741" WIDTH="15"/>
						<String ID="word001517" HPOS="2156" VPOS="3705" WIDTH="162" HEIGHT="47" CONTENT="distress," WC="0.90" CC="001001114"/>
						<SP ID="P6_SP01470" HPOS="2317" VPOS="3752" WIDTH="20"/>
						<String ID="word001518" HPOS="2337" VPOS="3707" WIDTH="34" HEIGHT="33" CONTENT="in" WC="1.00" CC="00"/>
						<SP ID="P6_SP01471" HPOS="2372" VPOS="3752" WIDTH="20"/>
						<String ID="word001519" HPOS="2392" VPOS="3707" WIDTH="125" HEIGHT="39" CONTENT="which" WC="0.71" CC="32206"/>
						<SP ID="P6_SP01472" HPOS="2517" VPOS="3752" WIDTH="21"/>
						<String ID="word001520" HPOS="2538" VPOS="3707" WIDTH="27" HEIGHT="34" CONTENT="it" WC="1.00" CC="00"/>
						<SP ID="P6_SP01473" HPOS="2565" VPOS="3752" WIDTH="22"/>
						<String ID="word001521" HPOS="2588" VPOS="3718" WIDTH="77" HEIGHT="25" CONTENT="was" WC="0.96" CC="010"/>
						<SP ID="P6_SP01474" HPOS="2665" VPOS="3752" WIDTH="19"/>
						<String ID="word001522" HPOS="2683" VPOS="3707" WIDTH="144" HEIGHT="44" CONTENT="wholly" WC="0.89" CC="103110"/>
						<SP ID="P6_SP01475" HPOS="2828" VPOS="3752" WIDTH="18"/>
						<String ID="word001523" HPOS="2845" VPOS="3713" WIDTH="69" HEIGHT="33" CONTENT="out," WC="0.97" CC="0010"/>
						<SP ID="P6_SP01476" HPOS="2914" VPOS="3752" WIDTH="15"/>
						<String ID="word001524" HPOS="2929" VPOS="3706" WIDTH="44" HEIGHT="37" CONTENT="of" WC="1.00" CC="00"/>
						<SP ID="P6_SP01477" HPOS="2973" VPOS="3752" WIDTH="15"/>
						<String ID="word001525" HPOS="2988" VPOS="3707" WIDTH="112" HEIGHT="45" CONTENT="play," WC="0.98" CC="00001"/>
						<SP ID="P6_SP01478" HPOS="3100" VPOS="3752" WIDTH="0"/>
					</TextLine>
					<TextLine ID="P6_TL00176" HPOS="1741" VPOS="3752" WIDTH="1360" HEIGHT="49">
						<String ID="word001526" HPOS="1741" VPOS="3754" WIDTH="70" HEIGHT="34" CONTENT="and" WC="0.96" CC="010"/>
						<SP ID="P6_SP01479" HPOS="1811" VPOS="3788" WIDTH="24"/>
						<String ID="word001527" HPOS="1834" VPOS="3759" WIDTH="38" HEIGHT="27" CONTENT="to" WC="1.00" CC="00"/>
						<SP ID="P6_SP01480" HPOS="1872" VPOS="3788" WIDTH="19"/>
						<String ID="word001528" HPOS="1891" VPOS="3752" WIDTH="94" HEIGHT="35" CONTENT="have" WC="0.94" CC="0101"/>
						<SP ID="P6_SP01481" HPOS="1985" VPOS="3788" WIDTH="18"/>
						<String ID="word001529" HPOS="2003" VPOS="3754" WIDTH="165" HEIGHT="45" CONTENT="brought" WC="0.94" CC="3000100"/>
						<SP ID="P6_SP01482" HPOS="2169" VPOS="3798" WIDTH="19"/>
						<String ID="word001530" HPOS="2187" VPOS="3752" WIDTH="30" HEIGHT="34" CONTENT="it" WC="0.94" CC="10"/>
						<SP ID="P6_SP01483" HPOS="2217" VPOS="3798" WIDTH="18"/>
						<String ID="word001531" HPOS="2235" VPOS="3754" WIDTH="34" HEIGHT="34" CONTENT="in" WC="1.00" CC="00"/>
						<SP ID="P6_SP01484" HPOS="2269" VPOS="3798" WIDTH="20"/>
						<String ID="word001532" HPOS="2289" VPOS="3764" WIDTH="24" HEIGHT="24" CONTENT="a" WC="1.00" CC="0"/>
						<SP ID="P6_SP01485" HPOS="2313" VPOS="3798" WIDTH="17"/>
						<String ID="word001533" HPOS="2329" VPOS="3759" WIDTH="96" HEIGHT="28" CONTENT="state" WC="0.95" CC="01100"/>
						<SP ID="P6_SP01486" HPOS="2425" VPOS="3798" WIDTH="20"/>
						<String ID="word001534" HPOS="2445" VPOS="3755" WIDTH="45" HEIGHT="35" CONTENT="of" WC="1.00" CC="00"/>
						<SP ID="P6_SP01487" HPOS="2490" VPOS="3798" WIDTH="22"/>
						<String ID="word001535" HPOS="2512" VPOS="3756" WIDTH="120" HEIGHT="33" CONTENT="entire" WC="1.00" CC="000000"/>
						<SP ID="P6_SP01488" HPOS="2633" VPOS="3798" WIDTH="25"/>
						<String ID="word001536" HPOS="2657" VPOS="3756" WIDTH="235" HEIGHT="45" CONTENT="equipmettt," WC="0.57" CC="33533535534"/>
						<SP ID="P6_SP01489" HPOS="2893" VPOS="3801" WIDTH="26"/>
						<String ID="word001537" HPOS="2919" VPOS="3754" WIDTH="78" HEIGHT="34" CONTENT="into" WC="0.94" CC="1100"/>
						<SP ID="P6_SP01490" HPOS="2996" VPOS="3801" WIDTH="33"/>
						<String ID="word001538" HPOS="3030" VPOS="3756" WIDTH="47" HEIGHT="33" CONTENT="im" SUBS_TYPE="HypPart1" SUBS_CONTENT="immediate" WC="0.89" CC="01"/>
						<HYP HPOS="3077" VPOS="3756" WIDTH="24" CONTENT="-"/>
					</TextLine>
					<TextLine ID="P6_TL00177" HPOS="1742" VPOS="3802" WIDTH="1360" HEIGHT="44">
						<String ID="word001539" HPOS="1742" VPOS="3802" WIDTH="164" HEIGHT="38" CONTENT="mediate" SUBS_TYPE="HypPart2" SUBS_CONTENT="immediate" WC="0.78" CC="3022610"/>
						<SP ID="P6_SP01491" HPOS="1906" VPOS="3840" WIDTH="13"/>
						<String ID="word001540" HPOS="1919" VPOS="3811" WIDTH="198" HEIGHT="33" CONTENT="currency," WC="0.99" CC="000001000"/>
						<SP ID="P6_SP01492" HPOS="2118" VPOS="3844" WIDTH="19"/>
						<String ID="word001541" HPOS="2137" VPOS="3802" WIDTH="37" HEIGHT="34" CONTENT="in" WC="1.00" CC="00"/>
						<SP ID="P6_SP01493" HPOS="2173" VPOS="3844" WIDTH="17"/>
						<String ID="word001542" HPOS="2190" VPOS="3811" WIDTH="25" HEIGHT="24" CONTENT="a" WC="1.00" CC="0"/>
						<SP ID="P6_SP01494" HPOS="2215" VPOS="3844" WIDTH="14"/>
						<String ID="word001543" HPOS="2229" VPOS="3808" WIDTH="156" HEIGHT="38" CONTENT="quarter" WC="1.00" CC="0000000"/>
						<SP ID="P6_SP01495" HPOS="2385" VPOS="3846" WIDTH="19"/>
						<String ID="word001544" HPOS="2404" VPOS="3808" WIDTH="80" HEIGHT="37" CONTENT="too," WC="0.81" CC="1411"/>
						<SP ID="P6_SP01496" HPOS="2484" VPOS="3846" WIDTH="18"/>
						<String ID="word001545" HPOS="2502" VPOS="3803" WIDTH="125" HEIGHT="39" CONTENT="where" WC="0.93" CC="02100"/>
						<SP ID="P6_SP01497" HPOS="2627" VPOS="3846" WIDTH="19"/>
						<String ID="word001546" HPOS="2646" VPOS="3803" WIDTH="30" HEIGHT="35" CONTENT="it" WC="1.00" CC="00"/>
						<SP ID="P6_SP01498" HPOS="2675" VPOS="3846" WIDTH="12"/>
						<String ID="word001547" HPOS="2687" VPOS="3810" WIDTH="99" HEIGHT="27" CONTENT="must" WC="0.78" CC="3131"/>
						<SP ID="P6_SP01499" HPOS="2786" VPOS="3846" WIDTH="19"/>
						<String ID="word001548" HPOS="2805" VPOS="3802" WIDTH="178" HEIGHT="39" CONTENT="interfere" WC="0.77" CC="115301404"/>
						<SP ID="P6_SP01500" HPOS="2983" VPOS="3846" WIDTH="20"/>
						<String ID="word001549" HPOS="3004" VPOS="3802" WIDTH="98" HEIGHT="38" CONTENT="with" WC="1.00" CC="0000"/>
						<SP ID="P6_SP01501" HPOS="3102" VPOS="3846" WIDTH="0"/>
					</TextLine>
					<TextLine ID="P6_TL00178" HPOS="1741" VPOS="3849" WIDTH="935" HEIGHT="46">
						<String ID="word001550" HPOS="1741" VPOS="3860" WIDTH="72" HEIGHT="24" CONTENT="our" WC="0.96" CC="100"/>
						<SP ID="P6_SP01502" HPOS="1813" VPOS="3883" WIDTH="17"/>
						<String ID="word001551" HPOS="1830" VPOS="3856" WIDTH="91" HEIGHT="27" CONTENT="most" WC="0.97" CC="0010"/>
						<SP ID="P6_SP01503" HPOS="1920" VPOS="3883" WIDTH="20"/>
						<String ID="word001552" HPOS="1941" VPOS="3856" WIDTH="130" HEIGHT="38" CONTENT="urgent" WC="0.94" CC="001200"/>
						<SP ID="P6_SP01504" HPOS="2070" VPOS="3894" WIDTH="17"/>
						<String ID="word001553" HPOS="2087" VPOS="3849" WIDTH="72" HEIGHT="41" CONTENT="and" WC="0.93" CC="110"/>
						<SP ID="P6_SP01505" HPOS="2159" VPOS="3894" WIDTH="19"/>
						<String ID="word001554" HPOS="2178" VPOS="3849" WIDTH="215" HEIGHT="46" CONTENT="interesting" WC="0.85" CC="00300012333"/>
						<SP ID="P6_SP01506" HPOS="2393" VPOS="3895" WIDTH="14"/>
						<String ID="word001555" HPOS="2407" VPOS="3861" WIDTH="193" HEIGHT="30" CONTENT="concerns." WC="0.97" CC="000100100"/>
						<SP ID="P6_SP01507" HPOS="2600" VPOS="3895" WIDTH="71"/>
						<String ID="word001556" HPOS="2670" VPOS="3876" WIDTH="6" HEIGHT="5" CONTENT="•" WC="0.22" CC="7"/>
						<SP ID="P6_SP01508" HPOS="2676" VPOS="3895" WIDTH="0"/>
					</TextLine>
					<TextLine ID="P6_TL00179" HPOS="1792" VPOS="3896" WIDTH="1311" HEIGHT="49">
						<String ID="word001557" HPOS="1792" VPOS="3896" WIDTH="87" HEIGHT="40" CONTENT="Had" WC="0.63" CC="613"/>
						<SP ID="P6_SP01509" HPOS="1879" VPOS="3937" WIDTH="22"/>
						<String ID="word001558" HPOS="1902" VPOS="3898" WIDTH="28" HEIGHT="39" CONTENT="it" WC="1.00" CC="00"/>
						<SP ID="P6_SP01510" HPOS="1930" VPOS="3937" WIDTH="17"/>
						<String ID="word001559" HPOS="1946" VPOS="3898" WIDTH="93" HEIGHT="38" CONTENT="been" WC="0.97" CC="0010"/>
						<SP ID="P6_SP01511" HPOS="2040" VPOS="3937" WIDTH="19"/>
						<String ID="word001560" HPOS="2059" VPOS="3898" WIDTH="293" HEIGHT="45" CONTENT="impracticable" WC="0.79" CC="1410403050051"/>
						<SP ID="P6_SP01512" HPOS="2352" VPOS="3943" WIDTH="19"/>
						<String ID="word001561" HPOS="2370" VPOS="3899" WIDTH="188" HEIGHT="39" CONTENT="to:reduce" WC="0.80" CC="115114111"/>
						<SP ID="P6_SP01513" HPOS="2558" VPOS="3943" WIDTH="31"/>
						<String ID="word001562" HPOS="2589" VPOS="3898" WIDTH="65" HEIGHT="37" CONTENT="the" WC="0.96" CC="010"/>
						<SP ID="P6_SP01514" HPOS="2654" VPOS="3943" WIDTH="32"/>
						<String ID="word001563" HPOS="2686" VPOS="3898" WIDTH="145" HEIGHT="37" CONTENT="French" WC="1.00" CC="000000"/>
						<SP ID="P6_SP01515" HPOS="2831" VPOS="3943" WIDTH="20"/>
						<String ID="word001564" HPOS="2851" VPOS="3908" WIDTH="106" HEIGHT="37" CONTENT="army" WC="1.00" CC="0000"/>
						<SP ID="P6_SP01516" HPOS="2957" VPOS="3945" WIDTH="20"/>
						<String ID="word001565" HPOS="2978" VPOS="3904" WIDTH="39" HEIGHT="34" CONTENT="to" WC="1.00" CC="00"/>
						<SP ID="P6_SP01517" HPOS="3017" VPOS="3945" WIDTH="19"/>
						<String ID="word001566" HPOS="3035" VPOS="3901" WIDTH="67" HEIGHT="43" CONTENT="lay" WC="0.96" CC="010"/>
						<SP ID="P6_SP01518" HPOS="3103" VPOS="3945" WIDTH="0"/>
					</TextLine>
					<TextLine ID="P6_TL00180" HPOS="1741" VPOS="3945" WIDTH="1365" HEIGHT="47">
						<String ID="word001567" HPOS="1741" VPOS="3945" WIDTH="111" HEIGHT="37" CONTENT="down" WC="0.89" CC="0103"/>
						<SP ID="P6_SP01519" HPOS="1852" VPOS="3981" WIDTH="19"/>
						<String ID="word001568" HPOS="1871" VPOS="3946" WIDTH="46" HEIGHT="33" CONTENT="its" WC="1.00" CC="000"/>
						<SP ID="P6_SP01520" HPOS="1917" VPOS="3981" WIDTH="17"/>
						<String ID="word001569" HPOS="1933" VPOS="3956" WIDTH="97" HEIGHT="26" CONTENT="arms" WC="0.92" CC="0030"/>
						<SP ID="P6_SP01521" HPOS="2030" VPOS="3981" WIDTH="28"/>
						<String ID="word001570" HPOS="2059" VPOS="3945" WIDTH="340" HEIGHT="45" CONTENT="unconditionally," WC="0.69" CC="5707101101434604"/>
						<SP ID="P6_SP01522" HPOS="2399" VPOS="3990" WIDTH="28"/>
						<String ID="word001571" HPOS="2427" VPOS="3947" WIDTH="78" HEIGHT="34" CONTENT="still" WC="0.93" CC="20001"/>
						<SP ID="P6_SP01523" HPOS="2505" VPOS="3990" WIDTH="30"/>
						<String ID="word001572" HPOS="2535" VPOS="3958" WIDTH="47" HEIGHT="24" CONTENT="an" WC="0.94" CC="10"/>
						<SP ID="P6_SP01524" HPOS="2582" VPOS="3990" WIDTH="32"/>
						<String ID="word001573" HPOS="2614" VPOS="3948" WIDTH="214" HEIGHT="44" CONTENT="obligation" WC="0.77" CC="5140113114"/>
						<SP ID="P6_SP01525" HPOS="2828" VPOS="3992" WIDTH="27"/>
						<String ID="word001574" HPOS="2855" VPOS="3954" WIDTH="65" HEIGHT="27" CONTENT="not" WC="0.89" CC="120"/>
						<SP ID="P6_SP01526" HPOS="2920" VPOS="3992" WIDTH="18"/>
						<String ID="word001575" HPOS="2937" VPOS="3954" WIDTH="40" HEIGHT="28" CONTENT="to" WC="0.39" CC="47"/>
						<SP ID="P6_SP01527" HPOS="2978" VPOS="3992" WIDTH="18"/>
						<String ID="word001576" HPOS="2995" VPOS="3958" WIDTH="111" HEIGHT="24" CONTENT="servo" WC="0.95" CC="00002"/>
						<SP ID="P6_SP01528" HPOS="3106" VPOS="3992" WIDTH="0"/>
					</TextLine>
					<TextLine ID="P6_TL00181" HPOS="1743" VPOS="3993" WIDTH="1362" HEIGHT="48">
						<String ID="word001577" HPOS="1743" VPOS="3993" WIDTH="58" HEIGHT="34" CONTENT="for" WC="0.93" CC="020"/>
						<SP ID="P6_SP01529" HPOS="1801" VPOS="4028" WIDTH="18"/>
						<String ID="word001578" HPOS="1819" VPOS="4006" WIDTH="22" HEIGHT="25" CONTENT="a" WC="0.78" CC="2"/>
						<SP ID="P6_SP01530" HPOS="1841" VPOS="4031" WIDTH="19"/>
						<String ID="word001579" HPOS="1860" VPOS="3994" WIDTH="174" HEIGHT="46" CONTENT="specified" WC="0.68" CC="130327712"/>
						<SP ID="P6_SP01531" HPOS="2034" VPOS="4041" WIDTH="19"/>
						<String ID="word001580" HPOS="2053" VPOS="3996" WIDTH="109" HEIGHT="38" CONTENT="time," WC="0.95" CC="00200"/>
						<SP ID="P6_SP01532" HPOS="2161" VPOS="4041" WIDTH="19"/>
						<String ID="word001581" HPOS="2180" VPOS="3994" WIDTH="117" HEIGHT="41" CONTENT="might" WC="0.80" CC="11520"/>
						<SP ID="P6_SP01533" HPOS="2297" VPOS="4041" WIDTH="19"/>
						<String ID="word001582" HPOS="2316" VPOS="3994" WIDTH="94" HEIGHT="33" CONTENT="have" WC="0.92" CC="0021"/>
						<SP ID="P6_SP01534" HPOS="2411" VPOS="4041" WIDTH="27"/>
						<String ID="word001583" HPOS="2438" VPOS="3996" WIDTH="90" HEIGHT="32" CONTENT="sateen" WC="0.63" CC="666101"/>
						<SP ID="P6_SP01535" HPOS="2528" VPOS="4041" WIDTH="20"/>
						<String ID="word001584" HPOS="2548" VPOS="3994" WIDTH="149" HEIGHT="39" CONTENT="insisted" WC="0.83" CC="03110133"/>
						<SP ID="P6_SP01536" HPOS="2696" VPOS="4041" WIDTH="30"/>
						<String ID="word001585" HPOS="2726" VPOS="4007" WIDTH="100" HEIGHT="33" CONTENT="upon" WC="0.69" CC="2522"/>
						<SP ID="P6_SP01537" HPOS="2826" VPOS="4041" WIDTH="14"/>
						<String ID="word001586" HPOS="2841" VPOS="4007" WIDTH="12" HEIGHT="26" CONTENT=";" WC="1.00" CC="0"/>
						<SP ID="P6_SP01538" HPOS="2852" VPOS="4041" WIDTH="27"/>
						<String ID="word001587" HPOS="2880" VPOS="4006" WIDTH="44" HEIGHT="22" CONTENT="or" WC="1.00" CC="00"/>
						<SP ID="P6_SP01539" HPOS="2923" VPOS="4041" WIDTH="21"/>
						<String ID="word001588" HPOS="2944" VPOS="3994" WIDTH="161" HEIGHT="37" CONTENT="Ilellisle" WC="0.48" CC="555555534"/>
						<SP ID="P6_SP01540" HPOS="3105" VPOS="4041" WIDTH="0"/>
					</TextLine>
					<TextLine ID="P6_TL00182" HPOS="1742" VPOS="4041" WIDTH="1366" HEIGHT="46">
						<String ID="word001589" HPOS="1742" VPOS="4042" WIDTH="116" HEIGHT="44" CONTENT="might" WC="0.95" CC="10100"/>
						<SP ID="P6_SP01541" HPOS="1858" VPOS="4085" WIDTH="19"/>
						<String ID="word001590" HPOS="1877" VPOS="4042" WIDTH="96" HEIGHT="35" CONTENT="have" WC="0.86" CC="3200"/>
						<SP ID="P6_SP01542" HPOS="1972" VPOS="4085" WIDTH="18"/>
						<String ID="word001591" HPOS="1990" VPOS="4042" WIDTH="90" HEIGHT="37" CONTENT="been" WC="0.97" CC="0010"/>
						<SP ID="P6_SP01543" HPOS="2080" VPOS="4085" WIDTH="21"/>
						<String ID="word001592" HPOS="2101" VPOS="4041" WIDTH="215" HEIGHT="45" CONTENT="prescribed" WC="0.98" CC="0011000000"/>
						<SP ID="P6_SP01544" HPOS="2316" VPOS="4085" WIDTH="15"/>
						<String ID="word001593" HPOS="2331" VPOS="4052" WIDTH="40" HEIGHT="25" CONTENT="as" WC="0.83" CC="12"/>
						<SP ID="P6_SP01545" HPOS="2372" VPOS="4085" WIDTH="19"/>
						<String ID="word001594" HPOS="2391" VPOS="4042" WIDTH="65" HEIGHT="35" CONTENT="the" WC="0.89" CC="030"/>
						<SP ID="P6_SP01546" HPOS="2456" VPOS="4085" WIDTH="19"/>
						<String ID="word001595" HPOS="2474" VPOS="4044" WIDTH="105" HEIGHT="43" CONTENT="place" WC="0.98" CC="01000"/>
						<SP ID="P6_SP01547" HPOS="2580" VPOS="4087" WIDTH="18"/>
						<String ID="word001596" HPOS="2597" VPOS="4050" WIDTH="41" HEIGHT="27" CONTENT="at" WC="0.94" CC="10"/>
						<SP ID="P6_SP01548" HPOS="2639" VPOS="4087" WIDTH="20"/>
						<String ID="word001597" HPOS="2659" VPOS="4041" WIDTH="122" HEIGHT="39" CONTENT="which" WC="0.80" CC="10044"/>
						<SP ID="P6_SP01549" HPOS="2780" VPOS="4087" WIDTH="21"/>
						<String ID="word001598" HPOS="2802" VPOS="4043" WIDTH="91" HEIGHT="44" CONTENT="they" WC="1.00" CC="0000"/>
						<SP ID="P6_SP01550" HPOS="2893" VPOS="4087" WIDTH="18"/>
						<String ID="word001599" HPOS="2910" VPOS="4043" WIDTH="132" HEIGHT="35" CONTENT="should" WC="0.59" CC="713353"/>
						<SP ID="P6_SP01551" HPOS="3043" VPOS="4087" WIDTH="14"/>
						<String ID="word001600" HPOS="3057" VPOS="4045" WIDTH="51" HEIGHT="34" CONTENT="be" WC="1.00" CC="00"/>
						<SP ID="P6_SP01552" HPOS="3107" VPOS="4087" WIDTH="0"/>
					</TextLine>
					<TextLine ID="P6_TL00183" HPOS="1741" VPOS="4089" WIDTH="1371" HEIGHT="49">
						<String ID="word001601" HPOS="1741" VPOS="4089" WIDTH="150" HEIGHT="43" CONTENT="landed," WC="0.94" CC="0310000"/>
						<SP ID="P6_SP01553" HPOS="1891" VPOS="4131" WIDTH="17"/>
						<String ID="word001602" HPOS="1907" VPOS="4090" WIDTH="33" HEIGHT="33" CONTENT="in" WC="0.94" CC="01"/>
						<SP ID="P6_SP01554" HPOS="1941" VPOS="4131" WIDTH="19"/>
						<String ID="word001603" HPOS="1959" VPOS="4090" WIDTH="112" HEIGHT="35" CONTENT="order" WC="1.00" CC="00000"/>
						<SP ID="P6_SP01555" HPOS="2072" VPOS="4131" WIDTH="12"/>
						<String ID="word001604" HPOS="2083" VPOS="4096" WIDTH="39" HEIGHT="30" CONTENT="to" WC="1.00" CC="00"/>
						<SP ID="P6_SP01556" HPOS="2122" VPOS="4131" WIDTH="21"/>
						<String ID="word001605" HPOS="2144" VPOS="4098" WIDTH="155" HEIGHT="35" CONTENT="prevent" WC="0.78" CC="3006113"/>
						<SP ID="P6_SP01557" HPOS="2298" VPOS="4134" WIDTH="19"/>
						<String ID="word001606" HPOS="2317" VPOS="4090" WIDTH="64" HEIGHT="34" CONTENT="the" WC="1.00" CC="000"/>
						<SP ID="P6_SP01558" HPOS="2381" VPOS="4134" WIDTH="15"/>
						<String ID="word001607" HPOS="2396" VPOS="4091" WIDTH="217" HEIGHT="45" CONTENT="possibility" WC="0.82" CC="22431111111"/>
						<SP ID="P6_SP01559" HPOS="2614" VPOS="4136" WIDTH="15"/>
						<String ID="word001608" HPOS="2629" VPOS="4093" WIDTH="45" HEIGHT="32" CONTENT="of" WC="0.61" CC="52"/>
						<SP ID="P6_SP01560" HPOS="2674" VPOS="4136" WIDTH="13"/>
						<String ID="word001609" HPOS="2687" VPOS="4093" WIDTH="99" HEIGHT="37" CONTENT="their" WC="0.76" CC="14132"/>
						<SP ID="P6_SP01561" HPOS="2786" VPOS="4136" WIDTH="11"/>
						<String ID="word001610" HPOS="2797" VPOS="4093" WIDTH="226" HEIGHT="45" CONTENT="reitrtbrcing" WC="0.55" CC="333555733543"/>
						<SP ID="P6_SP01562" HPOS="3022" VPOS="4137" WIDTH="20"/>
						<String ID="word001611" HPOS="3043" VPOS="4093" WIDTH="69" HEIGHT="44" CONTENT="(at" WC="0.81" CC="014"/>
						<SP ID="P6_SP01563" HPOS="3111" VPOS="4137" WIDTH="0"/>
					</TextLine>
					<TextLine ID="P6_TL00184" HPOS="1743" VPOS="4137" WIDTH="1369" HEIGHT="48">
						<String ID="word001612" HPOS="1743" VPOS="4139" WIDTH="92" HEIGHT="33" CONTENT="least" WC="0.93" CC="03000"/>
						<SP ID="P6_SP01564" HPOS="1835" VPOS="4172" WIDTH="20"/>
						<String ID="word001613" HPOS="1856" VPOS="4137" WIDTH="60" HEIGHT="38" CONTENT="for" WC="0.96" CC="100"/>
						<SP ID="P6_SP01565" HPOS="1916" VPOS="4175" WIDTH="12"/>
						<String ID="word001614" HPOS="1928" VPOS="4147" WIDTH="24" HEIGHT="24" CONTENT="a" WC="1.00" CC="0"/>
						<SP ID="P6_SP01566" HPOS="1951" VPOS="4175" WIDTH="18"/>
						<String ID="word001615" HPOS="1969" VPOS="4139" WIDTH="87" HEIGHT="43" CONTENT="long" WC="0.94" CC="0110"/>
						<SP ID="P6_SP01567" HPOS="2056" VPOS="4181" WIDTH="18"/>
						<String ID="word001616" HPOS="2074" VPOS="4137" WIDTH="112" HEIGHT="43" CONTENT="time)" WC="0.98" CC="00100"/>
						<SP ID="P6_SP01568" HPOS="2186" VPOS="4181" WIDTH="19"/>
						<String ID="word001617" HPOS="2205" VPOS="4137" WIDTH="61" HEIGHT="33" CONTENT="the" WC="1.00" CC="000"/>
						<SP ID="P6_SP01569" HPOS="2267" VPOS="4181" WIDTH="15"/>
						<String ID="word001618" HPOS="2282" VPOS="4139" WIDTH="142" HEIGHT="33" CONTENT="armie*" WC="0.50" CC="335448"/>
						<SP ID="P6_SP01570" HPOS="2424" VPOS="4181" WIDTH="12"/>
						<String ID="word001619" HPOS="2435" VPOS="4149" WIDTH="58" HEIGHT="21" CONTENT="cm" WC="0.50" CC="72"/>
						<SP ID="P6_SP01571" HPOS="2493" VPOS="4181" WIDTH="9"/>
						<String ID="word001620" HPOS="2503" VPOS="4139" WIDTH="139" HEIGHT="45" CONTENT="ployed" WC="0.48" CC="366373"/>
						<SP ID="P6_SP01572" HPOS="2642" VPOS="4183" WIDTH="13"/>
						<String ID="word001621" HPOS="2655" VPOS="4139" WIDTH="60" HEIGHT="34" CONTENT="for" WC="0.96" CC="010"/>
						<SP ID="P6_SP01573" HPOS="2715" VPOS="4183" WIDTH="12"/>
						<String ID="word001622" HPOS="2727" VPOS="4139" WIDTH="64" HEIGHT="34" CONTENT="the" WC="1.00" CC="000"/>
						<SP ID="P6_SP01574" HPOS="2791" VPOS="4183" WIDTH="13"/>
						<String ID="word001623" HPOS="2804" VPOS="4139" WIDTH="242" HEIGHT="46" CONTENT="subjugation" WC="0.75" CC="24732223000"/>
						<SP ID="P6_SP01575" HPOS="3046" VPOS="4185" WIDTH="18"/>
						<String ID="word001624" HPOS="3064" VPOS="4139" WIDTH="48" HEIGHT="37" CONTENT="of" WC="0.94" CC="01"/>
						<SP ID="P6_SP01576" HPOS="3112" VPOS="4185" WIDTH="0"/>
					</TextLine>
					<TextLine ID="P6_TL00185" HPOS="1743" VPOS="4183" WIDTH="1373" HEIGHT="53">
						<String ID="word001625" HPOS="1743" VPOS="4186" WIDTH="130" HEIGHT="46" CONTENT="Spain." WC="0.72" CC="231333"/>
						<SP ID="P6_SP01577" HPOS="1873" VPOS="4232" WIDTH="17"/>
						<String ID="word001626" HPOS="1890" VPOS="4213" WIDTH="6" HEIGHT="7" CONTENT="•" WC="0.33" CC="6"/>
						<SP ID="P6_SP01578" HPOS="1896" VPOS="4232" WIDTH="32"/>
						<String ID="word001627" HPOS="1928" VPOS="4185" WIDTH="172" HEIGHT="51" CONTENT="Verhars" WC="0.43" CC="5635584"/>
						<SP ID="P6_SP01579" HPOS="2100" VPOS="4235" WIDTH="15"/>
						<String ID="word001628" HPOS="2115" VPOS="4196" WIDTH="26" HEIGHT="28" CONTENT="a" WC="0.67" CC="3"/>
						<SP ID="P6_SP01580" HPOS="2141" VPOS="4235" WIDTH="11"/>
						<String ID="word001629" HPOS="2152" VPOS="4194" WIDTH="168" HEIGHT="39" CONTENT="stronger" WC="0.65" CC="44225323"/>
						<SP ID="P6_SP01581" HPOS="2320" VPOS="4235" WIDTH="9"/>
						<String ID="word001630" HPOS="2329" VPOS="4183" WIDTH="279" HEIGHT="44" CONTENT="coul:iderattiuu" WC="0.44" CC="343883333885358"/>
						<SP ID="P6_SP01582" HPOS="2608" VPOS="4235" WIDTH="18"/>
						<String ID="word001631" HPOS="2626" VPOS="4187" WIDTH="90" HEIGHT="40" CONTENT="111411" WC="0.37" CC="755566"/>
						<SP ID="P6_SP01583" HPOS="2715" VPOS="4235" WIDTH="18"/>
						<String ID="word001632" HPOS="2733" VPOS="4187" WIDTH="61" HEIGHT="38" CONTENT="the" WC="0.93" CC="011"/>
						<SP ID="P6_SP01584" HPOS="2794" VPOS="4235" WIDTH="18"/>
						<String ID="word001633" HPOS="2812" VPOS="4189" WIDTH="111" HEIGHT="37" CONTENT="merit" WC="0.93" CC="30000"/>
						<SP ID="P6_SP01585" HPOS="2923" VPOS="4235" WIDTH="19"/>
						<String ID="word001634" HPOS="2942" VPOS="4187" WIDTH="43" HEIGHT="39" CONTENT="of" WC="0.83" CC="03"/>
						<SP ID="P6_SP01586" HPOS="2985" VPOS="4235" WIDTH="12"/>
						<String ID="word001635" HPOS="2996" VPOS="4187" WIDTH="119" HEIGHT="38" CONTENT="thou,." WC="0.54" CC="112588"/>
						<SP ID="P6_SP01587" HPOS="3116" VPOS="4235" WIDTH="0"/>
					</TextLine>
				</TextBlock>
				<TextBlock ID="pa0006015" HPOS="2386" VPOS="4246" WIDTH="139" HEIGHT="30" STYLEREFS="TXT_0 PAR_RIGHT">
					<TextLine ID="P6_TL00186" HPOS="2454" VPOS="4256" WIDTH="7" HEIGHT="13">
						<String ID="word001636" HPOS="2454" VPOS="4256" WIDTH="7" HEIGHT="13" CONTENT="," WC="1.00" CC="9" STYLEREFS="TXT_4"/>
						<SP ID="P6_SP01588" HPOS="2461" VPOS="4269" WIDTH="0"/>
					</TextLine>
				</TextBlock>
				<ComposedBlock ID="pa0006016" HPOS="0" VPOS="0" WIDTH="268" HEIGHT="2746" TYPE="Illustration">
					<TextBlock ID="P6_TB00016" HPOS="0" VPOS="0" WIDTH="268" HEIGHT="2746" STYLEREFS="TXT_1 PAR_LEFT">
						<TextLine ID="P6_TL00187" HPOS="26" VPOS="0" WIDTH="53" HEIGHT="209">
							<String ID="word001637" HPOS="26" VPOS="0" WIDTH="53" HEIGHT="209" CONTENT="1" WC="0.22" CC="7" STYLEREFS="TXT_5"/>
							<SP ID="P6_SP01589" HPOS="79" VPOS="209" WIDTH="0"/>
						</TextLine>
						<TextLine ID="P6_TL00188" HPOS="61" VPOS="296" WIDTH="11" HEIGHT="34">
							<String ID="word001638" HPOS="61" VPOS="296" WIDTH="11" HEIGHT="33" CONTENT="f" WC="0.22" CC="7" STYLEREFS="TXT_5"/>
							<SP ID="P6_SP01590" HPOS="72" VPOS="330" WIDTH="0"/>
						</TextLine>
						<TextLine ID="P6_TL00189" HPOS="47" VPOS="343" WIDTH="25" HEIGHT="79">
							<String ID="word001639" HPOS="47" VPOS="343" WIDTH="4" HEIGHT="79" CONTENT=":" WC="0.22" CC="7" STYLEREFS="TXT_5"/>
							<SP ID="P6_SP01591" HPOS="51" VPOS="422" WIDTH="11"/>
							<String ID="word001640" HPOS="61" VPOS="343" WIDTH="11" HEIGHT="79" CONTENT="I" WC="0.22" CC="7" STYLEREFS="TXT_5"/>
							<SP ID="P6_SP01592" HPOS="72" VPOS="422" WIDTH="0"/>
						</TextLine>
						<TextLine ID="P6_TL00190" HPOS="64" VPOS="433" WIDTH="13" HEIGHT="48">
							<String ID="word001641" HPOS="64" VPOS="433" WIDTH="6" HEIGHT="47" CONTENT="1" WC="0.28" CC="6" STYLEREFS="TXT_5"/>
							<String ID="word001642" HPOS="70" VPOS="433" WIDTH="7" HEIGHT="47" CONTENT="," STYLE="subscript" WC="0.28" CC="7" STYLEREFS="TXT_5"/>
							<SP ID="P6_SP01593" HPOS="77" VPOS="481" WIDTH="0"/>
						</TextLine>
						<TextLine ID="P6_TL00191" HPOS="12" VPOS="511" WIDTH="70" HEIGHT="50">
							<String ID="word001643" HPOS="12" VPOS="544" WIDTH="6" HEIGHT="13" CONTENT="," WC="0.11" CC="8" STYLEREFS="TXT_5"/>
							<SP ID="P6_SP01594" HPOS="18" VPOS="557" WIDTH="41"/>
							<String ID="word001644" HPOS="59" VPOS="511" WIDTH="22" HEIGHT="50" CONTENT="'.l" WC="0.22" CC="777" STYLEREFS="TXT_5"/>
							<SP ID="P6_SP01595" HPOS="81" VPOS="561" WIDTH="0"/>
						</TextLine>
						<TextLine ID="P6_TL00192" HPOS="61" VPOS="563" WIDTH="20" HEIGHT="23">
							<String ID="word001645" HPOS="61" VPOS="563" WIDTH="20" HEIGHT="22" CONTENT="ib" WC="0.11" CC="88"/>
							<SP ID="P6_SP01596" HPOS="81" VPOS="586" WIDTH="0"/>
						</TextLine>
						<TextLine ID="P6_TL00193" HPOS="46" VPOS="788" WIDTH="35" HEIGHT="123">
							<String ID="word001646" HPOS="46" VPOS="788" WIDTH="35" HEIGHT="123" CONTENT="(k" WC="0.11" CC="88"/>
						</TextLine>
						<TextLine ID="P6_TL00194" HPOS="81" VPOS="930" WIDTH="4" HEIGHT="15">
							<String ID="word001647" HPOS="81" VPOS="930" WIDTH="4" HEIGHT="15" CONTENT="t" WC="0.44" CC="5"/>
							<SP ID="P6_SP01597" HPOS="85" VPOS="945" WIDTH="0"/>
						</TextLine>
						<TextLine ID="P6_TL00195" HPOS="61" VPOS="948" WIDTH="25" HEIGHT="17">
							<String ID="word001648" HPOS="61" VPOS="948" WIDTH="5" HEIGHT="17" CONTENT="." WC="0.22" CC="7"/>
							<SP ID="P6_SP01598" HPOS="66" VPOS="965" WIDTH="15"/>
							<String ID="word001649" HPOS="81" VPOS="948" WIDTH="5" HEIGHT="17" CONTENT="'" WC="0.22" CC="7"/>
							<SP ID="P6_SP01599" HPOS="86" VPOS="965" WIDTH="0"/>
						</TextLine>
						<TextLine ID="P6_TL00196" HPOS="64" VPOS="993" WIDTH="21" HEIGHT="46">
							<String ID="word001650" HPOS="64" VPOS="993" WIDTH="7" HEIGHT="46" CONTENT="'" STYLE="superscript" WC="0.26" CC="7"/>
							<String ID="word001651" HPOS="71" VPOS="993" WIDTH="7" HEIGHT="46" CONTENT="t" WC="0.26" CC="6"/>
							<String ID="word001652" HPOS="78" VPOS="993" WIDTH="7" HEIGHT="46" CONTENT="." STYLE="subscript" WC="0.26" CC="7"/>
							<SP ID="P6_SP01600" HPOS="85" VPOS="1039" WIDTH="0"/>
						</TextLine>
						<TextLine ID="P6_TL00197" HPOS="64" VPOS="1080" WIDTH="12" HEIGHT="20">
							<String ID="word001653" HPOS="64" VPOS="1080" WIDTH="12" HEIGHT="20" CONTENT="4" WC="0.33" CC="6"/>
							<SP ID="P6_SP01601" HPOS="76" VPOS="1100" WIDTH="0"/>
						</TextLine>
						<TextLine ID="P6_TL00198" HPOS="58" VPOS="1103" WIDTH="11" HEIGHT="23">
							<String ID="word001654" HPOS="58" VPOS="1103" WIDTH="11" HEIGHT="22" CONTENT="I" WC="0.22" CC="7"/>
							<SP ID="P6_SP01602" HPOS="69" VPOS="1126" WIDTH="0"/>
						</TextLine>
						<TextLine ID="P6_TL00199" HPOS="30" VPOS="1147" WIDTH="44" HEIGHT="33">
							<String ID="word001655" HPOS="30" VPOS="1147" WIDTH="44" HEIGHT="33" CONTENT="Si" WC="0.11" CC="88"/>
							<SP ID="P6_SP01603" HPOS="73" VPOS="1180" WIDTH="0"/>
						</TextLine>
						<TextLine ID="P6_TL00200" HPOS="27" VPOS="1180" WIDTH="54" HEIGHT="24">
							<String ID="word001656" HPOS="27" VPOS="1180" WIDTH="8" HEIGHT="20" CONTENT=")" WC="0.33" CC="6"/>
							<SP ID="P6_SP01604" HPOS="35" VPOS="1200" WIDTH="8"/>
							<String ID="word001657" HPOS="44" VPOS="1182" WIDTH="6" HEIGHT="9" CONTENT="‘" WC="0.11" CC="8"/>
							<SP ID="P6_SP01605" HPOS="50" VPOS="1200" WIDTH="24"/>
							<String ID="word001658" HPOS="73" VPOS="1183" WIDTH="8" HEIGHT="20" CONTENT="e" WC="0.22" CC="7"/>
							<SP ID="P6_SP01606" HPOS="81" VPOS="1204" WIDTH="0"/>
						</TextLine>
						<TextLine ID="P6_TL00201" HPOS="33" VPOS="1196" WIDTH="43" HEIGHT="32">
							<String ID="word001659" HPOS="33" VPOS="1196" WIDTH="24" HEIGHT="32" CONTENT="11`" WC="0.15" CC="788"/>
							<SP ID="P6_SP01607" HPOS="57" VPOS="1228" WIDTH="7"/>
							<String ID="word001660" HPOS="64" VPOS="1207" WIDTH="12" HEIGHT="15" CONTENT="A" WC="0.22" CC="7"/>
							<SP ID="P6_SP01608" HPOS="76" VPOS="1228" WIDTH="0"/>
						</TextLine>
						<TextLine ID="P6_TL00202" HPOS="41" VPOS="1309" WIDTH="40" HEIGHT="26">
							<String ID="word001661" HPOS="41" VPOS="1309" WIDTH="15" HEIGHT="26" CONTENT="e" WC="0.22" CC="7"/>
							<SP ID="P6_SP01609" HPOS="57" VPOS="1335" WIDTH="15"/>
							<String ID="word001662" HPOS="72" VPOS="1312" WIDTH="9" HEIGHT="21" CONTENT="I" WC="0.11" CC="8"/>
							<SP ID="P6_SP01610" HPOS="81" VPOS="1335" WIDTH="0"/>
						</TextLine>
						<TextLine ID="P6_TL00203" HPOS="61" VPOS="1343" WIDTH="25" HEIGHT="30">
							<String ID="word001663" HPOS="61" VPOS="1343" WIDTH="12" HEIGHT="30" CONTENT="'" STYLE="superscript" WC="0.11" CC="8"/>
							<String ID="word001664" HPOS="73" VPOS="1343" WIDTH="13" HEIGHT="30" CONTENT="I" WC="0.11" CC="8"/>
							<SP ID="P6_SP01611" HPOS="86" VPOS="1372" WIDTH="0"/>
						</TextLine>
						<TextLine ID="P6_TL00204" HPOS="48" VPOS="1419" WIDTH="12" HEIGHT="19">
							<String ID="word001665" HPOS="48" VPOS="1419" WIDTH="12" HEIGHT="19" CONTENT="1." WC="0.22" CC="77"/>
							<SP ID="P6_SP01612" HPOS="60" VPOS="1437" WIDTH="0"/>
						</TextLine>
						<TextLine ID="P6_TL00205" HPOS="43" VPOS="1443" WIDTH="13" HEIGHT="19">
							<String ID="word001666" HPOS="43" VPOS="1443" WIDTH="13" HEIGHT="19" CONTENT="1" WC="0.44" CC="5"/>
							<SP ID="P6_SP01613" HPOS="56" VPOS="1462" WIDTH="0"/>
						</TextLine>
						<TextLine ID="P6_TL00206" HPOS="48" VPOS="1501" WIDTH="57" HEIGHT="16">
							<String ID="word001667" HPOS="48" VPOS="1501" WIDTH="31" HEIGHT="15" CONTENT="OA" WC="0.11" CC="88"/>
							<SP ID="P6_SP01614" HPOS="79" VPOS="1517" WIDTH="18"/>
							<String ID="word001668" HPOS="97" VPOS="1502" WIDTH="8" HEIGHT="13" CONTENT="t" WC="0.22" CC="7"/>
							<SP ID="P6_SP01615" HPOS="105" VPOS="1517" WIDTH="0"/>
						</TextLine>
						<TextLine ID="P6_TL00207" HPOS="44" VPOS="1519" WIDTH="57" HEIGHT="19">
							<String ID="word001669" HPOS="44" VPOS="1519" WIDTH="4" HEIGHT="19" CONTENT="•" WC="0.22" CC="7"/>
							<SP ID="P6_SP01616" HPOS="47" VPOS="1538" WIDTH="9"/>
							<String ID="word001670" HPOS="57" VPOS="1519" WIDTH="8" HEIGHT="14" CONTENT="f" WC="0.22" CC="7"/>
							<SP ID="P6_SP01617" HPOS="65" VPOS="1538" WIDTH="24"/>
							<String ID="word001671" HPOS="89" VPOS="1521" WIDTH="12" HEIGHT="17" CONTENT="1" WC="0.67" CC="3"/>
							<SP ID="P6_SP01618" HPOS="100" VPOS="1538" WIDTH="0"/>
						</TextLine>
						<TextLine ID="P6_TL00208" HPOS="52" VPOS="1544" WIDTH="9" HEIGHT="24">
							<String ID="word001672" HPOS="52" VPOS="1544" WIDTH="9" HEIGHT="24" CONTENT="?" WC="0.11" CC="8"/>
							<SP ID="P6_SP01619" HPOS="61" VPOS="1567" WIDTH="0"/>
						</TextLine>
						<TextLine ID="P6_TL00209" HPOS="92" VPOS="1573" WIDTH="175" HEIGHT="37">
							<String ID="word001673" HPOS="92" VPOS="1573" WIDTH="12" HEIGHT="19" CONTENT="•" WC="0.22" CC="7"/>
							<SP ID="P6_SP01620" HPOS="104" VPOS="1592" WIDTH="151"/>
							<String ID="word001674" HPOS="255" VPOS="1589" WIDTH="12" HEIGHT="21" CONTENT=".." WC="0.17" CC="87"/>
							<SP ID="P6_SP01621" HPOS="267" VPOS="1610" WIDTH="0"/>
						</TextLine>
						<TextLine ID="P6_TL00210" HPOS="87" VPOS="1663" WIDTH="20" HEIGHT="31">
							<String ID="word001675" HPOS="87" VPOS="1663" WIDTH="20" HEIGHT="31" CONTENT=".1" WC="0.22" CC="68"/>
							<SP ID="P6_SP01622" HPOS="107" VPOS="1694" WIDTH="0"/>
						</TextLine>
						<TextLine ID="P6_TL00211" HPOS="89" VPOS="1729" WIDTH="28" HEIGHT="20">
							<String ID="word001676" HPOS="89" VPOS="1729" WIDTH="4" HEIGHT="20" CONTENT="." WC="0.22" CC="7"/>
							<SP ID="P6_SP01623" HPOS="92" VPOS="1749" WIDTH="12"/>
							<String ID="word001677" HPOS="104" VPOS="1729" WIDTH="13" HEIGHT="20" CONTENT="4" WC="0.22" CC="7"/>
							<SP ID="P6_SP01624" HPOS="117" VPOS="1749" WIDTH="0"/>
						</TextLine>
						<TextLine ID="P6_TL00212" HPOS="94" VPOS="1755" WIDTH="31" HEIGHT="20">
							<String ID="word001678" HPOS="94" VPOS="1755" WIDTH="31" HEIGHT="20" CONTENT="t," WC="0.44" CC="55"/>
							<SP ID="P6_SP01625" HPOS="125" VPOS="1775" WIDTH="0"/>
						</TextLine>
						<TextLine ID="P6_TL00213" HPOS="89" VPOS="1915" WIDTH="30" HEIGHT="17">
							<String ID="word001679" HPOS="89" VPOS="1915" WIDTH="2" HEIGHT="17" CONTENT="." WC="0.22" CC="7"/>
							<SP ID="P6_SP01626" HPOS="91" VPOS="1931" WIDTH="14"/>
							<String ID="word001680" HPOS="105" VPOS="1915" WIDTH="13" HEIGHT="17" CONTENT="b" WC="0.22" CC="7"/>
							<SP ID="P6_SP01627" HPOS="118" VPOS="1931" WIDTH="0"/>
						</TextLine>
						<TextLine ID="P6_TL00214" HPOS="115" VPOS="2019" WIDTH="12" HEIGHT="20">
							<String ID="word001681" HPOS="115" VPOS="2019" WIDTH="12" HEIGHT="20" CONTENT="4" WC="0.22" CC="7"/>
							<SP ID="P6_SP01628" HPOS="126" VPOS="2039" WIDTH="0"/>
						</TextLine>
						<TextLine ID="P6_TL00215" HPOS="120" VPOS="2120" WIDTH="13" HEIGHT="23">
							<String ID="word001682" HPOS="120" VPOS="2120" WIDTH="13" HEIGHT="22" CONTENT="t" WC="0.44" CC="5"/>
							<SP ID="P6_SP01629" HPOS="133" VPOS="2143" WIDTH="0"/>
						</TextLine>
						<TextLine ID="P6_TL00216" HPOS="125" VPOS="2172" WIDTH="16" HEIGHT="24">
							<String ID="word001683" HPOS="125" VPOS="2172" WIDTH="15" HEIGHT="24" CONTENT="i" WC="0.22" CC="7"/>
							<SP ID="P6_SP01630" HPOS="141" VPOS="2196" WIDTH="0"/>
						</TextLine>
						<TextLine ID="P6_TL00217" HPOS="135" VPOS="2277" WIDTH="12" HEIGHT="14">
							<String ID="word001684" HPOS="135" VPOS="2277" WIDTH="12" HEIGHT="14" CONTENT="PI" WC="0.17" CC="87"/>
							<SP ID="P6_SP01631" HPOS="146" VPOS="2291" WIDTH="0"/>
						</TextLine>
						<TextLine ID="P6_TL00218" HPOS="43" VPOS="2328" WIDTH="130" HEIGHT="25">
							<String ID="word001685" HPOS="43" VPOS="2328" WIDTH="5" HEIGHT="25" CONTENT="-" WC="0.22" CC="7"/>
							<SP ID="P6_SP01632" HPOS="47" VPOS="2353" WIDTH="45"/>
							<String ID="word001686" HPOS="92" VPOS="2328" WIDTH="5" HEIGHT="25" CONTENT="." WC="0.22" CC="7"/>
							<SP ID="P6_SP01633" HPOS="97" VPOS="2353" WIDTH="69"/>
							<String ID="word001687" HPOS="165" VPOS="2331" WIDTH="7" HEIGHT="20" CONTENT="I" WC="0.22" CC="7"/>
							<SP ID="P6_SP01634" HPOS="172" VPOS="2353" WIDTH="0"/>
						</TextLine>
						<TextLine ID="P6_TL00219" HPOS="59" VPOS="2354" WIDTH="156" HEIGHT="53">
							<String ID="word001688" HPOS="59" VPOS="2354" WIDTH="39" HEIGHT="53" CONTENT="lit" WC="0.11" CC="888"/>
							<SP ID="P6_SP01635" HPOS="98" VPOS="2407" WIDTH="22"/>
							<String ID="word001689" HPOS="120" VPOS="2366" WIDTH="18" HEIGHT="18" CONTENT=".•" WC="0.22" CC="77" STYLEREFS="TXT_5"/>
							<SP ID="P6_SP01636" HPOS="138" VPOS="2407" WIDTH="14"/>
							<String ID="word001690" HPOS="152" VPOS="2354" WIDTH="1" HEIGHT="53" CONTENT="." WC="0.22" CC="7" STYLEREFS="TXT_5"/>
							<SP ID="P6_SP01637" HPOS="154" VPOS="2407" WIDTH="15"/>
							<String ID="word001691" HPOS="169" VPOS="2354" WIDTH="4" HEIGHT="53" CONTENT="-" WC="0.22" CC="7" STYLEREFS="TXT_5"/>
							<SP ID="P6_SP01638" HPOS="172" VPOS="2407" WIDTH="32"/>
							<String ID="word001692" HPOS="204" VPOS="2370" WIDTH="11" HEIGHT="6" CONTENT=".." WC="0.17" CC="78" STYLEREFS="TXT_5"/>
							<SP ID="P6_SP01639" HPOS="215" VPOS="2407" WIDTH="0"/>
						</TextLine>
						<TextLine ID="P6_TL00220" HPOS="43" VPOS="2394" WIDTH="37" HEIGHT="106">
							<String ID="word001693" HPOS="43" VPOS="2394" WIDTH="8" HEIGHT="106" CONTENT="i" WC="0.28" CC="6" STYLEREFS="TXT_5"/>
							<String ID="word001694" HPOS="51" VPOS="2394" WIDTH="9" HEIGHT="106" CONTENT="l" STYLE="superscript" WC="0.28" CC="8" STYLEREFS="TXT_5"/>
							<String ID="word001695" HPOS="60" VPOS="2394" WIDTH="9" HEIGHT="106" CONTENT="l" STYLE="subscript" WC="0.28" CC="7" STYLEREFS="TXT_5"/>
							<String ID="word001696" HPOS="70" VPOS="2394" WIDTH="9" HEIGHT="106" CONTENT="l" WC="0.28" CC="5" STYLEREFS="TXT_5"/>
							<SP ID="P6_SP01640" HPOS="79" VPOS="2500" WIDTH="0"/>
						</TextLine>
						<TextLine ID="P6_TL00221" HPOS="76" VPOS="2451" WIDTH="45" HEIGHT="54">
							<String ID="word001697" HPOS="76" VPOS="2451" WIDTH="2" HEIGHT="54" CONTENT="'" WC="0.22" CC="7" STYLEREFS="TXT_5"/>
							<SP ID="P6_SP01641" HPOS="78" VPOS="2505" WIDTH="33"/>
							<String ID="word001698" HPOS="111" VPOS="2497" WIDTH="9" HEIGHT="8" CONTENT=".." WC="0.22" CC="77" STYLEREFS="TXT_5"/>
							<SP ID="P6_SP01642" HPOS="120" VPOS="2505" WIDTH="0"/>
						</TextLine>
						<TextLine ID="P6_TL00222" HPOS="93" VPOS="2588" WIDTH="45" HEIGHT="13">
							<String ID="word001699" HPOS="93" VPOS="2588" WIDTH="2" HEIGHT="13" CONTENT="," WC="0.11" CC="8" STYLEREFS="TXT_5"/>
							<SP ID="P6_SP01643" HPOS="96" VPOS="2601" WIDTH="38"/>
							<String ID="word001700" HPOS="133" VPOS="2588" WIDTH="5" HEIGHT="13" CONTENT="f" WC="0.22" CC="7" STYLEREFS="TXT_5"/>
							<SP ID="P6_SP01644" HPOS="138" VPOS="2601" WIDTH="0"/>
						</TextLine>
						<TextLine ID="P6_TL00223" HPOS="117" VPOS="2613" WIDTH="26" HEIGHT="133">
							<String ID="word001701" HPOS="117" VPOS="2613" WIDTH="26" HEIGHT="133" CONTENT="1" WC="0.22" CC="7" STYLEREFS="TXT_5"/>
							<SP ID="P6_SP01645" HPOS="143" VPOS="2746" WIDTH="0"/>
						</TextLine>
					</TextBlock>
				</ComposedBlock>
				<ComposedBlock ID="pa0006017" HPOS="32" VPOS="3353" WIDTH="154" HEIGHT="1019" TYPE="Illustration">
					<TextBlock ID="P6_TB00017" HPOS="32" VPOS="3353" WIDTH="154" HEIGHT="1019" STYLEREFS="TXT_5 PAR_LEFT">
						<TextLine ID="P6_TL00224" HPOS="57" VPOS="3353" WIDTH="60" HEIGHT="203">
							<String ID="word001702" HPOS="57" VPOS="3353" WIDTH="20" HEIGHT="203" CONTENT="i" STYLE="subscript" WC="0.19" CC="8"/>
							<String ID="word001703" HPOS="77" VPOS="3353" WIDTH="40" HEIGHT="203" CONTENT="ll" WC="0.19" CC="77"/>
							<SP ID="P6_SP01646" HPOS="117" VPOS="3556" WIDTH="0"/>
						</TextLine>
						<TextLine ID="P6_TL00225" HPOS="58" VPOS="3404" WIDTH="63" HEIGHT="80">
							<String ID="word001704" HPOS="58" VPOS="3404" WIDTH="5" HEIGHT="80" CONTENT="it" WC="0.17" CC="78"/>
							<SP ID="P6_SP01647" HPOS="63" VPOS="3484" WIDTH="33"/>
							<String ID="word001705" HPOS="96" VPOS="3404" WIDTH="25" HEIGHT="76" CONTENT="'1" WC="0.17" CC="78"/>
							<SP ID="P6_SP01648" HPOS="120" VPOS="3484" WIDTH="0"/>
						</TextLine>
						<TextLine ID="P6_TL00226" HPOS="76" VPOS="3595" WIDTH="6" HEIGHT="13">
							<String ID="word001706" HPOS="76" VPOS="3595" WIDTH="6" HEIGHT="13" CONTENT="," WC="0.22" CC="7"/>
							<SP ID="P6_SP01649" HPOS="81" VPOS="3608" WIDTH="0"/>
						</TextLine>
						<TextLine ID="P6_TL00227" HPOS="61" VPOS="3635" WIDTH="60" HEIGHT="94">
							<String ID="word001707" HPOS="61" VPOS="3689" WIDTH="6" HEIGHT="13" CONTENT="i" STYLE="subscript" WC="0.22" CC="7" STYLEREFS="TXT_4"/>
							<String ID="word001708" HPOS="67" VPOS="3689" WIDTH="7" HEIGHT="13" CONTENT="," WC="0.22" CC="7" STYLEREFS="TXT_4"/>
							<SP ID="P6_SP01650" HPOS="74" VPOS="3702" WIDTH="21"/>
							<String ID="word001709" HPOS="96" VPOS="3635" WIDTH="25" HEIGHT="93" CONTENT="fl" WC="0.11" CC="88" STYLEREFS="TXT_4"/>
							<SP ID="P6_SP01651" HPOS="120" VPOS="3729" WIDTH="0"/>
						</TextLine>
						<TextLine ID="P6_TL00228" HPOS="41" VPOS="3703" WIDTH="38" HEIGHT="91">
							<String ID="word001710" HPOS="41" VPOS="3703" WIDTH="38" HEIGHT="91" CONTENT="•" WC="0.11" CC="8"/>
							<SP ID="P6_SP01652" HPOS="79" VPOS="3794" WIDTH="0"/>
						</TextLine>
						<TextLine ID="P6_TL00229" HPOS="48" VPOS="3778" WIDTH="57" HEIGHT="67">
							<String ID="word001711" HPOS="48" VPOS="3795" WIDTH="22" HEIGHT="50" CONTENT="'I," WC="0.19" CC="877"/>
							<SP ID="P6_SP01653" HPOS="71" VPOS="3844" WIDTH="20"/>
							<String ID="word001712" HPOS="91" VPOS="3778" WIDTH="14" HEIGHT="52" CONTENT="I" WC="0.44" CC="5" STYLEREFS="TXT_4"/>
							<SP ID="P6_SP01654" HPOS="105" VPOS="3844" WIDTH="0"/>
						</TextLine>
						<TextLine ID="P6_TL00230" HPOS="37" VPOS="3893" WIDTH="69" HEIGHT="84">
							<String ID="word001713" HPOS="37" VPOS="3943" WIDTH="14" HEIGHT="25" CONTENT="r:" WC="0.11" CC="88" STYLEREFS="TXT_1"/>
							<SP ID="P6_SP01655" HPOS="51" VPOS="3967" WIDTH="25"/>
							<String ID="word001714" HPOS="76" VPOS="3893" WIDTH="14" HEIGHT="84" CONTENT="l" WC="0.22" CC="8" STYLEREFS="TXT_1"/>
							<String ID="word001715" HPOS="90" VPOS="3893" WIDTH="15" HEIGHT="84" CONTENT="i" STYLE="superscript" WC="0.22" CC="6" STYLEREFS="TXT_1"/>
							<SP ID="P6_SP01656" HPOS="105" VPOS="3977" WIDTH="0"/>
						</TextLine>
						<TextLine ID="P6_TL00231" HPOS="116" VPOS="4254" WIDTH="38" HEIGHT="61">
							<String ID="word001716" HPOS="116" VPOS="4254" WIDTH="19" HEIGHT="60" CONTENT=")," WC="0.11" CC="88" STYLEREFS="TXT_1"/>
							<String ID="word001717" HPOS="135" VPOS="4254" WIDTH="19" HEIGHT="60" CONTENT="4‘" STYLE="superscript" WC="0.11" CC="88" STYLEREFS="TXT_1"/>
							<SP ID="P6_SP01657" HPOS="154" VPOS="4315" WIDTH="0"/>
						</TextLine>
						<TextLine ID="P6_TL00232" HPOS="71" VPOS="4271" WIDTH="111" HEIGHT="57">
							<String ID="word001718" HPOS="71" VPOS="4271" WIDTH="5" HEIGHT="57" CONTENT="." WC="0.11" CC="8" STYLEREFS="TXT_1"/>
							<SP ID="P6_SP01658" HPOS="76" VPOS="4328" WIDTH="70"/>
							<String ID="word001719" HPOS="145" VPOS="4289" WIDTH="37" HEIGHT="39" CONTENT="4" WC="0.11" CC="8" STYLEREFS="TXT_1"/>
							<SP ID="P6_SP01659" HPOS="182" VPOS="4328" WIDTH="0"/>
						</TextLine>
					</TextBlock>
				</ComposedBlock>
			</PrintSpace>
		</Page>
	</Layout>
</alto>
