3295 4417
1154 141 146 53 THE
1330 144 376 52 NATIONAL
1740 143 377 54 REGISTER.

274 270 180 40 Channel
477 270 128 44 fleets,
624 267 130 40 would
784 270 158 51 compel
964 272 70 39 the
1048 283 138 41 enemy
1206 279 46 34 to
1270 274 102 54 keep
1398 288 53 27 an
1467 275 135 41 armed

273 330 118 44 force
407 330 51 40 of
475 341 116 27 more
609 330 99 39 than
732 334 145 41 50,000
899 344 90 26 men
1007 331 65 40 fur
1088 333 67 48 the
1174 332 162 46 defence
1350 335 50 40 of
1421 335 104 50 their
1538 348 47 28 ex-

276 394 155 40 tensive
452 392 80 50 line
552 391 51 40 of
617 397 130 35 coast.
801 394 86 39 The
904 405 171 41 ravages
1101 393 70 41 the
1201 407 141 44 enemy
1367 396 104 54 have
1499 411 79 28 com-

276 456 144 40 mitted
452 456 40 39 in
516 455 138 52 Spain,
683 454 146 52 justify
857 454 72 50 the
958 455 198 54 principle
1175 456 50 52 of
1251 458 227 53 retaliation
1494 475 13 38 ;
1533 472 71 26 anti

275 519 35 43 it
348 516 31 40 is
415 516 48 41 of
494 517 72 39 the
596 524 107 33 most
738 520 145 50 urgent
909 516 191 54 necessity
1130 523 46 35 to
1209 517 120 44 make
1361 520 69 43 the
1457 524 116 38 Frent

278 578 81 44 feel
378 579 69 39 the
467 578 224 50 calamities
719 578 50 39 of
784 591 94 27 war.
933 578 135 40 While
1087 579 104 51 their
1207 587 191 47 property
1426 582 78 47 and
1522 595 60 43 per-

280 656 96 26 sons
402 654 70 27 are
490 654 152 33 secure,
676 641 91 51 they
791 652 66 27 arc
886 640 196 54 perfectly
1104 643 210 40 insensible
1331 648 46 34 to
1407 643 51 46 its
1483 646 100 37 conti-

283 717 185 32 nuance;
502 703 76 41 hut
605 716 43 26 as
676 715 102 27 soon
809 711 50 30 as'
881 703 105 40 their
1006 702 123 47 rattle
1160 716 70 37 are
1263 706 39 37 iu
1319 702 5 56 •
1335 704 174 53 danger,
1533 707 76 39 and

283 765 111 53 their
415 765 146 40 houses
596 763 177 56 exposed
794 767 44 38 to
872 764 169 52 plunder
1071 764 77 50 and
1180 765 311 54 conflagration,
1509 767 100 39 their

279 828 103 40 loud
415 840 201 27 murmers
651 837 94 41 may
778 826 152 52 impose
980 839 112 30 some
1129 828 185 50 restraint
1348 840 51 28 or
1426 827 71 48 the
1522 833 77 33 wily

280 889 201 40 ambition
503 888 51 41 of
567 889 105 40 their
702 888 202 45 ferocious
934 894 151 46 tyrant.
1140 887 77 43 We
1234 880 125 48 abhor
1378 891 70 44 the
1465 888 87 54 Oen
1569 891 40 52 of

281 953 272 52 augmenting
570 951 67 40 the
657 948 223 41 calamities
909 948 52 40 of
992 961 109 33 war;
1130 948 76 41 but
1226 948 206 54 humanity
1454 963 87 40 may
1563 952 39 37 bt

278 1015 227 41 beuefitted
519 1015 50 52 by
589 1015 67 39 the
669 1020 141 34 severe
828 1012 78 40 and
924 1011 197 56 vigorous
1139 1023 202 44 measures
1357 1024 61 30 we
1434 1012 105 54 have
1553 1025 38 27 re-

279 1077 285 41 commended.

331 1192 38 41 A
389 1191 176 56 number
583 1191 51 52 of
659 1196 161 50 reports
837 1191 226 54 prevailed,
1091 1191 78 48 nod
1188 1204 107 32 were
1320 1191 180 44 received
1518 1191 92 43 with

278 1253 174 54 avidity,
480 1254 150 53 during
651 1253 70 41 the
741 1267 141 27 course
900 1254 48 39 of
971 1256 73 38 the
1067 1257 129 44 %era,
1225 1256 47 39 of
1294 1252 126 54 s.gual

279 1317 204 56 sustained
514 1317 51 53 by
591 1318 69 39 the
679 1329 159 40 enemy.
895 1319 87 37 One
1003 1315 50 40 of
1076 1306 110 50 these
1206 1316 143 44 stated,
1378 1328 53 26 on
1457 1315 69 39 the
1544 1329 45 25 au-

280 1378 156 53 thority
455 1380 51 39 of
534 1391 25 25 a
579 1378 119 40 letter
715 1378 106 40 from
844 1380 122 52 Vigo,
994 1378 90 40 that
1100 1376 163 57 general
1283 1388 193 30 massacre
1487 1376 47 39 of
1547 1376 61 40 th,

280 1426 156 56 French
474 1440 80 40 had
594 1440 124 41 taken
750 1439 115 54 place
901 1440 41 39 in
983 1439 176 48 Madrid,
1188 1452 54 26 on
1276 1439 124 39 which
1430 1439 181 39 occasiui.

280 1506 148 41 26,000
446 1504 81 39 had
549 1502 99 39 been
669 1500 141 47 killed,
839 1502 78 39 and
945 1500 72 40 the
1050 1506 80 37 rest
1162 1499 139 41 forced
1324 1504 44 35 to
1388 1499 223 50 surrender.

280 1560 187 46 Another
488 1579 170 27 rumour
690 1564 133 54 stated
852 1577 25 26 a
911 1569 120 48 great
1068 1561 151 53 victory
1256 1561 189 40 obtained
1475 1560 51 53 by
1546 1559 67 40 the

282 1629 141 50 united
455 1628 151 40 British
638 1628 79 39 and
749 1626 165 53 Spanish
935 1625 161 46 armies,
1124 1626 40 38 in
1194 1623 70 39 the
1281 1620 330 54 neighbourhood

282 1690 51 40 of
361 1690 66 40 the
446 1689 167 54 capital,
654 1689 39 39 in
719 1688 132 40 which
872 1688 67 39 the
959 1698 144 50 enemy
1124 1697 102 31 were
1246 1684 81 39 said
1354 1689 45 34 to
1419 1683 103 39 have
1543 1683 66 38 lobs

282 1757 106 37 9000
407 1766 91 27 men
520 1749 129 43 killed
674 1752 78 39 and
776 1754 142 44 14,000
954 1749 221 54 prisoners:
1208 1747 71 40 the
1306 1734 162 69 English
1500 1757 105 40 army

279 1817 26 39 lc
312 1817 50 39 ad
381 1821 76 34 700
477 1807 142 65 killed.
677 1815 73 38 We
767 1826 71 26 are
852 1825 113 44 sorry
986 1818 44 34 to
1050 1817 107 45 state
1170 1809 91 40 that
1276 1808 156 43 neither
1450 1806 48 41 of
1508 1807 106 40 these

281 1881 159 48 reports
456 1891 107 27 were
582 1866 293 52 corroborated
888 1876 48 52 by
960 1876 243 52 subsequent
1225 1870 279 54 intelligence;
1541 1872 71 37 and

280 1941 77 40 the
369 1939 120 41 latest
506 1938 163 41 advices
687 1936 109 41 from
814 1949 77 28 our
908 1949 116 40 army
1046 1935 120 40 make
1194 1946 56 26 no
1271 1933 180 52 raentiqn
1470 1931 47 40 of
1541 1944 70 40 any

276 2002 103 52 loch
407 2014 281 31 occurrences.
742 2001 77 39 We
835 1997 77 48 feel
938 1987 70 56 tbc
1028 2002 177 50 greatest
1220 1994 265 45 satisfaction,
1511 1994 80 38 how-

281 2078 113 39 ever,
415 2065 39 40 in
469 2065 155 52 stating
635 2065 92 39 that
741 2074 78 28 our
836 2060 165 41 soldiers
1016 2059 118 54 enjoy
1153 2046 70 53 the
1241 2056 157 53 highest
1419 2055 144 53 degree
1576 2059 39 35 of

280 2120 139 47 health
441 2126 78 43 and
552 2122 150 59 spirits,
731 2122 79 41 and
831 2112 170 52 breathe
1020 2121 69 40 the
1116 2125 107 37 most
1258 2118 139 41 ardent
1414 2117 131 41 desire
1576 2127 39 30 of

281 2189 164 53 coming
459 2186 178 56 speedily
660 2187 89 40 into
768 2190 162 40 contact
946 2183 99 45 with
1059 2183 239 57 *enemy.
1354 2179 85 41 The
1453 2178 110 41 force
1576 2181 41 37 of

280 2254 73 48 the
367 2252 181 53 Marquis
568 2265 57 34 na
644 2265 50 25 LA
709 2239 194 52 itomaise
920 2259 81 30 was
1015 2244 202 53 receiving
1225 2254 122 41 every
1363 2241 77 53 day
1455 2254 87 35 new
1556 2254 40 27 ac-

279 2311 260 59 cumulatiou
570 2311 52 41 of
650 2311 203 53 strength,
886 2308 80 41 and
1004 2315 43 32 at
1072 2306 67 40 the
1172 2306 97 40 date
1286 2302 48 40 of
1359 2302 72 40 the
1449 2301 76 40 last
1543 2302 53 44 dis
1596 2302 19 44 f

278 2357 182 72 patches,
478 2388 81 25 was
572 2372 221 53 computed
807 2376 44 40 At
862 2374 150 43 30,000
1025 2365 246 58 serviceable
1284 2375 103 41 men.
1419 2365 196 39 Pursuant

278 2439 48 38 to
344 2435 70 40 the
438 2434 314 57 extraordinary
788 2445 156 41 powers
967 2431 53 40 he
1041 2431 71 38 has
1131 2409 183 58 received
1332 2424 109 40 from
1462 2424 70 39 the
1547 2427 58 37 Su.

279 2511 141 43 preine
437 2498 145 48 Junta,
599 2494 52 41 he
669 2496 71 38 has
752 2493 175 53 adopted
943 2492 72 40 the
1033 2494 105 35 most
1154 2490 194 51 vigorous
1362 2497 201 31 measures
1574 2490 40 34 to

279 2572 184 27 encrease
493 2559 64 39 his
570 2557 187 40 effective
775 2554 207 56 strength,
1000 2554 80 40 and
1094 2558 43 34 to
1152 2550 110 43 form
1280 2546 268 56 immediately
1569 2561 46 26 an

281 2634 115 40 army
415 2621 45 39 of
470 2622 201 38 Reserve..
723 2620 73 38 His
809 2619 234 52 operations
1057 2626 102 28 were
1174 2609 215 44 combined
1400 2610 41 39 in
1457 2616 159 34 concert

282 2683 99 39 with
411 2683 116 39 those
562 2681 51 41 of
641 2694 77 28 our
751 2693 110 38 army
878 2695 11 28 ;
919 2678 81 41 and
1038 2676 128 40 whilst
1204 2674 71 40 the
1311 2670 142 41 British
1481 2678 135 47 troops

280 2745 193 41 attacked
493 2747 136 44 SQULT
648 2744 39 40 in
720 2756 78 26 one
819 2740 215 46 direction,
1063 2739 48 39 he
1129 2750 80 26 was
1226 2734 194 54 expected
1439 2740 45 35 to
1504 2747 113 27 move

280 2807 194 54 forward,
504 2805 41 41 in
561 2805 133 41 'Order
728 2810 44 34 to
806 2809 71 35 cut
898 2802 64 39 off
987 2802 70 39 the
1091 2797 221 57 possibility
1330 2796 48 40 of
1407 2807 26 28 a
1457 2800 157 35 retreat.

282 2871 90 39 The
391 2867 233 43 dictatorial
643 2867 156 53 '►tilers
814 2863 208 43 entrusted
1038 2868 41 34 to
1101 2862 85 39 him
1209 2861 39 38 in
1269 2859 79 39 this
1365 2870 252 41 emergency,

282 2933 80 39 and
385 2927 126 44 which
530 2928 115 56 place
664 2935 43 33 at
728 2928 61 39 his
811 2926 190 41 absolute
1030 2926 76 39 and
1139 2919 293 44 uncontrouled
1449 2919 167 53 disposal

280 2996 74 39 the
374 2993 242 56 population
640 2992 76 39 and
752 3000 203 30 resources
983 2987 51 40 of
1061 2985 74 41 Old
1156 2983 162 46 Castile,
1346 2983 126 44 Leon,
1504 2983 90 38 Astu-

282 3058 81 38 rias
384 3057 74 39 and
476 3053 189 45 Gallicia,
681 3053 178 54 promise
875 3052 67 38 the
961 3053 107 37 most
1084 3046 227 52 auspicious
1328 3047 293 47 consequences

281 3125 47 35 to
351 3120 66 39 the
437 3117 194 54 patriotic
651 3129 144 33 cause;
826 3115 174 40 because
1019 3111 60 40 his
1109 3106 227 57 patriotism
1363 3105 77 43 and
1455 3118 162 39 energy,

281 3182 194 53 together
495 3180 97 39 with
609 3178 61 40 his
690 3177 246 41 detestation
956 3174 52 41 of
1038 3172 69 39 the
1126 3168 200 46 invaders,
1346 3167 143 52 justify
1514 3181 44 26 us
1576 3172 43 33 to

283 3256 204 40 presume,
519 3241 92 41 that
632 3241 60 47 his
711 3239 86 40 zeal
819 3239 77 41 and
917 3230 300 59 prudeucewill
1238 3230 76 39 rise
1338 3229 94 41 with
1454 3229 70 39 the
1537 3229 60 40 exi-

283 3319 130 40 gency
442 3304 51 41 of
523 3304 72 40 the
632 3304 129 40 times.
834 3301 86 40 The
948 3295 170 57 spirited
1148 3291 299 57 proclamation
1474 3291 52 39 he
1552 3291 70 39 has

283 3367 214 53 published
514 3379 53 28 on
587 3366 69 39 the
674 3364 207 46 occasion,
909 3361 79 40 and
1007 3359 72 41 the
1095 3356 135 47 letter,
1250 3354 41 39 in
1307 3352 129 43 which
1453 3353 80 48 this
1551 3366 47 27 un-

283 3430 272 54 precedented
591 3428 208 52 authority
823 3426 33 40 is
875 3422 177 56 deputed
1080 3428 41 32 to
1152 3419 89 40 him

1260 3416 60 54 .by
1346 3415 69 41 the
1433 3418 191 50 Supreme

283 3495 149 46 Junta,
459 3506 71 27 are
570 3488 144 57 proofs
748 3489 51 40 of
826 3488 69 39 the
928 3483 223 43 resolution
1170 3478 99 44 with
1290 3476 129 43 which
1447 3477 70 40 the
1548 3480 50 38 Pa-

283 3557 123 40 triots
426 3554 138 43 intend
585 3559 45 35 to
648 3552 145 45 defend
811 3552 104 45 their
930 3552 191 46 country.

337 3656 148 44 Lisbon
507 3657 151 53 Papers
677 3659 44 35 to
742 3652 70 41 the
830 3656 86 37 21st
933 3648 74 41 ult.
1032 3643 156 44 arrived
1201 3638 418 56 onWednesdarlast:

282 3724 96 50 they
400 3720 100 41 were
530 3720 183 54 brought
743 3732 97 27 over
860 3718 51 52 by
934 3715 71 41 the
1025 3712 126 41 Niobe
1170 3707 164 56 frigate,
1355 3706 129 40 which
1502 3705 118 41 sailed

282 3804 53 40 on
351 3790 70 52 the
437 3788 94 41 22d.
580 3789 113 50 They
711 3785 167 47 contain
898 3795 112 41 some
1031 3793 94 40 very
1148 3775 231 52 interesting
1396 3767 85 45 news
1481 3767 21 45 .
1514 3770 106 41 from

285 3850 137 63 Slain,
442 3856 150 46 which,
613 3868 43 27 as
671 3854 92 51 they
783 3865 67 27 are
869 3843 325 47 communicated
1213 3843 40 38 in
1270 3854 51 27 an
1341 3839 145 41 official
1501 3830 131 52 forin,.

282 3922 66 53 lay
369 3927 143 48 strong
531 3921 142 40 claims
707 3926 46 33 to
791 3931 77 27 our
898 3914 136 41 belief.
1095 3915 198 37 PALAVOX
1313 3906 77 41 and
1410 3908 213 48 Saragossa

281 3989 109 39 have
412 3991 169 38 become
601 4002 100 25 once
723 3998 115 27 more
856 3984 158 50 objects
1035 3978 50 41 of
1108 3990 77 27 our
1204 3961 261 57 admiratiim,
1487 3969 74 40 and
1581 3971 46 37 of

280 4061 135 35 terror
433 4062 43 33 to
500 4056 71 40 the
591 4054 200 40 invaders.
847 4050 32 41 A
896 4061 98 40 very
1025 4046 110 52 tarp'
1157 4054 119 40 corps
1303 4038 50 41 of
1367 4037 72 41 the
1465 4048 157 40 enemy,

280 4124 223 51 consisting
543 4122 53 41 of
633 4126 143 39 15,000
809 4117 172 51 infantry
1023 4113 76 39 and
1127 4114 103 35 :2000
1252 4104 178 54 cavalry,
1457 4103 119 43 made
1602 4116 22 25 a

280 4191 201 52 vigorons
498 4189 144 40 attack
676 4201 52 25 on
750 4189 216 47 Saragossa
985 4194 54 24 on
1059 4179 69 39 the
1152 4181 54 35 tat
1225 4175 77 39 ult.
1324 4174 39 38 in
1380 4170 130 40 which
1530 4169 91 53 they

280 4269 106 28 were
420 4256 188 54 repulsed
625 4254 111 41 .with
758 4245 288 46 -considerable
1077 4245 90 41 loss.
1225 4243 111 52 They
1359 4237 180 45 renewed
1557 4235 81 41 the.

2931 172 27 12 -

1668 275 149 39 assault
1833 276 116 38 three
1962 274 220 40 successive
2196 278 131 44 times,
2344 274 79 40 and
2438 274 91 38 with
2548 273 120 52 equal
2688 283 167 28 success.
2900 276 19 33 i
2926 273 72 50 airy

1668 346 45 32 at
1729 339 78 40 last
1822 339 198 40 retreated
2049 338 295 53 precipitately,
2379 338 163 53 leaving
2580 343 105 33 2000
2714 337 102 39 dead
2852 337 151 39 behind

1671 404 124 40 them.
1827 405 87 40 The
1933 406 208 40 assailants
2157 404 175 41 directed
2350 404 106 39 their
2473 402 197 53 principal
2687 403 142 39 etlorts
2846 403 157 51 against

1674 471 69 38 the
1757 470 143 52 bridge
1928 472 48 38 of
2001 472 67 39 the
2104 469 115 41 canal
2248 470 48 39 of
2329 472 202 51 Arragun,
2559 470 180 51 through
2758 469 132 38 which
2911 470 93 52 they

1672 537 221 51 attempted
1916 541 40 33 to
1978 541 208 47 penetrate
2203 537 85 39 into
2311 536 69 38 the
2400 541 123 34 town.
2580 534 112 56 They
2714 535 76 39 had
2810 536 194 39 obtained

1687 602 200 39 .iissession
1904 602 48 39 of
1977 604 28 37 it
2026 602 115 39 three
2156 604 129 45 times,
2300 602 78 38 and
2399 613 102 27 were
2520 600 257 56 successfully
2797 601 209 54 dislodged

1674 669 52 48 by
1746 664 71 43 the
1848 666 175 54 intrepid
2057 672 270 48 Arragunese.
2385 667 86 38 The
2490 670 117 48 Corps
2640 667 48 38 of
2711 669 30 38 IN
2752 681 56 25 ET
2828 680 71 27 are
2914 681 70 39 sup-

1675 730 125 51 posed
1825 735 45 40 to
1906 730 105 43 have
2047 733 98 39 been
2185 733 180 52 engaged
2404 745 52 34 on
2491 732 70 39 the
2593 733 202 39 occasion.
2872 737 135 37 PALAs

1677 806 80 26 ecor,
1796 793 34 46 is
1877 806 77 35 one
1995 794 50 41 of
2082 796 117 38 those
2242 793 305 52 extraordinary
2589 795 265 51 apparitions,
2896 798 111 48 why,

1672 873 44 24 ss
1761 857 96 54 long
1905 873 44 30 as
1993 860 91 54 they
2127 863 149 38 remain
2317 872 54 27 on
2411 857 71 41 the
2520 870 131 34 scene,
2696 861 198 40 maintain
2934 846 80 58 un-
3014 846 27 58 1

1676 924 195 54 impaired
1909 925 71 40 the
2020 927 124 52 hopes
2176 926 48 41 of
2262 926 107 43 their
2400 930 170 47 country
2585 940 15 33 e
2648 926 76 39 and
2769 926 73 41 h6r
2882 932 103 39 situa-

1675 985 85 40 ii.:n
1802 998 118 28 never
1963 989 185 39 becomes
2190 989 220 51 desperate.
2479 986 85 38 The
2611 993 162 44 present
2813 990 112 38 crisis
2965 993 43 40 in,

1677 1046 126 40 which
1830 1048 118 52 Spain
1974 1048 32 38 is
2033 1048 155 52 placed,
2215 1049 32 40 is
2264 1046 217 59 peculiarly
2502 1049 175 51 adapted
2696 1046 65 43 for
2780 1051 226 56 producing
3018 1046 2 60 -

1677 1126 21 25 a
1741 1111 169 40 number
1946 1113 48 45 of
2022 1115 94 38 such
2150 1115 222 48 characters
2387 1129 13 28 ;
2430 1111 76 40 and
2539 1111 70 40 the
2640 1114 132 51 proud
2800 1120 215 44 conscious

1676 1173 111 51 spirit
1806 1173 48 40 of
1877 1173 71 41 the
1972 1173 115 48 hero,
2108 1178 78 38 and
2207 1176 65 39 the
2306 1187 93 31 man
2430 1172 48 40 of
2503 1174 157 50 genius,
2691 1175 247 44 unshackled
2959 1182 50 52 by

1680 1235 65 38 :!le
1766 1235 208 53 formality
2008 1238 47 38 of
2083 1235 259 54 application,
2368 1234 79 44 and
2479 1235 66 38 the
2572 1247 287 31 nauseousness
2877 1243 51 39 of
2940 1256 47 40 pa-

1677 1307 183 46 !ronage,
1878 1303 136 45 seizes,
2034 1317 40 25 as
2093 1303 63 52 his
2180 1303 119 53 right,
2328 1302 70 39 the
2417 1306 91 47 post
2528 1299 131 40 which
2686 1300 59 40 his
2763 1304 149 43 talents
2930 1310 78 39 and
3030 1299 4 57 •

1676 1380 177 39 courage
1881 1372 106 44 most
2021 1367 154 54 qualify
2206 1368 81 39 him
2321 1368 79 38 for.
2457 1365 86 39 The
2576 1367 167 52 Spanish
2776 1370 231 53 character,

1672 1431 203 41 exclusive
1912 1433 47 39 of
1988 1433 69 43 the
2091 1433 158 54 present
2277 1439 276 39 Occurrences,
2593 1444 46 25 so
2683 1431 246 46 favourable
2965 1443 70 37 to._

1677 1499 69 44 the
1772 1509 249 41 appearance
2052 1499 76 40 and
2156 1496 156 56 growth
2342 1496 50 39 of
2417 1507 246 28 uncommon
2691 1496 189 50 abilities,
2911 1502 33 40 is
2962 1504 53 41 of

1676 1561 91 46 that
1785 1563 207 53 dignified,
2011 1564 197 45 reserved,
2229 1563 76 50 and
2320 1566 104 35 most
2445 1561 200 39 romantic
2656 1559 112 48 kind,
2784 1565 132 40 which
2936 1569 70 39 en-
3006 1569 18 33 ,
3024 1569 18 33 t

1674 1626 169 52 genders
1858 1628 242 40 enthusiasm
2121 1628 77 39 and
2218 1629 69 38 the
2307 1628 145 40 ardent
2469 1628 117 51 spirit
2603 1626 51 40 of
2667 1630 241 50 enterprize.

1675 1691 201 54 weighing
1904 1693 105 40 their
2037 1693 170 46 chances
2233 1693 46 44 of
2311 1704 169 32 success,
2520 1701 60 28 we
2607 1690 107 40 have
2740 1693 124 40 taken
2896 1687 145 58 thesdJ,

1674 1753 188 53 qualities
1892 1755 256 52 particularly
2185 1755 81 38 into
2295 1752 296 40 consideration
2606 1766 13 30 ;
2661 1753 77 38 and
2771 1766 53 27 no
2859 1757 145 52 people

1680 1819 91 40 love
1796 1832 111 28 more
1928 1819 195 53 ardently,
2144 1832 47 26 or
2213 1818 200 41 entertain
2433 1830 24 33 a
2474 1817 145 58 higher
2639 1817 165 52 opinion
2823 1820 52 40 of
2898 1819 141 46 their.)

1676 1890 172 48 country
1869 1884 98 40 than
1988 1885 67 40 the
2076 1884 181 53 Spanish.

2590 1937 43 34 141
2653 1942 56 30 ..jj
2730 1943 41 30 Al
2781 1942 30 26 4
2946 1933 91 40 I*S

1731 2010 85 41 The
1830 2023 139 41 enemy
1983 2009 78 43 has
2086 2011 196 40 favoured
2302 2024 47 26 us
2367 2008 96 43 with
2483 2008 119 41 three
2617 1996 222 56 additional
2870 2013 133 44 Butte-
3027 2026 7 8 •

1680 2070 93 47 tins,
1805 2073 126 41 which
1950 2079 104 34 were
2070 2078 87 35 sent
2173 2074 38 37 in
2228 2073 70 38 the
2314 2083 116 28 same
2454 2083 168 26 manner
2640 2083 44 27 as
2696 2070 73 40 the
2789 2072 107 45 three
2896 2072 21 45 /
2917 2072 87 45 for.

1680 2146 99 28 tiler.
1835 2135 111 54 They
1967 2148 103 27 were
2086 2134 129 40 found
2230 2135 37 38 in
2282 2146 54 27 an
2354 2145 107 41 open
2481 2133 98 39 boat
2598 2133 66 40 off
2670 2133 228 56 Boulogne,
2924 2139 83 39 'and

1678 2196 253 39 transmitted
1961 2200 45 37 to
2026 2199 280 48 government.
2362 2194 76 39 We
2466 2193 289 54 acknowledge
2785 2206 27 27 a
2820 2192 24 44 e
2859 2198 78 40 feel
2952 2199 65 41 no'

1680 2256 113 41 small
1813 2257 144 53 degree
1976 2257 50 40 of
2048 2256 181 54 pleasure
2249 2261 40 35 at
2326 2256 71 40 the
2417 2256 171 40 anxious
2604 2256 129 41 desire
2765 2249 70 50 the
2867 2264 141 47 tyrant
3030 2252 8 54 `

1695 2319 193 39 nanifests
1917 2324 45 33 to
1994 2319 154 53 impose
2184 2331 70 34 on,
2281 2331 48 26 or
2359 2319 247 46 dishearten,
2634 2317 71 40 the
2735 2329 272 43 government
3027 2331 6 6 '

1677 2379 80 40 and
1806 2379 138 54 public
1976 2379 51 40 of
2049 2379 79 41 this
2144 2385 171 48 country
2339 2379 52 53 by
2413 2391 135 27 means
2567 2378 52 43 of
2650 2379 109 40 these
2794 2383 209 43 Bulletins,

1680 2440 107 41 With
1822 2441 59 40 his
1910 2440 301 41 characteristic
2244 2440 239 53 impudence
2516 2439 79 41 and
2614 2439 222 50 falsehood,
2868 2444 50 38 he
2939 2435 70 50 has

1676 2503 74 39 not
1768 2503 98 39 been
1894 2502 109 48 able,
2030 2502 203 47 however,
2262 2506 44 34 to
2326 2502 141 39 invent
2489 2513 24 27 a
2543 2502 130 52 single
2693 2502 195 52 plausible
2908 2507 97 46 fact,

1677 2563 128 40 which
1838 2563 119 41 could
1989 2563 163 53 justify,
2200 2564 39 38 in
2272 2575 26 28 a
2336 2562 177 54 military
2544 2561 115 56 point
2686 2564 51 40 of
2772 2567 118 48 view,
2939 2569 69 47 the

1678 2626 163 41 trouble
1870 2626 52 40 of
1946 2626 159 53 writing
2126 2626 126 39 them.
2309 2627 45 38 In
2374 2626 81 39 this
2483 2637 110 26 sense
2626 2626 94 52 they
2739 2629 164 38 contain
2937 2644 47 25 no-

1680 2691 116 52 thing
1815 2688 46 40 of
1877 2689 250 52 importance
2146 2688 74 39 but
2238 2687 67 39 the
2328 2688 213 38 surrender
2558 2687 51 38 of
2620 2689 152 45 Rosas;
2803 2691 71 39 the
2895 2694 113 39 truth

1678 2748 51 40 of
1752 2750 128 40 which
1916 2763 59 26 we
2003 2761 67 28 are
2104 2748 171 40 inclined
2294 2753 45 34 to
2357 2750 126 51 reject
2504 2747 241 54 absolutely.
2802 2753 65 38 He
2888 2753 119 41 knew

1678 2811 33 41 it
1731 2811 183 54 required
1945 2824 26 27 a
1985 2810 274 43 considerable
2278 2810 99 40 time
2395 2810 141 40 before
2556 2824 60 26 we
2652 2813 118 39 could
2805 2819 201 38 ascertain
3028 2807 6 6 •

1678 2872 178 40 whether
1884 2872 92 40 that
2002 2872 167 39 fortress
2204 2872 78 39 had
2313 2871 246 54 capitulated
2575 2889 12 30 ;
2636 2872 76 39 and
2743 2875 78 38 this
2855 2878 133 39 einbel-

1680 2933 185 43 lishment
1881 2946 79 27 was
1980 2931 332 53 unquestionably
2331 2944 207 40 necessary
2563 2939 43 32 to
2623 2933 93 51 give
2735 2936 78 39 this
2839 2940 171 48 journal

1680 2996 71 39 the
1778 3008 252 40 appearance
2056 2995 48 40 of
2133 3008 26 26 a
2177 2993 177 56 military
2375 3007 94 33 one,
2498 2994 74 39 and
2609 3001 43 33 to
2673 2996 103 53 keep
2796 3012 53 39 up
2871 3014 50 25 an
2943 2986 67 70 ap-
3011 2986 22 70 ,

1680 3070 201 41 pearance
1897 3057 50 41 of
1970 3056 61 41 his
2049 3057 123 53 being
2190 3056 90 40 able
2297 3061 44 34 to
2361 3061 170 33 execute
2551 3056 61 39 his
2631 3059 177 38 vaunted
2846 3074 169 30 menace

1783 3120 109 39 That
1910 3123 72 37 not
2001 3131 25 27 a
2044 3117 125 54 single
2190 3115 149 54 village
2357 3116 133 41 would
2510 3117 50 39 be
2580 3119 37 37 in
2637 3131 24 26 a
2680 3125 103 34 state
2815 3120 51 39 of
2890 3109 146 56 insur-'

1682 3180 169 47 rection,
1878 3193 78 27 nor
1969 3193 26 26 a
2011 3180 143 40 British
2176 3177 145 41 soldier
2336 3178 39 40 in
2396 3180 136 52 Spain,
2562 3184 45 34 at
2626 3180 70 39 the
2714 3181 230 53 expiration
2974 3184 53 41 of

1684 3244 73 39 last
2020 3241 130 39 These
2174 3239 209 47 Bulletins,
2413 3244 43 33 at
2484 3237 115 50 least,
2627 3242 54 38 do
2709 3247 72 34 not
2800 3247 164 38 contain
2995 3262 25 26 a

1681 3305 129 53 single
1826 3315 255 33 occurrence,
2108 3301 132 40 which
2272 3314 76 27 can
2378 3301 145 39 induce
2559 3314 48 27 us
2639 3305 44 35 to
2711 3302 156 40 believe
2888 3304 38 38 in
2950 3306 84 50 the,

1682 3366 224 54 possibility
1925 3364 47 41 of
1996 3364 71 40 the
2085 3363 234 48 execution,
2348 3376 104 27 even
2473 3369 41 33 at
2533 3363 69 40 the
2619 3363 230 53 expiration
2872 3365 51 38 of
2955 3366 80 41 the.

1683 3432 159 48 present
1860 3439 111 40 year.
2028 3428 112 51 They
2161 3425 79 39 still
2276 3430 206 47 represent
2502 3424 84 40 him
2608 3425 41 37 in
2670 3425 69 39 the
2769 3428 228 52 neighbour-

1681 3490 112 39 hood
1812 3487 50 40 of
1884 3485 174 48 Madrid,
2086 3487 79 39 and
2183 3487 54 39 do
2256 3493 71 33 not
2346 3487 164 40 contain
2536 3500 24 26 a
2580 3487 129 45 word,
2738 3487 128 40 which
2893 3491 130 50 mignt

1684 3550 144 40 induce
1841 3562 47 28 us
1902 3554 45 35 to
1959 3547 156 41 believe
2135 3549 92 40 that
2246 3549 50 40 he
2313 3548 202 40 favoured
2536 3549 70 38 the
2623 3548 248 41 inhabitants
2891 3552 51 39 of
2957 3553 69 39 the

1683 3611 149 54 capital
1850 3609 96 40 with
1967 3609 70 40 the
2054 3609 161 40 honour
2236 3608 45 41 of
2306 3622 25 26 a
2349 3609 109 40 visit.

1739 3674 86 39 The
1843 3673 87 40 first
1946 3671 46 40 of
2016 3672 110 40 these
2147 3672 209 46 Bulletins,
2389 3673 71 37 the
2484 3671 90 41 17th
2611 3671 39 39 in
2673 3672 161 52 regular
2867 3687 135 27 succes-

1683 3736 106 46 sion,
1808 3733 116 41 dated
1954 3735 171 46 Madrid,
2161 3737 98 35 Dec.
2284 3733 112 46 10th,
2415 3735 119 38 refers
2556 3733 94 52 only
2672 3741 45 32 to
2745 3738 180 41 reviews,
2946 3738 79 39 and

1685 3803 44 34 to
1748 3811 25 27 a
1794 3809 92 41 very
1909 3796 170 39 obscure
2096 3795 80 39 and
2198 3794 230 41 undetailed
2457 3801 175 33 account
2666 3794 50 39 of
2741 3810 112 25 some
2872 3811 154 26 success

1687 3857 129 41 which
1835 3857 71 39 the
1928 3856 123 40 Duke
2079 3857 48 39 of
2157 3860 143 37 IsstatA
2322 3857 195 39 obtained
2548 3869 102 27 over
2897 3857 125 40 which

1682 3919 172 43 covered
1874 3920 70 39 the
1965 3922 148 34 retreat
2133 3918 53 39 of
2202 3920 202 38 CASTANOS
2404 3920 26 38 .
2451 3931 130 38 army.
2631 3918 84 38 The
2738 3917 135 47 hitter,
2895 3919 40 39 in
2957 3921 67 38 the

1674 3981 124 44 :usual
1815 3981 102 53 style
1931 3984 43 37 of
1995 3981 148 39 French
2157 3981 292 52 depreciation,
2467 3981 28 38 is
2511 3981 128 38 stated
2656 3987 40 32 to
2715 3981 102 39 have
2833 3983 194 39 amount.:

1672 4045 59 40 'ed
1762 4049 45 34 to
1835 4043 53 39 nci
1903 4056 116 26 more
2039 4043 96 39 than
2177 4046 103 34 6000
2311 4056 90 26 men
2420 4059 11 28 ;
2466 4043 157 50 though
2661 4043 30 38 it
2720 4043 37 38 is
2789 4043 243 47 mentioned,

1684 4106 91 40 that
1811 4109 221 44 BESSIERES
2031 4109 25 44 )
2104 4106 40 39 in
2178 4104 213 52 attacking
2424 4104 69 40 the
2520 4119 133 39 corps,
2692 4102 129 43 which
2851 4103 177 41 coVezed

1682 4169 107 40 their
1820 4168 38 40 fli
1863 4169 91 52 ght,
1989 4168 102 39 took
2126 4172 102 34 1000
2274 4167 214 53 prisoners.
2545 4167 99 39 This
2672 4168 30 37 is
2737 4167 136 39 rather
2889 4180 25 25 a

2931 4172 72 34 con-

1670 4221 250 53 siderablei
1920 4231 187 51 number;
2144 4230 253 53 considering
2434 4230 91 40 that
2563 4230 74 41 the
2673 4228 196 54 principal
2908 4243 119 40 corps

922 65 2 8 .
2471 65 5 8 .

2472 93 5 9 .
3067 93 8 9 .

2797 102 5 4 •

272 133 162 61 JAN.
471 136 54 52 S.
567 131 9 6 -
1154 141 146 53 THE
1330 144 376 52 NATIONAL
1740 143 377 54 REGISTER.
2931 136 63 35 0.;

2931 159 102 25 ~......-..

274 261 180 50 Channel
477 270 128 44 heels,
624 267 130 40 would
784 270 158 51 compel
964 272 70 39 the
1048 283 138 41 enemy
1206 279 46 34 to
1270 274 102 54 keep
1398 288 53 27 an
1467 275 135 41 armed
1668 275 149 39 assault
1833 276 116 38 three
1962 274 220 40 successive
2196 278 131 44 times,
2344 274 79 40 and
2438 274 91 38 with
2548 273 120 52 equal
2688 283 167 27 success.
2889 273 109 50 alley

273 330 118 44 force
407 330 51 40 of
475 341 116 27 more
609 330 99 39 than
732 334 145 41 50,000
899 344 90 26 men
1007 331 65 40 fur
1088 333 67 48 the
1174 332 162 46 defence
1350 335 50 53 Of
1421 335 104 50 their
1538 348 70 28 ex-
1668 346 45 32 at
1729 339 78 40 last
1822 339 198 40 retreated
2049 338 295 53 precipitately,
2379 338 163 53 leaving
2580 343 105 33 2000
2714 338 102 38 dead
2852 337 151 39 behind

276 394 155 40 tensive
452 392 80 40 hue
552 391 51 40 of
617 397 130 35 coast.
801 394 86 39 The
904 405 171 41 ravages
1101 393 70 41 the
1201 407 141 44 enemy
1367 396 104 54 have
1499 411 105 28 COM-
1671 404 124 40 them.
1827 405 87 40 The
1933 406 208 40 assailants
2157 404 175 41 directed
2350 404 106 39 their
2473 402 197 53 principal
2687 403 142 39 edurts
2846 403 157 51 against

276 456 144 40 miffed
452 456 40 39 in
516 455 138 52 Spain,
683 454 146 52 justify
857 454 72 50 the
958 455 198 54 principle
1175 456 50 52 pf
1251 458 227 53 reteliation
1494 475 13 38 ;
1533 472 71 39 env
1674 471 69 38 the
1757 470 143 52 bridge
1928 472 48 38 of
2001 472 67 39 the
2104 469 115 41 canal
2248 470 48 39 of
2329 472 202 51 Arragun,
2559 470 180 51 through
2758 469 132 38 which
2911 470 93 52 they
3035 493 6 7 •
3275 454 5 70 ,

275 519 35 43 it
348 516 31 40 is
415 516 48 41 of
494 517 72 39 the
596 524 107 33 most
738 520 145 50 urgent
909 516 191 54 necessity
1130 523 46 35 to
1209 517 120 44 make
1361 520 69 43 the
1457 524 135 38 Frenc!
1642 516 2 54 ,

1672 537 221 51 attempted
1916 541 40 33 to
1978 541 208 47 penetrate
2203 537 85 39 into
2311 536 69 38 the
2400 541 123 34 town.
2580 534 90 39 The
2670 548 21 41 y
2714 535 76 39 had
2810 536 194 39 obtained

278 578 81 44 feel
378 579 69 39 the
467 578 224 50 calamities
719 578 50 39 of
784 591 94 27 war.
933 578 135 40 While
1087 579 104 51 their
1207 587 191 47 property
1426 582 78 47 and
1522 592 1644 46 per-,
3185 578 5 60 '

1676 602 210 39 ..session
1904 602 48 39 of
1977 604 28 37 it
2026 602 115 39 three
2156 604 129 45 times,
2300 615 50 25 an
2354 602 24 38 d
2399 613 102 27 were
2520 600 257 56 succtssfully
2797 601 209 54 dislodged

280 656 96 26 sons
402 654 70 27 are
490 654 152 33 secure,
676 641 91 51 they
791 652 66 27 arc
886 640 196 54 perfectly
1104 643 210 40 insensible
1331 648 46 34 to
1407 643 51 46 its
1483 646 119 37 coati-

1674 669 52 48 by
1746 664 71 43 the
1848 666 175 54 intrepid
2057 672 270 48 Arragunese.
2385 667 86 38 The
2490 670 117 48 temps
2640 667 48 38 of
2711 669 30 38 IN
2752 681 56 25 ET
2828 680 71 27 are
2914 681 92 39 sup-

283 717 159 26 nuance
457 719 12 30 ;
502 703 76 41 hut
605 716 43 26 as
676 715 102 27 soon
809 711 50 30 as'
881 703 105 40 their
1006 702 123 47 cattle
1160 716 70 37 are
1263 706 39 37 iu
1319 704 94 53 •dan
1414 704 24 53 g
1437 704 71 53 er,
1533 707 76 39 and

1675 730 125 51 posed
1825 735 45 40 to
1906 730 105 43 have
2047 733 98 39 been

1796 793 34 39 is
2185 733 180 52 ene,aecl
2404 745 52 34 en
2491 732 70 39 the
2593 733 202 39 occasion.
2872 737 135 37 PALAs
3033 733 9 11 '

283 765 111 53 their
415 765 146 40 houses
596 763 177 56 exposed
794 767 44 38 to
872 764 169 52 plunder
1071 764 77 50 ;nd
1180 765 311 54 conflagration,
1509 767 100 39 their

1677 806 80 26 emr,
1877 806 77 35 one
1995 794 50 41 of
2082 796 117 38 those
2242 793 305 52 extraordinary
2589 795 265 51 apparitions,
2896 780 117 67 why,
3013 780 30 67 /

279 828 103 40 loud
415 840 201 27 murmers
651 837 94 41 may
778 826 152 52 impose
980 839 112 30 some
1129 828 185 45 restraint
1348 840 51 28 or
1426 827 71 48 the
1522 833 77 33 win
3008 826 5 53 •
3024 846 19 21 1
3130 826 4 53 •
3156 826 5 53 •

1672 873 44 24 d'i
1761 857 96 54 long
1905 873 44 30 as
1993 860 91 54 they
2127 863 149 38 remain
2317 872 54 27 on
2411 857 71 41 the
2520 870 131 34 scene,
2696 861 198 40 maintain
2934 878 71 26 un-

280 889 201 40 ambition
503 888 51 41 of
567 889 105 40 their
702 888 202 45 ferocious
934 894 151 46 tyrant.
1140 887 77 43 We
1234 889 125 46 abhor
1378 891 70 44 the
1465 888 87 54 Om
1569 891 40 52 pi
3187 904 6 6 -

281 953 272 52 augmenting
570 951 67 40 the
657 948 223 41 calamities
909 948 52 40 of
992 961 81 30 war
1089 966 12 28 ;
1130 948 76 41 but
1226 948 206 54 humanity
1454 963 87 40 may
1676 924 195 53 impaired
1909 925 71 40 the
2020 927 124 52 hopes
2176 926 48 41 of
2262 926 107 43 their
2400 938 103 27 coun
2509 930 14 35 t
2528 939 73 38 ry;
2648 926 76 39 and
2769 926 73 41 her
2882 932 61 39 sit
2943 932 40 39 ua
2983 932 21 39 -

1563 952 39 37 be
1775 952 5 37 •

278 1015 227 41 benefitted
519 1015 50 52 by
589 1015 67 39 the
669 1020 141 34 severe
828 1012 78 40 and
924 1011 197 56 vigorque
1139 1023 202 31 measures
1357 1024 61 30 we
1434 1012 105 50 have
1553 1025 56 27 re-
1641 986 5 80 '
1675 998 85 27 4.1.'n
1802 998 118 28 never
1963 989 185 39 becomes
2190 989 220 51 desperate.
2479 986 85 38 The
2611 993 162 44 present
2813 990 112 38 crisis
2965 993 14 40 i
2979 993 14 40 n
2993 993 14 40 ,

279 1077 285 43 commended.
1907 1048 8 8 .
1677 1046 126 40 which
1830 1049 118 51 Spate
1974 1048 32 38 is
2033 1048 155 52 placed,
2215 1049 32 40 is
2264 1046 217 59 peculiarly
2502 1049 175 51 adapted
2696 1046 65 43 for
2780 1051 226 56 producing

873 1140 175 25 —.......
1677 1126 21 25 a
1741 1111 169 40 number
1946 1113 48 45 pf
2022 1115 94 38 such
2150 1115 222 48 characters
2387 1129 13 28 ;
2430 1111 76 40 and
2539 1111 70 40 the
2640 1114 132 51 proud
2800 1120 215 44 conscious

331 1192 38 41 A
389 1191 176 44 number
583 1191 51 41 of
659 1196 161 50 reports
837 1191 226 54 prevailed,
1091 1191 78 45 and
1188 1204 107 32 were
1320 1191 180 44 received
1518 1191 92 43 with
1676 1173 18 51 s
1694 1173 18 51 p
1711 1173 38 51 ir
1749 1173 19 51 i
1768 1173 19 51 t
1806 1173 24 40 o
1830 1173 25 40 f
1877 1173 24 41 t
1900 1173 47 41 he
1972 1173 91 48 hero
2063 1173 24 48 ,
2108 1178 78 38 and
2207 1176 65 39 the
2306 1187 93 31 man
2430 1172 48 40 of
2503 1174 22 50 g
2525 1174 135 50 enius,
2691 1175 24 44 u
2714 1175 25 44 n
2739 1175 198 44 shackled
2959 1182 50 52 by
3031 1172 5 74 ,

278 1243 174 65 avidity,
480 1254 150 53 during
651 1253 70 41 the
741 1267 141 27 course
900 1254 48 39 of
971 1243 73 51 the
1067 1257 129 44 meek,
1225 1256 47 39 of
1294 1252 126 54 cgual
1442 1266 161 35 revers..
1680 1252 6 21 :
1698 1246 46 27 :le
1766 1235 208 56 formality
2008 1238 47 38 of
2083 1235 259 54 application,
2368 1234 79 44 and
2479 1235 66 38 the
2572 1247 287 31 nauseousness
2877 1243 51 39 of
2940 1256 71 40 pa-

279 1317 204 41 sustained
514 1317 51 53 by
591 1318 69 39 the
679 1329 159 40 enemy.
895 1319 87 37 One
1003 1315 50 40 of
1076 1306 110 50 these
1206 1316 143 44 stated,
1378 1328 53 26 on
1457 1315 69 39 the
1544 1329 66 25 au-
1677 1307 183 46 *renege,
1878 1303 136 45 seizes,
2034 1317 40 25 as
2093 1303 63 57 his
2180 1303 119 53 right,
2328 1302 70 39 the
2417 1306 91 47 post
2528 1299 131 40 which
2686 1300 59 40 his
2763 1304 149 43 talents
2930 1310 78 39 and
3030 1299 4 71 •

280 1368 156 64 thority
455 1380 51 39 of
534 1391 25 25 a
579 1378 119 40 letter
715 1378 106 40 from
844 1380 122 52 Vigo,
994 1378 90 40 that
1100 1376 163 57 general
1283 1388 193 30 massacre
1487 1376 47 39 of
1547 1376 61 40 tin,
1676 1380 177 39 courage
1881 1372 106 44 most
2021 1367 154 54 qualify
2206 1368 81 39 him
2321 1368 79 38 for.
2457 1365 86 39 The
2576 1367 167 52 Spanish
2776 1370 231 53 character,

280 1426 156 56 French
474 1440 80 40 had
594 1440 124 41 taken
750 1433 115 60 place
901 1440 41 39 in
983 1439 176 48 Madrid,
1188 1452 54 26 on
1276 1439 124 39 which
1430 1439 181 39 occasiui.
1674 1431 202 41 exclusive
1912 1433 47 39 of
1988 1433 69 43 the
2091 1433 158 54 present
2277 1439 276 39 Occurrences,
2593 1444 46 25 so
2683 1431 246 46 favourable
2965 1443 45 37 to
3026 1475 8 4 _
3253 1416 8 48 I

280 1506 148 41 26,000
446 1504 81 39 had
549 1502 99 39 been
669 1500 141 47 killed,
839 1502 78 39 and
945 1500 72 40 the
1050 1506 80 37 rest
1162 1499 139 41 forced
1324 1504 44 35 to
1388 1499 223 50 surrender.
1677 1500 69 43 the
1772 1509 249 41 appearance
2052 1499 76 40 and
2156 1496 156 56 growth
2342 1496 50 39 of
2417 1507 246 28 uncommon
2691 1496 189 50 abilities,
2911 1502 33 40 is
2962 1504 74 41 oft
3214 1496 4 56 .

280 1560 187 46 Another
488 1579 170 27 rumour
690 1564 133 40 stated
852 1577 25 26 a
911 1569 120 48 great
1068 1561 151 53 victory
1256 1561 189 40 obtained
1475 1560 51 53 by
1546 1559 67 40 the
1645 1559 5 58 ,
1676 1561 91 46 that
1785 1563 207 53 dignified,
2011 1564 197 45 reserved,
2229 1563 76 50 and
2320 1566 104 35 most
2445 1561 200 39 romantic
2656 1559 112 48 kind,
2784 1565 132 40 which
2936 1569 119 39 en-:t'

282 1629 141 40 united
455 1628 151 40 British
638 1628 79 39 and
749 1626 165 53 Spanish
935 1625 161 46 armies,
1124 1626 40 38 in
1194 1623 70 39 the
1281 1620 330 57 neighbourhood
1674 1626 169 52 genders
1858 1628 242 40 enthusiasm
2121 1628 77 39 and
2218 1629 69 38 the
2307 1628 145 40 ardent
2469 1628 117 51 spirit
2603 1626 51 40 of
2667 1630 241 50 enterprize.
2960 1636 45 38 In
3025 1631 12 28 4
3196 1633 19 12 ..

282 1690 51 40 of
361 1690 66 40 the
446 1689 167 54 capital,
654 1689 39 39 in
719 1688 132 40 which
872 1688 67 39 the
959 1698 144 50 enemy
1124 1697 102 43 were
1246 1684 81 39 said
1354 1689 45 34 to
1419 1683 103 39 have
1543 1683 66 38 lobs
1675 1691 201 54 weighing
1904 1693 105 40 their
2037 1693 170 39 chances
2233 1693 46 39 of
2311 1704 169 32 success,
2520 1701 60 28 we
2607 1690 107 40 have
2740 1693 124 40 taken
2896 1687 154 58 thesej.
3094 1683 4 65 •
3207 1683 11 13 ~

282 1757 106 37 9000
407 1766 91 27 men
520 1749 129 43 killed
674 1752 78 39 and
776 1736 142 61 14,000
954 1749 221 54 prisoners:
1208 1747 71 40 the
1306 1734 162 69 English
1500 1757 105 40 army
1674 1753 188 53 qualities
1892 1755 256 52 particularly
2185 1755 81 38 into
2295 1752 296 40 consideration
2606 1766 13 30 ;
2661 1753 77 38 and
2771 1766 53 27 no
2859 1757 145 52 people

279 1817 83 39 bad
381 1821 76 34 700
477 1807 142 48 killed.
677 1815 73 38 We
767 1826 71 26 are
852 1825 113 44 sorry
986 1818 44 34 to
1050 1817 107 47 state
1170 1809 91 40 that
1276 1808 156 54 neither
1450 1806 48 41 of
1508 1807 106 40 these
1680 1819 91 40 love
1796 1832 111 28 more
1928 1819 195 53 ardently,
2144 1832 47 26 or
2213 1818 200 43 entertain
2432 1830 26 34 a
2473 1817 146 58 higher
2637 1817 167 53 opinion
2822 1820 53 41 of
2898 1819 141 46 their.)
3097 1866 6 5 .

281 1881 159 48 reports
456 1891 107 35 were
582 1876 267 43 corroborate
850 1874 25 40 d
888 1876 48 52 by
945 1870 4 69 .
960 1876 243 52 subsequent
1225 1870 253 54 intelligence
1492 1887 12 30 ;
1541 1872 71 37 and
1676 1890 97 34 coun
1773 1890 25 34 t
1798 1890 25 34 r
1825 1898 24 40 y
1869 1884 98 40 than
1988 1885 67 40 the
2076 1870 293 69 Spanish.
2479 1870 37 69 ,
2552 1870 110 69 ,41
2686 1879 126 30 —ow.
2841 1889 30 20 1.
2931 1894 17 13 ~
2983 1872 18 35 .:
3015 1881 27 26 a

280 1941 77 40 the
369 1939 120 41 latest
506 1938 163 41 advices
687 1936 109 41 from
814 1949 77 28 our
908 1949 116 40 army
1046 1935 120 40 make
1194 1946 56 26 no
1271 1933 180 52 mentiqa
1470 1931 47 40 of
1541 1944 70 40 any
2241 1952 191 20 _—.....--
2533 1931 4 58 .
2554 1946 6 6 -
2577 1933 56 37 !id
2653 1931 4 58 •
2670 1943 37 28 1,4
2731 1944 39 28 -4'
2783 1942 28 26 4
2826 1946 83 26 Avg
2926 1949 12 17 7
2956 1950 8 19 :
2976 1933 59 40 NI:
3135 1948 13 6 -
3215 1931 4 58 •

281 2002 98 43 such
407 1996 281 48 occurrences.
742 2001 77 39 We
835 1997 77 48 feel
938 1987 70 56 the
1028 2002 177 50 greatest
1220 1994 265 45 satisfaction,
1511 1994 106 38 how-

276 2044 14 9 ..
1731 2010 85 41 The
1830 2023 139 41 enemy
1983 2009 78 43 has
2086 2011 196 40 favoured
2302 2024 47 26 us
2367 2008 96 43 with
2483 2008 119 41 three
2617 2007 222 45 additional
2870 2013 133 44 Butte-
3015 1994 24 44 4
3176 1994 4 71 ..

281 2078 113 39 ever,
415 2065 39 40 in
469 2065 155 52 stating
635 2065 92 39 that
741 2074 78 28 our
836 2060 165 41 soldiers
1016 2059 118 54 enjoy
1153 2046 70 53 the
1241 2044 157 65 highest
1419 2055 144 53 degree
1576 2059 39 35 ot
1680 2070 93 47 tins,
1805 2066 126 48 which
1950 2079 104 34 were
2070 2078 87 35 sent
2173 2074 38 37 in
2228 2073 70 38 the
2314 2083 116 28 same
2454 2083 168 26 manner
2640 2083 44 27 as
2696 2070 73 40 the
2789 2066 109 51 three
2897 2066 21 51 /
2919 2066 87 51 for.
3022 2068 18 25 r
3057 2044 5 73 .
3209 2044 5 73 •

280 2125 139 43 health
441 2126 78 43 and
552 2122 150 59 spirits,
731 2122 79 41 and
831 2112 170 61 hreathe
1020 2121 69 40 the
1116 2125 107 46 most
1258 2118 139 41 ardent
1414 2117 131 41 desire
1576 2127 39 30 at
1680 2146 99 28 mer.
1835 2135 111 54 They
1967 2148 103 27 were
2086 2134 129 40 found
2230 2135 37 38 in
2282 2146 54 27 an
2354 2145 107 41 open
2481 2133 98 39 boat
2598 2133 300 56 offßoulogne,
2924 2131 72 48 'encl
2996 2131 30 48 .,
3026 2131 15 48 '
3139 2143 19 40 -
3158 2143 38 40 7,

57 2173 5 7 ,

281 2189 164 53 coming
459 2186 178 56 speedily
660 2187 89 40 into
768 2190 162 50 contact
946 2183 99 45 with
1059 2183 69 57 tile
1137 2193 161 40 enemy.
1354 2179 85 41 The
1453 2178 110 41 force
1576 2181 41 37 of
1678 2196 253 39 transmitted
1961 2200 45 37 to
2026 2199 280 48 government.
2362 2194 76 39 We
2466 2193 289 54 acknowledge
2785 2192 59 44 vie
2859 2198 78 40 feel
2952 2191 33 50 no
2985 2191 17 50 .
3001 2191 17 50 '
3030 2184 9 31 t

280 2254 73 39 the
367 2252 181 53 Marquis
568 2265 57 34 na
644 2265 50 25 LA
709 2239 194 52 RoMANA
920 2259 81 30 was
1015 2244 202 53 receiving
1225 2254 122 41 every
1363 2241 77 53 day
1455 2254 87 35 new
1556 2254 59 27 ac-
1680 2256 113 41 small
1813 2257 144 53 degree
1976 2257 50 40 of
2048 2256 181 54 pleasure
2249 2261 40 35 at
2326 2256 71 40 the
2417 2256 171 40 anxious
2604 2256 129 41 desire
2765 2249 70 50 the
2867 2250 149 61 tyrant'
3030 2250 11 71 rf
3169 2244 44 13 ...

279 2311 260 47 cumulation
570 2311 52 41 of
650 2311 203 53 strength,
886 2308 80 41 and
1004 2315 43 32 at
1072 2306 67 40 the
1172 2306 26 40 d
1201 2309 67 35 ate
1286 2302 48 40 of
1359 2302 72 40 the
1449 2301 76 40 last
1543 2302 53 44 dis
1596 2302 19 44 f
1662 2301 5 71 '
1695 2319 64 39 nan
1759 2319 43 39 if
1801 2319 86 39 ests
1917 2324 45 33 to
1994 2319 25 53 i
2019 2319 129 53 mpose
2184 2331 70 34 on,
2281 2331 48 26 or
2359 2319 45 46 di
2404 2319 22 46 s
2426 2319 22 46 h
2448 2319 135 46 earten
2583 2319 22 46 ,
2634 2317 24 40 t
2657 2317 24 40 h
2681 2317 24 40 e
2735 2326 300 46 government'

278 2357 182 72 patches,
478 2388 81 25 was
572 2372 221 53 computed
807 2376 44 45 at
862 2374 150 43 30,000
1025 2365 246 58 serviceable
1284 2375 103 41 men.
1419 2365 196 39 Pursuant
1677 2379 80 40 and
1806 2379 138 54 public
1976 2379 51 40 of
2049 2379 79 41 this
2144 2385 171 48 country
2339 2379 52 53 by
2413 2391 135 27 means
2567 2378 52 43 of
2650 2379 109 40 these
2794 2383 209 45 Bulletins,

278 2439 48 38 to
344 2435 70 40 the
438 2434 314 57 extraordinary
788 2445 156 41 powers
967 2431 53 40 he
1041 2431 71 38 has
1131 2409 183 58 received
1332 2424 109 40 from
1462 2424 70 39 the
1547 2427 58 37 Su.
1680 2440 107 41 With
1822 2441 59 40 his
1910 2440 301 41 characteristic
2244 2440 239 53 impudence
2516 2439 79 41 and
2614 2439 222 50 falsehood,
2868 2444 50 38 he
2939 2435 98 56 has..

279 2511 141 43 preine
437 2498 145 48 Junta,
599 2494 52 41 he
669 2496 71 38 has
752 2493 175 53 adopted
943 2492 72 40 the
1033 2494 105 35 most
1154 2490 194 51 vigorous
1362 2497 201 31 measures
1574 2490 40 34 to
1676 2503 74 39 not
1768 2503 98 39 been
1894 2502 109 48 able,
2030 2502 203 47 however,
2262 2506 44 34 to
2326 2502 141 39 invent
2489 2513 24 27 a
2543 2502 130 52 single
2693 2502 195 52 plausible
2908 2489 106 65 fact,
3014 2489 21 65 4

279 2572 184 27 encrease
493 2559 64 39 his
570 2557 187 40 effective
775 2554 207 57 strength,
1000 2554 80 40 and
1094 2558 43 34 to
1152 2550 110 43 form
1280 2546 268 56 immediately
1569 2561 46 26 an
1677 2563 128 40 which
1838 2563 119 41 could
1989 2563 163 53 justify,
2200 2564 39 38 in
2272 2575 26 28 a
2336 2562 177 54 military
2544 2561 115 56 point
2686 2564 51 40 of
2772 2567 118 48 view,
2939 2569 70 39 the
3022 2551 17 27 i•

281 2634 115 40 army
415 2621 45 39 of
470 2622 201 38 Reserve..
723 2620 73 38 His
809 2619 234 52 operations
1057 2626 102 28 were
1174 2609 215 44 combined
1400 2610 41 39 in
1457 2616 159 34 concert
1678 2626 163 41 trouble
1870 2626 52 40 of
1946 2626 159 53 writing
2126 2626 126 39 them.
2309 2627 45 38 In
2374 2626 81 39 this
2483 2637 110 26 sense
2626 2626 94 52 they
2739 2629 164 38 contain
2937 2644 72 25 no-
3024 2619 11 24 r
3046 2609 4 70 •

282 2683 99 39 with
411 2683 116 39 those
562 2681 51 41 of
641 2694 77 28 our
751 2693 110 38 army
878 2695 11 28 ;
919 2678 81 41 and
1038 2676 128 57 whilst
1204 2674 71 40 the
1311 2670 142 41 British
1481 2678 135 47 troops
1680 2691 116 52 thing
1815 2688 46 40 of
1877 2689 250 52 importance
2146 2688 74 39 but
2238 2687 67 39 the
2328 2688 213 38 surrender
2558 2687 51 38 of
2620 2689 152 45 Roses;
2803 2691 71 39 the
2895 2694 113 39 truth

280 2745 193 41 attacked
493 2735 136 56 SQVLT
648 2744 39 40 in
720 2756 78 26 one
819 2740 215 46 direction,
1063 2739 48 39 he
1129 2750 80 26 was
1226 2734 194 54 expected
1439 2740 45 35 to
1504 2747 113 27 move
1678 2748 51 40 of
1752 2750 128 40 which
1916 2763 59 26 we
2003 2761 67 28 are
2104 2748 171 40 inclined
2294 2753 45 34 to
2357 2750 126 51 reject
2504 2747 241 54 absolutely.
2802 2753 65 38 He
2888 2753 119 41 knew
3180 2772 15 20 ..

280 2807 194 54 forward,
504 2805 41 41 in
561 2805 133 41 'Order
728 2810 44 34 to
806 2809 71 35 cut
898 2802 64 39 off
987 2802 70 39 the
1091 2797 221 57 possibility
1330 2796 48 40 of
1407 2807 26 28 a
1457 2800 157 35 retreat.
1678 2811 33 41 it
1731 2811 183 54 required
1945 2824 26 27 a
1985 2810 274 43 considerable
2278 2810 99 40 time
2395 2810 141 40 before
2556 2824 60 26 we
2652 2813 118 39 could
2805 2819 201 38 ascertain
3028 2807 6 6 •

282 2871 90 39 The
391 2867 233 43 dictatorial
643 2867 156 53 ',tilers
814 2863 208 43 entrusted
1038 2868 41 34 to
1101 2862 85 39 him
1209 2861 39 38 in
1269 2859 79 39 this
1365 2870 252 41 emergency,
1678 2872 178 40 whether
1884 2872 92 40 that
2002 2872 167 39 fortress
2204 2872 78 39 had
2313 2871 246 54 capitulated
2575 2889 12 30 ;
2636 2872 76 39 and
2743 2875 78 38 this
2855 2878 155 39 einbel-

282 2933 80 39 and
385 2927 126 44 which
530 2928 115 56 place
664 2935 43 33 at
728 2928 61 39 his
811 2926 190 41 absolute
1030 2926 76 39 and
1139 2919 293 44 uncontrouled
1449 2919 167 53 disposal
1680 2933 185 43 lishment
1881 2946 79 27 was
1980 2931 332 53 unquestionably
2331 2944 207 40 necessary
2563 2939 43 32 to
2623 2933 93 51 give
2735 2936 78 39 this
2839 2940 171 48 journal

280 2996 74 39 the
374 2993 242 56 population
640 2992 76 39 and
752 3000 203 30 resources
983 2987 51 40 of
1061 2985 74 41 Old
1156 2983 162 46 Castile,
1346 2983 126 44 Leon,
1504 2983 112 38 Astu-
1680 2996 71 39 the
1778 3008 252 40 appearance
2056 2995 48 40 of
2133 3008 26 26 a
2177 2993 177 56 military
2375 3007 94 33 one,
2498 2994 74 39 and
2609 3001 43 33 to
2673 2996 103 53 keep
2796 3012 53 39 up
2871 3014 50 25 an
2943 2986 45 73 ap
2988 2986 22 73 7
3011 2986 24 73 ;
3102 3026 15 13 -
3222 2983 4 76 .

282 3058 81 38 ries
384 3057 74 39 and
476 3053 189 45 Gallicia,
681 3053 178 54 promise
875 3052 67 38 the
961 3053 107 37 most
1084 3046 227 52 auspicious
1328 3047 293 47 consequences
1680 3070 201 41 pearance
1897 3057 50 41 of
1970 3056 61 41 his
2049 3057 123 53 being
2190 3056 90 40 able
2297 3061 44 34 to
2361 3061 170 33 execute
2551 3056 61 39 his
2631 3059 177 38 vaunted
2846 3074 169 30 menace

281 3125 47 35 to
351 3120 66 39 the
437 3117 194 54 patriotic
651 3129 144 33 cause;
826 3115 174 40 because
1019 3111 60 40 his
1109 3106 227 57 patriotism
1363 3105 77 43 and
1455 3118 162 39 energy,
1678 3125 86 26 ._....44
1783 3120 109 39 That
1910 3123 72 37 not
2001 3131 25 27 a
2044 3117 125 54 single
2190 3115 149 54 village
2357 3116 133 41 would
2510 3117 50 39 be
2580 3119 37 37 in
2637 3131 24 26 a
2680 3125 103 34 state
2815 3120 51 39 of
2890 3112 83 51 insu•
2981 3109 37 56 r-
3018 3109 19 56 1

281 3182 194 53 together
495 3180 97 39 with
609 3178 61 40 his
690 3177 246 41 detestation
956 3174 52 41 of
1038 3172 69 39 the
1126 3168 200 46 invaders,
1346 3167 143 52 justify
1514 3181 44 26 us
1576 3172 43 33 to
1682 3180 169 47 rection,
1878 3193 78 27 nor
1969 3193 26 26 a
2011 3180 143 40 British
2176 3177 145 41 soldier
2336 3178 39 40 in
2396 3180 136 52 Spain,
2562 3184 45 34 at
2626 3180 70 39 the
2714 3181 230 53 expiration
2974 3184 53 41 of

283 3256 204 40 presume,
519 3241 92 41 that
632 3241 60 40 his
711 3239 86 40 zeal
819 3239 77 41 and
917 3235 204 54 prudence
1136 3230 80 40 will
1238 3230 76 39 rise
1338 3229 94 41 with
1454 3229 70 39 the
1537 3229 79 40 exi-
1684 3244 73 39 last
2020 3241 130 39 These
2174 3239 209 47 Bulletins,
2413 3244 43 33 at
2484 3237 115 50 least,
2627 3242 54 38 do
2709 3247 72 34 not
2800 3247 164 38 contain
2995 3262 25 26 a
3291 3229 2 67 .

283 3319 130 40 gency
442 3304 51 41 of
523 3304 72 40 the
632 3304 129 40 times.
834 3301 86 40 The
948 3295 170 57 spirited
1148 3291 299 57 proclamation
1474 3291 52 39 he
1552 3291 70 39 has
1681 3305 129 53 single
1826 3315 255 33 occurrence,
2108 3301 132 40 which
2272 3314 76 27 can
2378 3301 145 39 induce
2559 3314 48 27 us
2639 3305 44 35 to
2711 3302 156 40 believe
2888 3304 38 38 in
2950 3306 84 50 the,
3231 3291 1 69 .

3254 3311 18 15 ..

283 3367 214 53 published
514 3379 53 28 on
587 3366 69 39 the
674 3364 207 46 occasion,
909 3361 79 40 and
1007 3359 72 41 the
1095 3356 135 47 letter,
1250 3354 41 39 in
1307 3352 129 43 which
1453 3353 80 48 this
1551 3366 70 27 un-
1682 3366 224 54 possibility
1925 3364 47 41 of
1996 3364 71 40 the
2085 3363 234 48 execution,
2348 3376 104 27 even
2473 3369 41 33 at
2533 3363 69 40 the
2619 3363 230 53 expiration
2872 3365 51 38 of
2955 3366 80 41 the.

283 3430 272 54 preceilented
591 3428 208 52 authority
823 3426 33 40 is
875 3422 177 56 deputed
1080 3428 41 32 to
1152 3419 89 40 him

1260 3416 60 54 .by
1346 3415 69 41 the
1433 3418 191 50 Supreme
1683 3432 159 48 present
1860 3439 111 40 year.
2028 3428 112 51 They
2161 3425 79 39 still
2276 3430 206 47 represent
2502 3424 84 40 him
2608 3425 41 37 in
2670 3425 69 39 the
2769 3428 253 52 neighbour-

283 3495 149 46 Junta,

459 3506 71 27 are
570 3488 144 57 proofs
748 3489 51 40 of
826 3488 69 39 the
928 3483 223 43 resolution
1170 3478 99 44 with
1290 3476 129 43 which
1447 3477 70 40 the
1548 3480 73 38 Pa-
1681 3490 112 39 hood
1812 3487 50 40 of
1884 3485 174 48 Madrid,
2086 3487 79 39 and
2183 3487 54 39 do
2256 3493 71 33 not
2346 3487 164 40 contain
2536 3500 24 26 a
2580 3487 129 45 word,
2738 3487 128 40 which
2893 3491 130 50 might
3231 3498 24 33 t,'
3286 3536 7 14 ,

283 3557 123 40 triots
426 3554 138 43 intend
585 3559 45 35 to
648 3552 145 45 defend
811 3552 104 45 their
930 3552 191 46 country.
1684 3550 144 40 induce
1841 3562 47 28 us
1902 3554 45 35 to
1959 3547 156 41 believe
2135 3549 92 40 that
2246 3549 50 40 he
2313 3548 202 40 favoured
2536 3549 70 38 the
2623 3548 248 41 inhabitants
2891 3552 51 39 of
2957 3553 69 39 the
3231 3563 13 43 I
3289 3547 4 59 '

889 3615 39 24 —
928 3615 80 24 ow
1009 3615 40 24 .
1683 3611 149 54 capital
1850 3609 96 40 with
1967 3609 70 40 the
2054 3609 161 40 honour
2236 3608 45 41 of
2306 3622 25 26 a
2349 3609 109 40 visit.

337 3656 148 44 Lisbon
507 3657 151 53 Papers
677 3659 44 35 to
742 3652 70 41 the
830 3656 86 37 21st
933 3648 74 41 ult.
1032 3643 156 44 arrived
1201 3638 418 56 onWednesdarlast:

1739 3674 86 39 The
1843 3673 87 40 first
1946 3671 46 40 of
2016 3672 110 40 these
2147 3672 209 46 Bulletins,
2389 3673 71 37 the
2484 3671 90 41 17th
2611 3671 39 39 in
2673 3672 161 52 regular
2867 3687 157 27 siicces-

282 3724 96 50 they
400 3737 100 25 were
530 3720 183 54 brought
743 3732 97 27 over
860 3718 51 52 by
934 3715 71 41 the
1025 3712 126 41 Niobe
1170 3707 164 56 frigate,
1355 3707 59 39 wh
1419 3706 65 40 ich
1502 3705 118 41 sailed

1683 3736 106 46 sion,
1808 3733 116 41 dated
1954 3735 171 46 Madrid,
2161 3737 98 35 Dec.
2284 3733 112 46 10th,
2415 3735 119 38 refers
2556 3733 94 52 only
2672 3741 45 32 to
2745 3738 135 35 review
2894 3751 31 28 s,
2946 3738 79 39 and

282 3804 53 24 on
351 3790 70 41 the
439 3788 92 41 22d.
580 3789 113 50 They
711 3791 167 41 contain
898 3795 112 41 some
1031 3793 94 40 very
1148 3775 231 52 interesting
1396 3767 106 45 news'
1514 3770 106 41 from
1651 3751 5 87 ,
1675 3751 4 87 .
3233 3751 14 83 1
3247 3751 15 83 -
3262 3751 15 83 '
3278 3751 15 83 1

1685 3803 44 34 to
1748 3811 25 27 a
1794 3809 92 41 very
1909 3796 170 39 obscure
2096 3795 80 39 and
2198 3794 230 41 undetailed
2457 3801 175 33 account
2666 3794 50 39 of
2741 3810 112 25 sinne
2872 3811 154 26 seeress

285 3857 137 56 Spain,
442 3856 150 46 which,
613 3868 43 27 as
671 3854 92 51 they
783 3865 67 27 are
869 3843 325 47 communicated
1213 3843 40 38 in
1266 3854 54 43 an
1341 3839 145 41 official
1501 3836 131 54 form,.
1652 3857 163 41 awhich
1835 3857 71 39 the
1928 3856 123 40 Duke
2079 3857 48 39 of
2157 3860 143 37 IfIsTRIA
2322 3857 195 39 obtained
2548 3869 102 27 over
2682 3870 18 19 e
2724 3870 60 25 cni
2796 3873 61 38 Fs,
2897 3857 125 40 wtoch

282 3922 66 53 lay
369 3927 143 48 strong
531 3921 142 40 claims
707 3926 46 33 to
791 3931 77 27 our
898 3914 136 41 belief.
1095 3915 198 37 PAt.&l'ox
1313 3906 77 41 and
1410 3908 213 48 Saragossa
1682 3919 172 41 covered
1874 3920 70 39 the
1965 3922 148 34 retreat
2133 3918 53 39 of
2202 3920 132 38 CASTA
2343 3922 86 34 NOS'
2451 3931 130 38 army.
2631 3918 84 38 The
2738 3917 135 47 latter,
2895 3919 40 39 in
2957 3921 67 38 the

281 3989 131 39 have
412 3991 169 38 become
601 4002 100 25 once
723 3998 115 27 more
856 3984 158 50 objects
1035 3978 50 41 of
1108 3990 77 27 our
1204 3967 261 51 admiration,
1487 3969 74 40 and
1581 3971 46 37 of
1656 3967 4 72 i
1684 3981 113 41 usual
1815 3981 102 53 style
1931 3984 43 37 ot
1995 3981 148 39 French
2157 3981 292 52 depreciation,
2467 3981 28 38 is
2511 3981 128 38 stated
2656 3987 40 32 to
2715 3981 102 39 have
2833 3983 194 39 amount-'

1655 4038 5 54 '
1681 4045 51 40 ed
1762 4049 45 34 to
1835 4043 53 39 mi
1903 4056 116 26 more
2039 4043 96 39 than
2177 4046 103 34 6000
2311 4056 90 26 men
2420 4059 11 28 ;
2466 4043 157 50 though
2661 4043 30 38 it
2720 4043 37 38 -is
2789 4038 243 52 mentioned,

280 4061 135 35 terror
433 4062 43 33 to
500 4056 71 40 the
591 4054 200 40 invaders.
847 4050 148 51 Avery
1025 4046 110 52 large
1157 4054 24 40 c
1181 4054 24 40 9
1205 4054 72 40 rps
1303 4038 50 41 of
1367 4037 72 41 the
1465 4048 130 40 enemy
1594 4048 27 40 ,

280 4124 223 51 consisting
543 4122 53 41 of
633 4126 143 39 15,000
809 4117 172 51 infantry
1023 4113 76 39 and
1127 4114 103 35 :000
1252 4104 178 54 cavalry,
1457 4103 119 43 made
1602 4116 22 25 a
1684 4106 91 40 that
1811 4109 116 37 BESS.
1936 4120 53 25 ER
1998 4121 38 32 ES
2036 4121 20 32 )
2104 4106 40 39 in
2178 4104 213 52 attacking
2424 4104 69 40 the
2520 4119 133 39 cerps,
2692 4102 129 43 which
2851 4103 177 41 coVezed

280 4191 201 52 vigorous
498 4189 144 40 attack
676 4201 52 25 ou
750 4189 216 47 Saragossa
985 4194 54 24 on
1059 4179 69 39 the
1152 4181 54 35 lit
1225 4175 77 39 ult.
1324 4174 39 38 in
1380 4170 130 40 which
1530 4169 91 53 they
1682 4169 107 40 their
1820 4168 133 53 flight,
1989 4168 102 39 took
2126 4172 102 34 1000
2274 4167 214 53 prisoners.
2545 4167 99 39 This
2672 4168 30 37 is
2737 4167 136 39 rather
2889 4180 25 25 a
2931 4180 96 26 coil-

280 4269 106 28 Weft,
420 4256 188 56 repulsed
625 4254 111 41 :with
762 4245 285 46 considerable
1077 4245 90 41 lose.
1225 4243 111 52 They
1359 4237 180 45 renewed
1557 4235 86 41 the.
1665 4230 219 45 .iiderable
1920 4231 187 51 number;
2144 4230 253 53 considering
2434 4230 91 40 that
2563 4230 74 41 the
2673 4228 196 56 principal
2908 4243 119 41 corps

272 133 162 61 JAN.
471 136 54 52 S.
