3424 4417
1181 152 150 53 THE
1367 151 234 54 NATIO

348 291 76 39 Ills
451 291 171 51 Majesty
647 286 90 43 held
758 300 22 25 a
798 287 117 52 Privy
943 283 194 46 Council,
1166 289 44 34 at
1227 282 132 40 which
1397 283 163 39 Messrs.
1598 273 53 47 D.

296 343 77 40 and
412 345 47 38 C.
480 341 209 47 Bentinck,
716 353 103 28 were
837 338 260 48 introduced,
1129 337 80 41 and
1230 348 137 28 sworn
1398 335 40 40 in
1461 334 162 41 GoVern-

298 411 66 28 ors
390 409 45 27 as
452 396 145 41 above.

356 451 53 40 Ili
409 451 18 40 ,
451 452 168 47 Majesty
641 459 104 41 gave
762 446 148 52 private
926 444 222 43 audiences
1168 448 44 37 to
1230 444 72 40 the
1319 441 124 43 Duke
1463 441 52 40 of
1530 442 96 38 Port-

304 502 110 48 land,
445 504 69 39 the
535 501 103 41 Lord
672 498 247 46 Chancellor,
952 498 80 40 and
1051 498 73 39 the
1149 497 119 40 other
1306 495 171 43 Cabinet
1508 493 117 41 Minis-

301 563 81 33 ters
403 560 172 50 present.
633 554 139 43 About
790 554 58 41 six
878 552 169 43 o'clock
1063 552 66 39 his
1159 553 174 52 Majesty
1354 555 59 37 set
1433 546 66 43 off
1514 560 57 30 on
1587 546 61 44 his

301 617 141 35 return
461 614 45 35 to
522 608 201 40 Windsor.

741 719 107 39 THE
885 715 307 43 EPIPHANY.
1289 715 5 45 .
1358 731 54 25 —i.
1450 729 22 25 •.
1506 736 8 17 .
1551 739 96 20 •,..,,..

344 777 141 34 Friday
510 774 109 44 being
648 772 61 38 the
742 772 243 44 anniversary
1010 771 44 34 of
1085 772 64 33 the
1181 755 293 51 Manifestation
1515 767 46 37 of
1576 763 71 43 our

315 826 157 34 Saviour
498 830 37 27 to
565 822 63 35 the
657 817 174 45 Gentiles,
855 821 210 43 commonly
1091 819 119 44 called

306 875 63 33 Ihe
380 883 99 24 same
493 882 71 22 was
574 868 177 35 observed
765 873 37 30 at
814 869 57 33 the
883 868 150 43 Chapel
1044 867 141 44 Royal,
1201 867 34 32 in
1251 862 221 38 St.James's
1485 863 156 35 Palace.

307 922 94 34 Lord
420 921 104 34 John
547 917 168 45 Thynne,
741 915 56 33 his
826 914 196 47 Majesty's
1043 917 96 33 Vice
1161 912 280 41 Chamberlain,
1467 912 174 37 attended

306 971 158 39 instate,
489 969 34 33 in
543 967 60 32 the
626 965 117 43 Royal
763 965 132 41 Closet,
922 969 41 28 to
985 967 191 41 represent
1195 961 53 33 his
1269 960 180 46 Nlajesty,
1468 965 40 30 at
1526 960 118 34 Heat

305 1018 44 34 of
361 1018 60 32 the
441 1015 143 38 Church
601 1013 41 33 of
657 1012 177 44 England,
852 1012 91 34 with
960 1011 67 35 the
1045 1020 103 25 same
1159 1009 209 35 attendants
1385 1007 45 33 of
1441 1011 115 35 state,
1576 1007 65 34 the

305 1065 169 35 Yemen
493 1063 43 34 of
547 1062 63 35 the
622 1059 152 40 Guards,
798 1071 37 22 as
853 1059 32 34 if
898 1059 59 34 his
977 1059 168 46 Majesty
1163 1068 73 25 was
1254 1063 158 39 present.
1443 1055 115 35 After
1576 1056 65 35 the

307 1113 152 43 Gospel,
484 1109 203 47 appointed
706 1107 58 34 for
777 1109 54 33 the
844 1109 86 43 day,
961 1108 124 34 which
1106 1108 26 33 is
1152 1107 111 33 taken
1277 1106 93 33 from
1385 1104 63 34 the
1457 1104 51 34 2d
1522 1106 116 44 chap.

306 1160 45 35 of
364 1165 53 31 St.
449 1160 180 37 Mathew,
650 1157 48 33 Ist
720 1166 112 32 verse,
859 1157 71 33 had
959 1156 94 34 been
1076 1154 106 40 read,
1207 1165 24 24 a
1256 1153 139 37 solemn
1422 1153 214 44 symphony

304 1209 115 43 began
454 1219 44 22 on
526 1207 63 33 the
622 1214 126 33 organ,
777 1204 66 34 and
868 1204 202 35 continued
1098 1204 157 45 playing
1283 1200 136 46 during
1446 1200 65 33 the
1546 1201 92 34 time

305 1256 97 35 Lord
443 1254 102 35 John
588 1252 131 44 Thyne
771 1252 66 34 and
881 1252 65 34 the
989 1248 214 38 attendants
1243 1258 102 25 were
1380 1248 154 46 leaving
1574 1238 65 45 the

344 1304 87 46 oyal
452 1304 111 34 closet
568 1328 9 12 ,
604 1300 67 33 and
690 1300 216 45 proceeding
922 1298 167 44 through
1111 1298 63 34 the
1191 1297 91 35 aisle
1302 1294 46 37 of
1361 1294 63 34 the
1439 1294 137 46 chapel
1598 1302 38 30 to

304 1304 31 130 i
334 1304 32 130 '

357 1344 2 50 .
381 1352 97 33 alter
496 1350 124 35 where
641 1346 51 33 his
724 1346 171 46 Lordship
915 1348 109 33 knelt
1041 1357 47 22 on
1103 1357 25 22 a
1147 1346 156 33 crimson
1323 1344 123 34 velvet
1465 1345 169 33 cushion.

357 1401 155 33 crimson
526 1398 132 33 mantle
676 1404 74 26 was
769 1396 122 45 placed
911 1406 50 24 on
976 1396 65 34 the
1058 1394 100 34 front
1170 1393 43 35 of
1227 1393 61 34 the
1302 1393 117 40 altar,
1434 1403 30 22 w
1474 1393 87 33 here
1574 1393 63 33 the

306 1448 91 35 Rev.
433 1448 71 32 Mr.
536 1446 165 37 Holmes,
729 1444 63 33 the
822 1444 222 39 Sub-Dean,
1071 1452 79 25 was
1179 1442 34 32 in
1241 1440 236 40 attendance,
1509 1440 39 33 in
1576 1441 61 32 the

304 1505 98 25 room
422 1496 45 32 of
488 1495 60 33 the
570 1493 138 41 Bishop
728 1491 45 34 of
788 1492 158 41 London,
977 1491 90 34 who
1085 1491 32 32 is
1137 1488 226 46 indisposed.
1416 1488 81 33 The
1515 1493 106 30 atten-

304 1543 100 38 dants
424 1543 87 34 then
528 1543 89 34 took
633 1541 93 33 from
742 1550 45 25 an
803 1540 80 34 oval
900 1539 92 44 gold
1009 1540 77 34 box
1106 1537 106 34 three
1230 1537 159 34 crimson
1407 1535 109 44 bags,
1541 1535 94 34 with

301 1592 83 45 gold
404 1594 217 34 ornaments,
640 1589 203 44 containing
857 1589 104 45 gold,
989 1586 107 35 frank
1106 1586 146 34 incence
1279 1583 74 37 and
1372 1583 142 45 myrrh,
1543 1594 96 33 gave

300 1637 97 35 them
426 1645 38 27 to
485 1632 211 43 Lord.Jiihn
726 1637 164 43 Thynne,
922 1636 92 34 who
1045 1633 190 46 presented
1269 1633 99 33 them
1396 1636 39 28 to
1455 1630 64 34 the
1546 1633 94 33 Sub-

302 1687 120 40 Dean,
454 1688 83 37 who
561 1685 165 35 received
746 1684 93 34 them
866 1685 33 33 in
917 1695 26 24 a
961 1683 85 33 0-old
1067 1681 98 35 dish.
1215 1681 83 34 The
1316 1680 214 46 procession
1548 1678 90 35 then

300 1735 167 38 re-willed
487 1742 41 27 to
540 1733 64 34 the
624 1733 120 45 Royal
763 1734 129 35 Closet.
950 1729 113 35 After
1082 1729 64 34 the
1163 1730 142 33 service
1316 1739 47 22 an
1381 1728 259 44 appropriate

555 1781 106 35 Arise
676 1781 8 35 !
710 1781 102 35 shine
824 1781 31 33 0
870 1780 94 35 Zion
981 1779 9 34 !
1020 1778 59 34 for
1098 1776 69 46 thy
1181 1776 96 45 light
1289 1773 24 50 i
1336 1773 22 50 4
1382 1773 231 50 come.”—com-

296 1830 113 47 posed
444 1831 48 44 by
522 1830 64 33 the
618 1830 74 33 late
726 1831 67 34 Dr.
822 1827 165 45 Dupuis,
1017 1835 76 25 was
1129 1834 87 34 very
1251 1822 188 44 correctly
1466 1833 90 35 sung
1586 1824 46 45 by

298 1879 145 35 biessrs.
463 1878 103 41 Goss,
589 1877 157 44 Hawes,
771 1877 200 44 Vaughan,
994 1873 72 34 and
1085 1872 163 35 Salmon.

1430 684 20 20 }•
1479 684 8 20 ;

334 1985 256 40 FASHIONS
619 1985 107 40 FOR,
755 1982 332 43 LADIES-AND
1121 1978 340 40 GENMEMEN
1492 1978 116 39 FOR

750 2036 278 41 JANUARY,
1061 2036 119 35 1809.

770 2156 202 26 WILKING
1004 2151 151 30 DRESS.

340 2215 34 37 A
389 2210 131 39 Polish
534 2212 135 33 bonnet
689 2211 70 33 and
784 2211 130 34 mantle
937 2209 48 34 of
1005 2209 87 45 gold
1111 2206 180 37 coloured
1307 2207 143 40 velvet,
1470 2202 94 39 wits
1586 2216 47 25 an

288 2261 175 38 invisible
482 2259 94 33 hood
595 2258 167 35 trimmed
782 2259 84 33 with
889 2258 146 34 ermine
1052 2268 12 30 ;
1091 2267 48 25 an
1153 2255 155 45 antique
1323 2254 122 35 collar
1467 2245 167 44 fastened

292 2310 104 34 with.
410 2320 25 24 a
451 2308 81 44 gold
570 2311 187 30 ornament
782 2308 34 33 in
841 2306 117 41 front,
994 2306 34 33 in
1063 2303 99 35 form
1188 2303 43 34 of
1251 2313 25 25 a
1294 2301 110 35 shell.
1457 2302 181 43 Morning.

291 2360 78 33 dres
415 2356 112 34 white
544 2355 130 34 muslin
696 2355 157 33 Brussels
869 2352 222 46 spot,.with
1104 2362 27 24 a
1148 2350 155 34 worked
1320 2350 228 40 stomacher,
1559 2352 71 38 and

291 2406 165 37 trim.oed
472 2404 110 33 down
596 2402 59 33 the
673 2401 99 34 front
784 2402 65 33 and
866 2406 40 30 at
922 2399 67 37 the
1005 2400 169 38 bottom;
1189 2396 156 34 worked
1365 2398 86 44 long
1472 2395 175 47 hanging,.

287 2457 154 46 skeeve.,
467 2450 146 35 twisted
625 2448 70 37 and
707 2448 157 35 fastened
891 2456 40 27 at
950 2448 69 34 the
1042 2446 203 35 wristband
1264 2444 92 35 with
1371 2456 25 22 a
1411 2446 110 34 small
1535 2443 109 47 gold.

291 2506 202 34 oo;atneut,
510 2496 47 38 of
578 2498 63 34 the
652 2507 97 25 same
763 2497 87 35 form
867 2507 39 24 as
924 2494 89 35 that
1030 2493 126 35 which
1170 2493 132 34 fastens
1318 2492 64 34 the
1400 2492 143 35 mantle
1554 2484 73 48 and

288 2554 162 32 ciiicture
465 2546 40 34 of
526 2545 63 34 the
604 2546 122 39 dress;
751 2545 135 34 sandals
904 2544 46 35 of
958 2541 292 47 gold-coloured
1269 2538 123 45 cloth,
1406 2539 107 35 laced
1533 2541 94 35 with

287 2601 130 34 brown
433 2594 104 38 cords
553 2594 71 33 and
650 2593 145 40 tassels;
823 2593 111 35 York
956 2597 65 28 tan
1035 2591 143 44 gloves.

690 2661 197 26 EVENING
914 2659 116 27 PULL
1056 2656 152 27 DRESS.

335 2709 34 33 A
389 2707 116 35 white
520 2704 96 33 satin
633 2704 154 45 Spanish
808 2704 57 33 hat
885 2704 94 32 with
998 2713 24 22 a
1038 2699 172 37 diamond
1230 2699 110 45 loop,
1365 2699 73 34 and
1460 2696 164 53 Spanish

283 2754 149 50 plume;
458 2752 171 37 diamond
648 2752 176 45 ear-rings
839 2751 67 34 and
928 2748 210 40 necklace;
1165 2747 65 34 the
1256 2746 86 35 hair
1358 2747 86 41 fall,
1465 2745 39 37 in
1522 2744 81 50 ring-

285 2809 90 38 lets;
400 2815 24 24 a
446 2802 116 33 w:.ite
575 2799 94 34 satin
694 2799 112 41 dress,
828 2799 65 34 full
913 2796 180 37 trimmed
1111 2794 94 35 with
1225 2794 86 33 blue
1328 2794 139 43 velvet,
1483 2794 99 35 with
1602 2806 26 22 a

283 2858 81 34 lace
384 2849 150 37 medicis
549 2846 112 34 round
679 2846 60 34 the
750 2846 92 34 hack
859 2846 70 33 and
947 2844 223 40 shoulders;
1187 2854 47 22 an
1243 2842 157 45 antique
1411 2842 216 37 stomacher

283 2896 234 43 ornamented
536 2895 93 37 with
656 2895 184 35 diamonds
860 2893 175 35 mounted
1064 2893 37 33 in
1124 2890 110 45 gold;
1263 2889 119 37 white
1398 2890 97 35 satin
1514 2890 109 35 shoes

285 2952 92 34 with
396 2944 86 47 gold
501 2944 119 41 bows,
640 2943 115 34 white
770 2944 120 44 gloves
906 2942 76 34 and
1000 2941 76 34 fan.

72 235 5 13 ,

70 372 4 15 1

70 392 5 15 1

69 415 5 26 1

17 628 4 14 .
81 628 1 14 ,

34 807 4 21 •
77 807 5 21 1
99 807 2 21 '

0 1065 13 32 k,

31 1098 25 19 ,1

40 1120 13 24 I

53 1149 8 20 1

11 1199 8 18 )
27 1198 17 24 to
57 1200 7 21 e

17 1221 18 25 .
45 1225 14 17 A

30 1253 19 20 /

22 1326 40 27 !1

30 1380 6 11 ,
43 1357 26 33 st

30 1437 13 18 I

30 1518 33 18 OA
79 1520 8 14 \

38 1537 11 19 T
70 1539 12 18 1

33 1561 11 18 1

72 1591 12 19 %

66 1678 31 13 v.

78 1694 11 20 1

50 1723 5 15 .
76 1731 6 7 ,

67 1747 28 21 .4

73 1772 11 24 V
94 1772 9 24 6

87 1798 12 21 I

91 2035 13 22 4

89 2063 28 46 /lc

96 2138 18 24 V

98 2169 24 17 66.

102 2190 14 25 I

38 2348 5 22 ,
69 2348 5 22 •
139 2348 8 22 $

35 2419 7 34 i
43 2419 8 34 i
64 2411 5 43 1

43 2448 25 48 fl

44 2487 4 40 .
64 2487 5 40 i
84 2487 4 40 I

57 2536 11 56 1

81 2685 4 25 1

7 2784 28 135 11,

30 2844 7 77 1
58 2872 27 11 ~.

32 2974 4 35 ,
46 2974 9 35 1

19 3021 17 17 o
51 3026 9 20 4

0 3050 58 177 iil
70 3050 4 177 ,

73 3061 2 46 i
76 3061 2 46 t
78 3061 4 46 .

47 3200 2 34 n
50 3200 7 34 yy

24 3247 5 13 I
47 3247 1 13 ,

8 3426 21 91 11
76 3426 4 91 '

13 3529 4 15 I
22 3529 4 15 '

30 3589 7 59 1
37 3589 7 59 1
44 3589 7 59 :
51 3589 7 59 1
58 3589 7 59 '
65 3589 8 59 4

2 3715 8 65 e
11 3715 9 65 i
30 3712 7 67 i
37 3712 15 67 ll

0 3806 4 111 I
4 3806 5 111 .
15 3806 11 111 I

22 4024 5 9 .
65 4024 4 9 ,

0 4070 6 35 1
6 4070 7 35 0
53 4070 4 35 ,

661 3009 196 27 GENERAL
885 3006 351 31 OBSERVATIONS.

333 3060 180 35 Nacarntt
526 3053 106 44 royal
648 3056 133 44 purple
791 3053 66 34 and
870 3053 105 44 gold,
989 3061 66 24 are
1068 3051 66 34 the
1148 3056 93 27 mort
1253 3048 211 46 prevailing
1475 3048 149 35 colours

283 3111 19 34 f
302 3111 40 34 or
363 3107 104 46 pelli-
534 3102 70 35 and
624 3103 163 43 mantles,
809 3102 119 33 which
960 3110 67 24 are
1055 3099 111 33 made
1181 3097 44 33 of
1246 3098 152 33 various
1417 3099 207 41 materials,

280 3158 119 39 cloth,
418 3155 138 38 velvet,
574 3150 175 40 brocade,
765 3155 170 37 sarsenet,
954 3146 73 35 and
1039 3146 112 40 satin,
1162 3144 203 46 according
1376 3150 38 28 to
1429 3145 64 34 the
1509 3144 111 38 fancy

283 3207 46 35 of
347 3207 58 32 the
426 3211 157 26 wearer.
640 3198 109 35 Head
776 3201 224 38 ornaments,
1032 3194 158 47 Spanish
1222 3193 98 39 hats,
1348 3194 72 33 and
1450 3204 90 34 caps
1558 3194 45 34 de-

281 3252 151 39 corated
454 3249 91 34 with
560 3248 176 40 foathers,
755 3246 159 41 flowers,
945 3243 143 46 pearls,
1117 3252 45 24 or
1194 3240 209 43 diamonds,
1420 3241 206 46 according

279 3313 44 26 as
340 3304 60 32 the
419 3298 171 35 occasion
609 3295 175 47 requires.
811 3295 175 41 Morning
1002 3292 116 40 dress,
1128 3288 119 41 cloth,
1264 3294 178 35 sarsenet,
1456 3289 167 33 Brussels

278 3348 148 47 spotted
444 3346 146 43 muslin,
608 3343 169 38 trimmed
802 3343 86 33 with
906 3340 262 41 embroidery.
1202 3337 164 45 Evening
1382 3337 115 43 dress,
1508 3337 113 40 satin,

278 3400 139 38 'velvet,
433 3394 180 45 hrocade,
626 3396 175 38 sarsenet,
826 3400 31 25 w
866 3389 56 34 ith
948 3387 92 46 gold
1067 3386 74 34 and
1169 3384 112 37 silver
1316 3390 210 31 ornaments
1548 3387 73 33 and

279 3446 221 43 trimmings.

635 3497 204 30 FiISHIONS
865 3496 83 27 FOR
979 3493 296 30 GENTLEMEN.

330 3548 79 34 The
429 3544 210 45 prevailing
654 3543 144 34 colours
811 3550 60 26 are
883 3539 103 34 dark
1004 3539 135 33 brown
1155 3539 71 33 and
1245 3536 122 34 bottle
1382 3544 128 35 green.
1539 3535 83 35 The

279 3601 87 31 coat
378 3595 60 33 for
450 3592 262 45 eveningdress
729 3591 30 32 is
770 3594 57 28 cut
839 3588 130 34 rather
985 3586 89 44 long
1091 3585 39 33 in
1149 3585 61 34 the
1230 3585 126 41 waist,
1371 3583 72 35 and
1459 3583 110 33 short
1585 3583 37 34 in

278 3646 65 33 the
358 3643 131 40 skirts,
506 3640 137 34 double
661 3637 183 43 breasted,
861 3635 96 33 with
974 3631 157 47 pointed
1150 3633 164 45 lappets,
1330 3631 293 46 corresponding

280 3694 38 33 is
331 3690 123 44 length
470 3696 37 28 to
524 3686 63 35 the
604 3689 65 44 hip
685 3687 154 38 button;
865 3683 63 34 the
945 3681 155 45 lappets
1116 3691 67 24 are
1207 3679 146 48 padded
1374 3686 40 28 to
1430 3679 70 35 fall
1517 3679 104 35 back

278 3741 94 35 with
391 3739 64 33 the
472 3737 133 38 collar,
622 3733 123 35 which
767 3735 27 32 is
810 3731 99 35 made
926 3735 132 41 pretty
1078 3728 90 44 high
1186 3729 70 35 and
1274 3728 158 34 stitched
1452 3737 170 33 narrow,

278 3790 64 34 the
352 3787 120 37 collar
488 3791 38 28 to
543 3783 71 35 fall
644 3782 97 37 back
758 3782 110 35 about
883 3789 47 24 an
957 3777 89 34 inch
1062 3776 74 34 and
1157 3787 46 25 an
1235 3774 98 44 half,
1350 3776 94 44 deep
1460 3776 163 44 pockets

280 3839 110 33 ender
407 3835 65 34 the
489 3843 97 25 cross
602 3831 112 46 flaps;
731 3830 61 34 the
809 3828 81 35 cuff's
904 3826 138 35 round.
1098 3824 74 33 The
1189 3826 172 43 morning
1377 3827 80 31 coat
1474 3823 30 33 is
1515 3824 109 33 made

279 3888 38 33 in
335 3883 126 44 nearly
480 3881 64 34 the
560 3891 102 24 same
681 3887 162 27 manner,
859 3875 89 44 only
965 3873 69 35 the
1049 3872 161 46 pockets
1227 3881 67 25 are
1313 3872 37 34 in
1368 3870 64 35 the
1446 3870 119 45 plaits
1581 3870 53 35 of

278 3935 65 33 the
358 3932 113 40 skirt,
488 3928 70 34 and
578 3927 61 34 the
656 3927 90 34 cuffs
759 3935 64 25 are
840 3922 125 37 either
983 3920 118 35 round
1124 3930 43 25 or
1185 3920 94 34 with
1293 3930 24 25 a
1333 3919 69 34 flat
1419 3919 71 33 and
1517 3919 107 34 three

278 3985 159 32 buttons.
490 3977 81 35 The
591 3978 148 32 buttons
752 3984 61 24 are
828 3972 122 35 either
967 3969 73 45 gilt
1057 3969 150 39 basket,
1230 3978 45 24 or
1303 3966 143 35 moulds
1459 3967 163 34 covered

278 4031 90 34 with
383 4028 165 34 cloth.—
557 4025 222 33 Waistcoats
796 4032 61 22 are
875 4018 111 35 made
1004 4017 119 44 single
1140 4015 188 41 breasted,
1352 4015 93 34 with
1463 4024 27 25 a
1512 4017 109 33 small

274 4081 76 44 flap
364 4080 116 32 about
494 4080 77 28 two
591 4071 122 35 inches
728 4072 116 33 lower
857 4068 91 35 than
969 4067 65 33 the
1050 4069 90 31 coat
1150 4061 390 48 lappel.—Breeches
1556 4072 67 25 are

276 4135 64 30 not
359 4126 106 33 made
482 4136 38 21 so
540 4122 86 44 high
646 4120 48 45 by
713 4126 74 27 two
811 4128 40 24 or
875 4116 113 35 three
1006 4113 128 37 inches
1150 4122 41 24 as
1208 4111 89 45 they
1325 4119 117 33 were,
1460 4111 72 33 and
1558 4111 66 33 the

278 4172 209 39 knee-band
519 4168 314 41 exteadiAlmost
863 4169 39 30 to
932 4162 71 37 the
1033 4160 84 37 calf
1136 4159 54 44 of.
1214 4159 65 35 the
1307 4159 78 45 leg,
1417 4157 91 35 with
1537 4159 89 35 four

278 4228 144 33 buttot;.
443 4227 35 27 at
501 4220 60 33 the
585 4219 116 39 knee;
725 4217 89 43 they
831 4222 63 26 are
911 4211 115 35 made
1052 4220 92 35 very
1174 4207 116 47 tight,
1307 4207 72 34 and
1401 4208 224 41 pantaloons

279 4283 63 25 ire
360 4277 125 40 pretty
497 4266 190 48 generally
707 4263 234 39 ornamented
957 4270 57 37 up
1033 4259 65 35 the
1111 4257 98 38 bides
1226 4254 97 38 with
1343 4254 135 37 brade.

1891 149 289 52 GISTER.

2820 150 158 54 JAN.
3020 163 51 46 8.

1744 269 54 14 Afr.
1889 269 37 14 ay.
1925 269 13 14 -
1952 272 8 12 4

1731 311 14 34 '
1746 311 90 34 7lll/.
1975 276 343 69 POPULAR
2361 279 451 64 PREACHERS.

2269 358 81 38 No.
2380 358 141 39 XXII.

1811 488 124 38 When
1954 489 80 37 that
2052 501 98 35 your
2172 491 142 43 Flock,
2329 490 204 35 assembled
2554 491 52 45 by
2623 493 64 34 the
2706 493 91 43 bell,

1809 537 180 35 Encircle
2008 536 73 47 3eti
2096 553 12 24 ;
2137 544 39 31 to
2196 541 106 41 hear,
2323 540 92 34 with
2434 549 211 33 reverence,

1808 585 119 38 Your
1943 586 229 48 Expositiou
2192 591 44 33 of
2250 591 61 33 the
2331 588 104 46 Holy
2456 588 104 34 Text
2572 589 60 33 !
2746 591 296 34 SuAtismins.

1967 713 130 40 REV.
2130 715 228 43 ROBERT
2391 713 276 47 HODGSON,
2696 715 112 39 M.A.

2365 791 48 25 OF

1926 849 44 35 ST
1970 849 22 35 )
2278 852 30 26 N
2311 852 87 26 EAR.
2425 852 337 32 11.1NOVISR-5t211.1
2770 854 73 25 RE..

1760 904 345 43 NEW-YEAR'S
2127 907 131 43 DAY,
2275 919 83 25 was
2374 905 78 40 this
2471 905 102 53 year
2582 919 24 27 a
2626 906 158 43 doleful
2800 907 76 53 day
2895 907 43 46 in
2953 913 110 35 most

1704 956 51 39 of
1783 970 83 26 our
1899 959 210 50 parochial
2141 959 216 40 churches.
2414 959 90 40 The
2533 963 157 50 joyous
2725 961 163 52 ringing
2916 959 51 40 Gf
2991 961 73 40 the

1706 1007 113 48 bells,
1843 1010 155 43 instead
2027 1013 51 38 of
2100 1012 237 52 intimating
2370 1011 70 40 the
2467 1025 141 27 season
2630 1015 66 38 for
2728 1013 119 52 pious
2875 1015 164 52 gratula-

1703 1061 105 46 tion,
1830 1065 224 40 awakened
2081 1065 224 40 thousands
2327 1065 48 38 of
2388 1067 70 38 the
2476 1067 112 52 good
2613 1067 80 39 and
2714 1065 106 54 liege
2838 1068 145 51 people
3015 1069 51 39 of

1701 1115 83 39 this
1800 1117 164 47 nation,
1984 1123 43 33 to
2048 1131 176 40 prepare
2254 1126 45 32 to
2329 1119 94 39 hear
2444 1121 174 47 nothing
2637 1119 76 39 less
2746 1120 240 53 important.
3019 1123 39 37 in

1701 1169 168 40 various
1889 1170 132 51 places
2049 1172 50 39 of
2122 1170 196 53 religious
2342 1172 190 52 worship,
2550 1173 96 38 than
2666 1172 162 40 funeral
2848 1185 181 27 sermons

1703 1222 35 38 It
1773 1221 32 39 is
1834 1230 256 48 customary,
2109 1237 53 27 on
2186 1226 69 38 the
2275 1230 348 34 commencement
2642 1226 52 38 of
2717 1237 26 26 a
2760 1237 223 41 new-year,
3012 1231 46 34 to

1703 1273 100 41 look
1824 1276 241 41 backwards
2083 1277 78 39 and
2179 1277 216 44 forwards,
2417 1283 43 34 to
2476 1278 99 39 take
2593 1291 25 25 a
2639 1277 194 41 bifronsic
2849 1291 144 41 survey
3012 1280 52 40 of

1702 1328 138 53 things
1854 1346 14 28 ;
1898 1335 44 35 to
1962 1330 187 40 consider
2177 1331 152 39 human
2360 1330 69 40 life
2458 1330 356 54 retrospectively,
2841 1345 43 25 as
2900 1332 91 39 well
3014 1346 45 25 as

1702 1383 315 53 prospectively.
2078 1385 17 39 I
2126 1397 66 26 am
2228 1385 66 39 far
2321 1384 109 39 from
2459 1384 169 52 wishing
2646 1389 48 34 to
2713 1384 242 54 discourage
2975 1385 87 39 thi3

1700 1433 187 58 salutary
1907 1439 152 52 species
2092 1435 52 41 of
2171 1436 228 47 reflection',
2430 1435 38 41 if
2493 1437 33 40 it
2557 1439 47 39 be
2628 1437 210 53 equitably
2868 1440 187 38 exerted.

1701 1489 163 52 Surely,
1894 1491 208 45 however,
2133 1491 32 39 it
2187 1491 31 39 is
2233 1491 162 39 neither
2409 1491 97 39 wise
2526 1504 46 26 or
2591 1488 98 41 kind
2713 1496 44 33 to
2776 1491 280 53 contemplate

1700 1540 148 54 chiefly
1869 1544 72 39 the
1958 1544 171 52 gloomy
2148 1550 142 46 aspect
2309 1543 48 39 of
2381 1543 137 40 affairs
2533 1560 13 28 ;
2577 1548 44 33 to
2646 1543 79 45 call
2753 1548 45 34 to
2826 1544 106 39 mind
2955 1545 98 52 only

1700 1593 71 40 the
1787 1596 181 41 miseries
1984 1610 59 27 we
2062 1597 106 39 have
2185 1597 263 52 experienced
2469 1611 48 24 or
2535 1596 69 41 the
2615 1597 240 51 judgments
2868 1610 58 26 we
2944 1597 111 40 have

1698 1646 214 51 deserved,
1946 1650 78 40 and
2061 1654 46 35 to
2139 1650 224 52 anticipate
2391 1651 141 38 future
2561 1650 188 38 disasters
2776 1650 77 38 and
2887 1650 142 52 punish-

1702 1706 145 35 ments.
1907 1706 84 38 Our
2008 1703 113 53 piety
2140 1703 76 39 has
2246 1708 74 34 too
2342 1701 118 40 much
2492 1701 50 39 of
2567 1701 267 54 deprecatory
2856 1702 201 51 implora.

1700 1753 107 46 Von,
1835 1761 76 34 too
1931 1755 104 40 little
2053 1756 51 38 of
2115 1755 180 53 grateful
2317 1755 236 52 aspiration.
2660 1755 141 38 Praise
2828 1755 67 39 the
2929 1757 123 46 Lord,

1701 1808 33 37 0
1756 1820 66 40 my
1846 1808 96 40 Soul
2028 1787 228 61 excl;iined
2275 1808 71 39 the
2378 1807 117 53 royal
2526 1806 177 53 psalmist
2721 1824 13 28 ;
2815 1809 74 37 and
2909 1807 142 54 forget

1700 1864 72 34 not
1791 1860 54 39 all
1876 1861 73 40 His
2250 1863 90 44 We,
2370 1876 53 25 on
2456 1861 72 38 the
2557 1864 213 48 contrary,
2799 1874 69 25 are
2896 1861 138 52 always
3034 1861 24 52 .

1698 1915 178 52 praying
1896 1915 64 39 for
1980 1928 85 26 new
2093 1915 197 45 mercies;
2322 1913 132 45 while,
2492 1913 31 39 it
2555 1915 32 38 is
2615 1913 122 44 much
2760 1918 45 34 to
2823 1915 48 39 be
2891 1913 157 46 feared,

1701 1978 63 27 we
1782 1980 70 26 are
1870 1967 241 53 sufficiently
2131 1967 185 53 disposed
2337 1972 46 33 to
2402 1967 138 52 forget
2559 1965 69 40 the
2646 1964 176 41 benefits
2848 1980 58 26 we
2940 1967 111 41 have

1698 2031 46 26 so
1761 2019 249 54 bountifully
2034 2021 200 40 received.
2291 2021 94 38 Past
2404 2020 180 45 mercies,
2611 2019 208 46 howeler,
2838 2019 143 54 supply
3006 2035 45 26 as

1697 2070 112 52 good
1830 2086 52 26 an
1902 2073 200 40 incentive
2117 2078 45 34 to
2180 2073 107 53 piety
2311 2086 45 26 as
2372 2070 141 43 future
2530 2072 291 53 punishments.
2880 2074 149 38 Christi-

1698 2124 111 54 anity
1846 2126 32 38 is
1909 2125 73 40 full
2014 2126 51 50 of
2095 2126 197 53 religious
2320 2137 313 40 encouragemet
2650 2130 32 40 t,
2715 2124 51 39 of
2796 2124 93 53 holy
2911 2127 115 40 confi-

1696 2177 144 48 dence,
1871 2179 50 38 of
1935 2179 69 40 the
2020 2178 214 41 sublimest
2252 2177 233 40 exultation
2515 2176 52 43 of
2799 2177 39 39 if
2861 2178 116 41 there
2996 2181 52 39 be

1697 2242 76 41 any
1795 2230 98 41 such
1915 2231 117 54 thing
2052 2232 39 39 in
2111 2232 73 40 the
2203 2230 130 41 world
2353 2245 44 26 as
2414 2244 24 26 a
2456 2236 97 34 true
2568 2229 145 54 height
2731 2230 80 40 and
2833 2233 187 51 magnani-

1696 2284 99 51 mity
1813 2284 54 40 of
1880 2284 145 52 spirit.'
2070 2284 124 53 finely
2222 2285 189 38 observes
2430 2281 274 61 Stillingileet,
2735 2282 39 39 in
2792 2282 71 40 the
2891 2284 157 53 Epistle

1701 2337 246 52 Dedicatory
1967 2337 51 40 of
2040 2337 64 40 his
2131 2339 190 50 Origines
2347 2339 148 43 Sacra.,
2574 2335 35 39 if
2635 2335 118 41 there
2773 2335 50 47 be
2841 2349 76 39 any
2939 2336 109 43 solid

1695 2401 145 28 reason
1858 2389 79 40 and
1952 2381 124 63 depth
2096 2389 53 40 of
2156 2391 237 52 judgment,
2412 2388 97 53 they
2531 2400 70 28 are
2619 2392 73 37 not
2711 2387 97 54 only
2828 2388 221 41 consistent

1693 2441 115 47 with,
1830 2443 73 39 but
1923 2443 91 52 only
2037 2443 229 43 attainable
2284 2443 53 52 by
2353 2447 132 35 a.true
2502 2453 203 41 generous
2722 2439 123 54 Spirit
2862 2440 50 38 cif
2926 2441 96 39 Reli-

1874 2494 103 41 Such
1998 2509 31 25 is
2049 2494 71 40 the
2135 2494 208 53 language
2357 2493 51 48 of
2419 2506 98 35 one,
2535 2493 92 40 who
2639 2490 126 43 nobly
2780 2491 266 54 exemplified

1693 2549 39 38 in
1743 2546 169 40 himself
1919 2546 66 40 the
2001 2546 259 41 inestimable
2269 2548 250 51 advantages
2528 2543 208 43 derivable
2743 2533 111 51 from
2867 2545 185 52 genuine.

1685 2598 208 54 religious
1911 2600 215 41 devotion.
2185 2603 15 37 I
2237 2613 119 28 come
2373 2611 90 28 now
2493 2603 47 35 to
2568 2597 128 61 speak
2721 2597 48 39 of
2794 2597 70 39 the
2895 2597 154 43 Divine

1684 2654 143 40 *hose
1847 2653 159 40 clerical
2027 2654 215 39 character
2263 2652 172 41 remains
2456 2657 44 34 to
2520 2652 50 39 be
2588 2650 286 53 investigated.

1741 2706 90 40 The
1848 2708 130 39 REV.
1998 2708 230 40 ROBERT
2252 2706 249 40 HODGSON
2536 2704 32 39 is
2587 2717 78 27 one
2683 2704 51 39 of
2761 2702 71 40 the
2850 2704 195 54 nephews

1685 2757 53 41 of
1760 2761 102 39 Mrs.
1898 2761 219 45 Porteous,
2148 2758 197 53 formerly
2370 2758 92 39 Miss
2492 2757 217 53 Hodgson,
2740 2756 72 39 the
2833 2760 211 48 respected

1687 2811 112 54 Lady
1820 2812 52 40 of
1900 2812 70 41 the
1997 2818 167 48 present
2183 2811 217 41 venerable
2430 2810 150 53 Bishop
2611 2810 51 39 of
2691 2809 183 51 London.
2933 2812 60 38 Be
3015 2813 33 38 is

1685 2864 109 40 from
1817 2868 129 38 Benet
1965 2864 183 54 College,
2178 2867 41 38 in
2238 2865 72 40 the
2334 2863 223 53 University
2580 2862 50 41 of
2642 2859 260 54 Cambridge.
2957 2867 85 39 Mr.

1687 2919 201 52 Hodgson
1909 2919 72 40 has
1998 2919 219 53 published
2235 2924 85 33 two
2337 2929 210 32 sermons;
2577 2929 77 27 one
2674 2915 202 54 preached
2896 2915 151 43 before

1687 2970 71 39 the
1778 2970 276 53 Corporation
2073 2972 51 40 of
2140 2972 74 39 the
2235 2974 102 35 Sons
2353 2970 48 39 of
2413 2970 72 39 the
2506 2969 162 53 Clergy,
2694 2968 80 40 and
2792 2967 174 43 another
2983 2983 60 26 ou

1685 3022 72 41 the
1772 3024 247 56 re-opening
2037 3024 52 41 of
2111 3027 58 37 St.
2191 3026 200 50 George's
2409 3022 177 46 Church,
2606 3022 51 40 of
2679 3019 129 43 which
2829 3020 54 43 he
2898 3021 34 40 is
2947 3035 98 27 now

1685 3077 72 39 the
1776 3077 172 47 Rector,
1980 3078 107 39 after
2114 3077 52 41 its
2194 3076 155 53 having
2370 3076 239 52 undergone
2626 3074 171 53 repairs.
2854 3076 63 39 He
2931 3087 113 30 owes

1685 3129 61 41 his
1774 3136 167 48 present
1965 3128 294 44 ecclesiastical
2287 3129 252 61 preferment
2567 3133 45 34 to
2637 3128 73 39 the
2743 3132 229 47 patronage
2998 3130 53 40 of

1684 3182 63 40 his
1766 3184 136 40 uncle.
1959 3185 81 39 Mr.
2065 3185 200 52 Hodgson
2287 3197 32 25 is
2339 3181 193 46 married,
2559 3181 79 39 and
2668 3181 74 39 has
2764 3180 152 40 several
2937 3181 85 40 chil-

1685 3236 111 41 dren.
1858 3239 70 45 As,
1948 3239 207 45 however,
2184 3237 53 39 he
2258 3236 32 39 is
2307 3234 83 41 still
2408 3246 141 43 young
2570 3234 37 39 in
2628 3231 70 41 the
2718 3231 149 54 pulpit,
2888 3236 17 37 I
2929 3241 115 33 must

1684 3294 77 35 not
1779 3291 148 45 shrink
1943 3291 112 39 from
2075 3291 73 40 the
2164 3291 104 52 duty
2287 3289 50 39 of
2349 3287 210 54 explicitly
2580 3286 156 54 stating.
2761 3299 69 39 my
2851 3287 191 52 opinions

1685 3344 230 53 respecting
1935 3343 61 40 his
2011 3343 164 41 clerical
2194 3343 177 39 conduct
2391 3341 78 40 and
2487 3341 230 40 character.
2771 3338 133 40 While
2921 3340 122 41 there

1685 3394 32 40 is
1731 3410 122 27 room
1869 3397 70 40 for
1957 3399 305 50 improvement
2277 3394 40 40 in
2331 3394 63 39 his
2411 3393 241 54 preaching,
2661 3393 118 40 there
2793 3392 33 41 is
2841 3392 84 41 also
2939 3397 105 44 time

1677 3446 74 43 *for
1769 3449 87 40 him
1876 3456 46 34 to
1941 3449 119 41 effect
2078 3450 321 52 improvement.

1737 3503 74 39 His
1830 3515 167 41 person,
2022 3503 165 53 though
2215 3507 78 35 not
2319 3501 194 52 striking,
2542 3500 32 40 is
2601 3497 241 54 sufficiently
2864 3507 157 46 respect-

1685 3554 106 41 able.
1852 3557 76 39 His
1944 3561 195 35 entrance
2169 3557 87 38 into
2276 3555 72 40 the
2373 3554 135 53 pulpit
2528 3555 33 39 is
2580 3553 370 56 unexceptionably
2970 3555 50 40 be-

1685 3609 167 52 coining
1866 3625 13 28 ;
1909 3609 77 39 and
2007 3608 53 40 he
2078 3621 237 28 announces
2328 3608 63 40 his
2407 3612 90 37 text
2516 3605 98 41 with
2631 3618 26 27 a
2678 3606 198 53 precision
2897 3606 93 41 that
3009 3609 34 38 is

1685 3661 126 53 really
1835 3661 255 53 impressive,
2117 3661 81 40 and
2218 3676 51 26 an
2285 3666 250 35 earnestness
2554 3659 91 40 that
2665 3658 194 41 indicates
2875 3660 148 40 sinceri-

1684 3718 60 48 ty.
1802 3716 125 47 Here,
1952 3715 32 39 it
2011 3715 34 39 is
2070 3715 67 40 far
2154 3715 112 40 from
2295 3713 226 53 gratifying
2541 3719 44 33 to
2603 3724 67 28 me
2698 3717 46 34 to
2772 3713 180 45 remark,
2972 3712 74 41 the

1684 3767 196 53 previous
1894 3768 267 53 conceptions
2177 3765 254 41 entertained
2463 3765 53 41 of
2537 3767 61 39 his
2624 3763 229 43 excellence
2868 3767 176 40 become

1684 3820 197 53 suddenly
1903 3821 78 40 and
2006 3819 202 56 painfully
2228 3819 301 56 disappointed.
2584 3819 90 39 The
2701 3816 217 54 elongated
2952 3831 61 27 em-

1684 3873 136 53 phasis
1847 3874 92 39 that
1964 3873 253 40 constituted
2246 3873 87 40 him
2366 3886 25 26 a
2420 3872 115 53 good
2568 3872 162 46 reader,
2758 3883 91 26 now
2877 3872 165 41 renders

1685 3926 85 40 him
1799 3927 196 39 tiresome
2024 3940 45 26 as
2101 3938 26 27 a
2156 3926 213 53 preacher.
2427 3928 65 38 He
2524 3925 33 40 is
2587 3922 262 56 labouringly
2878 3931 142 35 senten-

1684 3979 125 47 tious,
1847 3979 217 53 needlessly
2099 3979 286 54 magnificent,
2422 3978 148 54 noisily
2604 3981 291 37 monotonous.
2967 3979 77 41 His

1685 4033 117 39 voice
1831 4031 33 40 is
1881 4032 210 40 doubtless
2108 4032 165 53 manly;
2306 4032 74 40 but
2411 4032 52 40 he
2487 4032 136 40 forces
2643 4031 33 40 it
2696 4031 162 50 beyond
2877 4031 51 41 its
2943 4045 74 40 pro-

1685 4098 71 40 per
1774 4085 133 52 pitch,
1925 4084 118 41 while
2075 4085 63 40 his
2167 4085 150 53 falling
2349 4090 116 35 tones
2481 4084 92 41 sink
2594 4084 202 53 infinitely
2829 4083 128 43 below
2992 4085 53 40 its

1684 4139 168 52 general
1869 4152 137 39 scope.

1739 4191 254 52 Respecting
2011 4191 60 40 his
2096 4191 106 53 style
2230 4191 52 40 of
2300 4191 291 53 composition,
2620 4192 17 38 I
2657 4195 154 35 cannot
2828 4191 53 40 do
2906 4192 137 40 better

1687 4243 98 43 than
1806 4244 109 43 refer
1935 4246 83 40 Mr.
2039 4246 202 53 Hodgson
2262 4248 46 39 to
2326 4245 71 44 the
2414 4244 210 54 judicious
2640 4244 92 43 hint
2748 4243 123 57 given
2888 4257 54 30 on
2961 4246 85 41 this

3352 4189 9 8 •
