3295 4417
1087 136 149 63 TRH
1269 136 385 56 NATIONAL
1685 138 389 54 REGISTER.

195 270 229 39 amounted
452 270 92 54 only
575 278 45 34 to
641 276 119 35 6000.
819 274 46 38 In
901 272 72 40 the
1002 283 117 32 same
1147 270 102 54 style
1269 270 51 40 of
1339 270 222 53 impudent..

195 334 301 52 exaggeration
515 334 33 39 it
567 334 32 39 is
613 334 102 44 said,
735 333 91 40 that
844 333 85 43 this
944 347 93 40 very
1056 333 123 43 Duke
1194 333 48 43 of
1259 335 146 39 ISTRIA
1426 338 58 37 set
1495 333 54 39 oil

198 409 56 28 ou
276 397 69 38 the
365 397 72 40 6th
458 396 65 40 for
555 394 308 46 Guadalaxara,
899 394 79 45 and
1009 396 175 41 scoured
1211 396 71 40 the
1302 394 131 41 whole
1453 396 97 38 road

197 457 113 44 from
333 461 219 51 Saragossa
576 459 80 39 and
684 457 207 41 Valencia.
948 457 64 43 All
1035 458 81 40 this
1146 457 99 46 took
1276 457 117 53 place
1423 456 40 40 in
1483 457 71 48 the

204 534 145 31 course
370 521 51 40 of
435 527 81 35 two
536 521 125 53 days;
683 520 162 54 though
866 520 77 40 the
970 519 154 44 former
1144 520 32 41 is
1195 526 73 34 200
1291 519 113 41 miles
1420 524 44 35 to
1483 519 71 41 the

206 585 53 43 N,
278 586 45 37 K.
345 583 50 39 of
411 583 176 44 Madrid,
607 582 79 41 and
706 583 70 39 the
789 582 141 47 latter,
954 587 72 35 140
1046 581 115 41 miles
1176 586 85 37 east
1279 583 51 39 of
1344 583 91 39 that
1452 582 98 52 city.

260 645 89 40 The
374 646 92 39 18111
498 645 193 48 Bulletin,
724 644 120 41 dated
869 647 99 38 Dec.
1002 645 111 47 14th,
1143 648 78 38 two
1240 646 100 52 days
1359 644 105 41 after
1483 644 71 40 the

207 706 175 50 former,
402 707 80 40 had
513 709 102 40 been
648 707 231 53 published,
915 707 94 40 does
1029 712 73 39 out
1127 707 142 39 advert
1297 711 45 35 to
1372 719 26 27 a
1426 706 130 53 single

210 768 178 52 military
411 783 270 31 occurrence;
720 770 72 39 but
811 781 162 33 amuses
993 768 69 41 the
1080 767 143 44 reader
1240 769 99 40 with
1359 769 71 39 the
1450 775 99 33 most

208 831 259 41 envenomed
485 831 125 40 abuse
631 831 51 40 of
702 837 80 34 two
803 831 203 44 members
1035 831 51 39 of
1111 831 70 39 the
1199 833 194 51 Supreme
1411 834 142 43 Junta,

213 894 80 40 and
307 894 97 41 with
418 893 331 47 commiseration
767 894 64 40 for
847 894 71 41 the
937 899 104 35 state
1059 892 50 41 of
1122 892 253 54 dependence
1388 892 67 41 the
1470 907 57 26 ma-

208 956 132 53 jority
357 956 51 39 of
416 956 90 40 that
522 956 250 53 respectable
785 956 113 53 Body
919 969 80 27 was
1015 956 102 53 kept
1136 956 50 53 by
1204 956 109 39 these
1328 954 228 40 obuoxious

216 1019 219 47 members,
455 1018 78 40 and
553 1019 53 53 by
622 1019 71 39 the
712 1018 217 53 populace.
987 1019 133 39 Those
1140 1022 79 40 two
1240 1016 221 48 illustrious
1478 1020 52 39 Pa-

214 1080 136 47 triots,
381 1081 92 38 who
511 1081 105 40 have
643 1096 46 25 so
717 1081 118 39 much
865 1080 182 40 irritated
1080 1081 72 40 the
1173 1080 149 54 spleen,
1354 1080 77 41 and
1465 1094 69 40 pro-

216 1142 139 41 voked
376 1143 71 39 the
463 1142 220 41 scurrilous
715 1144 122 38 abuse
866 1142 51 40 of
943 1142 278 48 BONAPARTE,
1252 1154 109 35 were
1380 1142 176 65 deputed

214 1206 57 54 by
291 1207 70 39 the
380 1209 146 37 Juntas
563 1205 50 39 of
639 1204 143 41 Seville
814 1206 80 39 and
930 1206 234 53 Saragossa,
1193 1217 46 28 or
1281 1208 201 47 Arragon,
1513 1219 43 26 as

216 1269 335 59 representatives
582 1272 45 41 to
661 1267 69 40 the
758 1271 198 48 Supreme
984 1279 46 28 or
1068 1266 161 44 central
1257 1269 144 38 Junta.
1470 1267 87 40 The

219 1330 98 52 very
351 1329 292 40 circumstance
678 1329 48 39 of
762 1329 105 39 their
904 1328 151 58 having
1091 1330 99 38 been
1218 1328 146 39 chosen
1401 1328 51 53 by
1487 1328 72 40 the

216 1395 151 38 Juntas
383 1393 52 39 of
459 1397 79 35 two
560 1391 226 53 provinces,
814 1391 132 40 which
969 1393 104 46 have
1102 1390 206 54 displayed
1341 1390 97 40 such
1470 1391 86 40 zeal

219 1454 78 43 and
318 1453 247 41 enthusiasm
588 1455 35 37 in
647 1454 70 39 the
736 1466 135 33 cause,
902 1454 32 38 is
963 1466 25 27 a
1007 1449 273 63 presumPtive
1316 1452 129 53 proof
1470 1454 90 38 that

219 1517 99 52 they
345 1530 73 26 arc
436 1530 92 26 men
549 1515 48 40 of
621 1530 53 26 no
703 1530 194 26 common
930 1515 228 44 character,
1188 1515 74 39 and
1283 1514 144 40 entitle
1447 1517 110 38 them

219 1583 46 39 to
283 1579 72 40 the
377 1579 158 40 honour
565 1577 52 41 of
638 1579 122 53 being
791 1577 197 56 cordially
1020 1578 119 44 hated
1165 1578 48 52 by
1246 1577 71 43 the
1336 1577 224 43 detestable

219 1645 158 47 tyrant.
433 1642 79 38 For
533 1641 69 39 the
618 1641 143 39 future
790 1654 58 27 we
865 1639 81 40 will
966 1644 59 35 set
1042 1641 118 39 down
1185 1638 111 43 those
1330 1644 83 35 two
1434 1654 94 26 mem-

219 1701 106 48 bers,
356 1715 44 27 as
416 1715 163 40 persons
613 1702 110 40 from
741 1702 139 43 whose
912 1702 170 50 services
1111 1702 77 38 and
1208 1701 226 54 patriotism
1455 1703 105 40 their

219 1769 174 48 country
416 1765 71 39 has
507 1769 44 34 to
569 1769 145 47 expect
733 1765 69 43 the
831 1769 178 47 greatest
1028 1763 184 40 benefits.
1269 1763 98 41 This
1387 1763 170 43 Bulletin

219 1826 188 54 captains
426 1825 197 56 helidesa
654 1825 151 58 trifling
826 1825 412 52 misrepresentation,
1269 1837 47 26 or
1337 1825 135 41 rather
1491 1824 67 50 lie,

216 1886 118 50 whets
353 1886 72 51 the
444 1887 133 51 writer
795 1890 54 38 As
870 1902 102 27 soon
992 1900 41 27 as
1055 1886 31 40 it
1106 1900 79 26 was
1205 1886 149 40 known
1374 1889 90 40 that
1491 1889 70 40 the

221 1952 216 45 Emezaost
450 1961 84 38 was
553 1956 44 33 at
630 1951 174 51 Burgos,
835 1952 79 39 and
937 1949 90 43 that
1063 1949 52 40 he
1143 1946 128 43 would
1303 1962 103 26 soon
1439 1950 50 40 be
1517 1957 43 33 at

220 2011 180 47 Madrid,
428 2011 96 58 they
544 2011 100 52 (the.
656 2013 150 58 4uata)
840 2011 213 54 published
1074 2024 25 26 a
1116 2009 250 50 declaration
1398 2011 50 40 of
1478 2026 84 26 war

219 2075 162 53 against
400 2076 169 45 France,
598 2072 78 54 full
702 2074 52 50 of
762 2076 112 51 Ally
908 2075 80 39 and
1023 2073 70 41 the
1121 2079 106 43 most
1244 2078 196 47 insulting
1475 2073 64 44 lan-

458 2135 87 48 The
568 2133 136 43 fellow
720 2135 79 51 had
840 2143 74 33 not
935 2135 69 41 the
1033 2148 183 40 courage
1253 2140 44 35 to
1328 2135 128 53 speak
1488 2137 60 52 the
1548 2137 20 52 .

219 2198 116 40 truth
348 2202 9 37 1
417 2197 89 56 The
523 2200 132 38 Junta
684 2177 213 76 published
932 2209 53 27 no
1011 2196 250 45 declaration
1281 2197 52 39 of
1365 2211 105 35 war;
1496 2198 66 43 fur

219 2258 91 53 !hat
331 2271 81 27 was
442 2259 97 52 long
557 2257 144 57 before
720 2258 210 47 declared;
961 2258 72 40 but
1054 2258 97 53 they
1170 2259 132 40 bound
1325 2259 239 40 themselves

220 2320 52 57 by
291 2321 73 40 the
376 2326 104 35 most
494 2321 154 52 soleroo
663 2322 99 40 oath
781 2334 128 28 never
922 2326 46 34 to
987 2320 115 52 listen
1121 2327 46 41 to
1187 2334 74 40 any
1290 2322 280 43 overtures.of

221 2396 142 40 peace,
393 2383 130 45 which
541 2382 67 40 did
628 2389 73 34 not
728 2381 191 41 establish
943 2393 41 30 as
1003 2381 213 54 principle,
1243 2382 71 40 the
1332 2382 230 45 restitution

222 2438 53 48 of
312 2444 110 44 their
450 2445 170 41 beloved
656 2446 279 43 FERDINAND,
976 2446 78 46 aed
1087 2445 71 50 the
1195 2445 193 53 integrity
1420 2445 48 40 of
1492 2447 72 39 the

222 2505 172 54 Spanish
415 2507 169 52 empire.
640 2506 98 41 This
757 2519 79 28 was
849 2510 73 35 too
944 2505 170 41 sublime
1133 2519 25 26 a
1175 2506 124 54 proof
1307 2506 51 40 of
1370 2507 191 40 devotion

220 2572 50 35 to
299 2568 109 43 their
423 2574 189 48 country,
643 2569 80 41 and
739 2568 169 40 evinced
930 2572 72 35 too
1023 2568 168 41 marked
1211 2582 21 25 a
1250 2569 312 41 determination

223 2635 47 34 to
308 2630 115 40 resist
444 2630 59 40 his
524 2630 256 53 usurpation,
811 2634 44 35 to
878 2630 50 39 be
963 2630 116 41 made
1115 2630 148 41 known
1289 2637 45 33 to
1368 2631 60 39 his
1454 2633 109 51 good

222 2692 83 52 city
344 2692 52 40 of
431 2693 126 41 Paris.
627 2691 177 53 Though
844 2691 71 40 the
953 2696 137 47 tyrant
1127 2693 31 39 is
1194 2699 70 34 not
1300 2692 175 43 insulted
1512 2695 51 53 by

224 2753 71 40 the
328 2753 158 54 display
514 2756 51 38 of
604 2753 103 41 such
737 2753 155 41 virtues
921 2763 59 32 on
1010 2753 70 41 the
1115 2759 94 47 part
1239 2754 48 40 of
1332 2754 63 40 his
1426 2754 141 54 loving

222 2816 195 51 subjects,
446 2815 53 41 he
534 2815 115 45 feels,
699 2815 285 46 nevertheless,
1017 2828 112 26 some
1166 2817 229 40 reluctance
1428 2822 43 34 to
1504 2831 43 26 re-

226 2878 109 47 mind
370 2878 129 45 them,
529 2878 90 39 how
654 2878 122 44 sunk,
806 2877 91 39 how
920 2877 79 40 lost
1020 2877 91 53 they
1137 2890 81 28 are.
1274 2880 63 39 Ile
1365 2878 72 40 has
1465 2880 99 40 been

223 2939 180 56 likewise
422 2935 130 59 guilty
573 2939 50 41 of
646 2953 22 26 a
685 2940 146 54 degree
844 2939 51 41 of
909 2939 288 56 inconsistency
1213 2940 76 39 and
1307 2941 260 52 imprudence

223 3014 61 27 we
309 3001 148 47 should
493 3007 74 35 not
599 3002 109 40 have
741 3001 196 53 expected
976 3001 106 40 from
1129 3001 72 41 the
1243 3015 113 40 wary
1404 3004 158 40 ruffian.

226 3065 45 38 In
298 3064 174 51 venting
501 3063 61 40 his
598 3076 177 28 rancour
795 3063 162 56 agaiust
993 3065 135 39 Count
1147 3065 129 39 TILLY
1307 3064 54 52 he
1393 3063 71 43 has
1496 3066 72 41 the

223 3124 195 54 audacity
437 3130 45 37 to
500 3137 70 28 use
588 3125 71 40 the
678 3125 107 39 word
801 3124 171 51 jacohin
989 3141 12 30 ;
1031 3124 223 56 forgetting
1272 3126 93 47 that
1384 3126 67 41 the
1470 3141 96 41 very

222 3200 124 28 name
367 3193 109 38 must
489 3185 156 43 remind
657 3187 71 39 the
743 3185 203 44 Parisians
961 3187 47 39 of
1024 3185 70 40 the
1108 3185 146 56 bloody
1273 3189 79 40 and
1367 3188 204 43 ferocious

220 3255 99 48 part
338 3249 52 40 he
410 3249 116 41 acted
544 3248 39 41 in
604 3252 39 48 17
643 3252 19 48 .
661 3252 59 48 94,
751 3249 113 40 when
885 3248 52 43 he
951 3248 151 41 headed
1123 3249 70 39 the
1204 3249 190 54 jacobins
1411 3252 158 52 against

222 3312 73 41 the
312 3309 189 43 sections.
559 3312 65 40 He
641 3309 161 43 seemed
830 3309 89 40 also
954 3315 44 34 to
1033 3309 143 53 forget
1209 3309 91 44 that
1319 3309 63 41 his
1403 3312 167 43 brother

224 3376 165 41 Lucia"'
410 3385 83 28 was
511 3386 25 26 a
555 3377 106 35 most
684 3371 150 50 violent
853 3371 176 44 Jacobin
1046 3389 14 31 ;
1096 3372 81 41 and
1196 3373 90 41 that
1305 3385 25 43 a
1350 3378 112 50 petty
1483 3376 64 41 inn-

222 3433 157 54 keeper
398 3433 159 43 refused
595 3433 87 40 him
712 3433 61 43 his
801 3433 220 53 daughter,
1051 3433 96 41 with
1178 3448 26 26 a
1230 3436 169 56 portion
1419 3436 48 40 of
1489 3441 80 37 80/.

223 3508 57 37 on
300 3496 93 40 that
413 3509 97 40 very
531 3501 202 41 account;
765 3495 78 41 and
865 3496 71 41 the
957 3496 187 54 imperial
1162 3495 158 44 diadem
1343 3504 107 34 must
1470 3498 104 41 have

223 3557 228 43 weakened
483 3557 61 40 his
565 3570 183 43 memory
769 3572 98 40 very
891 3559 138 47 much,
1057 3573 48 31 or
1134 3559 71 44 the
1230 3573 69 27 son
1320 3559 52 43 of
1385 3574 25 28 a
1439 3566 112 51 petty-

223 3619 180 57 fogging
422 3620 191 41 Corsican
628 3624 187 48 attorney
835 3619 136 43 would
991 3625 71 35 not
1081 3620 193 52 have-the
1291 3621 221 56 effrontery
1530 3628 45 34 to

224 3681 203 56 reproach
470 3681 209 43 LORENZO
713 3684 141 40 C&Lvo
887 3681 99 40 with
1028 3681 125 52 being
1183 3696 26 28 a
1241 3697 151 41 grocer
1424 3683 51 43 f
1506 3687 47 37 Sa-

226 3756 184 43 ragossa.
485 3743 90 41 The
609 3742 176 44 Bulletin
833 3744 221 41 concludes
1094 3744 99 41 with
1237 3758 116 28 some
1395 3746 181 53 sportive

226 3806 188 43 illusions
446 3809 46 37 to
528 3806 72 41 the
634 3809 222 38 cowardice
886 3806 53 40 of
961 3820 78 27 our
1072 3806 181 50 soldiers,
1285 3808 96 41 who
1414 3822 70 27 are
1514 3821 43 28 re-

226 3867 214 57 presented
458 3872 47 37 to
521 3867 107 41 have
646 3882 80 27 run
745 3883 115 34 away
887 3876 44 33 at
948 3873 66 37 the
1031 3872 203 47 approach
1252 3873 50 51 of
1320 3875 69 37 the
1403 3872 176 50 French,

228 3931 79 41 and
326 3935 47 34 to
392 3930 109 40 have
516 3930 197 40 mounted
730 3930 105 40 their
869 3931 171 40 wooden
1062 3931 154 48 horses,
1235 3931 129 52 (their
1378 3933 124 54 ships,
1520 3947 63 28 we

226 3996 217 52 suppose.)
500 3992 126 40 What
643 3992 109 40 mind
771 3993 70 40 the
859 4005 154 43 savage
1030 3992 137 41 fellow
1187 3999 105 35 must
1310 3994 123 48 have,
1448 3996 133 50 when,

228 4055 41 40 in
291 4055 71 40 the
381 4054 124 41 midst
522 4054 53 41 of
595 4055 73 43 the
687 4068 177 41 carnage
883 4056 81 40 and
986 4056 145 41 horror
1152 4056 91 41 that
1261 4059 200 39 snrrcuud
1481 4059 100 47 him,

227 4119 54 41 be
301 4117 169 43 feels.an
493 4116 239 69 iacpuation
746 4122 44 35 to
811 4119 169 54 indulge
999 4119 39 40 in
1056 4119 70 41 the
1137 4126 176 48 grossest
1328 4121 254 43 witticisms!

282 4181 89 40 The
407 4178 244 44 Nineteenth
690 4179 178 44 Bulletin
901 4182 143 53 begins
1080 4182 100 40 with
1211 4183 70 39 the
1307 4185 213 41 surrender
1539 4187 51 41 of

231 4245 131 40 Bolas
378 4260 12 30 ;
415 4243 77 40 and
507 4243 37 43 la
555 4256 41 33 as
609 4241 152 57 replete
772 4256 45 30 as
828 4243 72 45 the
911 4244 156 45 former
1080 4244 99 46 with
1192 4245 221 63 inrectioes
1427 4248 162 54 against

1618 279 67 43 the
1715 283 197 58 Supreme
1939 283 146 43 Junta,
2126 282 94 47 with
2261 282 84 40 this
2379 282 230 45 difference,
2647 282 83 39 thak

1618 343 193 41 attacked
1830 358 48 25 en
1903 356 151 33 masse;
2083 343 180 43 whereas
2296 344 40 41 in
2373 344 70 39 the
2460 343 162 43 former
2629 343 98 57 only

1619 405 123 48 CAM)
1742 405 32 48 )
1795 405 76 41 and
1892 406 133 41 Count
2061 407 107 40 MA
2169 420 26 25 I'
2232 418 71 30 are
2341 405 177 54 exposed
2543 409 45 37 to
2608 405 63 44 his
2696 404 124 43 /mind
2820 404 26 43 ,

1791 467 209 54 Assembly
2035 468 32 47 is
2096 467 159 53 already
2278 469 168 40 become
2464 481 51 26 an
2533 469 141 51 object
2693 465 45 41 o'

1619 529 92 40 with
1734 529 54 40 all
2074 530 43 40 If
2125 529 90 40 that
2231 533 54 38 be
2313 530 71 41 the
2402 531 204 39 sensation
2640 529 80 41 this

1619 593 106 53 body
1741 594 135 40 excite
1893 594 37 40 in
1950 594 183 53 Europe,
2161 606 58 30 we
2244 606 72 30 are
2342 594 222 54 convinced
2585 598 41 34 at
2647 592 102 44 least

1618 667 54 26 no
1689 654 158 52 objects
1866 656 50 39 of
1929 656 61 40 his
2015 660 227 50 contempt,
2264 656 74 41 but
2357 656 52 41 of
2430 656 61 41 his
2509 656 85 40 fear
2611 656 79 39 and

1623 718 187 39 FLORIDA
1846 719 165 40 BLANCA
2054 718 32 39 is
2113 715 129 56 Stated
2276 723 47 37 to
2352 722 102 38 have
2491 724 94 35 been
2619 732 24 25 a
2676 731 52 26 re

1620 780 118 52 Spain
1752 796 12 22 :
1794 780 51 39 he
1864 780 31 39 is
1911 793 90 27 now
2021 780 191 40 ashamed
2232 781 52 48 of
2298 780 72 43 the
2387 781 224 47 dikhonour
2629 780 50 40 he
2700 780 35 39 h.

1620 855 103 35 upon
1741 844 59 37 his
1820 844 65 38 old
1900 856 85 37 age.
2033 843 91 40 The
2143 843 262 47 inconsistent
2424 842 137 48 villain
2585 844 9 37 I
2626 844 33 38 A
2681 841 76 41 few

1622 902 50 40 he
1690 905 256 52 represented
1963 905 81 40 this
2062 905 217 41 venerable
2296 907 224 41 Statesman
2538 917 44 27 as
2591 904 86 40 sold
2693 909 43 33 to

1620 966 78 39 and
1728 979 94 28 now
1861 966 50 40 he
1945 967 202 40 describes
2177 967 84 40 him
2298 972 46 35 to
2369 967 115 40 .have
2518 967 98 39 been
2646 978 25 27 a
2705 978 69 26 rea

1623 1028 133 52 Spain.
1812 1028 130 40 These
1978 1028 197 43 Bulletins
2203 1043 72 28 are
2304 1028 206 45 excellent
2533 1028 163 41 records
2715 1028 47 39 of

1622 1090 76 39 and
1734 1091 143 53 frenzy
1907 1091 129 41 which
2069 1097 159 37 torture
2272 1093 80 41 and
2389 1091 169 40 distract
2595 1090 61 40 his
2685 1089 87 41 disa

1620 1139 183 66 feelings.
1864 1154 215 45 However,
2101 1154 111 41 there
2230 1155 31 38 is
2281 1165 25 27 a
2326 1154 189 52 meaning
2533 1154 38 38 in
2593 1152 61 41 his
2673 1152 103 40 made

1623 1213 50 40 he
1691 1214 79 39 will
1787 1219 72 35 not
1879 1215 162 40 trouble
2060 1217 164 39 himself
2238 1217 132 40 much
2370 1217 22 43 .
2393 1217 115 43 about
2520 1215 70 41 the
2610 1214 151 41 inconsi

1622 1276 60 40 his
1700 1277 206 47 conduct,.
1924 1277 35 41 if
1972 1278 52 40 he
2043 1291 74 28 can
2148 1278 92 53 only
2262 1279 135 41 excite
2428 1291 115 28 some
2570 1277 206 53 suspicion

1625 1338 86 41 that
1730 1338 222 41 illustrious
1967 1341 176 41 Patriot.
2191 1343 63 38 He
2276 1341 163 41 finishes
2456 1341 84 40 this
2552 1338 175 41 Bulletin

1623 1401 282 41 observations
1923 1415 50 28 on
1990 1403 73 40 the
2081 1404 168 44 fineness
2268 1403 51 40 of
2331 1403 71 41 the
2420 1403 191 44 weather,
2643 1402 79 40 and

1623 1469 44 34 to
1685 1465 110 41 avail
1828 1465 164 43 himself
2019 1466 52 41 of
2099 1467 48 47 it,
2176 1467 52 54 by
2263 1466 228 53 remaining
2519 1467 40 38 in
2593 1465 69 40 the
2696 1478 58 26 ca

1626 1526 143 53 league
1783 1527 110 41 from
1912 1528 174 40 Madrid.
2146 1531 59 38 He
2225 1543 130 27 seems
2372 1533 46 35 to
2435 1527 78 41 feel
2536 1526 103 43 little
2666 1526 89 43 inch

1624 1589 158 40 confide
1802 1590 60 38 his
1877 1594 149 50 august
2044 1603 144 40 person
2207 1594 46 35 to
2270 1591 71 40 the
2360 1603 93 28 care
2474 1590 51 40 of
2538 1590 52 39 its
2608 1587 146 41 inhabii

1678 1655 158 40 Besides
1869 1656 67 40 the
1968 1656 210 46 Bulletins,
2212 1656 116 41 there
2365 1669 66 27 are
2460 1668 112 30 some
2598 1655 168 41 addition

1628 1721 139 35 ments.
1826 1719 46 39 In
1894 1730 76 27 one
1990 1717 51 40 of
2054 1719 112 39 these
2184 1719 51 40 he
2264 1724 144 46 grants
2426 1731 24 25 a
2477 1715 165 56 general
2672 1716 109 54 pard

1626 1778 65 41 the
1709 1778 216 52 exception
1945 1779 48 41 of
2019 1781 71 39 the
2114 1780 117 41 Duke
2249 1779 67 43 del
2339 1782 266 41 INFANTADO,
2633 1779 129 43 CEVA'

1625 1851 24 27 a
1667 1839 73 40 few
1760 1841 161 45 others;
1939 1841 138 40 whose
2096 1841 144 40 houses
2261 1841 52 40 he
2340 1841 174 40 ordered
2531 1841 37 40 in
2585 1841 70 40 the
2674 1853 91 28 meo

1628 1902 47 39 be
1698 1902 162 51 gutted.
1917 1902 87 41 The
2020 1904 202 39 members
2239 1903 52 40 of
2310 1903 70 40 the
2399 1902 169 43 Council
2583 1902 50 44 of
2643 1902 150 47 Castile

1628 1963 150 40 tcribecl
1801 1977 43 26 as
1863 1967 195 44 cowards,
2087 1965 76 40 and
2184 1964 219 54 unworthy
2421 1964 50 41 of
2485 1964 122 57 being
2626 1963 71 41 the
2715 1965 260 53 magistrates

1625 2024 48 40 of
1693 2037 24 27 a
1735 2030 118 47 great
1874 2026 154 41 nation.
2091 2026 148 40 Feudal
2270 2026 131 54 rights
2434 2026 79 40 and
2545 2026 70 39 the
2636 2024 243 56 Inquisition
2901 2039 73 28 are

1625 2085 207 45 abolished
1847 2104 13 38 ;
1903 2088 77 40 and
2009 2087 54 48 he
2092 2089 163 41 reduces
2287 2088 72 41 the
2385 2082 201 47 convents
2613 2092 50 38 to
2691 2086 206 44 one-third
2928 2082 53 45 of

1624 2147 107 41 their
1753 2154 163 48 present
1945 2152 185 39 number.
2187 2148 320 56 Apprehensive,
2541 2148 209 46 however,
2785 2148 93 43 that
2906 2147 69 41 his

1628 2210 206 52 projected
1848 2210 152 41 reform
2023 2211 132 52 might
2169 2211 104 41 have
2289 2224 56 30 no
2357 2211 120 43 effect
2494 2211 40 39 in
2550 2211 257 52 conquering
2820 2210 70 41 the
2903 2210 71 40 de

1628 2271 193 41 testation
1839 2272 50 39 of
1907 2272 70 40 the
1996 2272 174 47 natives,
2200 2274 48 39 he
2269 2272 219 41 concludes
2502 2272 97 41 with
2619 2272 73 41 the
2706 2271 272 54 fulminating

1932 2335 47 52 If
2003 2339 63 34 all
2083 2349 65 37 my
2181 2339 145 47 efforts
2327 2339 21 47 ,
2348 2339 43 47 ba
2419 2339 175 44 useless,
2611 2339 85 45 awl!
2715 2347 90 40 Grey
2824 2340 54 35 .do
2906 2341 73 37 not

1685 2399 120 37 merit
1832 2408 67 39 my
1917 2399 240 50 confidence,
2189 2398 31 40 it
2238 2396 80 41 will
2339 2395 94 57 only
2456 2396 156 40 remain
2631 2394 66 43 for
2717 2407 70 28 me
2805 2401 46 34 to
2867 2400 111 41 treat

1628 2461 30 30 4'
1685 2469 85 41 you
1788 2470 44 27 as
1848 2458 231 52 conquered
2102 2459 224 52 provinces,
2357 2464 81 35 and
2461 2466 41 34 to
2529 2461 123 47 piaci*
2661 2471 67 40 my
2744 2461 163 39 brother
2924 2470 54 28 ox

1629 2526 30 20 44
1684 2516 171 44 another
1869 2523 156 38 throne.
2082 2520 30 39 I
2143 2525 80 37 will
2239 2525 96 37 then
2352 2529 72 44 put
2450 2525 66 37 the
2535 2522 143 41 Crown
2695 2522 52 50 of
2769 2520 123 51 Spain
2922 2532 61 32 on.

1687 2598 65 39 my
1778 2598 90 27 own
1883 2589 113 50 head,
2026 2585 78 40 and
2138 2590 15 38 I
2176 2585 78 41 will
2268 2600 122 28 cause
2417 2588 32 39 it
2466 2593 47 34 to
2542 2587 51 39 be
2610 2584 210 54 respected
2839 2585 52 53 by
2906 2585 73 43 the

1687 2646 176 58 wicked,
1891 2647 65 41 for
1985 2649 94 46 God
2101 2649 74 41 has
2192 2650 123 53 given
2335 2665 67 27 me
2420 2649 185 54 strength
2629 2648 87 44 'and
2743 2647 229 50 resolution

1688 2717 44 33 to
1748 2715 219 35 surmount
1985 2709 54 41 all
2060 2711 246 46 obstacles.'t

1765 2792 122 43 Given
1900 2792 38 37 in
1954 2802 71 43 oiir
2039 2792 184 54 peperial
2245 2791 123 48 Camp
2386 2796 40 35 at
2446 2792 170 48 Madrid,
2634 2793 100 51 Dec.
2752 2792 87 38 Vb.

2228 2864 193 54 (Signed)
2581 2870 31 39 !
2639 2865 300 48 N.teozzert.'

1684 3013 87 43 The
1801 3014 133 41 Diana
1954 3013 151 53 frigate
2122 3013 73 44 has
2220 3015 165 46 arrived
2417 3012 110 46 from
2555 3015 194 43 Corunna
2761 3030 12 31 I
2805 3014 76 44 She
2907 3014 53 43 ha
2965 3021 25 38 d

1633 3074 182 54 brought
1854 3089 25 26 a
1911 3076 163 52 regular
2109 3076 118 41 series
2262 3076 52 40 of
2344 3078 167 52 Spanish
2554 3091 161 41 papers,
2751 3078 123 41 dated
2910 3079 73 41 the

1633 3139 93 39 30th
1748 3138 77 41 ult.
1881 3138 87 41 The
1987 3137 257 56 intelligence
2263 3141 99 53 they
2379 3141 168 41 contain
2562 3137 32 45 is
2613 3155 98 40 very
2728 3141 254 53 interesting.

1633 3203 38 37 It
1689 3213 171 43 appears
1892 3200 90 41 that
2016 3198 74 43 the
2122 3201 194 40 southern
2360 3214 119 43 army
2530 3202 80 43 had
2644 3202 248 43 established
2926 3203 56 41 its

1633 3262 309 54 head-quarters
1972 3265 44 39 at
2047 3262 74 41 the
2153 3262 132 44 Sierra
2319 3266 189 46 Morena,
2538 3265 175 41 whither
2741 3265 73 41 the
2842 3270 145 50 troops

1633 3325 126 41 which
1781 3325 80 41 had
1890 3325 100 41 been
2022 3325 202 54 dispersed
2257 3326 40 40 in
2331 3327 168 41 various
2517 3325 234 51 directions,
2786 3339 106 30 were
2910 3327 77 41 ad.:

1635 3389 189 53 vancing.
1881 3390 196 40 Castanos
2096 3402 79 28 was
2204 3389 37 43 in
2270 3389 73 43 the
2370 3390 341 54 neighbourhood
2732 3390 53 41 of
2799 3390 156 43 Madrid
2972 3404 15 32 t

1636 3451 76 41 and
1731 3450 175 43 General
1926 3452 111 40 Pena
2050 3451 79 41 had
2151 3452 211 41 advanced
2376 3457 44 37 to
2438 3454 77 40 the
2531 3454 174 56 Capital,
2727 3454 99 40 with
2846 3467 26 27 a
2885 3465 76 27 con-

1636 3511 198 41 siderable
1852 3526 117 40 corps
1985 3511 51 41 of
2050 3511 181 57 Infantry
2254 3515 79 43 and
2365 3514 172 56 Cavalry
2556 3531 13 30 ;
2596 3514 51 44 of
2672 3516 71 41 the
2769 3514 220 44 surrender

1633 3575 54 41 of
1698 3574 133 43 which
1852 3575 70 41 the
1941 3575 163 43 Central
2121 3578 129 41 Junta
2267 3578 84 43 had
2374 3578 184 44 received
2584 3589 57 30 no
2667 3578 148 41 advice
2870 3578 119 53 they,

1641 3637 195 56 thought,
1876 3651 56 28 on
1948 3638 71 43 the
2053 3644 210 58 contrary,
2300 3638 109 53 after
2435 3640 155 64 having
2623 3641 120 48 made
2776 3639 71 41 the
2876 3644 111 45 most

1641 3698 169 56 diligent
1832 3698 176 58 inquiry,
2044 3699 97 54 tlAt
2157 3702 32 47 it
2223 3700 84 44 still
2327 3702 168 52 resisted
2515 3702 69 44 the
2600 3707 200 54 entrcmce
2835 3699 51 44 of
2911 3700 77 44 the

1641 3774 162 43 enemy,

1694 3828 90 40 The
1811 3830 130 40 Junta
1962 3826 50 44 of
2039 3828 176 43 Gallicia
2229 3830 84 40 had
2336 3829 184 44 received
2541 3828 156 48 advice,
2717 3829 124 41 dated
2854 3831 142 40 Trust

1645 3880 84 48 illo,
1749 3881 72 40 the
1839 3880 71 41 Bth
1930 3883 96 39 Dec.
2046 3881 112 41 from
2176 3882 106 41 their
2303 3885 163 53 Deputy
2479 3880 54 45 of
2563 3883 70 41 the
2653 3875 177 51 Central.
2845 3885 150 45 Junta,

1645 3935 150 53 stating
1813 3937 86 38 that
1917 3938 64 37 the
2015 3935 216 51 Spaniards
2246 3940 83 38 had
2339 3943 208 46 possessed
2559 3941 234 37 themselves
2811 3938 52 48 of
2884 3938 81 40 Bar-

1646 3990 150 40 celona.
1853 3986 44 41 If
1925 3987 79 43 this
2039 3994 180 37 account
2246 4003 111 28 were
2374 3996 109 43 true,
2520 3990 33 43 it
2583 3989 132 43 would
2735 4002 120 31 more
2885 3990 111 51 than

1646 4044 261 48 compensate
1925 4041 67 39 the
2011 4039 79 44 loss
2104 4041 57 47 cf
2189 4042 70 41 the
2280 4039 176 58 Capital.
2515 4046 33 38 It
2581 4044 32 40 is
2642 4056 25 27 a
2691 4042 302 43 circumstance

1648 4093 159 53 worthy
1825 4091 52 41 of
1889 4094 154 40 serious
2057 4095 222 50 attention,
2307 4096 94 40 that
2417 4096 72 41 the
2506 4108 145 41 enemy
2674 4095 107 43 have
2797 4098 76 39 not
2888 4096 109 43 been
3012 4124 12 8 -

1648 4144 92 41 able
1754 4152 48 34 to
1832 4144 148 43 relieve
2008 4147 110 40 their
2141 4148 185 53 garrison
2344 4149 41 40 in
2417 4148 94 43 that
2546 4150 228 53 important
2806 4144 202 48 fortress.'

1648 4200 74 39 We
1757 4198 183 43 consider
1968 4199 31 41 it
2019 4213 44 27 as
2107 4200 71 41 the
2212 4207 110 35 modt
2355 4201 235 43 conclusive
2609 4200 128 56 proof
2759 4201 97 41 that
2885 4201 110 45 their

1641 4251 20 53 /
1661 4251 102 53 force
1780 4253 43 41 iu
1839 4252 70 46 the
1928 4252 217 53 Pcaiusult
2161 4254 33 46 is
2209 4259 77 43 not
2302 4269 48 39 so
2366 4260 119 57 great
2498 4269 47 32 as
2559 4256 33 46 is
2608 4254 281 81 rerosented.

2708 139 159 58 JAN.
2909 137 59 66 0,

2708 288 33 34 at
2773 282 94 53 they
2902 296 76 30 are

2708 357 19 43 y
2750 345 196 50 Lonsszo
2946 345 28 50 s

2708 465 38 41 Df
2760 472 213 51 contempt

2708 542 12 27 s
2751 528 224 43 illustrious

2708 596 57 43 ist,
2787 592 92 56 they
2900 605 74 28 are

2709 654 263 41 detestation.

2708 719 60 38 cal
2798 730 91 27 man
2915 715 56 46 of

2708 780 63 39 has
2789 781 182 48 broughs

2708 854 48 26 ew
2777 840 99 56 days
2888 853 83 39 ago

2708 909 27 33 to
2756 901 181 54 England
2955 919 15 30 ;

2708 963 81 41 real
2813 977 87 37 man
2923 963 53 43 of

2715 1028 51 39 of
2781 1026 69 40 the
2870 1039 100 41 rage

2708 1087 265 56 lisappointed

2708 1152 174 44 sadness;
2901 1150 72 40 for

2708 1214 19 52 ,
2727 1214 176 52 usistency
2926 1211 53 45 of

2708 1277 67 40 iola
2811 1276 159 54 against

2708 1352 19 26 n
2745 1338 97 41 with
2858 1350 113 35 soma

2708 1402 14 40 d
2758 1401 63 40 his
2841 1401 131 44 desire

2708 1468 164 48 country
2890 1474 84 30 one

2708 1526 197 43 Iclination
2926 1530 48 35 to

2708 1589 164 40 bitants.

2708 1650 117 44 tional
2845 1654 126 39 docu.

2708 1716 143 47 ardtin,
2870 1714 99 41 with

2722 1792 142 32 AL1,06,
2889 1776 81 40 and

2708 1853 86 27 lean
2816 1841 97 39 time
2922 1844 51 34 to

2708 1902 85 47 stile
2813 1913 66 28 are
2898 1902 72 41 de-

2715 1965 260 53 magistrates

2708 2024 171 56 luisition
2901 2039 73 28 are

2708 2086 188 44 )no-third
2928 2082 53 45 of

2785 2148 93 43 that
2906 2147 69 41 his

2708 2211 38 17 ha*:
2752 2224 24 4 ra
2820 2210 69 18 elish
2903 2210 70 18 Ask
