3295 4417
280 124 164 57 JAN.
485 122 52 51 S.
587 103 5 78 .
1152 118 143 54 THE
1329 117 372 56 NATIONAL
1735 115 372 56 REGISTER.
2895 103 70 51 23

330 194 7 8 .
369 193 2 9 .

544 200 27 9 -•••
593 201 38 14 --ft

2862 181 102 8 ---

1026 228 21 6 -

272 257 110 39 terms
402 259 162 43 presents
579 253 110 35 itself.
742 253 164 45 Opinion
926 254 150 34 relative
1102 259 38 28 to
1165 253 64 34 the
1248 252 136 37 British
1401 260 94 26 arms
1514 260 72 24 was
1700 247 91 39 Feb.
1822 249 56 34 14.
1909 247 188 46 Benjamin
2120 244 100 34 Betts
2235 242 72 35 and
2334 241 83 35 Ana
2441 237 133 40 Smith,
2606 233 210 46 Basinghall
2836 239 129 35 street,
3198 193 37 259 i
3235 193 37 259 l

274 304 43 43 of
330 305 61 34 the
410 304 146 43 highest
574 302 243 45 importance,
831 312 38 24 as
889 301 25 33 it
933 301 111 40 might
1064 299 174 35 influence
1256 300 60 34 the
1331 289 204 44 confidence
1548 296 45 34 of
1648 294 149 41 factors,
1820 302 41 31 at
1877 307 45 22 on
1924 306 34 30 e,
1985 302 38 27 at
2043 296 13 32 (
2063 304 48 26 Itil
2169 301 34 22 la
2118 291 50 34 MI
2205 291 25 33 ll
2237 315 11 11 ..

274 352 64 41 the
361 348 216 46 Spaniards,
604 359 44 22 or
672 348 112 33 invite
803 348 59 32 the
880 350 141 32 nations
1036 348 176 44 groaning
1228 347 107 35 unJer
1359 346 63 34 the
1439 345 97 44 yoke
1548 343 43 34 of
1694 341 87 35 Jan.
1800 343 59 37 21.
1890 343 115 35 Moses
2022 340 106 39 Joel,
2145 337 252 45 Uigh-street,
2414 330 237 41 Shoreditch,
2665 328 123 33 dealer
2804 326 34 33 in
2854 325 111 45 glass,

274 394 157 44 France,
459 402 39 30 to
524 397 138 44 appeal
694 402 37 28 to
757 396 72 33 this
854 404 165 34 country,
1043 394 69 33 and
1139 400 215 37 cooperate
1380 391 90 35 with
1488 392 27 33 it
1532 391 57 33 for
1648 394 39 27 at
1702 389 146 40 twelve,
1859 394 40 27 at
1918 387 203 34 Guildhall.

275 443 100 38 their
402 445 247 34 deliverance.
699 443 80 34 The
804 443 217 41 advantages
1046 441 131 45 ought,
1205 438 202 41 therefore,
1434 444 37 27 to
1496 439 92 33 have
1701 433 89 45 Feb,
1808 436 56 35 15.
1893 436 151 34 Charles
2063 433 150 38 Glover,
2228 426 378 38 Albertnarle-street,
2626 423 343 41 Ilanover-square,

276 494 92 34 been
386 502 99 24 more
504 491 86 34 than
607 490 143 41 usually
770 495 120 39 great,
911 488 119 35 which
1046 488 131 34 should
1195 488 44 33 be
1254 485 146 35 deemed
1419 484 170 34 sufficient
1651 481 243 46 upholsterer.
1918 487 40 30 at
1974 489 84 32 one,
2087 483 41 31 at
2139 474 207 40 Guildhall.

278 546 39 30 to
348 540 154 35 balance
530 539 61 34 the
617 539 185 44 objection
830 539 43 32 of
896 536 164 45 granting
1082 541 39 28 to
1150 544 25 25 a
1200 543 86 34 very
1304 533 152 35 inferior
1470 541 120 37 army,
1698 529 86 35 Jan.
1802 530 18 40 7
1820 530 18 40 ,
1867 528 164 34 William
2048 522 335 48 Cowoerthwaite,
2401 517 76 39 Old
2494 516 241 40 Fish-street,
2759 521 141 37 grocer,
2926 515 44 30 at

279 588 170 45 hopeless

467 587 38 34 in
522 586 292 40 circumstances,
839 583 69 34 and
934 583 138 33 broken
1102 583 37 32 in
1162 580 126 46 spirit,
1315 579 85 35 such
1429 585 109 27 terms
1552 587 40 25 as
1654 578 72 35 ten,
1743 580 40 33 at
1798 575 203 35 Guildhall.

278 635 117 41 might
410 644 130 34 argue,
552 633 81 35 that
648 630 320 44 notwithstanding
979 631 45 33 its
1033 628 183 46 disparity
1235 627 34 34 in
1280 630 181 35 numbers,
1476 624 27 35 it
1521 635 71 24 was
1698 622 85 33 Jan.
1798 624 61 34 30.
1889 622 26 33 N
1926 621 138 37 icholas
2078 618 126 46 Hurry
2220 614 72 38 and
2313 609 243 48 Christopher
2569 609 50 33 Ili
2627 607 38 35 rd
2681 602 126 41 Jones,
2841 604 126 35 Liver-

278 683 78 37 still
376 681 222 34 formidable
611 687 38 26 to
666 681 45 32 its
728 680 150 34 victors,
927 678 59 33 Nis
999 676 217 44 advantages
1231 684 92 25 seem
1342 680 38 27 to
1401 673 91 34 have
1504 673 87 33 been
1655 669 104 46 pool,
1773 669 216 40 merchisats,
2013 674 39 27 at
2069 665 149 41 twelve,
2242 670 41 30 at
2298 661 63 37 the
2381 663 141 40 George
2549 656 83 39 inn,
2659 653 213 45 Liverpool.

278 730 131 44 gained
428 730 83 35 that
529 728 120 35 would
669 731 63 35 not
749 726 93 33 have
868 725 148 46 equally
1044 720 176 38 followed
1246 720 94 35 from
1364 719 143 44 forcing
1532 717 63 37 the

2004 726 391 40 CERTIFICATE,
2419 723 24 37 .1
2450 731 74 28 AN.
2541 720 64 37 24.

281 787 129 35 enemy
437 782 40 30 to
506 787 26 24 a
544 785 99 26 more
673 772 152 39 marked
848 771 229 35 submission.
1126 769 84 35 The
1222 768 84 44 gain
1326 767 46 34 of
1395 767 90 33 time
1500 774 40 26 as
1556 770 39 31 to
1701 778 190 46 Ahreham
1910 780 190 38 Saunders,
2121 776 364 38 Tottenham-street,
2505 767 262 37 horse-dealer.

279 826 150 45 sending
459 831 170 34 succours
652 822 76 33 into
746 819 113 46 Spain
889 823 131 31 cannot
1033 820 47 34 be
1095 814 176 38 admitted
1287 821 40 28 as
1356 822 27 27 a
1398 813 107 47 plea;
1532 811 63 33 be-

281 882 107 25 cacse
419 872 28 33 it
465 878 164 38 appears
644 868 81 34 that
750 878 48 25 no
811 870 262 39 arrangements
1097 860 60 40 for
1185 861 61 35 the
1258 861 188 45 reception
1460 860 44 45 qf
1528 867 67 33 par

283 926 129 43 tyrops
428 919 37 34 in
483 917 117 46 Spain
612 917 73 33 had
698 917 91 32 been
806 913 224 35 undertaken
1041 909 175 50 previous
1225 917 35 30 to
1274 908 60 47 the
1348 905 247 51 Pqnyeation;
1641 865 4 104 ,
1780 880 403 48 SATURDAY'S
2216 873 274 51 LONDON
2525 865 324 53 GAZETTE.

273 967 83 34 •aud
376 966 71 34 this
465 966 31 34 is
515 961 158 38 without
690 961 188 45 reasoning
891 969 46 26 on
951 960 215 43 subsequent
1181 956 105 39 facts.
2235 948 184 22 ...........-.

334 1013 81 34 The
432 1010 236 38 Convention
697 1009 37 35 in
754 1010 143 44 Egypt,
921 1005 122 38 which
1061 1007 65 33 has
1141 1005 91 39 been
1245 1000 183 46 4440:ad
1440 1009 39 27 as
1495 1011 21 24 a
1534 1011 65 34 pa-
2040 989 250 51 eidmiralty-O
2290 989 20 51 f
2310 989 106 51 fice,
2434 985 99 39 Jan.
2554 989 40 34 7.
3206 984 11 17 t.

263 1044 5 66 .
287 1062 107 34 rand
412 1070 99 30 case,
537 1067 162 37 appears
715 1062 38 31 to
770 1064 57 28 me
843 1054 268 47 inapplicable.
1161 1050 63 37 No
1238 1048 123 50 object
1378 1046 142 37 htsolitl
1540 1046 59 34 the
1663 1059 94 50 Copy
1770 1064 50 46 of
1827 1072 21 26 a
1863 1063 124 35 Letter
1991 1064 105 46 from
2118 1058 279 39 rire•Admirat
2413 1055 102 37 Lord
2533 1049 255 47 Collingsoood,
2806 1044 105 37 dated
2926 1055 48 25 on

172 1094 5 53 .
287 1107 265 40 dislodeement
569 1103 45 35 of
637 1104 61 34 the
730 1102 143 37 French
891 1102 96 34 from
1005 1100 125 46 F.gypt
1155 1108 79 30 was
1248 1098 104 33 there
1365 1097 37 33 in
1419 1094 180 47 question.

292 1156 120 37 lathe
430 1157 145 41 present
600 1153 177 39 instance,
801 1150 64 33 the
878 1149 194 45 operation
1096 1146 45 37 of
1167 1146 63 41 the
1256 1142 227 39 Convention
1506 1152 96 35 upon
1750 1119 115 39 board
1880 1120 58 37 the
1956 1119 130 39 Ocean,
2104 1116 58 48 off
2177 1115 154 40 Toulon,
2348 1113 57 34 the
2425 1110 41 35 19
2466 1110 41 35 th
2528 1108 50 46 of
2589 1106 164 39 October,
2774 1101 102 38 18Y9.

291 1204 65 39 the
366 1202 130 37 atlairs
511 1201 46 34 of
570 1200 116 45 Spain
700 1207 74 28 wu
785 1208 26 25 a
827 1196 266 37 consideration
1108 1191 44 37 of
1165 1193 162 45 primary
1343 1191 171 39 interest;
1532 1189 69 33 and
1709 1179 161 44 Sra,-.1
1889 1180 135 37 inclose
2036 1191 22 22 a
2082 1178 119 35 Letter
2217 1173 128 37 which
2365 1170 20 39 I
2402 1170 93 35 have
2515 1170 80 45 just
2615 1162 165 39 received
2800 1162 91 34 from
2909 1160 66 35 the

289 1252 37 33 in
339 1248 87 48 ;hat
446 1250 119 39 view,
591 1247 61 34 the
671 1245 200 37 inevitable
893 1243 106 35 erect
1010 1241 44 35 of
1076 1251 99 25 some
1192 1238 44 37 of
1260 1241 60 32 the
1335 1237 149 37 articles
1500 1235 106 35 offers
1668 1233 113 47 Right
1798 1234 239 38 Honourable
2052 1233 96 35 Lord
2166 1231 210 39 Cochrnne;
2394 1225 162 46 Captain
2575 1222 44 35 of
2636 1222 63 34 the
2730 1218 243 45 Imperieuse,

293 1297 106 37 itself
411 1302 35 30 to
467 1307 60 33 my
546 1294 97 37 mind
658 1304 41 24 as
713 1292 116 37 liable
846 1299 38 27 to
900 1289 170 38 material
1085 1286 201 47 objection.

1664 1292 132 44 Mating
1817 1291 64 37 the
1902 1292 154 35 services
2073 1287 118 37 which
2207 1284 50 39 he
2274 1286 65 33 has
2355 1284 89 34 been
2458 1279 198 47 employed
2675 1279 34 32 in
2726 1285 46 24 on
2789 1274 64 33 the
2865 1271 113 38 Coast

343 1344 19 39 I
381 1350 89 30 trust
489 1345 84 32 that
588 1343 102 33 these
706 1349 145 25 reasons
865 1338 77 34 will
959 1335 185 37 vindicate
1159 1342 58 26 me
1227 1332 91 34 front
1333 1331 65 35 the
1413 1330 136 44 charge
1566 1320 46 43 oft

1667 1346 44 35 of
1726 1344 224 48 Languedoc.

294 1387 272 53 presumption,
592 1391 38 32 in
656 1387 241 45 maintaining
921 1394 47 25 an
984 1382 154 47 opinion
1165 1380 274 45 contradictory
1470 1384 38 27 to
1527 1377 79 34 that

295 1439 191 50 professed
507 1441 48 41 by
573 1448 39 22 so
630 1444 109 34 many
754 1439 91 31 most
862 1431 227 46 respectable
1107 1427 169 41 Officersa
1302 1424 76 44 for,
1398 1431 92 27 even
1504 1423 34 34 if
1547 1424 63 33 the
1620 1382 4 106 •
1714 1403 167 46 Nothing
1907 1413 64 26 can
2002 1400 138 39 exceed
2169 1401 61 34 the
2256 1397 158 45 activity
2443 1393 71 37 and
2546 1391 79 35 teal
2657 1389 87 35 with
2781 1382 122 38 which
2924 1383 58 33 his

296 1496 148 35 Reasons
472 1486 48 37 be
550 1483 209 43 dssentially
793 1487 209 33 erroneous,
1028 1478 32 34 if
1089 1478 86 44 they
1193 1483 64 26 are
1272 1472 206 38 conclusive
1495 1478 37 27 to
1548 1480 59 35 my
1672 1460 182 45 Lordship
1873 1469 145 37 pursues
2052 1457 61 37 the
2138 1465 144 34 enemy.
2337 1452 79 37 The
2439 1459 138 27 success
2608 1446 120 37 which
2761 1441 138 37 attends
2927 1440 54 33 his

300 1535 98 40 mind
419 1534 58 43 (as
498 1533 18 35 I
536 1530 302 44 conscientiously
857 1526 116 35 affirm
999 1526 96 40 them
1111 1530 40 28 to
1178 1520 80 43 he),
1283 1522 30 34 it
1341 1521 32 34 is
1385 1531 26 24 a
1426 1526 182 37 necessary
1672 1517 226 45 enterprises
1937 1513 142 46 clearly
2122 1511 176 37 indicates
2347 1507 89 35 with
2489 1504 99 37 what
2654 1500 86 35 skill
2773 1500 69 33 and
2871 1496 112 35 abill-

270 1590 274 38 -.consequence
563 1580 79 34 that
664 1578 18 34 I
700 1583 93 30 must
809 1576 221 45 disapprove
1044 1570 45 38 of
1100 1572 64 33 the
1178 1569 239 39 Convention.
1675 1580 39 37 ty
1729 1573 85 44 they
1831 1581 67 25 are
1912 1569 224 41 conducted;
2172 1564 144 39 besides
2337 1559 162 50 beeping
2528 1561 61 33 the
2616 1558 113 35 Coast
2757 1556 38 33 In
2820 1556 165 33 constant

348 1632 92 41 Dec,.
452 1630 43 43 27
495 1630 22 43 1
541 1626 107 40 .litOkl,
1176 1615 193 43 MOIRA,
1394 1611 174 39 General.

1675 1628 133 41 alarm,
1822 1629 149 45 causing
1985 1637 24 25 a
2030 1626 92 34 total
2150 1620 214 48 suspension
2379 1618 43 37 of
2443 1618 63 35 the
2535 1615 122 43 trade,
2673 1611 67 35 and
2761 1607 187 43 harassing
2962 1616 27 25 a

1680 1682 98 46 body
1791 1683 46 35 of
1857 1691 126 38 troops
2007 1680 194 48 employed
2231 1680 39 33 in
2293 1675 180 48 opposing
2489 1672 91 39 him,
2614 1671 45 33 he
2693 1669 79 39 has,
2802 1662 187 48 probably

76 1717 2 80 .
356 1757 6 4 -
445 1744 366 53 TUESDAY'S
844 1743 122 46 LON
980 1740 132 47 DON
1146 1733 326 51 GAZETTE.
1682 1740 196 44 prevented
1890 1740 103 34 those
2007 1744 144 38 troops,
2165 1733 125 37 which
2310 1740 96 26 were
2424 1727 167 37 intended
2608 1723 57 35 for
2685 1721 190 46 Figueras,
2890 1717 100 35 from
3228 1717 5 80 ,

3226 1763 11 15 4

78 1773 4 79 i
120 1837 7 7 •
801 1773 4 79 .
865 1831 190 21 if...li
1680 1795 201 46 advancing
1894 1796 76 34 into
1985 1792 129 50 Spain,
2132 1794 50 44 by
2198 1789 129 47 giving
2339 1787 96 35 them
2446 1783 250 46 einpluyment
2717 1780 34 34 in
2765 1779 61 34 the
2841 1776 152 34 defence
3210 1773 25 28 k,

3210 1798 24 58 it

586 1880 416 45 PARTNERSHIPS
1025 1874 318 41 DISSOLVED.
1681 1851 45 35 of
1739 1853 96 35 their
1848 1861 85 27 own
1952 1853 141 37 Coasts.

113 1959 20 13 ~
1728 1910 60 35 On
1804 1909 65 34 the
1889 1909 105 34 Coast
2011 1903 161 38 towards
2187 1900 131 39 Genoa
2333 1899 64 35 the
2409 1905 131 37 enemy
2559 1893 64 35 hal
2649 1892 90 35 been
2754 1886 149 50 equally
2928 1892 69 30 an-.

86 1974 20 11 ~
351 1959 117 40 Grace
485 1955 72 37 and
570 1954 167 45 Yallop,
761 1950 221 39 Old-street,
996 1939 626 41 eolour-mannfacturerso-Marhel

74 2031 6 4 .
115 1942 4 106 •
307 2006 70 38 and
412 2006 145 43 Penny,
582 1998 221 47 Liverpool,
840 1990 459 51 rope-makers—Bnlfour
1335 1989 72 34 and
1439 1987 185 43 Ifilditch,
1683 1967 118 45 noyed
1817 1965 50 46 by
1890 1964 65 34 the
1982 1962 100 37 Kent
2107 1961 69 34 and
2209 1955 172 40 Wizard.
2430 1954 124 34 Those
2568 1949 103 46 ships
2698 1946 94 35 have
2818 1943 69 37 had
2914 1942 83 34 that

309 2052 363 45 Basingliall-street,
712 2043 224 41 Blackwell,
969 2042 72 34 hall
1048 2036 364 40 -factors—Oastier,
1449 2029 176 48 Cadman,

1683 2023 135 34 station
1831 2029 102 27 some
1958 2019 86 37 time
2062 2023 38 30 to
2117 2019 150 44 prevent
2293 2011 65 35 the
2391 2008 137 37 French
2554 2006 87 46 ship
2665 2002 131 44 sailing
2813 1998 92 37 froth
2926 1996 72 35 Ge-

94 2091 32 28 't?'

103 2120 24 48 4.'
126 2120 8 48 ,
307 2104 71 40 aed
398 2100 163 44 Oastjer,
599 2095 222 37 Leeds—G..:
837 2092 132 39 Gibbs,
1000 2087 196 41 Richards,
1227 2085 67 35 and
1320 2085 48 33 O.
1390 2082 131 43 Gibbri,
1538 2081 81 45 jun.
1685 2091 85 28 noa,
1783 2078 72 44 saul
1872 2075 94 35 have
1976 2072 133 38 almost
2122 2070 157 46 entirely
2297 2066 156 47 stopped
2476 2061 64 48 the
2562 2060 85 46 only
2667 2055 106 41 trade
2789 2056 61 34 the
2865 2062 131 33 enemy

107 2176 19 22 1,
311 2148 159 39 Bristol,
503 2138 372 46 merchants--Hayward,
876 2150 21 24 w
899 2138 67 40 Tied,
1000 2135 148 39 Patten,
1185 2131 69 37 and
1289 2131 84 37 Ilay
1381 2131 117 41 ward,
1531 2130 96 35 Fen-
1688 2117 227 58 had,-4hich
1933 2131 28 34 is
1978 2130 37 34 in
2031 2139 86 35 very
2135 2127 103 34 small
2263 2124 158 39 vessels;
2461 2118 135 48 during
2630 2117 98 37 their
2754 2113 116 35 cruise
2894 2108 113 40 there.

104 2197 33 61 V
308 2194 282 43 church-street,
606 2184 416 44 wine-merchants--It.
1036 2181 71 35 and
1120 2181 46 34 T.
1183 2179 125 41 Birch,
1323 2176 302 38 Prince's-street.
1690 2190 20 45 t
1710 2190 64 45 hey
1792 2189 96 34 have
1903 2187 111 35 takes
2030 2184 71 37 and
2127 2180 195 38 destroyed
2353 2174 266 45 twenty-three
2640 2169 44 39 of
2708 2170 104 35 those
2828 2170 175 33 coasters.

97 2243 9 46 •
106 2243 32 46 i,r
312 2242 204 44 Barbicap,
542 2239 85 44 gold
648 2231 463 44 wire-drawers—Bayley
1124 2228 72 34 and
1219 2228 174 43 Eardley,
1420 2224 206 41 Beer-lane,

107 2282 20 30 st
1694 2246 17 34 1
1730 2244 137 37 inclose
1876 2244 64 34 the
1959 2244 122 33 Letter
2096 2238 46 35 of
2151 2237 162 46 Captain
2334 2233 131 46 Rogers
2465 2233 22 46 ,
2511 2228 128 46 giving
2653 2236 47 27 ha
2711 2229 151 31 (ter:faint
2880 2220 46 35 of
2937 2218 67 35 the

309 2285 400 54 coopers—Desaulles
738 2283 71 35 and
841 2282 196 37 Comtesse,
1070 2277 102 43 King
1173 2281 17 31 -
1189 2281 124 31 street.
1348 2274 115 40 Soho,
1494 2271 112 35 watch
1606 2271 24 35 -

309 2329 461 44 ettle.inakers:=•Pearsou
782 2328 71 37 and
868 2327 165 44 Draper,
1051 2323 243 43 Bishopsgate
1315 2319 156 40 Within,
1487 2320 146 34 eireese,
1662 2275 5 98 ,
1687 2302 130 37 attack
1834 2298 151 39 marital
2007 2296 104 43 Noli,
2132 2295 70 34 and
2220 2294 64 33 the
2298 2294 155 43 capture
2469 2285 46 37 of
2528 2285 64 37 the
2607 2281 129 38 vessels
2751 2281 37 34 in
2800 2281 61 32 the
2878 2275 126 38 Road,

311 2381 280 45 mongers—W.
607 2379 195 38 Harrison,
820 2372 57 38 W.
892 2375 67 34 and
976 2375 44 33 O.
1041 2373 124 37 Gorst,
1180 2368 69 34 and
1269 2366 57 35 W.
1345 2366 191 40 Harrison,
1543 2365 83 45 jun.
1898 2354 21 37 I
1937 2354 47 35 ha
1984 2354 24 35 v
2008 2354 24 35 e
2046 2353 20 34 t
2066 2353 43 34 he
2127 2352 138 34 honour
2281 2354 41 28 to
2339 2347 61 40 be,
2417 2341 69 51 arts.
2642 2335 265 39 COLLINGWOO
2916 2342 41 25 D.

77 2412 5 57 •
312 2431 117 38 Little
439 2430 58 34 To
506 2425 283 37 wer-street—T
796 2425 115 44 horpe
922 2421 66 34 and
1004 2420 152 37 Graves,
1172 2415 182 39 Holborn,
1367 2415 8 31 I
1382 2414 8 32 i
1396 2412 104 34 nen.d
1506 2421 125 34 rapers

648 2485 12 20 i

313 2477 182 38 --bAdlitm
513 2474 69 34 and
598 2473 50 35 lit
665 2473 87 38 der,
777 2469 150 38 Bristol,
944 2463 268 39 salesmen—Cl

944 2469 174 33 salesmen
1119 2464 78 33 --C
1202 2463 124 44 layton
1332 2485 11 17 ,
1367 2460 175 40 Milburn,
1557 2460 72 33 and
2083 2420 235 44 Insperiewse,
2337 2412 97 48 Gulf
2446 2412 48 48 of
2506 2411 136 47 Lyons,
2657 2409 98 41 Sept.
2770 2404 64 39 211,
2851 2400 106 37 1808.

314 2525 152 40 Garsed,
496 2523 94 34 Leed
593 2532 30 30 s,
638 2510 585 45 linen-manufacturers—Smith,
1245 2510 162 37 Milkier,
1423 2507 46 33 Sa
1483 2506 85 34 Wife
1592 2506 37 37 d,

1472 2519 9 21 i
1576 2518 13 21 r
1736 2481 73 38 MY
1833 2476 289 46 Lotto,---With
2154 2476 158 44 varying
2346 2469 234 46 opposition,
2611 2466 66 34 but
2711 2461 91 34 Kith
2833 2456 176 39 unvarled

341 2572 43 33 __d
402 2572 24 33 J
430 2571 170 39 ohnston,
313 2574 117 34 an

620 2556 583 50 Manchester,calico-printers
1204 2556 45 50 --
1248 2556 112 50 Lamb,
1381 2554 165 39 Burnell,
1561 2554 69 33 and

1691 2549 152 31 'access,
1867 2539 64 33 the
1954 2530 366 50 newly-con.structed
2349 2524 241 47 &naphoric
2616 2516 242 46 Telegraphs,
2885 2512 125 37 which

318 2620 103 41 Fox,

445 2616 24 48 j
469 2616 47 48 un
619 2626 24 21 ts
907 2623 9 21 i
947 2622 21 21 0

521 2641 7 7 .
565 2617 48 34 3e
654 2614 183 39 in-street,
868 2621 38 37 al
924 2611 19 32 li
971 2604 278 38 Iders—Gatliff
1276 2601 71 39 and
1378 2601 229 40 Thackwrav
1607 2601 26 40 f
1693 2607 21 26 a
1714 2607 43 26 re
1767 2595 43 37 of
1822 2594 63 37 the
1902 2596 130 31 utmost
2047 2596 246 37 consequence
2309 2591 41 28 to
2374 2584 61 33 the
2452 2575 98 51 safet
2550 2575 20 51 y
2585 2576 44 35 of
2642 2578 61 33 the
2721 2580 169 32 numerou
2891 2580 17 24 s
2923 2580 90 25 con-
3043 2575 2 83 •

1594 2639 7 6 .

318 2668 130 40 Leeds,
467 2665 206 34 merchants
673 2678 46 9 --
726 2660 58 32 W.
801 2657 69 35 and
891 2657 47 33 It.
956 2657 189 38 Newman,
1166 2652 171 34 Swallow
1342 2667 15 8 -
1359 2653 111 31 street
1473 2673 11 15 ,
1505 2648 129 33 Picea-
2681 2643 2 65 •
2740 2643 8 18 t

1696 2663 90 30 volts
1808 2656 14 31 t
1827 2652 63 34 hat
1918 2659 80 37 pass
2026 2647 110 43 along
2166 2644 60 33 the
2255 2647 100 28 coast
2389 2637 41 35 of
2456 2635 158 40 France,
2636 2640 41 26 at
2707 2631 28 33 11
2750 2628 182 44 nirdique,
2959 2624 56 35 La

1744 2688 15 11 -

557 2721 44 24 ne

317 2717 111 43 dilly,
459 2712 93 34 hack
602 2720 81 35 yllle
689 2708 117 34 n—C.
831 2706 70 34 and
930 2707 41 32 J.
996 2702 146 39 Pollitt,
1173 2698 246 40 Manchester,
1448 2705 191 35 grocers—

1700 2708 149 40 Pinede,
1876 2708 54 32 St.
1951 2704 180 44 Maguire,
2161 2699 239 43 Frontignao,
2430 2693 133 39 Canes,
2590 2689 67 34 and
2683 2687 97 44 Foy,
2810 2685 92 33 have
2921 2682 94 34 been

322 2760 189 45 Bromily,
529 2757 214 38 Sanderson,
767 2756 139 35 Mason,
935 2751 71 35 and
1028 2748 185 45 Buckley,
1230 2745 242 38 Manchester,
1487 2743 148 34 fustian-

844 2815 7 21 i

322 2804 383 43 manufacturers—G.
725 2804 41 35 B.
791 2803 47 34 Lo
852 2802 115 33 isdale
976 2797 70 37 and
1072 2796 47 38 R.
1149 2793 189 41 Lonsdale,
1372 2790 265 37 Birchin-lane,
1697 2767 122 34 blown
1835 2773 51 34 up
1913 2760 70 34 and
1998 2756 220 47 completely
2238 2750 239 39 demolished,
2509 2746 124 44 togeth
2639 2754 19 24 e
2662 2753 15 22 r

2693 2743 13 91 n
2706 2743 27 91 vt
2733 2743 13 91 i
2746 2743 43 91 lth
2807 2739 97 35 their
2922 2738 91 32 tele-

321 2868 54 25 nrc
359 2869 13 24 —.
372 2869 7 24 i
380 2865 59 26 e
441 2855 135 35 hunts
581 2851 161 35 Wellans
780 2849 70 35 and
883 2849 56 38 Stevens,
940 2849 85 32 Stev
1026 2857 15 17 s
1094 2838 390 51 Weighshouse-yard,
992 2838 580 40 Si-spi
1573 2837 66 50 itm.,
1697 2820 72 46 ali
1770 2832 41 35 i;rai
1818 2820 159 38 -houses,
1994 2817 162 33 fourteen
2170 2811 177 35 barracks
2361 2807 41 33 of
2411 2807 60 33 the
2489 2806 91 32 Gens
2596 2805 143 31 dr•
2770 2807 41 24 or
2828 2796 188 41 Maiocs,

2727 2815 28 24 s,

345 2915 34 25 le
322 2916 22 22 n
384 2898 312 40 rchants—Smith
711 2896 69 37 and
802 2895 146 41 Cooke,
974 2889 301 40 Thames-Bank,
1309 2885 90 38 malt
1403 2884 17 34 -
1420 2884 172 34 distillers

1593 2900 45 9 --
1700 2891 65 22 one
1783 2880 163 41 battery,
1959 2872 66 35 and
2041 2872 63 33 the
2119 2875 122 38 strong
2258 2872 120 28 tower
2395 2872 97 34 upon
2510 2861 63 33 the
2593 2859 99 33 Lake
2708 2856 40 32 f•f
2767 2854 106 41 Froti
2874 2854 21 41 g
2897 2859 84 26 nan.

325 2953 120 44 Egan,
475 2949 116 34 Great
609 2949 206 39 Stanmore,
846 2942 72 35 and
934 2943 167 43 Gypson,
1126 2936 130 35 Ilemel
1276 2931 241 46 Hempttertd,
1543 2935 97 40 post-
1748 2936 72 34 Mr.
1839 2931 207 46 Mapleton,
2065 2928 99 35 Dist
2189 2926 214 34 Lieutenant
2420 2919 67 33 had
2506 2926 151 26 cantnue
2672 2910 93 37 dof
2785 2896 76 48 thes
2863 2919 21 24 e
2900 2914 120 38 expe-

326 2996 324 44 masters—Boyle
669 2993 69 35 and
757 2992 135 43 Sharp,
930 2981 426 48 Kingston-upon-Hull,
1385 2978 255 45 ship-brokers
1701 2991 135 34 ditions
1848 3002 13 27 ;
1898 2989 213 32 Lieutenant
2150 2981 167 35 Johnson
2352 2978 66 32 had
2451 2975 133 41 charge
2611 2970 43 37 of
2683 2969 60 34 the
2778 2965 244 45 field-pieces,

326 3045 128 44 —Fay
463 3046 50 38 le,
527 3043 219 39 Clidtabers,
755 3040 71 34 and
839 3035 163 45 Jeffrey,
1012 3035 250 37 Dove-ceurt,
1273 3026 370 38 merehants—Green

326 3094 71 39 sled
417 3090 255 43 Bruokshaw,
702 3087 187 40 Alfreton,
909 3084 143 44 Derby,
1067 3076 321 47 eetton'spinners.
1704 3048 71 35 and
1804 3046 214 35 Licatenant
2044 3041 33 34 B
2081 3048 79 30 ore,
2183 3037 45 35 of
2251 3035 60 34 the
2348 3032 120 44 Royal
2503 3028 172 34 Marines.
2726 3025 58 34 To
2810 3022 92 39 them
2902 3022 24 39 ,
2947 3017 25 37 a
2972 3017 25 37 n
2996 3017 26 37 d

1707 3110 38 31 to
1781 3105 72 34 Mr.
1890 3100 162 38 Gilbert,
2087 3091 358 41 Assistant-Surgeon
2461 3099 11 28 ;
2523 3085 76 34 Mr.
2646 3083 165 43 Burney,
2849 3077 175 37 Gunner;

497 3128 4 70 .
607 3151 381 43 BANKRUPTCY
1017 3144 376 47 SUPERSEDED.
1711 3162 144 35 Messrs.
1873 3157 159 35 Stewart
2049 3152 70 34 and
2131 3149 144 39 Stovin,
2297 3144 260 48 Midshipmen,
2574 3141 30 32 is
2617 3139 69 33 tine
2705 3136 188 35 whatever
2907 3128 122 39 credit

376 3221 172 44 William
565 3220 131 40 Jones,
713 3217 113 43 Great
844 3211 325 40 Portland-street,
1185 3204 275 39 coach-maker.

1710 3229 80 35 may
1809 3215 94 37 arise
1931 3211 96 37 from
2056 3207 85 37 such
2170 3202 183 40 mischief,
2376 3200 66 38 and
2473 3198 58 33 for
2558 3194 135 45 having
2709 3191 45 35 wi
2754 3191 46 35 th
2817 3201 38 24 so
2871 3187 106 38 small
3002 3195 25 25 a

819 3283 109 41 SAN
938 3281 109 35 KRU
1055 3279 110 35 PTS.
1711 3275 99 34 force
1827 3265 126 40 drawn
1967 3268 117 35 about
2099 3269 76 28 two
2205 3256 175 39 thousand
2398 3263 129 35 troops
2544 3253 93 34 from
2656 3250 60 33 the
2735 3249 198 44 important
2950 3242 77 35 for-

372 3343 131 39 James
523 3340 178 35 Dawson,
715 3334 230 44 Tottington,
959 3330 209 37 Lancaster,
1179 3322 214 45 innkeeper,
1409 3322 39 31 to
1463 3314 189 38 surrender
1714 3335 87 30 tress
1815 3326 44 35 of
1876 3325 175 44 Figueras
2067 3321 35 32 in
2117 3317 128 46 Spain,
2269 3320 41 28 to
2328 3312 63 35 the
2405 3309 148 35 defence
2571 3306 43 35 of
2631 3305 98 38 their
2746 3309 81 27 own
2841 3304 117 32 coast.

326 3392 92 35 Jan.
441 3390 60 40 16,
524 3393 39 28 at
581 3386 89 41 five,
689 3384 58 43 17,
764 3378 70 39 and
855 3379 90 35 Feb.
967 3376 57 39 14,
1039 3379 40 30 at
1093 3374 142 39 eleVen,
1248 3376 40 30 at
1304 3369 63 34 the
1389 3364 124 38 White
1532 3363 122 35 Horse

1759 3381 85 39 The
1859 3380 152 38 conduct
2021 3376 44 34 of
2078 3376 233 34 Lieutenants
2326 3369 207 46 Mapleton,
2551 3363 178 39 Johnson,
2746 3353 70 41 and
2838 3358 119 38 Hore,
2967 3354 65 34 de-

331 3441 84 40 Inn,
446 3435 246 38 Manchester.
745 3428 203 39 Attornies,
991 3423 71 37 Mr.
1098 3415 279 50 Wiglesworth,
1404 3410 133 48 Gray's
1571 3409 85 38 Inn-

1715 3450 118 28 serves
1848 3449 59 35 my
1924 3439 76 33 best
2021 3432 136 47 praise,
2170 3441 39 24 as
2229 3428 86 34 well
2329 3436 39 24 as
2382 3424 79 35 that
2474 3422 44 35 of
2528 3420 61 34 the
2606 3419 107 34 other
2731 3416 162 40 Officers,
2909 3410 124 47 Royal

330 3494 158 40 square;
515 3480 69 38 and
601 3482 74 34 Mr.
694 3478 159 40 Parker,
874 3472 118 45 Bury.

380 3531 105 38 John
504 3528 136 46 Smith,
654 3524 256 45 Nottingham,
944 3527 155 31 mercer,
1127 3513 89 37 Jan.
1235 3511 59 41 18,
1315 3509 59 43 19,
1393 3507 72 38 and
1483 3506 92 37 Feb.
1598 3506 59 39 14,
1719 3498 176 39 Marines,
1910 3490 70 37 and
1993 3485 235 40 Seamen.-1
2255 3483 111 40 have,
2393 3480 66 35 &e.

2753 3528 237 37 COCHRAN,.

332 3585 41 33 at
385 3589 84 32 one,
495 3582 40 30 at
560 3578 63 35 the
644 3572 126 39 Punch
787 3569 107 38 Bowl
920 3569 34 33 in
974 3566 99 35 Peck
1077 3563 19 40 -
1096 3563 78 40 lane
1174 3563 20 40 ,
1221 3557 256 44 Nottingham.
1527 3554 131 34 Actor-
2376 3531 171 51 (Signed)

334 3630 93 39 nits,
446 3627 146 34 Messrs.
617 3621 138 47 Bigeby
767 3613 72 43 and
857 3617 128 39 Wells,
1012 3608 265 46 Nottingham;
1300 3605 79 39 mut
1391 3604 144 37 Messrs.
1557 3598 103 38 13ax-
1722 3609 120 46 Right
1856 3601 230 41 Honourable
2102 3596 102 40 Lord
2220 3592 260 47 Coilingsrood,
2506 3589 60 44 Sae.
2589 3586 63 46 Ice.
2670 3583 64 45 Ste.

327 3683 84 34 leers
420 3674 76 38 and
510 3671 161 44 Martin,
697 3663 211 43 Ffiroiral'a
927 3663 81 35 Ina.

1770 3671 381 56 Imperieuse—None
2161 3665 144 43 killed;
2330 3672 91 27 none
2432 3657 203 41 wounded;
2661 3667 67 25 one
2745 3653 122 47 singed
2880 3652 165 45 blowing

837 3730 35 37 D
883 3722 283 44 IVIDENDS.

1788 3746 25 25 a
1828 3737 161 39 battery.

385 3801 97 39 Feb.
498 3798 63 37 25.
588 3795 171 37 Willies'
778 3791 129 46 Hope.
925 3785 229 40 Manchester
1156 3806 13 20 ,
1191 3788 143 39 grocer,
1357 3780 43 32 at
1413 3772 120 44 three,
1546 3772 43 38 at
1602 3767 65 39 the

1723 3749 48 137 ratea

1765 3793 14 91 :i
1779 3793 7 91 t
1786 3793 7 91 '
1793 3793 14 91 ll

1811 3802 11 91 y
1821 3802 11 91 r
1833 3801 15 25 e

1848 3802 22 79 othersl
1872 3801 14 24 1
1887 3785 177 91 ChOunnek
2082 3783 91 34 Com
2176 3791 34 24 m
2212 3776 136 47 anding

2072 3849 122 26 now.
2268 3992 9 11 .

78 3839 4 52 .
335 3847 248 44 Commercial
602 3844 86 40 Inn,
700 3839 244 40 Manchester.

387 3898 92 37 Jan.
495 3896 63 38 30.
600 3891 168 38 William
800 3880 283 52 Coperthwaite
1106 3875 73 40 and
1207 3873 126 37 James
1365 3868 170 45 Waring,
1559 3865 549 48 Man-.....
2108 3865 60 48 m
2169 3865 307 48 5m.--

340 3945 161 41 chester,
528 3937 305 43 manufacturers,
855 3937 41 32 at
909 3931 122 40 three,
1054 3931 40 32 at
1111 3924 84 38 the
1195 3918 246 43 Commercial
1463 3913 83 45 Inn,
1565 3911 105 35 Man-

1778 3954 81 35 The
1893 3950 161 38 Gazette
2079 3945 165 37 contains
2276 3953 26 25 a
2328 3943 109 35 letter
2458 3937 98 37 from
2584 3932 163 47 Captain
2776 3930 138 38 Rowers
2930 3928 45 34 of
2996 3927 57 34 his

340 3991 163 40 cheater.

85 3958 4 122 .
390 4038 92 39 Jan.
500 4037 64 37 25.
588 4033 145 46 Joseph
750 4023 217 44 Whithead,
981 4020 248 43 Manchester,
1243 4011 246 44 cordwaioec,
1496 4012 41 32 at
1552 4006 123 40 three,
1733 3999 195 48 Majesty's
1942 3998 84 45 ship
2039 3996 116 41 Kent,
2171 3994 56 33 off
2246 3992 142 38 (seuoa,
2405 3986 124 44 giving
2546 3994 46 25 an
2620 3985 152 31 account
2787 3979 43 32 of
2835 3958 9 18 e
2844 3958 11 18 '

2851 3979 54 33 his
2921 3977 135 43 having

1733 4046 178 40 attacked
1928 4057 24 24 a
1972 4052 143 34 eunvoy
2143 4041 45 33 of
2210 4039 46 35 10
2285 4037 71 38 sail
2378 4033 46 35 of
2443 4036 177 34 coasters,
2652 4028 135 45 deeply
2802 4026 124 38 laden,
2944 4024 111 32 under

343 4093 46 37 at
404 4089 63 35 the
489 4084 132 46 Royal.
633 4083 87 35 Oak
742 4078 87 41 Inn,
847 4072 244 39 Manchester.

396 4135 96 38 Feb.
514 4131 59 39 14.
599 4129 105 38 John
724 4126 111 41 Pate,
852 4122 105 46 Bury
974 4120 53 40 61.
1043 4111 215 47 Edmittles,
1271 4104 352 51 aseuepserisemor,
1638 4103 41 33 at
1739 4098 63 34 the
1815 4093 209 48 protection
2040 4089 44 37 of
2102 4097 25 26 a
2156 4085 196 47 gansboat,
2379 4087 40 30 at
2447 4088 47 27 an
2523 4078 141 33 anchor
2678 4075 98 38 close
2791 4078 41 30 to
2858 4071 60 34 the
2940 4069 116 34 beach

1729 4146 158 38 'abreast
1919 4141 45 34 of
1996 4139 65 37 the
2083 4133 100 40 tow's
2210 4131 46 38 of
2288 4128 109 40 Noll.
2458 4124 83 41 The
2572 4124 105 40 Whip
2709 4120 45 38 a
2772 4119 61 37 the
2864 4117 100 38 Lent
2988 4117 74 34 and

353 4181 81 66 *at
459 4187 45 34 at
520 4178 209 44 Guildhall,
757 4169 163 44 Londe%
3226 4169 4 78 .

3209 4251 7 7 .
3261 4247 7 4 -
