3448 4417
1143 112 150 54 THE
1329 107 386 59 NATIONAL
1752 107 384 53 REGISTER.

270 252 112 25 arms.
436 244 124 33 Other
586 250 175 28 accounts
790 248 112 37 state,
928 244 85 35 that
1039 244 30 33 it
1088 244 64 34 has
1170 242 249 47 capitulated.
1476 242 128 33 Ilar:e•

274 291 85 33 lona
372 293 31 32 is
420 292 170 44 reported
607 296 34 30 to
657 294 89 32 have
757 292 240 37 surrendered
1010 298 37 30 to
1061 294 59 33 the
1139 293 154 45 English
1305 291 73 35 and
1391 288 219 47 Spaniardg,

274 339 103 43 after
390 350 20 22 a
428 343 91 31 most
535 339 216 37 destructive
770 341 285 34 bombardment.

328 387 136 34 Letters
481 387 98 33 from
599 389 130 45 Gijon,
746 389 43 34 of
801 390 64 33 the
881 389 84 35 18th
984 389 148 40 instant,
1147 391 115 39 state,
1286 389 83 33 that
1387 387 63 33 the
1472 383 138 37 French

276 433 77 34 had
369 446 44 21 po
430 446 100 22 more
560 435 92 35 than
676 437 73 35 250
782 443 129 40 troops
938 442 39 28 at
1009 437 223 40 Santander;
1259 436 87 43 and,
1374 446 40 22 as
1447 432 156 35 General

279 482 210 35 lilalustinos
508 494 78 24 was
604 485 204 41 advancing
822 485 90 33 with
928 485 94 33 5000
1050 496 94 28 men,
1172 485 30 33 it
1219 496 74 22 was
1316 482 188 47 expected
1532 480 79 35 that

276 535 66 30 the
358 541 125 35 enemy
504 531 126 34 would
657 541 180 26 evacuate
867 534 63 34 the
960 535 168 45 place.—
1139 534 170 33 Corunna
1336 533 124 45 Diary
1488 528 44 37 of
1552 534 59 30 the

279 578 92 37 `29th
392 579 224 37 December.

2776 106 151 53 TAN.
2963 112 52 48 8.

1729 239 161 32 Ng'twat
1916 235 344 44 History.--There
2280 235 30 35 is
2327 246 21 22 9.
2363 235 182 34 heautiful
2564 236 102 34 little
2685 237 130 44 hawk,
2832 242 190 41 generally

1676 285 122 34 called
1814 296 18 21 a
1847 283 325 46 sparrow-hawk,
2190 283 64 34 but
2272 282 141 43 which,
2434 282 37 35 in
2485 282 93 44 fact,
2598 283 30 33 is
2647 283 44 34 of
2699 295 24 22 a
2740 293 92 37 very
2854 288 174 34 different

1677 334 155 45 species,
1850 334 112 41 being
1975 343 25 22 a
2016 331 141 34 kestrel
2184 343 44 22 or
2243 331 223 35 windhover
2487 332 137 44 (Falca
2650 333 268 45 Tinnuneulus)
2939 347 83 24 now

1680 381 132 45 living,
1830 380 197 44 belonging
2040 385 39 27 to
2100 379 73 35 Mr.
2193 379 102 35 John
2308 378 119 47 King,
2447 378 44 35 of
2510 370 273 56 Buckingham,
2805 381 122 35 which
2947 383 57 35 fre-

1678 430 152 45 quently
1850 429 109 34 takes
1976 429 45 32 its
2047 426 125 45 flight,
2203 428 71 34 and
2293 426 30 34 is
2339 428 129 33 absent
2496 428 60 33 fur
2590 430 139 33 several
2748 428 48 37 da
2802 441 14 31 i
2826 441 30 32 s,
2875 441 22 25 a
2915 432 104 34 week

1680 487 46 25 or
1734 483 91 33 two,
1843 487 44 25 or
1906 478 149 40 longer;
2072 474 107 34 when
2194 474 32 35 it
2238 481 142 30 returns
2398 480 38 30 to
2451 475 61 35 the
2533 475 129 44 house,
2675 477 69 34 and
2756 488 89 33 goes
2856 478 117 35 about
2983 489 39 25 as

1678 526 141 45 tamely
1832 537 38 21 as
1890 523 141 35 before.
2086 524 39 33 It
2145 534 76 24 was
2233 524 115 33 taken
2366 522 96 35 from
2477 524 43 34 its
2539 528 94 37 nest,
2654 524 104 35 when
2778 536 92 34 very
2888 537 139 35 young,

1682 575 37 32 in
1736 572 96 35 Jane
1851 573 106 43 1807,
1975 573 70 33 and
2074 570 96 34 bred
2202 582 48 34 up
2283 576 112 30 tame.
2448 570 103 35 Mice
2562 581 66 24 arc
2643 572 45 34 its
2706 570 190 37 favourite
2914 574 103 35 food.

1685 621 142 34 Within
1840 621 63 33 the
1922 621 71 32 last
2008 625 78 30 two
2100 619 161 43 months,
2278 620 31 34 it
2323 619 64 35 has
2405 619 170 45 changed
2595 619 45 34 its
2656 620 60 33 old
2737 621 174 44 plumage
2927 622 57 33 for
2999 634 25 22 a

1681 680 81 24 new
1779 669 66 34 and
1864 669 109 33 much
2001 667 169 43 brighter
2202 677 84 33 one,
2314 669 111 45 being
2445 667 143 45 chiefly
2614 666 45 35 of
2679 667 347 40 a,brick-coloured

1682 716 80 43 red,
1775 715 240 37 embellished
2033 715 93 34 with
2145 715 143 45 elegant
2303 716 115 34 black
2438 720 33 30 tr
2477 715 7 33 i
2491 719 94 39 angu
2590 715 59 33 lar
2666 719 116 40 spots.

1731 762 35 37 A
1786 775 98 24 more
1900 764 174 41 affecting
2087 772 84 25 case
2184 762 89 35 than
2289 764 64 34 the
2373 763 202 44 following
2594 763 64 34 has
2673 762 141 37 seldom
2831 765 190 35 occurred.

1681 811 84 37 The
1783 813 87 33 wife
1890 809 45 35 of
1961 811 72 33 Mr.
2056 811 223 40 Middleton,
2293 823 25 22 a
2329 811 141 34 farmer
2484 819 39 26 at
2539 811 208 40 Winmour,
2765 823 91 24 near
2875 813 130 35 Hesler-

1680 865 80 35 ton,
1779 870 94 33 upon
1893 860 65 33 the
1988 859 144 41 Wolds,
2169 859 34 35 in
2235 859 230 40 Yorkshire,
2490 860 90 32 with
2613 859 65 34 her
2692 859 118 35 infant
2829 860 116 43 child,
2960 860 65 37 her

1678 908 123 38 sister,
1817 909 72 33 and
1906 908 64 33 the
1989 906 273 45 housekeeper,
2282 907 71 34 had
2385 908 92 34 been
2503 909 41 32 at
2576 918 27 25 a
2631 907 230 35 farm-house
2878 909 45 32 of
2947 909 73 35 Mr.

1682 956 255 40 Middleton's,
1956 961 39 27 at
2010 965 102 25 some
2145 956 110 33 little•
2269 956 180 40 distance,
2477 956 71 33 and
2564 960 57 28 set
2639 960 63 28 out
2714 966 45 22 on
2779 956 102 34 their
2896 963 126 30 return

1681 1004 109 34 home
1807 1004 37 34 in
1858 1004 65 34 the
1939 1003 196 34 afternoon
2153 1003 44 33 of
2207 1003 184 45 Saturday
2407 1003 198 44 se'•nnight.
2657 1004 94 34 Two
2771 1015 83 25 men
2867 1004 158 46 belong—

1681 1052 63 43 ing
1756 1057 38 28 to
1812 1052 60 33 the
1897 1051 94 34 farm
2027 1051 72 34 had
2127 1051 92 34 been
2243 1051 91 34 with
2369 1052 74 33 Mr.
2466 1051 207 34 Middleton
2701 1051 239 41 afterwards,
2954 1054 71 33 and

1680 1100 80 33 told
1778 1100 73 33 him
1866 1100 46 33 of
1924 1098 64 34 the
2008 1108 112 37 party
2141 1098 137 45 having
2304 1098 71 35 left
2392 1100 64 33 the
2474 1098 111 43 farm,
2606 1100 67 33 hut
2686 1098 202 46 supposed,
2907 1110 39 24 as
2961 1098 64 35 the

1677 1147 76 46 day
1773 1157 76 25 was
1864 1152 157 39 stormy,
2049 1148 91 43 they
2167 1154 92 27 must
2277 1146 97 35 have
2391 1147 190 41 returned,
2602 1144 90 35 with
2712 1157 46 24 an
2778 1147 180 37 intention
2976 1148 45 34 of

1677 1196 180 45 stopping
1884 1194 138 35 there
2022 1195 60 34 for
2102 1195 65 34 the
2191 1195 116 45 night.
2361 1195 139 34 Should
2529 1195 76 33 this
2622 1200 63 30 not
2702 1205 117 35 prove
2838 1200 38 28 to
2894 1196 44 33 be
2950 1194 66 35 the

1677 1254 102 32 case,
1792 1244 59 33 the
1870 1253 83 25 men
1969 1243 189 45 proposed
2177 1248 38 30 to
2229 1253 46 35 go
2293 1244 98 34 bark
2412 1243 259 44 immediately
2699 1248 38 28 to
2759 1243 74 34 Mr.
2856 1243 158 41 Middle,

1681 1297 79 37 ton,
1776 1291 67 34 and
1864 1290 136 35 inform
2027 1290 79 35 him
2135 1290 45 35 of
2203 1290 41 38 it.
2295 1291 78 37 Not
2402 1291 154 43 hearing
2582 1300 74 33 any
2674 1290 103 45 thing
2794 1292 94 32 from
2908 1290 120 35 them-

1682 1341 73 33 Mr.
1779 1339 209 34 Middleton
2002 1339 189 44 supposed
2204 1339 63 34 the
2300 1344 113 40 party
2430 1339 84 33 'had
2533 1339 171 33 returned
2721 1339 71 33 and
2815 1349 99 24 were
2930 1339 93 33 safe.

1682 1385 130 35 About
1831 1393 58 30 ten
1909 1385 149 38 o'clock
2074 1391 45 30 at
2144 1385 122 46 night,
2282 1387 193 41 however,
2505 1398 40 22 as
2577 1385 47 33 he
2652 1395 73 26 was
2745 1387 112 44 going
2875 1393 39 28 to
2930 1387 90 34 look

1676 1434 103 37 after
1798 1446 97 24 some
1919 1434 115 46 sheep
2068 1444 93 26 near
2187 1435 65 35 the
2269 1434 132 44 house,
2427 1434 155 35 his'foot
2614 1434 123 34 struck
2754 1435 144 43 against
2913 1444 94 24 some-

1680 1483 122 43 thing,
1820 1482 141 43 which,
1978 1493 47 24 on
2035 1482 276 41 examination,
2330 1483 141 45 proved
2494 1487 40 30 to
2555 1483 47 33 be
2621 1482 61 34 the
2699 1482 99 43 body
2825 1481 45 34 of
2893 1492 22 25 a
2930 1482 94 34 dead

1681 1531 100 34 child
1795 1544 11 27 ;
1831 1531 71 34 and
1936 1530 59 35 his
2015 1530 266 37 astonishment
2301 1531 72 34 and
2389 1530 184 35 affliction
2604 1539 84 34 may
2707 1531 44 33 be
2783 1539 103 25 more
2902 1530 119 45 easily

1680 1578 196 37 conceived
1896 1577 91 37 than
2009 1578 220 45 expressed,
2262 1579 104 33 when
2386 1578 44 33 he
2445 1578 115 35 found
2578 1577 32 35 it
2639 1583 41 28 to
2707 1578 45 33 be
2772 1577 57 33 his
2856 1587 84 24 own
2959 1578 70 34 and

1681 1628 91 43 only
1804 1625 197 43 daughter.
2054 1626 60 35 On
2150 1628 151 43 making
2329 1625 148 34 further
2507 1626 132 33 search
2670 1625 272 43 immediately,
2968 1625 58 34 his

1683 1674 90 37 wife
1789 1675 69 33 and
1877 1674 274 45 housekeeper,
2167 1674 71 35 and
2256 1675 56 35 his
2327 1672 118 37 wife's
2457 1674 122 41 sister,
2596 1680 98 27 were
2711 1672 110 34 found
2835 1677 37 28 at
2887 1683 24 24 a
2927 1672 103 34 short

1680 1721 180 40 distance,
1877 1722 132 44 nearly
2024 1721 165 41 lifeless;
2215 1721 65 35 the
2294 1726 79 32 two
2387 1722 139 34 former
2538 1731 67 24 are
2623 1722 234 41 recovering,
2885 1722 66 33 but
2967 1720 57 34 his

1681 1769 111 34 sister
1806 1770 67 33 had
1891 1770 76 33 lost
1984 1769 61 34 the
2059 1780 63 24 use
2132 1769 45 33 of
2190 1768 66 35 her
2269 1769 123 41 limbs,
2405 1769 71 34 and
2494 1768 99 35 little
2615 1767 116 46 hopes
2740 1779 67 25 are
2824 1769 184 34 entertain-

1678 1817 50 37 ed
1747 1817 45 37 of
1813 1818 64 34 her
1894 1818 195 45 regaining
2100 1817 66 35 the
2184 1826 61 25 use
2261 1817 45 35 of
2316 1818 116 34 them.

442 640 196 35 OFFICI
652 641 60 34 kT,
749 641 202 35 ADVICE
976 643 71 34 TO
1074 643 112 34 THE
1215 641 216 35 PUBLIC.

332 689 148 34 CORUS
494 699 52 22 NA
559 713 9 14 ,
600 690 31 33 D
641 699 61 26 nu.
885 692 105 33 Since
1015 692 63 32 the
1101 692 72 32 last
1188 691 146 39 advice,
1355 691 61 32 the
1437 689 176 44 Supreme

278 736 122 34 Junta
416 737 169 34 received
596 739 150 33 various
762 739 71 33 and
842 738 207 34 discordant
1069 738 237 34 information
1324 737 161 34 relative
1498 741 37 28 to
1552 736 63 33 the

279 790 97 28 state
393 784 43 34 of
455 785 65 32 the
536 785 159 44 capital,
709 785 332 46 notwithstanding
1056 787 86 43 they
1156 785 132 46 spared
1307 785 146 33 neither
1470 783 143 33 trouble

279 843 69 22 nor
372 842 170 35 expence
569 839 40 27 to
637 834 125 34 obtain
788 834 190 35 authentic
1012 833 249 44 intelligence,
1278 833 92 34 until
1388 842 48 24 an
1465 840 150 37 express

279 880 150 34 arrived
445 879 96 37 from
563 882 219 40 Catalonia,
795 882 110 34 dated
919 883 67 33 last
1004 882 116 43 night,
1137 882 120 34 which
1273 880 203 45 positively
1492 883 120 35 states,

279 930 86 32 that
377 928 213 45 Thursday,
612 930 146 33 Madrid
780 940 73 22 was
870 930 76 33 still
960 930 193 44 defending
1172 930 102 33 itself
1292 928 90 33 with
1403 926 65 34 the
1481 931 133 30 utmost

279 976 268 44 vigour—that
578 987 25 21 a
625 977 163 35 division
814 977 46 34 of
881 978 63 33 the
971 989 106 32 army
1108 977 45 33 of
1173 979 176 33 Castanos
1374 986 79 24 was
1492 974 34 34 in
1551 974 64 33 the

280 1023 312 44 neighbourhood
620 1024 44 33 of
690 1026 81 33 that
789 1025 143 44 capital
950 1037 12 27 ;
989 1025 70 34 and
1077 1024 78 34 that
1186 1025 85 34 Don
1309 1025 102 33 Pena
1440 1033 74 24 was
1534 1020 79 35 also

280 1070 181 46 directing
477 1071 57 33 his
547 1082 99 26 mar:
693 1077 37 27 to
751 1072 80 33 that
847 1072 122 45 point,
984 1072 71 37 and
1067 1072 128 44 lastly,
1214 1072 78 34 that
1310 1072 64 33 the
1385 1071 146 34 French
1550 1080 65 25 are

279 1119 184 45 earnestly
482 1119 162 46 desiring
660 1131 24 21 a
700 1120 250 45 capitulation
971 1120 43 33 of
1020 1120 61 34 the
1101 1120 227 35 inhabitants
1339 1119 46 34 of
1400 1117 163 35 Madrid.

373 1166 51 34 As
438 1170 43 30 to
500 1167 131 37 Sierra
650 1168 171 39 Morena,
840 1178 70 24 our
937 1167 282 45 head-quarters
1235 1178 61 25 are

1312 1165 19 45 .
1331 1165 220 45 established
1574 1169 41 30 at

279 1212 84 37 that
383 1214 128 44 point;
536 1217 72 34 and
635 1226 67 22 our
716 1226 105 33 army
853 1215 35 33 in
915 1215 83 33 that
1023 1222 152 39 quarter
1194 1215 28 34 is
1251 1217 131 43 hourly
1403 1212 209 37 reinforced

279 1261 53 44 by
351 1261 60 33 the
429 1267 139 40 troops.
586 1264 85 33 who
700 1273 102 24 were
834 1261 189 46 dispersed
1046 1264 48 44 by
1127 1264 63 34 the
1218 1274 144 30 enemy,
1388 1261 72 34 and
1488 1261 124 33 armed

278 1315 196 39 peasantry
491 1311 146 34 :—that
663 1311 69 35 the.
758 1311 22 33 J
788 1320 20 24 u
814 1315 63 30 nta
905 1310 44 34 of
972 1310 167 37 Defence
1167 1311 143 35 formed
1342 1311 109 34 there
1480 1309 44 34 of
1553 1309 61 34 the

279 1357 184 44 Deputies
480 1357 45 34 of
537 1359 63 33 the
628 1359 84 33 four
735 1359 203 41 Kingdoms
965 1357 46 34 of
1041 1358 220 40 Andalusia,
1277 1359 69 33 and
1367 1358 45 34 of
1426 1357 65 34 the
1507 1356 106 35 other

278 1409 80 30 two
376 1406 43 33 of
436 1406 51 33 La
503 1406 177 43 Mancha,
712 1406 30 33 is
768 1406 137 34 almost
919 1406 206 46 constantly
1141 1407 223 39 assembled,
1381 1406 156 44 making
1551 1406 65 33 the

278 1457 137 28 utmost
429 1454 206 40 exertions,
663 1455 33 33 in
715 1461 150 27 concert
886 1454 93 34 with
1000 1453 63 35 the
1089 1455 267 43 Commanding
1375 1454 176 40 General,
1576 1457 39 30 to

274 1509 130 25 secure
423 1501 78 34 that
521 1504 203 44 important
743 1502 105 44 point
866 1504 144 41 against
1026 1513 73 34 any
1115 1502 195 35 successful
1329 1502 133 33 attack
1481 1512 46 22 on
1553 1500 63 34 the

274 1554 90 37 part
384 1547 41 34 of
439 1547 60 35 the
516 1559 144 35 enemy.
716 1550 81 46 The
817 1548 117 35 Junta
954 1550 63 34 has
1032 1550 80 35 also
1140 1550 169 34 received
1337 1548 128 34 orders
1492 1548 99 33 imme-

274 1596 145 44 diately
437 1603 38 26 to
491 1597 128 35 march
645 1596 61 37 all'
716 1597 64 34 the
808 1598 182 44 prisoners
1009 1597 86 35 who
1111 1609 64 24 are
1204 1599 34 33 in
1258 1598 73 34 this
1357 1597 194 44 kingdom,
1577 1600 39 30 to

273 1641 123 39 Cadiz
413 1644 48 43 by
478 1645 109 34 small
606 1644 194 41 divisions,
820 1645 167 34 escorted
1004 1645 48 45 by
1070 1646 126 34 armed
1217 1651 184 40 peasants,
1421 1651 38 27 to
1486 1645 46 34 be
1548 1648 66 41 put

273 1696 44 28 at
337 1691 60 33 the
416 1690 163 47 disposal
606 1693 45 34 of
677 1693 64 33 the
775 1693 195 33 Governor
986 1694 43 33 of
1054 1694 81 34 that
1152 1694 93 45 city.
1297 1694 83 34 The
1409 1693 120 34 Junta
1553 1691 63 35 has

274 1739 175 34 likewise
476 1746 65 38 got
573 1750 26 25 a
620 1742 115 32 letter
763 1739 96 35 from
892 1740 56 38 his
977 1741 228 44 Excellency
1224 1741 64 35 the
1309 1741 156 44 Deputy
1492 1740 44 33 of
1556 1739 60 35 the

275 1787 156 34 Central
459 1787 135 43 Junta,
627 1788 109 34 dated
756 1787 195 43 Truxillo,
978 1788 64 34 the
1058 1789 63 34 Bth
1140 1791 46 32 of
1213 1789 222 40 December,
1466 1788 150 44 stating,

273 1833 84 34 that
390 1834 63 34 the
488 1835 183 46 Deputies
690 1835 45 33 of
757 1835 203 35 Catalonia
978 1837 91 33 have
1088 1837 170 35 received
1277 1835 236 46 intelligence
1538 1835 80 34 that

273 1891 63 24 we
354 1880 93 35 have
474 1883 177 34 rendered
684 1885 189 33 ourselves
899 1891 151 27 masters
1077 1884 47 34 of
1156 1885 222 34 Barcelona.
1434 1883 61 45 By
1520 1893 72 25 com-

273 1930 109 33 inand
400 1929 41 34 of
452 1930 63 34 the
527 1932 137 34 Junta.
1002 1932 198 35 ANTONIO
1221 1933 348 34 BARTHOLOMEW.

373 1978 177 44 Curdova,
569 1977 90 37 Dec.
678 1980 60 39 12,
756 1976 112 39 le08.

762 2069 112 40 PRO
886 2070 85 37 VIN
978 2070 30 35 C
1016 2070 48 38 IA
1074 2070 69 38 LS.

549 2186 207 27 MONTHLY
787 2189 334 25 AGRICULTURAL
1149 2189 188 26 REPORT.

321 2228 84 34 The
422 2226 105 45 early
541 2239 104 22 sown
665 2241 26 21 u
703 2229 119 40 heats,
842 2229 124 35 which
981 2239 96 22 were
1093 2239 115 33 every
1224 2231 126 34 where
1369 2230 35 35 in
1422 2230 135 34 almost
1572 2239 46 25 as

272 2274 249 45 unexampled
534 2282 98 28 state
651 2276 44 33 of
706 2276 249 35 forwardness
971 2278 70 33 and
1059 2274 237 45 luxuriance,
1316 2280 94 33 have
1426 2278 152 33 suffered
1596 2288 24 24 a

267 2322 219 35 seasonable
501 2323 137 40 check,
664 2326 50 43 by
732 2326 65 32 the
814 2326 136 44 setting
971 2326 34 32 in
1024 2326 44 32 of
1081 2326 64 33 the
1160 2326 115 45 sharp
1292 2326 123 43 frosts,
1434 2326 72 34 and
1526 2326 93 45 will,

270 2372 204 45 probably,
495 2370 47 34 be
560 2370 106 34 much
686 2373 182 33 benefited
888 2372 174 46 thereby.
1082 2383 41 24 as
1140 2372 64 34 the
1227 2374 113 44 slight
1357 2374 69 34 fall
1446 2373 46 33 of
1501 2383 115 33 snow,

268 2418 131 35 which
418 2419 90 32 took
527 2418 111 45 place
660 2424 38 28 at
719 2420 63 33 the
798 2431 100 25 same
917 2421 106 40 time,
1043 2421 78 34 will
1141 2427 148 38 protect
1312 2422 100 33 them
1431 2422 97 33 from
1545 2431 71 35 any

268 2466 177 34 material
464 2465 125 47 injury
609 2467 122 34 which
752 2469 118 43 might
887 2469 203 34 otherwise
1111 2469 97 33 have
1225 2470 90 33 been
1330 2469 64 35 the
1409 2479 86 25 case
1512 2481 11 28 ;
1548 2470 71 34 and

268 2515 112 33 those
393 2522 65 37 put
472 2515 34 33 in
520 2519 41 28 at
574 2525 25 22 a
612 2515 96 34 later
719 2515 148 45 period,
879 2528 66 22 are
959 2518 48 41 by
1023 2528 45 24 nth
1084 2526 122 25 means
1224 2517 34 34 in
1270 2528 22 24 a
1305 2523 94 28 -sate
1419 2518 44 33 of
1470 2517 145 43 growth

269 2567 43 30 to
338 2570 97 26 butqa
454 2572 20 22 n
504 2572 76 33 any
598 2563 176 33 inisch;ef
800 2564 35 32 in
872 2564 71 33 this
972 2575 76 34 w:.)
1063 2588 8 9 .
1127 2564 43 34 in
1202 2567 163 41 EtOand
1385 2565 70 33 and
1480 2565 136 41 Wales,

270 2610 145 34 Wheat
444 2620 194 34 averages,
663 2621 67 35 per
757 2619 168 37 qunrter,
946 2611 77 34 90s.
1052 2611 59 35 2d.
1140 2611 94 40 Barle
1234 2611 19 40 ,
1253 2611 39 40 .,
1319 2616 76 32 455.
1414 2613 71 34 and
1513 2613 105 41 Oats,

268 2657 83 34 335.
478 2657 83 33 The
581 2660 148 32 'must:a:
757 2660 171 32 mildness
946 2661 44 32 of
1012 2659 63 34 the
1096 2670 143 30 season,
1270 2661 58 34 till
1359 2662 136 33 within
1521 2660 96 34 these

269 2704 79 34 few
367 2706 103 43 days,
491 2705 63 33 has
576 2705 69 33 had
802 2708 76 32 t.f:'
878 2708 15 32 ,
893 2708 15 32 t
928 2708 33 31 in
980 2709 219 41 preventing
1218 2709 60 33 the
1299 2708 259 45 consumption
1581 2709 41 33 of

269 2752 69 35 the
361 2754 104 33 stock
487 2752 45 34 of
821 2756 84 32 food
920 2769 11 26 ;
951 2769 37 20 st:
1007 2756 79 33 tt:at
1104 2756 209 34 thefitrmer
1333 2767 89 28 was,
1441 2756 177 46 perhaps,

269 2802 144 33 seldom
442 2802 120 32 better
588 2812 43 33 pr
686 2802 5 47 i
787 2812 35 21 :,t
857 2804 70 31 thk
959 2804 87 32 time
1074 2805 56 32 for
1147 2804 64 33 the
1230 2809 156 40 styport
1406 2804 44 34 of
1473 2804 53 33 his
1545 2804 73 34 live

267 2848 111 35 stock
396 2859 7 21 :
429 2850 85 41 aud,
544 2850 34 31 in
599 2849 167 33 addition
788 2858 35 24 to
853 2851 87 40 this,
971 2851 60 32 the
1056 2861 110 34 crops
1195 2851 44 33 of
1263 2854 142 44 turnips
1422 2854 71 32 and
1513 2852 106 33 other

268 2896 142 33 -winter
430 2907 107 33 green
559 2896 105 39 food,
685 2908 96 22 ucre
798 2898 74 33 telU
880 2910 59 21 um
956 2898 136 43 better,
1109 2910 44 21 or
1170 2910 100 22 more
1287 2900 331 34 ftbundant.—The

268 2944 167 34 busiuers
454 2943 41 33 of
508 2944 89 33 stall
615 2943 148 47 feeding.
782 2944 78 43 has,
879 2944 74 34 this
972 2957 105 33 y...ar,
1095 2957 94 33 gone
1205 2957 45 24 on
1270 2948 243 44 remarkably
1532 2948 85 33 well

269 2992 40 34 in
345 2996 92 28 most
467 2992 141 44 places,
637 2991 96 34 froal
763 2992 64 34 the
855 2994 168 34 weather
1052 2995 109 43 being
1182 3007 39 21 so
1243 2996 86 32 mild
1349 2995 71 34 and
1447 3006 97 33 open
1560 2995 56 34 till

268 3038 139 35 within
442 3040 99 32 these
575 3038 76 34 few
679 3040 242 43 days.—The
951 3052 98 24 same
1082 3053 106 22 cause
1225 3044 64 33 has
1320 3044 176 33 likewise
1532 3045 86 32 been

267 3087 162 45 equally
445 3086 223 34 favourable
693 3093 37 27 to
759 3089 64 32 the
847 3089 255 45 performance
1122 3091 43 33 of
1183 3091 53 33 all
1265 3092 61 32 the
1342 3092 170 33 uitrere►zt
1531 3102 90 34 opc-

267 3135 146 33 Rations
429 3133 45 35 of
485 3135 230 43 husbandry,
731 3136 122 34 which
870 3137 145 45 require
1030 3143 38 28 to
1088 3139 43 33 he
1146 3139 177 33 execnted
1342 3146 39 26 at
1394 3139 72 33 this
1479 3150 124 22 sea-on

247 3181 2 48 •
268 3185 64 31 On
356 3181 190 45 threshing
573 3188 66 28 out
667 3183 63 33 the
755 3195 124 34 crops,
906 3188 104 41 they,
1044 3185 34 33 in
1108 3190 89 28 ►r.ns►
1219 3185 210 41 situations,
1448 3194 84 27 t►►rn
1558 3193 63 30 out

270 3231 126 34 better
416 3231 86 34 than
521 3240 78 25 was
615 3233 185 44 supposed
821 3239 40 28 at
879 3231 64 34 the
960 3234 132 44 period
1113 3233 43 35 of
1170 3234 154 45 housing
1344 3235 64 33 the
1423 3237 123 41 grain.

275 3330 5 0 •

321 3331 61 34 On
416 3330 235 46 Wednesday
681 3330 60 34 the
778 3332 227 37 inhabitants
1036 3335 43 33 cf
1119 3335 196 33 Lancaster
1350 3346 100 24 were
1487 3335 131 46 highly

267 3379 171 40 amused,
456 3381 118 32 aLtout
587 3390 69 22 one
673 3379 164 43 o'clock,
859 3381 48 45 by
925 3394 24 21 a
966 3393 195 24 numerous
1178 3384 226 43 asse!ablage
1420 3383 45 33 Of
1476 3392 118 37 sports-

268 3437 86 25 men
372 3429 167 40 entering
553 3428 65 32 the
637 3432 100 28 town
767 3429 33 32 in
821 3430 145 43 pursuit
984 3430 45 33 of
1049 3442 24 21 a
1087 3432 85 32 hare
1192 3431 80 34 that
1289 3432 70 33 had
1375 3432 91 34 been
1486 3433 132 34 hunted

268 3475 64 34 for
350 3476 139 33 several
511 3476 113 32 hours
639 3485 46 24 on
702 3476 61 32 the
778 3476 125 43 Moor,
925 3488 90 24 near
1042 3481 59 31 tile
1117 3485 115 27 town.
1286 3480 89 33 Puss
1389 3480 150 33 entered
1558 3480 59 35 the

269 3529 124 35 town,
412 3524 109 44 being
550 3523 130 45 nearly
715 3523 229 44 exhausted,
967 3527 48 44 by
1052 3528 227 40 Monr-laii..,
1300 3534 92 27 Arent
1415 3529 116 33 round
1558 3529 59 34 the

266 3578 111 28 stone
397 3572 81 33 well
498 3574 80 30 into
606 3572 58 34 St.
689 3570 198 34 Leonard's
914 3574 109 40 Gate,
1042 3575 144 33 entered
1206 3586 24 22 a
1251 3576 124 39 house,
1394 3576 64 32 the
1474 3578 94 32 door
1579 3578 44 32 of

272 3619 131 35 which
423 3630 74 24 was
511 3630 115 33 open,
645 3619 71 34 and
732 3618 257 37 endeavoared
1010 3630 37 26 to
1067 3622 146 33 conceal
1238 3622 138 33 herself
1390 3622 115 34 under
1519 3635 97 24 some

263 3667 206 41 furniture,
488 3669 110 33 when
630 3677 47 25 an
703 3669 61 33 old
801 3678 143 24 woman
967 3672 219 41 appearing,
1212 3671 163 33 alarmed
1396 3681 98 33 poor
1515 3673 100 41 Puss,

265 3716 74 33 and
360 3715 64 33 she
441 3715 260 34 endeavoured
720 3720 38 27 to
777 3725 137 34 escape
930 3716 236 46 by.itimping
1185 3718 156 44 through
1359 3719 61 33 the
1440 3720 175 43 window,

269 3764 37 33 in
321 3775 19 22 .
340 3775 19 22 w
370 3762 86 35 hich
465 3768 115 30 Harm
591 3768 41 39 pt
648 3762 65 34 she
732 3763 124 34 broke
868 3750 142 48 several
1029 3776 149 34 sluares
1192 3767 45 32 of
1245 3767 105 40 glass.
1403 3767 83 33 One
1501 3768 44 32 of
1558 3769 60 33 the

266 3811 195 34 huntsmen
475 3822 104 22 cline
596 3823 48 31 op
672 3819 38 26 at
730 3813 65 32 the
814 3813 105 40 time,
939 3814 91 32 took
1054 3813 77 44 her,
1149 3815 73 33 and
1243 3814 184 34 liberated
1447 3815 67 34 her
1534 3826 85 26 near

265 3860 67 35 the
351 3860 98 35 New
494 3857 2 46 •
508 3859 117 45 ridge,
641 3857 59 34 for
713 3860 161 33 another
886 3859 104 45 day's
1004 3867 120 37 sport.

317 3907 56 35 At
391 3907 63 34 the
467 3909 76 32 sale
560 3908 60 32 •of
640 3908 63 32 the
723 3908 77 33 late
820 3908 74 33 Mr.
920 3907 184 35 Woodis's
1134 3909 198 41 ferniture,
1349 3917 40 26 at
1410 3911 208 44 Penzance,

263 3966 27 24 a
306 3956 176 41 clie.stitif
617 3965 59 25 ers
696 3966 76 22 was
791 3957 206 41 purchased
1026 3958 48 43 by
1093 3957 71 34 Mr.
1188 3959 96 31 ;819‘
1284 3959 33 32 le
1336 3957 44 34 of
1408 3960 105 32 Ma:a
1525 3960 92 43 /ion,

262 3996 183 58 111et6194.
495 4005 112 44 Upon
640 4005 221 43 examining
895 4003 56 34 his
984 4004 197 44 purchase,
1218 4006 72 33 this
1322 4007 209 43 gentletaau
1548 4007 53 33 dis-

386 4052 5 47 •
449 4054 72 41 1r
560 4056 38 31 et
613 4052 168 40 diawer,
800 4052 215 45 containing
1048 4054 67 33 100
1144 4054 165 44 guineas,
1325 4055 125 33 which
1468 4055 45 33 he
1531 4065 87 34 very

266 4088 33 39 .14
299 4088 12 39 !
521 4091 191 61 *Owned.
767 4100 84 35 The
866 4104 252 41 iiroprietors,
1147 4107 39 30 to
1205 4101 128 45 testify
1352 4102 98 33 their
1463 4114 99 24 sense
1580 4103 43 34 of

600 4156 64 27 ate
699 4148 175 41 conduct,
912 4149 96 33 have
1044 4149 195 46 presented
1259 4150 81 33 that
1365 4152 208 39 gentleman
1597 4162 22 24 a

403 4176 13 32 t
417 4178 8 38 -
425 4178 18 38 -4
448 4176 11 45 ;
458 4176 24 45 r;

585 4152 5 4 *

292 4196 5 39 :
469 4196 4 39 .
592 4208 46 27 yn
660 4198 123 37 which
803 4209 24 25 a
846 4198 196 37 memorial
1072 4196 47 38 of
1140 4196 65 39 the
1222 4196 266 39 circumstance
1515 4200 30 35 is
1571 4200 51 35 in.

1971 1929 246 52 COURT
2251 1931 94 51 OF
2381 1930 348 61 INQUIRY,

1760 2059 220 38 REPORT
2004 2059 73 38 OF
2105 2059 115 38 THE
2244 2059 195 38 BOARD
2465 2059 73 38 TO
2565 2060 93 37 HIS
2686 2059 274 37 MAJESTY.

1833 2128 99 28 MAT
1954 2130 44 27 IT
2015 2130 172 28 PLEASE
2205 2130 120 27 YOVE
2343 2128 221 28 MAJESTY.

1788 2169 83 44 We,
1903 2169 66 35 the
1997 2169 267 35 underwritten
2295 2169 161 35 General
2489 2169 156 35 Officers
2670 2169 46 35 of
2732 2169 63 35 the
2824 2169 137 44 Army,
2994 2169 37 47 ip

1681 2217 202 34 obedience
1898 2220 44 31 to
1957 2226 97 34 your
2081 2215 197 47 Majesty's
2308 2220 181 35 warrant,
2520 2217 128 35 which
2667 2218 104 34 hears
2790 2217 87 34 date
2896 2217 61 33 t:!e
2980 2217 53 33 Ist

1681 2265 78 44 day
1775 2265 45 33 of
1838 2264 217 34 November
2073 2263 111 44 1808,
2216 2264 256 41 commanding
2497 2265 44 32 uc
2555 2265 148 43 strictly
2720 2271 38 27 to
2787 2265 148 44 inquire
2953 2264 79 34 iLto

1681 2311 66 35 the
1760 2311 208 35 conditions
1996 2311 76 35 ofa
2088 2311 223 46 Suspension
2342 2311 45 33 of
2409 2311 123 43 Arms,
2562 2311 200 37 concluded
2790 2322 47 25 •n
2868 2311 66 34 the

1682 2360 162 45 August,
1863 2360 109 43 1808,
1987 2360 170 35 between
2173 2370 96 32 your
2285 2357 194 48 Majesty's
2494 2370 98 24 arms
2608 2361 35 34 in
2665 2360 196 43 Portugal,
2887 2359 71 34 and
2973 2357 65 37 the

1683 2408 146 34 French
1846 2407 104 35 force
1981 2409 34 32 in
2043 2408 83 34 that
2151 2407 278 44 country—and
2461 2409 80 33 also
2574 2408 79 34 into
2668 2418 25 26 a
2709 2406 207 38 Definitive
2940 2405 98 38 Con.

1680 2456 378 43 vention,concluded
2080 2456 93 34 with
2193 2456 61 35 the
2282 2456 145 34 French
2448 2456 159 34 General
2627 2454 257 44 commanding
2908 2464 47 25 on
2969 2452 67 39 the

1678 2506 25 34 S
1713 2505 9 33 I
1730 2509 33 31 st
1779 2506 27 31 A
1817 2510 102 37 !lust
1932 2502 330 46 following—also
2281 2503 77 35 into
2373 2502 54 35 all
2444 2502 61 35 the
2522 2513 128 25 causes
2667 2503 70 37 and
2753 2502 283 38 circumstances

1683 2552 191 43 (whether
1890 2551 144 45 arising
2053 2551 98 34 from
2179 2552 63 34 the
2269 2550 176 46 previous
2477 2551 219 47 operations
2728 2551 43 34 of
2803 2550 66 34 the
2891 2549 145 38 British

1681 2610 126 33 army,
1839 2611 43 21 or
1896 2598 216 41 otherwise,
2150 2598 125 34 which
2295 2598 58 34 led
2369 2606 38 26 to
2424 2597 244 45 them)—and
2687 2600 74 34 into
2779 2597 69 35 the
2862 2597 174 43 conduct,

1682 2648 226 40 behaviour,
1918 2648 71 33 and
2009 2647 241 45 proceedings
2267 2647 43 33 of
2326 2646 305 35 Lieut.-General
2653 2647 59 35 Sir
2725 2644 98 37 Hew
2855 2644 156 46 Dalrym-

1685 2696 79 43 ple,
1787 2696 67 33 and
1881 2694 90 35 such
1990 2694 111 34 other
2121 2694 246 35 Commander
2396 2704 43 24 or
2471 2695 268 34 ComManders
2764 2693 46 35 of
2836 2700 99 38 your
2950 2694 57 33 Ma-

1682 2743 115 45 eAy's
1813 2743 116 35 forces
1950 2743 33 33 in
2004 2743 301 44 Portugal—and
2319 2741 45 34 of
2374 2751 72 35 any
2461 2743 110 33 other
2593 2753 131 33 person
2738 2752 44 24 or
2797 2751 168 37 per,ollF,
2981 2752 43 24 as

1684 2791 61 34 far
1760 2802 39 25 as
1819 2791 59 34 the
1897 2802 102 24 same
2019 2800 96 26 were
2132 2790 197 35 connected
2391 2790 54 34 ith
2465 2789 63 35 the
2541 2790 83 41 said
2636 2790 220 41 Armistice,
2876 2791 138 43 Suspen-

1683 2841 81 32 sion
1781 2839 41 33 of
1834 2839 122 40 Arms,
1975 2838 71 34 and
2066 2838 353 34 Convention—and
2447 2841 37 31 to
2503 2844 135 40 report
2657 2845 38 27 to
2721 2848 96 26 your
2837 2836 162 47 !Majesty
3012 2848 24 24 a

1683 2893 96 28 state
1799 2885 161 43 thereof,
1974 2897 38 21 as
2031 2887 28 33 it
2078 2887 98 33 shall
2186 2897 159 34 appear,
2360 2885 170 45 together
2542 2887 92 33 with
2655 2897 65 24 our
2735 2887 156 45 opinion
2914 2885 103 34 there-

1682 2944 69 28 on,
1773 2935 69 33 and
1859 2935 81 34 also
1957 2944 70 24 our
2053 2934 171 45 opinion,
2254 2934 167 34 whether
2447 2943 89 34 any,
2564 2934 74 37 and
2653 2934 104 37 what
2774 2934 150 34 further
2942 2944 67 34 pro-

1683 2983 169 40 ceedings
1867 2982 133 34 should
2014 2982 43 33 be
2073 2982 72 34 had
2165 2986 223 41 thereupon.

1793 3032 67 31 We
1873 3031 111 40 have,
2009 3034 40 30 at
2060 3030 145 34 several
2222 3032 190 44 meetings,
2439 3030 156 45 perused
2623 3031 70 33 and
2711 3030 216 35 considered
2947 3039 96 34 your

1688 3078 193 46 Majesty's
1898 3078 129 34 orders
2040 3078 70 34 and
2125 3078 234 35 instructions
2370 3089 39 24 as
2425 3079 234 33 transmitted
2675 3085 37 27 to
2727 3090 39 24 us
2780 3080 51 41 by
2845 3078 63 33 the
2927 3078 115 43 Right

1685 3128 104 32 Hon.
1813 3128 92 33 Lord
1929 3126 261 44 Castlereagh,
2217 3136 94 37 your
2340 3125 194 47 Majesty's
2569 3123 204 48 Principal
2773 3123 206 48 Secretary
2999 3125 45 34 Of

1685 3177 120 38 State,
1833 3174 170 41 together
2017 3174 93 33 with
2127 3172 131 46 sundry
2277 3176 143 41 letters,
2438 3175 70 32 and
2528 3175 111 33 other
2654 3184 151 35 papers,
2837 3172 201 34 therewith

1683 3222 248 35 traosmittod.
1988 3221 80 35 And
2086 3222 93 34 have
2206 3222 110 34 heard
2336 3223 70 32 and
2426 3223 200 33 examined
2652 3222 307 35 Lieut.-General
2980 3221 60 33 Sir

1688 3269 113 44 11T..b
1824 3270 236 45 Dalrymple,
2075 3269 52 34 Si!
2153 3269 125 46 Harry
2298 3270 344 40 llarrard,ancl•Sir
2663 3270 137 34 Arthur
2823 3270 216 43 Wellesley.

1682 3319 73 33 and
1775 3318 106 33 other
1900 3317 190 45 principal
2109 3318 156 34 Officers
2282 3318 200 44 employed
2509 3330 46 22 on
2588 3318 64 34 the
2675 3318 76 33 said
2785 3319 78 43 Exl
2881 3318 159 35 odition,

1688 3366 92 34 with
1799 3366 85 33 such
1907 3365 185 35 witnesses
2106 3376 39 24 as
2159 3376 72 32 any
2248 3366 41 32 of
2306 3366 97 34 them
2419 3366 162 34 desired.
2636 3366 84 34 And
2732 3367 79 33 also
2832 3367 86 31 such
2935 3364 109 35 other

1685 3425 150 34 persons
1851 3424 39 22 as
1906 3415 144 32 seemed
2068 3420 38 27 to
2122 3425 40 22 us
2183 3419 90 27 most
2289 3415 118 43 likely
2425 3418 39 30 to
2477 3417 86 43 give
2581 3423 74 37 any
2678 3415 170 33 material
2865 3412 157 34 informa-

1684 3464 94 32 tion.
1833 3462 79 33 And
1929 3462 34 32 in
1983 3461 109 34 order
2109 3463 80 32 that
2216 3472 90 22 your
2326 3462 158 44 Majesty
2497 3463 97 43 •may
2614 3463 46 33 be
2674 3459 93 46 fully
2790 3461 191 45 possessed
3002 3459 43 34 of

1681 3521 116 33 every
1817 3511 266 33 circumstance
2099 3500 126 45 which
2256 3511 64 33 has
2335 3510 194 46 appared
2549 3511 35 33 in
2602 3510 65 34 the
2683 3520 129 25 course
2829 3509 44 35 of
2888 3509 73 35 this
2982 3509 41 34 In-

1682 3559 132 45 quiry.

1793 3607 65 32 We
1877 3607 69 41 beg
1964 3606 105 33 leave
2087 3609 40 28 to
2159 3606 64 43 lay
2238 3605 129 35 before
2386 3617 96 37 your
2497 3605 169 47 Majesty
2686 3605 59 35 the
2764 3605 130 35 whole
2914 3604 46 35 of
2973 3614 69 25 our

1685 3656 287 33 Examinatimis
1995 3654 69 33 and
2089 3654 220 46 Proceeding
2309 3654 45 46 3,
2383 3661 35 27 to
2454 3654 74 34 this
2543 3665 71 24 our
2633 3656 144 44 Report
2797 3653 189 35 annexed.
2994 3670 48 8 —

1683 3703 84 33 And
1786 3713 98 33 upon
1903 3702 64 32 the
1995 3709 94 26 most
2120 3702 162 43 diligent
2313 3703 72 33 and
2408 3702 143 35 careful
2585 3703 142 33 review
2756 3702 45 34 of
2823 3702 65 34 the
2919 3702 124 33 whole

1682 3758 150 31 matter,
1864 3761 52 21 we
1952 3750 63 39 do,
2053 3750 34 34 in
2115 3750 146 34 further
2288 3751 203 34 obedience
2505 3755 37 28 to
2563 3759 98 33 your
2681 3750 123 34 Itoyal
2829 3748 213 43 command,

1682 3804 94 27 most
1794 3798 152 43 humbly
1967 3804 132 38 report
2119 3803 39 28 to
2172 3808 96 33 your
2282 3797 165 47 Majesty
2718 3798 154 33 follows
2888 3809 46 22 au
2959 3798 54 33 Ab-

1681 3846 171 35 stractof
1863 3846 61 34 the
1939 3844 206 43 Evidence,
2169 3846 123 34 which
2310 3847 65 33 has
2389 3846 157 46 already
2569 3846 193 46 appeared
2777 3844 102 37 from
2893 3846 90 34 time
3000 3849 43 30 to

1682 3895 94 34 time
1791 3895 35 33 in
1845 3895 61 33 TII
1922 3904 20 25 C
1968 3893 14 34 I
1995 3891 283 47 NQUISJTOR.]

1733 3943 83 34 The
1838 3941 143 46 Report
1993 3943 86 33 then
2101 3943 181 44 proeeeds
2297 3953 39 22 as
2354 3943 152 35 follows
2522 3953 60 22 :

1736 3991 34 34 it
1788 4002 161 33 appears
1961 3989 83 35 that
2059 4002 103 22 some
2179 3990 43 38 of
2241 3991 60 33 the
2321 3990 188 45 principal
2528 3992 230 44 advantages
2773 3994 40 32 to
2839 3992 100 33 arise
2953 3989 96 35 from

1682 4038 65 34 the
1766 4039 229 33 Convention
2011 4048 98 25 were
2130 4038 34 33 in
2181 4039 64 33 the
2262 4039 296 44 contemplation
2580 4039 45 33 of
2650 4041 61 32 the
2732 4039 194 34 Cenerals.

1733 4085 100 34 That
1852 4085 26 34 it
1899 4085 259 43 immediately
2177 4085 184 35 liberated
2392 4087 64 33 the
2474 4088 178 44 kingdom
2681 4087 44 33 of
2830 4087 102 45 tngal
2948 4085 98 34 from

1683 4134 64 33 the
1766 4134 188 34 dominion
1974 4133 44 34 of
2040 4134 64 34 the
2125 4135 163 40 French,
2308 4134 157 45 thereby
2485 4135 185 45 restorin;
2683 4141 38 27 to
2739 4136 61 33 the
2816 4136 231 32 inhabitants

1684 4181 104 35 their
1804 4181 141 44 capital
1963 4182 72 34 and
2053 4181 210 41 fortresses,
2281 4183 98 33 their
2407 4183 194 45 principal
2623 4189 201 39 sea-ports,
2845 4183 102 33 their
2963 4192 64 35 per-

1682 4230 104 35 sonal
1807 4230 155 46 liberty,
1982 4235 202 41 property,
2203 4230 176 47 religion,
2401 4232 73 35 and
2491 4230 229 39 established
2734 4238 262 39 government.

3305 2708 1 1 •

3314 3120 22 35 te.
