3295 4417
920 47 9 8 .
1006 46 8 11 .
1072 44 5 13 .
2385 44 32 0 _.

324 139 6 4 .
416 128 63 24 ...

513 54 5 119 ,
530 141 12 15 .
1974 54 209 119 RE
2183 54 732 119 GISTER.

930 250 202 35 allilitwo.ll
1149 279 8 4 _

404 317 157 13 •..
1098 317 5 19 :
1116 325 12 7 -

289 328 76 56 .•
928 283 4 100 •
1270 305 110 51 eur
1400 304 131 54 tins,
1556 300 326 48 trOnOttlltion,
1903 301 86 43 anb
2014 283 167 60 Latig.

373 356 2 43 .
436 393 6 5 .
2199 378 56 19 r--
2255 378 19 19 -
2481 356 61 6 --

389 482 109 56 No.
527 477 90 56 54.
1135 464 340 61 SUNDAY
1475 464 58 61 ,
1576 454 446 63 JANUARY
2062 454 53 60 S,
2165 450 17 51 1
2194 446 105 52 509
2308 488 11 11 .

2786 431 189 53 PRICE
2999 430 85 56 Sil.

1250 565 5 28 •
1622 565 4 28 .
1830 565 2 28 .
1876 565 5 28 .
1967 565 2 28 .
2052 565 2 28 .
2140 572 12 4 _
2198 570 17 4 ._
2237 565 4 28 .
2265 565 2 28 .
2367 565 2 28 .

549 634 4 78 .
613 644 350 47 POLITICAL
983 634 472 56 'DISQUISITION.

291 698 13 22 r
391 593 4 128 •
1763 619 227 51 unavailing
2007 633 12 28 ;
2057 617 65 38 for
2151 613 70 39 '.he
2255 608 150 40 solemn
2441 606 65 37 i•ct
2541 601 46 37 of
2619 612 24 24 a
2676 596 130 39 Board
2841 593 50 40 of
2917 594 168 38 General

781 725 184 28 NUMBER
994 720 324 28 FIFTY-THREE.
1763 683 28 34 O
1799 681 37 38 ffi
1839 692 96 32 cers,
1965 677 93 38 with
2083 689 76 24 one
2178 670 231 51 exception,
2446 665 69 37 has
2541 658 230 41 sanctioned
2789 656 67 38 the
2877 653 20 52 p
2897 653 191 52 rinciples
3286 651 2 103 .

1762 741 47 39 of
1835 741 67 39 the
1938 737 226 41 Armistice,
2196 732 76 37 and
2304 724 203 54 approved
2541 722 46 38 of
2614 719 105 40 their
2751 716 135 52 spirit;
2917 713 78 39 and
3024 713 65 38 the

423 850 70 40 ON
513 849 128 40 THE
641 843 229 41 'REPORT
892 842 65 38 OF
977 841 112 38 THE
1096 836 32 41 -
1128 836 164 41 BOARD
1313 835 64 39 OF
1395 830 261 46 ENQUIRY.
1763 806 165 47 country
1951 811 87 27 now
2070 795 148 43 stands,
2261 793 38 37 in
2319 790 66 37 the
2404 798 93 39 eyes
2516 783 45 39 of
2587 784 162 46 Europe
2769 777 73 37 and
2864 776 69 37 the
2944 772 144 51 judge-

1766 867 104 34 ment
1900 860 47 40 of
1972 857 209 53 posterity,
2212 848 117 56 equal
2362 846 241 54 participato
2603 846 22 54 r
2649 842 37 35 in
2709 839 66 39 the
2796 836 21 51 p
2817 836 106 51 raise
2941 843 46 27 or
3013 834 76 38 dis-

433 972 57 39 SO
490 972 28 39 M
519 972 30 39 E
568 970 283 46 cotemporary
873 958 154 40 writers
1045 969 158 39 express
1225 953 67 40 the
1322 956 103 35 most
1455 947 84 41 mar
1539 947 84 41 ked
1644 946 57 38 in-
1765 935 117 38 grace
1902 919 184 40 attached
2104 921 44 34 to
2167 917 43 37 it.
2256 909 94 40 This
2370 922 58 24 we
2443 904 178 40 consider
2642 913 41 26 as
2704 898 63 39 far
2781 909 111 26 more
2911 894 176 39 distress-

222 947 5 141 -
291 1052 7 35 !
379 1029 211 57 dignation
624 1028 77 39 and
720 1022 289 44 astonishment
1036 1023 44 34 at
1107 1018 66 37 the
1193 1016 164 52 opinion
1377 1007 25 58 p
1402 1007 229 58 ronounced
1650 1007 51 51 by
1767 987 65 47 ing
1848 981 76 40 and
1958 979 196 53 repulsive
2185 976 97 38 than
2314 971 69 37 the
2406 966 208 41 Armistice
2643 959 132 44 itself;
2804 957 64 39 for
2889 956 122 44 what,
3033 966 58 28 we
3231 947 17 33 r.

380 1081 73 52 tile
474 1089 190 53 majority
687 1087 47 39 of
751 1085 67 39 the
839 1081 156 41 officers
1012 1080 93 39 who
1119 1075 213 53 compoSed
1354 1074 72 38 this
1453 1070 129 41 Board
1600 1087 11 28 ;
1641 1068 64 39 for
1767 1058 66 27 are
1864 1044 102 44 told,
1993 1055 94 31 was,
2117 1041 38 35 id
2189 1035 67 40 the
2277 1044 77 27 one
2383 1042 85 28 case
2469 1042 22 28 ,
2522 1026 66 37 the
2608 1023 118 38 effect
2756 1019 46 38 of
2830 1030 50 25 an
2910 1029 112 25 error
3054 1016 40 38 in

381 1168 78 28 our
481 1156 109 47 part,
619 1162 58 27 we
707 1146 71 40 felt
806 1143 170 44 neither,
1004 1142 170 38 because
1200 1150 57 26 we
1276 1131 237 56 anticipated
1535 1129 77 40 this
1628 1134 77 35 ter-
1762 1106 253 53 jodgement,
2043 1102 31 37 it
2092 1097 131 41 would
2244 1095 47 39 be
2320 1091 97 41 both
2439 1087 97 52 folly
2557 1085 77 39 and
2657 1080 286 53 impertinence
2966 1077 38 39 iu
3025 1077 67 39 the

383 1217 198 39 initiation
601 1209 50 40 of
678 1209 104 39 their
810 1204 276 56 proceedings.
1143 1202 81 37 Our
1256 1209 124 39 auger
1398 1194 69 38 has
1486 1191 96 52 long
1602 1200 104 28 since
1767 1172 178 35 extreme
1965 1170 43 33 to
2028 1162 154 50 impute
2199 1156 69 39 the
2287 1152 143 41 second
2450 1155 43 33 to
2511 1147 66 38 the
2596 1156 112 27 same
2726 1152 158 30 source.

381 1273 248 56 evaporated
644 1289 12 30 ;
686 1270 74 39 and
782 1269 100 38 time
909 1265 76 39 and
1015 1260 236 52 familiarity
1286 1257 102 39 have
1415 1250 188 44 rendered
1635 1248 73 40 less
1819 1235 219 40 Whatever
2065 1225 266 57 approbation
2359 1221 70 38 the
2453 1215 126 41 Board
2606 1212 50 40 of
2683 1209 159 52 Inquiry
2868 1209 149 35 bestow
3039 1217 53 26 on
3262 1178 20 60 it
3282 1178 11 60 l

3244 1241 6 6 •

383 1336 154 57 paiiirid
570 1333 71 40 the
674 1330 158 41 sombre
860 1328 96 39 tints
981 1324 50 40 of
1056 1322 70 40 the
1153 1316 259 44 transaction.
1468 1316 54 48 By
1544 1312 163 51 degrees
1770 1298 67 40 the
1869 1292 226 44 Armistice,
2120 1289 70 39 the
2216 1283 131 53 public
2375 1286 41 34 at
2456 1279 106 48 large
2593 1276 239 48 disapprove
2863 1269 48 38 of
2944 1269 43 41 it,
3017 1266 77 38 and

383 1414 64 26 we
467 1411 87 37 may
580 1394 128 41 attain
737 1393 89 38 that
857 1387 185 54 placidity
1068 1384 76 38 and
1176 1381 67 53 pat
1244 1381 22 53 i
1266 1381 22 53 e
1289 1381 67 53 nce
1387 1375 48 40 of
1457 1372 248 53 disposition,
1770 1357 175 52 strongly
1972 1354 139 40 conde
2112 1354 57 40 mn
2197 1348 50 39 its
2265 1341 20 57 p
2285 1341 106 57 rinci
2392 1341 21 57 p
2413 1341 43 57 le
2476 1344 72 34 and
2575 1336 209 44 tendency.
2842 1330 174 40 Ilesides,
3039 1341 56 25 we
3242 1309 31 35 ~

384 1475 44 26 as
454 1467 44 33 to
516 1457 154 40 endure
687 1455 65 39 far
770 1455 161 50 greater
952 1452 189 45 outrages
1159 1456 52 26 on
1232 1441 69 39 the
1318 1435 178 43 national
1524 1435 182 41 honour;
1770 1419 52 43 do
1840 1426 87 40 not,
1954 1419 52 50 by
2026 1426 78 39 any
2122 1420 150 32 means,
2293 1404 194 40 attribute
2506 1404 40 34 to
2568 1400 111 38 them
2705 1395 87 38 that
2813 1389 216 52 MOBOpoly
3051 1391 33 40 cf
3084 1391 18 40 .
3240 1374 12 45 i!
3252 1374 6 45 .

161 1558 8 9 .
384 1522 78 40 and
482 1521 174 39 another
676 1518 159 38 Buenos
855 1514 126 47 Ayres
1000 1504 267 54 capitulation
1302 1514 44 25 or
1363 1506 97 37 two,
1491 1495 94 39 with
1606 1507 22 26 a
1648 1504 60 30 re-
1752 1455 1 112 .
1773 1475 324 51 understanding,
2132 1483 48 27 or
2210 1470 91 38 that
2330 1461 235 56 superiority
2598 1457 48 39 of
2670 1455 272 53 penetration,
2976 1463 41 25 as
3048 1456 45 32 to

384 1583 176 56 Petition
581 1579 48 39 of
652 1577 139 44 Cintra
811 1570 286 44 Conventions,
1126 1564 77 40 and
1222 1576 25 26 a
1265 1563 78 39 few
1362 1570 113 28 more
1500 1552 208 56 congenial
1772 1543 77 39 feel
1876 1554 50 26 an
1954 1534 233 44 inclination
2203 1535 44 34 to
2272 1530 161 39 deviate
2465 1524 103 38 from
2595 1520 70 39 the
2683 1513 162 57 general
2865 1511 146 45 sentime
3012 1511 20 45 ,
3032 1511 64 45 it,

385 1650 172 48 reports,
591 1654 91 39 may
704 1632 239 56 completely
964 1629 126 41 break
1111 1628 117 39 down
1245 1623 73 39 the
1335 1619 145 54 proud,
1499 1616 213 52 impatient
1773 1605 105 39 from
1896 1616 25 25 a
1935 1612 111 27 sense
2065 1596 46 40 of
2122 1596 69 38 the
2210 1586 244 51 infailihility
2476 1584 47 38 of
2537 1581 103 39 their
2659 1578 188 40 decision.
2904 1574 76 37 We
3001 1572 96 39 take

387 1708 215 40 character
630 1701 47 39 of
698 1700 71 39 the
790 1696 144 39 British
964 1693 155 39 nation.
1173 1685 126 40 What
1316 1682 144 53 golden
1478 1680 103 51 days
1607 1680 105 37 must
1775 1667 66 39 the
1865 1664 142 47 liberty
2026 1658 45 39 of
2083 1654 214 48 dissenting
2316 1645 143 52 totally
2480 1645 100 38 frocu
2602 1641 112 40 them
2738 1641 35 35 in
2794 1635 106 40 their
2930 1633 167 50 opinion

386 1770 99 39 then
517 1778 122 27 ensue
654 1767 66 33 !—
722 1774 52 24 no
807 1753 293 44 troublesome,
1137 1744 256 54 impertinent
1428 1741 83 51 city
1540 1741 171 41 orators,
1776 1728 46 40 of
1847 1727 50 39 its
1923 1723 268 47 advantages;
2219 1714 65 38 for
2313 1723 58 26 we
2387 1706 79 50 feel
2498 1719 50 26 no
2568 1698 194 52 difficulty
2794 1697 35 39 in
2851 1694 247 50 attributing

389 1830 168 51 sturdily
592 1822 21 47 c
613 1822 22 47 o
635 1822 180 47 ntending
815 1822 22 47 -
870 1817 67 39 for
973 1813 157 51 inquiry
1152 1808 78 39 and
1258 1806 70 38 the
1356 1801 175 41 exercise
1550 1799 48 39 of
1610 1798 61 39 the
1671 1798 43 39 ir
1776 1794 43 34 to
1851 1788 33 37 it
1898 1799 26 25 a
1941 1778 268 45 considerable
2230 1779 89 47 part
2343 1770 47 38 of
2412 1769 66 38 the
2507 1766 183 39 disasters
2715 1757 122 39 which
2868 1757 106 43 have
2991 1754 110 39 since

386 1894 262 52 rights;—no
685 1894 137 28 severe
852 1877 78 40 and
956 1871 235 45 unsolicited
1222 1878 163 30 censure
1411 1876 56 26 on
1504 1872 137 30 errors
1671 1857 48 45 of
1779 1848 170 43 befallen
1965 1845 22 41 t
1988 1845 47 41 he
2057 1838 161 57 Spanish
2239 1834 190 40 Patriots.
2485 1827 87 41 Had
2591 1825 70 40 the
2689 1822 151 50 victory
2863 1822 43 33 at
2923 1817 178 39 Vimiera

381 1956 220 54 judgment
617 1965 11 28 ;
658 1946 104 39 thou
762 1943 53 52 gh
839 1941 110 39 these
976 1946 130 28 errors
1131 1931 132 52 might
1290 1928 100 39 have
1408 1925 103 38 been
1530 1919 93 41 atte
1623 1919 22 41 n
1645 1919 24 41 d
1669 1919 47 41 ed
1781 1915 98 38 been
1906 1903 189 44 followed
2130 1913 70 38 up,
2233 1896 76 40 and
2344 1893 71 38 the
2451 1902 139 26 enemy
2569 1949 17 37 f

2026 1945 680 118 theirofficer

389 2079 52 40 of
452 2089 76 27 our
544 2085 106 28 own.
707 2066 129 40 These
860 2061 181 52 Halcyon
1061 2057 112 50 days,
1202 2052 118 39 when
1337 2061 24 25 a
1377 2046 157 52 quieter
1552 2042 76 40 and
1646 2040 73 41 less
1781 2023 400 57 ting
2181 2017 174 44 advised,
2375 2013 71 40 the
2464 2021 136 39 enemy
2614 2002 135 43 would
2769 2006 22 35 n
2791 2006 46 35 ot
2858 2000 106 38 have
2983 1996 123 39 dared

389 2139 177 43 factious
585 2146 70 28 era
673 2131 39 38 in
733 2141 74 27 our
829 2125 149 47 history
997 2118 104 51 shall
1128 2122 249 33 commence,
1406 2105 130 41 afford
1554 2118 60 33 us,
1641 2104 32 39 it
1691 2102 31 39 is
1809 2093 182 37 enetrate
2010 2098 41 26 as
2066 2085 64 38 far
2156 2092 44 28 as
2219 2076 151 40 Madrid
2387 2079 13 32 ?
2433 2070 73 41 and
2538 2070 67 38 the
2635 2070 25 35 r
2660 2070 78 35 out
2772 2062 48 39 of
2846 2074 45 26 so
2924 2055 22 56 s
2947 2055 22 56 p
2969 2055 135 56 lendid

1783 2104 77 90 and
1876 2148 171 43 decisive
2065 2158 50 27 an
2132 2135 133 48 action
2265 2135 22 48 ,
2288 2135 135 48 whilst
2444 2134 31 38 it
2487 2130 124 41 raised
2631 2128 71 39 the
2721 2122 234 47 confidence
2970 2119 46 39 of
3030 2128 78 27 our

390 2207 106 39 true,
524 2210 56 26 no
614 2192 172 40 motives
809 2189 67 38 for
906 2180 227 43 exultation
1147 2192 13 30 ;
1189 2176 171 39 because
1398 2181 58 26 we
1487 2165 107 41 have
1626 2174 94 31 very

1531 2184 4 86 .
1343 2184 4 86 .
1394 2184 2 86 .
1434 2184 2 86 .
1685 2242 6 5 .
1783 2215 100 37 own
1885 2216 159 44 .troops,
2078 2205 78 40 and
2186 2203 73 38 the
2288 2194 158 44 martial
2478 2192 228 50 reputation
2738 2184 47 40 of
2812 2184 71 39 the
2916 2185 190 34 coularv,

391 2265 104 40 !ittie
509 2261 50 39 of
573 2258 67 40 tht
656 2252 142 41 TuatiN
816 2252 45 38 in
880 2262 76 25 our
969 2243 154 54 disposit
1122 2243 97 54 ion..

446 2330 73 38 We
535 2326 151 39 cannot
697 2316 210 41 Stimulate
917 2310 175 41 ourselve
1091 2310 44 41 s,
1149 2306 209 39 whatever
1371 2296 138 41 efforts
1518 2307 59 27 we
1589 2293 135 44 make,
1788 2271 129 41 would
1954 2270 103 38 have
2091 2263 156 43 excited
2283 2258 98 40 both
2417 2251 210 54 Spaniards
2665 2245 78 40 and
2781 2248 252 45 Pi.rtugt:e.w
3064 2248 44 27 *.o

392 2401 45 33 to
474 2405 50 25 an
565 2383 231 54 expression
846 2378 195 52 implying
1080 2361 259 61 reprobation
1374 2375 47 27 or
1457 2370 145 33 anger;
1649 2352 77 45 our
1787 2333 177 41 emulate
1983 2331 65 37 the
2068 2329 165 45 bravery
2256 2319 47 44 of
2317 2330 73 27 our
2409 2327 156 26 armies.
2624 2311 103 46 Ever
2727 2311 26 46 y
2779 2306 123 37 latcni
2926 2314 116 39 si,ei-,
3067 2297 47 39 of

1787 2395 224 39 discontent.
2037 2385 131 44 would
2200 2385 103 38 have
2339 2380 103 38 been
2472 2369 279 53 extinguished
2771 2383 11 26 ;
2812 2366 77 38 and
2911 2365 66 37 the
2999 2362 32 37 ti
3031 2362 15 37 i
3046 2362 65 37 r,-e

392 2454 184 56 feelingi,
606 2446 48 45 ex
654 2446 172 45 hausted
860 2445 53 50 by
943 2441 96 40 loud
1067 2437 78 40 and
1168 2432 188 53 freqoent
1382 2422 343 56 disapprobation,

1787 2453 202 44 countries
2006 2450 103 39 have
2126 2440 278 56 co-operated,
2434 2435 103 40 hand
2558 2431 78 40 and
2657 2431 131 41 heart,
2807 2426 37 38 iu
2874 2426 168 50 support
3070 2420 50 37 of

393 2528 104 39 have
516 2526 44 33 at
579 2518 77 39 last
671 2509 184 45 subsided
875 2509 84 38 into
977 2502 231 50 something
1227 2493 219 52 bordering
1463 2502 53 28 on
1538 2489 67 39 the
1624 2490 103 37 most

1791 2517 66 39 the
1876 2523 189 32 common
2080 2519 132 30 cause.
2259 2500 137 43 Selfish
2420 2509 87 27 men
2525 2496 100 38 have
2642 2487 168 44 existed,
2829 2484 78 39 and
2928 2481 77 39 will
3022 2492 93 27 con-

105 2619 12 19 ..
394 2597 189 45 supreme
598 2581 208 51 contempt
820 2575 67 38 for
905 2572 69 39 the
992 2567 189 43 advisers,
1201 2559 79 41 and
1300 2557 79 41 still
1395 2567 112 28 more
1521 2567 44 26 so
1576 2551 65 39 for
1659 2552 69 37 the

1791 2577 110 39 tinue
1919 2580 43 33 to
1990 2571 116 40 exist.
2161 2564 103 41 Such
2293 2572 162 41 persons
2486 2569 67 25 arc
2583 2551 152 51 always
2766 2558 137 27 averse
2923 2550 43 33 to
2995 2554 122 39 every

397 2655 220 45 deliberate
635 2655 222 44 approvers
874 2639 50 39 of
944 2650 50 25 an
1013 2633 141 40 odious
1174 2628 76 41 and
1271 2619 242 58 disgraceful
1533 2628 194 28 measure.

1791 2643 113 41 great
1933 2633 78 40 and
2044 2626 177 43 national
2255 2620 224 51 enterprize
2494 2634 12 27 ;
2545 2614 92 44 aud,
2673 2608 124 41 under
2828 2606 58 39 thi
2891 2597 18 46 s
2939 2602 181 40 denomi-

113 2719 9 17 ,

399 2722 89 41 The
522 2718 155 40 former
711 2722 90 39 may
833 2705 136 54 plume
999 2695 239 44 themselves
1274 2704 50 26 on
1359 2685 104 41 their
1494 2685 237 38 honouree/de
1792 2685 20 5 -
1793 2704 154 39 nation,
1980 2707 56 25 we
2063 2689 98 40 rank
2196 2686 67 40 the
2293 2681 216 48 secondary
2532 2680 141 47 agents
2702 2669 73 40 and
2810 2665 247 53 dependants
3077 2661 50 40 of

399 2780 197 59 acquittal
613 2796 11 31 ;
654 2776 79 41 and
749 2776 70 39 the
834 2771 123 40 latter
972 2779 51 27 on
1044 2761 102 41 their
1167 2756 228 50 humanity,
1423 2748 79 40 and
1530 2744 201 56 profound
1795 2765 113 48 party
1931 2756 164 41 leaders.
2152 2747 141 47 Public
2311 2744 184 38 disasters
2525 2738 73 38 and
2631 2734 180 50 disgrace
2841 2740 71 27 are
2943 2725 66 39 the
3039 2735 83 27 =-

402 2854 156 52 respect
593 2846 67 39 for
689 2841 70 41 the
785 2839 133 39 duties
948 2832 26 40 a
974 2832 52 40 nd
1064 2829 158 39 honour
1251 2820 50 39 of
1325 2833 24 34 a
1369 2816 151 41 Soldier
1533 2819 26 39 ;'
1576 2813 71 37 but
1675 2825 58 24 we
1796 2817 170 58 phetical
1989 2824 172 43 vapours
2179 2820 52 27 on
2250 2805 128 39 which
2400 2802 94 51 they
2519 2792 233 59 principally
2776 2789 157 39 subsist.
2993 2786 130 48 Every

1518 2874 77 38 and
1613 2884 119 40 navy,
1796 2884 129 50 thing,
1961 2874 221 45 therefore,
2215 2867 124 40 which
2378 2851 113 60 ;:iives
2526 2859 110 38 these
2673 2854 174 39 noxious
2884 2845 156 40 vermin
3074 2856 52 26 an

402 2915 156 43 believe
574 2909 115 39 there
706 2916 69 26 are
788 2913 24 26 a
826 2897 142 41 numbe
967 2897 28 41 r
1009 2891 48 40 of
1067 2887 113 44 office
1193 2898 27 25 •s
1238 2884 40 37 in
1293 2894 76 27 our
1384 2888 112 40 army

405 2980 90 39 who
514 2970 136 41 would
664 2970 74 35 not
756 2965 50 39 be
826 2956 176 45 satisfied
1022 2952 94 40 with
1135 2962 26 26 a
1180 2944 154 43 similar
1354 2935 195 57 acquittal
1567 2952 11 27 ;
1611 2933 77 40 and
1704 2933 31 39 it
1796 2940 261 58 opportunity
2079 2935 47 39 of
2132 2929 189 50 exhaling
2337 2926 105 39 their
2461 2922 155 52 poison,
2637 2927 131 30 serves
2781 2917 45 33 to
2846 2907 281 43 contaminate

405 3035 146 46 affords
570 3046 26 26 a
609 3033 85 50 just
710 3035 117 30 cause
843 3020 48 40 of
904 3014 227 44 exultation
1149 3007 78 41 and
1244 3004 171 50 security
1433 3005 44 33 to
1492 2996 106 39 their
1613 3007 119 27 coon-
1798 3009 69 38 the
1886 3017 93 38 very
2004 2996 117 43 vitals
2140 2993 47 43 of
2209 2991 164 50 society.
2430 2986 111 37 Since
2572 2979 79 40 this
2689 2974 265 41 unfortunate
2986 2979 143 28 occur-

405 3109 80 45 try,
519 3097 92 40 that
640 3091 113 40 there
774 3098 70 26 are
863 3091 117 39 many
1000 3076 92 39 who
1113 3072 103 38 have
1234 3067 80 39 this
1332 3064 26 38 k
1362 3077 21 25 e
1385 3076 47 26 en
1463 3059 76 39 and
1559 3054 178 41 irritable
1779 3030 5 124 ,
1800 3079 115 28 rence
1933 3057 227 58 happened,
2180 3066 59 26 we
2268 3052 102 38 have
2388 3058 91 28 seen
2500 3054 87 27 men
2608 3040 48 38 of
2670 3037 81 40 this
2770 3030 246 53 description
3032 3040 96 26 con-

406 3180 107 31 sense
527 3162 50 40 of
589 3161 159 38 honour
767 3152 40 38 in
826 3158 118 39 every
966 3141 116 59 thing
1097 3137 89 39 that
1205 3129 165 57 regards
1381 3128 69 39 the
1467 3122 208 51 discharge
1694 3117 50 40 of
1801 3128 164 51 tinually
1989 3136 53 26 on
2073 3120 70 39 the
2170 3115 102 40 alert
2287 3130 12 28 ;
2329 3109 76 41 and
2435 3117 118 40 every
2576 3107 65 34 art
2676 3100 71 38 has
2776 3096 97 40 been
2908 3090 112 45 used,
3052 3087 80 40 and

406 3231 105 44 their
522 3217 263 65 professional
804 3213 144 41 duties.
1004 3210 56 37 As
1075 3210 44 33 to
1131 3201 71 39 the
1218 3193 208 52 humanity
1444 3188 48 40 of
1504 3188 72 38 the
1590 3185 149 41 others,
1800 3203 117 39 every
1946 3184 99 41 kind
2085 3180 50 40 of
2165 3174 174 52 intrigue
2376 3174 74 50 put
2494 3167 39 39 in
2576 3159 193 58 practice,
2797 3163 44 33 to
2878 3164 152 40 repress
3061 3149 71 38 the

407 3308 59 27 we
487 3294 107 39 must
614 3288 76 48 beg,
711 3282 113 39 leave
844 3283 44 33 to
917 3270 112 41 differ
1057 3266 107 39 from
1183 3261 113 39 them
1318 3256 35 38 in
1375 3265 74 28 our
1469 3244 269 57 signification
1802 3252 138 41 efforts
1969 3244 79 43 and
2075 3239 244 44 enthusiasm
2349 3231 47 39 of
2424 3230 69 38 the
2528 3222 150 57 public,
2714 3221 38 37 in
2789 3217 170 51 support
2991 3211 46 39 of
3061 3210 72 39 the

409 3357 78 43 and
523 3352 241 50 acceptance
798 3338 52 40 of
879 3335 90 40 that
1002 3330 133 39 virtue
1150 3343 11 27 ;
1199 3322 67 38 for
1302 3330 57 26 we
1388 3311 182 43 consider
1605 3308 31 38 it
1670 3306 71 39 the

1805 3309 222 57 Spaniards.

410 3420 172 57 grossest
609 3411 78 41 and
715 3410 106 43 most
843 3399 132 44 selfish
999 3389 262 51 'inhumanity
1285 3391 43 33 to
1354 3378 148 43 extend
1526 3372 215 44 toleration
1856 3372 115 41 After
1989 3381 44 26 so
2052 3361 117 44 much
2198 3354 237 53 experience
2456 3348 47 40 of
2519 3348 66 38 the
2615 3341 188 40 manifest
2828 3333 308 48 disadvantages

410 3456 24 21 b

411 3485 78 43 and
508 3480 240 52 indulgence
780 3476 44 34 to
908 3474 132 32 errors
1070 3458 47 39 of
1411 3446 115 38 when
1553 3439 93 52 they
1676 3449 69 27 are
1807 3435 47 39 of
1879 3433 67 39 the
1972 3433 249 45 Portuguese
2241 3413 209 45 Armistice
2469 3407 76 40 and
2567 3403 267 44 Convention,
2861 3407 61 27 we
2940 3404 104 28 were
3063 3393 73 35 not

412 3541 26 51 c
438 3541 211 51 ommitted
669 3539 53 52 by
744 3541 45 47 pe
789 3541 115 47 rsons
935 3526 39 39 in
997 3520 97 52 high
1116 3511 214 46 ostensible
1359 3504 210 45 situations
1574 3531 9 17 ,
1589 3523 47 7 —
1638 3498 85 40 Inca
1723 3498 21 40 -
1809 3491 92 56 prep
1902 3491 116 56 ared,
2033 3500 58 26 we
2109 3488 103 35 must
2232 3477 169 41 confess,
2420 3477 44 34 to
2484 3470 96 39 hear
2598 3476 79 41 any
2694 3474 93 27 man
2804 3459 37 38 in
2865 3456 79 39 this
2961 3457 172 45 country

415 3615 135 57 pacity
585 3609 32 39 is
633 3605 70 41 the
733 3604 105 38 most
859 3595 170 48 dangero
1029 3595 73 48 us,
1137 3582 77 40 and
1243 3570 118 58 conse
1361 3570 24 58 q
1384 3570 142 58 uently
1556 3567 69 41 the
1642 3568 105 35 most

1807 3557 93 52 give
1931 3566 51 27 an
2015 3548 164 53 opinion
1847 3633 15 22 s

1881 3618 61 38 far
1959 3628 44 26 as
2021 3612 67 39 the
2106 3619 115 28 voice
2241 3604 47 39 of
2311 3600 67 39 the
2408 3592 22 57 p
2431 3592 113 57 ublic
2572 3604 67 25 Wes
2640 3604 22 25 '
2672 3578 468 48 consulted—wherever

2212 3544 38 37 in
2282 3539 151 39 favour
2461 3530 50 40 of
2535 3529 103 40 their
2668 3524 131 50 utility
2818 3519 81 47 and
2927 3510 208 59 principle.

415 3670 293 66 reprehensible
707 3670 24 66 ,
749 3669 90 38 vice
860 3663 40 39 in
920 3660 69 38 the
1005 3648 262 47 commander
1286 3646 37 38 in
1341 3638 110 44 chief
1462 3635 47 40 of
1522 3647 53 27 an
1590 3643 129 40 army.

1812 3622 1328 37 A

468 3744 73 39 We
574 3735 84 45 find
689 3733 31 39 it
744 3723 172 60 painful,
946 3733 43 26 as
1017 3715 89 40 well
1126 3726 41 25 as
1186 3705 197 54 disgusting
1383 3705 20 54 -
1403 3705 20 54 ,
1455 3705 45 34 to
1520 3697 50 38 be
1590 3690 158 53 obliged
1812 3693 48 27 an
1896 3670 67 58 imp
1963 3670 137 58 artial
2128 3665 213 43 sentiment
2373 3670 80 27 was
2484 3651 141 45 heard,
2663 3646 99 41 both
2794 3643 112 41 these
2941 3645 200 32 measures

118 3696 2 120 •
1813 3754 102 27 were
1950 3729 228 47 considered
2199 3739 41 27 as
2258 3716 259 47 indefensible
2536 3713 77 40 and
2631 3709 157 41 odious.
2845 3706 45 39 in
2921 3699 79 40 this
3028 3696 112 52 point

415 3814 46 37 to
488 3814 119 31 recur
638 3794 130 44 either
794 3795 47 34 to
870 3785 70 40 the
965 3775 213 46 Armistice
1205 3783 50 27 or
1286 3761 249 47 Convention
1550 3777 65 20 :—
1616 3754 34 39 if
1675 3764 77 27 our

417 3867 164 44 blushes
601 3857 78 44 and
704 3855 69 41 the
800 3842 206 61 profound
1033 3848 150 30 sorrow
1202 3844 59 26 we
1281 3826 71 43 felt
1380 3824 113 40 when
1513 3820 87 39 first
1628 3819 31 35 it
1681 3826 45 27 ex
1726 3826 22 27 -
1815 3803 24 40 o
1839 3803 24 40 f
1886 3801 94 39 view
2010 3796 67 40 the
2096 3788 24 56 o
2120 3788 24 56 p
2144 3788 118 56 inion
2290 3795 79 27 was
2389 3777 240 41 unanimous
2644 3789 12 30 ;
2689 3768 92 51 and,
2796 3767 38 39 in

2848 3764 79 39 *the
2944 3761 198 39 Common

418 3930 107 43 cited
557 3914 203 52 universal
789 3904 346 58 disappointment
1153 3893 78 43 and
1250 3891 152 50 dismay
1420 3883 40 39 in
1479 3881 71 41 the
1569 3880 193 46 country,-
1819 3859 165 45 Council
2015 3856 50 41 of
2091 3853 70 40 the
2187 3848 89 52 City
2298 3844 48 39 of
2363 3840 182 44 London,
2575 3848 39 26 in
2640 3831 72 41 the
2731 3828 198 50 Meetings
2956 3826 43 34 at
3019 3819 126 39 West-

419 3990 123 44 could
560 3987 124 40 lessen
704 3976 107 44 their
829 3972 275 41 heinousness,
1124 3970 47 27 or
1191 3953 215 41 obliterate
1424 3946 69 39 the
1512 3950 181 39 memory
1713 3934 51 40 of
1821 3926 177 43 minster,
2031 3917 77 41 and
2138 3915 41 38 in
2206 3911 70 40 the
2303 3901 154 45 several
2486 3896 193 45 counties,
2712 3892 204 38 whatever
2935 3881 211 43 difference

422 4071 46 26 so
487 4049 202 50 alarming
707 4057 26 25 a
752 4035 229 59 precedent,
1010 4038 59 28 we
1088 4017 144 44 should
1250 4013 81 41 feel
1354 4012 67 40 the
1440 4009 107 39 most
1563 3998 196 56 exquisite
1820 3981 152 48 existed
1993 3994 41 27 as
2052 3984 44 35 to
2114 3976 70 39 the
2211 3969 204 58 propriety
2438 3963 47 39 of
2497 3956 242 58 petitioning
2772 3950 67 39 the
2864 3947 180 40 Throne,
3076 3943 74 35 not

111 4096 15 22 .•

100 4003 2 163 .
151 4003 4 163 ,
423 4111 253 46 satisfaction
705 4106 40 38 in
764 4102 71 39 the
856 4090 300 45 remembrance
1175 4080 47 39 of
1235 4078 72 40 the
1325 4074 136 39 shame
1479 4065 77 43 and
1585 4059 104 57 grief
1702 4069 60 28 we
1824 4061 76 26 one
1931 4036 219 48 individual
2186 4032 80 40 had
2297 4030 67 40 the
2396 4023 219 48 effrontery
2633 4020 47 35 to
2709 4012 178 54 palliate,
2916 4018 61 27 use
2999 4003 51 39 do
3079 4003 72 34 not

424 4174 197 46 suffered:
652 4170 77 39 hut
759 4174 77 30 our
868 4157 136 52 regret
1032 4152 33 38 is
1100 4143 159 44 useless,
1299 4136 73 41 and
1402 4143 80 38 our
1514 4119 249 59 indignation
1828 4121 133 35 mean,
1998 4098 159 46 defend,
2194 4096 70 38 the
2295 4087 191 52 necessity
2516 4081 46 44 of
2584 4080 113 40 these
2717 4083 221 33 measures.
2996 4067 59 39 On
3074 4061 73 39 tha

2140 4191 14 11 -

480 4243 77 39 rel
565 4270 7 7 ,
588 4243 9 31 I
613 4231 167 44 i.-10.
809 4160 742 122 HT.
2293 4160 248 122 .
2787 4160 495 122 ..

97 4310 8 11 .
1258 4269 2 52 .

155 4250 5 78 .
3270 4250 8 8 .
