3295 4417
1170 86 149 60 THE
1352 94 374 65 NATIONAL
1761 90 397 63 REGPSTER.'

296 220 164 43 Collini.
517 217 118 44 After
656 235 26 26 a
710 224 135 52 miner
870 226 78 39 and
970 233 126 34 actres
1096 233 21 34 s
1142 227 50 40 of
1213 230 77 39 suc
1290 230 26 39 h
1341 231 91 39 exce
1431 231 45 39 ll
1476 231 92 39 ence
1587 243 40 26 as

296 263 208 57 eatalani,
522 274 69 40 the
607 272 94 44 task
720 285 80 33 was
817 279 283 53 uncommonly
1117 281 191 47 arduous,
1322 280 306 43 auttderaanded

289 339 66 34 po
376 326 117 41 small
506 327 150 53 degree
676 328 48 39 of
751 330 239 54 indulgence
1020 330 109 43 from
1146 334 71 39 the
1235 334 152 51 public.
1444 335 187 40 Madame

305 378 148 40 Collini
472 380 158 40 seemed
652 386 45 34 to
716 380 79 40 feel
815 381 69 41 the
900 383 196 54 difficulty
1129 385 69 40 she
1230 385 78 40 had
1335 392 46 34 to
1398 393 233 39 encounter,

302 431 81 40 and
404 432 72 40 her
509 445 185 28 manners
720 435 237 53 powerfully
981 437 222 41 influenced
1235 439 72 40 the
1336 444 226 48 spectators
1590 439 41 40 in

302 482 76 43 her
409 484 168 41 favour.
631 485 98 41 This
754 487 87 40 first
870 489 236 52 itnpressioa
1122 502 78 27 was
1231 503 99 27 soon
1358 493 161 50 ripened
1551 493 83 39 into

304 535 167 50 favour,
498 537 67 40 for
596 539 72 45 she
702 541 208 56 displayed
944 552 97 45 very
1074 544 182 50 superior
1283 556 151 39 powers
1457 544 100 41 both
1594 544 46 39 of

305 591 122 41 Voice
445 591 83 52 and
544 593 150 39 action.
756 595 45 37 In
821 594 71 40 her
919 592 178 44 features
1126 596 67 43 she
1226 595 214 40 resembles
1457 596 70 39 the
1546 609 67 39 cap-

305 641 181 57 tivating
506 644 195 46 Grassini,
720 645 80 41 and
835 646 70 40 her
924 652 97 34 tune
1041 648 30 38 is
1088 647 83 41 also
1186 647 44 40 of
1248 648 71 40 the
1333 661 116 27 same
1466 648 169 53 quality.

307 694 80 43 She
412 710 105 40 sung
539 699 93 38 with
661 711 110 34 ease,
800 697 211 50 clearness,
1039 700 77 39 and
1135 705 118 35 taste.
1310 702 89 39 The
1419 702 123 39 music
1567 704 30 35 is
1617 715 21 26 a

309 749 226 54 promising
563 750 200 53 specimen
782 749 50 41 of
840 752 69 40 the
930 758 163 41 master,
1120 754 77 39 and
1222 765 79 27 was
1319 765 96 40 very
1439 761 117 33 much
1574 767 44 39 ap-

306 801 196 57 plauded.
570 803 116 41 Naldi
720 816 81 28 was
839 806 182 39 received
1054 807 93 38 with
1183 804 72 40 the
1291 819 126 26 warm
1455 808 188 38 welcome

311 854 133 43 which
467 856 52 39 he
537 855 202 48 deserves;
769 856 67 40 for
865 857 61 40 his
945 856 169 54 comedy
1140 859 31 39 is
1191 870 25 26 a
1246 857 98 56 high
1376 863 109 34 treat
1513 865 44 34 to
1576 857 67 40 the

314 909 292 46 Connoisseur.

366 976 35 39 A
420 983 93 32 new
536 976 312 39 Divertisement
876 974 78 46 and
976 973 130 43 Ballet
1136 974 204 56 displayed
1378 969 69 47 the
1465 976 180 52 strength

314 1022 51 43 of
380 1026 67 40 the
465 1039 120 40 corps
599 1026 50 40 of
667 1029 188 38 Dancers.
911 1029 73 38 We
1018 1029 102 38 have
1141 1029 76 38 had
1238 1042 53 26 no
1305 1029 94 39 suet
1419 1029 143 38 talenti
1581 1028 64 40 for

315 1089 122 43 many
458 1091 131 40 years.
646 1081 152 52 Young
836 1081 144 39 Vcstris
998 1093 146 40 sprung
1175 1082 175 39 forward
1375 1082 93 38 with
1502 1080 53 46 all
1580 1081 67 38 the

315 1141 138 45 power
488 1133 79 48 and
596 1133 168 54 activity
797 1133 126 41 which
965 1135 60 37 his
1057 1134 131 39 father
1218 1133 202 54 possessed
1439 1136 209 37 seventeen

318 1196 118 40 years
455 1196 103 44 ago;
589 1186 79 39 and
698 1187 71 40 the
795 1199 109 28 same
922 1186 248 52 astonishing
1205 1186 128 40 talent
1361 1186 158 39 seemed
1538 1189 44 33 to
1602 1185 47 40 be

317 1237 168 44 revived
511 1238 77 41 and
621 1238 226 43 identified.
901 1240 74 38 We
1011 1239 105 39 have
1144 1252 52 25 no
1219 1239 131 40 doubt
1377 1239 74 39 but
1483 1238 91 39 that
1592 1237 59 39 his

322 1290 294 54 performance.
628 1291 76 43 will
738 1292 133 40 excite
892 1293 70 38 the
981 1305 110 27 same
1108 1290 125 41 furor.
1293 1296 34 35 It
1354 1291 32 39 is
1403 1290 118 60 really
1544 1303 80 26 won-

318 1342 150 44 derful.
526 1344 89 41 The
648 1344 132 48 force,
811 1345 131 43 truth,
979 1344 79 39 and
1096 1350 182 35 neatness
1303 1344 96 39 with
1436 1343 129 39 which
1603 1343 50 40 he

320 1396 206 54 performs
541 1397 61 40 his
639 1403 254 35 movements
922 1396 150 41 exceed
1091 1410 73 39 any
1202 1397 117 52 thing
1346 1397 92 38 that
1472 1408 60 26 we
1551 1394 103 40 have

319 1461 94 30 seen
435 1449 112 43 since
565 1449 71 41 the
661 1450 79 53 day
768 1450 51 39 of
833 1452 61 39 his
909 1449 248 40 father—for
1191 1452 81 38 Des
1306 1452 132 50 Hayes
1457 1449 31 38 is
1521 1460 24 26 a
1566 1461 65 39 per-

319 1501 159 43 former
503 1501 51 41 of
574 1504 174 40 another
783 1504 113 39 class.
954 1504 89 39 The
1078 1501 182 54 graceful
1296 1501 174 40 attitude
1498 1500 78 40 and
1594 1500 59 40 air

322 1556 52 39 of
384 1556 71 40 the
472 1569 97 33 one,
599 1557 96 39 with
707 1556 72 40 the
798 1554 223 41 wonderful
1041 1557 214 39 execution
1276 1556 47 39 of
1336 1553 70 40 the
1423 1554 132 44 other,
1577 1552 77 40 will

321 1620 197 41 compose
534 1622 25 26 a
588 1607 158 54 picture
767 1609 157 53 perfect
945 1610 39 38 in
1005 1609 51 39 its
1085 1609 111 39 kind.
1253 1607 87 40 The
1369 1607 128 39 house
1525 1618 78 27 was
1615 1605 38 39 in

320 1672 30 27 a
363 1662 208 53 paroxism
589 1661 48 40 of
652 1662 267 41 vociferation
935 1662 41 38 in
997 1659 69 40 the
1080 1670 73 41 pa:
1169 1667 45 34 de
1232 1664 105 37 deux
1354 1659 51 39 of
1416 1658 149 40 Vestris
1578 1659 74 39 and

324 1711 65 44 his
419 1721 184 47 partucr,
633 1715 306 40 Mademoiselle
977 1713 217 54 Angiolini.
1254 1713 73 39 She
1371 1711 30 39 is
1435 1710 216 53 extremely

321 1766 168 54 elegant
516 1768 39 39 in
589 1768 72 39 her
690 1768 148 54 figure,
863 1770 137 46 petite,
1030 1766 73 40 but
1123 1765 119 50 finely
1281 1765 154 39 formed
1450 1781 12 28 ;
1493 1763 77 39 and
1589 1763 67 39 she

321 1819 76 41 has
428 1820 193 54 acquired
647 1821 71 40 the
749 1830 171 31 manner
947 1819 51 40 of
1024 1821 158 38 Vestris.
1243 1819 81 39 Her
1349 1817 259 53 equilibrium
1628 1817 30 38 is

324 1872 174 56 perfect.
554 1872 78 41 She
657 1873 175 41 •finishes
861 1872 70 41 the
961 1876 107 37 most
1103 1870 169 43 difficult
1307 1873 237 37 movement
1563 1869 92 39 with

322 1928 116 39 truth
457 1942 13 30 ;
498 1925 79 41 and
594 1926 71 39 her
684 1931 168 48 posture
865 1925 71 40 has
953 1930 117 48 great
1081 1924 197 54 strength.
1315 1920 4 59 •
1335 1920 203 52 Certainly
1553 1920 105 39 since

326 1978 71 43 the
417 1980 89 40 first
519 1991 99 40 year
630 1976 52 45 of
697 1981 78 38 Des
806 1980 150 51 Hayes,
989 1980 116 37 when
1134 1977 50 39 he
1199 1976 90 40 -had
1304 1974 85 40 also
1410 1974 159 41 Didelot
1585 1974 76 39 and

326 2033 130 45 Rose,
484 2044 60 27 we
563 2031 105 40 have
689 2031 79 39 had
788 2042 56 28 no
865 2031 97 39 such
994 2030 124 50 Corps
1144 2035 45 34 de
1226 2031 130 39 Ballet
1383 2028 41 40 in
1450 2026 144 56 regard
1617 2031 44 35 to

353 2083 197 56 riucipals
566 2095 44 28 as
630 2096 103 28 were
749 2082 210 41 exhibited
981 2082 74 40 last
1074 2083 126 52 night.

2962 86 67 56 31

1739 233 120 41 There
1889 235 110 44 being
2024 244 46 25 no
2100 243 130 37 person
2258 233 35 34 in
2324 233 146 34 London
2506 237 38 28 to
2577 228 161 46 identify
2767 228 93 40 him,
2885 227 72 34 and
2987 224 48 35 of

1693 288 125 26 course
1835 291 46 25 no
1897 279 70 37 one
1984 287 37 28 to
2039 280 138 45 charge
2194 279 76 37 him
2285 280 90 34 with
2394 278 126 45 felony
2539 288 99 35 upon
2652 278 106 39 oath,
2779 276 45 33 he
2841 274 110 35 could
2969 278 66 31 not

1693 326 48 34 be
1757 328 215 34 committed
2003 333 38 30 to
2075 330 141 45 prison.
2265 326 60 35 He
2361 335 89 33 was,
2480 325 207 43 therefore,
2714 322 139 37 locked
2883 331 50 35 up
2955 321 35 34 In
3008 330 27 26 a,

1695 380 236 38 strongroom
1959 376 33 34 in
2011 376 63 34 the
2094 376 139 34 Brown
2254 372 98 38 Bear
2368 373 278 46 publicAhnse,
2673 370 35 37 lu
2738 371 246 34 Bow-street.
2987 385 52 9 —

1700 419 207 47 Yesterday
1928 423 180 44 morning,
2121 422 44 34 he
2181 423 79 35 said
2277 422 43 35 he
2340 420 144 35 Wanted
2502 428 39 27 to
2558 431 47 33 go
2622 420 77 33 into
2717 419 63 34 the
2798 418 111 44 yard,
2930 416 109 35 when

1696 480 24 22 a
1737 478 94 31 man,
1851 469 64 35 the
1932 475 141 28 servant
2092 467 46 37 of
2161 470 71 33 Mr.
2257 464 172 46 Mazard,
2457 468 63 34 the
2549 467 190 41 landlord,
2764 464 176 35 attended
2961 462 79 35 him

1698 526 39 24 as
1767 516 116 34 usual.
1941 516 112 34 When
2074 516 47 34 be
2148 526 77 26 was
2246 517 113 33 about
2386 522 39 27 to
2445 522 128 27 return
2600 513 77 35 Into
2696 514 61 34 the
2778 513 112 35 house
2906 510 135 46 again,

1703 563 43 33 he
1759 565 171 45 suddenly
1946 565 167 32 knocked
2130 565 54 32 his
2199 562 190 37 attendant
2405 561 129 41 dawn,
2558 556 87 46 and,
2674 561 35 34 in
2728 557 255 46 consequence
3000 557 47 37 of

1702 619 97 25 some
1817 611 129 45 paling
1976 611 122 34 which
2117 609 195 47 separated
2330 607 83 35 that
2432 609 89 44 yard
2541 608 96 34 from
2655 608 61 34 the
2734 601 208 46 butcher's,
2970 605 66 37 the

1706 658 106 34 house
1828 656 203 47 adjoining,
2059 658 103 34 there
2197 669 76 24 was
2287 669 24 22 a
2326 656 83 35 free
2422 657 70 33 and
2513 656 285 45 uninterrupted
2815 664 123 26 access
2955 658 40 31 to
3013 664 28 25 a

1703 704 100 44 large
1820 715 110 34 space
1944 703 44 35 of
2000 707 112 37 wattle
2130 705 155 44 ground,
2297 710 39 28 at
2353 704 64 34 the
2430 699 158 39 back-of
2606 702 292 37 Russell-street.
2913 712 31 22 w
2955 702 89 34 hick

1708 752 97 33 leads
1822 754 79 33 into
1915 763 22 22 a
1956 762 148 25 narrow
2132 757 104 30 court
2267 754 35 32 in
2320 751 293 40 Russell-street,
2637 749 169 46 through
2841 748 124 34 which
2996 748 50 37 he

1708 798 102 34 made
1830 798 56 35 his
1902 810 144 34 escape.
2100 798 81 37 The
2199 800 69 34 hue
2282 798 70 34 and
2365 802 66 41 cry
2448 798 45 33 of
2555 795 92 47 Stop
2810 807 76 25 was
2901 796 143 43 raised,

1706 847 70 35 and
1792 847 139 33 several
1954 856 77 25 men
2055 856 66 25 ran
2135 844 35 35 in
2184 843 51 37 ail
2254 846 215 40 directions,
2494 846 65 34 but
2575 844 38 35 in
2630 844 99 34 vain.

1755 893 84 35 Just
1857 894 100 34 after
1972 892 60 35 the
2048 904 133 34 escape
2200 891 69 38 had
2288 892 111 37 taken
2424 893 123 45 place,
2572 902 46 25 an
2636 887 289 43 offiterarrised
2946 889 99 37 from

1714 940 233 46 Ediuburgh,
1970 939 56 37 fur
2054 941 63 34 the
2135 948 159 38 purpose
2311 939 46 37 of
2370 938 226 48 ideatifying
2614 937 57 38 his
2693 950 151 35 person,
2868 939 73 34 and
2957 948 91 27 con.

1709 989 135 45 veying
1864 989 77 33 him
1959 989 152 34 thither.

1760 1036 104 33 Some
1879 1035 172 45 evenings
2065 1046 90 33 ago,
2180 1033 64 37 the
2264 1032 129 47 Rising
2406 1035 72 35 Sun
2510 1032 281 47 public-house,
2818 1033 35 34 In
2882 1033 167 35 Suffolk*

1710 1089 125 34 street,
1860 1093 40 25 as
1919 1083 84 35 well
2020 1093 40 25 as
2075 1085 64 33 the
2153 1084 175 44 pot-boy,
2353 1082 190 45 narrowly
2559 1082 157 44 escaped
2741 1077 99 39 from
2857 1083 109 43 being
2983 1082 46 33 de-

1711 1130 145 44 stroyed
1876 1130 48 44 by
1944 1131 78 33 tire.
2073 1130 83 34 The
2170 1130 183 40 landlord,
2378 1129 99 35 after
2493 1130 64 33 the
2578 1136 183 37 company
2790 1128 73 35 had
2893 1129 158 43 retired,

1713 1178 70 32 and
1802 1178 53 33 his
1873 1178 125 33 whole
2030 1178 131 41 family
2192 1178 72 33 had
2296 1187 93 35 gone
2422 1182 38 28 to
2481 1178 87 39 bed,
2596 1175 63 34 felt
2683 1186 26 24 a
2739 1179 128 41 strong
2894 1175 161 44 burning

1713 1222 119 38 smell.
1889 1225 105 33 After
2006 1235 24 22 a
2044 1225 138 34 minute
2197 1226 145 39 search,
2368 1224 52 34 be-
2434 1224 113 33 found
2578 1222 27 33 it
2626 1222 116 35 issued
2760 1222 98 33 from
2872 1222 66 33 the
2957 1222 72 34 bed-

1717 1281 98 24 room
1832 1269 45 38 of
1890 1271 64 34 the
1978 1273 176 44 pot-boy.
2205 1271 60 35 On
2293 1272 165 43 bursting
2486 1280 97 35 open
2602 1270 63 34 the
2687 1271 112 39 door,
2828 1271 44 34 he
2889 1281 77 22 saw
2985 1270 69 37 the

1717 1319 66 33 bed
1817 1319 33 34 in
1879 1318 139 43 flames,
2044 1330 28 24 tt
2085 1319 86 34 hilst
2189 1318 65 35 the
2284 1319 73 44 boy
2395 1328 74 26 was
2504 1317 111 35 found
2644 1316 126 45 asleep
2791 1317 39 33 in
2848 1317 41 35 it.
2942 1317 113 37 With

1715 1372 103 38 great
1833 1365 190 35 exertions
2040 1367 46 34 he
2102 1367 195 34 succeeded
2317 1368 34 32 in
2368 1367 185 44 confining
2571 1364 60 34 the
2646 1364 125 34 flames
2791 1369 39 30 to
2848 1365 80 33 that
2948 1374 109 27 roots

1716 1414 100 44 only.
1867 1415 81 34 The
1963 1410 104 48 hay's
2083 1414 143 35 clothes
2254 1422 96 27 were
2365 1415 124 41 burnt,
2510 1414 73 34 but
2603 1411 152 34 himself
2764 1413 177 45 escaped.
2969 1411 86 39 The

1719 1463 63 31 tire
1801 1461 206 44 originated
2040 1461 96 34 from
2156 1460 63 35 the
2245 1461 275 45 unpardonable
2542 1459 171 48 practice
2731 1457 46 35 of
2806 1460 165 44 sticking
2989 1459 66 37 tite

1717 1508 125 34 candle
1860 1519 46 24 on
1926 1518 67 25 one
2009 1505 44 38 of
2065 1509 61 33 the
2154 1514 116 40 posts,
2294 1508 71 40 apd
2383 1509 61 33 the
2464 1507 107 46 boy's
2600 1507 131 45 falling
2747 1507 129 46 asleep
2893 1506 167 40 without

1717 1556 275 45 extinguishing
2011 1556 40 35 it.

1766 1602 34 35 A
1818 1602 96 35 fatal
1929 1604 169 35 accident
2122 1602 175 38 occurred
2311 1609 59 30 :on
2396 1589 167 59 Monday
2580 1602 105 46 night
2702 1606 39 31 to
2769 1602 92 37 Mrs.
2884 1600 174 43 }Ladino,

1719 1649 64 35 the
1801 1649 132 37 widow
1967 1649 43 37 of
2021 1662 21 24 a
2062 1652 215 33 mercantile
2300 1649 224 46 gentleman,
2548 1656 41 28 at
2620 1650 64 34 her
2704 1650 131 40 house;
2854 1650 37 34 in
2910 1646 128 39 fdatsb-

1722 1698 103 43 place
1861 1693 219 47 New-road,
2106 1695 216 41 occasioned
2342 1698 51 46 by
2421 1698 64 34 her
2500 1698 152 38 ,clothes
2685 1698 131 44 taking
2843 1697 216 34 fire.—The

1721 1744 84 46 lady
1824 1722 74 58 ;tad
1916 1741 168 51 rettancd
2104 1747 109 32 bottle
2225 1744 71 35 from
2337 1757 24 21 a
2378 1743 85 37 Sisit
2479 1744 39 34 ret
2539 1746 133 34 twelve
2689 1749 39 30 St
2748 1747 119 43 night,
2885 1743 175 37 midmost

1720 1791 97 37 after
1832 1793 64 34 she
1911 1793 70 34 had
2001 1794 135 34 retired
2151 1796 38 31 to
2213 1792 67 35 her
2297 1792 294 43 bed-room:Are,
2616 1792 64 34 her
2696 1794 98 34 maid
2813 1798 148 32 servant
2981 1804 77 24 was

1720 1841 159 33 alarmed
1898 1843 48 40 by
1968 1841 64 33 her
2046 1841 161 41 shrieks,
2223 1841 87 40 and,
2331 1850 48 25 on
2394 1840 167 44 enteektg
2580 1840 60 34 the
2657 1845 120 40 reons,
2799 1840 92 35 Mrs.
2926 1840 40 35 B.
2988 1851 50 34 ap-

1726 1889 130 44 peared
1869 1889 206 45 enveloped
2087 1889 37 33 in
2141 1889 137 33 flames.
2328 1889 83 34 The
2427 1893 163 34 servant,
2609 1887 35 33 in
2663 1886 65 45 her
2745 1894 100 28 state
2862 1889 44 33 of
2919 1889 138 39 alarm,

1726 1946 73 24 was
1827 1936 132 34 unable
1978 1943 37 27 to
2036 1935 117 35 taunt
2172 1933 211 35 immediate
2409 1933 124 43 relief,
2561 1937 65 33 but
2649 1933 64 34 she
2731 1933 177 37 insects&
2937 1941 40 28 to
2994 1942 65 39 get

1726 1983 104 34 other
1845 1984 213 38 assistance,
2083 1982 72 35 and
2174 1982 35 35 in
2228 1983 61 34 the
2314 1982 146 35 interim
2479 1982 64 34 the
2561 1981 235 37 unfortunate
2804 1983 19 44 -
2823 1983 80 44 lady
2920 1993 51 26 wi
3017 1993 45 26 VIP

1727 2031 120 39 burnt,
1865 2030 80 34 that
1962 2030 64 34 she
2041 2030 86 34 died
2144 2040 45 25 on
2207 2030 312 45 Tuesday.—She
2543 2029 72 35 bad
2639 2040 47 25 on
2708 2041 25 25 a
2761 2030 167 35 cambric
2943 2031 116 40 drew.,

1729 2078 119 34 which
1870 2089 77 21 was
1961 2078 193 38 consumed
2172 2083 38 28 to
2229 2078 133 33 tinder.

1778 2122 254 46 Firat.Po,l
2031 2122 25 46 .
2056 2122 280 46 Fj.icr.—Two
2354 2135 98 28 men.
2466 2124 46 35 of
2526 2122 63 37 the
2606 2134 119 30 names
2743 2121 46 38 of
2807 2125 163 44 Monkey

2982 2126 78 40 ,and

1731 2170 293 46 Bartholomew,
2044 2173 59 34 the
2122 2171 137 35 former
2275 2181 46 25 an
2339 2165 267 53 upholsterer's
2623 2179 142 39 porter,
2781 2173 74 34 nod
2871 2172 63 34 the
2954 2174 113 33 latter

1729 2230 24 25 a
1768 2222 213 45 coackman,
2000 2212 135 52 having
2152 2219 67 34 had
2233 2230 26 24 a
2276 2220 78 45 pot,
2354 2220 19 45 s
2373 2220 100 45 houie
2489 2218 150 52 quarrel
2659 2220 34 34 in
2707 2217 151 38 Oxford
2862 2225 143 37 -street,
3017 2232 48 24 on

1733 2268 180 44 Saturday
1931 2261 117 51 night,
2074 2268 35 35 in
2137 2277 247 35 consequence
2401 2267 56 38 of.
2471 2268 63 34 the
2558 2267 200 37 coachman
2777 2264 143 48 having
2937 2269 128 45 pulled

1731 2315 60 34 the
1809 2313 155 47 porter's
1983 2326 99 30 nose,
2099 2315 90 43 they
2206 2311 175 48 repaired
2401 2320 38 30 to
2454 2319 24 31 a
2494 2313 86 46 spot
2598 2313 65 39 not
2676 2315 56 37 far
2743 2313 136 39 distant
2896 2320 38 32 to
2944 2314 119 46 fight;

1736 2373 21 22 a
1776 2363 216 41 sauguinary
2013 2362 116 34 battle
2156 2361 91 35 took
2275 2361 123 45 place,
2422 2362 92 34 each
2546 2362 110 44 being
2678 2357 204 39 inebriated
2907 2359 72 38 aid
2980 2365 17 32 -
2996 2365 70 32 tins

1730 2409 126 33 skilful
1873 2421 12 28 ;
1902 2409 86 40 and,
2006 2409 99 34 after
2122 2409 135 44 having
2275 2406 90 43 been
2381 2409 163 45 engaged
2564 2408 85 35 half
2666 2419 46 27 an
2732 2409 96 37 !tour
2846 2409 34 34 in
2898 2411 63 33 the
2976 2421 69 22 con-

1730 2463 83 35 test,
1831 2457 61 34 the
1910 2457 200 35 coachman
2130 2456 169 35 receivd
2316 2466 24 25 a
2352 2456 69 35 fall
2435 2469 47 25 on
2496 2457 64 37 the
2576 2456 110 46 head,
2705 2457 132 38 which-
2848 2456 220 39 tertuistated

1734 2505 54 34 his
1802 2500 201 40 existence.
2069 2500 2 40 •
2119 2500 4 40 .

2254 2606 278 40 MARRIED.

1783 2663 404 50 AtVVanstead-house,
2209 2670 130 44 Essex,
2352 2672 58 38 his
2426 2673 132 37 Serene
2574 2670 184 47 Highness
2771 2673 65 35 the
2851 2675 135 35 Prineb
3008 2673 47 38 de

1733 2717 136 41 Conde,
1893 2724 38 27 to
1950 2720 64 32 her
2031 2719 132 34 Serene
2181 2719 180 45 highness
2378 2714 64 41 the
2453 2718 167 39 Princess
2634 2722 187 46 I)ownger
2833 2722 44 35 de
2894 2722 175 37 Monaco.

1783 2766 57 40 On
1861 2766 162 45 Monday
2059 2767 86 40 last,
2169 2773 41 28 at
2245 2769 112 40 Bath,
2385 2769 149 45 George
2555 2769 201 40 Rickards,
2787 2771 44 35 Es
2832 2783 41 32 j.
2893 2770 44 34 of
2948 2771 99 37 Char-

1736 2813 210 40 lotte-row,
1993 2815 162 43 London,
2193 2820 39 28 to
2272 2815 155 35 Francas
2467 2816 130 35 second
2629 2817 180 44 daughter
2839 2817 45 35 of
2906 2819 61 34 the
2991 2818 84 35 late

1739 2859 91 39 Rev.
1854 2859 67 37 Dr.
1945 2859 190 45 Kettilby,
2161 2859 46 37 of
2222 2863 129 44 Sutton
2369 2864 35 34 in
2424 2864 61 34 the
2502 2870 136 41 county
2656 2864 44 34 of
2715 2863 175 35 Bedford.

1789 2908 157 44 Monday
1967 2908 195 46 se'llitight,
2186 2916 37 27 at
2249 2910 241 41 Beaminiter,
2518 2911 152 40 Dorset,
2691 2913 60 34 the
2776 2914 96 33 Rev.
2898 2913 174 37 William

1744 2956 93 34 Row
1856 2956 165 40 Holden,
2043 2955 48 35 A.
2111 2957 56 33 M.
2185 2956 145 37 Fellow
2349 2957 45 35 of
2413 2959 210 37 Worcester
2640 2957 172 48 College,
2841 2960 169 44 Oxford,
3028 2968 43 28 to

1743 3005 86 43 Miss
1846 3004 197 46 Evelcigh,
2061 3004 45 35 of
2122 3004 244 46 Bearginster.

2302 3052 148 39 DIED.

1788 3103 51 37 At
1857 3109 58 31 ten
1936 3103 148 38 o'clock
2101 3115 46 26 on
2166 3105 163 44 Monday
2357 3107 170 44 evening,
2556 3112 40 28 at
2615 3107 56 34 his
2689 3106 119 38 house.
2832 3107 34 37 in
2894 3109 161 38 Grafton-

1739 3157 125 35 street,
1878 3154 65 32 the
1962 3154 168 45 Marquis
2148 3154 43 33 of
2206 3154 117 45 Sligo,
2342 3154 37 34 in
2399 3154 57 34 his
2471 3154 74 35 53d
2567 3167 102 32 year.

1791 3198 47 37 At
1860 3200 175 43 Bathvon
2059 3201 146 44 Sunday
2225 3202 83 40 last,
2339 3201 97 35 Lord
2456 3203 182 38 Gardner,
2657 3202 84 37 who
2761 3214 76 25 was
2848 3204 123 48 justly
2989 3213 90 30 cion•

1739 3248 142 34 sidered
1897 3257 126 26 atsvne
2049 3248 45 35 of
2108 3250 282 33 the-ornaments
2409 3250 44 33 of
2478 3250 63 33 the
2564 3252 138 33 British
2735 3252 126 45 Navy.
2919 3252 59 37 He
3002 3265 73 25 wa.

1743 3298 86 32 born
1844 3302 40 27 at
1898 3295 219 43 Uttoxeter,
2135 3298 333 41 iuStaffordshire,
2499 3298 73 37 and
2606 3309 72 25 was
2712 3300 34 35 in
2781 3300 56 33 his
2854 3295 63 51 661
2937 3295 20 51 h
2979 3295 84 51 year

1747 3344 67 34 His
1831 3343 129 35 father.
1984 3354 74 24 was
2089 3356 25 24 a
2134 3344 391 38 .Lieutenata-colunel
2561 3346 37 35 in
2619 3347 60 34 the
2700 3347 81 34 11th
2817 3348 196 45 Regitnent
3035 3346 52 37 of

1750 3393 171 43 Ltragoon
1941 3393 156 38 Gourds,
2113 3391 70 35 and
2215 3404 22 22 a
2269 3393 124 34 native
2419 3393 45 34 of
2494 3393 215 40 Coleraine,
2739 3394 37 37 in
2803 3397 64 34 the
2887 3398 122 34 North
3040 3397 47 34 of

1752 3441 156 39 Ireland.
1964 3441 94 33 Lord
2091 3441 165 33 Gardner
2289 3442 229 34 commenced
2545 3442 64 35 .his
2639 3442 120 35 Naval
2789 3454 128 26 career
2941 3455 50 24 on
3018 3445 67 34 the

1748 3488 53 34 Ist
1815 3487 45 34 of
1879 3487 235 45 May,.1755,
2125 3498 45 24 on
2190 3489 113 33 board
2320 3489 63 33 the
2402 3489 190 45 Medway,
2610 3489 44 35 of
2665 3489 50 37 60
2730 3501 104 31 guns,
2846 3493 240 37 commanded

1744 3537 50 43 by
1813 3536 159 44 Captain
1993 3535 110 35 Peter
2119 3535 163 43 Dennis;
2313 3539 44 31 he
2374 3546 76 26 was
2466 3539 35 32 in
2520 3537 80 37 that
2614 3537 84 46 ship
2714 3539 35 33 in
2771 3539 109 39 1757,
2898 3550 27 22 w
2940 3540 83 38 hen,
3045 3540 39 34 in

1733 3594 201 37 .corapany.
1945 3583 90 37 with
2047 3583 67 34 .the
2135 3583 131 44 Eagle,
2285 3583 86 44 they
2394 3586 90 33 took
2505 3585 61 34 the
2588 3586 83 34 Due
2688 3583 261 48 d'Aquitaine,
2976 3588 46 34 of
3035 3587 53 37 60

1744 3641 125 34 guns..
1899 3633 63 34 On
1977 3631 59 38 the
2052 3632 65 35 7th
2135 3630 54 35 of.
2202 3631 146 41 Marcia,
2375 3630 106 44 1760,
2502 3632 45 37 he
2574 3643 76 26 was
2669 3633 187 41 advanced
2876 3639 39 30 tb
2927 3645 25 25 a
2973 3635 91 37 Lieu-

1748 3683 136 41 tenant,
1902 3679 294 46 and.appointed
2217 3685 44 30 to.
2274 3680 61 35 the
2357 3679 170 41 Beltoaa,
2544 3681 45 33 of
2601 3681 45 37 74
2657 3692 86 33 guns
2760 3694 11 30 ;
2802 3681 45 35 he
2872 3692 74 25 was
2970 3681 100 38 after-

1749 3728 119 35 wards
1904 3728 37 35 in
1971 3728 81 41 nine
2066 3725 171 47 glorious
2267 3728 159 43 actions.
2454 3728 35 39 in
2506 3730 53 34 all
2591 3729 46 37 of
2656 3730 124 34 which
2815 3730 45 34 he
2888 3730 206 46 displayed'

1746 3784 174 34 courage,
1930 3774 197 41 skill,.and
2140 3775 287 45 magnanimity,
2463 3776 78 37 .He
2555 3778 162 38 married
2731 3777 38 34 in
2783 3777 64 37 the
2865 3787 90 37 year
2979 3778 111 43 1769,

1750 3822 87 35 Miss
1856 3823 116 41 Hide,
1991 3822 43 35 of
2046 3822 193 41 Jamaica,
2254 3823 69 34 mid
2342 3824 77 38 has.
2435 3823 69 40 left
2529 3826 50 45 by
2597 3826 69 37 her
2682 3824 193 47 ladyship,
2903 3826 85 35 who
3009 3839 61 22 sur-

1748 3870 100 34 vives
1874 3870 92 45 him,
1984 3879 25 26 a
2026 3881 87 35 very
2132 3880 196 26 numerous
2343 3870 152 47 family,
2530 3873 189 46 iouluding
2745 3879 80 31 two
2856 3883 80 26 sons
2963 3874 35 38 in
3024 3876 72 38 the

1749 3919 125 44 Navy.
1933 3919 2 44 .
2740 3919 2 44 •

1752 3965 4 52 .
1796 3967 149 45 Sanday
1961 3965 196 43 se'neight,
2185 3972 57 32 at.,
2254 3965 57 40 his
2330 3966 116 41 house
2463 3973 40 30 at
2531 3969 207 43 Catisfield,
2757 3978 93 26 near
2877 3969 211 48 Fareham,

1748 4015 293 38 Rear-Admiral
2073 4015 168 38 Edward
2272 4015 202 45 013ryen,
2507 4018 83 34 who
2609 4028 38 25 so
2669 4018 188 47 gallantly
2880 4019 119 40 broke
3027 4022 64 32 the

1744 4062 78 40 line
1837 4065 106 33 when
1961 4062 256 47 commanding
2233 4063 65 35 the
2311 4065 197 43 Monarch,
2524 4065 35 35 in
2576 4067 60 35 the
2652 4067 226 37 memorable
2896 4069 125 35 action
3041 4067 56 37 of

1750 4111 288 46 Catgperdown.

1796 4159 182 45 Saturday
1991 4157 200 46 se'nuight,
2203 4163 41 31 at
2258 4157 56 38 his
2333 4154 113 43 hems.:
2481 4161 37 38 iq
2536 4159 161 48 Clifton,
2717 4163 167 35 Thomas
2904 4157 165 54 cieJdoei
3070 4157 21 54 t

1748 4204 113 43 M.D.
1880 4206 79 37 late
1970 4205 46 38 of
2028 4206 219 38 Pembroke
2267 4187 351 70 Colleget'llafort

291 86 161 58 JAN.
489 86 57 53 S.
1170 86 149 60 THE
1352 94 374 54 NATIONAL
1761 90 397 63 REGISTER.'
2181 111 26 32 '..
2962 86 67 56 31

3239 0 54 180 1

2057 188 26 26 4
2086 188 164 27 ir—
2270 189 6 6 ,
2309 163 48 32 t.,'
2379 176 19 17 r
2398 176 97 17 .-..,
2531 175 14 5 -
2581 174 11 5 -
2674 172 12 5 -

2741 172 287 33 lamillealllga=
3244 159 6 17 ;
3263 165 30 39 I

296 220 164 43 Collini.
517 220 118 41 After
656 235 26 26 a
710 224 135 52 singer
870 226 78 39 and
970 233 148 34 actress
1142 227 50 40 of
1213 230 103 39 such
1341 231 91 39 exce
1431 231 45 39 ll
1476 231 92 39 ence
1587 243 40 26 as
1739 233 96 41 Ther
1834 233 25 41 e
1889 235 21 44 b
1910 235 21 44 e
1931 235 22 44 i
1954 235 45 44 ng
2024 244 46 25 no
2100 243 21 37 p
2121 243 21 37 e
2143 243 21 37 r
2164 243 44 37 so
2207 243 22 37 n
2258 233 35 34 in
2324 233 97 34 Lond
2421 233 25 34 o
2446 233 25 34 n
2506 237 38 28 to
2577 228 161 46 identify
2767 228 93 40 him,
2885 227 72 34 and
2987 224 48 35 of

296 263 208 57 tatalani,
522 274 69 40 the
607 272 94 44 task
720 285 80 33 was
817 279 283 53 uncommonly
1117 281 191 47 arduous,
1322 280 306 43 auddemanded
1674 263 5 69 •
1693 288 125 26 course
1835 291 46 25 no
1897 279 70 37 one
1984 287 37 28 to
2039 280 138 45 charge

2194 279 76 37 him
2285 280 90 34 with
2394 278 126 45 felony
2539 288 99 35 upon
2652 278 106 39 oath,
2779 276 45 33 he
2841 274 110 35 could
2969 278 66 31 not

289 339 66 34 po
376 326 117 41 small
506 327 150 53 degree
676 328 48 39 of
751 330 239 54 indulgence
1020 330 109 43 from
1146 334 71 39 the
1235 334 152 51 public.
1444 335 187 40 Madame
1693 326 48 34 be
1757 328 215 34 committed
2003 333 38 30 to
2075 330 141 45 prison.
2265 326 60 35 He
2361 335 89 33 was,
2480 325 207 43 therefore,
2714 322 139 37 locked
2883 331 50 35 up
2955 321 35 34 In
3008 330 27 26 a

305 378 148 40 Collini
472 380 158 40 seemed
652 386 45 34 to
716 380 79 40 feel
815 381 69 41 the
900 383 58 54 dif
958 383 19 54 f
977 383 119 54 iculty
1129 385 69 40 she
1230 385 78 40 had
1335 392 46 34 to
1398 393 233 39 encounter,
1695 380 120 38 strong
1827 381 104 28 room
1959 376 33 34 in
2011 376 63 34 the
2094 376 139 34 Brown
2254 372 98 38 Bear
2368 373 138 46 public
2506 373 139 46 Abase,
2673 370 35 37 In
2738 371 246 34 Bow-street.
2987 385 52 9 —

302 431 81 40 and
404 432 72 40 her
509 445 185 28 manners
720 435 237 53 powerfully
981 437 222 41 influenced
1235 439 72 40 the
1336 444 226 48 spectators
1590 439 41 40 in
1651 439 12 33 J
1700 419 207 47 Yesterday
1928 423 180 44 morning,
2121 422 44 34 he
2181 423 79 35 said
2277 422 43 35 he
2340 420 144 35 wanted
2502 428 39 27 to
2558 431 47 33 go
2622 420 77 33 into
2717 419 63 34 the
2798 418 111 44 yard,
2930 416 109 35 when

1696 480 24 22 a
1737 478 94 31 man,
1851 469 64 35 the
1932 475 141 28 servant
2092 467 46 37 of
2161 470 71 33 Mr.
2257 464 172 46 Mazard,
2457 468 63 34 the
2549 467 190 41 landlord,
2764 464 176 35 attended
2961 462 79 35 him

1698 526 21 24 a

302 482 76 43 her
409 484 168 41 favour.
631 485 98 41 This
754 487 87 40 first
870 489 236 52 itnpressioa
1122 502 78 27 was
1231 503 50 27 so
1280 503 25 27 o
1305 503 25 27 n
1358 493 45 50 ri
1403 493 46 50 pe
1449 493 22 50 n
1472 493 47 50 ed
1551 493 61 39 int
1612 493 21 39 o
2074 516 47 34 be
2148 526 77 26 was
2246 517 113 33 about
2386 522 39 27 to
2445 522 128 27 return
2600 513 77 35 into
2696 514 61 34 the
2778 513 112 35 house
2906 510 135 46 again.

304 535 167 50 favour,
498 537 67 40 for
596 539 72 45 .tae
702 541 208 56 displayed
944 552 97 45 very
1074 544 182 50 superior
1283 556 151 39 powers
1457 544 100 41 both
1594 544 46 39 of
1703 563 34 33 he
1739 526 91 71 s
1830 526 26 25 a

1757 516 12 80 s
1769 516 12 80 u
1781 516 12 80 u
1793 516 12 80 s
1805 516 12 80 d
1817 516 12 80 u
1828 516 24 80 de
1852 516 12 80 l
1864 516 12 80 n
1876 516 13 80 .
1894 565 8 33 I
1909 575 21 34 y
1941 517 67 33 Ih

1946 565 167 32 knocked
2130 565 54 32 his
2199 562 190 37 attendant
2405 561 129 41 duhrn,
2558 570 46 26 an
2609 556 20 39 d
2635 578 11 25 4
2674 561 35 34 in
2728 557 255 46 consequenci
3000 557 47 37 of

305 591 122 41 Voice
445 591 83 40 said
544 593 150 39 action.
756 595 45 37 In
821 594 71 40 her
919 592 178 44 features
1126 596 67 43 she
1226 595 214 40 resembles
1457 596 70 39 the
1546 609 90 39 cap-
1702 618 97 26 some
1817 611 43 45 pa
1859 611 43 45 li
1902 611 44 45 ng
1976 611 122 34 which
2117 609 195 47 separated
2330 607 83 35 that
2432 609 89 44 yard
2541 608 96 34 from
2655 608 61 34 the
2734 601 208 46 butcher's,
2970 605 66 37 the

305 641 181 57 tivating
506 644 195 46 Grassini,
720 645 80 41 and
835 646 70 40 her
924 652 97 34 tune
1041 648 30 38 is
1088 647 83 41 also
1186 647 44 40 of
1248 648 71 40 the
1333 661 116 27 same
1466 648 169 53 quality.
1706 658 21 34 h
1727 658 85 34 ouse
1828 656 20 47 a
1848 656 40 47 dj
1889 656 20 47 o
1909 656 20 47 i
1929 656 20 47 n
1949 656 20 47 i
1969 656 41 47 ng
2010 656 21 47 ,
2059 658 20 34 t
2079 658 20 34 h
2099 658 63 34 ere
2197 669 76 24 was
2287 669 24 22 a
2326 656 20 35 f
2346 656 63 35 ree
2422 657 46 33 an
2469 657 24 33 d
2513 656 285 45 uninterrupted
2815 664 20 26 a
2835 664 20 26 c
2855 664 41 26 ce
2896 664 20 26 s
2916 664 21 26 s
2955 658 40 31 to
3013 664 28 25 a

307 694 80 43 She
412 710 105 40 sting
539 699 93 38 with
661 711 110 34 ease,
800 697 211 50 clearness,
1039 700 77 39 and
1135 705 118 35 taste.
1310 702 89 39 The
1419 702 123 39 music
1567 704 30 35 is
1617 715 21 26 a
1703 703 100 45 large
1820 715 110 34 space
1944 703 44 35 of
2000 707 112 37 wattle
2130 705 155 44 ground,
2297 710 39 28 at
2353 704 64 34 the
2430 699 158 39 bacit-of
2606 702 292 37 Russell-street.
2913 712 31 22 w
2955 702 89 34 hick

309 749 226 54 promising
563 750 200 53 specimen
782 749 50 41 of
840 752 69 40 the
930 758 163 41 master,
1120 754 77 39 and
1222 765 79 27 was
1319 765 96 40 very
1439 761 117 33 much
1574 767 65 39 ap-
1708 752 97 33 leads
1822 754 79 33 into
1915 763 22 33 a
1956 762 148 25 narrow
2132 757 104 30 court
2267 754 35 32 in
2320 751 293 40 Russell-street,
2637 749 169 61 thronsh
2841 748 124 34 which
2996 748 50 37 he

306 801 196 57 plauded.
570 803 116 41 Naldi
720 816 81 28 was
839 806 182 39 received
1054 807 93 38 with
1183 804 72 40 the
1291 819 126 26 warm
1455 808 188 38 welcome
1708 798 102 34 made
1830 798 56 35 his
1902 810 144 34 escape.
2100 798 81 37 The
2199 800 69 34 hue
2282 798 70 34 and
2365 802 66 41 cry
2448 798 45 33 of
2555 795 92 47 Stop
2665 789 103 43 thief
2767 789 21 43 '
2810 807 76 25 was
2901 796 143 43 raised,

3240 814 17 47 k

311 854 133 43 which
467 856 52 39 he
537 855 202 48 deserves;
769 856 67 40 for
865 857 61 40 his
945 856 169 54 comedy
1140 859 31 39 is
1191 870 25 26 a
1246 857 98 56 high
1376 863 109 34 treat
1513 865 44 34 to
1576 857 69 40 the
1706 847 70 35 and
1792 847 139 33 several
1954 856 77 25 men
2055 856 66 25 ran
2135 844 35 35 in
2184 843 51 37 ail
2254 846 59 34 dir
2313 846 19 34 e
2331 846 40 34 ct
2372 846 20 34 i
2392 846 40 34 on
2432 846 20 34 s
2457 869 12 17 ,
2494 846 65 34 but
2575 844 38 35 in
2630 844 99 34 vain.
3241 869 11 22 r

314 909 292 46 Conpoisseur.
1755 893 84 34 Just
1857 894 100 45 after
1972 892 60 35 the
2048 904 133 34 escape
2200 891 69 38 had
2288 892 111 37 taken
2424 893 123 45 place,
2572 902 46 25 an
2636 887 289 43 offiterarrised
2946 889 99 37 from

1714 940 233 46 Edinburgh,
1970 939 56 37 fur
2054 941 63 34 the
2135 948 159 38 purpose
2311 939 46 37 of
2370 938 226 48 ideatifying
2614 937 57 38 his
2693 950 151 35 person,
2868 939 73 34 and
2957 948 91 27 con.

366 976 35 39 A
420 983 93 32 new
536 976 312 39 Divertisement
876 974 78 46 and
976 973 130 43 Ballet
1136 974 204 56 displayed
1378 969 69 47 the
1465 976 180 52 strength
1710 989 133 45 veving
1864 989 77 33 him
1959 989 152 34 thither.
3247 986 6 47 1
3253 986 6 47 -
3259 986 6 47 '
3274 1020 6 20 A
3280 1020 7 20 ,

314 1022 51 43 of
380 1026 67 40 the
465 1039 120 40 corps
599 1026 50 40 of
667 1029 188 38 Dancers.
911 1029 73 38 We
1018 1029 102 38 have
1141 1029 76 38 had
1238 1042 53 26 no
1305 1029 94 39 suet'
1419 1029 143 38 taletiti
1581 1028 64 40 for
1760 1036 104 33 Some
1879 1035 172 45 evenings
2065 1046 90 33 ago,
2180 1033 64 37 the
2264 1032 129 47 Rising
2406 1035 72 35 Sun
2510 1032 281 47 public-house,
2818 1033 35 34 In
2882 1033 167 35 Suffolk.
3267 1032 24 39 '4

315 1089 122 43 ;tunny
458 1091 131 40 years.
646 1081 152 52 Young
836 1081 144 39 Vcstris
998 1093 146 40 sprung
1175 1082 175 39 forward
1375 1082 93 38 with
1502 1080 53 46 all
1580 1081 67 38 the
1710 1089 125 34 street,
1860 1093 40 25 as
1919 1083 84 35 well
2020 1093 40 25 as
2075 1085 64 33 the
2153 1084 175 44 pot-boy,
2353 1082 190 45 narrowly
2559 1082 157 44 escaped
2741 1077 99 39 from
2857 1083 109 43 being
2983 1082 69 33 de-

315 1141 138 45 power
488 1133 79 48 and
596 1133 168 54 activity
797 1133 126 41 which
965 1135 60 37 his
1057 1134 131 39 father
1218 1133 202 54 possessed
1439 1136 209 37 seventeen
1711 1130 145 44 stroyed
1876 1130 48 44 by
1944 1131 78 33 fire.
2073 1130 83 34 The
2170 1130 183 40 landlord,
2378 1129 99 35 after
2493 1130 64 33 the
2578 1136 183 37 company
2790 1128 73 35 had
2893 1129 158 43 retired,

318 1196 118 40 years
455 1196 103 44 ago;
589 1186 79 39 and
698 1187 71 40 the
795 1199 109 28 same
922 1186 248 52 astonishing
1205 1186 128 40 talent
1361 1186 158 39 seemed
1538 1189 44 33 to
1602 1185 47 40 be
1713 1178 70 32 and
1802 1178 53 33 his
1873 1178 125 33 whole
2030 1178 131 41 family
2192 1178 72 33 had
2296 1187 93 35 gone
2422 1182 38 28 to
2481 1178 87 39 bed,
2596 1175 63 34 felt
2683 1186 26 24 a
2739 1179 128 41 strong
2894 1175 161 44 burning
3270 1212 20 30 ,,,

317 1237 168 44 revived
511 1238 77 41 and
621 1238 226 43 identified.
901 1240 25 38 -
926 1240 50 38 We
1011 1239 105 39 have
1144 1252 52 25 no
1219 1239 131 40 doubt
1377 1239 74 39 hut
1483 1238 91 39 that
1592 1237 59 39 his
1713 1222 119 38 smell.
1889 1225 105 33 After
2006 1235 24 22 a
2044 1225 138 34 minute
2197 1226 145 39 search,
2368 1224 52 34 be.
2434 1224 113 33 found
2578 1222 27 33 it
2626 1222 116 35 issued
2760 1222 98 33 from
2872 1222 66 33 the
2957 1222 96 34 ised-

322 1290 294 53 performance.
628 1291 76 43 trill
738 1292 133 40 excite
892 1293 70 38 the
981 1305 110 27 same
1108 1290 125 41 furor.
1293 1296 34 35 It
1354 1291 32 39 is
1403 1290 118 60 really
1544 1291 174 38 w
1717 1281 98 24 room
1832 1269 45 38 of
1890 1271 64 34 the
1978 1273 176 44 pat-boy.
2205 1271 60 35 On
2293 1272 165 43 bursting
2486 1280 97 35 open
2602 1270 63 34 the
2687 1271 112 39 door,
2828 1271 44 34 he
2889 1281 77 22 saw
2985 1270 69 37 this

1544 1303 106 26 Iron-

1717 1319 66 33 bed
1817 1319 33 34 in
1879 1318 139 43 flames,
2044 1330 28 24 w
2085 1319 86 34 hilst
2189 1318 65 35 the
2284 1319 73 44 boy
2395 1329 25 25 vi
2432 1328 38 26 as
2504 1317 111 35 foetid
2644 1316 126 45 asleep
2791 1317 39 33 in
2848 1317 41 35 it.
2942 1317 113 37 With

318 1342 150 44 derful.
526 1344 89 41 The
648 1344 132 48 force,
811 1345 131 43 truth,
979 1344 79 39 and
1096 1350 182 35 neatness
1303 1344 96 39 with
1436 1343 129 39 which
1603 1343 50 40 he
3221 1350 17 8 -
3257 1342 5 51 •

1715 1372 103 38 great
1833 1365 190 35 exertions
2040 1367 46 34 he
2102 1367 195 34 succeeded
2317 1368 34 32 in
2368 1374 67 26 con
2441 1367 22 34 fi
2469 1367 85 44 ning
2571 1364 60 34 the
2646 1364 125 34 flames
2791 1369 39 30 to
2848 1365 80 33 that
2948 1374 109 27 roots
3278 1378 13 37 I

320 1396 206 54 performs
541 1397 61 40 his
639 1403 254 35 movements
922 1396 150 41 exceed
1091 1410 73 39 any
1202 1397 117 52 thing
1346 1397 92 38 that
1472 1408 60 26 we
1551 1394 103 40 have
1716 1414 100 44 only.
1867 1415 81 34 The
1963 1410 104 48 hay's
2083 1414 143 35 clothes
2254 1422 96 27 were
2365 1415 104 33 burnt
2510 1414 73 34 but
2603 1411 152 34 himself
2764 1413 177 45 escaped.
2969 1411 86 39 The

319 1461 94 30 seen
435 1449 112 43 since
565 1449 71 41 the
661 1450 79 53 day
768 1450 51 39 of
833 1452 61 39 his
909 1449 248 40 father—for
1191 1452 81 38 Des
1306 1452 132 50 Hayes
1457 1449 31 38 is
1521 1460 24 26 a
1566 1461 86 39 per-
1719 1463 20 30 fi
1747 1470 34 24 re
1801 1461 20 44 o
1821 1461 40 44 ri
1861 1461 20 44 g
1881 1461 20 44 i
1902 1461 41 44 na
1943 1461 21 44 t
1964 1461 21 44 e
1985 1461 21 44 d
2040 1461 24 34 f
2063 1461 72 34 rom
2156 1460 41 35 th
2197 1460 21 35 e
2245 1461 237 45 unpardonab
2486 1461 34 34 le
2542 1459 171 48 practice
2731 1457 46 35 of
2806 1460 165 44 sticking
2989 1459 66 37 the
3261 1453 31 57 '''‘

319 1501 159 43 former
503 1501 51 41 of
574 1504 174 40 another
783 1504 113 39 class.
954 1504 89 39 The
1078 1501 182 54 graceful
1296 1501 174 40 attitude
1498 1500 78 40 and
1594 1500 59 40 air
1717 1508 125 34 candle
1860 1519 46 24 on
1926 1518 67 25 one
2009 1505 44 38 of
2065 1509 61 33 the
2154 1514 116 40 posts,
2294 1508 71 40 sind
2383 1509 61 33 the
2464 1507 107 46 boy's
2600 1507 131 45 falling
2747 1507 129 46 asleep
2893 1506 167 40 withosit

322 1556 52 39 of
384 1556 71 40 the
472 1569 97 33 one,
599 1557 96 39 with
707 1556 72 40 the
798 1554 223 41 wonderful
1041 1557 214 39 execution
1276 1556 47 39 of
1336 1553 70 40 the
1423 1554 132 44 other,
1577 1552 77 40 will
1717 1556 275 45 extinguishing
2011 1556 40 35 it.
2311 1553 7 27 I
2489 1552 5 50 ,
3270 1564 9 25 4
3280 1564 11 25 4

321 1620 197 41 compose
534 1622 25 26 a
588 1607 158 54 picture
767 1609 157 53 perfect
945 1610 39 38 in
1005 1609 51 39 its
1085 1609 111 39 kind.
1253 1607 87 40 The
1369 1607 128 39 house
1525 1618 78 27 was
1615 1605 38 39 in
1766 1602 34 35 A
1818 1602 96 35 fatal
1929 1604 169 35 accident
2122 1602 175 38 occurred
2311 1609 59 30 :on
2396 1596 167 52 Monday
2580 1602 105 46 night
2702 1606 39 31 to
2769 1602 92 37 Mrs.
2884 1600 174 43 }Ladino,

320 1672 30 27 a
363 1662 208 53 paroxism
589 1661 48 40 of
652 1662 267 41 vociferation
935 1662 41 38 in
997 1659 69 40 the
1080 1670 73 41 pas
1169 1667 45 34 de
1232 1664 105 37 deux
1354 1659 51 39 of
1416 1658 149 40 Vestris
1578 1659 74 39 and
1719 1649 64 35 the
1801 1649 132 37 widow
1967 1649 43 37 of
2021 1662 21 24 a
2062 1652 215 33 mercantile
2300 1649 224 47 gentleman,
2548 1656 41 28 at
2620 1650 64 34 her
2704 1650 131 40 house;
2854 1650 37 34 in
2910 1646 148 39 fdatsb-
3265 1644 17 41 i:

324 1711 65 44 his
419 1721 184 47 partner,
633 1715 306 40 Mademoiselle
977 1713 217 54 Angiolini.
1254 1713 73 39 She
1371 1711 30 39 is
1435 1710 216 53 extremely

1722 1698 119 43 place,
1861 1694 33 38 s
1898 1698 182 41 ew-road,
2106 1696 216 40 occasioned
2342 1698 51 46 by
2421 1698 64 44 her
2500 1698 152 38 ,clothes
2685 1698 131 44 taking
2843 1697 216 34 fire.—The

1721 1744 84 46 lady
1825 1741 73 39 had
1916 1741 168 51 returitcd
2104 1747 109 32 bailie
2225 1739 94 41 front
2337 1757 24 21 a
2378 1743 85 37 tistt
2479 1744 39 34 Ili
2539 1746 133 34 twelve
2689 1749 39 30 St
2748 1747 119 43 night,
2885 1743 175 37 midmost

321 1766 168 54 elegant
516 1768 39 39 in
589 1768 72 39 her
690 1768 148 54 figure,
863 1770 137 46 petite,
1030 1766 73 40 but
1123 1765 119 50 finely
1281 1765 154 39 formed
1450 1781 12 28 ;
1493 1763 77 39 and
1589 1763 67 39 she

1720 1792 97 35 after
1832 1793 64 34 she
1911 1793 70 34 had
2001 1794 135 34 retired
2151 1796 38 31 to
2213 1792 67 35 her
2297 1792 294 43 bed-room:fire,
2616 1792 64 34 her
2696 1794 98 34 maid
2813 1798 148 32 servant
2981 1804 77 24 wes
3255 1805 25 15 ..

321 1819 76 41 has
428 1820 193 54 acquired
647 1821 71 40 the
749 1830 171 31 manner
947 1819 51 40 of
1024 1821 158 38 Vestris.
1243 1819 81 39 Her
1349 1817 259 53 equilibrium
1628 1817 30 38 is
1720 1841 159 33 alarmed
1898 1843 48 40 by
1968 1841 64 33 her
2046 1841 161 41 shrieks,
2223 1841 87 40 and,
2331 1850 48 25 on
2394 1840 167 44 enter,ing
2580 1840 60 34 the
2657 1845 120 40 rnotu,
2799 1840 92 35 Mrs.
2926 1840 40 35 R.
2988 1851 73 34 ap-

324 1872 174 56 perfect.
554 1872 78 41 She
657 1873 175 41 •finishes
861 1872 70 41 the
961 1876 107 37 most
1103 1870 169 43 difficult
1307 1873 237 37 movement
1563 1869 92 39 with
1726 1889 130 44 penred
1869 1889 206 45 enveloped
2087 1889 37 33 In
2141 1889 137 33 flames.
2328 1889 83 34 floe
2427 1893 163 34 servant,
2609 1887 35 33 in
2663 1886 65 45 her
2745 1894 100 28 state
2862 1889 44 33 of
2919 1889 138 39 alarm,
3248 1889 20 44 l•

322 1928 116 39 truth
457 1942 13 30 ;
498 1925 79 41 and
594 1926 71 39 her
684 1931 168 48 posture
865 1925 71 40 has
953 1930 117 48 great
1081 1924 197 54 strength.
1315 1920 4 71 •
1335 1920 203 52 Certainly
1553 1920 105 39 since
1726 1946 73 24 was
1827 1936 132 34 unable
1978 1943 37 27 to
2036 1935 117 35 afford
2172 1933 211 35 immediate
2409 1933 124 43 relief,
2561 1937 65 33 but
2649 1933 64 34 she
2731 1933 177 37 Isaacs&
2937 1941 40 28 to
2994 1942 65 39 get
3255 1959 14 32 1

326 1978 71 43 the
417 1980 89 40 first
519 1991 99 40 year
630 1976 52 45 of
697 1981 78 38 Des
806 1980 150 51 Hayes,
989 1980 116 37 when
1134 1977 50 39 he
1199 1976 90 40 -had
1304 1974 85 40 also
1410 1974 159 41 Didelot
1585 1974 76 39 and
1726 1983 104 34 other
1845 1984 213 38 assistance,
2083 1982 72 35 and
2174 1982 35 35 in
2228 1983 61 34 the
2314 1982 146 35 interim
2479 1982 64 34 the
2561 1981 235 37 unfortunate
2804 1983 17 37 -
2820 1983 66 37 Intl
2887 1983 17 37 ,
2921 1993 78 26 was
3017 1993 45 26 VP

326 2033 130 45 Rose,
484 2044 60 27 we
563 2031 105 40 have
689 2031 79 39 had
788 2042 56 28 no
865 2031 97 39 such
994 2030 124 50 Corps
1144 2035 69 34 de'
1226 2031 130 39 Ballet
1383 2028 41 40 in
1450 2026 144 56 regard
1617 2031 44 35 to
1727 2031 120 39 burnt,
1865 2030 80 34 that
1962 2030 64 34 she
2041 2030 86 34 died
2144 2040 45 25 on
2207 2030 312 45 Tuesday.—She
2543 2029 72 35 bad
2639 2040 47 25 on
2708 2041 25 25 a
2761 2030 167 35 cambric
2943 2031 116 40 dress,

353 2083 197 56 riucipals
566 2095 44 28 as
630 2096 103 28 were
749 2082 210 41 exhibited
981 2082 74 40 last
1074 2083 126 52 night.
1729 2078 119 34 which
1870 2089 77 21 was
1961 2078 193 38 consumed
2172 2083 38 28 to
2229 2078 133 33 tinder.

1778 2122 58 39 Fi
1843 2135 52 28 TA
1906 2135 20 22 I.
1949 2122 27 46 P
1983 2135 53 31 coy
2048 2125 288 41 es.icr.—Two
2354 2135 98 28 men.
2466 2124 46 35 of
2526 2122 63 37 the
2606 2134 119 30 names
2743 2121 46 38 of
2807 2125 163 44 Malley

2982 2126 78 40 ,and
3266 2148 14 11 ..

821 2181 18 5 _
1169 2179 2 7 .
1194 2179 6 2 .

1734 2170 291 46 Bartholomew,
2044 2173 59 34 the
2122 2171 137 35 former
2275 2181 46 25 an
2339 2165 267 53 upholsterer's
2623 2179 142 39 porter,
2781 2173 74 34 mid
2871 2172 63 34 the
2954 2174 113 33 latter

613 2237 304 43 ACCIDENTS
945 2239 115 38 AND
1088 2232 289 44 OFFENCES.
1729 2231 24 24 a
1768 2222 47 45 co
1815 2222 24 45 a
1839 2222 24 45 c
1863 2222 47 45 hm
1910 2222 71 45 an,
2000 2220 135 44 having
2152 2219 67 34 had
2233 2230 26 24 a
2276 2220 78 45 poti
2354 2220 19 45 s
2373 2220 100 45 house
2489 2218 150 52 quarrel
2659 2220 34 34 in
2707 2217 151 38 Oxford
2862 2225 143 37 -street,
3017 2232 48 24 on

1733 2268 180 44 Saturday
1931 2261 117 51 night,
2074 2268 35 35 in
2137 2277 247 35 consequence
2401 2267 56 38 of.
2471 2268 63 34 the
2558 2267 200 37 coachman
2777 2264 143 48 'having
2937 2269 128 45 pulled

64 2307 80 13 .....,_
165 2307 2 15 .

377 2311 34 43 A
441 2327 85 30 man
540 2319 130 47 named
690 2319 107 37 John
813 2319 161 45 Taylor,
992 2316 87 35 who
1095 2317 132 34 resides
1247 2316 35 34 in
1306 2314 94 38 Rose
1419 2313 70 35 and
1509 2314 151 46 crown-
1677 2304 2 64 .
1698 2304 17 64 I
1731 2315 60 34 the
1809 2313 155 47 porter's
1983 2326 99 30 time,
2099 2315 90 43 they
2206 2311 175 48 repaired
2401 2320 38 30 to
2454 2319 24 31 a
2494 2313 86 46 spot
2598 2313 65 39 not
2676 2315 56 37 far
2743 2313 136 39 di.stsuit
2896 2320 38 32 to
2944 2314 119 46 fight;

328 2372 86 40 coun
415 2372 21 40 t
436 2372 22 40 ,
487 2366 234 44 bloorfields,
750 2365 193 46 appeared
976 2365 132 34 before
1134 2365 63 35 the
1224 2361 120 37 Chief
1363 2362 234 44 Magistrate,
1628 2365 38 30 at
1736 2373 21 22 a
1776 2363 216 41 sauguinary
2013 2362 116 34 battle
2156 2361 91 35 took
2275 2361 123 46 place,
2422 2362 92 34 each
2546 2362 110 44 being
2678 2357 204 39 inebriated
2907 2359 159 38 isixtun-

332 2409 213 47 Guildhall,
557 2424 47 25 on
622 2417 64 32 the
702 2415 211 45 complaint
930 2413 45 34 of
983 2424 27 24 a
1028 2422 93 35 poor
1137 2411 151 40 widow,
1310 2407 85 37 who
1409 2409 129 44 lodged
1558 2408 34 34 in
1612 2408 54 34 his
1730 2409 155 40 skilful;
1902 2409 86 40 and,
2006 2409 99 34 after
2122 2409 115 33 havin.
2237 2409 20 33 ,
2275 2407 90 41 been
2381 2409 163 45 engaged
2564 2408 85 35 half
2666 2419 46 27 an
2732 2409 96 37 hour
2846 2409 34 34 in
2898 2411 63 33 the
2976 2421 91 22 con-

333 2459 113 38 house
459 2460 61 37 for
552 2471 26 26 a
600 2460 259 37 considerable
874 2461 92 35 time
985 2465 98 41 past,
1098 2459 123 35 whose
1222 2458 21 46 -
1244 2458 106 46 goods
1370 2457 45 34 he
1431 2456 168 35 detained
1611 2456 56 34 for
1730 2463 83 35 test,
1831 2457 61 34 the
1910 2457 200 35 coachman
2130 2435 169 56 received
2316 2466 24 25 a
2352 2456 69 35 fall
2435 2469 47 25 on
2496 2457 64 37 the
2576 2456 110 46 head,
2705 2457 124 38 which
2830 2456 237 39 -terminated

335 2507 79 41 Iss.
441 2515 97 37 rent,
568 2509 115 35 while
702 2509 45 34 he
767 2507 149 37 insisted
931 2519 47 25 on
996 2507 145 45 turning
1153 2507 65 33 her
1234 2512 67 28 out
1317 2505 44 35 of
1378 2505 125 34 doors.
1734 2505 53 33 his
1802 2500 201 40 existence.
2069 2500 2 52 •
2119 2500 4 52 .

381 2557 84 35 The
478 2557 281 46 circumstances
777 2558 46 34 of
843 2557 64 35 the
940 2567 97 35 poor
1054 2554 175 35 woman's
1243 2558 85 30 case
1346 2563 102 27 were
1461 2549 204 50 peculiarly
1893 2549 4 54 .
2022 2549 5 54 -

335 2602 109 38 hard.
476 2603 24 37 -
500 2603 74 37 She
605 2606 77 34 *as
713 2614 25 25 a
768 2604 138 37 widow
927 2604 93 34 with
1041 2603 71 35 five
1136 2602 103 35 small
1260 2601 168 34 children
1443 2611 8 22 :
1480 2594 69 40 one
1569 2600 98 34 child

337 2653 71 35 had
429 2653 163 44 recently
626 2650 102 43 died,
759 2652 72 35 and
863 2652 64 34 She
956 2652 72 33 had
1046 2661 25 25 a
1098 2650 77 33 sick
1205 2648 122 35 infant
1337 2653 40 31 at
1397 2648 65 34 her
1479 2649 136 40 breast,
1632 2646 40 35 of

1783 2663 404 50 AtWanstead-house,
2209 2670 130 44 Essex,
2352 2672 58 38 his
2426 2673 132 37 Serene
2574 2670 184 47 Highness
2771 2673 65 35 the
2851 2675 135 35 Prince
3008 2673 47 38 de
3246 2691 7 44 L
3253 2691 7 44 .
3260 2691 8 44 •
3289 2663 2 71 ,

337 2695 125 52 iyhich
480 2700 67 37 she
562 2700 191 46 appeared
774 2705 40 31 to
831 2700 93 34 have
947 2709 87 34 very
1054 2695 113 48 lately
1193 2696 80 34 lain
1292 2696 35 33 iii
1395 2695 110 34 After
1519 2696 149 33 collect-
1735 2717 26 11 -

1733 2719 136 39 L;onde,
1893 2724 38 27 to
1950 2720 64 32 her
2031 2719 132 34 Serene
2181 2719 180 45 Ilightwss
2378 2714 64 41 the
2453 2718 167 39 Princess
2634 2722 187 46 Downer
2833 2722 44 35 de
2894 2722 175 37 Monaco.

338 2750 63 45 ing
412 2748 65 35 the
495 2748 72 34 few
581 2748 78 35 last
686 2748 168 43 shillings
880 2748 63 33 she
970 2746 221 35 couldraise
1209 2752 39 26 to
1278 2756 74 33 pay
1370 2744 61 35 the
1450 2733 222 45 undertaker

1783 2766 57 40 On
1861 2766 162 45 Monday
2059 2767 86 40 last,
2169 2773 41 28 at
2245 2769 112 40 Bath,
2385 2769 149 45 George
2555 2769 201 40 Rickards,
2787 2771 86 44 Esq.
2893 2770 44 34 of
2948 2771 123 37 Char-

337 2797 65 35 the
428 2796 145 38 funeral
591 2796 157 44 charges
774 2796 73 34 and
880 2794 125 37 burial
1033 2793 148 37 fees.6f.
1196 2793 67 35 her
1279 2792 90 34 dead
1385 2790 118 43 child,
1517 2790 65 34 she
1599 2800 73 24 was
1736 2813 12 32 .
1748 2813 12 32 1

1737 2822 7 24 1
1765 2819 182 34 ate-row,
1993 2815 162 43 London,
2193 2820 39 28 to
2272 2815 137 34 Franc
2411 2824 17 26 as
2467 2816 130 35 second
2629 2817 180 44 daughter
2839 2817 45 35 of
2906 2819 61 34 the
2991 2818 84 35 late
3252 2822 14 13 14

338 2845 77 34 still
435 2844 105 37 short
554 2843 47 37 of
613 2843 131 37 3s.V.
764 2843 63 34 for
846 2843 124 35 which
1002 2843 66 33 her
1102 2842 154 35 humane
1281 2837 314 47 landlosdpassed
1613 2838 54 33 his
1743 2859 24 24 n
1854 2859 32 13 ..,

2161 2859 46 37 of

2431 2841 19 56 l

909 2859 1091 85 MondayKett,lhy,Suttonthe.Fur
2002 2919 48 33 se
2052 2910 163 44 'might,
2216 2916 65 27 at
2282 2910 208 41 Be.arniniter,
2518 2911 152 40 Dorset,
2691 2913 60 34 the
2776 2914 96 33 Rev.
2898 2913 174 37 William

340 2941 110 37 three
468 2941 129 37 Weeks
609 2944 94 39 rent,
724 2940 48 34 he
789 2939 77 37 laid
882 2939 241 45 aeembargo
1141 2949 45 22 on
1212 2936 73 34 the
1303 2935 201 45 remaining
1518 2934 155 35 chattels
1744 2956 93 34 Rose
1856 2956 165 40 Holden,
2043 2955 48 35 A.
2111 2957 56 33 M.
2185 2956 145 37 Fellow
2349 2957 45 35 of
2413 2959 210 37 Worcester
2640 2957 172 48 College,
2841 2960 169 44 Oxford,
3028 2968 43 28 to

337 2987 45 38 of
394 2989 66 35 the
487 2988 189 41 wretched
694 2988 157 43 widow,
868 2994 38 28 at
925 2987 64 35 the
1015 2991 157 32 moment
1192 2985 51 34 be.
1263 2982 144 47 gjected
1423 2982 67 35 her
1505 2992 40 26 as
1556 2992 48 25 an
1620 2980 51 35 in-

1667 3045 6 5 .
1743 3005 86 43 Miss
1846 3004 197 46 Eveleigh,
2061 3004 45 35 of
2122 3004 244 46 Beatujnster.
3255 3004 5 46 '

334 3035 148 40 toTvent
495 3043 139 31 tenant.
2302 3052 148 39 DIED.

389 3097 84 37 The
488 3094 98 39 Lord
598 3096 142 46 Mayor
746 3094 200 48 humanely
961 3093 224 48 interposed,
1196 3090 74 40 and
1281 3091 182 38 iotreated
1475 3091 61 38 the
1548 3090 125 38 fellow
1788 3103 51 37 At
1857 3109 58 31 ten
1936 3103 148 38 o'clock
2101 3115 46 26 on
2166 3105 163 44 Monday
2357 3107 170 44 evening,
2556 3112 40 28 at
2615 3107 56 34 his
2689 3106 119 38 house.
2832 3107 34 37 in
2894 3109 183 38 Grafton-
3287 3094 6 20 1

340 3149 41 38 to
399 3146 98 33 have
511 3154 102 39 some
624 3145 275 46 consideration
917 3143 59 37 for
994 3145 64 33 the
1074 3154 104 38 poet.,
1189 3141 176 50 woman's
1382 3141 295 38 circumstances,
1739 3157 125 35 street,
1878 3154 65 32 the
1962 3154 168 45 Marquis
2148 3154 43 33 of
2206 3154 117 45 Sligo,
2342 3154 37 34 in
2399 3154 57 34 his
2471 3154 74 35 s'3d
2567 3167 102 26 year.

2567 3167 102 32 year.

339 3193 73 39 and
422 3193 143 38 offeied
578 3202 37 26 to
630 3194 85 45 give
725 3194 77 34 him
817 3191 161 47 half-a-g
981 3193 109 43 uinea
1102 3189 92 38 from
1209 3190 56 35 his
1279 3195 83 30 own
1380 3190 137 44 pocket
1530 3190 38 34 in
1579 3198 99 24 coin-
1791 3198 47 37 At
1860 3200 175 43 Bathvon
2059 3201 146 44 Sunday
2225 3202 83 40 last,
2339 3201 97 35 Lord
2456 3203 182 38 Gardner,
2657 3202 84 37 who
2761 3214 76 25 was
2848 3204 123 48 justly
2989 3213 94 30 ctoo
3257 3198 13 20 ~

341 3243 196 45 prnsation
552 3241 64 37 for
633 3241 56 35 his
706 3241 129 37 claitn.
878 3234 422 57 ButTaylor,,equakly
1318 3237 91 37 hard
1427 3235 45 35 of
1486 3235 106 35 heart
1607 3235 70 34 and
1739 3248 142 34 sidered
1897 3257 126 26 *same
2049 3248 45 35 of
2108 3250 63 32 the
2181 3255 209 28 ornaments
2409 3250 44 33 of
2478 3250 63 33 the
2564 3252 138 33 British
2735 3252 126 45 Navy.
2919 3252 59 37 He
3002 3265 73 25 wa.

341 3291 170 45 hearing,
534 3301 74 22 was
621 3289 90 34 deaf
728 3296 40 27 to
785 3299 112 35 every
919 3283 109 52 thing
1054 3280 104 43 short
1185 3285 44 37 of
1258 3285 145 40 his.fetl
1421 3282 170 45 demand,
1607 3283 69 33 and
1743 3298 86 32 horn
1844 3302 40 27 at
1898 3295 219 43 Uttoxeter,
2135 3298 35 32 in
2181 3298 287 41 Staffordshire,
2499 3298 73 37 and
2606 3309 72 25 was
2712 3300 34 35 in
2781 3300 56 33 his
2854 3301 89 34 66th
2967 3311 96 35 year

343 3339 96 37 with
464 3343 58 31 'an
548 3341 83 32 iron
663 3339 250 37 countenance
931 3334 144 43 refused
1106 3335 51 33 all
1173 3333 263 46 compromise.
1483 3331 83 37 The
1583 3330 93 41 lourd
1747 3344 67 34 His
1831 3343 129 35 father.
1984 3354 74 24 was
2089 3356 25 24 a
2134 3344 391 38 .Lieutenata-colunel
2561 3346 37 35 in
2619 3347 60 34 the
2700 3347 81 34 11th
2817 3348 196 45 Regitnent
3035 3346 52 37 of

343 3385 156 45 hiayok,
517 3385 187 46 indignant
720 3381 39 39 at
780 3387 85 33 such
886 3381 190 47 otkluraey
1091 3384 37 34 ih
1157 3383 63 34 the
1250 3381 104 34 heart
1372 3380 46 34 of
1426 3389 73 38 any
1518 3378 110 44 Being
1642 3378 37 34 in
1750 3393 171 43 Ltragoon
1941 3393 156 38 Guards,
2113 3391 70 35 and
2215 3404 22 22 a
2269 3393 124 34 native
2419 3393 45 34 of
2494 3393 215 40 Coleraine,
2739 3394 37 37 in
2803 3397 64 34 the
2887 3398 122 34 North
3040 3397 47 34 of
3257 3407 13 13 '.

343 3435 65 34 the
425 3435 118 46 shape
557 3433 43 35 of
612 3444 46 25 an
684 3433 256 45 Englishman,.
954 3441 93 37 gave
1061 3432 74 33 hint
1152 3430 64 35 the
1233 3431 146 41 moner,
1398 3429 66 39 but
1482 3424 206 37 descended.
1752 3441 156 39 Ireland.
1964 3441 94 33 Lord
2091 3441 165 33 Gardner
2289 3442 229 34 commenced
2545 3442 64 35 .his
2639 3442 120 35 Naval
2789 3454 128 26 career
2941 3455 50 24 on
3018 3445 67 34 the

341 3482 98 35 (coin
459 3485 64 33 the
544 3483 117 35 Chair
676 3483 45 34 of
739 3482 161 43 Justice,
921 3487 37 28 to
981 3480 198 34 vociferate
1199 3480 37 32 in
1254 3477 54 34 his
1319 3487 66 25 ear
1402 3476 81 35 that
1501 3475 45 43 he
1567 3480 73 39 was
1657 3485 22 22 a
1748 3488 53 34 Ist
1815 3487 45 34 of
1879 3487 235 45 May,.1715,
2125 3498 45 24 on
2190 3489 113 33 board
2320 3489 63 33 the
2402 3489 190 45 Medway,
2610 3489 44 35 of
2665 3489 50 37 60
2730 3501 104 31 guns.
2846 3493 240 37 commanded
3276 3472 8 32 i

3231 3504 5 24 •
3275 3504 11 24 t

341 3531 272 37 hard-hearted
632 3530 145 38 fellow,
794 3529 242 45 undeserving
1054 3527 44 37 of
1121 3528 63 35 the
1208 3524 175 37 comforts
1398 3523 46 35 of
1462 3534 25 24 a
1500 3523 126 44 home,
1636 3531 45 25 or
1744 3537 50 43 by
1813 3536 159 44 Captain
1993 3535 110 35 Peter
2119 3535 163 43 Dennis;
2313 3539 44 31 he
2374 3546 76 26 was
2466 3539 35 32 in
2520 3537 80 37 that
2614 3537 84 46 ship
2714 3539 35 33 in
2771 3539 109 39 1757,
2898 3550 27 22 it
2940 3540 83 38 hen,
3045 3540 39 34 in
3276 3531 7 18 !

345 3591 24 25 a
379 3581 109 45 place
507 3580 35 35 in
557 3578 223 35 humanized
798 3578 158 45 society.
991 3582 17 21 ••
1524 3609 6 6 .
1596 3576 5 56 .
1744 3594 189 37 company.
1945 3583 90 37 with
2047 3583 67 34 .the
2135 3583 131 44 Eagle,
2285 3583 86 44 they
2394 3586 90 33 took
2505 3585 61 34 the
2588 3586 83 34 Due
2688 3583 261 48 d'Aquitaine,
2976 3588 46 34 of
3035 3587 53 37 60
3275 3576 8 27 t

392 3630 59 33 On
470 3627 64 35 the
557 3627 71 37 221
652 3627 66 34 tilt.
742 3626 77 35 Mr.
842 3622 291 39 Rea.dreeeived
1160 3633 24 24 a
1196 3622 130 40 letter,
1744 3641 71 34 gun
1817 3641 53 25 s..
1899 3633 63 34 On
1977 3631 59 38 the
2052 3632 65 35 7th
2135 3630 54 35 of.
2202 3631 146 41 March,
2375 3630 106 44 1760,
2502 3632 45 37 he
2574 3643 76 26 was
2669 3633 187 41 advanced
2876 3639 39 30 tb
2927 3645 25 25 a
2973 3635 113 37 Lieu-

3234 3643 5 18 i
3261 3643 2 18 .

826 3669 5 8 .
887 3669 12 8 ..

341 3677 138 45 stating
495 3676 83 35 that
605 3687 25 22 a
661 3680 94 30 molt
784 3672 367 48 desperaterobber,
1176 3663 267 50 orthe.uaute
1468 3666 43 37 of

1524 3667 158 45 .George
1748 3683 136 41 tenant,
1902 3679 125 46 and.ap
2027 3679 20 46 -
2047 3679 149 46 pointed
2217 3685 44 30 to.
2274 3680 61 35 the
2357 3679 170 41 Bellow,
2544 3681 45 33 of
2601 3681 45 37 74
2657 3692 113 33 guns;
2802 3681 45 35 he
2872 3692 74 25 was
2970 3681 120 38 after-

344 3725 163 44 Ainslie,
535 3724 71 35 had
624 3723 107 35 made
761 3723 58 45 his
834 3732 132 37 escape
989 3717 99 38 hula
1101 3716 85 53 ,that
1200 3720 97 44 city,
1320 3717 57 43 and
1377 3717 19 43 .
1413 3726 73 34 was
1501 3705 180 57 supposed
1749 3728 119 35 wards
1904 3728 37 35 in
1971 3728 81 41 nine
2066 3725 171 47 glorious
2267 3728 159 43 actions,
2454 3728 35 39 in
2506 3730 53 34 all
2591 3729 46 37 of
2656 3730 124 34 which
2815 3730 45 34 he
2888 3730 185 46 displayed
3073 3730 21 46 .
3254 3720 28 30 inn,

340 3781 41 28 to
402 3774 97 34 have
511 3771 151 37 arrived
697 3771 37 34 in
769 3768 163 38 London.
986 3765 85 40 The
1087 3763 110 39 letter
1218 3767 145 43 further
1380 3754 244 57 stated,.thet,
1639 3762 45 34 he
1746 3784 174 34 courage,
1930 3774 197 41 skilloind
2140 3775 287 45 magnanimity,
2439 3809 6 4 .
2463 3807 6 6 .
2480 3776 60 37 fle
2555 3778 162 38 married
2731 3777 38 34 in
2783 3777 64 37 the
2865 3787 90 26 year
2979 3778 111 43 1769,

343 3822 76 43 had
443 3831 25 25 a
496 3820 157 37 brother
686 3820 35 34 in
759 3819 164 40 Loudon,
943 3803 5 69 •
969 3813 86 39 Wit°
1083 3821 76 30 waS
1183 3824 20 25 a
1234 3803 289 50 brass-founder,
1551 3813 65 33 but
1648 3810 37 34 in
1750 3822 87 35 Miss
1856 3823 116 41 Hide,
1991 3822 43 35 of
2046 3822 193 41 Jamaica,
2254 3823 69 34 god
2342 3824 77 38 has.
2435 3823 69 40 left
2529 3826 50 45 by
2597 3826 69 37 her
2682 3824 193 47 ladyship,
2903 3826 85 35 who
3009 3839 81 22 sur-

343 3870 105 35 what
485 3875 87 41 part
601 3868 44 35 of
671 3868 154 35 London
856 3867 44 35 he
920 3865 141 35 resided
1091 3872 72 27 was
1191 3867 63 32 not
1289 3863 136 33 known
1440 3873 12 31 ;
1479 3870 90 34 very
1586 3859 99 33 little
1719 3859 2 60 '
1748 3870 100 34 vives
1874 3870 92 45 him,
1984 3879 25 26 a
2026 3881 87 35 very
2132 3880 196 26 numerous
2343 3870 152 47 family,
2530 3873 189 46 iouluding
2745 3879 80 31 two
2856 3883 80 26 sons
2963 3874 35 38 hi
3024 3876 72 38 thy
3278 3862 6 35 i

341 3930 105 26 more
461 3915 241 39 information
718 3924 78 27 was
809 3915 110 46 given
934 3914 158 40 of.binii
1111 3917 141 41 except
1279 3922 22 21 a
1319 3909 67 35 full
1403 3906 227 57 drcription
1645 3904 44 37 of
1749 3919 25 44 N
1774 3919 100 44 avy.
1933 3904 2 59 .

340 3969 60 37 his
420 3977 148 37 person.
907 3969 2 45 -

1368 3996 28 6 ..
1440 3965 4 51 .
1639 3996 28 12 ...
1728 3965 5 51 ,
1752 3965 4 51 .
1796 3967 149 45 Sunday
1961 3965 196 43 se'neight,
2185 3972 57 32 at.,
2254 3965 57 40 his
2330 3966 116 41 house
2463 3973 40 30 at
2531 3969 207 43 Catisfield,
2757 3978 93 26 near
2877 3969 211 47 Forebrain,

394 4016 73 37 Mr.
488 4015 106 35 Read
612 4011 296 38 communicated
931 4009 80 38 this.
1025 4007 236 35 information
1280 3997 222 54 to'Salmon,
1528 3996 156 54 %Anon
1729 3996 2 70 ,
1748 4015 293 38 Rear-Admiral
2073 4015 168 38 Edward
2272 4015 202 45 O'Uryen,
2507 4018 83 34 who
2609 4028 38 25 so
2669 4018 188 47 gallantlli
2880 4019 119 40 broke
3027 4022 64 32 the
3261 3996 2 70 .

340 4064 66 35 the
425 4074 131 26 course
569 4059 46 39 of
624 4061 85 37 four
728 4062 110 45 days,
853 4059 131 35 traced
997 4063 69 30 out
1076 4056 63 35 the
1152 4054 159 47 brother
1311 4054 22 47 t
1333 4054 70 47 aed
1420 4045 263 54 apprehended
1744 4063 78 39 line
1837 4065 106 33 when
1961 4062 256 47 commanding
2233 4063 65 35 the
2311 4065 197 43 Monarch,
2524 4065 35 35 in
2576 4067 60 35 the
2652 4058 226 45 memorable
2896 4069 125 35 action
3041 4067 56 37 of

343 4111 150 46 George
511 4111 162 41 Ainslie,
699 4108 184 44 although
914 4109 43 33 he
973 4106 168 39 assumed
1159 4104 63 34 the
1243 4113 106 26 name
1363 4095 47 41 of
1433 4095 149 63 George
1609 4094 81 39 Ali-
1750 4111 288 46 Cantkperdown.
2275 4094 4 64 .

340 4162 132 35 derson
489 4161 102 34 since
605 4157 56 37 his
674 4159 144 35 arrival
843 4157 35 34 in
900 4155 165 41 London,
1090 4154 70 35 and
1178 4162 77 24 was
1270 4152 174 45 working
1460 4154 39 31 at
1513 4147 59 38 kis
1581 4144 107 39 trade
1796 4159 157 38 Saturda
1956 4170 22 33 y
2438 4154 8 13 .
2458 4144 2 59 .

1991 4157 200 46 se'nuight,
2203 4163 41 31 at
2258 4157 56 38 his
2333 4160 112 37 hons.
2481 4161 37 38 in
2536 4159 161 48 Clifton,
2717 4163 167 35 Thomas
2904 4157 165 54 tieJdoci
3070 4157 21 54 t

343 4209 46 37 of
400 4219 24 26 a
443 4207 246 66 blacksitith,
706 4206 70 38 fur
793 4206 149 37 Messrs.
959 4204 130 37 Moser
1106 4201 66 35 and
1189 4202 67 44 Ce.
1748 4204 113 43 M.D.
1881 4206 78 37 late
1970 4205 46 38 of
2028 4206 219 38 Pembroke
2267 4187 351 70 Coller,:gsford.

500 4273 4 47 '
580 4273 12 32 :'
683 4273 2 47 •
742 4273 5 47 •
794 4273 2 47 .
830 4277 7 17 !
3274 4296 7 25 ;

400 4325 2 18 •
436 4336 8 7 .

613 2238 304 41 ACCIDENTS
945 2239 115 38 AND
1088 2232 289 44 OFFENCES.

377 2311 34 43 A
441 2327 85 30 au
540 2319 130 47 named
690 2319 107 37 John
813 2319 161 45 Taylor,
992 2316 87 35 who
1095 2317 132 34 resides
1247 2316 35 34 in
1306 2314 94 38 Rose
1419 2313 70 35 and
1509 2314 126 46 crown-

328 2372 130 41 court*
487 2366 234 44 Moorfields,
750 2365 193 46 appeared
976 2365 132 34 before
1134 2365 63 35 the
1224 2361 120 37 Chief
1363 2362 234 44 Magistrate,
1628 2365 38 30 at
1694 2361 1 52 '

332 2409 213 47 Guildhall,
557 2424 47 25 on
622 2417 64 32 the
702 2415 211 45 complaint
930 2413 45 34 of
983 2424 27 24 a
1028 2422 93 35 poor
1137 2411 151 40 widow,
1310 2409 85 34 who
1409 2409 129 44 lodged
1558 2408 34 34 in
1612 2408 54 34 his

333 2459 113 38 house
459 2460 61 37 for
552 2471 26 26 a
600 2460 259 37 considerable
874 2461 92 35 time
985 2465 98 41 past,
1098 2459 130 35 whose
1237 2458 113 46 goods
1370 2457 45 34 he
1431 2456 168 35 detained
1611 2456 56 34 for

335 2507 79 41 15s.
441 2515 97 37 rent,
568 2509 115 35 while
702 2509 45 34 he
767 2507 149 37 insisted
931 2519 47 25 on
996 2507 145 45 turning
1153 2507 65 33 her
1234 2512 67 28 out
1317 2505 44 35 of
1378 2505 125 34 doors.

381 2557 84 35 The
478 2557 281 46 circumstances
777 2558 46 34 of
843 2557 64 35 the
940 2567 97 35 poor
1054 2554 175 35 woman's
1243 2558 85 30 case
1346 2563 102 27 were
1461 2549 204 50 peculiarly

335 2602 109 38 hard.
497 2603 77 37 She
605 2606 77 34 *as
713 2614 25 25 a
768 2604 138 37 widow
927 2604 93 34 with
1041 2603 71 35 five
1136 2602 103 35 small
1260 2601 168 34 children
1443 2611 8 22 :
1480 2594 69 40 one
1569 2600 98 34 child

337 2653 71 35 had
429 2653 163 44 recently
626 2650 102 43 died,
759 2652 72 35 and
863 2652 64 34 st►e
956 2652 72 33 had
1046 2661 25 25 a
1098 2650 77 33 sick
1205 2648 122 35 infant
1337 2653 40 31 at
1397 2648 65 34 her
1479 2649 136 40 breast,
1632 2646 40 35 of

337 2695 125 52 which
480 2700 67 37 she
562 2700 191 46 appeared
774 2705 40 31 to
831 2700 93 34 have
947 2709 87 34 very
1054 2695 113 48 lately
1193 2696 80 34 lain
1292 2696 48 33 in.
1395 2695 110 34 After
1519 2696 131 33 collect-

338 2750 63 45 ing
412 2748 65 35 the
495 2748 72 34 few
581 2748 78 35 last
686 2748 168 43 shillings
880 2748 63 33 she
970 2746 111 35 could
1098 2747 92 34 raise
1209 2752 39 26 to
1278 2756 74 33 pay
1370 2744 61 35 the
1450 2733 222 45 undertaker

337 2797 65 35 the
428 2796 145 38 funeral
591 2796 157 44 charges
774 2796 73 34 and
880 2794 125 37 burial
1033 2793 148 37 feetdif.
1196 2793 67 35 her
1279 2792 90 34 dead
1385 2790 118 43 child,
1517 2790 65 34 she
1599 2800 73 24 was

338 2845 77 34 still
435 2844 105 37 short
554 2843 47 37 of
613 2843 131 37 35.44.
764 2843 63 34 for
846 2843 124 35 which
1002 2843 66 33 her
1102 2842 154 35 humane
1281 2837 314 47 laudlosdpassed
1613 2838 54 33 his

343 2893 109 37 word
481 2898 41 31 to
548 2893 67 38 the
634 2891 242 37 undertaker.
909 2885 5 47 .
930 2890 78 35 For
1025 2890 73 35 this
1113 2900 91 31 sum,
1222 2888 171 45 together
1411 2887 92 34 with
1522 2885 74 35 101.
1616 2885 72 33 for'

340 2941 110 37 three
468 2941 129 37 weeks
609 2944 94 39 rent,
724 2940 48 34 he
789 2939 77 37 laid
882 2950 52 33 an
943 2939 181 45 embargo
1141 2949 45 22 on
1212 2936 73 34 tl►e.
1303 2934 370 46 reinaining•chattels

337 2987 45 38 of
394 2989 66 35 the
487 2988 189 41 wretched
694 2988 157 43 widow,
868 2994 38 28 at
925 2987 64 35 the
1015 2991 157 32 moment
1192 2985 51 34 be.
1263 2982 144 47 gjected
1423 2982 67 35 her
1505 2992 40 26 as
1556 2992 48 25 an
1620 2980 34 35 in-

334 3035 148 40 toTVent
495 3043 139 31 tenant.

389 3097 84 37 The
488 3094 98 39 Lord
598 3096 142 46 Mayor
746 3094 200 48 humanely
961 3093 224 48 interposed,
1196 3090 74 40 and
1281 3092 9 35 i
1297 3097 100 32 'Area
1403 3091 60 38 ted
1475 3091 61 38 the
1548 3090 125 38 fellow

340 3149 41 38 to
399 3146 98 33 have
511 3154 102 38 some
624 3145 275 46 consideratifsn
917 3143 59 37 for
994 3145 64 33 the
1074 3154 94 38 ponr
1189 3141 176 35 woman's
1382 3141 295 38 circumstances,

339 3193 73 39 and
422 3191 143 39 offeied
578 3202 37 26 to
630 3194 85 45 give
725 3194 77 44 him
817 3191 161 47 half-a-G
981 3193 109 43 uinea
1102 3189 92 38 from
1209 3190 56 35 his
1279 3195 83 30 own
1380 3190 137 44 poctet
1530 3190 38 34 in
1579 3198 74 24 com-

341 3243 196 45 pensation
552 3241 64 37 for
633 3241 56 35 his
706 3241 129 37 claim.
878 3234 422 57 ButTaylor,,cqual,l4
1318 3237 91 37 hard
1427 3235 45 35 of
1486 3235 106 35 heart
1607 3235 70 34 and

341 3291 170 45 hearing,
534 3301 74 22 was
621 3289 90 34 deaf
728 3296 40 27 to
785 3299 112 35 every
919 3283 109 52 thing
1054 3280 104 43 short
1185 3285 44 37 of
1258 3285 145 40 his.rntl
1421 3282 170 45 demand,
1607 3283 69 33 and

343 3339 96 37 with
464 3343 58 31 'an
548 3341 83 32 iron
663 3339 250 37 countenance
931 3334 144 43 refused
1106 3335 51 33 all
1173 3333 263 46 compromise.
1483 3331 83 37 The
1583 3330 93 41 L.prd

343 3385 64 37 Ma
415 3391 84 39 yot,
517 3385 187 46 indignant
720 3381 39 39 at
780 3387 85 33 such
886 3381 190 47 othluraey
1091 3384 37 34 in
1157 3379 63 38 the
1250 3381 104 34 heart
1372 3378 255 48 ()fatty:Being
1642 3378 37 34 in

343 3435 65 34 the
425 3435 118 46 shape
557 3433 43 35 of
612 3444 46 25 an
684 3433 256 45 Englishman,
954 3441 93 37 gave
1061 3432 74 33 hint
1152 3430 64 35 the
1233 3431 146 41 money,
1398 3429 66 39 but
1482 3424 184 37 descended
1667 3424 21 37 .

341 3482 98 35 from
459 3485 64 33 the
544 3483 117 35 Übair
676 3483 45 34 of
739 3482 161 43 Justice,
921 3487 37 28 to
981 3480 198 34 vociferate
1199 3480 37 32 in
1254 3477 54 34 his
1319 3487 66 25 ear
1402 3476 81 35 that
1501 3475 45 43 he
1567 3480 73 30 Was
1657 3485 22 22 a

341 3531 272 37 bard-hearted
632 3530 145 38 fellow,
794 3529 242 45 undeserving
1054 3527 44 37 of
1121 3528 63 35 the
1208 3524 175 37 comforts
1398 3523 46 35 of
1462 3534 25 24 a
1500 3523 126 44 hsone,
1636 3531 45 25 or

345 3591 24 25 a
379 3581 109 45 place
507 3580 35 35 ih
557 3578 223 35 humanized
798 3578 158 45 society.
991 3582 17 21 ••
1596 3578 5 48 .

392 3630 59 33 On
470 3627 64 35 the
557 3627 71 37 22d
652 3627 66 34 ult.
742 3626 77 35 Mr.
842 3622 291 39 Read,received
1160 3633 24 24 a
1196 3622 130 40 letter.
1336 3617 345 47 from.Edinbargh,

341 3677 138 45 stating
495 3676 83 35 that
605 3687 25 22 a
661 3680 94 30 molt
784 3669 208 52 desperate'
1000 3672 151 43 robber,
1176 3663 130 44 orthe

1319 3678 124 34 .name
1468 3666 43 37 of

1524 3667 22 45 .
1546 3667 137 45 George

344 3725 163 44 Ainslie,
535 3724 71 35 had
624 3723 107 35 made
761 3723 58 35 his
834 3732 132 37 escape
989 3717 99 38 hula
1101 3716 41 53 ,th
1146 3726 40 28 at
1200 3720 97 44 city,
1320 3717 57 43 and
1377 3717 19 43 .
1413 3726 73 34 svas
1501 3710 180 52 supposed

340 3781 41 28 to
402 3774 97 34 have
511 3771 151 37 arrived
697 3771 37 34 in
769 3768 163 38 London.
986 3765 85 40 The
1087 3763 110 39 letter
1218 3767 145 43 further
1380 3763 244 47 stated,.that
1639 3762 45 34 be

343 3822 76 43 bad
443 3831 25 25 a
496 3820 157 37 brother
686 3820 35 34 in
759 3819 164 40 Loudon,
943 3810 5 54 •
969 3813 86 39 Win)
1083 3821 76 30 was
1183 3824 20 25 a
1234 3813 289 40 brass-founder,
1551 3813 65 33 bat
1648 3810 37 34 in

343 3870 105 35 what
485 3875 87 41 part
601 3868 44 35 of
671 3868 154 35 London
856 3867 44 35 he
920 3865 141 35 resided
1091 3872 72 27 was
1191 3867 63 32 not
1289 3863 136 33 known
1440 3873 12 31 ;
1479 3870 90 34 very
1587 3859 98 33 little

341 3930 105 26 more
461 3915 241 39 inforination
718 3924 78 27 Was
809 3915 110 46 given
934 3914 158 40 of.binii
1111 3917 141 41 except
1279 3922 22 21 a
1319 3909 67 35 full
1447 3906 183 48 scription
1645 3904 44 37 of

340 3969 60 37 hiS
420 3977 148 37 person.

394 4016 73 37 Mr.
488 4015 106 35 Read
612 4011 296 38 communicated
931 4009 80 38 this.
1025 4007 236 35 information
1280 3997 47 44 to'
1368 3997 135 50 dmon,
1528 4002 102 45 who,
1648 4002 37 33 in

340 4064 66 35 the
425 4074 131 26 course
569 4059 139 39 afoot.
728 4062 110 45 days,
853 4059 131 35 traced
997 4063 69 30 out
1076 4056 63 35 the
1152 4056 152 45 brotheF
1304 4056 22 45 t
1333 4054 70 47 aud
1420 4045 263 54 apprehended

343 4111 150 46 George
511 4111 103 34 Ainsl
625 4111 48 41 it,
699 4108 184 44 although
914 4109 43 33 he
973 4106 168 39 assumed
1159 4104 63 34 the
1243 4113 106 26 name
1363 4094 47 43 of
1433 4095 149 63 Georica
1609 4094 81 39 An-.

340 4162 132 35 derson
489 4161 102 34 since
605 4157 56 37 his
674 4159 144 35 arrival
843 4157 35 34 in
900 4155 165 41 London,
1090 4154 70 35 and
1178 4162 77 24 was
1270 4152 174 45 working
1460 4154 39 31 at
1513 4147 59 38 his
1581 4144 107 39 trade

343 4209 46 37 of
400 4219 24 26 a
443 4207 224 46 bleekstatth
667 4207 21 46 t
706 4206 70 38 for
793 4206 149 37 Messrs.
959 4204 130 37 Moser
1106 4201 66 35 and
1189 4202 67 44 Co.

500 4280 4 9 !

291 86 161 58 JAN.
489 86 57 53 S.
