3295 4417
231 180 163 52 JAN.
431 178 54 52 S.

239 324 159 50 subject
428 321 52 52 by
513 321 71 39 the
615 321 154 52 apostle
801 322 112 48 Paul,
947 322 39 39 in
1025 324 61 40 his
1122 324 86 40 first
1237 325 149 52 Epistle
1416 332 45 34 to
1494 327 66 39 the

242 376 162 39 Church
438 378 43 35 at
803 378 67 50 My
1115 378 131 39 writes
1276 380 79 37 this
1383 380 180 58 Apostle,

295 429 80 38 and
394 441 65 39 my
481 428 235 52 preaching,
738 441 80 28 was
837 433 70 33 not
928 430 90 37 with
1036 430 178 52 enticing
1232 432 191 38 words-ot
1442 433 131 38 man's'

242 481 195 45 wisdom;
459 480 72 39 but
547 480 41 39 in
604 480 314 40 demonstration
938 482 48 39 of
999 482 71 39 the
1088 482 129 52 spirit,
1234 483 77 39 and
1331 484 40 37 in

242 527 138 46 Valle
400 531 31 40 it
450 539 109 33 must
578 534 51 38 be
645 547 20 25 a
683 534 152 39 !flatted
857 535 87 38 that
974 535 76 39 Mr.
1077 535 224 51 Hodgson's
1320 534 197 54 lrAgtrage
1539 539 30 37 is

243 586 145 54 hig!iiy
410 591 174 39 correct,
617 586 78 39 slit
724 599 79 26 one
828 592 104 34 must
952 593 133 45 regret
1113 592 43 34 to
1174 587 83 41 find
1290 587 60 40 his
1368 595 202 32 sentences

244 640 117 38 often
377 638 224 52 studiou,4
619 640 204 39 conceited
843 639 73 39 and
933 639 234 53 pompously
1191 641 262 38 ornamental.
1513 641 57 38 He

246 692 143 40 affects
407 704 78 33 me,
508 692 156 46 inJeed,
700 704 43 26 as
774 690 35 40 if
831 692 48 39 he
899 704 98 27 even
1018 694 211 37 concerted
1250 693 70 39 the
1333 693 176 52 delivery
1531 694 39 37 of

244 745 67 39 his
344 757 162 28 sermon
539 743 139 41 before
707 745 50 37 he
790 746 193 50 preached
1017 745 43 37 it.
1119 746 130 38 There
1281 745 31 38 is
1349 743 120 53 really
1501 751 70 33 too

248 798 128 39 much
394 798 99 39 both
514 797 51 39 of
589 796 69 40 the
689 796 109 53 lamp
817 797 74 39 and
921 798 67 39 the
1015 797 156 40 theatre
1191 798 125 38 about
1350 798 94 38 him.
1504 800 67 38 La

247 852 89 39 hits
352 852 53 39 be
425 863 113 26 more
556 849 176 46 natural,
754 849 78 39 and
852 852 48 38 he
921 849 73 39 will
1015 850 52 39 be
1088 862 109 27 more
1215 848 198 47 effectual.

306 905 81 38 Mr.
410 904 200 52 liodgson
630 915 89 39 very
741 901 224 54 frequently
987 902 224 52 apologises
1233 901 61 40 for
1313 901 66 39 the
1398 901 176 40 freedom

247 956 57 39 be
333 956 31 39 is
389 956 184 52 required
599 960 43 34 to
665 969 66 26 use
762 956 40 39 in
830 957 60 38 his
917 956 202 38 addresses
1135 956 103 39 from
1260 953 69 40 the
1359 953 144 53 pulpit.

252 1013 110 34 must
390 1009 51 39 be
469 1007 215 52 permitted
705 1012 41 34 to
767 1013 112 33 enter
899 1020 65 39 my
985 1007 152 39 serious
1157 1011 154 48 protest
1329 1009 155 51 against
1502 1007 74 37 this

249 1059 315 46 conde:icension
583 1072 53 27 on
660 1059 59 40 his
736 1065 107 46 part,
865 1059 187 39 however
1071 1061 33 38 it
1123 1072 87 39 may
1232 1059 145 39 consist
1397 1058 93 39 with
1512 1058 65 39 the

249 1113 165 41 clerical
448 1113 197 40 decorum
679 1114 198 51 expected
914 1111 39 40 in
989 1111 71 40 the
1095 1111 165 52 vicinity
1294 1110 46 39 of
1372 1111 180 39 Hanover-

249 1179 176 40 square;
455 1165 151 48 where,
640 1165 184 54 perhaps,
860 1165 71 40 the
961 1163 194 53 preacher
1187 1165 32 39 is
1248 1161 235 56 principally
1517 1176 40 26 ac-

252 1219 197 52 ceptable

442 1291 30 19 46
493 1289 103 38 Who
613 1300 106 25 never
735 1291 180 35 mentions
933 1290 89 37 Hell
1039 1293 40 31 to
1094 1299 79 25 ears

309 1364 85 39 Can
415 1363 31 39 it
462 1363 69 47 be,
569 1377 44 26 as
634 1362 257 41 observation
922 1359 163 41 inclines
1111 1365 45 34 to
1185 1364 169 47 suspect,
1385 1358 91 40 that
1504 1361 77 38 Mr.

256 1417 125 52 Rota
394 1429 60 26 !on
469 1416 161 52 betrays
643 1415 267 52 unbecoming
921 1411 321 43 submissiveness
1260 1419 44 33 to
1322 1411 113 39 those
1454 1411 126 39 whom

257 1469 54 40 he
330 1468 295 52 contemplates
651 1482 41 25 as
719 1469 60 39 his
803 1467 198 52 superiors
1020 1467 39 37 in
1080 1466 145 51 society
1244 1481 12 28 ;
1286 1465 89 39 that
1402 1463 58 39 his
1481 1463 80 40 busi-

253 1534 96 27 ness
379 1524 28 37 is
435 1520 164 53 bowing
631 1527 44 34 to
693 1521 200 53 grandeur
907 1520 272 50 ?—Scripture
1208 1515 249 40 admonishes
1486 1517 96 45 him,

259 1579 112 35 most
402 1573 214 54 certainly,
651 1579 71 34 not
750 1578 45 34 to
827 1572 149 52 despise
1003 1571 150 38 human
1173 1569 184 52 dignities
1372 1584 11 30 ;
1413 1569 73 39 but
1515 1581 46 26 no-

259 1626 136 40 where
412 1628 93 38 does
536 1628 32 38 it
599 1628 167 39 instruct
784 1625 81 39 him
887 1630 43 34 to
948 1623 171 52 worship
1137 1620 124 40 them.
1317 1622 96 38 This
1429 1620 130 39 demea-

259 1693 80 27 nor
372 1681 30 38 is
435 1678 144 46 wholly
604 1677 285 52 incompatible
906 1676 93 39 with
1030 1675 71 39 the
1127 1674 154 53 dignity
1299 1672 50 39 of
1374 1672 60 39 his
1452 1672 133 39 sacred

259 1733 136 40 office.
452 1735 35 35 It
504 1731 150 39 carries
676 1731 92 39 with
790 1730 46 47 it,
866 1728 156 46 indeed,
1050 1731 71 34 too
1139 1726 119 40 much
1278 1724 51 40 of
1350 1724 69 40 the
1448 1723 138 54 falling

259 1786 123 38 down
402 1783 139 40 before
563 1783 69 39 the
653 1785 149 51 images
819 1782 47 40 of
879 1780 170 52 worldly
1067 1778 170 53 idolatry
1254 1781 8 34 !
1294 1780 146 43 Rome,
1462 1778 38 39 in
1518 1778 70 39 her

250 1837 231 41 illustrious
500 1837 136 45 times,
666 1835 194 41 furnishes
878 1840 44 33 to
941 1847 41 26 us
1004 1845 51 26 an
1072 1831 188 54 example
1278 1835 74 33 not
1380 1830 206 52 unworthy

261 1891 72 39 the
363 1890 208 39 imitation
602 1889 48 39 of
677 1902 76 26 our
780 1886 156 41 clerical
967 1886 242 39 characters.
1267 1884 81 39 Her
1367 1894 91 26 sons
1488 1894 98 27 even

257 1942 210 41 disdained
498 1942 71 39 the
598 1941 217 40 salutation
844 1939 48 40 of
913 1938 176 51 bending
1119 1941 44 34 to
1192 1936 99 39 each
1324 1933 144 46 other;
1495 1946 70 27 con-

261 1995 163 52 ceiving
444 1996 31 37 it
489 1995 204 52 improper
709 1998 44 34 to
772 1993 124 52 adopt
909 1991 90 39 that
1016 1989 107 40 form
1139 1987 51 41 of
1201 1987 207 40 deference
1419 1987 170 39 towards

262 2061 112 35 men,
411 2048 133 39 which
582 2047 96 52 they
716 2059 106 27 were
855 2042 259 43 accustomed
1144 2046 45 35 to
1225 2040 142 41 render
1406 2043 45 35 to
1485 2039 104 40 their

263 2101 221 40 divinities.

256 2141 2 63 .
321 2156 73 41 Let
416 2154 78 37 Mr.
513 2151 208 53 Hodgson,
741 2148 189 40 however
947 2147 48 40 he
1015 2159 93 39 may
1126 2145 161 53 happen
1302 2148 44 34 to
1358 2141 116 41 differ
1485 2143 104 40 from

265 2219 71 27 me
364 2207 41 39 in
420 2217 116 31 some
555 2202 254 57 particulars,
828 2200 135 40 attend
992 2205 45 35 to
1056 2198 70 40 the
1140 2194 187 45 laudable
1343 2196 246 58 suggestions

265 2258 56 40 of
330 2259 227 39 .ambition.
617 2255 104 40 Shall
757 2268 25 25 a
814 2254 164 52 nephew
1006 2251 52 40 of
1080 2250 69 40 the
1179 2254 162 50 present
1370 2248 146 52 Bishop
1548 2246 46 39 of

266 2311 190 44 London,
491 2309 189 51 treading
715 2306 215 41 otherwise
963 2306 40 39 in
1041 2303 73 40 the
1147 2307 107 48 step,
1289 2298 51 41 of
1375 2298 59 40 his
1469 2298 117 53 really

263 2362 184 40 eminent
468 2360 188 47 relative,
676 2365 65 33 act
770 2359 40 39 in
830 2370 77 39 any
924 2357 148 59 degree
1090 2350 299 53 inconsistently
1409 2352 94 39 with
1524 2352 65 39 the

267 2414 103 52 high
391 2414 193 40 vocation
617 2418 99 34 unto
733 2409 131 41 which
902 2409 52 39 he
989 2421 32 26 is
1055 2405 126 41 called
1198 2407 110 35 ?—ls
1333 2404 33 39 it
1400 2404 65 39 for
1493 2402 96 46 him,

270 2464 327 53 ecclesiastically
614 2463 181 40 elevated
811 2476 43 26 as
870 2461 52 40 he
935 2459 163 52 already
1123 2458 47 45 is,
1186 2456 79 40 and
1283 2453 306 54 who,hurnanly

265 2518 214 53 speaking,
498 2517 72 38 has
604 2529 54 26 no
689 2528 130 39 peers,
854 2516 32 35 Is
909 2515 33 37 it
960 2512 65 40 for
1043 2512 86 38 him
1142 2520 100 28 even
1261 2512 44 34 to
1323 2519 106 27 seem
1446 2512 46 34 to
1506 2519 64 27 suc-

267 2572 126 39 cumb
413 2575 43 34 to
475 2569 222 50 sublunary
716 2567 273 43 distinctions;
1018 2562 80 41 and
1131 2564 202 53 prostrate
1364 2558 171 47 himself,
1553 2571 41 27 as

267 2624 37 40 it
324 2635 118 38 were,
459 2627 46 34 to
526 2621 118 40 those
677 2620 163 51 fleeting
875 2619 139 43 forms,
1037 2614 129 41 which
1196 2616 122 38 exact
1342 2611 69 40 the
1428 2611 165 53 profane

269 2675 183 52 homage
464 2673 51 40 of
539 2665 69 47 the
624 2673 92 38 mob
733 2672 52 39 of
808 2669 191 40 mankind
1015 2673 12 33 ?

327 2735 31 19 46
386 2733 100 35 TRH
506 2739 221 35 GREATEST
746 2735 287 26 PREFERMENT
1057 2733 149 28 TINDER
1469 2715 125 40 writes

269 2781 74 39 the
359 2778 252 43 memorable
643 2778 159 50 George
819 2771 221 50 Whitfield,
1059 2773 40 39 in
1130 2773 98 39 one
1228 2770 48 39 of
1299 2769 60 40 his
1376 2769 156 39 Letters
1554 2772 41 35 to

276 2835 76 38 the
381 2833 81 39 late
483 2833 109 39 Rev.
628 2828 208 45 Cornelius
866 2828 169 44 Winter,
1062 2823 120 44 dated
1200 2823 38 39 in
1260 2820 180 52 London,
1461 2833 52 26 on
1533 2819 63 40 the

272 2887 103 39 29th
411 2884 48 41 of
482 2885 201 50 January,
718 2885 117 41 1767,
863 2885 27 20 44
913 2894 34 25 Is
979 2891 54 27 TO
1065 2893 61 25 BE
1159 2890 54 27 AN
1235 2888 123 32 ABLE,
1380 2887 216 30 FAITHFUL,

272 2952 263 32 SUCCESSFUL,
576 2949 233 28 SUFFERING
842 2934 215 37 MINISTBR
1095 2944 48 26 OR
1178 2941 85 26 THE
1306 2927 103 38 NEW
1444 2927 126 39 TESTA-

274 3007 123 25 MENT
639 2991 76 38 Mr.
755 2985 197 53 Hodgson
984 2983 158 52 dispute
1174 2981 80 39 this
1270 2983 14 34 ?
1316 2981 18 37 I
1362 2978 118 39 think
1513 2981 81 34 not.

275 3043 324 52 Remembering
635 3041 133 39 whose
823 3041 178 37 servants
1041 3035 97 52 they
1174 3046 91 32 are,
1302 3030 76 40 and
1411 3030 91 39 that
1534 3030 66 43 the

274 3096 208 41 humblest
515 3094 195 40 situation
746 3093 40 39 in
821 3091 70 40 the
925 3093 215 46 sanctuary
1172 3086 33 40 is
1254 3083 194 52 infinitely
1487 3094 112 26 more

273 3149 165 41 exalted
458 3149 98 40 than
576 3146 71 39 the
661 3150 104 35 most
783 3142 183 44 elevated
978 3141 151 40 station
1147 3138 48 40 of
1217 3137 150 40 human
1385 3139 215 47 greatness,

275 3203 113 39 —let
407 3203 67 39 the
502 3201 201 40 Ministers
739 3198 50 40 of
813 3195 203 53 Religion,
1037 3190 163 52 awfully
1222 3189 209 40 conscious
1462 3185 48 40 of
1535 3185 66 40 the

278 3255 261 54 importance
579 3252 51 40 of
673 3252 106 39 their
811 3247 274 44 commission,
1122 3241 216 53 imifor:r.:y
1375 3243 123 35 assert
1535 3237 66 40 the

276 3308 159 52 dignity
469 3306 99 40 with
594 3304 129 40 which
759 3304 98 51 they
891 3314 70 26 are
984 3295 285 53 e-verlastingly
1298 3291 172 43 invested
1495 3294 8 34 !
1535 3292 66 38 Let

280 3361 116 40 them
423 3359 90 40 talk
552 3358 89 47 less,
669 3357 74 39 but
772 3354 80 40 feel
887 3365 125 34 more,
1042 3350 51 40 of
1114 3350 104 39 their
1237 3345 130 53 truely
1389 3344 214 39 illustrious

275 3412 263 41 destination.
598 3413 37 37 It
654 3410 30 39 is
702 3413 74 37 not
793 3407 72 40 for.
875 3406 109 40 them
999 3411 45 34 to
1059 3402 183 45 beseech,
1260 3400 39 38 in
1315 3398 70 40 the
1402 3396 202 51 discharge

276 3467 54 39 of
344 3467 105 39 their
464 3463 139 40 divine
618 3462 142 46 duties,
776 3461 70 39 the
865 3459 183 52 patience
1062 3455 80 41 and
1152 3454 260 40 forbearance
1431 3446 50 41 of
1494 3446 110 39 those

278 3526 48 41 to
363 3519 136 41 whom
544 3516 99 52 they
680 3528 69 28 are
782 3519 85 34 seat
883 3528 13 28 ;
943 3523 46 26 or
1022 3515 46 34 to
1101 3504 219 56 apologise,
1356 3498 246 52 fashionably

280 3570 231 53 apologise,
547 3569 69 39 for
657 3566 182 52 honestly
870 3563 208 50 declaring
1119 3566 44 33 to
1198 3557 112 39 them
1385 3554 66 39 the
1479 3544 125 46 whole

278 3624 169 41 counsel
464 3624 50 41 of
539 3620 92 41 God
715 3624 115 48 Very.
849 3617 185 40 different
1063 3627 33 26 is
1114 3613 69 39 the
1201 3604 145 45 errand
1365 3605 48 41 of
1426 3605 107 53 him,
1554 3604 47 53 by

280 3678 139 39 whom

720 3724 261 39 Tizc.violated
1002 3725 91 34 Law
1110 3720 132 46 speaks
1269 3719 64 32 out

539 3778 56 34 Its
617 3777 171 38 thuuders

287 3833 193 44 Certified
520 3833 52 39 of
612 3831 60 39 his
712 3826 249 47 credentials,
1000 3821 92 41 well
1139 3816 294 52 remembering
1478 3808 130 44 whose

281 3888 213 51 authority
514 3887 51 38 he
604 3882 163 40 beareth
788 3880 77 40 and
883 3886 44 33 to
947 3876 133 40 wlioui
1098 3874 113 41 alone
1232 3872 51 39 he
1302 3870 131 39 stands
1453 3876 133 43 respon-

283 3941 117 46 sible,
420 3941 51 40 he
491 3938 81 41 will
593 3943 87 39 not,
694 3947 102 28 even
813 3933 113 39 when

722 4005 45 33 In
785 4002 130 34 strains
932 4010 39 24 as
986 4000 118 33 sweet

528 4055 51 35 As
599 4054 135 45 Angell
752 4061 76 32 nse,
848 4051 61 32 the
926 4044 139 47 Ciospel
1082 4042 174 45 whispers

283 4116 57 41 he
358 4115 78 41 will
458 4120 87 41 not,
568 4126 102 27 even
686 4110 117 46 then,
831 4106 168 43 descend
1020 4109 44 33 to
1083 4101 69 39 the
1181 4097 191 41 littleness
1398 4093 50 41 of
1469 4089 124 56 suppli-

282 4170 164 45 cation.,
471 4169 97 38 This
643 4162 196 54 legate,oc
854 4161 69 39 the
1094 4157 109 37 must
1230 4152 130 39 better
1378 4148 118 47 know
1520 4142 93 44 both

281 4224 77 40 the
379 4222 150 53 import
550 4219 79 40 and
650 4214 246 52 infallibility
918 4211 47 40 of
979 4209 61 40 his
1063 4204 270 44 commission.

343 4276 15 40 I
381 4276 104 40 have
506 4280 45 34 to
570 4270 132 44 uotic;
723 4269 80 41 Mr.
824 4265 224 53 tlodgson's
1071 4270 177 34 manner,
1271 4264 44 31 or
1333 4252 148 50 action,
1498 4250 38 40 in
1551 4239 64 50 the

1628 313 129 51 pulpit
1770 328 9 25 ;
1809 313 72 37 and
1905 315 13 33 I
1939 312 102 38 s:tail
2060 322 86 40 pas::
2163 322 111 26 some
2290 309 163 52 general
2472 307 210 38 strictures
2700 314 53 27 on
2772 304 70 35 the
2863 304 66 34 ten-

2207 356 11 13 .

1626 366 123 48 dency
1770 365 46 38 of
1831 365 63 38 his
1907 363 226 52 preaching.

1680 416 159 46 Action,
1871 416 83 39 like
1987 420 182 46 oratory,
2206 413 28 39 is
2270 415 81 38 best
2374 411 112 40 when
2507 410 31 38 it
2558 409 31 38 is
2622 407 100 39 least
2750 400 201 43 artificial.

1635 471 74 35 Mr.
1734 470 220 51 Hodgson's
1984 475 131 31 action
2143 480 125 26 seems
2285 471 74 33 too
2383 461 150 41 careful
2563 468 44 31 to
2636 461 50 38 be
2714 457 239 51 sufficiently

1654 521 124 38 usual.
1837 526 32 33 It
1889 522 28 35 is
1938 526 69 33 not
2028 519 224 52 altogether
2274 516 305 50 uninteresting,
2613 511 31 39 it
2678 511 28 38 is
2724 510 229 38 sometimes

1631 573 198 52 emphatic
1845 586 11 31 ;
1886 578 61 45 yet
1972 574 47 37 he
2042 573 67 37 has
2135 573 71 35 the
2228 569 293 38 awkwardness
2546 565 50 40 of
2619 563 141 51 mostly
2784 561 170 51 holding

1633 626 59 38 his
1711 635 263 28 sermon-case
1993 621 92 40 with
2105 622 102 38 both
2235 621 58 39 his
2320 620 141 45 hands,
2487 619 74 37 and
2582 614 244 52 continually
2854 613 74 40 bob-

1635 678 94 51 bing
1752 678 27 37 it
1796 692 48 35 up
1861 677 74 39 and
1958 677 129 45 down,
2109 681 105 33 from
2235 673 61 46 oft
2303 673 77 39 and
2400 684 53 27 on
2473 671 58 38 his
2550 669 181 39 cushion.
2790 669 61 37 1k
2868 665 85 39 also

1633 730 163 38 extends
1817 730 53 37 his
1889 728 89 48 left,
1996 733 71 33 too
2088 728 119 39 much
2231 726 41 38 in
2287 725 228 52 preference
2531 720 47 39 of
2591 722 60 38 his
2674 719 123 52 right,
2830 719 122 38 hand.

1635 783 128 37 When
1783 787 98 33 most
1899 780 216 46 animated,
2146 780 51 38 he
2220 777 85 46 has,
2335 777 133 50 owing
2498 780 41 32 to
2567 772 71 39 the
2655 768 240 44 suddenness
2913 770 50 37 of

1637 835 59 38 his
1713 833 228 39 transitions
1958 833 104 38 from
2082 844 74 25 one
2174 830 80 40 side
2272 829 46 39 of
2344 829 67 38 the
2431 826 129 54 plipit
2576 830 45 33 to
2642 824 66 38 the
2722 826 131 43 other,
2885 821 71 40 the

1636 899 243 39 appearance
1906 885 51 41 of
1988 883 188 52 bustling.
2233 879 366 51 Notwithstanding
2631 876 71 39 the
2731 874 223 44 measured,

1638 940 77 38 and
1735 945 71 32 not
1825 937 243 51 undignified
2094 934 231 51 solemnity,
2344 932 51 40 of
2420 930 61 40 his
2499 928 273 46 enunciation,
2794 927 111 39 there
2928 927 30 37 is

1624 981 1 59 •
1638 992 223 48 something
1883 989 158 40 hurried
2061 987 250 52 throughout
2331 987 59 35 his
2409 981 190 52 delivery.

1698 1043 137 39 Either
1854 1043 58 38 his
1928 1046 182 34 Sermons
2127 1054 70 25 are
2215 1035 224 54 frequently
2460 1041 70 33 too
2546 1033 111 51 long,
2679 1045 45 24 or
2747 1030 51 38 he
2818 1030 32 39 is
2870 1030 67 40 uni-

1643 1095 150 51 formly
1822 1100 70 35 too
1933 1093 98 39 slow
2062 1093 39 39 in
2132 1091 220 53 preaching
2392 1088 125 38 them.
2582 1087 73 38 His
2695 1082 267 41 illustrations

1644 1147 130 53 might
1804 1147 48 38 be
1881 1144 189 40 rendered
2101 1156 113 27 more
2249 1142 200 52 pertinent
2476 1136 78 40 and
2584 1134 242 41 conclusive.
2895 1137 63 40 He

1642 1200 94 39 does
1756 1204 69 34 not
1841 1196 276 52 satisfactorily
2135 1193 161 53 explain
2314 1193 70 38 the
2404 1194 170 48 purport
2590 1186 52 53 of
2668 1188 59 38 his
2745 1188 213 51 positions,

1643 1265 76 26 nor
1736 1251 93 40 does
1844 1252 48 38 he
1911 1247 185 54 properly
2114 1246 107 41 avail
2242 1243 162 43 himself
2418 1244 50 39 of
2480 1243 66 39 the
2564 1239 165 52 divinity
2756 1239 48 52 by
2828 1239 131 43 which

1644 1304 96 52 they
1762 1317 66 26 are
1845 1302 246 40 sanctioned.
2128 1303 144 37 Aware
2293 1311 39 24 as
2352 1297 52 38 he
2424 1290 172 44 mnst'be
2615 1291 50 40 of
2683 1292 67 38 the
2766 1291 194 40 fanatical

1645 1356 239 53 application
1902 1354 51 39 of
1975 1354 185 52 religious
2179 1350 214 50 doctrines,
2427 1351 14 35 I
2479 1358 78 26 was
2589 1342 137 41 rather
2760 1342 198 57 surpris4d

1646 1415 41 33 to
1702 1410 96 38 hear
1817 1410 73 37 Mr.
1915 1406 190 52 Hodgson
2122 1402 216 51 exhorting
2357 1400 69 39 the
2446 1410 99 41 poor
2557 1401 43 34 to
2619 1395 93 47 look
2737 1408 53 40 up
2807 1401 45 34 to
2870 1395 91 43 God

1645 1460 96 53 only
1760 1460 63 39 for
1851 1460 64 39 the
1944 1456 136 53 supply
2100 1455 50 39 of
2177 1454 105 39 their
2314 1456 104 34 most
2448 1454 143 46 urgent
2623 1453 138 40 Wants,
2789 1448 175 40 without

1645 1512 96 52 duly
1762 1511 231 51 cautioning
2011 1509 125 44 them,
2170 1512 45 33 at
2235 1506 66 38 the
2320 1517 109 26 same
2447 1504 109 43 time,
2585 1499 145 53 against
2731 1499 21 53 .
2767 1499 194 54 suWering

1649 1563 230 41 themselves
1902 1569 45 39 to
1968 1573 137 41 repose
2135 1560 38 37 in
2194 1570 51 26 an
2267 1554 267 53 improvident
2550 1553 255 52 dependence
2820 1566 52 26 on
2895 1554 69 53 the

1651 1617 141 40 Divine
1812 1615 241 40 Providence
2072 1629 12 28 ;
2117 1617 44 34 to
2190 1610 128 38 which
2350 1609 93 51 they
2480 1620 43 25 so
2554 1605 111 38 often
2699 1609 70 34 too
2799 1594 163 63 6talfy,

1650 1669 159 60 though
1827 1667 208 52 devoutly,
2069 1662 187 41 abandon
2275 1659 247 40 themselves.
2577 1657 385 51 Hanover-Square,

1651 1721 30 39 it
1711 1720 131 53 might
1871 1720 105 39 have
2007 1719 96 39 been
2138 1711 210 56 supposed,
2378 1724 80 26 was
2476 1711 61 38 far
2554 1709 163 52 enough
2748 1707 109 43 from
2889 1711 72 38 the

1648 1772 302 53 neighborhood
1969 1770 51 40 of
2033 1770 65 39 the
2117 1767 117 40 Bank
2246 1765 48 39 of
2309 1765 130 39 Faith.

1702 1828 79 37 Mr.
1804 1824 189 53 Hodgson
2030 1822 45 45 is,
2111 1819 107 40 after
2236 1817 69 47 all,
2340 1830 51 26 an
2415 1811 194 44 esteemed
2631 1811 190 52 preacher
2836 1830 12 31 ;
2884 1814 78 39 and

1652 1891 118 39 many
1791 1877 48 40 of
1850 1877 69 39 the
1936 1874 150 41 defects
2104 1871 129 39 which
2262 1869 50 39 he
2341 1869 163 48 betrays
2533 1867 131 51 partly
2689 1864 216 53 originate,
2944 1869 15 35 1

1651 1944 65 25 am
1736 1926 233 56 persuaded,
1989 1928 37 39 in
2043 1926 57 39 his
2111 1920 289 43 over-anxious
2412 1918 253 40 endeavours
2680 1920 43 33 to
2741 1917 48 38 be
2804 1918 159 54 greatly

1650 1984 189 41 eminent.
1894 1980 74 41 His
1998 1977 136 54 public
2159 1975 165 39 labours
2352 1985 70 26 arc
2444 1975 71 34 not
2538 1967 93 53 only
2661 1969 233 53 acceptable
2920 1976 45 34 to

1651 2036 61 39 his
1743 2031 276 56 parishioners,
2059 2031 74 38 but
2161 2026 189 40 continue
2383 2030 46 32 to
2457 2026 146 35 attract
2630 2020 71 39 the
2727 2023 241 41 attendance

1651 2088 51 39 of
1713 2092 196 46 strangers
1928 2083 98 39 also.
2081 2082 126 43 Since,
2237 2079 201 41 however,
2464 2075 48 38 he
2531 2073 94 39 does
2654 2078 76 33 not
2760 2072 204 57 regularly

1651 2151 157 41 occupy
1825 2138 59 39 his
1902 2148 90 27 own
2010 2133 142 54 pulpit,
2181 2132 33 38 it
2242 2130 175 39 behoves
2444 2127 80 38 him
2544 2124 193 52 seriously
2756 2130 45 35 to
2828 2128 139 39 attend

1651 2198 46 34 to
1714 2191 71 39 the
1808 2191 175 38 business
2013 2186 51 39 of
2082 2179 275 46 ecclesiastical
2392 2178 259 40 substitutiou
2666 2179 11 33 t
2718 2176 132 43 Those
2874 2181 92 37 who

1652 2256 70 30 are
1755 2246 100 35 most
1883 2239 168 40 entitled
2086 2243 44 34 to
2164 2235 63 39 his
2261 2244 185 41 presence
2476 2229 135 53 ought
2639 2232 72 34 not
2739 2233 44 34 to
2816 2230 51 40 be
2898 2232 72 38 the

1650 2298 178 51 greatest
1854 2293 187 40 sufferers
2067 2290 51 52 by
2151 2287 64 39 his
2241 2285 181 39 absence.
2438 2285 6 7 •
2476 2280 248 43 Whenever,.
2746 2281 231 47 therefore,.

1654 2350 51 38 he
1723 2348 31 38 is
1781 2344 217 56 prevented
2014 2341 106 41 from
2148 2337 223 54 personally
2392 2334 255 50 discharging
2673 2331 172 52 his.frigH
2868 2330 97 47 duty

1654 2413 43 27 as
1714 2411 25 27 a
1756 2396 128 57 parish
1906 2396 144 52 priest,
2078 2388 57 46 let
2160 2392 86 38 him
2276 2385 224 53 sedulously
2531 2383 91 51 dele,,
2622 2383 31 51 ,,
2653 2383 61 51 atz,

1654 2451 84 41 like
1754 2464 26 26 a
1796 2448 170 54 popular
1983 2445 193 54 preacher
2204 2443 37 39 in
2268 2443 58 39 his
2342 2438 126 43 stead.
2525 2438 60 38 He
2610 2434 45 40 do,
2655 2434 14 40 ,
2669 2434 46 40 s-,
2733 2443 69 33 not
2833 2439 92 41 fee!,

1652 2507 125 39 trust,
1808 2502 67 40 the
1907 2498 137 56 paltry
2081 2494 198 41 ambition
2314 2492 48 40 of
2385 2489 156 52 shining
2572 2489 53 52 by
2663 2494 190 34 etnitrahl.
2911 2494 66 37 110

1654 2554 167 53 worldly
1838 2550 307 44 consideration,
2164 2546 157 40 neither
2336 2542 150 54 policy,
2504 2554 76 26 nor
2746 2545 34 40 t,
2807 2554 47 26 or
2872 2541 105 47 eveia

1655 2607 243 53 friendship;
1936 2603 172 51 nothing
2125 2602 115 37 short
2268 2596 47 41 of
2340 2594 291 52 indisposition,
2660 2603 47 27 or
2734 2593 241 56 incapacity,

1656 2657 142 43 should
1830 2657 141 40 induce
2015 2668 76 26 one
2127 2653 178 39 minister
2339 2647 50 40 of
2420 2644 183 52 religion,
2644 2644 133 39 vilere
2812 2646 59 38 his
2919 2647 40 39 in-

1657 2712 211 41 structions
1889 2721 67 28 are
1975 2707 122 52 really
2109 2702 156 43 desired
2291 2702 48 51 by
2365 2699 59 40 his
2454 2696 156 54 people,
2631 2696 113 39 often
2764 2701 43 34 to
2822 2704 156 35 entrust

1659 2769 43 37 to
1721 2763 169 41 another
1915 2761 181 39 minister
2117 2757 72 40 the
2206 2766 97 28 cure
2320 2753 51 39 of
2382 2751 69 39 the
2469 2748 105 40 souls
2593 2750 233 39 committed
2855 2756 45 33 to
2921 2751 58 41 his

1659 2816 133 40 sacred
1822 2816 161 51 charge.
2042 2815 12 38 I
2089 2813 150 35 cannot
2259 2820 86 24 now
2366 2803 165 51 enlarge
2559 2813 50 26 on
2640 2800 79 40 this
2745 2800 72 39 last
2836 2803 112 51 topic
2965 2820 9 30 ;

1661 2871 73 45 but
1767 2870 31 38 it
1826 2868 30 39 is
1883 2865 74 40 full
1976 2864 50 40 of
2050 2865 66 38 the
2144 2862 163 52 deepest
2337 2858 177 43 interest,
2543 2851 47 41 of
2619 2854 71 38 the
2720 2859 104 33 most
2855 2855 124 41 awful

1662 2923 259 47 importance.

1711 2975 187 47 Janutny
1917 2975 43 40 7,
1982 2970 113 37 1809.
2744 2957 235 43 ONESIMCS.

1713 3037 22 33 +
1750 3030 53 39 +4.
1833 3021 198 40 Asticus's
2059 3022 150 39 favour,
2238 3015 105 38 dated
2370 3014 64 34 the
2464 3011 89 38 27th
2585 3011 71 34 ult.
2683 3021 78 24 vsns
2794 3015 189 43 regularly

1665 3073 177 37 received.
1898 3073 72 34 Dr.
1993 3070 48 34 D.
2067 3074 38 27 to
2133 3069 122 33 whom
2275 3064 54 34 his
2353 3060 307 35 communication
2680 3057 125 47 refers,
2833 3061 66 35 has
2924 3070 60 27 not

1665 3125 91 32 been
1780 3118 216 40 unnoticed;
2033 3117 79 39 but,
2143 3126 47 22 on
2218 3116 61 32 the
2310 3115 187 35 contrary,
2537 3107 54 32 his
2607 3105 151 35 clerical
2790 3109 197 37 character

1667 3171 80 34 will
1757 3172 18 32 -
1775 3172 73 32 soon
1864 3168 46 34 be
1928 3164 203 34 estimated.
2189 3164 81 41 Any
2288 3158 144 34 further
2450 3157 94 32 hints
2559 3154 220 45 concerning
2794 3155 76 35 him
2895 3158 91 41 will,

1667 3219 34 33 if
1706 3217 93 44 just,
1821 3219 41 32 he
1881 3211 193 44 faithfully
2091 3204 476 45 considered,—provided,
2593 3202 70 31 and
2735 3202 46 33 be
2802 3204 26 32 it
2845 3206 143 45 always

1913 3261 91 34 such
2029 3257 240 46 information
2296 3263 43 24 or
2366 3252 133 34 advice
2525 3252 45 33 be
2595 3247 209 37 forwarded
2833 3252 34 33 in
2888 3254 100 33 titne.

1671 3313 34 34 It
1731 3315 130 30 cannot
1876 3318 122 31 come,
2026 3306 188 39 however,
2237 3302 120 34 either
2382 3306 63 27 too
2467 3294 209 48 eapficilly,
2702 3302 61 26 too
2784 3302 137 40 amply,
2950 3311 40 24 or

1667 3366 64 28 too
1744 3357 163 48 veedily.
1941 3357 83 32 The
2037 3352 141 45 subject
2194 3350 45 37 of
2254 3352 27 32 it
2293 3352 43 38 is,
2356 3348 38 34 at
2408 3348 71 33 this
2497 3344 272 44 moment,both
2784 3347 211 45 interesting

1667 3407 73 34 and
1752 3402 289 45 Zonsequential.

2056 3491 138 45 THE
2229 3487 369 47 THEATRES.

2248 3560 172 24 -r-

2179 3608 149 27 DRURY
2357 3607 128 26 LANE.

2842 155 22 13 1.

2917 174 30 46 9

1726 3665 60 38 On
1802 3660 207 52 Thursday
2029 3658 116 54 night
2163 3671 26 26 a
2210 3656 180 52 Comedy
2408 3656 37 38 in
2460 3656 80 39 five
2555 3660 99 40 acts,
2668 3653 162 41 entitled
2904 3653 93 39 Man

1672 3720 78 35 and
1772 3717 116 46 IVfe,
1907 3728 48 26 or
1980 3715 111 37 Wore
2109 3712 152 39 Secrets
2282 3713 93 33 than
2542 3720 77 26 was
2639 3709 65 38 fur
2722 3707 66 38 the
2804 3707 84 38 first
2906 3706 94 38 time

1672 3767 112 43 acted
1807 3774 41 32 at
1870 3769 131 48 Drury
2036 3765 120 39 Lane.
2217 3764 37 35 It
2272 3767 81 33 met
2374 3761 92 38 with
2489 3772 24 26 a
2532 3772 111 26 more
2683 3757 240 41 favourable
2944 3770 38 27 re-

1672 3820 157 53 ception
1851 3820 96 39 than
1968 3819 31 38 it
2014 3816 70 40 has
2102 3817 100 38 been
2218 3828 77 26 our
2314 3814 177 39 business
2509 3817 45 34 to
2574 3811 148 40 record.
2743 3810 65 41 for
2825 3810 194 44 months,.

1672 3888 59 26 we
1766 3870 128 40 would
1931 3870 149 39 almost
2109 3881 70 39 say
2215 3880 125 39 years.
2398 3865 203 40 Deafened
2636 3866 48 51 by
2718 3863 69 38 the
2817 3862 109 52 peals
2959 3861 47 39 of

1675 3924 206 57 applause,
1909 3922 78 39 and
2010 3921 66 39 the
2109 3918 189 56 repeated
2331 3917 144 41 shouts
2509 3917 47 39 of
2626 3920 131 37 Bravo
2846 3915 69 38 the
2933 3926 47 26 au-

1676 3981 93 38 thor
1783 3976 89 46 will,
1889 3976 187 53 perhaps,
2094 3973 163 46 wonder
2280 3977 39 33 at
2336 3983 79 27 our
2443 3970 341 43 lake-warmness,
2815 3967 115 39 when
2950 3979 57 25 we

1676 4029 159 54 frankly
1853 4029 157 40 declare
2040 4028 89 39 that
2144 4026 60 38 his
2225 4025 124 51 piece,
2367 4023 154 52 though
2543 4022 210 50 descyving
2772 4020 50 39 of
2837 4032 168 32 success,

1677 4087 122 47 might
1819 4083 102 38 have
1941 4078 200 54 possessed
2161 4090 110 26 more
2290 4075 139 39 claims
2450 4082 40 33 to
2507 4076 69 37 the
2597 4072 240 41 uobouaded
2855 4084 125 39 appro-

1678 4139 139 39 bation
1831 4134 125 39 which
1980 4133 27 39 it
2026 4128 203 43 :i!itained.
2272 4130 60 37 He
2355 4127 76 40 will
2454 4127 196 59 probably
2670 4126 98 39 rank
2793 4139 45 25 us
2858 4135 149 39 among

1681 4192 71 41 the
1783 4187 132 45 critics
1949 4185 133 40 whose
2169 4183 91 44 hem
2297 4181 50 38 he
2383 4180 97 40 does
2511 4183 72 37 not
2777 4191 25 30 v:
2815 4178 53 38 ho

1680 4240 182 43 assumed
1887 4237 242 43 Discontent
2167 4240 47 35 as
2251 4233 100 40 their
2391 4235 162 46 Inot,lo,
2598 4230 78 41 and
2722 4243 85 26 are-
3002 4251 7 5 -

3219 1496 70 229 I

3224 2062 63 24 I=

3211 2445 81 128 I

3213 2595 80 85 U

1880 67 4 7 .
1993 67 5 7 .

231 180 163 52 JAN.
431 178 54 52 S.
1011 154 4 103 .
1100 180 149 52 THE
1281 180 367 58 NATIONAL
1677 154 367 83 itVGISTff
2046 219 97 38 ....._..
2885 159 28 19 ,

2880 165 52 54 Y
2985 165 52 54 9
3090 165 52 54 ,
3167 165 12 17 ~.

560 262 24 4 __
2261 236 12 4 _
2411 235 9 4 _
3137 183 43 58 IC

762 263 14 4 _

241 270 21 9 -
2528 246 26 11 -
2584 246 2 34 .

1277 289 24 2 --•
1341 257 4 39 •
1375 291 9 4 -
1398 257 5 39 -
1452 257 5 39 •
1519 257 4 39 -
1637 291 52 6 ___.
1789 274 144 6 ----
2022 289 28 2 ...
2774 257 107 27 ..........
2882 257 11 27 -
2893 257 44 27 ess:

2470 286 32 6 ....

239 324 159 50 subject
428 321 52 52 by
513 321 71 39 the
615 321 154 52 apostle
801 322 112 48 Paul,
947 322 39 39 in
1025 324 61 40 his
1122 324 86 40 first
1237 325 149 52 Epistle
1416 332 45 34 to
1494 327 66 39 the
1628 313 129 51 Pulpit
1770 328 9 25 :
1809 313 72 37 and
1905 315 13 33 1
1939 312 102 38 snail
2060 322 86 40 pas.;
2163 322 111 26 some
2290 309 163 52 general
2472 307 210 38 strictures
2700 314 53 27 on
2772 304 70 35 the
2863 304 67 34 ten
2933 315 18 8 -

242 376 162 39 Church
438 378 43 35 at
803 378 67 50 My
1115 378 131 39 writes
1276 380 79 37 this
1383 380 180 58 Apostle,
1626 366 123 48 deucy
1770 365 46 38 of
1831 365 63 38 his
1907 363 226 52 preaching.
2207 356 11 13 '

295 429 80 38 and
394 441 65 39 my
481 428 235 52 preaching,
738 441 80 28 was
837 433 70 33 not
928 430 90 37 with
1036 430 178 52 enticing
1232 432 191 38 words.ot
1442 436 123 35 man's
1594 400 4 81 '
1680 416 159 46 Action,
1871 416 83 39 like
1987 420 182 46 oratory,
2206 413 28 39 is
2270 415 81 38 bet
2374 411 112 40 when
2507 410 31 38 it
2558 409 31 38 is
2622 407 100 39 least
2750 400 201 43 artificial.

242 481 168 52 wisdom
424 496 13 30 ;
459 480 72 39 but
547 480 41 39 in
604 480 314 40 demonstration
938 482 48 39 of
999 482 71 39 the
1088 482 129 52 spirit,
1234 483 77 39 and
1331 484 40 37 in
1388 497 83 39 pee
1583 506 8 32 i
1635 471 74 35 Mr.
1734 470 220 51 Hodgson's
1984 475 131 31 action
2143 480 125 26 seems
2285 471 74 33 too
2383 461 150 41 careful
2563 468 44 31 to
2636 461 50 38 be
2714 457 239 51 sufficiently

242 527 138 46 VSTI-.lle
400 531 31 40 it
450 539 109 33 must
578 534 51 38 be
645 547 20 25 a
683 534 152 39 !tnitted
857 535 87 38 that
974 535 76 39 Mr.
1077 535 224 51 Hodgson's
1320 534 197 54 l-sguage
1539 539 30 37 is
1631 521 146 38 ,:isual.
1837 526 32 33 it
1889 522 28 35 is
1938 526 69 33 eot
2028 519 224 52 altogether
2274 516 305 50 iminteresting,
2613 511 31 39 it
2678 511 28 38 is
2724 510 229 38 sometimes

243 586 126 54 hig!ley
370 586 19 54 ,
410 591 174 39 correct,
617 586 78 39 slat
724 599 79 26 one
828 592 104 34 must
952 593 133 45 regret
1113 592 43 34 to
1174 587 83 41 find
1290 587 60 40 his
1368 595 202 32 sentences
1631 573 224 52 emphatic;
1886 578 61 45 yet
1972 574 47 37 he
2042 573 67 37 has
2135 573 71 35 the
2228 569 293 38 awkwardness
2546 565 50 40 of
2619 563 141 51 mostly
2784 561 170 51 holding-
3142 555 40 51 I,'i

244 640 117 38 often
377 638 224 52 studiousiy
619 640 204 39 conceited
843 639 73 39 and
933 639 234 53 pompously
1191 641 262 38 ornamental.
1513 641 57 38 He
1633 626 59 38 his
1711 635 263 28 sermon-case
1993 621 92 40 with
2105 622 102 38 both
2235 621 58 39 his
2320 620 141 45 bands,
2487 619 74 37 and
2582 614 244 52 continually
2854 613 98 40 bob-

3144 639 20 60 i
3164 639 20 60 .

246 692 143 40 affects
407 704 78 33 me,
508 692 156 46 indeed,
700 704 43 26 as
774 690 35 40 if
831 692 48 39 he
899 704 98 27 even
1018 694 211 37 concerted
1250 693 70 39 the
1333 693 176 52 delivery
1531 706 22 25 o
1559 694 11 37 f
1635 678 94 51 hing
1752 678 27 37 it
1796 692 48 35 up
1861 677 74 39 and
1958 677 129 45 dovvu,
2109 681 105 33 from
2235 673 145 46 offend
2400 684 53 27 on
2473 671 58 38 his
2550 669 181 39 cushion.
2790 669 61 37 Ile
2868 665 85 39 also

244 745 67 39 his
344 757 162 28 sermon
539 743 139 41 before
707 745 50 37 he
790 746 193 50 preached
1017 745 43 37 it.
1119 746 130 38 There
1281 745 31 38 is
1349 743 120 53 really
1501 751 70 33 too
1633 730 163 38 extends
1817 730 53 37 his
1889 728 89 48 left,
1996 733 71 33 too
2088 728 119 39 much
2231 726 41 38 in
2287 725 228 52 preference
2531 720 47 39 of
2591 722 60 38 his
2674 719 123 52 right,
2830 719 122 38 hand.

248 798 128 39 much
394 798 99 39 both
514 797 51 39 of
589 796 69 40 the
689 796 109 53 lamp
817 797 74 39 and
921 798 67 39 the
1015 797 156 40 theatre
1191 798 125 38 about
1350 798 94 38 him.
1504 800 67 38 Let
1635 783 128 37 When
1783 787 98 33 most
1899 780 216 46 animated,
2146 780 51 38 he
2220 777 85 46 has,
2335 777 133 50 owing
2498 780 41 32 to
2567 772 71 39 the
2655 768 240 44 suddenness
2913 770 50 37 of

247 852 89 39 him
352 852 53 39 be
425 863 113 26 more
556 849 176 47 natural,
754 849 78 39 and
852 852 48 38 he
921 849 73 39 will
1015 850 52 39 be
1088 862 109 27 more
1215 847 197 41 effectual.
1637 835 59 38 his
1713 833 228 39 traiisitions
1958 833 104 38 from
2082 844 74 25 one
2174 830 80 40 side
2272 829 46 39 of
2344 829 67 38 the
2431 841 26 39 p
2474 826 85 52 iipit
2576 830 45 33 to
2642 824 66 38 the
2722 826 131 43 other,
2885 821 71 40 the
3144 806 21 201 l
3165 806 21 201 i

306 905 81 38 Mr.
410 904 200 52 Hodgson
630 915 89 39 very
741 901 224 54 frequently
987 902 224 52 apologises
1233 901 61 40 for
1313 901 66 39 the
1398 901 176 40 freedom
1636 899 243 39 appearance
1906 885 51 41 of
1988 883 188 52 bustling.
2233 879 48 51 No
2282 879 293 51 twithstaaJiu
2575 879 25 51 g
2631 876 71 39 the
2731 874 223 44 measured,

247 956 57 39 be
333 956 31 39 is
389 956 184 52 required
599 960 43 34 to
665 969 66 26 use
762 956 40 39 in
830 957 60 38 his
917 956 202 38 addresses
1135 956 103 39 from
1260 953 69 40 the
1359 953 144 53 pulpit.
1560 957 11 35 I
1638 940 77 38 and
1735 945 71 32 not
1825 937 66 51 und
1891 937 21 51 i
1912 937 44 51 gn
1956 937 90 51 ifie
2046 937 22 51 d
2094 934 231 51 sotemuity,
2344 932 51 40 of
2420 930 61 40 his
2499 928 273 46 enunciation,
2794 927 111 39 there
2928 927 30 37 is
3056 931 9 12 •
3178 943 9 24 4

252 1013 110 34 must
390 1009 51 39 be
469 1007 215 52 permitted
705 1012 41 34 to
767 1013 112 33 enter
899 1020 65 39 my
985 1007 152 39 serious
1157 1011 154 48 protest
1329 1009 155 51 against
1502 1007 74 37 this
1638 992 223 48 something
1883 989 158 40 hurried
2061 987 74 52 thr
2135 987 50 52 ou
2185 987 25 52 g
2210 987 102 52 hout
2331 987 59 35 his
2409 981 148 52 deliver
2557 981 21 52 y
2578 981 21 52 .

249 1059 315 46 conde:icension
583 1072 53 27 on
660 1059 59 40 his
736 1065 107 46 part,
865 1059 187 39 however
1071 1061 33 38 it
1123 1072 87 39 may
1232 1059 145 39 consist
1397 1058 93 39 with
1512 1058 66 39 the
1698 1043 137 39 Either
1854 1043 58 38 his
1928 1046 182 34 Sermons
2127 1054 70 25 are
2215 1035 224 54 frequently
2460 1041 70 33 too
2546 1033 111 51 long,
2679 1045 45 24 or
2747 1030 51 38 he
2818 1030 32 39 is
2870 1030 89 40 uni-

249 1113 165 41 clerical
448 1113 197 40 decorum
679 1114 198 51 expected
914 1111 39 40 in
989 1111 71 40 the
1095 1111 165 52 vicinity
1294 1110 46 39 of
1372 1111 204 39 Hanover-
1643 1095 150 51 formly
1822 1100 70 35 too
1933 1093 98 39 slow
2062 1093 39 39 in
2132 1091 220 53 preaching
2392 1088 125 38 them.
2582 1087 73 38 His
2695 1082 267 41 illustrations

249 1179 176 40 square;
455 1165 151 48 where,
640 1165 184 54 perhaps,
860 1165 71 40 the
961 1163 194 53 preacher
1187 1165 32 39 is
1248 1161 235 56 principally
1517 1176 61 26 ac-
1644 1147 130 53 might
1804 1147 48 38 be
1881 1144 189 40 rendered
2101 1156 113 27 more
2249 1142 200 52 pertinent
2476 1136 78 40 and
2584 1134 242 41 conclesive.
2895 1137 63 44 He

252 1218 197 54 ceptable
1642 1200 94 39 does
1756 1204 69 34 not
1841 1196 276 52 satisfactorily
2135 1193 161 53 explain
2314 1193 70 38 the
2404 1194 170 48 purport
2593 1186 50 40 of
2668 1188 59 38 his
2745 1188 213 51 positiogs,

1643 1265 76 26 nor
1736 1251 93 40 does
1844 1252 48 38 he
1911 1247 185 54 properly
2114 1246 107 41 avail
2242 1243 162 43 himself
2418 1244 50 39 of
2480 1243 66 39 the
2564 1241 165 50 divinity
2756 1239 48 52 by
2828 1239 131 43 whirls

442 1291 30 19 46
493 1289 103 38 Who
613 1300 106 25 never
735 1291 180 35 mentions
933 1290 89 37 Hell
1039 1293 40 31 to
1094 1299 79 25 ears
1644 1304 96 52 they
1762 1317 66 26 are
1845 1302 246 40 sanctioned.
2128 1303 144 37 Aware
2293 1311 39 24 as
2352 1297 52 38 he
2424 1299 104 34 trust
2546 1293 50 38 be
2615 1291 50 40 of
2683 1292 67 38 the
2766 1291 194 40 fanatical

309 1364 85 39 Can
415 1363 31 39 it
462 1363 69 47 be,
569 1377 44 26 as
634 1362 257 41 observation
922 1359 163 41 inclines
1111 1365 45 34 to
1185 1364 169 47 suspect,
1385 1358 91 40 that
1504 1361 77 38 Mr.
1645 1356 239 53 application
1902 1354 51 39 of
1975 1354 185 52 religious
2179 1350 214 43 doctrines,
2427 1351 14 35 I
2479 1358 78 26 was
2589 1342 137 41 rather
2760 1342 198 57 surpris4d

256 1417 125 52 Rods
394 1429 60 26 !on
469 1416 161 52 betrays
643 1415 267 52 unbecoming
921 1411 321 43 submissiveness
1260 1419 44 33 to
1322 1411 113 39 those
1454 1411 126 39 whom
1646 1415 41 33 to
1702 1410 96 38 hear
1817 1410 73 37 Mr.
1915 1406 190 52 Hodgson
2122 1402 216 51 exhorting
2357 1398 69 40 the
2446 1410 99 41 poor
2557 1401 43 34 to
2619 1395 93 40 look
2737 1408 53 40 up
2807 1401 45 34 to
2870 1395 91 43 God

257 1469 54 40 he
330 1468 295 52 contemplates
651 1482 41 25 as
719 1469 60 39 his
803 1467 198 52 superiors
1020 1467 39 37 in
1080 1466 145 51 society
1244 1481 12 35 ;
1286 1465 89 39 that
1402 1463 58 39 his
1481 1463 100 40 busi-
1645 1460 96 53 only
1760 1460 63 39 for
1851 1460 64 39 the
1944 1456 136 53 supply
2100 1455 50 39 of
2177 1454 105 39 their
2314 1456 104 34 most
2448 1454 143 46 urgent
2623 1453 138 40 wants,
2789 1448 175 40 without

253 1534 96 27 ness
379 1524 28 37 is
435 1520 164 53 bowing
631 1527 44 34 to
693 1521 200 53 grandeur
907 1520 272 50 ?—Scripture
1208 1515 249 40 admonishes
1486 1517 96 45 him,
1645 1512 96 52 duly
1762 1511 231 51 cautioning
2011 1509 125 44 them,
2170 1512 45 33 at
2235 1506 66 38 the
2320 1517 109 26 same
2447 1504 109 43 time,
2585 1499 167 53 against.
2767 1499 194 54 suffering
3154 1429 34 130 iki

259 1579 112 35 most
402 1573 214 54 certainly,
651 1579 71 34 not
750 1578 45 34 to
827 1572 149 52 despise
1003 1571 150 38 human
1173 1569 210 52 dignities;
1413 1569 73 39 but
1515 1581 69 26 no-
1649 1563 230 41 themselves
1902 1569 45 39 to
1968 1573 137 41 repose
2135 1560 38 37 in
2194 1570 51 26 an
2267 1554 267 53 improvident
2550 1553 255 52 dependence
2820 1566 52 26 on
2895 1554 69 53 the

259 1626 136 40 where
412 1628 93 38 does
536 1628 32 38 it
599 1628 167 39 instruct
784 1625 81 39 him
887 1630 43 34 to
948 1623 171 52 worship
1137 1620 124 40 them.
1317 1622 96 38 This
1429 1620 156 39 demea-
1651 1617 141 40 Divine
1812 1615 241 40 Providence
2072 1629 12 28 ;
2117 1617 44 34 to
2190 1610 128 38 which
2350 1609 93 51 they
2480 1620 43 25 so
2554 1605 111 38 often
2699 1609 70 34 too
2799 1594 163 63 6talfy,

259 1693 80 27 nor
372 1681 30 38 is
435 1678 144 46 wholly
604 1677 285 52 incompatible
906 1676 93 39 with
1030 1675 71 39 the
1127 1674 154 53 dignity
1299 1672 50 39 of
1374 1672 60 39 his
1452 1672 133 39 sacred
1650 1669 159 60 though
1827 1667 208 52 devoutly,
2069 1662 187 41 abandon
2275 1659 247 40 themselves.
2577 1657 385 51 Hanover-Square,

259 1733 136 40 office.
452 1735 35 35 It
504 1731 150 39 carries
676 1731 92 39 with
790 1730 46 47 it,
866 1728 156 46 indeed,
1050 1731 71 34 too
1139 1726 119 40 much
1278 1724 51 40 of
1350 1724 69 40 the
1448 1723 138 54 falling
1651 1721 30 39 it
1711 1720 131 53 might
1871 1720 105 39 have
2007 1719 96 39 been
2138 1711 210 56 supposed,
2378 1724 80 26 was
2476 1711 61 38 far
2554 1709 163 52 enceigh
2748 1707 109 43 from
2889 1711 72 38 the

259 1786 123 38 down
402 1783 139 40 before
563 1783 69 39 the
653 1785 149 51 images
819 1782 47 40 of
879 1780 170 52 worldly
1067 1778 170 41 idolatry
1254 1781 8 34 !
1294 1780 146 43 Rome,
1462 1778 38 39 in
1518 1778 70 39 her
1648 1772 302 53 neighborhood
1969 1770 51 40 of
2033 1770 65 39 the
2117 1767 117 40 Bank
2246 1765 48 39 of
2309 1765 130 39 Faith.

250 1837 231 41 illustrious
500 1837 136 45 times,
666 1835 194 41 furnishes
878 1840 44 33 to
941 1847 41 26 us
1004 1845 51 26 an
1072 1820 188 65 example
1278 1835 74 33 not
1380 1830 206 52 unworthy
1702 1828 79 37 Mr.
1804 1824 189 53 Hodgson
2030 1822 45 45 is,
2111 1819 107 40 after
2236 1817 69 47 all,
2340 1830 51 26 an
2415 1811 194 44 esteemed
2631 1811 190 52 preacher
2836 1830 12 31 ;
2884 1814 78 39 and

261 1891 72 39 the
363 1890 208 39 imitation
602 1889 48 39 of
677 1902 76 26 our
780 1886 156 41 clerical
967 1886 242 39 characters.
1267 1884 81 39 Her
1367 1879 91 41 sons
1488 1894 98 27 even
1652 1891 118 39 many
1791 1877 48 40 of
1850 1877 69 39 the
1936 1874 150 41 defects
2104 1871 129 39 which
2262 1869 50 39 he
2341 1869 163 48 betrays
2533 1867 131 51 partly
2689 1864 216 53 originate,
2944 1869 15 35 1

257 1942 210 41 disdained
498 1942 71 39 the
598 1941 217 40 salutation
844 1939 48 40 of
913 1938 176 51 bending
1119 1941 44 34 to
1192 1936 99 39 each
1324 1933 144 46 other;
1495 1946 92 27 con-
1651 1944 65 25 am
1736 1926 233 56 persuaded,
1989 1928 37 39 in
2043 1926 57 39 his
2111 1920 289 43 over-anxious
2412 1918 253 40 endeavours
2680 1920 43 33 to
2741 1917 48 38 be
2804 1918 159 54 greatly

261 1995 163 52 ceiving
444 1996 31 37 it
489 1995 204 52 improper
709 1998 44 34 to
772 1993 124 52 adopt
909 1991 90 39 that
1016 1989 107 40 form
1139 1987 51 41 of
1201 1987 207 40 deference
1419 1987 170 39 towards
1650 1984 189 41 eminent.
1894 1980 74 41 His
1998 1977 136 54 public
2159 1975 165 39 labours
2352 1985 70 26 arc
2444 1975 71 34 not
2538 1967 93 53 only
2661 1969 233 53 acceptable
2920 1976 45 34 to
3158 1969 21 60 I

262 2061 112 35 men,
411 2048 133 39 which
582 2047 96 52 they
716 2059 106 27 were
855 2042 259 43 accustomed
1144 2046 45 35 to
1225 2040 142 41 render
1406 2043 45 35 to
1485 2039 104 40 their
1651 2036 61 39 his
1743 2031 276 56 parishioners,
2059 2031 74 38 but
2161 2026 189 40 continue
2383 2030 46 32 to
2457 2026 146 35 attract
2630 2020 71 39 the
2727 2023 241 41 attendance

263 2101 221 40 divinities.
1651 2088 51 39 of
1713 2092 196 45 strangers
1928 2083 98 39 also.
2081 2082 126 43 Since,
2237 2079 201 41 however,
2464 2075 48 38 he
2531 2073 94 39 does
2654 2078 76 33 not
2760 2072 204 57 regularly
3167 2072 5 70 .

321 2156 73 41 Le!
416 2154 78 37 Mr.
513 2151 208 53 Hodgson,
741 2148 189 40 however
947 2147 48 40 he
1015 2159 93 39 may
1126 2145 161 53 happen
1302 2148 44 34 to
1358 2141 116 41 differ
1485 2143 104 40 from
1651 2151 157 41 occupy
1825 2137 59 40 his
1902 2148 90 27 own
2010 2133 142 54 pulpit,
2181 2132 33 38 it
2242 2130 175 39 behoves
2444 2127 80 38 hiin
2544 2124 193 52 seriously
2756 2130 45 35 to
2828 2128 139 39 attend

265 2219 71 27 me
364 2207 41 39 in
420 2217 116 31 souse
555 2202 254 57 particulars,
828 2200 135 40 attend
992 2205 45 35 to
1056 2198 70 40 the
1140 2194 187 45 laudable
1343 2196 246 58 suggestions
1651 2198 46 34 to
1714 2191 71 39 the
1808 2191 175 38 business
2013 2186 51 39 of
2082 2179 275 46 ecclesiastical
2392 2178 259 40 substitution
2666 2179 11 33 1
2718 2176 132 43 Those
2874 2181 92 37 who
3167 2207 6 13 ,

265 2258 56 40 of
330 2259 227 39 .ambition.
617 2255 104 40 Shall
757 2268 25 25 a
814 2254 164 52 nephew
1006 2251 52 40 of
1080 2250 69 40 the
1179 2254 162 50 present
1370 2246 146 53 Bishop
1548 2248 46 38 of
1652 2256 70 30 are
1755 2246 100 35 most
1883 2239 168 40 entitled
2086 2243 44 34 to
2164 2235 63 39 his
2261 2244 185 41 presence
2476 2229 135 53 ought
2639 2232 72 34 not
2739 2233 44 34 to
2816 2230 51 40 be
2898 2232 72 38 the

266 2311 190 44 London,
491 2309 189 51 treading
715 2307 215 40 otherwise
963 2306 40 39 in
1041 2303 73 40 the
1147 2307 107 48 steps
1289 2298 51 41 of
1375 2298 59 40 his
1469 2298 117 53 really
1620 2280 4 80 '
1650 2298 178 51 greatest
1854 2293 187 40 sufferers
2067 2290 51 52 by
2151 2287 64 39 his
2241 2285 181 39 absence.
2438 2285 6 7 '
2476 2280 248 43 Whenever,.
2746 2281 231 47 therefore,.

263 2362 184 40 eminent
468 2360 188 47 relative,
676 2365 65 33 act
770 2359 40 39 in
830 2370 77 39 any
924 2357 148 59 degree
1090 2350 299 53 inconsistently
1409 2352 94 39 with
1524 2352 65 39 the
1654 2350 51 38 he
1723 2348 31 38 is
1781 2344 217 56 prevented
2014 2341 106 41 from
2148 2337 223 54 personally
2392 2334 255 50 discharging
2673 2331 172 52 his-high
2868 2330 97 47 dtit'v

267 2414 103 52 high
391 2414 193 40 vocation
617 2418 99 34 unto
733 2409 131 41 which
902 2409 52 39 he
989 2421 32 26 is
1055 2405 126 41 called
1198 2407 110 35 ?—ls
1333 2404 33 39 it
1400 2404 65 39 for
1493 2402 96 46 him,
1654 2413 43 27 as
1714 2411 25 27 a
1756 2396 128 57 parish
1907 2396 143 51 priest,
2078 2388 57 46 let
2160 2392 86 38 him
2276 2385 224 53 sedulously
2531 2383 183 52 delegate:
2743 2392 124 33 %owe!
2877 2381 92 53 tiie,..e
2969 2381 12 53 .

270 2464 327 53 ecclesiastically
614 2463 181 40 elevated
811 2476 43 26 as
870 2461 52 40 he
935 2459 163 52 already
1123 2458 47 45 is,
1186 2456 79 40 and
1283 2453 306 54 wholhumanly
1654 2451 84 41 like
1754 2464 26 26 a
1796 2448 170 54 popular
1983 2445 193 54 preacher
2204 2443 37 39 in
2268 2443 58 39 his
2342 2438 126 43 stead.
2525 2438 60 38 He
2610 2437 45 38 do,
2655 2437 14 38 ,
2669 2437 46 38 s-,
2733 2443 69 33 not
2833 2439 92 41 fee!,
2944 2434 30 43 I

265 2518 214 53 speaking,
498 2517 72 38 has
604 2529 54 26 no
689 2528 130 39 peers,
854 2516 32 35 Is
909 2515 33 37 it
960 2512 65 40 for
1043 2512 86 38 him
1142 2520 100 28 even
1261 2512 44 34 to
1323 2519 106 27 seem
1446 2512 46 34 to
1506 2519 84 27 suc-
1652 2507 125 39 trust,
1808 2502 67 40 the
1907 2498 137 56 paltry
2081 2494 198 41 ambition
2314 2492 48 40 of
2385 2489 156 52 shining
2572 2489 53 52 by
2663 2494 190 34 contrast.
2911 2494 81 37 .1%o•

267 2572 126 39 cumb
413 2575 43 34 to
475 2569 222 50 sublunary
716 2567 273 43 distinctions;
1018 2562 80 41 and
1131 2564 202 53 prostrate
1364 2558 171 47 himself,
1553 2571 41 27 as
1654 2554 167 53 worldly
1838 2550 307 44 consideration,
2164 2546 157 40 neither
2336 2542 150 54 policy,
2504 2554 76 26 nor
2598 2543 182 43 itate;tist,
2807 2554 47 26 or
2872 2541 105 47 even

267 2624 37 40 it
324 2635 118 38 were,
459 2627 46 34 to
526 2621 118 40 those
677 2620 163 51 fleeting
875 2619 139 43 forms,
1037 2614 129 41 which
1196 2616 122 38 exact
1342 2611 69 40 the
1428 2611 165 53 profane
1655 2607 243 53 friendship;
1936 2603 172 51 nothing
2125 2602 115 37 short
2268 2596 47 41 of
2340 2594 291 52 indisposition,
2660 2603 47 27 or
2734 2593 241 56 incapacity,
3120 2601 7 6 .

269 2675 183 52 homage
464 2673 51 40 of
539 2665 69 47 the
624 2673 92 38 mob
733 2672 52 39 of
808 2669 191 40 mankind
1015 2673 12 33 ?
1656 2657 142 43 should
1830 2657 141 40 induce
2015 2668 76 26 one
2127 2653 178 39 minister
2339 2647 50 40 of
2420 2644 183 52 religion,
2644 2644 133 39 vilere
2812 2646 59 38 his
2919 2647 59 39 in-
3165 2644 4 83 ,

386 2730 100 39 TEE
506 2739 221 26 GREATEST
746 2735 287 26 PREFERMENT
1057 2733 149 28 TINDER
1222 2718 200 44 HEAVEN,
1469 2715 125 40 writes
1657 2712 211 41 structions
1889 2721 67 28 are
1975 2707 122 52 really
2109 2702 156 43 desired
2291 2702 48 51 by
2365 2699 59 40 his
2454 2696 156 54 people,
2631 2696 113 39 often
2764 2701 43 34 to
2822 2704 156 35 entrust

269 2781 74 39 the
359 2778 252 43 memorable
643 2778 159 50 George
819 2771 221 50 Whitfield,
1059 2773 40 39 is
1130 2770 146 43 one•of
1299 2769 60 40 his
1376 2769 156 39 Letters
1554 2772 41 35 to
1659 2769 43 37 to
1721 2763 169 41 another
1915 2761 181 39 minister
2117 2757 72 40 the
2206 2766 97 28 cure
2320 2753 51 39 of
2382 2751 69 39 the
2469 2748 105 40 souls
2593 2750 233 39 committed
2855 2756 45 33 to
2921 2751 58 41 his
2993 2781 24 7 -

276 2835 76 38 the
381 2833 81 39 late
483 2833 109 39 Rev.
628 2828 208 45 Cornelius
866 2828 169 44 Winter,
1062 2823 120 44 dated
1200 2823 38 39 in
1260 2820 180 52 London,
1461 2833 52 26 on
1533 2819 63 40 the
1659 2816 133 40 sacred
1822 2816 161 51 charge.
2042 2815 12 38 I
2089 2813 150 35 cannot
2259 2820 86 24 now
2366 2803 165 51 enlarge
2559 2813 50 26 on
2640 2800 79 40 this
2745 2800 72 39 last
2836 2803 112 51 topic
2965 2820 9 30 ;

272 2887 103 39 29th
411 2884 48 41 of
482 2885 201 50 January,
718 2885 117 41 1767,
979 2891 54 27 TO
1065 2893 61 25 BE
1159 2890 54 27 AN
1235 2888 123 32 ABLE,
1380 2887 216 30 FAITHFUL,
1661 2871 73 45 but
1767 2870 31 38 it
1826 2868 30 39 is
1883 2865 74 40 full
1976 2864 50 40 of
2050 2865 66 38 the
2144 2862 163 52 deepest
2337 2858 177 43 interest,
2543 2851 47 41 of
2619 2854 71 38 the
2720 2859 104 33 most
2855 2855 124 41 awful

272 2952 263 32 SUCCESSFUL,
576 2949 233 28 SUFFERING
842 2934 215 37 MINISTER
1094 2944 50 26 OW
1178 2941 85 26 THE
1306 2927 103 38 NEW
1444 2927 151 39 TESTA-
1662 2923 259 47 importance.

274 3007 123 25 MINT
639 2991 76 38 Mr.
755 2985 197 53 Hodgson
984 2983 158 52 dispute
1174 2981 80 39 this
1270 2983 14 34 ?
1316 2981 18 37 I
1362 2978 118 39 think
1513 2981 81 34 not.
1711 2975 187 47 January
1917 2975 43 40 7,
1982 2970 113 37 1809.
2744 2957 235 43 ONESIMCS.

275 3043 324 52 Remembering
635 3041 133 39 whose
823 3041 178 37 servants
1041 3035 97 52 they
1174 3046 91 32 are,
1302 3030 76 40 and
1411 3030 91 39 that
1534 3030 66 43 the
1713 3030 91 40 +t+
1833 3021 198 40 Asticus's
2059 3022 150 39 favour,
2238 3015 105 38 dated
2370 3014 64 34 the
2464 3011 89 38 27th
2585 3011 71 34 ult.
2683 3021 78 24 ryas
2794 3015 189 43 regularly

274 3096 208 41 humblest
515 3094 195 40 situation
746 3093 40 39 in
821 3091 70 40 the
925 3093 215 46 sanctuary
1172 3086 33 40 is
1254 3083 194 52 infinitely
1487 3094 112 26 more
1665 3073 177 37 received.
1898 3073 72 34 Dr.
1993 3070 48 34 D.
2067 3074 38 27 to
2133 3069 122 33 whom
2275 3064 54 34 his
2353 3058 111 81 commuiii
2464 3058 13 81 i
2477 3058 27 81 (:
2504 3058 14 81 i
2518 3058 14 81 i
2532 3058 14 81 s
2546 3058 28 81 ti
2575 3058 14 81 (
2589 3058 14 81 o
2603 3058 14 81 l
2617 3058 14 81 i
2631 3058 28 81 er
2661 3069 20 22 i
2682 3057 123 47 refers,

2803 3109 31 32 li

2758 3061 24 84 rs
2781 3061 12 84 :
2793 3061 12 84 h
2805 3061 12 84 a
2817 3061 12 84 r
2829 3061 12 84 l
2841 3061 12 84 t
2852 3061 12 84 .
2864 3061 12 84 s
2876 3061 24 84 ac
2900 3061 12 84 i
2911 3061 12 84 t
2923 3061 12 84 i
2935 3061 13 84 e
2948 3061 13 84 o
2961 3061 13 84 r
2974 3061 13 84 t

273 3149 165 41 exalted
458 3149 106 40 than.
576 3146 71 39 the
661 3150 104 35 most
783 3142 183 44 elevated
978 3141 151 40 station
1147 3138 48 40 of
1217 3137 150 40 human
1385 3139 193 47 greatness
1578 3139 22 47 ,
1665 3125 91 32 been
1780 3118 216 40 unnoticed;
2033 3117 79 39 but,
2143 3126 47 22 on
2218 3116 61 32 the
2310 3115 187 35 contrary,

275 3203 113 39 —let
407 3203 67 39 the
502 3201 201 40 Ministers
739 3198 50 40 of
813 3195 203 53 Religion,
1037 3190 163 52 awfully
1222 3189 209 40 conscious
1462 3185 48 40 of
1535 3185 66 40 the

1667 3171 80 34 will
1757 3172 91 32 'soon
1864 3168 46 34 be

1923 3164 19 58 .
1942 3164 189 58 estimated.

2181 3164 89 53 .Any
2288 3158 144 34 further
2450 3157 94 53 hints
2559 3154 220 64 coucerring
2794 3155 76 35 hint
2895 3158 91 41 will,

1667 3219 45 43 if,
1714 3217 85 44 just,
1821 3219 41 32 he
1881 3211 193 44 faithfully
2091 3204 476 45 considered,—provided,
2593 3202 70 31 and
2706 3202 76 33 'be
2802 3204 26 32 it
2845 3206 143 45 always

278 3255 261 54 importance
579 3252 51 40 of
673 3252 106 39 their
811 3247 274 44 commission,
1122 3241 216 53 imior,r.:y
1375 3243 123 35 assert
1535 3237 66 40 the
1694 3253 14 47 g
1708 3253 28 47 :.

1742 3265 104 33 vided
1913 3261 91 34 such
2029 3257 240 46 information
2296 3263 43 24 or
2366 3252 133 34 advice
2525 3252 45 33 be
2595 3247 209 37 forwarded
2833 3252 34 33 in
2888 3254 100 33 time.

276 3308 159 52 dignity
469 3306 99 40 with
594 3304 129 40 which
759 3304 98 51 they
891 3314 70 26 are
984 3295 189 60 everlastii
1173 3295 19 60 .
1192 3295 77 60 tgly
1298 3291 172 43 invested
1495 3294 8 34 !
1535 3235 1230 94 Let
2765 3235 410 94 l

1667 3278 13 70 p
1680 3278 26 70 it
1731 3315 130 30 cannot
1850 3287 11 17 '
1876 3318 122 31 come,
2026 3306 188 39 however,
2237 3302 120 34 either
2382 3306 63 27 too
2467 3294 209 48 elpficilii,
2702 3302 61 26 too
2784 3302 137 40 amply,
2950 3311 40 24 or

280 3361 116 40 them
423 3359 90 40 talk
552 3358 89 47 less,
669 3357 74 39 but
772 3354 80 40 feel
887 3365 125 34 more,
1042 3350 51 40 of
1114 3350 104 39 their
1237 3345 130 53 true!y
1389 3344 214 39 illustrious
1667 3366 64 28 too
1791 3357 117 44 eeility.
1941 3357 83 32 The
2037 3352 141 45 subject
2220 3350 60 34 fit
2293 3352 43 38 is,
2356 3348 38 34 at
2408 3348 71 33 this
2497 3333 272 54 timinctii,both
2784 3347 211 45 iuteresting
3167 3340 8 40 i

275 3412 263 41 destination.
598 3413 37 37 It
654 3410 30 39 is
702 3413 74 37 not
793 3407 72 40 for.
875 3406 109 40 them
999 3411 45 34 to
1059 3402 183 45 beseech,
1260 3400 39 38 in
1315 3398 70 40 the
1402 3396 202 51 discharge
1667 3407 73 34 and
1752 3371 26 70 c
1779 3402 262 46 onsequential.

197 3446 1 65 •
276 3467 54 39 of
344 3467 105 39 their
464 3463 139 40 divine
618 3462 142 46 duties,
776 3461 70 39 the
865 3459 183 52 patience
1062 3455 80 41 and
1152 3454 260 40 forbearance
1431 3446 50 41 of
1494 3446 111 39 those
2456 3452 96 18 ,VINIMIII

278 3526 48 41 to
363 3519 136 41 whom
544 3516 99 52 they
680 3528 73 28 are.
782 3519 115 38 seat;
943 3523 46 26 or
1022 3515 46 34 to
1101 3504 219 56 apologise,
1356 3498 246 52 fashionably
2056 3491 138 45 THE
2229 3487 369 47 THEATRES.

280 3570 231 53 apologise,
547 3569 69 39 for
657 3566 182 52 honestly
870 3563 208 50 declaring
1119 3566 44 33 to
1198 3557 112 39 them
1385 3554 66 39 the
1479 3544 125 46 whole
2248 3560 172 24 --sos—

278 3624 169 41 counsel
464 3624 50 41 of
539 3620 92 41 God
715 3624 115 48 Very.
849 3617 185 40 different
1063 3627 33 26 is
1114 3613 69 39 the
1201 3604 145 45 errand
1365 3605 48 41 of
1434 3605 99 47 him,
1554 3604 47 53 by
2179 3608 149 27 DRURY
2357 3607 129 26 LANE.

280 3678 139 41 whom
1726 3665 60 38 On
1802 3660 207 52 Thursday
2029 3658 116 54 night
2163 3671 26 26 a
2210 3656 180 52 Comedy
2408 3656 37 38 in
2460 3656 80 39 five
2555 3660 99 40 acts,
2668 3653 162 41 entitled
2904 3653 93 39 Man

202 3706 4 60 •
720 3728 80 35 The
813 3724 169 37 .violated
1002 3725 91 34 Law
1110 3720 132 46 speaks
1269 3719 64 32 out
1672 3720 78 35 and
1772 3717 116 50 Wife,
1907 3728 48 26 or
1980 3715 111 38 iWorc
2109 3712 152 39 Secrets
2282 3713 93 33 than
2542 3720 77 26 was
2639 3709 65 38 for
2722 3707 66 38 the
2804 3707 84 38 first
2906 3706 94 38 time

539 3778 56 34 Its
617 3777 171 38 thunders
1617 3757 4 60 '
1637 3757 4 60 ,
1672 3767 112 43 acted
1807 3774 41 32 at
1870 3769 131 48 Drury
2036 3765 120 39 Lane.
2217 3764 37 35 It
2272 3767 81 33 met
2374 3761 92 38 with
2489 3772 24 26 a
2532 3772 111 26 more
2683 3757 240 41 favourable
2944 3770 57 27 re-

287 3833 193 44 Certified
520 3833 52 39 of
612 3831 60 39 his
712 3826 249 47 credentials,
1000 3821 92 41 well
1139 3816 294 52 remembering
1478 3808 130 44 whose
1672 3820 157 53 ception
1851 3820 96 39 than
1968 3819 31 38 it
2014 3816 70 40 has
2102 3817 100 38 been
2218 3828 77 26 our
2314 3814 177 39 business
2509 3817 45 34 to
2574 3811 148 40 record.
2743 3810 65 41 for
2825 3810 176 44 months,
3017 3808 4 69 .

281 3888 213 51 authority
514 3887 51 38 he
604 3882 163 40 beareth
788 3880 77 40 and
883 3886 44 33 to
947 3876 133 40 whom
1098 3874 113 41 alone
1232 3872 51 39 he
1302 3876 131 33 stanus
1453 3876 155 43 respon-
1672 3888 59 26 we
1766 3870 128 40 would
1931 3870 149 39 almost
2109 3881 70 39 say
2215 3880 125 39 years.
2398 3865 203 40 Deafened
2636 3866 48 51 by
2718 3863 69 38 the
2817 3862 109 52 peals
2959 3861 47 39 of

234 3963 6 6 -
283 3941 117 46 Bible,
420 3941 51 44 he
491 3938 90 47 will.
593 3943 87 39 not,
694 3947 102 28 even
813 3915 337 72 when
1402 3915 84 72 .
1570 3915 84 72 1
1675 3924 206 57 applause,
1909 3922 78 39 and
2010 3921 66 39 the
2109 3918 189 56 repeated
2331 3917 144 41 shouts
2509 3917 47 39 of
2626 3920 131 37 Bravo
2846 3915 69 38 the
2933 3926 71 26 au-

722 4005 45 33 In
804 4002 111 34 traiiis
932 4010 39 24 as
986 4000 118 33 sweet
1650 3967 4 71 I
1676 3981 93 38 thor
1783 3976 89 46 will,
1889 3976 187 53 perhaps,
2094 3973 163 46 wonder
2280 3977 39 33 at
2336 3983 79 27 our
2443 3970 341 43 Luke-warmness,
2815 3967 115 39 when
2950 3979 57 25 we

476 4057 30 19 66
528 4055 51 35 As
599 4054 135 45 Angels
752 4061 76 32 use,
848 4051 61 32 the
926 4044 30 37 6
964 4045 102 46 ospel
1082 4042 174 45 whispers
1618 4020 4 78 ;
1649 4020 5 78 I
1676 4029 139 53 frankly
1815 4029 20 53 ,
1853 4029 157 40 declare
2040 4028 89 39 that
2144 4026 60 38 his
2225 4025 124 51 piece,
2367 4023 154 52 though
2543 4022 210 50 deserving
2772 4020 50 39 of
2837 4032 168 32 success,

283 4116 57 41 he
358 4115 78 41 will
458 4120 87 41 not,
568 4126 102 27 even
686 4110 117 46 then,
831 4106 168 43 descend
1020 4109 44 33 to
1083 4101 69 39 the
1181 4097 19 41 l
1200 4097 172 41 ittleness
1398 4093 50 41 of
1469 4089 40 56 su
1509 4089 41 56 pp
1551 4089 63 56 li-

1722 4088 9 9 .

1651 4072 5 66 I
1677 4087 122 47 mtght
1818 4082 103 39 have
1941 4078 200 54 possessed
2161 4090 110 26 more
2290 4075 139 39 claims
2450 4082 40 33 to
2507 4076 69 37 the
2597 4072 240 41 uliboileded
2855 4084 150 39 appro.

282 4170 164 41 cation.,
471 4169 97 38 This
643 4162 196 54 legate,oC
854 4161 69 39 the
1094 4157 109 37 must
1230 4152 130 39 better
1378 4148 118 40 know
1520 4142 103 44 both,
1652 4126 4 91 !
1678 4139 139 39 bation
1831 4134 125 39 which
1980 4133 27 39 it
2026 4128 203 43 .i!itained.
2272 4130 60 37 He
2355 4127 76 40 will
2454 4127 196 59 probably
2670 4126 98 39 rank
2793 4139 45 25 us
2858 4135 149 39 an:ong

2946 4227 4 8 .
2969 4227 4 8 ,

281 4224 77 40 Ilie
379 4222 150 53 import
550 4219 79 40 and
650 4214 246 52 infallibility
918 4211 47 40 of
979 4209 61 40 his
1063 4204 270 44 commission.
1654 4178 4 98 i
1681 4192 71 41 the
1766 4178 4 98 .
1783 4192 132 47 critical.
1949 4185 196 63 whose;
2169 4183 91 44 Item
2297 4181 50 38 he
2383 4180 97 40 does
2511 4183 72 37 not
2777 4178 45 43 1.'
2822 4178 15 43 ,
2837 4178 31 43 h0
2906 4178 100 37 1t3...ii

38 4296 1 9 .
38 4296 5 9 ,

40 4230 4 92 .
326 4230 2 92 '
343 4276 15 40 I
381 4276 104 40 have
506 4280 45 34 to
570 4270 132 44 notice
723 4269 80 41 Mr.
824 4265 224 54 Hodgson's
1071 4270 177 34 manner,
1271 4264 44 31 Or
1333 4252 148 50 action,
1498 4250 38 40 in
1551 4248 65 40 the
1641 4247 19 43 ,;
1680 4240 182 44 assumed
1887 4237 21 43 -
1909 4237 221 43 Discontent
2167 4240 26 35 a
2197 4248 18 25 s
2251 4233 100 40 their
2391 4235 162 46 InottO,
2598 4230 78 41 and
2722 4243 85 26 are-
2844 4241 48 28 so
2941 4243 47 24 iiii
3002 4251 7 5 -

3175 3694 0 37 I

1100 180 149 52 THE
1281 154 367 84 NATiOkii_.
1677 154 400 90 itWiSTVf._
