3394 4417
1169 85 146 54 THE
1354 81 378 54 NATIONAL
1769 79 386 54 REGISTER,

287 91 60 50 18

279 228 109 43 head
420 231 70 40 the
519 231 339 53 disapprobation
879 244 83 25 was
981 228 181 56 general.
1220 224 296 48 Nevertheless,
1546 223 97 39 with

281 292 73 41 the
373 294 217 52 exception
612 295 51 38 of
676 308 77 25 one
772 292 288 56 distinguished
1082 293 156 44 officer,
1267 289 92 38 who
1382 287 89 46 has,
1489 286 66 40 for
1576 283 70 40 the

281 354 159 48 future,
478 356 66 39 the
560 360 150 46 justest
731 354 119 40 claim
883 361 45 32 to
959 353 67 41 the
1046 359 152 34 esteem
1234 351 79 40 and
1346 348 235 40 confidence
1602 345 48 40 of

283 415 64 43 his
369 420 180 50 Country
570 419 78 37 and
684 418 236 51 Sovereign,
952 416 53 39 all
1026 416 67 40 the
1126 415 202 40 Members
1346 413 48 39 of
1422 412 69 38 the
1509 406 135 43 Board

285 477 110 43 have
415 478 209 53 approved
654 480 51 39 of
728 480 66 39 the
815 480 230 39 _Armistice.
1104 478 99 38 This
1232 477 30 38 is
1281 489 22 25 a
1323 478 106 34 most
1459 477 163 34 extraor-

287 541 146 56 dinary
456 544 294 38 circumstance
767 546 7 34 !
806 541 94 45 and,
935 541 113 38 when
1082 539 230 39 contrasted
1341 537 97 39 with
1467 535 70 38 the
1558 531 67 40 uni-

289 605 133 40 versal
445 605 254 39 abhorrence
719 604 31 39 it
769 604 158 40 excited
958 604 40 38 in
1020 601 215 52 Portugal,
1266 600 136 53 Spain,
1421 596 79 40 and
1522 596 124 39 Great

291 667 174 44 Britain,
495 680 58 26 we
581 680 74 26 can
680 671 171 34 account
889 665 67 39 for
986 666 31 37 it
1048 664 39 38 in
1114 677 54 26 no
1199 663 116 39 other
1335 673 183 31 manner,
1548 656 98 40 than

289 728 91 40 that
398 728 48 41 of
461 728 307 53 fellow-feeling.
789 741 50 26 on
861 728 71 39 the
953 732 91 47 part
1064 726 47 39 of
1128 726 116 38 those
1264 725 92 37 who
1370 719 224 56 approved.

345 791 175 52 Opinion
543 793 30 39 is
593 791 149 39 almost
759 803 118 39 every
899 789 132 51 thing,
1048 791 38 37 in
1119 800 97 27 war.
1273 785 107 40 That
1401 785 48 39 of
1465 784 69 38 the
1552 794 72 27 con-

291 850 136 41 tinent
448 853 38 39 in
506 852 149 39 favour
676 853 48 38 of
750 866 74 25 our
847 852 178 52 military
1056 849 248 54 superiority
1335 847 78 39 and
1443 844 206 52 discipline

292 915 83 43 had
389 917 279 54 considerably
683 918 145 39 abated
842 918 110 38 since
965 917 67 39 the
1044 915 231 40 conclusion
1291 914 50 38 of
1346 914 72 39 the
1431 909 219 54 campaign

293 979 53 41 of
372 984 113 37 1793.
544 983 118 38 Some
686 980 267 40 uufortunate
980 978 278 52 Expeditions,
1287 977 109 39 since
1416 974 90 40 that
1534 974 116 44 time,

293 1041 67 40 did
377 1048 70 33 not
462 1044 233 39 contribute
711 1046 41 33 to
770 1041 125 52 dispel
911 1041 80 39 this
1011 1039 291 53 prepossession
1317 1054 12 27 ;
1352 1037 79 40 and
1450 1035 69 40 the
1533 1037 94 38 brav-

295 1113 60 34 est
374 1121 115 38 army
506 1121 109 39 upon
635 1108 115 38 earth
777 1106 100 40 sank
907 1106 76 40 low
1004 1106 39 39 iu
1059 1106 70 39 the
1148 1106 235 39 estimation
1408 1102 48 40 of
1473 1104 178 50 Europe.
1680 1102 1 58 ,

296 1169 98 40 This
415 1182 80 27 was
515 1182 22 27 a
556 1170 161 48 subject
737 1170 40 37 of
798 1167 122 53 equal
943 1167 255 52 indignation
1218 1166 77 40 and
1317 1169 138 50 regret
1470 1169 46 34 to
1538 1163 116 39 those

270 1235 14 20 `•
299 1232 96 39 who
429 1244 113 27 were•
567 1232 244 51 acquainted
841 1230 98 39 with
961 1243 74 27 our
1070 1243 113 39 army
1202 1245 11 30 ;
1245 1230 94 43 and,
1367 1226 135 40 whilst
1532 1238 120 40 every

299 1299 93 47 part
409 1294 50 39 of
475 1294 66 39 the
562 1293 220 40 Continent
804 1291 223 40 resounded
1049 1290 187 40 with-the
1256 1289 115 40 crash
1391 1289 50 40 of
1455 1289 201 45 Thrones,

298 1371 48 26 or
369 1359 165 39 writhed
560 1359 130 39 under
712 1359 69 38 the
800 1358 189 52 scorpion
1009 1356 84 41 lash
1116 1356 50 40 of
1181 1356 67 40 the
1270 1361 105 34 most
1395 1354 262 41 abomiaable

299 1429 157 39 I.vrant,
485 1437 76 26 our
587 1422 231 47 assistance,
850 1422 151 51 always
1020 1421 261 43 successfully
1313 1420 181 41 invoked
1515 1419 52 56 by
1587 1420 71 40 the

300 1483 118 40 weak
452 1485 76 40 and
557 1483 235 54 oppressed,
822 1495 83 27 was
938 1482 182 40 declined
1155 1496 45 26 as
1232 1482 159 40 useless.
1448 1480 77 43 We
1557 1492 104 30 were

296 1551 72 38 the
389 1550 96 52 only
507 1550 146 52 people
685 1548 168 53 capable
886 1548 81 40 and
997 1548 154 53 wilting
1169 1553 45 34 to
1243 1553 91 47 stop
1368 1547 73 41 the
1459 1545 202 52 alarming

296 1616 109 44 evil;
433 1616 94 46 and,
549 1617 71 39 the
641 1615 260 41 descendants
920 1613 52 40 of
986 1613 116 40 those
1123 1628 96 40 very
1243 1625 109 35 men,
1370 1612 94 41 who
1483 1610 180 57 opposed

300 1690 26 26 a
359 1678 76 39 bar
467 1683 45 34 to
544 1680 71 38 the
648 1676 325 54 overwhelming
1004 1676 204 41 ambition
1245 1676 50 40 of
1320 1678 152 38 Pnittr
1496 1678 53 38 11.
1583 1674 98 48 and,

298 1740 97 39 who
417 1741 178 39 arrested
617 1742 143 38 LEWIS
776 1741 115 39 XIV.
925 1739 43 39 in
997 1743 18 34 t
1018 1739 22 39 h
1046 1752 24 26 e
1101 1739 85 40 tide
1217 1739 48 40 of
1290 1739 64 39 his
1372 1737 187 40 fortunes
1585 1736 80 41 and

298 1802 72 40 the
399 1807 159 35 torrent
591 1802 52 40 of
667 1804 61 39 his
757 1805 214 51 conquest,
1004 1814 109 26 were
1144 1800 234 41 considered
1414 1806 44 34 to
1489 1800 106 40 have
1620 1813 44 25 so
1680 1800 1 56 -

304 1865 123 39 much
448 1864 278 54 degenerated
732 1864 22 39 -
755 1864 92 39 from
867 1864 74 39 the
960 1863 118 53 spirit
1097 1863 48 39 of
1160 1861 106 41 their
1284 1861 265 47 forefathers,
1576 1861 91 41 that

304 1928 111 39 their
433 1926 287 47 interference,
752 1928 39 38 in
821 1941 24 26 a
875 1926 124 39 much
1020 1938 118 26 more
1167 1924 202 53 alarming
1397 1920 142 58 period
1566 1924 99 43 than

304 1988 136 41 either
475 1989 51 39 of
550 1989 71 40 the
640 1985 406 46 above-mentioned,
1072 1998 84 27 was
1191 1985 175 53 rejected
1384 1985 79 41 and
1478 1985 188 44 scorned.

305 2052 100 39 This
450 2050 240 53 deplorable
725 2048 400 53 misunderstanding
1165 2047 132 41 sealed
1338 2047 73 40 the
1455 2048 126 43 doom
1626 2049 48 41 of

306 2114 219 52 European
562 2112 300 52 independence
880 2128 13 30 ;
935 2111 79 41 and
1051 2109 70 39 the
1152 2108 226 41 detestable
1409 2109 146 53 people
1590 2112 77 41 and

304 2176 110 38 their
432 2172 144 43 ruffian
596 2173 231 47 chieftains,
848 2174 94 37 who
964 2171 137 41 waded
1127 2171 40 39 in
1187 2170 72 41 the
1277 2169 128 43 blood
1430 2170 50 43 of
1491 2171 180 48 nations,

305 2236 80 43 and
416 2235 156 52 gorged
607 2235 40 38 in
679 2233 107 39 their
819 2232 190 54 plunder,
1038 2229 227 44 exhausted
1284 2233 143 46 abuse,
1457 2233 213 53 raisrepre•

304 2298 206 39 sentatioli
537 2297 79 39 and
638 2296 196 53 intrigue,
868 2301 47 34 to
935 2296 107 51 keep
1080 2306 56 41 up
1168 2294 73 39 the
1271 2293 103 40 fatal
1410 2295 263 52 prejudice.

307 2365 86 34 Our
415 2373 91 26 own
527 2361 286 38 Government
830 2356 178 46 seemed,
1033 2355 69 40 for
1121 2368 25 26 a
1165 2355 117 44 time,
1303 2360 44 35 to
1367 2353 107 44 have
1491 2356 182 41 imbibed

306 2422 236 53 monething
561 2421 48 40 of
631 2421 73 40 the
722 2418 206 48 delusion;
960 2418 94 47 and,
1076 2417 135 41 whilst
1239 2418 170 41 Austria
1428 2432 79 26 was
1537 2422 113 52 strug-

305 2489 135 52 gling,
471 2489 39 38 in
531 2486 70 40 the
622 2485 241 54 apparently
886 2484 81 40 last
986 2489 115 50 stage
1120 2483 52 40 of
1189 2483 73 41 her
1280 2484 203 41 existence
1499 2502 12 27 ;
1538 2484 135 40 whilst

308 2550 180 45 Prussia,
526 2548 169 53 Naples,
730 2546 216 53 Portugal,
986 2549 210 45 llP.nover,
1237 2546 125 40 Ilesse
1400 2546 149 47 Cassel,
1594 2548 77 39 and

306 2611 255 47 Brunswick,
592 2623 107 28 were
737 2609 171 53 making
946 2609 213 52 desperate
1191 2608 141 40 efforts
1367 2614 45 34 to
1449 2615 39 35 av
1488 2615 19 35 ,
1507 2615 60 35 :rt
1603 2610 70 41 the

304 2670 237 57 impending
561 2672 267 46 destruction,
857 2672 71 38 the
948 2670 150 39 British
1119 2669 165 53 people,
1305 2670 137 39 whose
1462 2670 117 40 voice
1596 2672 77 40 and

306 2735 135 39 sword
462 2735 78 40 had
560 2733 201 54 formerly
783 2747 45 27 so
849 2732 124 40 much
997 2731 155 54 weight
1183 2731 37 40 in
1251 2732 71 39 the
1342 2733 273 40 transactions
1632 2732 48 41 of

308 2796 182 54 Europe,
521 2797 118 40 stood
673 2794 128 46 aloof,
831 2794 78 39 and
943 2807 104 27 were
1077 2794 223 39 restrained
1326 2793 113 41 from
1473 2794 145 58 taking
1652 2809 24 26 a

306 2863 96 48 part
422 2859 40 39 in
484 2859 67 39 the
574 2857 162 56 mighty
758 2857 182 39 conflict.

363 2930 105 40 Such
493 2943 40 25 as
562 2926 73 44 felt
666 2928 72 40 the
759 2927 207 52 injustice,
998 2926 79 40 and
1109 2939 107 28 were
1245 2926 171 41 sensible
1444 2931 45 34 to
1509 2927 71 41 the
1599 2927 57 40 dis-

308 2992 254 53 advantages
596 2991 51 40 of
674 2991 70 39 the
776 3004 228 26 erroneous
1031 2989 172 53 opinion
1237 2988 256 40 entertained
1522 2989 51 40 of
1599 3004 77 26 our

309 3067 136 40 army,
480 3052 187 54 ardently
685 3052 149 40 wished
853 3066 52 25 an
935 3051 275 52 opportunity
1246 3048 136 53 might
1409 3051 122 47 offer,
1558 3053 116 39 when

309 3130 80 27 our
426 3115 169 43 soldiers
631 3115 123 40 could
789 3128 169 28 recover
991 3113 106 40 their
1135 3112 165 41 ancient
1331 3113 252 53 reputation.
1641 3116 38 39 It

309 3194 135 34 came,
464 3181 236 53 auspicious
718 3193 43 26 as
774 3181 181 38 Fortune
974 3180 120 39 could
1116 3180 97 52 give
1232 3191 50 27 or
1298 3178 235 53 patriotism
1553 3180 94 40 wish
1665 3197 8 21 :

309 3243 98 47 and,
437 3242 130 40 whilst
601 3242 70 40 the
693 3241 169 52 feelings
883 3240 50 40 of
956 3241 70 39 the
1045 3244 177 48 country
1253 3252 116 28 came
1388 3239 40 41 in
1457 3240 66 41 aid
1545 3241 51 40 of
1611 3243 67 40 the

309 3306 306 43 combinations
646 3304 52 41 of
728 3305 148 53 policy,
895 3318 25 26 a
943 3304 148 40 British
1115 3315 117 40 army
1256 3315 79 27 was
1354 3306 261 52 transported
1633 3311 46 37 to

309 3369 72 40 the
402 3369 215 39 continent
648 3372 45 33 to
715 3380 136 26 secure
870 3366 80 40 this
977 3366 273 41 desideratum
1280 3365 48 39 of
1354 3365 72 40 the
1452 3369 224 39 Statesman

311 3431 81 41 and
429 3430 175 40 Patriot.
665 3431 87 35 Our
782 3441 113 41 army
933 3426 144 40 lauded
1109 3428 40 40 in
1183 3426 215 52 Portugal,
1431 3428 172 43 inferior
1635 3435 45 35 to

309 3494 74 40 the
404 3506 146 39 enemy
575 3493 40 39 in
647 3491 202 44 number;
880 3491 79 37 and
991 3490 70 39 the
1093 3488 157 54 gallant
1281 3489 144 41 officer
1457 3491 93 39 who
1569 3504 112 27 eom•

309 3556 181 40 tuanded
519 3556 131 43 them,
686 3555 78 39 and
796 3552 87 41 who
919 3553 154 53 proved
1094 3552 168 40 himself
1276 3566 43 26 so
1341 3553 161 53 worthy
1522 3554 51 40 of
1583 3570 98 31 con.

309 3622 177 52 ducting
526 3618 151 43 British
709 3618 182 45 soldiers,
932 3618 222 53 proceeded
1191 3617 295 57 immediately,
1519 3621 161 54 though

308 3687 226 52 labouring
555 3685 128 41 under
706 3684 79 41 this
806 3689 203 50 apparent
1026 3684 308 53 disadvantage,
1358 3689 43 34 to
1421 3686 96 53 give
1537 3689 144 39 JIINOT

309 3750 150 40 battle.
522 3752 59 37 He
607 3748 120 40 acted
750 3748 126 52 right,
909 3746 80 40 and
1012 3746 38 39 in
1080 3745 161 53 perfect
1270 3746 249 56 conformity
1543 3754 45 37 to
1613 3751 69 40 the

306 3811 204 43 soundest
530 3808 219 57 principles
778 3808 47 39 of
854 3806 187 52 political
1061 3806 244 44 calculation
1322 3824 9 22 :
1364 3802 66 48 for
1450 3810 31 39 it
1511 3824 80 27 was
1610 3814 71 39 not

311 3873 207 43 sufficient
537 3878 43 35 to
604 3873 98 39 beat
722 3870 67 40 the
808 3872 374 51 enemy—Europe
1214 3870 78 40 and
1325 3883 80 27 our
1435 3870 113 43 allieS
1578 3887 104 30 were

312 3948 47 34 to
380 3941 51 40 he
452 3939 242 46 convinced,
730 3939 90 39 that
848 3951 80 27 our
961 3941 144 47 troops
1136 3948 105 27 were
1260 3937 200 53 superior,
1488 3938 38 40 in
1560 3953 119 41 every

312 4004 198 52 requisite
529 4003 50 40 of
595 4003 71 39 the
685 4002 167 45 soldier,
870 4005 46 35 to
935 3998 70 51 the
1028 3998 176 40 vaunted
1226 3998 154 56 legions
1398 3999 50 40 of
1463 4003 221 39 France.—

314 4071 90 40 The
426 4069 130 40 battle
591 4068 52 41 of
677 4068 181 39 Vitneira
891 4064 180 41 attested
1098 4062 83 41 this
1217 4064 241 53 superiority
1474 4082 12 30 ;
1517 4067 78 41 and
1626 4081 58 26 we

312 4137 243 43 considered
591 4136 45 47 it,
669 4137 39 37 in
729 4130 301 43 consideration
1051 4128 52 41 of
1126 4129 52 39 its
1206 4142 311 39 consequences,
1537 4146 44 25 as
1607 4146 78 27 one

315 4200 50 43 Of
392 4200 72 40 the
490 4204 111 38 most
634 4199 227 52 important
895 4204 270 32 occurrences
1200 4192 40 40 in
1270 4205 78 27 our
1368 4193 172 53 history.
1596 4195 90 40 The

2802 84 158 57 JAN.
3005 94 44 51 ft

1708 223 138 54 public
1866 229 40 34 at
1925 224 115 53 large
2060 224 158 41 seemed
2237 230 47 34 to
2303 223 79 41 feel
2393 239 52 27 'as
2467 240 60 25 we
2544 226 97 46 did;
2666 234 125 46 every
2810 231 157 50 tongue
2983 239 84 35 was

1710 286 165 54 profuse
1893 286 48 39 of
1955 287 220 53 applause;
2203 285 78 44 and
2310 298 122 44 every
2452 294 281 34 countenance
2747 289 201 52 glistened
2967 291 98 39 with

1709 352 276 52 unspeakable
2006 353 203 53 pleasure,
2241 358 44 35 at
2314 354 70 38 the
2409 356 90 39 first
2517 359 177 35 account
2713 356 50 39 of
2778 356 83 40 this
2884 354 182 54 splendid

1709 416 176 52 victory.
1941 418 34 39 A
2004 415 141 41 defeat
2174 416 48 40 of
2249 420 146 43 11,000
2424 417 249 40 Frenchmen
2693 430 83 28 was
2806 424 72 34 not
2898 417 169 56 capable

1707 475 52 41 of
1788 475 230 56 producing
2050 477 84 41 this
2166 478 201 40 universal
2404 477 208 41 sensation
2628 495 13 31 ;
2689 480 92 46 but,
2819 480 133 40 whilst
2988 487 80 34 our

1709 539 137 40 hearts
1865 539 77 39 had
1961 552 123 28 cause
2096 544 43 35 to
2158 539 135 50 exult,
2313 553 77 27 our
2401 540 340 53 understandings
2759 540 77 43 and
2854 540 219 57 principles

1711 613 105 30 were
1835 601 191 48 satisfied,
2060 602 96 40 that
2185 604 69 39 the
2283 600 120 43 affair
2422 604 51 39 of
2489 604 182 39 Vimiera
2688 615 84 27 was
2789 608 71 34 not
2881 615 25 27 a
2924 604 146 40 useless

1710 676 118 26 scene
1846 652 50 50 of
1907 661 124 41 blood
2054 664 79 40 and
2153 676 194 41 carnage,
2368 664 33 40 it
2420 663 154 44 offered
2590 669 45 37 to
2652 665 202 52 Europe*
2868 665 201 53 certainty

1711 725 50 40 of
1791 725 324 54 emancipation,
2147 728 135 52 might
2308 726 105 40 have
2431 732 94 35 torn
2561 725 111 41 from
2707 725 51 40 its
2789 725 182 53 pedestal
3000 725 70 41 the

1713 785 185 41 Colossus
1928 787 50 40 of
1997 787 156 43 French
2185 788 347 54 preponderance,
2567 788 217 52 destroyed
2810 789 92 39 that
2920 793 152 47 system

1713 847 50 40 of
1776 849 154 52 rapine,
1944 847 268 56 itamorality,
2232 850 79 39 and
2329 862 188 41 carnage,
2533 848 132 41 which
2686 849 79 41 had
2783 848 208 54 prevailed
3005 848 67 43 for

1713 909 187 40 nineteen
1935 924 132 39 years,
2119 911 77 41 and
2248 911 130 41 raised
2407 924 76 27 our
2516 909 176 41 beloved
2717 917 177 48 country
2928 915 45 37 to
3004 911 70 41 the

1714 971 169 41 summit
1902 972 47 40 of
1961 972 162 54 earthly
2143 973 209 53 grandeur
2369 973 77 40 and
2467 972 228 54 happiness.

1768 1033 131 40 These
1925 1046 105 28 were
2059 1035 71 41 the
2160 1046 299 43 consequences
2490 1035 70 40 the

2577 1033 149 53 .public
2744 1033 219 53 expected,
2991 1032 86 51 and,

1716 1096 80 40 had
1825 1110 25 25 a
1883 1097 111 53 right
2013 1102 46 35 to
2078 1103 145 47 expect
2241 1097 111 41 from
2370 1098 71 39 the
2461 1098 158 52 victory
2652 1096 59 40 of.
2726 1097 195 40 Vimiera.
2978 1098 92 52 Any

1717 1161 241 47 individual,
1988 1162 226 47 therefore,
2241 1162 191 41 however
2461 1162 99 52 high
2581 1161 64 40 his
2662 1160 122 47 rank,
2813 1169 47 33 or

2880 1160 171 57 pre-emi-

1716 1233 99 35 nent
1846 1228 63 40 his
1937 1228 159 41 former
2126 1230 190 46 aervices,
2344 1243 50 28 or
2421 1226 294 54 distinguished
2750 1226 61 40 his
2887 1226 90 43 zeal
2996 1224 85 45 and.

1965 1294 112 47 who,
2096 1294 52 54 by
2171 1294 59 39 his
2250 1294 231 53 incapacity
2502 1306 47 30 or
2572 1292 308 54 pusillanimity,
2913 1291 164 43 marred

1719 1356 117 40 these
1851 1357 298 52 expectations,
2181 1357 184 40 deserves
2391 1370 26 26 a
2443 1369 187 27 measure
2650 1354 50 43 of
2720 1369 165 27 censure
2904 1369 149 40 propor-

1721 1422 159 40 tionate
1905 1429 44 37 to
1977 1424 72 40 the
2078 1424 132 53 injury
2231 1423 51 41 he
2304 1424 71 40 has
2406 1422 259 45 occasioned.
2719 1424 76 38 We
2828 1423 132 39 abhor
2988 1421 86 41 that-

1722 1486 183 54 political
1937 1488 261 41 indifference
2228 1504 50 26 or
2306 1489 104 40 faint
2438 1489 272 46 heartedness,
2730 1488 137 41 which.
2897 1489 32 40 is
2948 1486 135 44 afraid

1723 1561 48 32 or
1807 1553 210 54 unwilling
2035 1560 46 34 to
2109 1554 133 41 offend
2275 1554 158 54 private
2461 1554 184 53 feelings,
2678 1554 117 40 when
2820 1554 72 40 the
2920 1554 165 40 dearest

1726 1618 189 45 interests
1930 1619 48 40 of
1998 1619 115 40 their
2130 1625 175 47 country
2322 1620 158 53 require
2499 1620 79 44 this
2602 1620 200 41 sacrifice.
2856 1622 76 38 We
2950 1618 131 41 thank

1726 1685 185 46 Heaven,
1938 1697 61 28 we
2026 1698 73 27 are
2122 1684 89 41 also
2237 1693 76 33 not
2346 1685 171 40 without
2550 1684 234 56 humanity,
2813 1685 78 40 and
2926 1685 78 41 feel
3035 1697 46 28 as

1727 1744 125 41 much
1879 1746 234 45 reluctance
2139 1761 43 28 as
2202 1762 78 41 any
2300 1747 52 43 of
2373 1761 78 30 our
2480 1748 191 41 brethren
2691 1749 58 41 to'
2769 1749 236 40 contribute
3035 1752 46 39 tq

1729 1809 70 38 the
1819 1808 201 41 distresses
2035 1825 48 26 or
2104 1811 217 40 afflictions
2340 1809 50 41 of
2402 1811 155 41 others.
2615 1813 81 38 But
2715 1811 102 39 shall
2836 1824 60 26 we
2915 1812 52 38 be
2987 1811 97 39 base

1728 1870 184 53 enough,
1939 1870 112 43 from
2075 1873 174 40 motives
2271 1872 52 41 of
2350 1873 183 46 interest,
2554 1874 208 39 weakness
2781 1886 46 27 or
2844 1872 105 46 fear,
2968 1877 45 34 to
3031 1872 59 39 be

1729 1931 135 48 silent,
1883 1946 48 26 or
1959 1946 105 27 even
2083 1946 198 41 approve,
2311 1935 111 39 what
2448 1948 60 26 we
2537 1933 123 40 know
2692 1941 45 34 to
2769 1936 48 43 be
2844 1949 27 25 a
2898 1930 188 45 national

1730 1993 169 41 disaster
1916 2007 43 27 as
1972 1995 90 41 well
2076 2008 46 28 as
2133 1995 201 54 disgrace,
2355 1997 77 40 and
2448 1997 72 40 has
2536 1996 163 54 already
2721 1997 102 40 been
2842 1993 244 58 produCtive

1731 2054 52 40 of
1805 2055 98 41 such
1936 2056 132 52 signal
2086 2057 294 53 disadvantage
2405 2065 46 34 to
2471 2072 78 27 our
2567 2057 129 41 allies.
2748 2060 76 39 We
2841 2060 135 41 abhor
3006 2057 81 43 and

1731 2114 141 58 loudly
1897 2119 184 43 disclaim
2107 2133 124 41 every
2261 2127 119 48 party
2399 2120 152 53 feeling
2580 2134 54 27 on
2663 2121 71 40 the
2761 2122 214 46 occasion;
3005 2121 83 43 and

1731 2190 78 30 eau
1830 2179 136 57 boldly
1983 2180 149 56 appeal
2150 2187 44 37 to
2212 2194 79 28 our
2311 2183 172 46 readers,
2505 2181 35 40 if
2562 2194 27 30 a
2619 2181 126 53 single
2763 2184 216 40 sentiment
2991 2196 98 28 ever

1733 2242 206 51 appeared
1958 2242 37 40 in
2011 2244 73 39 the
2100 2246 200 39 NATIONA
2310 2259 22 26 L
2353 2246 209 46 REOISTEZ
2562 2246 27 46 t
2601 2244 130 41 which
2741 2245 69 40 did
2826 2251 73 35 not
2915 2246 184 40 breather

1733 2314 54 28 an
1806 2303 145 43 ardent
1963 2304 131 41 desire
2107 2308 47 38 to
2170 2319 69 30 see
2255 2306 72 41 the
2346 2306 159 43 honour
2523 2320 45 26 as
2585 2306 92 41 well
2696 2319 45 28 as
2756 2307 185 41 interests
2953 2306 51 41 of
3013 2306 72 40 the

1733 2370 178 47 country
1930 2367 235 52 promoted.

1789 2426 231 56 Unwilling,
2039 2428 227 47 therefore,
2284 2433 46 37 to
2343 2430 104 40 have
2466 2430 70 40 the
2554 2430 167 41 honour
2738 2431 52 40 of
2802 2443 77 30 our
2893 2443 125 37 arms,
3038 2443 51 31 or

1734 2487 72 40 the
1822 2491 235 51 reputation
2079 2490 52 43 of
2143 2492 72 41 the
2232 2497 171 50 country
2424 2491 220 56 degraded,
2656 2506 60 27 we
2734 2493 254 48 abominate,
3007 2492 81 43 and

1735 2549 81 41 will
1837 2564 123 28 never
1978 2567 117 27 cease
2109 2558 46 35 to
2174 2554 216 46 condemn,
2417 2568 124 39 every
2561 2568 184 28 measure
2765 2555 130 41 which
2916 2567 113 43 may,
3048 2555 41 40 in

1734 2611 73 40 the
1822 2611 182 56 slightest
2022 2628 113 34 sense
2165 2615 51 40 of
2237 2615 73 41 the
2328 2616 128 48 word,
2481 2617 237 40 contribute
2737 2622 45 35 to
2794 2617 146 41 either.
3000 2619 90 39 The

1737 2673 152 54 public,
1920 2675 38 40 in
1977 2675 109 41 their
2104 2678 204 40 addresses
2328 2682 44 34 to
2392 2678 69 40 the
2487 2678 183 48 Throne,
2699 2679 106 41 have
2825 2680 100 41 been
2949 2680 118 39 unani-

1739 2750 119 27 mous
1877 2737 38 39 in
1933 2738 109 41 their
2072 2740 319 41 condemnation
2409 2740 47 40 of
2478 2741 72 40 the
2571 2740 213 41 Armistice
2803 2743 78 39 and
2902 2743 163 39 Conven-

1739 2798 87 41 tion
1846 2798 50 40 of
1909 2800 142 40 Cintra
2070 2815 52 26 on
2144 2802 80 40 this
2239 2815 98 40 very
2355 2802 219 54 principle;
2597 2803 79 40 and
2696 2803 67 40 the
2778 2803 220 54 Sovereign
3018 2805 74 40 has

1740 2858 167 41 himself
1933 2859 206 48 declared,
2169 2861 91 44 that
2289 2863 98 54 they
2413 2863 283 56 disappointed
2728 2865 71 40 the
2832 2865 144 40 wishes
3011 2864 81 41 and

1739 2922 282 53 expectations
2053 2923 51 41 of
2139 2923 72 41 the
2239 2931 176 50 country
2430 2941 11 24 :
2494 2928 76 39 We
2596 2931 120 44 trust,
2746 2927 223 50 therefore,
3001 2929 92 41 that

1740 2996 25 26 a
1801 2996 116 30 more
1951 2989 239 51 competent
2228 2986 197 50 tribunal,
2454 2988 99 41 than
2589 2991 94 39 that
2727 2991 50 39 of
2807 2991 66 39 the
2895 2991 131 40 Board
3048 2989 50 40 of

1742 3047 183 54 Inquiry,
1944 3048 81 41 will
2043 3048 83 41 still
2143 3050 193 41 examine
2353 3050 71 43 the
2443 3052 142 41 merits
2615 3050 52 43 of
2689 3051 70 43 the
2778 3052 216 43 Armistice
3014 3051 80 44 and

1741 3107 270 44 Convention.

1987 3206 299 50 FOREIGN
2326 3209 520 47 INTELLIGENCE.

2011 3321 161 37 FROM
2198 3322 110 39 THE
2339 3322 226 38 FRENCU
2588 3322 239 40 PAPERS.

1746 3428 412 40 SEVENTEENTH
2211 3430 276 40 BULLETIN
2532 3433 73 38 OF
2643 3433 113 38 THE
2802 3433 165 37 ARMY
3020 3435 69 34 OF'

1793 3534 206 43 Minato,
2027 3536 109 37 Dtc.
2159 3539 185 34 10.—His
2366 3539 161 47 Majesty
2544 3540 187 35 reviewed
2747 3539 197 47 yesterday
2965 3550 46 24 on
3030 3539 63 34 the

1750 3583 141 43 Prado,
1909 3585 61 34 the
1987 3585 117 35 Duke
2121 3586 44 34 of
2184 3585 194 38 Dantzic's
2393 3596 126 38 corps,
2543 3588 128 34 which
2683 3588 150 35 arrived
2855 3586 64 37 the
2937 3587 73 46 day
3031 3589 43 33 be-

1744 3630 85 35 fore
1846 3631 197 48 yesterday
2056 3638 43 31 at
2117 3633 163 37 Madrid.
2310 3634 61 37 He
2387 3635 201 47 expressed
2606 3635 58 37 his
2681 3635 231 39 satisfaction
2929 3643 45 30 at
2991 3635 103 37 these

1746 3681 115 32 brave
1876 3683 142 45 troops.

1794 3728 149 44 To.day
1962 3728 44 35 he
2026 3729 188 37 reviewed
2232 3730 61 37 the
2315 3735 128 43 troops
2473 3730 46 37 of
2546 3732 64 34 the
2637 3732 294 35 Confederation
2957 3731 46 35 of
3026 3732 63 33 the

1750 3775 138 41 Rhine,
1906 3774 158 59 forming
2082 3777 63 34 the
2156 3776 159 35 division
2329 3778 237 37 commanded
2588 3781 51 45 by
2655 3780 159 37 General
2839 3780 130 35 Leval.
3013 3780 83 46 The

1747 3823 195 46 regiments
1958 3824 45 34 of
2015 3826 146 35 Nassau
2180 3826 69 34 and
2272 3826 126 38 Baden
2417 3827 168 37 behaved
2609 3829 99 35 well.
2759 3828 81 35 The
2859 3830 177 41 regiment
3056 3828 46 34 of

1750 3870 116 35 Hesse
1884 3870 216 38 Darnutadt
2119 3873 63 35 did
2202 3879 59 30 not
2276 3875 141 34 sustain
2434 3876 63 33 the
2516 3878 214 45 reputntiimn
2759 3878 44 34 of
2825 3878 60 33 the
2910 3883 130 38 troops
3058 3876 43 33 of

1746 3919 83 35 that
1857 3926 169 39 country..
2076 3921 85 34 The
2192 3922 158 35 Colonel
2378 3922 71 35 and
2479 3924 132 47 Major
2630 3934 151 37 appear
2809 3930 38 28 to
2877 3925 46 33 be
2949 3934 83 26 men
3057 3924 45 34 of

1747 3967 189 34 moderate
1954 3969 148 35 talents.

1795 4015 83 34 The
1902 4015 110 35 Duke
2028 4017 46 34 of
2096 4018 112 39 Istria
2228 4023 52 31 set
2298 4018 54 35 off
2367 4030 44 24 on
2439 4019 63 34 the
2526 4019 64 34 sth
2619 4019 60 35 for
2696 4020 283 34 Guadalexera.
3035 4019 64 35 fie

1746 4062 156 35 scoured
1916 4064 61 33 the
1998 4065 124 33 whole
2143 4065 92 33 road
2254 4065 93 37 from
2365 4068 201 44 Saragossa
2580 4070 70 32 and
2670 4069 222 35 Valencia—
2904 4067 106 39 made
3027 4062 72 40 500

1748 4111 204 44 prisoners,
1967 4111 72 35 and
2057 4114 96 34 took
2170 4124 25 24 a
2210 4120 109 38 great
2334 4115 83 34 deal
2435 4116 44 34 of
2494 4117 132 44 ba4;ga.r
2627 4117 17 44 a
2643 4117 34 44 e.
2731 4119 51 33 At
2805 4116 139 35 Bastoa
2968 4128 24 26 a
3017 4117 97 33 bat—

1749 4157 117 35 talion
1883 4157 239 47 of,sooolen,
2148 4172 14 22 s
2167 4170 60 27 um
2229 4163 132 37 moned
2394 4165 48 45 by
2470 4165 66 35 the
2563 4175 66 26 cav
2634 4165 102 47 alry,
2766 4176 97 27 were
2893 4163 144 38 broken
3060 4165 38 34 id

1748 4213 116 35 upon.

9 530 5 11 t

14 893 8 22 1

39 1024 7 7 .

13 1141 32 30 _tt

4 1170 45 22 wha

6 1215 17 24 0
38 1219 12 17 A

24 1195 9 19 4

165 1245 6 6 •
202 1244 39 22 it...•
248 1244 6 22 0

233 1266 9 11 •

45 1328 5 14 I

9 1455 14 18 I

14 1512 33 17 1111

56 1533 11 15 1

17 1556 11 17 1
200 1564 11 12 •
224 1563 6 6 •

50 1752 6 8 .
65 1741 13 21 4

3324 3196 9 13 !•

3315 3267 7 18 f
