<?xml version="1.0" encoding="UTF-8"?>
<alto xmlns:xsi="http://www.w3.org/2001/XMLSchema-instance" xsi:noNamespaceSchemaLocation="http://schema.ccs-gmbh.com/docworks/alto-1-4.xsd" xmlns:xlink="http://www.w3.org/1999/xlink">
	<Description>
		<MeasurementUnit>pixel</MeasurementUnit>
		<sourceImageInformation>
			<fileName>//NP1-STOR2/data01/blend6/2019-08-02_09_02/2019-08-02_09_02_00918.tif</fileName>
		</sourceImageInformation>
		<OCRProcessing ID="OCRPROCESSING_1">
			<preProcessingStep>
				<processingSoftware>
					<softwareCreator>CCS Content Conversion Specialists GmbH, Hamburg, Germany</softwareCreator>
					<softwareName>CCS docWorks</softwareName>
					<softwareVersion>7.0-1.47</softwareVersion>
				</processingSoftware>
			</preProcessingStep>
			<ocrProcessingStep>
				<processingStepSettings>Character Count: 10878 
Predicted Word Accuracy: 88.5% 
Suspicious Character Count: 276 
Word Count: 1881 
Suspicious Word Count: 336 
width: 3295 
height: 4417 
xdpi: 300 
ydpi: 300 
source-image: //NP1-STOR2/data01/blend6/2019-08-02_09_02/2019-08-02_09_02_00918.tif</processingStepSettings>
				<processingSoftware>
					<softwareCreator>Nuance Communications, Inc.</softwareCreator>
					<softwareName>OmniPage</softwareName>
					<softwareVersion>20</softwareVersion>
				</processingSoftware>
			</ocrProcessingStep>
		</OCRProcessing>
	</Description>
	<Styles>
		<TextStyle ID="TXT_0" FONTSIZE="0" FONTFAMILY="" FONTSTYLE="bold"/>
		<TextStyle ID="TXT_1" FONTSIZE="0" FONTFAMILY="" FONTSTYLE="bold"/>
		<TextStyle ID="TXT_2" FONTSIZE="0" FONTFAMILY="" FONTSTYLE="bold italics"/>
		<TextStyle ID="TXT_3" FONTSIZE="0" FONTFAMILY="" FONTSTYLE="bold italics"/>
		<TextStyle ID="TXT_4" FONTSIZE="0" FONTFAMILY=""/>
		<ParagraphStyle ID="PAR_CENTER" ALIGN="Center"/>
		<ParagraphStyle ID="PAR_RIGHT" ALIGN="Right"/>
		<ParagraphStyle ID="PAR_BLOCK" ALIGN="Block"/>
		<ParagraphStyle ID="PAR_LEFT" ALIGN="Left"/>
	</Styles>
	<Layout>
		<Page ID="P14" PHYSICAL_IMG_NR="14" HEIGHT="4417" WIDTH="3295" PC="0.885">
			<TopMargin ID="P14_TM00001" HPOS="0" VPOS="0" WIDTH="3295" HEIGHT="74"/>
			<LeftMargin ID="P14_LM00001" HPOS="0" VPOS="74" WIDTH="0" HEIGHT="4341"/>
			<RightMargin ID="P14_RM00001" HPOS="3293" VPOS="74" WIDTH="2" HEIGHT="4341"/>
			<BottomMargin ID="P14_BM00001" HPOS="0" VPOS="4415" WIDTH="3295" HEIGHT="2"/>
			<PrintSpace ID="P14_PS00001" HPOS="0" VPOS="74" WIDTH="3293" HEIGHT="4341">
				<TextBlock ID="pa0014001" HPOS="1131" VPOS="74" WIDTH="992" HEIGHT="66" STYLEREFS="TXT_0 PAR_CENTER">
					<TextLine ID="P14_TL00001" HPOS="1133" VPOS="77" WIDTH="979" HEIGHT="61">
						<String ID="word000001" HPOS="1133" VPOS="83" WIDTH="146" HEIGHT="54" CONTENT="VIE" WC="0.67" CC="351"/>
						<SP ID="P14_SP00001" HPOS="1279" VPOS="137" WIDTH="35"/>
						<String ID="word000002" HPOS="1315" VPOS="77" WIDTH="383" HEIGHT="61" CONTENT="NATIONAL" WC="0.93" CC="01310000"/>
						<SP ID="P14_SP00002" HPOS="1697" VPOS="138" WIDTH="32"/>
						<String ID="word000003" HPOS="1729" VPOS="79" WIDTH="383" HEIGHT="58" CONTENT="REGISTER." WC="0.85" CC="003421101"/>
						<SP ID="P14_SP00003" HPOS="2112" VPOS="138" WIDTH="0"/>
					</TextLine>
				</TextBlock>
				<TextBlock ID="pa0014002" HPOS="210" VPOS="214" WIDTH="1378" HEIGHT="1735" STYLEREFS="TXT_1 PAR_RIGHT">
					<TextLine ID="P14_TL00002" HPOS="240" VPOS="216" WIDTH="1348" HEIGHT="56">
						<String ID="word000004" HPOS="240" VPOS="230" WIDTH="208" HEIGHT="40" CONTENT="ge..erous" WC="0.59" CC="336633333"/>
						<SP ID="P14_SP00004" HPOS="448" VPOS="270" WIDTH="48"/>
						<String ID="word000005" HPOS="496" VPOS="231" WIDTH="44" HEIGHT="27" CONTENT="as" WC="0.94" CC="01"/>
						<SP ID="P14_SP00005" HPOS="540" VPOS="270" WIDTH="52"/>
						<String ID="word000006" HPOS="592" VPOS="227" WIDTH="40" HEIGHT="28" CONTENT="to" WC="0.44" CC="64"/>
						<SP ID="P14_SP00006" HPOS="632" VPOS="270" WIDTH="50"/>
						<String ID="word000007" HPOS="681" VPOS="219" WIDTH="196" HEIGHT="41" CONTENT="withhold" WC="0.94" CC="11100100"/>
						<SP ID="P14_SP00007" HPOS="878" VPOS="270" WIDTH="45"/>
						<String ID="word000008" HPOS="922" VPOS="219" WIDTH="107" HEIGHT="39" CONTENT="from" WC="0.97" CC="1000"/>
						<SP ID="P14_SP00008" HPOS="1030" VPOS="270" WIDTH="53"/>
						<String ID="word000009" HPOS="1083" VPOS="216" WIDTH="118" HEIGHT="44" CONTENT="merit" WC="1.00" CC="00000"/>
						<SP ID="P14_SP00009" HPOS="1201" VPOS="270" WIDTH="31"/>
						<String ID="word000010" HPOS="1232" VPOS="219" WIDTH="71" HEIGHT="39" CONTENT="the" WC="0.96" CC="001"/>
						<SP ID="P14_SP00010" HPOS="1303" VPOS="270" WIDTH="45"/>
						<String ID="word000011" HPOS="1348" VPOS="219" WIDTH="154" HEIGHT="53" CONTENT="praises" WC="0.98" CC="0000001"/>
						<SP ID="P14_SP00011" HPOS="1501" VPOS="272" WIDTH="43"/>
						<String ID="word000012" HPOS="1544" VPOS="223" WIDTH="44" HEIGHT="34" CONTENT="to" WC="1.00" CC="00"/>
						<SP ID="P14_SP00012" HPOS="1587" VPOS="272" WIDTH="0"/>
					</TextLine>
					<TextLine ID="P14_TL00003" HPOS="325" VPOS="267" WIDTH="1263" HEIGHT="58">
						<String ID="word000013" HPOS="325" VPOS="268" WIDTH="51" HEIGHT="45" CONTENT="a" WC="0.33" CC="6"/>
						<SP ID="P14_SP00013" HPOS="376" VPOS="313" WIDTH="39"/>
						<String ID="word000014" HPOS="415" VPOS="267" WIDTH="31" HEIGHT="46" CONTENT="It" WC="0.78" CC="31"/>
						<SP ID="P14_SP00014" HPOS="445" VPOS="313" WIDTH="32"/>
						<String ID="word000015" HPOS="477" VPOS="272" WIDTH="32" HEIGHT="40" CONTENT="Is" WC="0.72" CC="32"/>
						<SP ID="P14_SP00015" HPOS="509" VPOS="313" WIDTH="22"/>
						<String ID="word000016" HPOS="531" VPOS="270" WIDTH="86" HEIGHT="43" CONTENT="enti" WC="0.94" CC="0101"/>
						<SP ID="P14_SP00016" HPOS="618" VPOS="313" WIDTH="25"/>
						<String ID="word000017" HPOS="643" VPOS="270" WIDTH="72" HEIGHT="40" CONTENT="led." WC="0.75" CC="5211"/>
						<SP ID="P14_SP00017" HPOS="715" VPOS="313" WIDTH="60"/>
						<String ID="word000018" HPOS="775" VPOS="275" WIDTH="61" HEIGHT="35" CONTENT="To" WC="1.00" CC="00"/>
						<SP ID="P14_SP00018" HPOS="836" VPOS="313" WIDTH="31"/>
						<String ID="word000019" HPOS="867" VPOS="270" WIDTH="79" HEIGHT="40" CONTENT="this" WC="0.81" CC="0034"/>
						<SP ID="P14_SP00019" HPOS="946" VPOS="313" WIDTH="33"/>
						<String ID="word000020" HPOS="979" VPOS="282" WIDTH="58" HEIGHT="28" CONTENT="we" WC="1.00" CC="00"/>
						<SP ID="P14_SP00020" HPOS="1037" VPOS="313" WIDTH="31"/>
						<String ID="word000021" HPOS="1068" VPOS="269" WIDTH="80" HEIGHT="41" CONTENT="will" WC="0.81" CC="0052"/>
						<SP ID="P14_SP00021" HPOS="1148" VPOS="313" WIDTH="27"/>
						<String ID="word000022" HPOS="1175" VPOS="270" WIDTH="92" HEIGHT="54" CONTENT="nnl," WC="0.50" CC="3537"/>
						<SP ID="P14_SP00022" HPOS="1267" VPOS="325" WIDTH="22"/>
						<String ID="word000023" HPOS="1290" VPOS="270" WIDTH="133" HEIGHT="53" CONTENT="reply," WC="0.69" CC="111356"/>
						<SP ID="P14_SP00023" HPOS="1423" VPOS="325" WIDTH="27"/>
						<String ID="word000024" HPOS="1450" VPOS="270" WIDTH="89" HEIGHT="41" CONTENT="that" WC="0.97" CC="0001"/>
						<SP ID="P14_SP00024" HPOS="1539" VPOS="325" WIDTH="20"/>
						<String ID="word000025" HPOS="1559" VPOS="270" WIDTH="28" HEIGHT="40" CONTENT="if" WC="1.00" CC="00"/>
						<SP ID="P14_SP00025" HPOS="1587" VPOS="325" WIDTH="0"/>
					</TextLine>
					<TextLine ID="P14_TL00004" HPOS="239" VPOS="319" WIDTH="1349" HEIGHT="59">
						<String ID="word000026" HPOS="239" VPOS="337" WIDTH="79" HEIGHT="28" CONTENT="our" WC="0.85" CC="220"/>
						<SP ID="P14_SP00026" HPOS="318" VPOS="365" WIDTH="35"/>
						<String ID="word000027" HPOS="353" VPOS="338" WIDTH="25" HEIGHT="40" CONTENT="p" WC="0.67" CC="3"/>
						<SP ID="P14_SP00027" HPOS="378" VPOS="378" WIDTH="204"/>
						<String ID="word000028" HPOS="582" VPOS="339" WIDTH="48" HEIGHT="24" CONTENT=",es" WC="0.19" CC="886"/>
						<SP ID="P14_SP00028" HPOS="631" VPOS="378" WIDTH="33"/>
						<String ID="word000029" HPOS="664" VPOS="325" WIDTH="70" HEIGHT="40" CONTENT="the" WC="1.00" CC="000"/>
						<SP ID="P14_SP00029" HPOS="733" VPOS="378" WIDTH="32"/>
						<String ID="word000030" HPOS="765" VPOS="324" WIDTH="76" HEIGHT="40" CONTENT="few" WC="0.93" CC="011"/>
						<SP ID="P14_SP00030" HPOS="841" VPOS="378" WIDTH="20"/>
						<String ID="word000031" HPOS="861" VPOS="337" WIDTH="135" HEIGHT="27" CONTENT="errors" WC="0.96" CC="000101"/>
						<SP ID="P14_SP00031" HPOS="996" VPOS="378" WIDTH="32"/>
						<String ID="word000032" HPOS="1028" VPOS="319" WIDTH="130" HEIGHT="44" CONTENT="which" WC="1.00" CC="00000"/>
						<SP ID="P14_SP00032" HPOS="1157" VPOS="378" WIDTH="34"/>
						<String ID="word000033" HPOS="1192" VPOS="337" WIDTH="60" HEIGHT="27" CONTENT="we" WC="0.94" CC="01"/>
						<SP ID="P14_SP00033" HPOS="1252" VPOS="378" WIDTH="26"/>
						<String ID="word000034" HPOS="1278" VPOS="324" WIDTH="119" HEIGHT="43" CONTENT="think" WC="0.95" CC="00011"/>
						<SP ID="P14_SP00034" HPOS="1397" VPOS="378" WIDTH="34"/>
						<String ID="word000035" HPOS="1431" VPOS="324" WIDTH="52" HEIGHT="40" CONTENT="he" WC="1.00" CC="00"/>
						<SP ID="P14_SP00035" HPOS="1483" VPOS="378" WIDTH="33"/>
						<String ID="word000036" HPOS="1517" VPOS="322" WIDTH="71" HEIGHT="41" CONTENT="has" WC="1.00" CC="000"/>
						<SP ID="P14_SP00036" HPOS="1587" VPOS="378" WIDTH="0"/>
					</TextLine>
					<TextLine ID="P14_TL00005" HPOS="236" VPOS="376" WIDTH="1348" HEIGHT="57">
						<String ID="word000037" HPOS="236" VPOS="379" WIDTH="261" HEIGHT="46" CONTENT="committed;" WC="0.58" CC="0357365144"/>
						<SP ID="P14_SP00037" HPOS="497" VPOS="425" WIDTH="24"/>
						<String ID="word000038" HPOS="521" VPOS="381" WIDTH="37" HEIGHT="37" CONTENT="in" WC="0.39" CC="47"/>
						<SP ID="P14_SP00038" HPOS="557" VPOS="425" WIDTH="18"/>
						<String ID="word000039" HPOS="575" VPOS="379" WIDTH="119" HEIGHT="38" CONTENT="order" WC="0.98" CC="00100"/>
						<SP ID="P14_SP00039" HPOS="694" VPOS="425" WIDTH="20"/>
						<String ID="word000040" HPOS="715" VPOS="383" WIDTH="41" HEIGHT="32" CONTENT="to" WC="1.00" CC="00"/>
						<SP ID="P14_SP00040" HPOS="756" VPOS="425" WIDTH="21"/>
						<String ID="word000041" HPOS="777" VPOS="392" WIDTH="9" HEIGHT="40" CONTENT="i" WC="0.22" CC="7"/>
						<SP ID="P14_SP00041" HPOS="787" VPOS="432" WIDTH="18"/>
						<String ID="word000042" HPOS="804" VPOS="387" WIDTH="94" HEIGHT="30" CONTENT="relte" WC="0.47" CC="33783"/>
						<SP ID="P14_SP00042" HPOS="899" VPOS="432" WIDTH="17"/>
						<String ID="word000043" HPOS="915" VPOS="381" WIDTH="25" HEIGHT="34" CONTENT="it" WC="0.61" CC="61"/>
						<SP ID="P14_SP00043" HPOS="940" VPOS="432" WIDTH="25"/>
						<String ID="word000044" HPOS="965" VPOS="377" WIDTH="119" HEIGHT="39" CONTENT="other" WC="1.00" CC="00000"/>
						<SP ID="P14_SP00044" HPOS="1084" VPOS="432" WIDTH="30"/>
						<String ID="word000045" HPOS="1114" VPOS="376" WIDTH="168" HEIGHT="40" CONTENT="authots" WC="0.92" CC="0111011"/>
						<SP ID="P14_SP00045" HPOS="1281" VPOS="432" WIDTH="17"/>
						<String ID="word000046" HPOS="1298" VPOS="378" WIDTH="107" HEIGHT="39" CONTENT="from" WC="0.97" CC="1000"/>
						<SP ID="P14_SP00046" HPOS="1406" VPOS="432" WIDTH="20"/>
						<String ID="word000047" HPOS="1426" VPOS="377" WIDTH="158" HEIGHT="41" CONTENT="rende.--" WC="0.61" CC="01104886"/>
					</TextLine>
					<TextLine ID="P14_TL00006" HPOS="213" VPOS="428" WIDTH="1374" HEIGHT="57">
						<String ID="word000048" HPOS="213" VPOS="439" WIDTH="7" HEIGHT="8" CONTENT="•" WC="0.56" CC="4"/>
						<SP ID="P14_SP00047" HPOS="220" VPOS="448" WIDTH="17"/>
						<String ID="word000049" HPOS="236" VPOS="428" WIDTH="73" HEIGHT="57" CONTENT="ing" WC="0.59" CC="353"/>
						<SP ID="P14_SP00048" HPOS="309" VPOS="484" WIDTH="21"/>
						<String ID="word000050" HPOS="331" VPOS="429" WIDTH="189" HEIGHT="43" CONTENT="themseti" WC="0.53" CC="33553348"/>
						<SP ID="P14_SP00049" HPOS="520" VPOS="484" WIDTH="12"/>
						<String ID="word000051" HPOS="531" VPOS="445" WIDTH="41" HEIGHT="25" CONTENT="es" WC="0.78" CC="31"/>
						<SP ID="P14_SP00050" HPOS="573" VPOS="484" WIDTH="31"/>
						<String ID="word000052" HPOS="604" VPOS="431" WIDTH="230" HEIGHT="39" CONTENT="obnoxious" WC="0.79" CC="440123021"/>
						<SP ID="P14_SP00051" HPOS="834" VPOS="484" WIDTH="22"/>
						<String ID="word000053" HPOS="856" VPOS="442" WIDTH="40" HEIGHT="26" CONTENT="io" WC="0.44" CC="73"/>
						<SP ID="P14_SP00052" HPOS="896" VPOS="484" WIDTH="26"/>
						<String ID="word000054" HPOS="922" VPOS="428" WIDTH="69" HEIGHT="41" CONTENT="the" WC="0.89" CC="003"/>
						<SP ID="P14_SP00053" HPOS="991" VPOS="484" WIDTH="18"/>
						<String ID="word000055" HPOS="1009" VPOS="442" WIDTH="113" HEIGHT="27" CONTENT="same" WC="1.00" CC="0000"/>
						<SP ID="P14_SP00054" HPOS="1122" VPOS="484" WIDTH="19"/>
						<String ID="word000056" HPOS="1141" VPOS="441" WIDTH="181" HEIGHT="34" CONTENT="censure," WC="0.97" CC="10010000"/>
						<SP ID="P14_SP00055" HPOS="1322" VPOS="484" WIDTH="27"/>
						<String ID="word000057" HPOS="1349" VPOS="441" WIDTH="80" HEIGHT="31" CONTENT="our" WC="0.89" CC="030"/>
						<SP ID="P14_SP00056" HPOS="1429" VPOS="484" WIDTH="30"/>
						<String ID="word000058" HPOS="1459" VPOS="429" WIDTH="128" HEIGHT="44" CONTENT="hands" WC="1.00" CC="00000"/>
						<SP ID="P14_SP00057" HPOS="1586" VPOS="484" WIDTH="0"/>
					</TextLine>
					<TextLine ID="P14_TL00007" HPOS="235" VPOS="482" WIDTH="1346" HEIGHT="56">
						<String ID="word000059" HPOS="235" VPOS="494" WIDTH="56" HEIGHT="30" CONTENT="on" WC="1.00" CC="00"/>
						<SP ID="P14_SP00058" HPOS="291" VPOS="523" WIDTH="25"/>
						<String ID="word000060" HPOS="315" VPOS="484" WIDTH="209" HEIGHT="53" CONTENT="Thursday" WC="0.88" CC="11003130"/>
						<SP ID="P14_SP00059" HPOS="524" VPOS="537" WIDTH="24"/>
						<String ID="word000061" HPOS="548" VPOS="484" WIDTH="118" HEIGHT="52" CONTENT="flight" WC="0.80" CC="551000"/>
						<SP ID="P14_SP00060" HPOS="666" VPOS="537" WIDTH="19"/>
						<String ID="word000062" HPOS="685" VPOS="483" WIDTH="171" HEIGHT="54" CONTENT="granted" WC="0.95" CC="0011010"/>
						<SP ID="P14_SP00061" HPOS="856" VPOS="537" WIDTH="18"/>
						<String ID="word000063" HPOS="874" VPOS="483" WIDTH="80" HEIGHT="38" CONTENT="him" WC="0.96" CC="001"/>
						<SP ID="P14_SP00062" HPOS="954" VPOS="537" WIDTH="22"/>
						<String ID="word000064" HPOS="977" VPOS="482" WIDTH="109" HEIGHT="40" CONTENT="their" WC="0.91" CC="00130"/>
						<SP ID="P14_SP00063" HPOS="1085" VPOS="537" WIDTH="20"/>
						<String ID="word000065" HPOS="1106" VPOS="495" WIDTH="118" HEIGHT="27" CONTENT="warm" WC="0.94" CC="1100"/>
						<SP ID="P14_SP00064" HPOS="1224" VPOS="537" WIDTH="18"/>
						<String ID="word000066" HPOS="1241" VPOS="489" WIDTH="187" HEIGHT="47" CONTENT="support." WC="0.97" CC="10001000"/>
						<SP ID="P14_SP00065" HPOS="1428" VPOS="537" WIDTH="59"/>
						<String ID="word000067" HPOS="1487" VPOS="482" WIDTH="40" HEIGHT="41" CONTENT="if" WC="0.72" CC="50"/>
						<SP ID="P14_SP00066" HPOS="1527" VPOS="537" WIDTH="14"/>
						<String ID="word000068" HPOS="1541" VPOS="497" WIDTH="40" HEIGHT="26" CONTENT="as" WC="1.00" CC="00"/>
						<SP ID="P14_SP00067" HPOS="1581" VPOS="537" WIDTH="0"/>
					</TextLine>
					<TextLine ID="P14_TL00008" HPOS="234" VPOS="531" WIDTH="1348" HEIGHT="59">
						<String ID="word000069" HPOS="234" VPOS="536" WIDTH="74" HEIGHT="40" CONTENT="the" WC="0.96" CC="001"/>
						<SP ID="P14_SP00068" HPOS="308" VPOS="576" WIDTH="18"/>
						<String ID="word000070" HPOS="326" VPOS="539" WIDTH="200" HEIGHT="51" CONTENT="Epilogue" WC="0.97" CC="00100001"/>
						<SP ID="P14_SP00069" HPOS="526" VPOS="589" WIDTH="20"/>
						<String ID="word000071" HPOS="546" VPOS="539" WIDTH="107" HEIGHT="38" CONTENT="hints" WC="0.95" CC="00011"/>
						<SP ID="P14_SP00070" HPOS="653" VPOS="589" WIDTH="34"/>
						<String ID="word000072" HPOS="687" VPOS="539" WIDTH="47" HEIGHT="45" CONTENT="it," WC="1.00" CC="000"/>
						<SP ID="P14_SP00071" HPOS="735" VPOS="589" WIDTH="32"/>
						<String ID="word000073" HPOS="767" VPOS="535" WIDTH="78" HEIGHT="41" CONTENT="this" WC="0.89" CC="0022"/>
						<SP ID="P14_SP00072" HPOS="844" VPOS="589" WIDTH="34"/>
						<String ID="word000074" HPOS="879" VPOS="537" WIDTH="168" HEIGHT="51" CONTENT="comedy" WC="0.98" CC="001000"/>
						<SP ID="P14_SP00073" HPOS="1046" VPOS="589" WIDTH="30"/>
						<String ID="word000075" HPOS="1076" VPOS="534" WIDTH="54" HEIGHT="41" CONTENT="be" WC="0.72" CC="50"/>
						<SP ID="P14_SP00074" HPOS="1130" VPOS="589" WIDTH="13"/>
						<String ID="word000076" HPOS="1143" VPOS="531" WIDTH="2" HEIGHT="58" CONTENT="•" WC="0.22" CC="7"/>
						<SP ID="P14_SP00075" HPOS="1146" VPOS="589" WIDTH="18"/>
						<String ID="word000077" HPOS="1163" VPOS="536" WIDTH="65" HEIGHT="39" CONTENT="the" WC="1.00" CC="000"/>
						<SP ID="P14_SP00076" HPOS="1228" VPOS="589" WIDTH="21"/>
						<String ID="word000078" HPOS="1250" VPOS="531" WIDTH="98" HEIGHT="56" CONTENT="jirgt" WC="0.33" CC="88383" STYLEREFS="TXT_2"/>
						<SP ID="P14_SP00077" HPOS="1348" VPOS="589" WIDTH="18"/>
						<String ID="word000079" HPOS="1365" VPOS="534" WIDTH="132" HEIGHT="43" CONTENT="which" WC="1.00" CC="00000"/>
						<SP ID="P14_SP00078" HPOS="1498" VPOS="589" WIDTH="19"/>
						<String ID="word000080" HPOS="1517" VPOS="536" WIDTH="65" HEIGHT="40" CONTENT="the" WC="1.00" CC="000"/>
						<SP ID="P14_SP00079" HPOS="1581" VPOS="589" WIDTH="0"/>
					</TextLine>
					<TextLine ID="P14_TL00009" HPOS="236" VPOS="588" WIDTH="1316" HEIGHT="55">
						<String ID="word000081" HPOS="236" VPOS="589" WIDTH="152" HEIGHT="40" CONTENT="author" WC="0.94" CC="000030"/>
						<SP ID="P14_SP00080" HPOS="389" VPOS="630" WIDTH="32"/>
						<String ID="word000082" HPOS="420" VPOS="592" WIDTH="144" HEIGHT="43" CONTENT="wrote," WC="0.78" CC="202161"/>
						<SP ID="P14_SP00081" HPOS="565" VPOS="634" WIDTH="45"/>
						<String ID="word000083" HPOS="609" VPOS="604" WIDTH="58" HEIGHT="25" CONTENT="we" WC="1.00" CC="00"/>
						<SP ID="P14_SP00082" HPOS="667" VPOS="634" WIDTH="34"/>
						<String ID="word000084" HPOS="702" VPOS="591" WIDTH="96" HEIGHT="51" CONTENT="give" WC="0.61" CC="4154"/>
						<SP ID="P14_SP00083" HPOS="797" VPOS="641" WIDTH="33"/>
						<String ID="word000085" HPOS="830" VPOS="589" WIDTH="83" HEIGHT="39" CONTENT="liiin" WC="0.42" CC="77363"/>
						<SP ID="P14_SP00084" HPOS="913" VPOS="641" WIDTH="46"/>
						<String ID="word000086" HPOS="959" VPOS="589" WIDTH="128" HEIGHT="40" CONTENT="credit" WC="0.70" CC="522232"/>
						<SP ID="P14_SP00085" HPOS="1087" VPOS="641" WIDTH="35"/>
						<String ID="word000087" HPOS="1122" VPOS="588" WIDTH="69" HEIGHT="40" CONTENT="for" WC="0.48" CC="338"/>
						<SP ID="P14_SP00086" HPOS="1191" VPOS="641" WIDTH="33"/>
						<String ID="word000088" HPOS="1224" VPOS="602" WIDTH="97" HEIGHT="39" CONTENT="very" WC="0.89" CC="3100" STYLEREFS="TXT_2"/>
						<SP ID="P14_SP00087" HPOS="1320" VPOS="641" WIDTH="39"/>
						<String ID="word000089" HPOS="1359" VPOS="589" WIDTH="193" HEIGHT="53" CONTENT="promis:n" WC="0.49" CC="33334588"/>
						<SP ID="P14_SP00088" HPOS="1552" VPOS="643" WIDTH="0"/>
					</TextLine>
					<TextLine ID="P14_TL00010" HPOS="235" VPOS="640" WIDTH="1342" HEIGHT="53">
						<String ID="word000090" HPOS="235" VPOS="641" WIDTH="148" HEIGHT="43" CONTENT="talents" WC="0.73" CC="0133532"/>
						<SP ID="P14_SP00089" HPOS="383" VPOS="684" WIDTH="19"/>
						<String ID="word000091" HPOS="402" VPOS="657" WIDTH="12" HEIGHT="30" CONTENT=";" WC="1.00" CC="0"/>
						<SP ID="P14_SP00090" HPOS="413" VPOS="686" WIDTH="31"/>
						<String ID="word000092" HPOS="444" VPOS="643" WIDTH="67" HEIGHT="40" CONTENT="but" WC="0.93" CC="011"/>
						<SP ID="P14_SP00091" HPOS="511" VPOS="686" WIDTH="30"/>
						<String ID="word000093" HPOS="541" VPOS="643" WIDTH="37" HEIGHT="39" CONTENT="if" WC="1.00" CC="00"/>
						<SP ID="P14_SP00092" HPOS="578" VPOS="686" WIDTH="19"/>
						<String ID="word000094" HPOS="596" VPOS="641" WIDTH="34" HEIGHT="40" CONTENT="it" WC="0.94" CC="10"/>
						<SP ID="P14_SP00093" HPOS="631" VPOS="686" WIDTH="20"/>
						<String ID="word000095" HPOS="651" VPOS="643" WIDTH="46" HEIGHT="43" CONTENT="be" WC="0.94" CC="10"/>
						<SP ID="P14_SP00094" HPOS="697" VPOS="686" WIDTH="20"/>
						<String ID="word000096" HPOS="717" VPOS="641" WIDTH="70" HEIGHT="40" CONTENT="Hie" WC="0.63" CC="640"/>
						<SP ID="P14_SP00095" HPOS="787" VPOS="686" WIDTH="20"/>
						<String ID="word000097" HPOS="807" VPOS="641" WIDTH="240" HEIGHT="52" CONTENT="production" WC="0.76" CC="1330134151"/>
						<SP ID="P14_SP00096" HPOS="1046" VPOS="693" WIDTH="22"/>
						<String ID="word000098" HPOS="1069" VPOS="640" WIDTH="50" HEIGHT="40" CONTENT="of" WC="1.00" CC="00"/>
						<SP ID="P14_SP00097" HPOS="1119" VPOS="693" WIDTH="17"/>
						<String ID="word000099" HPOS="1135" VPOS="653" WIDTH="24" HEIGHT="27" CONTENT="a" WC="1.00" CC="0"/>
						<SP ID="P14_SP00098" HPOS="1159" VPOS="693" WIDTH="14"/>
						<String ID="word000100" HPOS="1173" VPOS="647" WIDTH="167" HEIGHT="34" CONTENT="veteran" WC="0.98" CC="0010000"/>
						<SP ID="P14_SP00099" HPOS="1339" VPOS="693" WIDTH="24"/>
						<String ID="word000101" HPOS="1363" VPOS="643" WIDTH="136" HEIGHT="39" CONTENT="writer" WC="0.98" CC="000010"/>
						<SP ID="P14_SP00100" HPOS="1499" VPOS="693" WIDTH="22"/>
						<String ID="word000102" HPOS="1521" VPOS="656" WIDTH="56" HEIGHT="26" CONTENT="we" WC="0.89" CC="11"/>
						<SP ID="P14_SP00101" HPOS="1577" VPOS="693" WIDTH="0"/>
					</TextLine>
					<TextLine ID="P14_TL00011" HPOS="235" VPOS="689" WIDTH="1343" HEIGHT="51">
						<String ID="word000103" HPOS="235" VPOS="694" WIDTH="135" HEIGHT="40" CONTENT="would" WC="0.91" CC="13000"/>
						<SP ID="P14_SP00102" HPOS="370" VPOS="735" WIDTH="25"/>
						<String ID="word000104" HPOS="394" VPOS="694" WIDTH="135" HEIGHT="40" CONTENT="rather" WC="0.98" CC="001000"/>
						<SP ID="P14_SP00103" HPOS="529" VPOS="735" WIDTH="15"/>
						<String ID="word000105" HPOS="544" VPOS="691" WIDTH="78" HEIGHT="44" CONTENT="can" WC="0.78" CC="105"/>
						<SP ID="P14_SP00104" HPOS="622" VPOS="735" WIDTH="20"/>
						<String ID="word000106" HPOS="643" VPOS="696" WIDTH="28" HEIGHT="39" CONTENT="it" WC="0.94" CC="01"/>
						<SP ID="P14_SP00105" HPOS="671" VPOS="735" WIDTH="18"/>
						<String ID="word000107" HPOS="689" VPOS="703" WIDTH="26" HEIGHT="32" CONTENT="it" WC="0.33" CC="75"/>
						<SP ID="P14_SP00106" HPOS="715" VPOS="735" WIDTH="13"/>
						<String ID="word000108" HPOS="728" VPOS="699" WIDTH="154" HEIGHT="35" CONTENT="retreat" WC="0.98" CC="0000100"/>
						<SP ID="P14_SP00107" HPOS="881" VPOS="735" WIDTH="12"/>
						<String ID="word000109" HPOS="893" VPOS="689" WIDTH="124" HEIGHT="51" CONTENT="from," WC="0.60" CC="05571"/>
						<SP ID="P14_SP00108" HPOS="1017" VPOS="739" WIDTH="14"/>
						<String ID="word000110" HPOS="1031" VPOS="691" WIDTH="100" HEIGHT="43" CONTENT="than" WC="0.86" CC="0311"/>
						<SP ID="P14_SP00109" HPOS="1131" VPOS="739" WIDTH="18"/>
						<String ID="word000111" HPOS="1149" VPOS="699" WIDTH="47" HEIGHT="35" CONTENT="ltrh" WC="0.67" CC="3333"/>
						<SP ID="P14_SP00110" HPOS="1196" VPOS="739" WIDTH="14"/>
						<String ID="word000112" HPOS="1211" VPOS="694" WIDTH="180" HEIGHT="40" CONTENT="advance" WC="0.94" CC="2010100"/>
						<SP ID="P14_SP00111" HPOS="1390" VPOS="739" WIDTH="14"/>
						<String ID="word000113" HPOS="1404" VPOS="696" WIDTH="174" HEIGHT="40" CONTENT="toWards" WC="0.62" CC="3453333"/>
						<SP ID="P14_SP00112" HPOS="1578" VPOS="739" WIDTH="0"/>
					</TextLine>
					<TextLine ID="P14_TL00012" HPOS="234" VPOS="746" WIDTH="246" HEIGHT="54">
						<String ID="word000114" HPOS="234" VPOS="746" WIDTH="246" HEIGHT="53" CONTENT="perfection." WC="0.99" CC="01000000000"/>
						<SP ID="P14_SP00113" HPOS="480" VPOS="800" WIDTH="0"/>
					</TextLine>
					<TextLine ID="P14_TL00013" HPOS="291" VPOS="794" WIDTH="1278" HEIGHT="60">
						<String ID="word000115" HPOS="291" VPOS="801" WIDTH="86" HEIGHT="39" CONTENT="The" WC="1.00" CC="000"/>
						<SP ID="P14_SP00114" HPOS="377" VPOS="840" WIDTH="31"/>
						<String ID="word000116" HPOS="407" VPOS="794" WIDTH="219" HEIGHT="60" CONTENT="ptologue," WC="0.52" CC="383635335"/>
						<SP ID="P14_SP00115" HPOS="626" VPOS="854" WIDTH="20"/>
						<String ID="word000117" HPOS="646" VPOS="796" WIDTH="126" HEIGHT="45" CONTENT="which" WC="1.00" CC="00000"/>
						<SP ID="P14_SP00116" HPOS="772" VPOS="854" WIDTH="33"/>
						<String ID="word000118" HPOS="806" VPOS="813" WIDTH="80" HEIGHT="27" CONTENT="was" WC="0.70" CC="026"/>
						<SP ID="P14_SP00117" HPOS="886" VPOS="854" WIDTH="18"/>
						<String ID="word000119" HPOS="904" VPOS="797" WIDTH="242" HEIGHT="56" CONTENT="0%0416111y" WC="0.34" CC="7776676661"/>
						<SP ID="P14_SP00118" HPOS="1146" VPOS="854" WIDTH="21"/>
						<String ID="word000120" HPOS="1167" VPOS="797" WIDTH="85" HEIGHT="43" CONTENT="well" WC="0.86" CC="0023"/>
						<SP ID="P14_SP00119" HPOS="1252" VPOS="854" WIDTH="33"/>
						<String ID="word000121" HPOS="1285" VPOS="798" WIDTH="206" HEIGHT="43" CONTENT="delivered" WC="0.80" CC="114351001"/>
						<SP ID="P14_SP00120" HPOS="1491" VPOS="854" WIDTH="33"/>
						<String ID="word000122" HPOS="1524" VPOS="802" WIDTH="45" HEIGHT="52" CONTENT="b)" WC="0.44" CC="46"/>
						<SP ID="P14_SP00121" HPOS="1569" VPOS="854" WIDTH="0"/>
					</TextLine>
					<TextLine ID="P14_TL00014" HPOS="233" VPOS="847" WIDTH="1339" HEIGHT="59">
						<String ID="word000123" HPOS="233" VPOS="852" WIDTH="84" HEIGHT="39" CONTENT="Mr." WC="0.96" CC="100"/>
						<SP ID="P14_SP00122" HPOS="317" VPOS="891" WIDTH="41"/>
						<String ID="word000124" HPOS="358" VPOS="854" WIDTH="216" HEIGHT="44" CONTENT="Mathews," WC="0.72" CC="03016172"/>
						<SP ID="P14_SP00123" HPOS="574" VPOS="898" WIDTH="31"/>
						<String ID="word000125" HPOS="605" VPOS="852" WIDTH="84" HEIGHT="43" CONTENT="told" WC="1.00" CC="0000"/>
						<SP ID="P14_SP00124" HPOS="689" VPOS="898" WIDTH="24"/>
						<String ID="word000126" HPOS="712" VPOS="867" WIDTH="44" HEIGHT="27" CONTENT="us" WC="0.83" CC="21"/>
						<SP ID="P14_SP00125" HPOS="756" VPOS="898" WIDTH="32"/>
						<String ID="word000127" HPOS="788" VPOS="854" WIDTH="233" HEIGHT="52" CONTENT="something" WC="0.94" CC="301000010"/>
						<SP ID="P14_SP00126" HPOS="1020" VPOS="906" WIDTH="30"/>
						<String ID="word000128" HPOS="1050" VPOS="854" WIDTH="130" HEIGHT="39" CONTENT="about" WC="1.00" CC="00000"/>
						<SP ID="P14_SP00127" HPOS="1180" VPOS="906" WIDTH="34"/>
						<String ID="word000129" HPOS="1214" VPOS="862" WIDTH="74" HEIGHT="31" CONTENT="our" WC="0.96" CC="010"/>
						<SP ID="P14_SP00128" HPOS="1289" VPOS="906" WIDTH="39"/>
						<String ID="word000130" HPOS="1328" VPOS="847" WIDTH="151" HEIGHT="59" CONTENT="having" WC="0.93" CC="110110"/>
						<SP ID="P14_SP00129" HPOS="1479" VPOS="906" WIDTH="19"/>
						<String ID="word000131" HPOS="1498" VPOS="855" WIDTH="57" HEIGHT="39" CONTENT="fre" SUBS_TYPE="HypPart1" SUBS_CONTENT="frequently" WC="0.97" CC="100"/>
						<HYP HPOS="1554" VPOS="855" WIDTH="18" CONTENT="-"/>
					</TextLine>
					<TextLine ID="P14_TL00015" HPOS="231" VPOS="905" WIDTH="1343" HEIGHT="61">
						<String ID="word000132" HPOS="231" VPOS="905" WIDTH="168" HEIGHT="52" CONTENT="quently" SUBS_TYPE="HypPart2" SUBS_CONTENT="frequently" WC="0.98" CC="0000100"/>
						<SP ID="P14_SP00130" HPOS="399" VPOS="957" WIDTH="41"/>
						<String ID="word000133" HPOS="441" VPOS="915" WIDTH="81" HEIGHT="30" CONTENT="met." WC="0.72" CC="1045"/>
						<SP ID="P14_SP00131" HPOS="522" VPOS="957" WIDTH="21"/>
						<String ID="word000134" HPOS="543" VPOS="908" WIDTH="94" HEIGHT="38" CONTENT="with" WC="0.86" CC="0032"/>
						<SP ID="P14_SP00132" HPOS="638" VPOS="957" WIDTH="21"/>
						<String ID="word000135" HPOS="659" VPOS="909" WIDTH="63" HEIGHT="37" CONTENT="old" WC="0.85" CC="130" STYLEREFS="TXT_2"/>
						<SP ID="P14_SP00133" HPOS="722" VPOS="957" WIDTH="15"/>
						<String ID="word000136" HPOS="737" VPOS="907" WIDTH="227" HEIGHT="59" CONTENT="tharailfes" WC="0.34" CC="8333388887"/>
						<SP ID="P14_SP00134" HPOS="964" VPOS="966" WIDTH="32"/>
						<String ID="word000137" HPOS="996" VPOS="907" WIDTH="37" HEIGHT="37" CONTENT="in" WC="0.94" CC="10"/>
						<SP ID="P14_SP00135" HPOS="1032" VPOS="966" WIDTH="22"/>
						<String ID="word000138" HPOS="1055" VPOS="919" WIDTH="86" HEIGHT="27" CONTENT="new" WC="1.00" CC="000" STYLEREFS="TXT_3"/>
						<SP ID="P14_SP00136" HPOS="1141" VPOS="966" WIDTH="19"/>
						<String ID="word000139" HPOS="1160" VPOS="905" WIDTH="222" HEIGHT="47" CONTENT="comedies;" WC="0.99" CC="100000000"/>
						<SP ID="P14_SP00137" HPOS="1382" VPOS="966" WIDTH="32"/>
						<String ID="word000140" HPOS="1414" VPOS="906" WIDTH="81" HEIGHT="41" CONTENT="and" WC="0.96" CC="100"/>
						<SP ID="P14_SP00138" HPOS="1495" VPOS="966" WIDTH="21"/>
						<String ID="word000141" HPOS="1517" VPOS="921" WIDTH="57" HEIGHT="27" CONTENT="we" WC="1.00" CC="00"/>
						<SP ID="P14_SP00139" HPOS="1573" VPOS="966" WIDTH="0"/>
					</TextLine>
					<TextLine ID="P14_TL00016" HPOS="231" VPOS="956" WIDTH="1341" HEIGHT="57">
						<String ID="word000142" HPOS="231" VPOS="958" WIDTH="208" HEIGHT="40" CONTENT="therefore" WC="1.00" CC="000000000"/>
						<SP ID="P14_SP00140" HPOS="439" VPOS="998" WIDTH="33"/>
						<String ID="word000143" HPOS="472" VPOS="959" WIDTH="196" HEIGHT="53" CONTENT="expected" WC="0.99" CC="00000010"/>
						<SP ID="P14_SP00141" HPOS="669" VPOS="1012" WIDTH="20"/>
						<String ID="word000144" HPOS="689" VPOS="963" WIDTH="43" HEIGHT="35" CONTENT="to" WC="1.00" CC="00"/>
						<SP ID="P14_SP00142" HPOS="731" VPOS="1012" WIDTH="20"/>
						<String ID="word000145" HPOS="751" VPOS="959" WIDTH="178" HEIGHT="53" CONTENT="banquet" WC="0.98" CC="0001000"/>
						<SP ID="P14_SP00143" HPOS="930" VPOS="1012" WIDTH="32"/>
						<String ID="word000146" HPOS="961" VPOS="964" WIDTH="43" HEIGHT="34" CONTENT="at" WC="0.67" CC="60"/>
						<SP ID="P14_SP00144" HPOS="1004" VPOS="1012" WIDTH="32"/>
						<String ID="word000147" HPOS="1036" VPOS="956" WIDTH="78" HEIGHT="43" CONTENT="last" WC="0.89" CC="3010"/>
						<SP ID="P14_SP00145" HPOS="1114" VPOS="1012" WIDTH="20"/>
						<String ID="word000148" HPOS="1134" VPOS="972" WIDTH="51" HEIGHT="26" CONTENT="on" WC="1.00" CC="00"/>
						<SP ID="P14_SP00146" HPOS="1185" VPOS="1012" WIDTH="31"/>
						<String ID="word000149" HPOS="1215" VPOS="958" WIDTH="189" HEIGHT="52" CONTENT="novelty;" WC="0.82" CC="00101326"/>
						<SP ID="P14_SP00147" HPOS="1404" VPOS="1012" WIDTH="30"/>
						<String ID="word000150" HPOS="1434" VPOS="972" WIDTH="26" HEIGHT="26" CONTENT="a" WC="1.00" CC="0"/>
						<SP ID="P14_SP00148" HPOS="1460" VPOS="1012" WIDTH="30"/>
						<String ID="word000151" HPOS="1489" VPOS="960" WIDTH="83" HEIGHT="41" CONTENT="dish" WC="0.97" CC="1000"/>
						<SP ID="P14_SP00149" HPOS="1572" VPOS="1012" WIDTH="0"/>
					</TextLine>
					<TextLine ID="P14_TL00017" HPOS="230" VPOS="1007" WIDTH="1339" HEIGHT="60">
						<String ID="word000152" HPOS="230" VPOS="1007" WIDTH="132" HEIGHT="50" CONTENT="which" WC="0.91" CC="30001"/>
						<SP ID="P14_SP00150" HPOS="363" VPOS="1057" WIDTH="25"/>
						<String ID="word000153" HPOS="387" VPOS="1013" WIDTH="71" HEIGHT="38" CONTENT="has" WC="1.00" CC="000"/>
						<SP ID="P14_SP00151" HPOS="458" VPOS="1057" WIDTH="19"/>
						<String ID="word000154" HPOS="477" VPOS="1019" WIDTH="73" HEIGHT="31" CONTENT="not" WC="0.89" CC="111"/>
						<SP ID="P14_SP00152" HPOS="550" VPOS="1057" WIDTH="20"/>
						<String ID="word000155" HPOS="570" VPOS="1012" WIDTH="65" HEIGHT="39" CONTENT="for" WC="0.85" CC="310"/>
						<SP ID="P14_SP00153" HPOS="635" VPOS="1057" WIDTH="20"/>
						<String ID="word000156" HPOS="656" VPOS="1020" WIDTH="116" HEIGHT="45" CONTENT="many" WC="0.75" CC="0441"/>
						<SP ID="P14_SP00154" HPOS="771" VPOS="1065" WIDTH="18"/>
						<String ID="word000157" HPOS="789" VPOS="1020" WIDTH="116" HEIGHT="46" CONTENT="years" WC="0.89" CC="11003"/>
						<SP ID="P14_SP00155" HPOS="905" VPOS="1067" WIDTH="19"/>
						<String ID="word000158" HPOS="924" VPOS="1012" WIDTH="190" HEIGHT="50" CONTENT="gratified" WC="0.99" CC="001000000"/>
						<SP ID="P14_SP00156" HPOS="1114" VPOS="1067" WIDTH="18"/>
						<String ID="word000159" HPOS="1131" VPOS="1013" WIDTH="67" HEIGHT="38" CONTENT="the" WC="1.00" CC="000"/>
						<SP ID="P14_SP00157" HPOS="1199" VPOS="1067" WIDTH="18"/>
						<String ID="word000160" HPOS="1217" VPOS="1010" WIDTH="138" HEIGHT="54" CONTENT="public" WC="0.89" CC="033000"/>
						<SP ID="P14_SP00158" HPOS="1355" VPOS="1067" WIDTH="18"/>
						<String ID="word000161" HPOS="1372" VPOS="1015" WIDTH="196" HEIGHT="52" CONTENT="appetite." WC="0.90" CC="011003030"/>
						<SP ID="P14_SP00159" HPOS="1569" VPOS="1067" WIDTH="0"/>
					</TextLine>
					<TextLine ID="P14_TL00018" HPOS="229" VPOS="1061" WIDTH="1342" HEIGHT="58">
						<String ID="word000162" HPOS="229" VPOS="1061" WIDTH="79" HEIGHT="40" CONTENT="We" WC="1.00" CC="00"/>
						<SP ID="P14_SP00160" HPOS="308" VPOS="1101" WIDTH="21"/>
						<String ID="word000163" HPOS="330" VPOS="1076" WIDTH="119" HEIGHT="33" CONTENT="were," WC="0.98" CC="00010"/>
						<SP ID="P14_SP00161" HPOS="449" VPOS="1109" WIDTH="30"/>
						<String ID="word000164" HPOS="478" VPOS="1064" WIDTH="206" HEIGHT="47" CONTENT="however," WC="0.82" CC="01351111"/>
						<SP ID="P14_SP00162" HPOS="684" VPOS="1111" WIDTH="27"/>
						<String ID="word000165" HPOS="711" VPOS="1063" WIDTH="298" HEIGHT="56" CONTENT="disappointed." WC="0.77" CC="1642114111113"/>
						<SP ID="P14_SP00163" HPOS="1009" VPOS="1119" WIDTH="59"/>
						<String ID="word000166" HPOS="1068" VPOS="1067" WIDTH="76" HEIGHT="38" CONTENT="We" WC="0.89" CC="20"/>
						<SP ID="P14_SP00164" HPOS="1143" VPOS="1119" WIDTH="14"/>
						<String ID="word000167" HPOS="1157" VPOS="1078" WIDTH="100" HEIGHT="26" CONTENT="were" WC="0.94" CC="1001"/>
						<SP ID="P14_SP00165" HPOS="1258" VPOS="1119" WIDTH="22"/>
						<String ID="word000168" HPOS="1280" VPOS="1065" WIDTH="234" HEIGHT="40" CONTENT="introduced" WC="0.97" CC="0000110100"/>
						<SP ID="P14_SP00166" HPOS="1514" VPOS="1119" WIDTH="14"/>
						<String ID="word000169" HPOS="1528" VPOS="1074" WIDTH="43" HEIGHT="32" CONTENT="to" WC="1.00" CC="00"/>
						<SP ID="P14_SP00167" HPOS="1571" VPOS="1119" WIDTH="0"/>
					</TextLine>
					<TextLine ID="P14_TL00019" HPOS="223" VPOS="1117" WIDTH="1348" HEIGHT="54">
						<String ID="word000170" HPOS="223" VPOS="1126" WIDTH="125" HEIGHT="40" CONTENT="imany" WC="0.49" CC="75335"/>
						<SP ID="P14_SP00168" HPOS="348" VPOS="1166" WIDTH="26"/>
						<String ID="word000171" HPOS="374" VPOS="1117" WIDTH="230" HEIGHT="41" CONTENT="characters" WC="0.95" CC="0000000004"/>
						<SP ID="P14_SP00169" HPOS="605" VPOS="1166" WIDTH="17"/>
						<String ID="word000172" HPOS="621" VPOS="1117" WIDTH="25" HEIGHT="38" CONTENT="it" WC="0.94" CC="01"/>
						<SP ID="P14_SP00170" HPOS="646" VPOS="1166" WIDTH="26"/>
						<String ID="word000173" HPOS="672" VPOS="1119" WIDTH="30" HEIGHT="39" CONTENT="is" WC="1.00" CC="00"/>
						<SP ID="P14_SP00171" HPOS="702" VPOS="1166" WIDTH="19"/>
						<String ID="word000174" HPOS="720" VPOS="1124" WIDTH="105" HEIGHT="39" CONTENT="true," WC="0.95" CC="10001"/>
						<SP ID="P14_SP00172" HPOS="826" VPOS="1166" WIDTH="32"/>
						<String ID="word000175" HPOS="857" VPOS="1119" WIDTH="72" HEIGHT="39" CONTENT="but" WC="1.00" CC="000"/>
						<SP ID="P14_SP00173" HPOS="930" VPOS="1166" WIDTH="19"/>
						<String ID="word000176" HPOS="948" VPOS="1117" WIDTH="182" HEIGHT="53" CONTENT="strongly" WC="0.85" CC="41100410"/>
						<SP ID="P14_SP00174" HPOS="1130" VPOS="1170" WIDTH="27"/>
						<String ID="word000177" HPOS="1157" VPOS="1119" WIDTH="220" HEIGHT="52" CONTENT="suspected," WC="0.78" CC="3120531113"/>
						<SP ID="P14_SP00175" HPOS="1377" VPOS="1170" WIDTH="21"/>
						<String ID="word000178" HPOS="1398" VPOS="1120" WIDTH="94" HEIGHT="45" CONTENT="and," WC="1.00" CC="0000"/>
						<SP ID="P14_SP00176" HPOS="1493" VPOS="1170" WIDTH="21"/>
						<String ID="word000179" HPOS="1514" VPOS="1121" WIDTH="38" HEIGHT="37" CONTENT="in" SUBS_TYPE="HypPart1" SUBS_CONTENT="indeed," WC="1.00" CC="00"/>
						<HYP HPOS="1552" VPOS="1121" WIDTH="19" CONTENT="-"/>
					</TextLine>
					<TextLine ID="P14_TL00020" HPOS="229" VPOS="1166" WIDTH="1348" HEIGHT="58">
						<String ID="word000180" HPOS="229" VPOS="1166" WIDTH="119" HEIGHT="45" CONTENT="deed," SUBS_TYPE="HypPart2" SUBS_CONTENT="indeed," WC="0.95" CC="20000"/>
						<SP ID="P14_SP00177" HPOS="348" VPOS="1211" WIDTH="24"/>
						<String ID="word000181" HPOS="372" VPOS="1180" WIDTH="100" HEIGHT="28" CONTENT="were" WC="1.00" CC="0000"/>
						<SP ID="P14_SP00178" HPOS="472" VPOS="1211" WIDTH="17"/>
						<String ID="word000182" HPOS="489" VPOS="1170" WIDTH="222" HEIGHT="41" CONTENT="convinced" WC="0.97" CC="000101000"/>
						<SP ID="P14_SP00179" HPOS="711" VPOS="1212" WIDTH="33"/>
						<String ID="word000183" HPOS="744" VPOS="1170" WIDTH="90" HEIGHT="40" CONTENT="that" WC="1.00" CC="0000"/>
						<SP ID="P14_SP00180" HPOS="834" VPOS="1212" WIDTH="31"/>
						<String ID="word000184" HPOS="865" VPOS="1183" WIDTH="58" HEIGHT="27" CONTENT="we" WC="0.94" CC="10"/>
						<SP ID="P14_SP00181" HPOS="922" VPOS="1212" WIDTH="33"/>
						<String ID="word000185" HPOS="956" VPOS="1167" WIDTH="78" HEIGHT="44" CONTENT="had" WC="0.96" CC="010"/>
						<SP ID="P14_SP00182" HPOS="1033" VPOS="1212" WIDTH="33"/>
						<String ID="word000186" HPOS="1067" VPOS="1168" WIDTH="80" HEIGHT="41" CONTENT="had" WC="0.81" CC="410"/>
						<SP ID="P14_SP00183" HPOS="1147" VPOS="1212" WIDTH="20"/>
						<String ID="word000187" HPOS="1167" VPOS="1185" WIDTH="112" HEIGHT="26" CONTENT="some" WC="1.00" CC="0000"/>
						<SP ID="P14_SP00184" HPOS="1279" VPOS="1212" WIDTH="25"/>
						<String ID="word000188" HPOS="1304" VPOS="1170" WIDTH="21" HEIGHT="53" CONTENT="m" WC="0.56" CC="8" STYLEREFS="TXT_2"/>
						<String ID="word000189" HPOS="1325" VPOS="1170" WIDTH="21" HEIGHT="53" CONTENT="o" STYLE="superscript" WC="0.56" CC="7" STYLEREFS="TXT_2"/>
						<String ID="word000190" HPOS="1346" VPOS="1170" WIDTH="149" HEIGHT="53" CONTENT="limpses" WC="0.56" CC="4333323" STYLEREFS="TXT_2"/>
						<SP ID="P14_SP00185" HPOS="1495" VPOS="1224" WIDTH="34"/>
						<String ID="word000191" HPOS="1530" VPOS="1173" WIDTH="47" HEIGHT="38" CONTENT="of" WC="1.00" CC="00"/>
						<SP ID="P14_SP00186" HPOS="1577" VPOS="1224" WIDTH="0"/>
					</TextLine>
					<TextLine ID="P14_TL00021" HPOS="227" VPOS="1219" WIDTH="1342" HEIGHT="57">
						<String ID="word000192" HPOS="227" VPOS="1219" WIDTH="116" HEIGHT="43" CONTENT="them" WC="0.75" CC="0513"/>
						<SP ID="P14_SP00187" HPOS="343" VPOS="1261" WIDTH="21"/>
						<String ID="word000193" HPOS="364" VPOS="1221" WIDTH="141" HEIGHT="41" CONTENT="before" WC="0.87" CC="015001"/>
						<SP ID="P14_SP00188" HPOS="504" VPOS="1263" WIDTH="19"/>
						<String ID="word000194" HPOS="523" VPOS="1235" WIDTH="53" HEIGHT="27" CONTENT="on" WC="0.94" CC="10"/>
						<SP ID="P14_SP00189" HPOS="576" VPOS="1263" WIDTH="21"/>
						<String ID="word000195" HPOS="598" VPOS="1225" WIDTH="67" HEIGHT="38" CONTENT="the" WC="1.00" CC="000"/>
						<SP ID="P14_SP00190" HPOS="665" VPOS="1263" WIDTH="27"/>
						<String ID="word000196" HPOS="692" VPOS="1230" WIDTH="139" HEIGHT="46" CONTENT="stage;" WC="0.91" CC="000032" STYLEREFS="TXT_4"/>
						<SP ID="P14_SP00191" HPOS="831" VPOS="1276" WIDTH="31"/>
						<String ID="word000197" HPOS="862" VPOS="1227" WIDTH="163" HEIGHT="48" CONTENT="except," WC="0.97" CC="0000101"/>
						<SP ID="P14_SP00192" HPOS="1025" VPOS="1276" WIDTH="21"/>
						<String ID="word000198" HPOS="1046" VPOS="1224" WIDTH="184" HEIGHT="52" CONTENT="perhaps," WC="0.86" CC="11110150"/>
						<SP ID="P14_SP00193" HPOS="1231" VPOS="1276" WIDTH="38"/>
						<String ID="word000199" HPOS="1269" VPOS="1224" WIDTH="51" HEIGHT="39" CONTENT="of" WC="0.56" CC="26"/>
						<SP ID="P14_SP00194" HPOS="1319" VPOS="1276" WIDTH="14"/>
						<String ID="word000200" HPOS="1333" VPOS="1225" WIDTH="87" HEIGHT="38" CONTENT="that" WC="0.89" CC="1210"/>
						<SP ID="P14_SP00195" HPOS="1421" VPOS="1276" WIDTH="20"/>
						<String ID="word000201" HPOS="1441" VPOS="1225" WIDTH="128" HEIGHT="39" CONTENT="which" WC="0.95" CC="10001"/>
						<SP ID="P14_SP00196" HPOS="1569" VPOS="1276" WIDTH="0"/>
					</TextLine>
					<TextLine ID="P14_TL00022" HPOS="229" VPOS="1273" WIDTH="1338" HEIGHT="58">
						<String ID="word000202" HPOS="229" VPOS="1273" WIDTH="231" HEIGHT="41" CONTENT="Johnstone" WC="0.90" CC="000510101"/>
						<SP ID="P14_SP00197" HPOS="461" VPOS="1315" WIDTH="47"/>
						<String ID="word000203" HPOS="508" VPOS="1274" WIDTH="222" HEIGHT="53" CONTENT="admirably" WC="1.00" CC="000000000"/>
						<SP ID="P14_SP00198" HPOS="730" VPOS="1328" WIDTH="39"/>
						<String ID="word000204" HPOS="769" VPOS="1276" WIDTH="363" HEIGHT="52" CONTENT="represented—an" WC="0.90" CC="00000300012330"/>
						<SP ID="P14_SP00199" HPOS="1131" VPOS="1328" WIDTH="44"/>
						<String ID="word000205" HPOS="1175" VPOS="1278" WIDTH="142" HEIGHT="38" CONTENT="honest" WC="0.81" CC="213130"/>
						<SP ID="P14_SP00200" HPOS="1317" VPOS="1328" WIDTH="47"/>
						<String ID="word000206" HPOS="1364" VPOS="1281" WIDTH="203" HEIGHT="50" CONTENT="attorney," WC="1.00" CC="000000000"/>
						<SP ID="P14_SP00201" HPOS="1567" VPOS="1331" WIDTH="0"/>
					</TextLine>
					<TextLine ID="P14_TL00023" HPOS="226" VPOS="1326" WIDTH="1343" HEIGHT="55">
						<String ID="word000207" HPOS="226" VPOS="1326" WIDTH="98" HEIGHT="39" CONTENT="who" WC="0.81" CC="500"/>
						<SP ID="P14_SP00202" HPOS="324" VPOS="1365" WIDTH="21"/>
						<String ID="word000208" HPOS="345" VPOS="1338" WIDTH="174" HEIGHT="28" CONTENT="assumes" WC="0.95" CC="0010011"/>
						<SP ID="P14_SP00203" HPOS="519" VPOS="1367" WIDTH="20"/>
						<String ID="word000209" HPOS="539" VPOS="1328" WIDTH="71" HEIGHT="39" CONTENT="the" WC="0.96" CC="001"/>
						<SP ID="P14_SP00204" HPOS="609" VPOS="1367" WIDTH="19"/>
						<String ID="word000210" HPOS="628" VPOS="1341" WIDTH="250" HEIGHT="40" CONTENT="appearance" WC="0.99" CC="0001000000"/>
						<SP ID="P14_SP00205" HPOS="879" VPOS="1381" WIDTH="20"/>
						<String ID="word000211" HPOS="899" VPOS="1329" WIDTH="48" HEIGHT="38" CONTENT="of" WC="0.94" CC="01"/>
						<SP ID="P14_SP00206" HPOS="947" VPOS="1381" WIDTH="14"/>
						<String ID="word000212" HPOS="961" VPOS="1342" WIDTH="22" HEIGHT="25" CONTENT="a" WC="0.89" CC="1"/>
						<SP ID="P14_SP00207" HPOS="984" VPOS="1381" WIDTH="20"/>
						<String ID="word000213" HPOS="1004" VPOS="1328" WIDTH="142" HEIGHT="40" CONTENT="rascal." WC="0.76" CC="0530115"/>
						<SP ID="P14_SP00208" HPOS="1146" VPOS="1381" WIDTH="58"/>
						<String ID="word000214" HPOS="1204" VPOS="1332" WIDTH="78" HEIGHT="35" CONTENT="But" WC="0.96" CC="100"/>
						<SP ID="P14_SP00209" HPOS="1281" VPOS="1381" WIDTH="20"/>
						<String ID="word000215" HPOS="1302" VPOS="1330" WIDTH="78" HEIGHT="39" CONTENT="this" WC="0.92" CC="0003"/>
						<SP ID="P14_SP00210" HPOS="1380" VPOS="1381" WIDTH="35"/>
						<String ID="word000216" HPOS="1415" VPOS="1330" WIDTH="31" HEIGHT="38" CONTENT="is" WC="0.78" CC="04"/>
						<SP ID="P14_SP00211" HPOS="1446" VPOS="1381" WIDTH="38"/>
						<String ID="word000217" HPOS="1483" VPOS="1337" WIDTH="85" HEIGHT="39" CONTENT="not," WC="1.00" CC="0000"/>
						<SP ID="P14_SP00212" HPOS="1569" VPOS="1381" WIDTH="0"/>
					</TextLine>
					<TextLine ID="P14_TL00024" HPOS="228" VPOS="1380" WIDTH="1341" HEIGHT="53">
						<String ID="word000218" HPOS="228" VPOS="1387" WIDTH="64" HEIGHT="31" CONTENT="we" WC="0.78" CC="31"/>
						<SP ID="P14_SP00213" HPOS="292" VPOS="1417" WIDTH="33"/>
						<String ID="word000219" HPOS="325" VPOS="1380" WIDTH="120" HEIGHT="39" CONTENT="much" WC="0.94" CC="1010"/>
						<SP ID="P14_SP00214" HPOS="445" VPOS="1419" WIDTH="24"/>
						<String ID="word000220" HPOS="469" VPOS="1380" WIDTH="103" HEIGHT="47" CONTENT="fear," WC="0.98" CC="00001"/>
						<SP ID="P14_SP00215" HPOS="572" VPOS="1427" WIDTH="20"/>
						<String ID="word000221" HPOS="592" VPOS="1393" WIDTH="25" HEIGHT="27" CONTENT="a" WC="0.78" CC="2"/>
						<SP ID="P14_SP00216" HPOS="617" VPOS="1427" WIDTH="19"/>
						<String ID="word000222" HPOS="635" VPOS="1394" WIDTH="99" HEIGHT="39" CONTENT="copy" WC="0.92" CC="2100"/>
						<SP ID="P14_SP00217" HPOS="735" VPOS="1433" WIDTH="40"/>
						<String ID="word000223" HPOS="775" VPOS="1381" WIDTH="109" HEIGHT="39" CONTENT="from" WC="1.00" CC="0000"/>
						<SP ID="P14_SP00218" HPOS="883" VPOS="1433" WIDTH="20"/>
						<String ID="word000224" HPOS="904" VPOS="1387" WIDTH="161" HEIGHT="41" CONTENT="nature," WC="0.95" CC="0000030"/>
						<SP ID="P14_SP00219" HPOS="1064" VPOS="1433" WIDTH="32"/>
						<String ID="word000225" HPOS="1096" VPOS="1381" WIDTH="31" HEIGHT="39" CONTENT="it" WC="1.00" CC="00"/>
						<SP ID="P14_SP00220" HPOS="1127" VPOS="1433" WIDTH="21"/>
						<String ID="word000226" HPOS="1148" VPOS="1380" WIDTH="30" HEIGHT="40" CONTENT="is" WC="1.00" CC="00"/>
						<SP ID="P14_SP00221" HPOS="1178" VPOS="1433" WIDTH="28"/>
						<String ID="word000227" HPOS="1206" VPOS="1393" WIDTH="22" HEIGHT="28" CONTENT="a" WC="1.00" CC="0"/>
						<SP ID="P14_SP00222" HPOS="1228" VPOS="1433" WIDTH="20"/>
						<String ID="word000228" HPOS="1248" VPOS="1383" WIDTH="148" HEIGHT="38" CONTENT="stretch" WC="0.86" CC="3104001"/>
						<SP ID="P14_SP00223" HPOS="1396" VPOS="1433" WIDTH="25"/>
						<String ID="word000229" HPOS="1421" VPOS="1383" WIDTH="51" HEIGHT="39" CONTENT="of" WC="1.00" CC="00"/>
						<SP ID="P14_SP00224" HPOS="1472" VPOS="1433" WIDTH="32"/>
						<String ID="word000230" HPOS="1504" VPOS="1383" WIDTH="65" HEIGHT="41" CONTENT="the" WC="0.96" CC="100"/>
						<SP ID="P14_SP00225" HPOS="1569" VPOS="1433" WIDTH="0"/>
					</TextLine>
					<TextLine ID="P14_TL00025" HPOS="228" VPOS="1428" WIDTH="1337" HEIGHT="56">
						<String ID="word000231" HPOS="228" VPOS="1428" WIDTH="272" HEIGHT="56" CONTENT="imagination" WC="0.91" CC="41102000001"/>
						<SP ID="P14_SP00226" HPOS="500" VPOS="1483" WIDTH="47"/>
						<String ID="word000232" HPOS="547" VPOS="1433" WIDTH="141" HEIGHT="41" CONTENT="rather" WC="1.00" CC="000000"/>
						<SP ID="P14_SP00227" HPOS="687" VPOS="1483" WIDTH="31"/>
						<String ID="word000233" HPOS="718" VPOS="1434" WIDTH="99" HEIGHT="39" CONTENT="than" WC="0.97" CC="0010"/>
						<SP ID="P14_SP00228" HPOS="817" VPOS="1483" WIDTH="35"/>
						<String ID="word000234" HPOS="853" VPOS="1435" WIDTH="70" HEIGHT="38" CONTENT="the" WC="1.00" CC="000"/>
						<SP ID="P14_SP00229" HPOS="922" VPOS="1483" WIDTH="37"/>
						<String ID="word000235" HPOS="959" VPOS="1435" WIDTH="126" HEIGHT="38" CONTENT="result" WC="0.94" CC="000030"/>
						<SP ID="P14_SP00230" HPOS="1085" VPOS="1483" WIDTH="37"/>
						<String ID="word000236" HPOS="1122" VPOS="1435" WIDTH="50" HEIGHT="39" CONTENT="of" WC="1.00" CC="00"/>
						<SP ID="P14_SP00231" HPOS="1172" VPOS="1483" WIDTH="32"/>
						<String ID="word000237" HPOS="1204" VPOS="1433" WIDTH="274" HEIGHT="43" CONTENT="observation." WC="0.75" CC="134621001063"/>
						<SP ID="P14_SP00232" HPOS="1478" VPOS="1483" WIDTH="56"/>
						<String ID="word000238" HPOS="1533" VPOS="1440" WIDTH="32" HEIGHT="38" CONTENT="It" WC="0.72" CC="50"/>
						<SP ID="P14_SP00233" HPOS="1565" VPOS="1483" WIDTH="0"/>
					</TextLine>
					<TextLine ID="P14_TL00026" HPOS="229" VPOS="1482" WIDTH="1336" HEIGHT="59">
						<String ID="word000239" HPOS="229" VPOS="1482" WIDTH="129" HEIGHT="41" CONTENT="'hews" WC="0.73" CC="71112"/>
						<SP ID="P14_SP00234" HPOS="358" VPOS="1524" WIDTH="14"/>
						<String ID="word000240" HPOS="372" VPOS="1495" WIDTH="90" HEIGHT="30" CONTENT="men" WC="1.00" CC="000"/>
						<SP ID="P14_SP00235" HPOS="462" VPOS="1525" WIDTH="18"/>
						<String ID="word000241" HPOS="480" VPOS="1498" WIDTH="43" HEIGHT="28" CONTENT="as" WC="0.94" CC="01"/>
						<SP ID="P14_SP00236" HPOS="522" VPOS="1526" WIDTH="20"/>
						<String ID="word000242" HPOS="542" VPOS="1487" WIDTH="98" HEIGHT="52" CONTENT="they" WC="0.97" CC="0010"/>
						<SP ID="P14_SP00237" HPOS="640" VPOS="1539" WIDTH="21"/>
						<String ID="word000243" HPOS="661" VPOS="1487" WIDTH="131" HEIGHT="53" CONTENT="ought" WC="1.00" CC="00000"/>
						<SP ID="P14_SP00238" HPOS="793" VPOS="1540" WIDTH="18"/>
						<String ID="word000244" HPOS="810" VPOS="1491" WIDTH="41" HEIGHT="35" CONTENT="to" WC="1.00" CC="00"/>
						<SP ID="P14_SP00239" HPOS="852" VPOS="1540" WIDTH="20"/>
						<String ID="word000245" HPOS="872" VPOS="1487" WIDTH="48" HEIGHT="40" CONTENT="be" WC="1.00" CC="00"/>
						<SP ID="P14_SP00240" HPOS="920" VPOS="1540" WIDTH="32"/>
						<String ID="word000246" HPOS="952" VPOS="1486" WIDTH="226" HEIGHT="54" CONTENT="(dropping" WC="0.95" CC="100101010"/>
						<SP ID="P14_SP00241" HPOS="1178" VPOS="1540" WIDTH="27"/>
						<String ID="word000247" HPOS="1205" VPOS="1488" WIDTH="71" HEIGHT="39" CONTENT="the" WC="1.00" CC="000"/>
						<SP ID="P14_SP00242" HPOS="1276" VPOS="1540" WIDTH="39"/>
						<String ID="word000248" HPOS="1315" VPOS="1500" WIDTH="250" HEIGHT="41" CONTENT="appearance" WC="0.95" CC="0111100000"/>
						<SP ID="P14_SP00243" HPOS="1565" VPOS="1541" WIDTH="0"/>
					</TextLine>
					<TextLine ID="P14_TL00027" HPOS="228" VPOS="1534" WIDTH="1337" HEIGHT="60">
						<String ID="word000249" HPOS="228" VPOS="1534" WIDTH="53" HEIGHT="41" CONTENT="of" WC="0.72" CC="50"/>
						<SP ID="P14_SP00244" HPOS="281" VPOS="1576" WIDTH="11"/>
						<String ID="word000250" HPOS="292" VPOS="1537" WIDTH="207" HEIGHT="54" CONTENT="rascality)" WC="0.89" CC="0133020100"/>
						<SP ID="P14_SP00245" HPOS="498" VPOS="1591" WIDTH="20"/>
						<String ID="word000251" HPOS="519" VPOS="1539" WIDTH="78" HEIGHT="39" CONTENT="and" WC="0.96" CC="100"/>
						<SP ID="P14_SP00246" HPOS="596" VPOS="1591" WIDTH="33"/>
						<String ID="word000252" HPOS="630" VPOS="1544" WIDTH="86" HEIGHT="41" CONTENT="not," WC="0.81" CC="0241"/>
						<SP ID="P14_SP00247" HPOS="716" VPOS="1591" WIDTH="20"/>
						<String ID="word000253" HPOS="736" VPOS="1538" WIDTH="305" HEIGHT="56" CONTENT="unfortunately" WC="0.99" CC="0000000000010"/>
						<SP ID="P14_SP00248" HPOS="1041" VPOS="1593" WIDTH="19"/>
						<String ID="word000254" HPOS="1059" VPOS="1552" WIDTH="44" HEIGHT="26" CONTENT="as" WC="0.94" CC="01"/>
						<SP ID="P14_SP00249" HPOS="1103" VPOS="1593" WIDTH="18"/>
						<String ID="word000255" HPOS="1121" VPOS="1540" WIDTH="94" HEIGHT="52" CONTENT="they" WC="0.97" CC="0010"/>
						<SP ID="P14_SP00250" HPOS="1215" VPOS="1593" WIDTH="20"/>
						<String ID="word000256" HPOS="1235" VPOS="1550" WIDTH="84" HEIGHT="30" CONTENT="ate." WC="0.94" CC="0110" STYLEREFS="TXT_3"/>
						<SP ID="P14_SP00251" HPOS="1319" VPOS="1593" WIDTH="56"/>
						<String ID="word000257" HPOS="1375" VPOS="1540" WIDTH="131" HEIGHT="41" CONTENT="There" WC="0.93" CC="11100"/>
						<SP ID="P14_SP00252" HPOS="1506" VPOS="1593" WIDTH="15"/>
						<String ID="word000258" HPOS="1521" VPOS="1543" WIDTH="44" HEIGHT="46" CONTENT="is," WC="0.96" CC="010"/>
						<SP ID="P14_SP00253" HPOS="1565" VPOS="1593" WIDTH="0"/>
					</TextLine>
					<TextLine ID="P14_TL00028" HPOS="227" VPOS="1589" WIDTH="1336" HEIGHT="58">
						<String ID="word000259" HPOS="227" VPOS="1589" WIDTH="194" HEIGHT="56" CONTENT="perhaps," WC="1.00" CC="00000000"/>
						<SP ID="P14_SP00254" HPOS="420" VPOS="1644" WIDTH="27"/>
						<String ID="word000260" HPOS="448" VPOS="1603" WIDTH="115" HEIGHT="28" CONTENT="some" WC="0.97" CC="1000"/>
						<SP ID="P14_SP00255" HPOS="562" VPOS="1644" WIDTH="19"/>
						<String ID="word000261" HPOS="581" VPOS="1589" WIDTH="163" HEIGHT="56" CONTENT="novelty" WC="0.98" CC="0000010"/>
						<SP ID="P14_SP00256" HPOS="744" VPOS="1644" WIDTH="14"/>
						<String ID="word000262" HPOS="758" VPOS="1598" WIDTH="89" HEIGHT="38" CONTENT="too," WC="0.94" CC="0200"/>
						<SP ID="P14_SP00257" HPOS="847" VPOS="1644" WIDTH="31"/>
						<String ID="word000263" HPOS="878" VPOS="1592" WIDTH="38" HEIGHT="39" CONTENT="in" WC="1.00" CC="00"/>
						<SP ID="P14_SP00258" HPOS="915" VPOS="1644" WIDTH="14"/>
						<String ID="word000264" HPOS="930" VPOS="1593" WIDTH="142" HEIGHT="53" CONTENT="giving" WC="0.93" CC="102001"/>
						<SP ID="P14_SP00259" HPOS="1071" VPOS="1646" WIDTH="20"/>
						<String ID="word000265" HPOS="1091" VPOS="1592" WIDTH="70" HEIGHT="40" CONTENT="the" WC="0.96" CC="001"/>
						<SP ID="P14_SP00260" HPOS="1161" VPOS="1646" WIDTH="19"/>
						<String ID="word000266" HPOS="1180" VPOS="1598" WIDTH="185" HEIGHT="48" CONTENT="attorney" WC="1.00" CC="00000000"/>
						<SP ID="P14_SP00261" HPOS="1365" VPOS="1646" WIDTH="20"/>
						<String ID="word000267" HPOS="1385" VPOS="1607" WIDTH="25" HEIGHT="26" CONTENT="a" WC="1.00" CC="0" STYLEREFS="TXT_3"/>
						<SP ID="P14_SP00262" HPOS="1410" VPOS="1646" WIDTH="19"/>
						<String ID="word000268" HPOS="1429" VPOS="1593" WIDTH="112" HEIGHT="41" CONTENT="think" SUBS_TYPE="HypPart1" SUBS_CONTENT="thinktnr," WC="0.85" CC="00013" STYLEREFS="TXT_3"/>
						<HYP HPOS="1541" VPOS="1593" WIDTH="21" CONTENT="-"/>
					</TextLine>
					<TextLine ID="P14_TL00029" HPOS="227" VPOS="1641" WIDTH="1339" HEIGHT="59">
						<String ID="word000269" HPOS="227" VPOS="1644" WIDTH="76" HEIGHT="46" CONTENT="tnr," SUBS_TYPE="HypPart2" SUBS_CONTENT="thinktnr," WC="0.39" CC="5575" STYLEREFS="TXT_3"/>
						<SP ID="P14_SP00263" HPOS="302" VPOS="1690" WIDTH="15"/>
						<String ID="word000270" HPOS="318" VPOS="1641" WIDTH="110" HEIGHT="41" CONTENT="clerk" WC="0.98" CC="01000"/>
						<SP ID="P14_SP00264" HPOS="428" VPOS="1690" WIDTH="18"/>
						<String ID="word000271" HPOS="445" VPOS="1661" WIDTH="12" HEIGHT="26" CONTENT=";" WC="1.00" CC="0"/>
						<SP ID="P14_SP00265" HPOS="457" VPOS="1690" WIDTH="48"/>
						<String ID="word000272" HPOS="506" VPOS="1641" WIDTH="76" HEIGHT="44" CONTENT="but" WC="0.78" CC="510"/>
						<SP ID="P14_SP00266" HPOS="581" VPOS="1690" WIDTH="35"/>
						<String ID="word000273" HPOS="617" VPOS="1657" WIDTH="44" HEIGHT="27" CONTENT="as" WC="0.94" CC="01"/>
						<SP ID="P14_SP00267" HPOS="660" VPOS="1690" WIDTH="24"/>
						<String ID="word000274" HPOS="684" VPOS="1645" WIDTH="365" HEIGHT="50" CONTENT="notwithstanding" WC="0.79" CC="102221051134331"/>
						<SP ID="P14_SP00268" HPOS="1049" VPOS="1695" WIDTH="33"/>
						<String ID="word000275" HPOS="1082" VPOS="1645" WIDTH="63" HEIGHT="39" CONTENT="his" WC="1.00" CC="000"/>
						<SP ID="P14_SP00269" HPOS="1144" VPOS="1695" WIDTH="24"/>
						<String ID="word000276" HPOS="1168" VPOS="1646" WIDTH="207" HEIGHT="51" CONTENT="reflecting" WC="0.97" CC="0011100000"/>
						<SP ID="P14_SP00270" HPOS="1375" VPOS="1697" WIDTH="35"/>
						<String ID="word000277" HPOS="1410" VPOS="1656" WIDTH="156" HEIGHT="44" CONTENT="powers" WC="0.80" CC="107201"/>
						<SP ID="P14_SP00271" HPOS="1566" VPOS="1700" WIDTH="0"/>
					</TextLine>
					<TextLine ID="P14_TL00030" HPOS="227" VPOS="1694" WIDTH="1338" HEIGHT="56">
						<String ID="word000278" HPOS="227" VPOS="1694" WIDTH="84" HEIGHT="40" CONTENT="and" WC="1.00" CC="000"/>
						<SP ID="P14_SP00272" HPOS="311" VPOS="1734" WIDTH="18"/>
						<String ID="word000279" HPOS="328" VPOS="1694" WIDTH="254" HEIGHT="56" CONTENT="disposition," WC="0.98" CC="000000101000"/>
						<SP ID="P14_SP00273" HPOS="582" VPOS="1749" WIDTH="31"/>
						<String ID="word000280" HPOS="613" VPOS="1696" WIDTH="48" HEIGHT="40" CONTENT="he" WC="1.00" CC="00"/>
						<SP ID="P14_SP00274" HPOS="661" VPOS="1749" WIDTH="19"/>
						<String ID="word000281" HPOS="680" VPOS="1695" WIDTH="78" HEIGHT="41" CONTENT="still" WC="0.93" CC="10110"/>
						<SP ID="P14_SP00275" HPOS="758" VPOS="1749" WIDTH="15"/>
						<String ID="word000282" HPOS="774" VPOS="1697" WIDTH="171" HEIGHT="40" CONTENT="remains" WC="0.97" CC="1100000"/>
						<SP ID="P14_SP00276" HPOS="945" VPOS="1749" WIDTH="19"/>
						<String ID="word000283" HPOS="964" VPOS="1710" WIDTH="25" HEIGHT="27" CONTENT="a" WC="1.00" CC="0"/>
						<SP ID="P14_SP00277" HPOS="989" VPOS="1749" WIDTH="30"/>
						<String ID="word000284" HPOS="1018" VPOS="1697" WIDTH="165" HEIGHT="40" CONTENT="faithful" WC="0.99" CC="00000001"/>
						<SP ID="P14_SP00278" HPOS="1183" VPOS="1749" WIDTH="20"/>
						<String ID="word000285" HPOS="1204" VPOS="1700" WIDTH="102" HEIGHT="39" CONTENT="echo" WC="1.00" CC="0000"/>
						<SP ID="P14_SP00279" HPOS="1305" VPOS="1749" WIDTH="20"/>
						<String ID="word000286" HPOS="1325" VPOS="1697" WIDTH="44" HEIGHT="41" CONTENT="to" WC="0.83" CC="03"/>
						<SP ID="P14_SP00280" HPOS="1369" VPOS="1749" WIDTH="15"/>
						<String ID="word000287" HPOS="1384" VPOS="1698" WIDTH="60" HEIGHT="40" CONTENT="his" WC="0.96" CC="001"/>
						<SP ID="P14_SP00281" HPOS="1444" VPOS="1749" WIDTH="20"/>
						<String ID="word000288" HPOS="1465" VPOS="1710" WIDTH="76" HEIGHT="28" CONTENT="mas" SUBS_TYPE="HypPart1" SUBS_CONTENT="masters" WC="0.89" CC="310"/>
						<HYP HPOS="1540" VPOS="1710" WIDTH="25" CONTENT="-"/>
					</TextLine>
					<TextLine ID="P14_TL00031" HPOS="226" VPOS="1749" WIDTH="1336" HEIGHT="54">
						<String ID="word000289" HPOS="226" VPOS="1752" WIDTH="87" HEIGHT="35" CONTENT="ters" SUBS_TYPE="HypPart2" SUBS_CONTENT="masters" WC="0.86" CC="0401"/>
						<SP ID="P14_SP00282" HPOS="313" VPOS="1787" WIDTH="24"/>
						<String ID="word000290" HPOS="337" VPOS="1750" WIDTH="240" HEIGHT="39" CONTENT="sentiments" WC="0.91" CC="1010021300"/>
						<SP ID="P14_SP00283" HPOS="576" VPOS="1789" WIDTH="32"/>
						<String ID="word000291" HPOS="608" VPOS="1749" WIDTH="77" HEIGHT="39" CONTENT="and" WC="1.00" CC="000"/>
						<SP ID="P14_SP00284" HPOS="685" VPOS="1789" WIDTH="21"/>
						<String ID="word000292" HPOS="706" VPOS="1762" WIDTH="24" HEIGHT="27" CONTENT="a" WC="1.00" CC="0"/>
						<SP ID="P14_SP00285" HPOS="730" VPOS="1789" WIDTH="28"/>
						<String ID="word000293" HPOS="758" VPOS="1752" WIDTH="112" HEIGHT="39" CONTENT="slave" WC="0.95" CC="11000"/>
						<SP ID="P14_SP00286" HPOS="870" VPOS="1791" WIDTH="31"/>
						<String ID="word000294" HPOS="901" VPOS="1756" WIDTH="44" HEIGHT="33" CONTENT="to" WC="1.00" CC="00"/>
						<SP ID="P14_SP00287" HPOS="945" VPOS="1791" WIDTH="37"/>
						<String ID="word000295" HPOS="981" VPOS="1750" WIDTH="59" HEIGHT="40" CONTENT="his" WC="1.00" CC="000"/>
						<SP ID="P14_SP00288" HPOS="1041" VPOS="1791" WIDTH="19"/>
						<String ID="word000296" HPOS="1059" VPOS="1750" WIDTH="98" HEIGHT="47" CONTENT="will," WC="0.98" CC="10000"/>
						<SP ID="P14_SP00289" HPOS="1157" VPOS="1798" WIDTH="27"/>
						<String ID="word000297" HPOS="1185" VPOS="1765" WIDTH="99" HEIGHT="26" CONTENT="even" WC="1.00" CC="0000"/>
						<SP ID="P14_SP00290" HPOS="1284" VPOS="1798" WIDTH="24"/>
						<String ID="word000298" HPOS="1307" VPOS="1752" WIDTH="113" HEIGHT="39" CONTENT="when" WC="1.00" CC="0000"/>
						<SP ID="P14_SP00291" HPOS="1421" VPOS="1798" WIDTH="20"/>
						<String ID="word000299" HPOS="1441" VPOS="1752" WIDTH="35" HEIGHT="40" CONTENT="it" WC="1.00" CC="00"/>
						<SP ID="P14_SP00292" HPOS="1476" VPOS="1798" WIDTH="18"/>
						<String ID="word000300" HPOS="1494" VPOS="1762" WIDTH="45" HEIGHT="41" CONTENT="ap" SUBS_TYPE="HypPart1" SUBS_CONTENT="appears" WC="0.52" CC="37"/>
						<HYP HPOS="1539" VPOS="1762" WIDTH="22" CONTENT="-"/>
					</TextLine>
					<TextLine ID="P14_TL00032" HPOS="228" VPOS="1801" WIDTH="1332" HEIGHT="55">
						<String ID="word000301" HPOS="228" VPOS="1811" WIDTH="119" HEIGHT="40" CONTENT="pears" SUBS_TYPE="HypPart2" SUBS_CONTENT="appears" WC="0.95" CC="00002"/>
						<SP ID="P14_SP00293" HPOS="347" VPOS="1851" WIDTH="15"/>
						<String ID="word000302" HPOS="363" VPOS="1801" WIDTH="97" HEIGHT="47" CONTENT="evil," WC="0.95" CC="10010"/>
						<SP ID="P14_SP00294" HPOS="459" VPOS="1851" WIDTH="31"/>
						<String ID="word000303" HPOS="490" VPOS="1808" WIDTH="145" HEIGHT="33" CONTENT="nature" WC="0.98" CC="010000"/>
						<SP ID="P14_SP00295" HPOS="635" VPOS="1851" WIDTH="20"/>
						<String ID="word000304" HPOS="656" VPOS="1815" WIDTH="92" HEIGHT="40" CONTENT="may" WC="1.00" CC="000"/>
						<SP ID="P14_SP00296" HPOS="748" VPOS="1856" WIDTH="20"/>
						<String ID="word000305" HPOS="768" VPOS="1804" WIDTH="52" HEIGHT="39" CONTENT="be" WC="1.00" CC="00"/>
						<SP ID="P14_SP00297" HPOS="820" VPOS="1856" WIDTH="12"/>
						<String ID="word000306" HPOS="831" VPOS="1804" WIDTH="85" HEIGHT="39" CONTENT="said" WC="0.97" CC="0010"/>
						<SP ID="P14_SP00298" HPOS="917" VPOS="1856" WIDTH="19"/>
						<String ID="word000307" HPOS="935" VPOS="1808" WIDTH="44" HEIGHT="34" CONTENT="to" WC="1.00" CC="00"/>
						<SP ID="P14_SP00299" HPOS="979" VPOS="1856" WIDTH="21"/>
						<String ID="word000308" HPOS="1000" VPOS="1804" WIDTH="105" HEIGHT="39" CONTENT="have" WC="0.89" CC="0103"/>
						<SP ID="P14_SP00300" HPOS="1106" VPOS="1856" WIDTH="21"/>
						<String ID="word000309" HPOS="1127" VPOS="1804" WIDTH="97" HEIGHT="39" CONTENT="been" WC="0.94" CC="1100"/>
						<SP ID="P14_SP00301" HPOS="1224" VPOS="1856" WIDTH="15"/>
						<String ID="word000310" HPOS="1239" VPOS="1804" WIDTH="187" HEIGHT="40" CONTENT="followed" WC="0.97" CC="00100100"/>
						<SP ID="P14_SP00302" HPOS="1426" VPOS="1856" WIDTH="24"/>
						<String ID="word000311" HPOS="1449" VPOS="1819" WIDTH="111" HEIGHT="26" CONTENT="more" WC="1.00" CC="0000"/>
						<SP ID="P14_SP00303" HPOS="1560" VPOS="1856" WIDTH="0"/>
					</TextLine>
					<TextLine ID="P14_TL00033" HPOS="226" VPOS="1851" WIDTH="1337" HEIGHT="54">
						<String ID="word000312" HPOS="226" VPOS="1851" WIDTH="150" HEIGHT="54" CONTENT="closely" WC="0.82" CC="2203211"/>
						<SP ID="P14_SP00304" HPOS="376" VPOS="1905" WIDTH="18"/>
						<String ID="word000313" HPOS="393" VPOS="1856" WIDTH="98" HEIGHT="39" CONTENT="than" WC="0.97" CC="0001"/>
						<SP ID="P14_SP00305" HPOS="491" VPOS="1905" WIDTH="27"/>
						<String ID="word000314" HPOS="519" VPOS="1857" WIDTH="38" HEIGHT="38" CONTENT="in" WC="1.00" CC="00"/>
						<SP ID="P14_SP00306" HPOS="556" VPOS="1905" WIDTH="32"/>
						<String ID="word000315" HPOS="588" VPOS="1856" WIDTH="69" HEIGHT="39" CONTENT="the" WC="1.00" CC="000"/>
						<SP ID="P14_SP00307" HPOS="657" VPOS="1905" WIDTH="19"/>
						<String ID="word000316" HPOS="676" VPOS="1856" WIDTH="243" HEIGHT="40" CONTENT="delineation" WC="0.98" CC="00001100000"/>
						<SP ID="P14_SP00308" HPOS="919" VPOS="1905" WIDTH="21"/>
						<String ID="word000317" HPOS="940" VPOS="1856" WIDTH="48" HEIGHT="40" CONTENT="of" WC="1.00" CC="00"/>
						<SP ID="P14_SP00309" HPOS="989" VPOS="1905" WIDTH="27"/>
						<String ID="word000318" HPOS="1016" VPOS="1856" WIDTH="72" HEIGHT="40" CONTENT="the" WC="1.00" CC="000"/>
						<SP ID="P14_SP00310" HPOS="1088" VPOS="1905" WIDTH="31"/>
						<String ID="word000319" HPOS="1119" VPOS="1857" WIDTH="211" HEIGHT="40" CONTENT="character" WC="0.97" CC="000010010"/>
						<SP ID="P14_SP00311" HPOS="1330" VPOS="1905" WIDTH="17"/>
						<String ID="word000320" HPOS="1346" VPOS="1857" WIDTH="50" HEIGHT="40" CONTENT="of" WC="1.00" CC="00"/>
						<SP ID="P14_SP00312" HPOS="1396" VPOS="1905" WIDTH="12"/>
						<String ID="word000321" HPOS="1408" VPOS="1857" WIDTH="72" HEIGHT="43" CONTENT="the" WC="0.96" CC="100"/>
						<SP ID="P14_SP00313" HPOS="1480" VPOS="1905" WIDTH="12"/>
						<String ID="word000322" HPOS="1492" VPOS="1856" WIDTH="47" HEIGHT="44" CONTENT="ho" SUBS_TYPE="HypPart1" SUBS_CONTENT="honest" WC="0.96" CC="00"/>
						<HYP HPOS="1539" VPOS="1856" WIDTH="24" CONTENT="-"/>
					</TextLine>
					<TextLine ID="P14_TL00034" HPOS="224" VPOS="1907" WIDTH="827" HEIGHT="42">
						<String ID="word000323" HPOS="224" VPOS="1911" WIDTH="91" HEIGHT="33" CONTENT="nest" SUBS_TYPE="HypPart2" SUBS_CONTENT="honest" WC="0.97" CC="1000"/>
						<SP ID="P14_SP00314" HPOS="315" VPOS="1944" WIDTH="15"/>
						<String ID="word000324" HPOS="331" VPOS="1907" WIDTH="221" HEIGHT="40" CONTENT="Hibernian" WC="0.95" CC="000003100"/>
						<SP ID="P14_SP00315" HPOS="552" VPOS="1948" WIDTH="22"/>
						<String ID="word000325" HPOS="574" VPOS="1907" WIDTH="206" HEIGHT="40" CONTENT="Cornelius" WC="0.85" CC="111002133" STYLEREFS="TXT_3"/>
						<SP ID="P14_SP00316" HPOS="780" VPOS="1948" WIDTH="19"/>
						<String ID="word000326" HPOS="798" VPOS="1910" WIDTH="253" HEIGHT="39" CONTENT="O'Detlimus." WC="0.53" CC="33337733375" STYLEREFS="TXT_3"/>
						<SP ID="P14_SP00317" HPOS="1051" VPOS="1949" WIDTH="0"/>
					</TextLine>
				</TextBlock>
				<TextBlock ID="pa0014003" HPOS="182" VPOS="1956" WIDTH="1388" HEIGHT="2301" STYLEREFS="TXT_0 PAR_BLOCK">
					<TextLine ID="P14_TL00035" HPOS="278" VPOS="1970" WIDTH="1284" HEIGHT="61">
						<String ID="word000327" HPOS="278" VPOS="1970" WIDTH="91" HEIGHT="41" CONTENT="The" WC="1.00" CC="000"/>
						<SP ID="P14_SP00318" HPOS="369" VPOS="2011" WIDTH="20"/>
						<String ID="word000328" HPOS="389" VPOS="1971" WIDTH="87" HEIGHT="60" CONTENT="plot" WC="0.97" CC="1000"/>
						<SP ID="P14_SP00319" HPOS="476" VPOS="2031" WIDTH="27"/>
						<String ID="word000329" HPOS="503" VPOS="1974" WIDTH="31" HEIGHT="39" CONTENT="is" WC="0.83" CC="12"/>
						<SP ID="P14_SP00320" HPOS="534" VPOS="2031" WIDTH="17"/>
						<String ID="word000330" HPOS="550" VPOS="1974" WIDTH="250" HEIGHT="53" CONTENT="iuteresting," WC="0.61" CC="333733333353"/>
						<SP ID="P14_SP00321" HPOS="801" VPOS="2031" WIDTH="31"/>
						<String ID="word000331" HPOS="831" VPOS="1975" WIDTH="73" HEIGHT="39" CONTENT="but" WC="1.00" CC="000"/>
						<SP ID="P14_SP00322" HPOS="905" VPOS="2031" WIDTH="18"/>
						<String ID="word000332" HPOS="922" VPOS="1974" WIDTH="187" HEIGHT="40" CONTENT="contains" WC="0.97" CC="00001001"/>
						<SP ID="P14_SP00323" HPOS="1109" VPOS="2031" WIDTH="30"/>
						<String ID="word000333" HPOS="1139" VPOS="1987" WIDTH="120" HEIGHT="43" CONTENT="many" WC="0.94" CC="0101"/>
						<SP ID="P14_SP00324" HPOS="1259" VPOS="2031" WIDTH="21"/>
						<String ID="word000334" HPOS="1280" VPOS="1974" WIDTH="195" HEIGHT="44" CONTENT="incidents" WC="0.89" CC="003400101"/>
						<SP ID="P14_SP00325" HPOS="1475" VPOS="2031" WIDTH="15"/>
						<String ID="word000335" HPOS="1491" VPOS="1989" WIDTH="47" HEIGHT="41" CONTENT="ga" SUBS_TYPE="HypPart1" SUBS_CONTENT="gathered" WC="1.00" CC="00"/>
						<HYP HPOS="1538" VPOS="1989" WIDTH="24" CONTENT="-"/>
					</TextLine>
					<TextLine ID="P14_TL00036" HPOS="223" VPOS="2021" WIDTH="1337" HEIGHT="61">
						<String ID="word000336" HPOS="223" VPOS="2021" WIDTH="142" HEIGHT="44" CONTENT="thered" SUBS_TYPE="HypPart2" SUBS_CONTENT="gathered" WC="0.98" CC="000010"/>
						<SP ID="P14_SP00326" HPOS="365" VPOS="2065" WIDTH="18"/>
						<String ID="word000337" HPOS="383" VPOS="2028" WIDTH="105" HEIGHT="37" CONTENT="from" WC="0.67" CC="5106"/>
						<SP ID="P14_SP00327" HPOS="488" VPOS="2065" WIDTH="20"/>
						<String ID="word000338" HPOS="508" VPOS="2028" WIDTH="161" HEIGHT="38" CONTENT="ancient" WC="0.97" CC="1000010"/>
						<SP ID="P14_SP00328" HPOS="669" VPOS="2066" WIDTH="13"/>
						<String ID="word000339" HPOS="681" VPOS="2028" WIDTH="76" HEIGHT="39" CONTENT="and" WC="0.81" CC="311"/>
						<SP ID="P14_SP00329" HPOS="757" VPOS="2067" WIDTH="24"/>
						<String ID="word000340" HPOS="781" VPOS="2028" WIDTH="165" HEIGHT="39" CONTENT="modern" WC="1.00" CC="000000"/>
						<SP ID="P14_SP00330" HPOS="946" VPOS="2067" WIDTH="18"/>
						<String ID="word000341" HPOS="964" VPOS="2029" WIDTH="129" HEIGHT="52" CONTENT="plays." WC="0.96" CC="000110"/>
						<SP ID="P14_SP00331" HPOS="1093" VPOS="2081" WIDTH="31"/>
						<String ID="word000342" HPOS="1123" VPOS="2028" WIDTH="111" HEIGHT="54" CONTENT="They" WC="0.97" CC="1000"/>
						<SP ID="P14_SP00332" HPOS="1234" VPOS="2082" WIDTH="17"/>
						<String ID="word000343" HPOS="1251" VPOS="2041" WIDTH="85" HEIGHT="35" CONTENT="arc," WC="0.83" CC="1140"/>
						<SP ID="P14_SP00333" HPOS="1336" VPOS="2082" WIDTH="24"/>
						<String ID="word000344" HPOS="1359" VPOS="2031" WIDTH="201" HEIGHT="46" CONTENT="however," WC="1.00" CC="00000000"/>
						<SP ID="P14_SP00334" HPOS="1560" VPOS="2082" WIDTH="0"/>
					</TextLine>
					<TextLine ID="P14_TL00037" HPOS="223" VPOS="2078" WIDTH="1335" HEIGHT="59">
						<String ID="word000345" HPOS="223" VPOS="2088" WIDTH="51" HEIGHT="28" CONTENT="so" WC="0.89" CC="11"/>
						<SP ID="P14_SP00335" HPOS="274" VPOS="2117" WIDTH="17"/>
						<String ID="word000346" HPOS="291" VPOS="2078" WIDTH="167" HEIGHT="53" CONTENT="artfully" WC="0.99" CC="00000100"/>
						<SP ID="P14_SP00336" HPOS="457" VPOS="2131" WIDTH="28"/>
						<String ID="word000347" HPOS="485" VPOS="2078" WIDTH="182" HEIGHT="53" CONTENT="disposed" WC="0.85" CC="01302320"/>
						<SP ID="P14_SP00337" HPOS="667" VPOS="2131" WIDTH="21"/>
						<String ID="word000348" HPOS="689" VPOS="2093" WIDTH="43" HEIGHT="27" CONTENT="as" WC="0.83" CC="21"/>
						<SP ID="P14_SP00338" HPOS="731" VPOS="2131" WIDTH="18"/>
						<String ID="word000349" HPOS="749" VPOS="2087" WIDTH="45" HEIGHT="32" CONTENT="to" WC="1.00" CC="00"/>
						<SP ID="P14_SP00339" HPOS="794" VPOS="2131" WIDTH="31"/>
						<String ID="word000350" HPOS="824" VPOS="2093" WIDTH="105" HEIGHT="27" CONTENT="wear" WC="1.00" CC="0000"/>
						<SP ID="P14_SP00340" HPOS="930" VPOS="2131" WIDTH="19"/>
						<String ID="word000351" HPOS="948" VPOS="2079" WIDTH="69" HEIGHT="43" CONTENT="the" WC="1.00" CC="000"/>
						<SP ID="P14_SP00341" HPOS="1017" VPOS="2131" WIDTH="32"/>
						<String ID="word000352" HPOS="1049" VPOS="2092" WIDTH="253" HEIGHT="43" CONTENT="appearance" WC="0.95" CC="0000000031"/>
						<SP ID="P14_SP00342" HPOS="1302" VPOS="2134" WIDTH="19"/>
						<String ID="word000353" HPOS="1320" VPOS="2082" WIDTH="47" HEIGHT="40" CONTENT="of" WC="1.00" CC="00"/>
						<SP ID="P14_SP00343" HPOS="1368" VPOS="2134" WIDTH="8"/>
						<String ID="word000354" HPOS="1376" VPOS="2083" WIDTH="182" HEIGHT="53" CONTENT="novelty," WC="0.99" CC="00001000"/>
						<SP ID="P14_SP00344" HPOS="1558" VPOS="2137" WIDTH="0"/>
					</TextLine>
					<TextLine ID="P14_TL00038" HPOS="233" VPOS="2127" WIDTH="1326" HEIGHT="61">
						<String ID="word000355" HPOS="233" VPOS="2127" WIDTH="203" HEIGHT="56" CONTENT="although" WC="1.00" CC="00000000"/>
						<SP ID="P14_SP00345" HPOS="436" VPOS="2183" WIDTH="37"/>
						<String ID="word000356" HPOS="472" VPOS="2131" WIDTH="34" HEIGHT="39" CONTENT="it" WC="1.00" CC="00"/>
						<SP ID="P14_SP00346" HPOS="507" VPOS="2183" WIDTH="43"/>
						<String ID="word000357" HPOS="549" VPOS="2139" WIDTH="154" HEIGHT="34" CONTENT="cannot" WC="0.93" CC="003100"/>
						<SP ID="P14_SP00347" HPOS="703" VPOS="2183" WIDTH="51"/>
						<String ID="word000358" HPOS="754" VPOS="2134" WIDTH="119" HEIGHT="39" CONTENT="boast" WC="0.98" CC="00010"/>
						<SP ID="P14_SP00348" HPOS="873" VPOS="2183" WIDTH="40"/>
						<String ID="word000359" HPOS="913" VPOS="2134" WIDTH="48" HEIGHT="39" CONTENT="its" WC="1.00" CC="000"/>
						<SP ID="P14_SP00349" HPOS="961" VPOS="2183" WIDTH="34"/>
						<String ID="word000360" HPOS="996" VPOS="2132" WIDTH="163" HEIGHT="56" CONTENT="reality." WC="0.89" CC="00000035"/>
						<SP ID="P14_SP00350" HPOS="1159" VPOS="2187" WIDTH="71"/>
						<String ID="word000361" HPOS="1230" VPOS="2137" WIDTH="112" HEIGHT="51" CONTENT="They" WC="1.00" CC="0000"/>
						<SP ID="P14_SP00351" HPOS="1342" VPOS="2187" WIDTH="31"/>
						<String ID="word000362" HPOS="1372" VPOS="2146" WIDTH="70" HEIGHT="30" CONTENT="arc" WC="0.78" CC="105"/>
						<SP ID="P14_SP00352" HPOS="1442" VPOS="2187" WIDTH="35"/>
						<String ID="word000363" HPOS="1478" VPOS="2135" WIDTH="81" HEIGHT="40" CONTENT="like" WC="0.97" CC="1000"/>
						<SP ID="P14_SP00353" HPOS="1559" VPOS="2187" WIDTH="0"/>
					</TextLine>
					<TextLine ID="P14_TL00039" HPOS="220" VPOS="2181" WIDTH="1336" HEIGHT="60">
						<String ID="word000364" HPOS="220" VPOS="2181" WIDTH="129" HEIGHT="39" CONTENT="views" WC="0.95" CC="10001"/>
						<SP ID="P14_SP00354" HPOS="348" VPOS="2220" WIDTH="17"/>
						<String ID="word000365" HPOS="365" VPOS="2181" WIDTH="50" HEIGHT="40" CONTENT="of" WC="0.94" CC="01"/>
						<SP ID="P14_SP00355" HPOS="415" VPOS="2222" WIDTH="13"/>
						<String ID="word000366" HPOS="428" VPOS="2189" WIDTH="113" HEIGHT="46" CONTENT="spots" WC="1.00" CC="00000"/>
						<SP ID="P14_SP00356" HPOS="541" VPOS="2235" WIDTH="27"/>
						<String ID="word000367" HPOS="568" VPOS="2186" WIDTH="89" HEIGHT="38" CONTENT="well" WC="0.97" CC="0010"/>
						<SP ID="P14_SP00357" HPOS="657" VPOS="2235" WIDTH="37"/>
						<String ID="word000368" HPOS="693" VPOS="2185" WIDTH="156" HEIGHT="41" CONTENT="known" WC="0.91" CC="00004"/>
						<SP ID="P14_SP00358" HPOS="849" VPOS="2235" WIDTH="21"/>
						<String ID="word000369" HPOS="870" VPOS="2190" WIDTH="43" HEIGHT="35" CONTENT="to" WC="1.00" CC="00"/>
						<SP ID="P14_SP00359" HPOS="913" VPOS="2235" WIDTH="17"/>
						<String ID="word000370" HPOS="930" VPOS="2199" WIDTH="59" HEIGHT="34" CONTENT="us," WC="0.96" CC="100"/>
						<SP ID="P14_SP00360" HPOS="989" VPOS="2235" WIDTH="32"/>
						<String ID="word000371" HPOS="1020" VPOS="2187" WIDTH="79" HEIGHT="39" CONTENT="and" WC="1.00" CC="000"/>
						<SP ID="P14_SP00361" HPOS="1100" VPOS="2235" WIDTH="32"/>
						<String ID="word000372" HPOS="1131" VPOS="2184" WIDTH="126" HEIGHT="43" CONTENT="which" WC="0.95" CC="11000"/>
						<SP ID="P14_SP00362" HPOS="1258" VPOS="2235" WIDTH="21"/>
						<String ID="word000373" HPOS="1279" VPOS="2187" WIDTH="159" HEIGHT="53" CONTENT="though" WC="1.00" CC="000000"/>
						<SP ID="P14_SP00363" HPOS="1439" VPOS="2241" WIDTH="26"/>
						<String ID="word000374" HPOS="1465" VPOS="2200" WIDTH="69" HEIGHT="41" CONTENT="par" SUBS_TYPE="HypPart1" SUBS_CONTENT="partially" WC="0.83" CC="010"/>
						<HYP HPOS="1533" VPOS="2200" WIDTH="22" CONTENT="-"/>
					</TextLine>
					<TextLine ID="P14_TL00040" HPOS="219" VPOS="2233" WIDTH="1337" HEIGHT="59">
						<String ID="word000375" HPOS="219" VPOS="2233" WIDTH="117" HEIGHT="53" CONTENT="tially" SUBS_TYPE="HypPart2" SUBS_CONTENT="partially" WC="0.76" CC="250321"/>
						<SP ID="P14_SP00364" HPOS="335" VPOS="2287" WIDTH="20"/>
						<String ID="word000376" HPOS="356" VPOS="2236" WIDTH="202" HEIGHT="52" CONTENT="disguised" WC="0.96" CC="011100000"/>
						<SP ID="P14_SP00365" HPOS="557" VPOS="2288" WIDTH="14"/>
						<String ID="word000377" HPOS="572" VPOS="2236" WIDTH="53" HEIGHT="56" CONTENT="by" WC="1.00" CC="00"/>
						<SP ID="P14_SP00366" HPOS="625" VPOS="2291" WIDTH="21"/>
						<String ID="word000378" HPOS="646" VPOS="2237" WIDTH="69" HEIGHT="40" CONTENT="the" WC="1.00" CC="000"/>
						<SP ID="P14_SP00367" HPOS="715" VPOS="2291" WIDTH="19"/>
						<String ID="word000379" HPOS="733" VPOS="2238" WIDTH="276" HEIGHT="41" CONTENT="introduction" WC="0.98" CC="000010000010"/>
						<SP ID="P14_SP00368" HPOS="1010" VPOS="2291" WIDTH="22"/>
						<String ID="word000380" HPOS="1032" VPOS="2239" WIDTH="53" HEIGHT="39" CONTENT="of" WC="1.00" CC="00"/>
						<SP ID="P14_SP00369" HPOS="1085" VPOS="2291" WIDTH="13"/>
						<String ID="word000381" HPOS="1098" VPOS="2252" WIDTH="26" HEIGHT="26" CONTENT="a" WC="1.00" CC="0"/>
						<SP ID="P14_SP00370" HPOS="1124" VPOS="2291" WIDTH="26"/>
						<String ID="word000382" HPOS="1150" VPOS="2244" WIDTH="98" HEIGHT="43" CONTENT="tree," WC="0.98" CC="00100"/>
						<SP ID="P14_SP00371" HPOS="1248" VPOS="2291" WIDTH="30"/>
						<String ID="word000383" HPOS="1278" VPOS="2254" WIDTH="50" HEIGHT="26" CONTENT="or" WC="1.00" CC="00"/>
						<SP ID="P14_SP00372" HPOS="1328" VPOS="2291" WIDTH="18"/>
						<String ID="word000384" HPOS="1345" VPOS="2241" WIDTH="69" HEIGHT="41" CONTENT="the" WC="1.00" CC="000"/>
						<SP ID="P14_SP00373" HPOS="1414" VPOS="2291" WIDTH="21"/>
						<String ID="word000385" HPOS="1435" VPOS="2238" WIDTH="97" HEIGHT="43" CONTENT="omis" SUBS_TYPE="HypPart1" SUBS_CONTENT="omission" WC="0.73" CC="0333"/>
						<HYP HPOS="1532" VPOS="2238" WIDTH="24" CONTENT="-"/>
					</TextLine>
					<TextLine ID="P14_TL00041" HPOS="215" VPOS="2287" WIDTH="1355" HEIGHT="63">
						<String ID="word000386" HPOS="215" VPOS="2287" WIDTH="92" HEIGHT="40" CONTENT="sion" SUBS_TYPE="HypPart2" SUBS_CONTENT="omission" WC="0.75" CC="5301"/>
						<SP ID="P14_SP00374" HPOS="307" VPOS="2327" WIDTH="20"/>
						<String ID="word000387" HPOS="327" VPOS="2288" WIDTH="52" HEIGHT="40" CONTENT="of" WC="1.00" CC="00"/>
						<SP ID="P14_SP00375" HPOS="379" VPOS="2328" WIDTH="6"/>
						<String ID="word000388" HPOS="385" VPOS="2302" WIDTH="113" HEIGHT="27" CONTENT="some" WC="1.00" CC="0000"/>
						<SP ID="P14_SP00376" HPOS="498" VPOS="2329" WIDTH="19"/>
						<String ID="word000389" HPOS="517" VPOS="2289" WIDTH="50" HEIGHT="40" CONTENT="of" WC="1.00" CC="00"/>
						<SP ID="P14_SP00377" HPOS="567" VPOS="2329" WIDTH="12"/>
						<String ID="word000390" HPOS="579" VPOS="2291" WIDTH="105" HEIGHT="39" CONTENT="their" WC="0.93" CC="01110"/>
						<SP ID="P14_SP00378" HPOS="684" VPOS="2330" WIDTH="20"/>
						<String ID="word000391" HPOS="704" VPOS="2290" WIDTH="73" HEIGHT="41" CONTENT="less" WC="0.92" CC="1011"/>
						<SP ID="P14_SP00379" HPOS="777" VPOS="2331" WIDTH="13"/>
						<String ID="word000392" HPOS="790" VPOS="2293" WIDTH="224" HEIGHT="51" CONTENT="important" WC="0.96" CC="021000000"/>
						<SP ID="P14_SP00380" HPOS="1015" VPOS="2343" WIDTH="19"/>
						<String ID="word000393" HPOS="1033" VPOS="2293" WIDTH="195" HEIGHT="46" CONTENT="features," WC="0.97" CC="100000010"/>
						<SP ID="P14_SP00381" HPOS="1228" VPOS="2343" WIDTH="30"/>
						<String ID="word000394" HPOS="1258" VPOS="2297" WIDTH="151" HEIGHT="38" CONTENT="cannot" WC="0.96" CC="001100"/>
						<SP ID="P14_SP00382" HPOS="1409" VPOS="2343" WIDTH="17"/>
						<String ID="word000395" HPOS="1426" VPOS="2293" WIDTH="72" HEIGHT="44" CONTENT="fail" WC="0.92" CC="0111"/>
						<SP ID="P14_SP00383" HPOS="1498" VPOS="2343" WIDTH="15"/>
						<String ID="word000396" HPOS="1513" VPOS="2300" WIDTH="43" HEIGHT="50" CONTENT="to." WC="0.44" CC="336"/>
						<String ID="word000397" HPOS="1556" VPOS="2300" WIDTH="14" HEIGHT="50" CONTENT="l" STYLE="subscript" WC="0.44" CC="8"/>
						<SP ID="P14_SP00384" HPOS="1570" VPOS="2349" WIDTH="0"/>
					</TextLine>
					<TextLine ID="P14_TL00042" HPOS="217" VPOS="2339" WIDTH="1336" HEIGHT="59">
						<String ID="word000398" HPOS="217" VPOS="2339" WIDTH="132" HEIGHT="43" CONTENT="strike" WC="0.94" CC="300000"/>
						<SP ID="P14_SP00385" HPOS="350" VPOS="2381" WIDTH="26"/>
						<String ID="word000399" HPOS="376" VPOS="2352" WIDTH="78" HEIGHT="30" CONTENT="oar" WC="0.78" CC="150"/>
						<SP ID="P14_SP00386" HPOS="454" VPOS="2381" WIDTH="32"/>
						<String ID="word000400" HPOS="485" VPOS="2342" WIDTH="276" HEIGHT="44" CONTENT="recollection," WC="0.87" CC="0031431100101"/>
						<SP ID="P14_SP00387" HPOS="762" VPOS="2386" WIDTH="20"/>
						<String ID="word000401" HPOS="782" VPOS="2343" WIDTH="213" HEIGHT="41" CONTENT="whenever" WC="0.97" CC="00100100"/>
						<SP ID="P14_SP00388" HPOS="994" VPOS="2386" WIDTH="22"/>
						<String ID="word000402" HPOS="1017" VPOS="2354" WIDTH="61" HEIGHT="31" CONTENT="we" WC="0.78" CC="40"/>
						<SP ID="P14_SP00389" HPOS="1078" VPOS="2386" WIDTH="18"/>
						<String ID="word000403" HPOS="1096" VPOS="2344" WIDTH="154" HEIGHT="40" CONTENT="bestow" WC="0.96" CC="101000"/>
						<SP ID="P14_SP00390" HPOS="1250" VPOS="2386" WIDTH="19"/>
						<String ID="word000404" HPOS="1269" VPOS="2357" WIDTH="51" HEIGHT="27" CONTENT="an" WC="1.00" CC="00"/>
						<SP ID="P14_SP00391" HPOS="1319" VPOS="2386" WIDTH="20"/>
						<String ID="word000405" HPOS="1339" VPOS="2346" WIDTH="214" HEIGHT="52" CONTENT="observing" WC="0.99" CC="000000100"/>
						<SP ID="P14_SP00392" HPOS="1553" VPOS="2398" WIDTH="0"/>
					</TextLine>
					<TextLine ID="P14_TL00043" HPOS="215" VPOS="2391" WIDTH="1337" HEIGHT="60">
						<String ID="word000406" HPOS="215" VPOS="2391" WIDTH="146" HEIGHT="52" CONTENT="glance" WC="0.96" CC="110000"/>
						<SP ID="P14_SP00393" HPOS="361" VPOS="2443" WIDTH="30"/>
						<String ID="word000407" HPOS="391" VPOS="2406" WIDTH="110" HEIGHT="41" CONTENT="upon" WC="0.94" CC="1100"/>
						<SP ID="P14_SP00394" HPOS="501" VPOS="2447" WIDTH="35"/>
						<String ID="word000408" HPOS="536" VPOS="2395" WIDTH="128" HEIGHT="39" CONTENT="them." WC="0.95" CC="00110"/>
						<SP ID="P14_SP00395" HPOS="664" VPOS="2447" WIDTH="57"/>
						<String ID="word000409" HPOS="720" VPOS="2396" WIDTH="91" HEIGHT="39" CONTENT="The" WC="0.93" CC="101"/>
						<SP ID="P14_SP00396" HPOS="811" VPOS="2447" WIDTH="33"/>
						<String ID="word000410" HPOS="844" VPOS="2395" WIDTH="266" HEIGHT="56" CONTENT="explanation" WC="0.98" CC="00001010000"/>
						<SP ID="P14_SP00397" HPOS="1110" VPOS="2451" WIDTH="33"/>
						<String ID="word000411" HPOS="1143" VPOS="2398" WIDTH="50" HEIGHT="39" CONTENT="of" WC="1.00" CC="00"/>
						<SP ID="P14_SP00398" HPOS="1193" VPOS="2451" WIDTH="24"/>
						<String ID="word000412" HPOS="1217" VPOS="2396" WIDTH="67" HEIGHT="40" CONTENT="the" WC="1.00" CC="000"/>
						<SP ID="P14_SP00399" HPOS="1284" VPOS="2451" WIDTH="89"/>
						<String ID="word000413" HPOS="1372" VPOS="2401" WIDTH="180" HEIGHT="39" CONTENT='Secrets"' WC="0.96" CC="20001000" STYLEREFS="TXT_3"/>
						<SP ID="P14_SP00400" HPOS="1552" VPOS="2451" WIDTH="0"/>
					</TextLine>
					<TextLine ID="P14_TL00044" HPOS="215" VPOS="2446" WIDTH="1333" HEIGHT="60">
						<String ID="word000414" HPOS="215" VPOS="2457" WIDTH="94" HEIGHT="40" CONTENT="may" WC="1.00" CC="000"/>
						<SP ID="P14_SP00401" HPOS="309" VPOS="2497" WIDTH="33"/>
						<String ID="word000415" HPOS="343" VPOS="2446" WIDTH="50" HEIGHT="39" CONTENT="be" WC="1.00" CC="00"/>
						<SP ID="P14_SP00402" HPOS="392" VPOS="2497" WIDTH="14"/>
						<String ID="word000416" HPOS="406" VPOS="2446" WIDTH="126" HEIGHT="43" CONTENT="found" WC="0.95" CC="00110"/>
						<SP ID="P14_SP00403" HPOS="533" VPOS="2497" WIDTH="20"/>
						<String ID="word000417" HPOS="553" VPOS="2447" WIDTH="40" HEIGHT="40" CONTENT="in" WC="1.00" CC="00"/>
						<SP ID="P14_SP00404" HPOS="593" VPOS="2497" WIDTH="19"/>
						<String ID="word000418" HPOS="612" VPOS="2460" WIDTH="117" HEIGHT="41" CONTENT="many" WC="0.97" CC="0001"/>
						<SP ID="P14_SP00405" HPOS="729" VPOS="2502" WIDTH="18"/>
						<String ID="word000419" HPOS="746" VPOS="2447" WIDTH="157" HEIGHT="48" CONTENT="novels," WC="0.98" CC="0001000"/>
						<SP ID="P14_SP00406" HPOS="904" VPOS="2502" WIDTH="24"/>
						<String ID="word000420" HPOS="927" VPOS="2456" WIDTH="73" HEIGHT="46" CONTENT="yet" WC="1.00" CC="000"/>
						<SP ID="P14_SP00407" HPOS="1000" VPOS="2502" WIDTH="20"/>
						<String ID="word000421" HPOS="1020" VPOS="2450" WIDTH="33" HEIGHT="39" CONTENT="it" WC="1.00" CC="00"/>
						<SP ID="P14_SP00408" HPOS="1054" VPOS="2502" WIDTH="18"/>
						<String ID="word000422" HPOS="1071" VPOS="2452" WIDTH="30" HEIGHT="37" CONTENT="is" WC="0.44" CC="46"/>
						<SP ID="P14_SP00409" HPOS="1101" VPOS="2502" WIDTH="20"/>
						<String ID="word000423" HPOS="1121" VPOS="2456" WIDTH="71" HEIGHT="33" CONTENT="not" WC="0.96" CC="100"/>
						<SP ID="P14_SP00410" HPOS="1192" VPOS="2502" WIDTH="17"/>
						<String ID="word000424" HPOS="1208" VPOS="2456" WIDTH="70" HEIGHT="34" CONTENT="too" WC="1.00" CC="000"/>
						<SP ID="P14_SP00411" HPOS="1278" VPOS="2502" WIDTH="21"/>
						<String ID="word000425" HPOS="1299" VPOS="2450" WIDTH="124" HEIGHT="56" CONTENT="easily" WC="0.94" CC="101100"/>
						<SP ID="P14_SP00412" HPOS="1423" VPOS="2505" WIDTH="21"/>
						<String ID="word000426" HPOS="1444" VPOS="2453" WIDTH="84" HEIGHT="39" CONTENT="anti" SUBS_TYPE="HypPart1" SUBS_CONTENT="anticipated;" WC="1.00" CC="0000"/>
						<HYP HPOS="1528" VPOS="2453" WIDTH="20" CONTENT="-"/>
					</TextLine>
					<TextLine ID="P14_TL00045" HPOS="213" VPOS="2497" WIDTH="189" HEIGHT="91">
						<String ID="word000427" HPOS="213" VPOS="2497" WIDTH="189" HEIGHT="91" CONTENT="cipated;" SUBS_TYPE="HypPart2" SUBS_CONTENT="anticipated;" WC="0.89" CC="40000022"/>
					</TextLine>
					<TextLine ID="P14_TL00046" HPOS="431" VPOS="2502" WIDTH="1119" HEIGHT="53">
						<String ID="word000428" HPOS="431" VPOS="2513" WIDTH="45" HEIGHT="25" CONTENT="as" WC="0.94" CC="01"/>
						<SP ID="P14_SP00413" HPOS="476" VPOS="2538" WIDTH="18"/>
						<String ID="word000429" HPOS="494" VPOS="2513" WIDTH="77" HEIGHT="27" CONTENT="our" WC="1.00" CC="000"/>
						<SP ID="P14_SP00414" HPOS="570" VPOS="2541" WIDTH="32"/>
						<String ID="word000430" HPOS="602" VPOS="2502" WIDTH="261" HEIGHT="52" CONTENT="expectation" WC="0.94" CC="11110010010"/>
						<SP ID="P14_SP00415" HPOS="863" VPOS="2554" WIDTH="22"/>
						<String ID="word000431" HPOS="886" VPOS="2502" WIDTH="50" HEIGHT="40" CONTENT="of" WC="1.00" CC="00"/>
						<SP ID="P14_SP00416" HPOS="935" VPOS="2554" WIDTH="30"/>
						<String ID="word000432" HPOS="965" VPOS="2502" WIDTH="168" HEIGHT="53" CONTENT="novelty" WC="0.92" CC="1021100"/>
						<SP ID="P14_SP00417" HPOS="1133" VPOS="2555" WIDTH="39"/>
						<String ID="word000433" HPOS="1172" VPOS="2502" WIDTH="161" HEIGHT="43" CONTENT="hinders" WC="1.00" CC="0000000"/>
						<SP ID="P14_SP00418" HPOS="1332" VPOS="2555" WIDTH="35"/>
						<String ID="word000434" HPOS="1368" VPOS="2517" WIDTH="44" HEIGHT="26" CONTENT="us" WC="1.00" CC="00"/>
						<SP ID="P14_SP00419" HPOS="1411" VPOS="2555" WIDTH="33"/>
						<String ID="word000435" HPOS="1444" VPOS="2503" WIDTH="105" HEIGHT="43" CONTENT="from" WC="1.00" CC="0000"/>
						<SP ID="P14_SP00420" HPOS="1550" VPOS="2555" WIDTH="0"/>
					</TextLine>
					<TextLine ID="P14_TL00047" HPOS="234" VPOS="2518" WIDTH="1316" HEIGHT="91">
						<String ID="word000436" HPOS="234" VPOS="2518" WIDTH="31" HEIGHT="86" CONTENT="m" STYLE="superscript" WC="0.81" CC="0"/>
						<String ID="word000437" HPOS="265" VPOS="2518" WIDTH="219" HEIGHT="86" CONTENT="hinking" WC="0.81" CC="2521121"/>
						<SP ID="P14_SP00421" HPOS="483" VPOS="2604" WIDTH="1"/>
						<String ID="word000438" HPOS="484" VPOS="2567" WIDTH="90" HEIGHT="26" CONTENT="our" WC="0.96" CC="100"/>
						<SP ID="P14_SP00422" HPOS="574" VPOS="2604" WIDTH="1"/>
						<String ID="word000439" HPOS="575" VPOS="2555" WIDTH="208" HEIGHT="40" CONTENT="surmises" WC="0.82" CC="11011054"/>
						<SP ID="P14_SP00423" HPOS="783" VPOS="2604" WIDTH="1"/>
						<String ID="word000440" HPOS="784" VPOS="2567" WIDTH="63" HEIGHT="28" CONTENT="can" WC="0.96" CC="100"/>
						<SP ID="P14_SP00424" HPOS="847" VPOS="2604" WIDTH="1"/>
						<String ID="word000441" HPOS="848" VPOS="2555" WIDTH="69" HEIGHT="38" CONTENT="be" WC="0.83" CC="30"/>
						<SP ID="P14_SP00425" HPOS="917" VPOS="2604" WIDTH="1"/>
						<String ID="word000442" HPOS="918" VPOS="2554" WIDTH="176" HEIGHT="54" CONTENT="right." WC="0.98" CC="000010"/>
						<SP ID="P14_SP00426" HPOS="1094" VPOS="2608" WIDTH="1"/>
						<String ID="word000443" HPOS="1095" VPOS="2556" WIDTH="45" HEIGHT="38" CONTENT="A" WC="1.00" CC="0"/>
						<SP ID="P14_SP00427" HPOS="1140" VPOS="2608" WIDTH="1"/>
						<String ID="word000444" HPOS="1141" VPOS="2551" WIDTH="169" HEIGHT="58" CONTENT="good" WC="0.97" CC="0010"/>
						<SP ID="P14_SP00428" HPOS="1310" VPOS="2609" WIDTH="1"/>
						<String ID="word000445" HPOS="1311" VPOS="2557" WIDTH="208" HEIGHT="46" CONTENT="natured," WC="0.97" CC="10000100"/>
						<SP ID="P14_SP00429" HPOS="1519" VPOS="2609" WIDTH="1"/>
						<String ID="word000446" HPOS="1520" VPOS="2557" WIDTH="30" HEIGHT="48" CONTENT="and," WC="1.00" CC="0000"/>
						<SP ID="P14_SP00430" HPOS="1550" VPOS="2609" WIDTH="0"/>
					</TextLine>
					<TextLine ID="P14_TL00048" HPOS="211" VPOS="2603" WIDTH="1340" HEIGHT="56">
						<String ID="word000447" HPOS="211" VPOS="2608" WIDTH="46" HEIGHT="37" CONTENT="at" WC="0.94" CC="01"/>
						<SP ID="P14_SP00431" HPOS="257" VPOS="2644" WIDTH="13"/>
						<String ID="word000448" HPOS="270" VPOS="2603" WIDTH="135" HEIGHT="47" CONTENT="times," WC="0.98" CC="000010"/>
						<SP ID="P14_SP00432" HPOS="405" VPOS="2650" WIDTH="19"/>
						<String ID="word000449" HPOS="424" VPOS="2606" WIDTH="231" HEIGHT="53" CONTENT="passionate" WC="0.97" CC="0011000001"/>
						<SP ID="P14_SP00433" HPOS="656" VPOS="2659" WIDTH="13"/>
						<String ID="word000450" HPOS="669" VPOS="2606" WIDTH="201" HEIGHT="47" CONTENT="husband," WC="0.97" CC="00101000"/>
						<SP ID="P14_SP00434" HPOS="869" VPOS="2659" WIDTH="14"/>
						<String ID="word000451" HPOS="883" VPOS="2608" WIDTH="74" HEIGHT="39" CONTENT="and" WC="0.96" CC="010"/>
						<SP ID="P14_SP00435" HPOS="958" VPOS="2659" WIDTH="20"/>
						<String ID="word000452" HPOS="978" VPOS="2620" WIDTH="25" HEIGHT="27" CONTENT="a" WC="0.89" CC="1"/>
						<SP ID="P14_SP00436" HPOS="1003" VPOS="2659" WIDTH="11"/>
						<String ID="word000453" HPOS="1013" VPOS="2619" WIDTH="191" HEIGHT="37" CONTENT="nervous," WC="0.96" CC="01000011"/>
						<SP ID="P14_SP00437" HPOS="1205" VPOS="2659" WIDTH="15"/>
						<String ID="word000454" HPOS="1220" VPOS="2608" WIDTH="73" HEIGHT="40" CONTENT="but" WC="0.96" CC="010"/>
						<SP ID="P14_SP00438" HPOS="1293" VPOS="2659" WIDTH="12"/>
						<String ID="word000455" HPOS="1305" VPOS="2607" WIDTH="122" HEIGHT="43" CONTENT="artful" WC="0.98" CC="000001"/>
						<SP ID="P14_SP00439" HPOS="1427" VPOS="2659" WIDTH="18"/>
						<String ID="word000456" HPOS="1444" VPOS="2609" WIDTH="106" HEIGHT="48" CONTENT="wife," WC="0.98" CC="10000"/>
						<SP ID="P14_SP00440" HPOS="1551" VPOS="2659" WIDTH="0"/>
					</TextLine>
					<TextLine ID="P14_TL00049" HPOS="211" VPOS="2656" WIDTH="1343" HEIGHT="57">
						<String ID="word000457" HPOS="211" VPOS="2668" WIDTH="26" HEIGHT="27" CONTENT="a" WC="0.89" CC="1"/>
						<SP ID="P14_SP00441" HPOS="237" VPOS="2695" WIDTH="19"/>
						<String ID="word000458" HPOS="256" VPOS="2656" WIDTH="119" HEIGHT="40" CONTENT="strict" WC="0.94" CC="100101"/>
						<SP ID="P14_SP00442" HPOS="376" VPOS="2696" WIDTH="15"/>
						<String ID="word000459" HPOS="391" VPOS="2659" WIDTH="244" HEIGHT="40" CONTENT="economist." WC="0.91" CC="0010112111"/>
						<SP ID="P14_SP00443" HPOS="635" VPOS="2699" WIDTH="25"/>
						<String ID="word000460" HPOS="660" VPOS="2660" WIDTH="77" HEIGHT="39" CONTENT="and" WC="0.96" CC="010"/>
						<SP ID="P14_SP00444" HPOS="737" VPOS="2699" WIDTH="20"/>
						<String ID="word000461" HPOS="757" VPOS="2674" WIDTH="26" HEIGHT="25" CONTENT="a" WC="0.89" CC="1"/>
						<SP ID="P14_SP00445" HPOS="783" VPOS="2699" WIDTH="28"/>
						<String ID="word000462" HPOS="811" VPOS="2659" WIDTH="222" HEIGHT="43" CONTENT="household" WC="0.97" CC="010100000"/>
						<SP ID="P14_SP00446" HPOS="1033" VPOS="2701" WIDTH="21"/>
						<String ID="word000463" HPOS="1055" VPOS="2665" WIDTH="155" HEIGHT="48" CONTENT="tyrant," WC="1.00" CC="0000000"/>
						<SP ID="P14_SP00447" HPOS="1209" VPOS="2713" WIDTH="30"/>
						<String ID="word000464" HPOS="1239" VPOS="2656" WIDTH="123" HEIGHT="52" CONTENT="form," WC="0.98" CC="00001"/>
						<SP ID="P14_SP00448" HPOS="1362" VPOS="2713" WIDTH="31"/>
						<String ID="word000465" HPOS="1393" VPOS="2667" WIDTH="72" HEIGHT="35" CONTENT="not" WC="0.96" CC="100"/>
						<SP ID="P14_SP00449" HPOS="1465" VPOS="2713" WIDTH="20"/>
						<String ID="word000466" HPOS="1485" VPOS="2662" WIDTH="69" HEIGHT="41" CONTENT="the" WC="1.00" CC="000"/>
						<SP ID="P14_SP00450" HPOS="1553" VPOS="2713" WIDTH="0"/>
					</TextLine>
					<TextLine ID="P14_TL00050" HPOS="211" VPOS="2709" WIDTH="1341" HEIGHT="55">
						<String ID="word000467" HPOS="211" VPOS="2709" WIDTH="90" HEIGHT="40" CONTENT="first" WC="0.78" CC="55000"/>
						<SP ID="P14_SP00451" HPOS="301" VPOS="2750" WIDTH="14"/>
						<String ID="word000468" HPOS="315" VPOS="2709" WIDTH="230" HEIGHT="43" CONTENT="characters" WC="0.98" CC="0010000001"/>
						<SP ID="P14_SP00452" HPOS="546" VPOS="2752" WIDTH="19"/>
						<String ID="word000469" HPOS="565" VPOS="2711" WIDTH="52" HEIGHT="41" CONTENT="of" WC="1.00" CC="00"/>
						<SP ID="P14_SP00453" HPOS="617" VPOS="2752" WIDTH="15"/>
						<String ID="word000470" HPOS="632" VPOS="2713" WIDTH="69" HEIGHT="39" CONTENT="the" WC="0.63" CC="235"/>
						<SP ID="P14_SP00454" HPOS="700" VPOS="2752" WIDTH="24"/>
						<String ID="word000471" HPOS="724" VPOS="2712" WIDTH="188" HEIGHT="52" CONTENT="comedy," WC="0.95" CC="0000300"/>
						<SP ID="P14_SP00455" HPOS="912" VPOS="2764" WIDTH="31"/>
						<String ID="word000472" HPOS="943" VPOS="2714" WIDTH="72" HEIGHT="39" CONTENT="but" WC="1.00" CC="000"/>
						<SP ID="P14_SP00456" HPOS="1015" VPOS="2764" WIDTH="19"/>
						<String ID="word000473" HPOS="1033" VPOS="2712" WIDTH="118" HEIGHT="43" CONTENT="those" WC="0.98" CC="00010"/>
						<SP ID="P14_SP00457" HPOS="1152" VPOS="2764" WIDTH="24"/>
						<String ID="word000474" HPOS="1175" VPOS="2719" WIDTH="41" HEIGHT="34" CONTENT="to" WC="1.00" CC="00"/>
						<SP ID="P14_SP00458" HPOS="1217" VPOS="2764" WIDTH="31"/>
						<String ID="word000475" HPOS="1247" VPOS="2712" WIDTH="130" HEIGHT="43" CONTENT="which" WC="0.91" CC="10030"/>
						<SP ID="P14_SP00459" HPOS="1377" VPOS="2764" WIDTH="20"/>
						<String ID="word000476" HPOS="1397" VPOS="2715" WIDTH="32" HEIGHT="39" CONTENT="it" WC="1.00" CC="00"/>
						<SP ID="P14_SP00460" HPOS="1429" VPOS="2764" WIDTH="18"/>
						<String ID="word000477" HPOS="1447" VPOS="2730" WIDTH="105" HEIGHT="26" CONTENT="owes" WC="0.92" CC="0012"/>
						<SP ID="P14_SP00461" HPOS="1552" VPOS="2764" WIDTH="0"/>
					</TextLine>
					<TextLine ID="P14_TL00051" HPOS="209" VPOS="2763" WIDTH="1342" HEIGHT="47">
						<String ID="word000478" HPOS="209" VPOS="2763" WIDTH="53" HEIGHT="39" CONTENT="its" WC="0.96" CC="001"/>
						<SP ID="P14_SP00462" HPOS="262" VPOS="2802" WIDTH="21"/>
						<String ID="word000479" HPOS="283" VPOS="2774" WIDTH="133" HEIGHT="30" CONTENT="name." WC="1.00" CC="00000"/>
						<SP ID="P14_SP00463" HPOS="417" VPOS="2804" WIDTH="58"/>
						<String ID="word000480" HPOS="475" VPOS="2765" WIDTH="73" HEIGHT="41" CONTENT="We" WC="1.00" CC="00"/>
						<SP ID="P14_SP00464" HPOS="548" VPOS="2806" WIDTH="20"/>
						<String ID="word000481" HPOS="568" VPOS="2764" WIDTH="80" HEIGHT="41" CONTENT="will" WC="1.00" CC="0000"/>
						<SP ID="P14_SP00465" HPOS="648" VPOS="2806" WIDTH="18"/>
						<String ID="word000482" HPOS="666" VPOS="2778" WIDTH="89" HEIGHT="28" CONTENT="now" WC="1.00" CC="000"/>
						<SP ID="P14_SP00466" HPOS="755" VPOS="2806" WIDTH="21"/>
						<String ID="word000483" HPOS="776" VPOS="2765" WIDTH="141" HEIGHT="43" CONTENT="unfold" WC="0.98" CC="000010"/>
						<SP ID="P14_SP00467" HPOS="917" VPOS="2807" WIDTH="19"/>
						<String ID="word000484" HPOS="935" VPOS="2779" WIDTH="111" HEIGHT="27" CONTENT="some" WC="0.97" CC="1000"/>
						<SP ID="P14_SP00468" HPOS="1046" VPOS="2807" WIDTH="20"/>
						<String ID="word000485" HPOS="1067" VPOS="2766" WIDTH="52" HEIGHT="41" CONTENT="of" WC="1.00" CC="00"/>
						<SP ID="P14_SP00469" HPOS="1119" VPOS="2807" WIDTH="17"/>
						<String ID="word000486" HPOS="1135" VPOS="2766" WIDTH="70" HEIGHT="44" CONTENT="the" WC="0.96" CC="100"/>
						<SP ID="P14_SP00470" HPOS="1205" VPOS="2810" WIDTH="25"/>
						<String ID="word000487" HPOS="1230" VPOS="2765" WIDTH="115" HEIGHT="43" CONTENT="chief" WC="1.00" CC="00000"/>
						<SP ID="P14_SP00471" HPOS="1344" VPOS="2810" WIDTH="13"/>
						<String ID="word000488" HPOS="1357" VPOS="2765" WIDTH="194" HEIGHT="45" CONTENT="incidents" WC="0.95" CC="110000011"/>
						<SP ID="P14_SP00472" HPOS="1551" VPOS="2810" WIDTH="0"/>
					</TextLine>
					<TextLine ID="P14_TL00052" HPOS="210" VPOS="2815" WIDTH="282" HEIGHT="56">
						<String ID="word000489" HPOS="210" VPOS="2815" WIDTH="53" HEIGHT="41" CONTENT="of" WC="1.00" CC="00"/>
						<SP ID="P14_SP00473" HPOS="263" VPOS="2856" WIDTH="14"/>
						<String ID="word000490" HPOS="278" VPOS="2815" WIDTH="71" HEIGHT="46" CONTENT="the" WC="0.96" CC="001"/>
						<SP ID="P14_SP00474" HPOS="348" VPOS="2861" WIDTH="20"/>
						<String ID="word000491" HPOS="369" VPOS="2818" WIDTH="123" HEIGHT="52" CONTENT="piece." WC="1.00" CC="000000"/>
						<SP ID="P14_SP00475" HPOS="491" VPOS="2870" WIDTH="0"/>
					</TextLine>
					<TextLine ID="P14_TL00053" HPOS="265" VPOS="2865" WIDTH="1284" HEIGHT="59">
						<String ID="word000492" HPOS="265" VPOS="2871" WIDTH="47" HEIGHT="38" CONTENT="In" WC="0.94" CC="10"/>
						<SP ID="P14_SP00476" HPOS="312" VPOS="2909" WIDTH="20"/>
						<String ID="word000493" HPOS="332" VPOS="2868" WIDTH="33" HEIGHT="41" CONTENT="it" WC="1.00" CC="00"/>
						<SP ID="P14_SP00477" HPOS="365" VPOS="2909" WIDTH="18"/>
						<String ID="word000494" HPOS="383" VPOS="2883" WIDTH="60" HEIGHT="26" CONTENT="we" WC="0.61" CC="52"/>
						<SP ID="P14_SP00478" HPOS="443" VPOS="2909" WIDTH="20"/>
						<String ID="word000495" HPOS="463" VPOS="2869" WIDTH="84" HEIGHT="43" CONTENT="find" WC="0.89" CC="2200"/>
						<SP ID="P14_SP00479" HPOS="547" VPOS="2911" WIDTH="28"/>
						<String ID="word000496" HPOS="575" VPOS="2884" WIDTH="25" HEIGHT="26" CONTENT="a" WC="1.00" CC="0"/>
						<SP ID="P14_SP00480" HPOS="600" VPOS="2911" WIDTH="19"/>
						<String ID="word000497" HPOS="619" VPOS="2883" WIDTH="139" HEIGHT="41" CONTENT="young" WC="1.00" CC="00000"/>
						<SP ID="P14_SP00481" HPOS="758" VPOS="2924" WIDTH="19"/>
						<String ID="word000498" HPOS="777" VPOS="2871" WIDTH="77" HEIGHT="40" CONTENT="and" WC="1.00" CC="000"/>
						<SP ID="P14_SP00482" HPOS="854" VPOS="2924" WIDTH="24"/>
						<String ID="word000499" HPOS="878" VPOS="2870" WIDTH="189" HEIGHT="43" CONTENT="innocent" WC="0.86" CC="33310000"/>
						<SP ID="P14_SP00483" HPOS="1067" VPOS="2924" WIDTH="19"/>
						<String ID="word000500" HPOS="1085" VPOS="2870" WIDTH="94" HEIGHT="53" CONTENT="girl," WC="0.98" CC="01000"/>
						<SP ID="P14_SP00484" HPOS="1180" VPOS="2924" WIDTH="26"/>
						<String ID="word000501" HPOS="1206" VPOS="2877" WIDTH="76" HEIGHT="35" CONTENT="not" WC="1.00" CC="000"/>
						<SP ID="P14_SP00485" HPOS="1281" VPOS="2924" WIDTH="20"/>
						<String ID="word000502" HPOS="1302" VPOS="2865" WIDTH="139" HEIGHT="48" CONTENT="unlike" WC="0.98" CC="000100"/>
						<SP ID="P14_SP00486" HPOS="1441" VPOS="2924" WIDTH="19"/>
						<String ID="word000503" HPOS="1460" VPOS="2867" WIDTH="59" HEIGHT="47" CONTENT="Ms" SUBS_TYPE="HypPart1" SUBS_CONTENT='Ms.?"' WC="0.41" CC="56" STYLEREFS="TXT_3"/>
						<HYP HPOS="1519" VPOS="2867" WIDTH="30" CONTENT="-"/>
					</TextLine>
					<TextLine ID="P14_TL00054" HPOS="196" VPOS="2921" WIDTH="1352" HEIGHT="56">
						<String ID="word000504" HPOS="196" VPOS="2934" WIDTH="64" HEIGHT="37" CONTENT='.?"' SUBS_TYPE="HypPart2" SUBS_CONTENT='Ms.?"' WC="0.37" CC="557" STYLEREFS="TXT_3"/>
						<SP ID="P14_SP00487" HPOS="260" VPOS="2970" WIDTH="20"/>
						<String ID="word000505" HPOS="280" VPOS="2921" WIDTH="40" HEIGHT="40" CONTENT="in" WC="1.00" CC="00"/>
						<SP ID="P14_SP00488" HPOS="320" VPOS="2970" WIDTH="20"/>
						<String ID="word000506" HPOS="340" VPOS="2924" WIDTH="110" HEIGHT="39" CONTENT="John" WC="0.89" CC="0112" STYLEREFS="TXT_3"/>
						<SP ID="P14_SP00489" HPOS="450" VPOS="2970" WIDTH="21"/>
						<String ID="word000507" HPOS="471" VPOS="2926" WIDTH="110" HEIGHT="43" CONTENT="Bull," WC="0.93" CC="11010" STYLEREFS="TXT_3"/>
						<SP ID="P14_SP00490" HPOS="581" VPOS="2970" WIDTH="32"/>
						<String ID="word000508" HPOS="613" VPOS="2923" WIDTH="170" HEIGHT="41" CONTENT="seduced" WC="0.86" CC="1103031"/>
						<SP ID="P14_SP00491" HPOS="783" VPOS="2970" WIDTH="28"/>
						<String ID="word000509" HPOS="811" VPOS="2926" WIDTH="52" HEIGHT="51" CONTENT="by" WC="0.61" CC="52"/>
						<SP ID="P14_SP00492" HPOS="863" VPOS="2976" WIDTH="22"/>
						<String ID="word000510" HPOS="886" VPOS="2937" WIDTH="24" HEIGHT="25" CONTENT="a" WC="0.89" CC="1"/>
						<SP ID="P14_SP00493" HPOS="909" VPOS="2976" WIDTH="27"/>
						<String ID="word000511" HPOS="937" VPOS="2926" WIDTH="81" HEIGHT="39" CONTENT="rich" WC="1.00" CC="0000"/>
						<SP ID="P14_SP00494" HPOS="1018" VPOS="2976" WIDTH="30"/>
						<String ID="word000512" HPOS="1048" VPOS="2924" WIDTH="131" HEIGHT="46" CONTENT="lover," WC="0.98" CC="001000"/>
						<SP ID="P14_SP00495" HPOS="1179" VPOS="2976" WIDTH="27"/>
						<String ID="word000513" HPOS="1206" VPOS="2926" WIDTH="109" HEIGHT="43" CONTENT="who," WC="1.00" CC="0000"/>
						<SP ID="P14_SP00496" HPOS="1315" VPOS="2976" WIDTH="30"/>
						<String ID="word000514" HPOS="1344" VPOS="2926" WIDTH="204" HEIGHT="48" CONTENT="however," WC="0.99" CC="10000000"/>
						<SP ID="P14_SP00497" HPOS="1548" VPOS="2976" WIDTH="0"/>
					</TextLine>
					<TextLine ID="P14_TL00055" HPOS="209" VPOS="2975" WIDTH="1337" HEIGHT="58">
						<String ID="word000515" HPOS="209" VPOS="2975" WIDTH="172" HEIGHT="40" CONTENT="marries" WC="0.81" CC="1111215"/>
						<SP ID="P14_SP00498" HPOS="381" VPOS="3015" WIDTH="12"/>
						<String ID="word000516" HPOS="393" VPOS="2976" WIDTH="73" HEIGHT="40" CONTENT="her" WC="0.89" CC="111"/>
						<SP ID="P14_SP00499" HPOS="467" VPOS="3017" WIDTH="18"/>
						<String ID="word000517" HPOS="484" VPOS="2978" WIDTH="189" HEIGHT="53" CONTENT="secretly," WC="0.99" CC="000000100"/>
						<SP ID="P14_SP00500" HPOS="673" VPOS="3031" WIDTH="19"/>
						<String ID="word000518" HPOS="692" VPOS="2978" WIDTH="98" HEIGHT="39" CONTENT="with" WC="1.00" CC="0000"/>
						<SP ID="P14_SP00501" HPOS="790" VPOS="3031" WIDTH="21"/>
						<String ID="word000519" HPOS="811" VPOS="2978" WIDTH="70" HEIGHT="39" CONTENT="the" WC="0.96" CC="001"/>
						<SP ID="P14_SP00502" HPOS="881" VPOS="3031" WIDTH="17"/>
						<String ID="word000520" HPOS="898" VPOS="2978" WIDTH="198" HEIGHT="40" CONTENT="intention" WC="0.99" CC="000100000"/>
						<SP ID="P14_SP00503" HPOS="1096" VPOS="3031" WIDTH="21"/>
						<String ID="word000521" HPOS="1117" VPOS="2978" WIDTH="51" HEIGHT="39" CONTENT="of" WC="1.00" CC="00"/>
						<SP ID="P14_SP00504" HPOS="1168" VPOS="3031" WIDTH="11"/>
						<String ID="word000522" HPOS="1179" VPOS="2978" WIDTH="208" HEIGHT="53" CONTENT="deceiving" WC="0.97" CC="000000101"/>
						<SP ID="P14_SP00505" HPOS="1387" VPOS="3031" WIDTH="15"/>
						<String ID="word000523" HPOS="1402" VPOS="2978" WIDTH="77" HEIGHT="43" CONTENT="her" WC="1.00" CC="000"/>
						<SP ID="P14_SP00506" HPOS="1479" VPOS="3031" WIDTH="19"/>
						<String ID="word000524" HPOS="1498" VPOS="2980" WIDTH="48" HEIGHT="53" CONTENT="by" WC="1.00" CC="00"/>
						<SP ID="P14_SP00507" HPOS="1546" VPOS="3033" WIDTH="0"/>
					</TextLine>
					<TextLine ID="P14_TL00056" HPOS="193" VPOS="3027" WIDTH="1356" HEIGHT="56">
						<String ID="word000525" HPOS="193" VPOS="3027" WIDTH="255" HEIGHT="53" CONTENT=".employing" WC="0.59" CC="3353355334"/>
						<SP ID="P14_SP00508" HPOS="448" VPOS="3080" WIDTH="21"/>
						<String ID="word000526" HPOS="469" VPOS="3043" WIDTH="26" HEIGHT="26" CONTENT="a" WC="1.00" CC="0"/>
						<SP ID="P14_SP00509" HPOS="495" VPOS="3080" WIDTH="33"/>
						<String ID="word000527" HPOS="528" VPOS="3030" WIDTH="100" HEIGHT="40" CONTENT="false" WC="0.93" CC="11010"/>
						<SP ID="P14_SP00510" HPOS="628" VPOS="3080" WIDTH="33"/>
						<String ID="word000528" HPOS="661" VPOS="3031" WIDTH="124" HEIGHT="52" CONTENT="priest" WC="0.94" CC="110100"/>
						<SP ID="P14_SP00511" HPOS="785" VPOS="3083" WIDTH="30"/>
						<String ID="word000529" HPOS="815" VPOS="3030" WIDTH="77" HEIGHT="39" CONTENT="and" WC="1.00" CC="000"/>
						<SP ID="P14_SP00512" HPOS="892" VPOS="3083" WIDTH="37"/>
						<String ID="word000530" HPOS="928" VPOS="3031" WIDTH="260" HEIGHT="40" CONTENT="treacherous" WC="0.96" CC="00100110100"/>
						<SP ID="P14_SP00513" HPOS="1188" VPOS="3083" WIDTH="31"/>
						<String ID="word000531" HPOS="1219" VPOS="3032" WIDTH="200" HEIGHT="39" CONTENT="witnesses" WC="0.94" CC="000001022"/>
						<SP ID="P14_SP00514" HPOS="1419" VPOS="3083" WIDTH="14"/>
						<String ID="word000532" HPOS="1433" VPOS="3047" WIDTH="13" HEIGHT="24" CONTENT=":" WC="0.78" CC="2"/>
						<SP ID="P14_SP00515" HPOS="1446" VPOS="3083" WIDTH="32"/>
						<String ID="word000533" HPOS="1478" VPOS="3031" WIDTH="71" HEIGHT="43" CONTENT="but" WC="1.00" CC="000"/>
						<SP ID="P14_SP00516" HPOS="1548" VPOS="3083" WIDTH="0"/>
					</TextLine>
					<TextLine ID="P14_TL00057" HPOS="207" VPOS="3081" WIDTH="1339" HEIGHT="56">
						<String ID="word000534" HPOS="207" VPOS="3081" WIDTH="139" HEIGHT="39" CONTENT="whose" WC="0.91" CC="00031"/>
						<SP ID="P14_SP00517" HPOS="346" VPOS="3120" WIDTH="18"/>
						<String ID="word000535" HPOS="364" VPOS="3081" WIDTH="159" HEIGHT="54" CONTENT="designs" WC="0.94" CC="1110001"/>
						<SP ID="P14_SP00518" HPOS="523" VPOS="3136" WIDTH="33"/>
						<String ID="word000536" HPOS="556" VPOS="3096" WIDTH="71" HEIGHT="27" CONTENT="are" WC="1.00" CC="000"/>
						<SP ID="P14_SP00519" HPOS="627" VPOS="3136" WIDTH="18"/>
						<String ID="word000537" HPOS="645" VPOS="3083" WIDTH="239" HEIGHT="45" CONTENT="frustrated," WC="0.97" CC="10020000000"/>
						<SP ID="P14_SP00520" HPOS="883" VPOS="3136" WIDTH="30"/>
						<String ID="word000538" HPOS="913" VPOS="3084" WIDTH="52" HEIGHT="52" CONTENT="by" WC="1.00" CC="00"/>
						<SP ID="P14_SP00521" HPOS="965" VPOS="3136" WIDTH="33"/>
						<String ID="word000539" HPOS="998" VPOS="3084" WIDTH="70" HEIGHT="39" CONTENT="the" WC="0.89" CC="021"/>
						<SP ID="P14_SP00522" HPOS="1068" VPOS="3136" WIDTH="19"/>
						<String ID="word000540" HPOS="1087" VPOS="3084" WIDTH="169" HEIGHT="53" CONTENT="honesty" WC="0.97" CC="0100001"/>
						<SP ID="P14_SP00523" HPOS="1256" VPOS="3137" WIDTH="20"/>
						<String ID="word000541" HPOS="1276" VPOS="3085" WIDTH="52" HEIGHT="41" CONTENT="of" WC="1.00" CC="00"/>
						<SP ID="P14_SP00524" HPOS="1328" VPOS="3137" WIDTH="12"/>
						<String ID="word000542" HPOS="1339" VPOS="3084" WIDTH="60" HEIGHT="40" CONTENT="his" WC="1.00" CC="000"/>
						<SP ID="P14_SP00525" HPOS="1400" VPOS="3137" WIDTH="14"/>
						<String ID="word000543" HPOS="1414" VPOS="3089" WIDTH="111" HEIGHT="37" CONTENT="attor" SUBS_TYPE="HypPart1" SUBS_CONTENT="attor..ney," WC="0.98" CC="10000"/>
						<HYP HPOS="1525" VPOS="3089" WIDTH="21" CONTENT="-"/>
					</TextLine>
					<TextLine ID="P14_TL00058" HPOS="191" VPOS="3135" WIDTH="1355" HEIGHT="53">
						<String ID="word000544" HPOS="191" VPOS="3146" WIDTH="113" HEIGHT="40" CONTENT="..ney," SUBS_TYPE="HypPart2" SUBS_CONTENT="attor..ney," WC="0.83" CC="341010"/>
						<SP ID="P14_SP00526" HPOS="305" VPOS="3187" WIDTH="33"/>
						<String ID="word000545" HPOS="338" VPOS="3135" WIDTH="96" HEIGHT="39" CONTENT="who" WC="0.93" CC="011"/>
						<SP ID="P14_SP00527" HPOS="433" VPOS="3187" WIDTH="33"/>
						<String ID="word000546" HPOS="467" VPOS="3137" WIDTH="193" HEIGHT="51" CONTENT="provides" WC="0.96" CC="00002010"/>
						<SP ID="P14_SP00528" HPOS="659" VPOS="3188" WIDTH="17"/>
						<String ID="word000547" HPOS="676" VPOS="3150" WIDTH="24" HEIGHT="26" CONTENT="a" WC="1.00" CC="0"/>
						<SP ID="P14_SP00529" HPOS="699" VPOS="3188" WIDTH="21"/>
						<String ID="word000548" HPOS="720" VPOS="3135" WIDTH="83" HEIGHT="41" CONTENT="real" WC="1.00" CC="0000"/>
						<SP ID="P14_SP00530" HPOS="803" VPOS="3188" WIDTH="22"/>
						<String ID="word000549" HPOS="826" VPOS="3137" WIDTH="133" HEIGHT="51" CONTENT="priest." WC="0.97" CC="0000110"/>
						<SP ID="P14_SP00531" HPOS="959" VPOS="3188" WIDTH="56"/>
						<String ID="word000550" HPOS="1015" VPOS="3137" WIDTH="77" HEIGHT="40" CONTENT="We" WC="1.00" CC="00"/>
						<SP ID="P14_SP00532" HPOS="1091" VPOS="3188" WIDTH="31"/>
						<String ID="word000551" HPOS="1122" VPOS="3149" WIDTH="64" HEIGHT="28" CONTENT="see" WC="0.89" CC="111"/>
						<SP ID="P14_SP00533" HPOS="1186" VPOS="3188" WIDTH="18"/>
						<String ID="word000552" HPOS="1204" VPOS="3137" WIDTH="71" HEIGHT="40" CONTENT="the" WC="0.96" CC="001"/>
						<SP ID="P14_SP00534" HPOS="1274" VPOS="3188" WIDTH="28"/>
						<String ID="word000553" HPOS="1303" VPOS="3149" WIDTH="110" HEIGHT="30" CONTENT="same" WC="1.00" CC="0000"/>
						<SP ID="P14_SP00535" HPOS="1413" VPOS="3188" WIDTH="20"/>
						<String ID="word000554" HPOS="1433" VPOS="3135" WIDTH="113" HEIGHT="45" CONTENT="titled" WC="1.00" CC="000000"/>
						<SP ID="P14_SP00536" HPOS="1546" VPOS="3188" WIDTH="0"/>
					</TextLine>
					<TextLine ID="P14_TL00059" HPOS="191" VPOS="3187" WIDTH="1355" HEIGHT="58">
						<String ID="word000555" HPOS="191" VPOS="3187" WIDTH="133" HEIGHT="40" CONTENT="-laver" WC="0.54" CC="668500"/>
						<SP ID="P14_SP00537" HPOS="325" VPOS="3227" WIDTH="15"/>
						<String ID="word000556" HPOS="340" VPOS="3201" WIDTH="80" HEIGHT="40" CONTENT="pay" WC="0.93" CC="011"/>
						<SP ID="P14_SP00538" HPOS="420" VPOS="3241" WIDTH="20"/>
						<String ID="word000557" HPOS="441" VPOS="3188" WIDTH="63" HEIGHT="40" CONTENT="his" WC="1.00" CC="000"/>
						<SP ID="P14_SP00539" HPOS="503" VPOS="3241" WIDTH="32"/>
						<String ID="word000558" HPOS="535" VPOS="3189" WIDTH="204" HEIGHT="40" CONTENT="addresses" WC="0.96" CC="000001101"/>
						<SP ID="P14_SP00540" HPOS="739" VPOS="3241" WIDTH="32"/>
						<String ID="word000559" HPOS="771" VPOS="3194" WIDTH="46" HEIGHT="34" CONTENT="to" WC="1.00" CC="00"/>
						<SP ID="P14_SP00541" HPOS="817" VPOS="3241" WIDTH="24"/>
						<String ID="word000560" HPOS="841" VPOS="3190" WIDTH="129" HEIGHT="46" CONTENT="Ellen," WC="0.94" CC="100020" STYLEREFS="TXT_3"/>
						<SP ID="P14_SP00542" HPOS="970" VPOS="3241" WIDTH="31"/>
						<String ID="word000561" HPOS="1000" VPOS="3202" WIDTH="26" HEIGHT="26" CONTENT="a" WC="1.00" CC="0"/>
						<SP ID="P14_SP00543" HPOS="1026" VPOS="3241" WIDTH="19"/>
						<String ID="word000562" HPOS="1045" VPOS="3190" WIDTH="203" HEIGHT="39" CONTENT="baronet's" WC="0.77" CC="311130136"/>
						<SP ID="P14_SP00544" HPOS="1248" VPOS="3241" WIDTH="18"/>
						<String ID="word000563" HPOS="1266" VPOS="3189" WIDTH="222" HEIGHT="56" CONTENT="daughter," WC="0.97" CC="000101000"/>
						<SP ID="P14_SP00545" HPOS="1488" VPOS="3244" WIDTH="35"/>
						<String ID="word000564" HPOS="1524" VPOS="3204" WIDTH="22" HEIGHT="27" CONTENT="a" WC="0.89" CC="1"/>
						<SP ID="P14_SP00546" HPOS="1546" VPOS="3244" WIDTH="0"/>
					</TextLine>
					<TextLine ID="P14_TL00060" HPOS="200" VPOS="3237" WIDTH="1348" HEIGHT="61">
						<String ID="word000565" HPOS="200" VPOS="3237" WIDTH="96" HEIGHT="43" CONTENT="'tick" WC="0.38" CC="55567"/>
						<SP ID="P14_SP00547" HPOS="295" VPOS="3280" WIDTH="40"/>
						<String ID="word000566" HPOS="335" VPOS="3239" WIDTH="149" HEIGHT="43" CONTENT="heiress" WC="0.92" CC="3000011"/>
						<SP ID="P14_SP00548" HPOS="484" VPOS="3281" WIDTH="34"/>
						<String ID="word000567" HPOS="519" VPOS="3242" WIDTH="51" HEIGHT="40" CONTENT="of" WC="1.00" CC="00"/>
						<SP ID="P14_SP00549" HPOS="569" VPOS="3282" WIDTH="22"/>
						<String ID="word000568" HPOS="592" VPOS="3242" WIDTH="144" HEIGHT="39" CONTENT="twelve" WC="0.96" CC="101000"/>
						<SP ID="P14_SP00550" HPOS="736" VPOS="3282" WIDTH="21"/>
						<String ID="word000569" HPOS="757" VPOS="3242" WIDTH="202" HEIGHT="39" CONTENT="thousand" WC="0.97" CC="00002000"/>
						<SP ID="P14_SP00551" HPOS="959" VPOS="3282" WIDTH="20"/>
						<String ID="word000570" HPOS="979" VPOS="3254" WIDTH="24" HEIGHT="27" CONTENT="a" WC="1.00" CC="0"/>
						<SP ID="P14_SP00552" HPOS="1003" VPOS="3282" WIDTH="18"/>
						<String ID="word000571" HPOS="1020" VPOS="3254" WIDTH="117" HEIGHT="44" CONTENT="year," WC="0.98" CC="00001"/>
						<SP ID="P14_SP00553" HPOS="1137" VPOS="3298" WIDTH="28"/>
						<String ID="word000572" HPOS="1166" VPOS="3242" WIDTH="136" HEIGHT="43" CONTENT="whose" WC="0.98" CC="00010"/>
						<SP ID="P14_SP00554" HPOS="1302" VPOS="3298" WIDTH="35"/>
						<String ID="word000573" HPOS="1337" VPOS="3240" WIDTH="210" HEIGHT="45" CONTENT="affections" WC="0.90" CC="0111011013"/>
						<SP ID="P14_SP00555" HPOS="1547" VPOS="3298" WIDTH="0"/>
					</TextLine>
					<TextLine ID="P14_TL00061" HPOS="189" VPOS="3292" WIDTH="1356" HEIGHT="58">
						<String ID="word000574" HPOS="189" VPOS="3306" WIDTH="89" HEIGHT="27" CONTENT="•are" WC="0.53" CC="7523"/>
						<SP ID="P14_SP00556" HPOS="278" VPOS="3333" WIDTH="33"/>
						<String ID="word000575" HPOS="311" VPOS="3292" WIDTH="143" HEIGHT="56" CONTENT="placed" WC="0.98" CC="001000"/>
						<SP ID="P14_SP00557" HPOS="454" VPOS="3347" WIDTH="18"/>
						<String ID="word000576" HPOS="471" VPOS="3307" WIDTH="54" HEIGHT="26" CONTENT="on" WC="1.00" CC="00"/>
						<SP ID="P14_SP00558" HPOS="526" VPOS="3347" WIDTH="37"/>
						<String ID="word000577" HPOS="562" VPOS="3294" WIDTH="63" HEIGHT="40" CONTENT="his" WC="0.96" CC="001"/>
						<SP ID="P14_SP00559" HPOS="625" VPOS="3347" WIDTH="18"/>
						<String ID="word000578" HPOS="643" VPOS="3294" WIDTH="157" HEIGHT="47" CONTENT="cousin," WC="0.65" CC="3334342"/>
						<SP ID="P14_SP00560" HPOS="800" VPOS="3347" WIDTH="21"/>
						<String ID="word000579" HPOS="821" VPOS="3308" WIDTH="24" HEIGHT="27" CONTENT="a" WC="1.00" CC="0"/>
						<SP ID="P14_SP00561" HPOS="844" VPOS="3347" WIDTH="18"/>
						<String ID="word000580" HPOS="862" VPOS="3294" WIDTH="138" HEIGHT="46" CONTENT="sailor," WC="0.95" CC="3000000"/>
						<SP ID="P14_SP00562" HPOS="1000" VPOS="3347" WIDTH="27"/>
						<String ID="word000581" HPOS="1028" VPOS="3296" WIDTH="91" HEIGHT="38" CONTENT="who" WC="1.00" CC="000"/>
						<SP ID="P14_SP00563" HPOS="1119" VPOS="3347" WIDTH="21"/>
						<String ID="word000582" HPOS="1140" VPOS="3294" WIDTH="181" HEIGHT="56" CONTENT="through" WC="0.92" CC="1100111"/>
						<SP ID="P14_SP00564" HPOS="1320" VPOS="3350" WIDTH="32"/>
						<String ID="word000583" HPOS="1352" VPOS="3295" WIDTH="93" HEIGHT="41" CONTENT="love" WC="0.86" CC="5000"/>
						<SP ID="P14_SP00565" HPOS="1446" VPOS="3350" WIDTH="18"/>
						<String ID="word000584" HPOS="1463" VPOS="3298" WIDTH="61" HEIGHT="39" CONTENT="for" SUBS_TYPE="HypPart1" SUBS_CONTENT="for-sakes" WC="0.89" CC="002"/>
						<HYP HPOS="1525" VPOS="3298" WIDTH="20" CONTENT="-"/>
					</TextLine>
					<TextLine ID="P14_TL00062" HPOS="187" VPOS="3346" WIDTH="1358" HEIGHT="57">
						<String ID="word000585" HPOS="187" VPOS="3346" WIDTH="138" HEIGHT="43" CONTENT="-sakes" SUBS_TYPE="HypPart2" SUBS_CONTENT="for-sakes" WC="0.57" CC="552524"/>
						<SP ID="P14_SP00566" HPOS="325" VPOS="3389" WIDTH="28"/>
						<String ID="word000586" HPOS="353" VPOS="3346" WIDTH="61" HEIGHT="40" CONTENT="his" WC="0.96" CC="001"/>
						<SP ID="P14_SP00567" HPOS="415" VPOS="3389" WIDTH="22"/>
						<String ID="word000587" HPOS="437" VPOS="3347" WIDTH="91" HEIGHT="53" CONTENT="ship" WC="0.83" CC="1023"/>
						<SP ID="P14_SP00568" HPOS="528" VPOS="3400" WIDTH="21"/>
						<String ID="word000588" HPOS="549" VPOS="3353" WIDTH="44" HEIGHT="34" CONTENT="to" WC="1.00" CC="00"/>
						<SP ID="P14_SP00569" HPOS="593" VPOS="3400" WIDTH="24"/>
						<String ID="word000589" HPOS="617" VPOS="3347" WIDTH="89" HEIGHT="41" CONTENT="visit" WC="0.98" CC="01000"/>
						<SP ID="P14_SP00570" HPOS="705" VPOS="3400" WIDTH="20"/>
						<String ID="word000590" HPOS="725" VPOS="3350" WIDTH="61" HEIGHT="38" CONTENT="his" WC="0.96" CC="001"/>
						<SP ID="P14_SP00571" HPOS="787" VPOS="3400" WIDTH="28"/>
						<String ID="word000591" HPOS="815" VPOS="3346" WIDTH="187" HEIGHT="43" CONTENT="niistress." WC="0.82" CC="0644000110"/>
						<SP ID="P14_SP00572" HPOS="1002" VPOS="3400" WIDTH="56"/>
						<String ID="word000592" HPOS="1057" VPOS="3350" WIDTH="61" HEIGHT="39" CONTENT="On" WC="0.94" CC="01"/>
						<SP ID="P14_SP00573" HPOS="1119" VPOS="3400" WIDTH="20"/>
						<String ID="word000593" HPOS="1139" VPOS="3350" WIDTH="169" HEIGHT="53" CONTENT="hearing" WC="1.00" CC="0000000"/>
						<SP ID="P14_SP00574" HPOS="1307" VPOS="3403" WIDTH="19"/>
						<String ID="word000594" HPOS="1326" VPOS="3347" WIDTH="51" HEIGHT="41" CONTENT="of" WC="0.94" CC="10"/>
						<SP ID="P14_SP00575" HPOS="1377" VPOS="3403" WIDTH="12"/>
						<String ID="word000595" HPOS="1389" VPOS="3348" WIDTH="74" HEIGHT="41" CONTENT="ber" WC="0.56" CC="633"/>
						<SP ID="P14_SP00576" HPOS="1463" VPOS="3403" WIDTH="13"/>
						<String ID="word000596" HPOS="1476" VPOS="3363" WIDTH="46" HEIGHT="39" CONTENT="ap" SUBS_TYPE="HypPart1" SUBS_CONTENT="approaxhing" WC="0.74" CC="32"/>
						<HYP HPOS="1522" VPOS="3363" WIDTH="22" CONTENT="-"/>
					</TextLine>
					<TextLine ID="P14_TL00063" HPOS="202" VPOS="3399" WIDTH="1345" HEIGHT="62">
						<String ID="word000597" HPOS="202" VPOS="3399" WIDTH="234" HEIGHT="61" CONTENT="proaxhing" SUBS_TYPE="HypPart2" SUBS_CONTENT="approaxhing" WC="0.60" CC="333383333"/>
						<SP ID="P14_SP00577" HPOS="436" VPOS="3461" WIDTH="38"/>
						<String ID="word000598" HPOS="474" VPOS="3402" WIDTH="206" HEIGHT="52" CONTENT="marriage" WC="0.83" CC="36001200"/>
						<SP ID="P14_SP00578" HPOS="679" VPOS="3461" WIDTH="47"/>
						<String ID="word000599" HPOS="726" VPOS="3400" WIDTH="96" HEIGHT="41" CONTENT="with" WC="0.94" CC="2000"/>
						<SP ID="P14_SP00579" HPOS="822" VPOS="3461" WIDTH="48"/>
						<String ID="word000600" HPOS="870" VPOS="3403" WIDTH="112" HEIGHT="39" CONTENT="Lord" WC="0.97" CC="1000" STYLEREFS="TXT_3"/>
						<SP ID="P14_SP00580" HPOS="983" VPOS="3461" WIDTH="28"/>
						<String ID="word000601" HPOS="1011" VPOS="3402" WIDTH="278" HEIGHT="46" CONTENT="Austincourt," WC="0.61" CC="343633335333" STYLEREFS="TXT_3"/>
						<SP ID="P14_SP00581" HPOS="1289" VPOS="3461" WIDTH="45"/>
						<String ID="word000602" HPOS="1333" VPOS="3402" WIDTH="51" HEIGHT="40" CONTENT="he" WC="0.89" CC="11"/>
						<SP ID="P14_SP00582" HPOS="1384" VPOS="3461" WIDTH="27"/>
						<String ID="word000603" HPOS="1411" VPOS="3402" WIDTH="136" HEIGHT="41" CONTENT="'steals" WC="0.92" CC="1300100"/>
						<SP ID="P14_SP00583" HPOS="1547" VPOS="3461" WIDTH="0"/>
					</TextLine>
					<TextLine ID="P14_TL00064" HPOS="204" VPOS="3452" WIDTH="1366" HEIGHT="54">
						<String ID="word000604" HPOS="204" VPOS="3457" WIDTH="91" HEIGHT="35" CONTENT="into" WC="0.89" CC="2101"/>
						<SP ID="P14_SP00584" HPOS="295" VPOS="3493" WIDTH="31"/>
						<String ID="word000605" HPOS="326" VPOS="3452" WIDTH="76" HEIGHT="40" CONTENT="her" WC="1.00" CC="000"/>
						<SP ID="P14_SP00585" HPOS="402" VPOS="3493" WIDTH="31"/>
						<String ID="word000606" HPOS="432" VPOS="3454" WIDTH="129" HEIGHT="39" CONTENT="house" WC="0.91" CC="00130"/>
						<SP ID="P14_SP00586" HPOS="561" VPOS="3493" WIDTH="34"/>
						<String ID="word000607" HPOS="595" VPOS="3461" WIDTH="44" HEIGHT="33" CONTENT="to" WC="1.00" CC="00"/>
						<SP ID="P14_SP00587" HPOS="639" VPOS="3494" WIDTH="40"/>
						<String ID="word000608" HPOS="679" VPOS="3454" WIDTH="196" HEIGHT="52" CONTENT="reproach" WC="0.97" CC="00001100"/>
						<SP ID="P14_SP00588" HPOS="875" VPOS="3506" WIDTH="39"/>
						<String ID="word000609" HPOS="914" VPOS="3454" WIDTH="72" HEIGHT="39" CONTENT="her" WC="1.00" CC="000"/>
						<SP ID="P14_SP00589" HPOS="986" VPOS="3506" WIDTH="27"/>
						<String ID="word000610" HPOS="1013" VPOS="3454" WIDTH="66" HEIGHT="39" CONTENT="for" WC="1.00" CC="000"/>
						<SP ID="P14_SP00590" HPOS="1080" VPOS="3506" WIDTH="37"/>
						<String ID="word000611" HPOS="1116" VPOS="3454" WIDTH="72" HEIGHT="40" CONTENT="her" WC="1.00" CC="000"/>
						<SP ID="P14_SP00591" HPOS="1188" VPOS="3506" WIDTH="32"/>
						<String ID="word000612" HPOS="1220" VPOS="3454" WIDTH="321" HEIGHT="45" CONTENT="unfaithfulness." WC="0.98" CC="000000001000200"/>
						<SP ID="P14_SP00592" HPOS="1541" VPOS="3506" WIDTH="27"/>
						<String ID="word000613" HPOS="1569" VPOS="3452" WIDTH="1" HEIGHT="53" CONTENT="'" WC="0.44" CC="5"/>
						<SP ID="P14_SP00593" HPOS="1570" VPOS="3506" WIDTH="0"/>
					</TextLine>
					<TextLine ID="P14_TL00065" HPOS="201" VPOS="3504" WIDTH="1342" HEIGHT="54">
						<String ID="word000614" HPOS="201" VPOS="3507" WIDTH="184" HEIGHT="45" CONTENT="—Here," WC="0.85" CC="431000"/>
						<SP ID="P14_SP00594" HPOS="385" VPOS="3552" WIDTH="27"/>
						<String ID="word000615" HPOS="412" VPOS="3519" WIDTH="24" HEIGHT="27" CONTENT="a" WC="1.00" CC="0"/>
						<SP ID="P14_SP00595" HPOS="436" VPOS="3552" WIDTH="26"/>
						<String ID="word000616" HPOS="462" VPOS="3506" WIDTH="164" HEIGHT="52" CONTENT="quarrel" WC="0.90" CC="1010031"/>
						<SP ID="P14_SP00596" HPOS="626" VPOS="3557" WIDTH="19"/>
						<String ID="word000617" HPOS="645" VPOS="3506" WIDTH="154" HEIGHT="41" CONTENT="similar" WC="0.97" CC="0001100"/>
						<SP ID="P14_SP00597" HPOS="798" VPOS="3557" WIDTH="32"/>
						<String ID="word000618" HPOS="830" VPOS="3511" WIDTH="45" HEIGHT="39" CONTENT="to" WC="0.94" CC="01"/>
						<SP ID="P14_SP00598" HPOS="875" VPOS="3557" WIDTH="25"/>
						<String ID="word000619" HPOS="900" VPOS="3507" WIDTH="90" HEIGHT="41" CONTENT="that" WC="1.00" CC="0000"/>
						<SP ID="P14_SP00599" HPOS="990" VPOS="3557" WIDTH="18"/>
						<String ID="word000620" HPOS="1007" VPOS="3504" WIDTH="52" HEIGHT="41" CONTENT="of" WC="1.00" CC="00"/>
						<SP ID="P14_SP00600" HPOS="1059" VPOS="3557" WIDTH="13"/>
						<String ID="word000621" HPOS="1072" VPOS="3508" WIDTH="145" HEIGHT="39" CONTENT="Donna" WC="0.71" CC="11326" STYLEREFS="TXT_3"/>
						<SP ID="P14_SP00601" HPOS="1218" VPOS="3557" WIDTH="31"/>
						<String ID="word000622" HPOS="1248" VPOS="3509" WIDTH="197" HEIGHT="47" CONTENT="nolante," WC="0.51" CC="53575433" STYLEREFS="TXT_3"/>
						<SP ID="P14_SP00602" HPOS="1446" VPOS="3557" WIDTH="20"/>
						<String ID="word000623" HPOS="1466" VPOS="3504" WIDTH="77" HEIGHT="45" CONTENT="and" WC="1.00" CC="000"/>
						<SP ID="P14_SP00603" HPOS="1543" VPOS="3557" WIDTH="0"/>
					</TextLine>
					<TextLine ID="P14_TL00066" HPOS="360" VPOS="3557" WIDTH="1183" HEIGHT="56">
						<String ID="word000624" HPOS="360" VPOS="3557" WIDTH="41" HEIGHT="41" CONTENT="in" WC="0.89" CC="02" STYLEREFS="TXT_3"/>
						<SP ID="P14_SP00604" HPOS="402" VPOS="3599" WIDTH="19"/>
						<String ID="word000625" HPOS="420" VPOS="3565" WIDTH="31" HEIGHT="19" CONTENT='"' WC="0.67" CC="3" STYLEREFS="TXT_3"/>
						<SP ID="P14_SP00605" HPOS="451" VPOS="3599" WIDTH="31"/>
						<String ID="word000626" HPOS="482" VPOS="3560" WIDTH="81" HEIGHT="43" CONTENT="The" WC="0.89" CC="111" STYLEREFS="TXT_3"/>
						<SP ID="P14_SP00606" HPOS="563" VPOS="3602" WIDTH="21"/>
						<String ID="word000627" HPOS="585" VPOS="3562" WIDTH="226" HEIGHT="45" CONTENT='!Fonder,"' WC="0.78" CC="571004010" STYLEREFS="TXT_3"/>
						<SP ID="P14_SP00607" HPOS="810" VPOS="3607" WIDTH="19"/>
						<String ID="word000628" HPOS="829" VPOS="3573" WIDTH="139" HEIGHT="28" CONTENT="ensues" WC="1.00" CC="000000"/>
						<SP ID="P14_SP00608" HPOS="969" VPOS="3607" WIDTH="17"/>
						<String ID="word000629" HPOS="985" VPOS="3560" WIDTH="184" HEIGHT="40" CONTENT="between" WC="0.98" CC="0000001"/>
						<SP ID="P14_SP00609" HPOS="1169" VPOS="3607" WIDTH="15"/>
						<String ID="word000630" HPOS="1185" VPOS="3561" WIDTH="69" HEIGHT="39" CONTENT="the" WC="1.00" CC="000"/>
						<SP ID="P14_SP00610" HPOS="1253" VPOS="3607" WIDTH="21"/>
						<String ID="word000631" HPOS="1274" VPOS="3560" WIDTH="163" HEIGHT="53" CONTENT="jealous" WC="0.95" CC="0000300"/>
						<SP ID="P14_SP00611" HPOS="1437" VPOS="3613" WIDTH="17"/>
						<String ID="word000632" HPOS="1454" VPOS="3560" WIDTH="71" HEIGHT="43" CONTENT="irri" SUBS_TYPE="HypPart1" SUBS_CONTENT="irri.tated" WC="0.51" CC="3335"/>
						<HYP HPOS="1525" VPOS="3560" WIDTH="18" CONTENT="-"/>
					</TextLine>
					<TextLine ID="P14_TL00067" HPOS="190" VPOS="3611" WIDTH="1350" HEIGHT="56">
						<String ID="word000633" HPOS="190" VPOS="3611" WIDTH="126" HEIGHT="45" CONTENT=".tated" SUBS_TYPE="HypPart2" SUBS_CONTENT="irri.tated" WC="0.56" CC="433383"/>
						<SP ID="P14_SP00612" HPOS="317" VPOS="3656" WIDTH="33"/>
						<String ID="word000634" HPOS="350" VPOS="3612" WIDTH="133" HEIGHT="47" CONTENT="lover," WC="0.98" CC="010000"/>
						<SP ID="P14_SP00613" HPOS="483" VPOS="3659" WIDTH="30"/>
						<String ID="word000635" HPOS="513" VPOS="3613" WIDTH="78" HEIGHT="39" CONTENT="and" WC="1.00" CC="000"/>
						<SP ID="P14_SP00614" HPOS="591" VPOS="3659" WIDTH="22"/>
						<String ID="word000636" HPOS="613" VPOS="3613" WIDTH="58" HEIGHT="43" CONTENT="his" WC="0.63" CC="046"/>
						<SP ID="P14_SP00615" HPOS="671" VPOS="3659" WIDTH="31"/>
						<String ID="word000637" HPOS="702" VPOS="3614" WIDTH="183" HEIGHT="52" CONTENT="wrongly" WC="0.97" CC="0000011"/>
						<SP ID="P14_SP00616" HPOS="885" VPOS="3666" WIDTH="32"/>
						<String ID="word000638" HPOS="917" VPOS="3614" WIDTH="208" HEIGHT="52" CONTENT="suspected" WC="0.99" CC="001000000"/>
						<SP ID="P14_SP00617" HPOS="1124" VPOS="3666" WIDTH="31"/>
						<String ID="word000639" HPOS="1155" VPOS="3614" WIDTH="185" HEIGHT="48" CONTENT="mistress," WC="0.99" CC="000000010"/>
						<SP ID="P14_SP00618" HPOS="1341" VPOS="3666" WIDTH="26"/>
						<String ID="word000640" HPOS="1367" VPOS="3614" WIDTH="96" HEIGHT="40" CONTENT="who" WC="1.00" CC="000"/>
						<SP ID="P14_SP00619" HPOS="1462" VPOS="3666" WIDTH="19"/>
						<String ID="word000641" HPOS="1481" VPOS="3628" WIDTH="40" HEIGHT="27" CONTENT="re" SUBS_TYPE="HypPart1" SUBS_CONTENT="re•tiresiiia" WC="0.85" CC="02"/>
						<HYP HPOS="1521" VPOS="3628" WIDTH="19" CONTENT="-"/>
					</TextLine>
					<TextLine ID="P14_TL00068" HPOS="188" VPOS="3663" WIDTH="1355" HEIGHT="57">
						<String ID="word000642" HPOS="188" VPOS="3663" WIDTH="171" HEIGHT="52" CONTENT="•tiresiiia" SUBS_TYPE="HypPart2" SUBS_CONTENT="re•tiresiiia" WC="0.37" CC="8333657778"/>
						<SP ID="P14_SP00620" HPOS="359" VPOS="3715" WIDTH="20"/>
						<String ID="word000643" HPOS="379" VPOS="3677" WIDTH="141" HEIGHT="41" CONTENT="anger." WC="1.00" CC="000000"/>
						<SP ID="P14_SP00621" HPOS="520" VPOS="3718" WIDTH="60"/>
						<String ID="word000644" HPOS="580" VPOS="3669" WIDTH="45" HEIGHT="38" CONTENT="In" WC="1.00" CC="00"/>
						<SP ID="P14_SP00622" HPOS="625" VPOS="3718" WIDTH="18"/>
						<String ID="word000645" HPOS="643" VPOS="3666" WIDTH="275" HEIGHT="52" CONTENT="asi.bsequent" WC="0.54" CC="357535633343"/>
						<SP ID="P14_SP00623" HPOS="918" VPOS="3718" WIDTH="12"/>
						<String ID="word000646" HPOS="930" VPOS="3665" WIDTH="176" HEIGHT="54" CONTENT="meeting" WC="0.97" CC="0100100"/>
						<SP ID="P14_SP00624" HPOS="1106" VPOS="3719" WIDTH="17"/>
						<String ID="word000647" HPOS="1122" VPOS="3665" WIDTH="71" HEIGHT="41" CONTENT="she" WC="0.96" CC="100"/>
						<SP ID="P14_SP00625" HPOS="1193" VPOS="3719" WIDTH="17"/>
						<String ID="word000648" HPOS="1209" VPOS="3666" WIDTH="183" HEIGHT="44" CONTENT="conceals" WC="0.90" CC="02100301"/>
						<SP ID="P14_SP00626" HPOS="1393" VPOS="3719" WIDTH="13"/>
						<String ID="word000649" HPOS="1406" VPOS="3667" WIDTH="85" HEIGHT="40" CONTENT="bim" WC="1.00" CC="000"/>
						<SP ID="P14_SP00627" HPOS="1491" VPOS="3719" WIDTH="13"/>
						<String ID="word000650" HPOS="1504" VPOS="3669" WIDTH="39" HEIGHT="39" CONTENT="in" WC="1.00" CC="00"/>
						<SP ID="P14_SP00628" HPOS="1543" VPOS="3719" WIDTH="0"/>
					</TextLine>
					<TextLine ID="P14_TL00069" HPOS="198" VPOS="3717" WIDTH="1345" HEIGHT="54">
						<String ID="word000651" HPOS="198" VPOS="3717" WIDTH="78" HEIGHT="41" CONTENT="her" WC="0.96" CC="010"/>
						<SP ID="P14_SP00629" HPOS="276" VPOS="3758" WIDTH="18"/>
						<String ID="word000652" HPOS="294" VPOS="3719" WIDTH="129" HEIGHT="40" CONTENT="music" WC="1.00" CC="00000"/>
						<SP ID="P14_SP00630" HPOS="423" VPOS="3759" WIDTH="19"/>
						<String ID="word000653" HPOS="442" VPOS="3732" WIDTH="116" HEIGHT="26" CONTENT="room" WC="1.00" CC="0000"/>
						<SP ID="P14_SP00631" HPOS="557" VPOS="3759" WIDTH="19"/>
						<String ID="word000654" HPOS="576" VPOS="3732" WIDTH="53" HEIGHT="26" CONTENT="on" WC="0.89" CC="11"/>
						<SP ID="P14_SP00632" HPOS="630" VPOS="3759" WIDTH="21"/>
						<String ID="word000655" HPOS="651" VPOS="3719" WIDTH="168" HEIGHT="52" CONTENT="hearing" WC="0.98" CC="0000001"/>
						<SP ID="P14_SP00633" HPOS="819" VPOS="3771" WIDTH="13"/>
						<String ID="word000656" HPOS="831" VPOS="3718" WIDTH="74" HEIGHT="41" CONTENT="her" WC="1.00" CC="000"/>
						<SP ID="P14_SP00634" HPOS="906" VPOS="3771" WIDTH="27"/>
						<String ID="word000657" HPOS="933" VPOS="3717" WIDTH="157" HEIGHT="43" CONTENT="fathers" WC="1.00" CC="0000000"/>
						<SP ID="P14_SP00635" HPOS="1090" VPOS="3771" WIDTH="15"/>
						<String ID="word000658" HPOS="1106" VPOS="3718" WIDTH="130" HEIGHT="48" CONTENT="voice," WC="0.98" CC="010000"/>
						<SP ID="P14_SP00636" HPOS="1235" VPOS="3771" WIDTH="28"/>
						<String ID="word000659" HPOS="1264" VPOS="3720" WIDTH="77" HEIGHT="40" CONTENT="and" WC="1.00" CC="000"/>
						<SP ID="P14_SP00637" HPOS="1341" VPOS="3771" WIDTH="19"/>
						<String ID="word000660" HPOS="1359" VPOS="3719" WIDTH="72" HEIGHT="41" CONTENT="the" WC="1.00" CC="000"/>
						<SP ID="P14_SP00638" HPOS="1431" VPOS="3771" WIDTH="17"/>
						<String ID="word000661" HPOS="1448" VPOS="3720" WIDTH="94" HEIGHT="41" CONTENT="wise" WC="0.97" CC="0010"/>
						<SP ID="P14_SP00639" HPOS="1543" VPOS="3771" WIDTH="0"/>
					</TextLine>
					<TextLine ID="P14_TL00070" HPOS="198" VPOS="3771" WIDTH="1343" HEIGHT="55">
						<String ID="word000662" HPOS="198" VPOS="3776" WIDTH="150" HEIGHT="50" CONTENT="parent" WC="0.98" CC="000001"/>
						<SP ID="P14_SP00640" HPOS="348" VPOS="3826" WIDTH="37"/>
						<String ID="word000663" HPOS="385" VPOS="3771" WIDTH="154" HEIGHT="43" CONTENT="!ravine" WC="0.60" CC="7513216"/>
						<SP ID="P14_SP00641" HPOS="539" VPOS="3826" WIDTH="24"/>
						<String ID="word000664" HPOS="562" VPOS="3771" WIDTH="128" HEIGHT="40" CONTENT="learnt" WC="0.93" CC="000040"/>
						<SP ID="P14_SP00642" HPOS="690" VPOS="3826" WIDTH="19"/>
						<String ID="word000665" HPOS="709" VPOS="3772" WIDTH="91" HEIGHT="39" CONTENT="that" WC="1.00" CC="0000"/>
						<SP ID="P14_SP00643" HPOS="800" VPOS="3826" WIDTH="20"/>
						<String ID="word000666" HPOS="820" VPOS="3772" WIDTH="71" HEIGHT="40" CONTENT="the" WC="1.00" CC="000"/>
						<SP ID="P14_SP00644" HPOS="891" VPOS="3826" WIDTH="30"/>
						<String ID="word000667" HPOS="920" VPOS="3771" WIDTH="122" HEIGHT="40" CONTENT="sailor" WC="0.98" CC="001000"/>
						<SP ID="P14_SP00645" HPOS="1042" VPOS="3826" WIDTH="19"/>
						<String ID="word000668" HPOS="1061" VPOS="3784" WIDTH="84" HEIGHT="27" CONTENT="was" WC="0.93" CC="110"/>
						<SP ID="P14_SP00646" HPOS="1144" VPOS="3826" WIDTH="19"/>
						<String ID="word000669" HPOS="1163" VPOS="3771" WIDTH="159" HEIGHT="54" CONTENT="lurking" WC="0.94" CC="0100102"/>
						<SP ID="P14_SP00647" HPOS="1323" VPOS="3826" WIDTH="26"/>
						<String ID="word000670" HPOS="1349" VPOS="3785" WIDTH="100" HEIGHT="31" CONTENT="near" WC="0.97" CC="0100"/>
						<SP ID="P14_SP00648" HPOS="1449" VPOS="3826" WIDTH="31"/>
						<String ID="word000671" HPOS="1480" VPOS="3774" WIDTH="61" HEIGHT="40" CONTENT="his" WC="0.89" CC="111"/>
						<SP ID="P14_SP00649" HPOS="1541" VPOS="3826" WIDTH="0"/>
					</TextLine>
					<TextLine ID="P14_TL00071" HPOS="194" VPOS="3824" WIDTH="1348" HEIGHT="55">
						<String ID="word000672" HPOS="194" VPOS="3826" WIDTH="191" HEIGHT="39" CONTENT="mansion" WC="0.67" CC="6006216"/>
						<SP ID="P14_SP00650" HPOS="385" VPOS="3865" WIDTH="17"/>
						<String ID="word000673" HPOS="402" VPOS="3830" WIDTH="44" HEIGHT="34" CONTENT="to" WC="1.00" CC="00"/>
						<SP ID="P14_SP00651" HPOS="445" VPOS="3865" WIDTH="18"/>
						<String ID="word000674" HPOS="463" VPOS="3837" WIDTH="65" HEIGHT="27" CONTENT="see" WC="0.93" CC="110"/>
						<SP ID="P14_SP00652" HPOS="528" VPOS="3865" WIDTH="17"/>
						<String ID="word000675" HPOS="544" VPOS="3826" WIDTH="91" HEIGHT="48" CONTENT="her," WC="0.97" CC="0100"/>
						<SP ID="P14_SP00653" HPOS="635" VPOS="3874" WIDTH="13"/>
						<String ID="word000676" HPOS="648" VPOS="3824" WIDTH="113" HEIGHT="40" CONTENT="locks" WC="0.84" CC="11311"/>
						<SP ID="P14_SP00654" HPOS="762" VPOS="3874" WIDTH="17"/>
						<String ID="word000677" HPOS="778" VPOS="3826" WIDTH="70" HEIGHT="39" CONTENT="her" WC="1.00" CC="000"/>
						<SP ID="P14_SP00655" HPOS="848" VPOS="3874" WIDTH="17"/>
						<String ID="word000678" HPOS="865" VPOS="3839" WIDTH="54" HEIGHT="39" CONTENT="up" WC="0.94" CC="10"/>
						<SP ID="P14_SP00656" HPOS="919" VPOS="3878" WIDTH="14"/>
						<String ID="word000679" HPOS="933" VPOS="3826" WIDTH="304" HEIGHT="53" CONTENT="unconsciously" WC="0.98" CC="1000000010000"/>
						<SP ID="P14_SP00657" HPOS="1237" VPOS="3879" WIDTH="14"/>
						<String ID="word000680" HPOS="1251" VPOS="3826" WIDTH="96" HEIGHT="40" CONTENT="with" WC="0.97" CC="0001"/>
						<SP ID="P14_SP00658" HPOS="1346" VPOS="3879" WIDTH="14"/>
						<String ID="word000681" HPOS="1361" VPOS="3826" WIDTH="83" HEIGHT="44" CONTENT="him" WC="0.96" CC="001"/>
						<SP ID="P14_SP00659" HPOS="1443" VPOS="3879" WIDTH="21"/>
						<String ID="word000682" HPOS="1465" VPOS="3826" WIDTH="77" HEIGHT="43" CONTENT="and" WC="1.00" CC="000"/>
						<SP ID="P14_SP00660" HPOS="1541" VPOS="3879" WIDTH="0"/>
					</TextLine>
					<TextLine ID="P14_TL00072" HPOS="196" VPOS="3876" WIDTH="1343" HEIGHT="59">
						<String ID="word000683" HPOS="196" VPOS="3878" WIDTH="77" HEIGHT="44" CONTENT="her" WC="0.78" CC="510"/>
						<SP ID="P14_SP00661" HPOS="273" VPOS="3921" WIDTH="18"/>
						<String ID="word000684" HPOS="291" VPOS="3879" WIDTH="123" HEIGHT="41" CONTENT="maid." WC="1.00" CC="00000"/>
						<SP ID="P14_SP00662" HPOS="413" VPOS="3921" WIDTH="59"/>
						<String ID="word000685" HPOS="472" VPOS="3878" WIDTH="74" HEIGHT="40" CONTENT="His" WC="0.81" CC="032"/>
						<SP ID="P14_SP00663" HPOS="547" VPOS="3921" WIDTH="21"/>
						<String ID="word000686" HPOS="568" VPOS="3878" WIDTH="149" HEIGHT="45" CONTENT="friend," WC="0.97" CC="0001010" STYLEREFS="TXT_3"/>
						<SP ID="P14_SP00664" HPOS="717" VPOS="3922" WIDTH="31"/>
						<String ID="word000687" HPOS="748" VPOS="3879" WIDTH="85" HEIGHT="39" CONTENT="Mr." WC="0.96" CC="100" STYLEREFS="TXT_3"/>
						<SP ID="P14_SP00665" HPOS="833" VPOS="3922" WIDTH="21"/>
						<String ID="word000688" HPOS="854" VPOS="3878" WIDTH="247" HEIGHT="46" CONTENT="Faulkener," WC="0.81" CC="0133111331" STYLEREFS="TXT_3"/>
						<SP ID="P14_SP00666" HPOS="1101" VPOS="3924" WIDTH="28"/>
						<String ID="word000689" HPOS="1129" VPOS="3876" WIDTH="97" HEIGHT="54" CONTENT="long" WC="0.86" CC="1103"/>
						<SP ID="P14_SP00667" HPOS="1226" VPOS="3931" WIDTH="17"/>
						<String ID="word000690" HPOS="1243" VPOS="3878" WIDTH="178" HEIGHT="57" CONTENT="thought" WC="0.98" CC="0010000"/>
						<SP ID="P14_SP00668" HPOS="1421" VPOS="3934" WIDTH="17"/>
						<String ID="word000691" HPOS="1437" VPOS="3880" WIDTH="102" HEIGHT="41" CONTENT="dead" WC="1.00" CC="0000"/>
						<SP ID="P14_SP00669" HPOS="1539" VPOS="3934" WIDTH="0"/>
					</TextLine>
					<TextLine ID="P14_TL00073" HPOS="198" VPOS="3930" WIDTH="1339" HEIGHT="59">
						<String ID="word000692" HPOS="198" VPOS="3930" WIDTH="78" HEIGHT="41" CONTENT="but" WC="1.00" CC="000"/>
						<SP ID="P14_SP00670" HPOS="276" VPOS="3971" WIDTH="20"/>
						<String ID="word000693" HPOS="296" VPOS="3930" WIDTH="92" HEIGHT="40" CONTENT="who" WC="0.96" CC="001"/>
						<SP ID="P14_SP00671" HPOS="389" VPOS="3971" WIDTH="21"/>
						<String ID="word000694" HPOS="410" VPOS="3930" WIDTH="83" HEIGHT="41" CONTENT="had" WC="0.96" CC="001"/>
						<SP ID="P14_SP00672" HPOS="493" VPOS="3971" WIDTH="19"/>
						<String ID="word000695" HPOS="511" VPOS="3930" WIDTH="106" HEIGHT="41" CONTENT="lived" WC="0.98" CC="00001"/>
						<SP ID="P14_SP00673" HPOS="618" VPOS="3971" WIDTH="38"/>
						<String ID="word000696" HPOS="656" VPOS="3930" WIDTH="65" HEIGHT="41" CONTENT="for" WC="0.96" CC="001"/>
						<SP ID="P14_SP00674" HPOS="720" VPOS="3971" WIDTH="34"/>
						<String ID="word000697" HPOS="755" VPOS="3944" WIDTH="120" HEIGHT="39" CONTENT="many" WC="1.00" CC="0000"/>
						<SP ID="P14_SP00675" HPOS="875" VPOS="3983" WIDTH="20"/>
						<String ID="word000698" HPOS="895" VPOS="3943" WIDTH="113" HEIGHT="40" CONTENT="years" WC="0.95" CC="01001"/>
						<SP ID="P14_SP00676" HPOS="1009" VPOS="3983" WIDTH="18"/>
						<String ID="word000699" HPOS="1026" VPOS="3930" WIDTH="201" HEIGHT="54" CONTENT="disguised" WC="0.83" CC="111111134"/>
						<SP ID="P14_SP00677" HPOS="1227" VPOS="3984" WIDTH="30"/>
						<String ID="word000700" HPOS="1257" VPOS="3932" WIDTH="39" HEIGHT="40" CONTENT="in" WC="1.00" CC="00"/>
						<SP ID="P14_SP00678" HPOS="1296" VPOS="3984" WIDTH="17"/>
						<String ID="word000701" HPOS="1312" VPOS="3932" WIDTH="71" HEIGHT="41" CONTENT="the" WC="0.96" CC="001"/>
						<SP ID="P14_SP00679" HPOS="1383" VPOS="3984" WIDTH="15"/>
						<String ID="word000702" HPOS="1398" VPOS="3932" WIDTH="117" HEIGHT="57" CONTENT="neigh" SUBS_TYPE="HypPart1" SUBS_CONTENT="neigh'bourbood" WC="0.91" CC="00102"/>
						<HYP HPOS="1515" VPOS="3932" WIDTH="22" CONTENT="-"/>
					</TextLine>
					<TextLine ID="P14_TL00074" HPOS="184" VPOS="3981" WIDTH="1354" HEIGHT="59">
						<String ID="word000703" HPOS="184" VPOS="3984" WIDTH="235" HEIGHT="44" CONTENT="'bourbood" SUBS_TYPE="HypPart2" SUBS_CONTENT="neigh'bourbood" WC="0.52" CC="733335357"/>
						<SP ID="P14_SP00680" HPOS="419" VPOS="4028" WIDTH="20"/>
						<String ID="word000704" HPOS="439" VPOS="3987" WIDTH="97" HEIGHT="37" CONTENT="with" WC="0.86" CC="1022"/>
						<SP ID="P14_SP00681" HPOS="536" VPOS="4028" WIDTH="24"/>
						<String ID="word000705" HPOS="560" VPOS="3998" WIDTH="52" HEIGHT="25" CONTENT="an" WC="0.94" CC="10"/>
						<SP ID="P14_SP00682" HPOS="612" VPOS="4028" WIDTH="14"/>
						<String ID="word000706" HPOS="626" VPOS="3983" WIDTH="96" HEIGHT="57" CONTENT="only" WC="0.92" CC="0021"/>
						<SP ID="P14_SP00683" HPOS="722" VPOS="4039" WIDTH="13"/>
						<String ID="word000707" HPOS="735" VPOS="3983" WIDTH="227" HEIGHT="54" CONTENT="/laughter," WC="0.83" CC="6503001000"/>
						<SP ID="P14_SP00684" HPOS="961" VPOS="4039" WIDTH="33"/>
						<String ID="word000708" HPOS="994" VPOS="3994" WIDTH="91" HEIGHT="30" CONTENT="now" WC="0.96" CC="010"/>
						<SP ID="P14_SP00685" HPOS="1085" VPOS="4039" WIDTH="20"/>
						<String ID="word000709" HPOS="1106" VPOS="3981" WIDTH="97" HEIGHT="43" CONTENT="calls" WC="0.98" CC="00010"/>
						<SP ID="P14_SP00686" HPOS="1202" VPOS="4039" WIDTH="18"/>
						<String ID="word000710" HPOS="1220" VPOS="3997" WIDTH="107" HEIGHT="41" CONTENT="upon" WC="1.00" CC="0000"/>
						<SP ID="P14_SP00687" HPOS="1328" VPOS="4039" WIDTH="25"/>
						<String ID="word000711" HPOS="1352" VPOS="3984" WIDTH="99" HEIGHT="47" CONTENT="him," WC="0.97" CC="0001"/>
						<SP ID="P14_SP00688" HPOS="1452" VPOS="4039" WIDTH="20"/>
						<String ID="word000712" HPOS="1472" VPOS="3984" WIDTH="45" HEIGHT="44" CONTENT="ad" SUBS_TYPE="HypPart1" SUBS_CONTENT="advises" WC="0.81" CC="00"/>
						<HYP HPOS="1517" VPOS="3984" WIDTH="21" CONTENT="-"/>
					</TextLine>
					<TextLine ID="P14_TL00075" HPOS="195" VPOS="4036" WIDTH="1343" HEIGHT="56">
						<String ID="word000713" HPOS="195" VPOS="4038" WIDTH="105" HEIGHT="40" CONTENT="vises" SUBS_TYPE="HypPart2" SUBS_CONTENT="advises" WC="0.62" CC="24344"/>
						<SP ID="P14_SP00689" HPOS="300" VPOS="4078" WIDTH="21"/>
						<String ID="word000714" HPOS="321" VPOS="4036" WIDTH="83" HEIGHT="43" CONTENT="him" WC="1.00" CC="000"/>
						<SP ID="P14_SP00690" HPOS="404" VPOS="4078" WIDTH="22"/>
						<String ID="word000715" HPOS="426" VPOS="4042" WIDTH="71" HEIGHT="35" CONTENT="not" WC="1.00" CC="000"/>
						<SP ID="P14_SP00691" HPOS="497" VPOS="4078" WIDTH="24"/>
						<String ID="word000716" HPOS="521" VPOS="4044" WIDTH="44" HEIGHT="33" CONTENT="to" WC="0.83" CC="30"/>
						<SP ID="P14_SP00692" HPOS="565" VPOS="4078" WIDTH="27"/>
						<String ID="word000717" HPOS="592" VPOS="4050" WIDTH="135" HEIGHT="41" CONTENT="marry" WC="0.98" CC="10000"/>
						<SP ID="P14_SP00693" HPOS="726" VPOS="4091" WIDTH="21"/>
						<String ID="word000718" HPOS="748" VPOS="4037" WIDTH="64" HEIGHT="40" CONTENT="his" WC="1.00" CC="000"/>
						<SP ID="P14_SP00694" HPOS="811" VPOS="4091" WIDTH="22"/>
						<String ID="word000719" HPOS="834" VPOS="4039" WIDTH="115" HEIGHT="39" CONTENT="Ellen" WC="0.98" CC="00100" STYLEREFS="TXT_3"/>
						<SP ID="P14_SP00695" HPOS="948" VPOS="4091" WIDTH="20"/>
						<String ID="word000720" HPOS="969" VPOS="4042" WIDTH="44" HEIGHT="34" CONTENT="to" WC="1.00" CC="00" STYLEREFS="TXT_3"/>
						<SP ID="P14_SP00696" HPOS="1012" VPOS="4091" WIDTH="40"/>
						<String ID="word000721" HPOS="1052" VPOS="4039" WIDTH="112" HEIGHT="39" CONTENT="Lord" WC="0.89" CC="4000" STYLEREFS="TXT_3"/>
						<SP ID="P14_SP00697" HPOS="1165" VPOS="4091" WIDTH="17"/>
						<String ID="word000722" HPOS="1181" VPOS="4038" WIDTH="244" HEIGHT="46" CONTENT="Aatincoirt," WC="0.57" CC="35543535333" STYLEREFS="TXT_3"/>
						<SP ID="P14_SP00698" HPOS="1426" VPOS="4091" WIDTH="38"/>
						<String ID="word000723" HPOS="1463" VPOS="4039" WIDTH="74" HEIGHT="40" CONTENT="and" WC="0.96" CC="100"/>
						<SP ID="P14_SP00699" HPOS="1538" VPOS="4091" WIDTH="0"/>
					</TextLine>
					<TextLine ID="P14_TL00076" HPOS="183" VPOS="4088" WIDTH="1356" HEIGHT="57">
						<String ID="word000724" HPOS="183" VPOS="4091" WIDTH="44" HEIGHT="40" CONTENT="is" WC="0.67" CC="42"/>
						<SP ID="P14_SP00700" HPOS="227" VPOS="4131" WIDTH="18"/>
						<String ID="word000725" HPOS="244" VPOS="4103" WIDTH="54" HEIGHT="27" CONTENT="on" WC="1.00" CC="00"/>
						<SP ID="P14_SP00701" HPOS="299" VPOS="4131" WIDTH="21"/>
						<String ID="word000726" HPOS="320" VPOS="4091" WIDTH="73" HEIGHT="40" CONTENT="the" WC="0.96" CC="001"/>
						<SP ID="P14_SP00702" HPOS="393" VPOS="4131" WIDTH="13"/>
						<String ID="word000727" HPOS="406" VPOS="4093" WIDTH="123" HEIGHT="52" CONTENT="point" WC="0.95" CC="20000"/>
						<SP ID="P14_SP00703" HPOS="529" VPOS="4144" WIDTH="21"/>
						<String ID="word000728" HPOS="550" VPOS="4090" WIDTH="51" HEIGHT="41" CONTENT="of" WC="1.00" CC="00"/>
						<SP ID="P14_SP00704" HPOS="601" VPOS="4144" WIDTH="27"/>
						<String ID="word000729" HPOS="628" VPOS="4091" WIDTH="183" HEIGHT="53" CONTENT="retiring," WC="1.00" CC="000000000"/>
						<SP ID="P14_SP00705" HPOS="811" VPOS="4144" WIDTH="39"/>
						<String ID="word000730" HPOS="850" VPOS="4089" WIDTH="115" HEIGHT="48" CONTENT="when" WC="0.86" CC="3110"/>
						<SP ID="P14_SP00706" HPOS="965" VPOS="4144" WIDTH="21"/>
						<String ID="word000731" HPOS="986" VPOS="4091" WIDTH="71" HEIGHT="40" CONTENT="the" WC="0.96" CC="001"/>
						<SP ID="P14_SP00707" HPOS="1057" VPOS="4144" WIDTH="21"/>
						<String ID="word000732" HPOS="1078" VPOS="4093" WIDTH="190" HEIGHT="43" CONTENT="Baronet," WC="1.00" CC="00000000"/>
						<SP ID="P14_SP00708" HPOS="1269" VPOS="4144" WIDTH="37"/>
						<String ID="word000733" HPOS="1305" VPOS="4088" WIDTH="178" HEIGHT="44" CONTENT="desirous" WC="0.88" CC="00410103"/>
						<SP ID="P14_SP00709" HPOS="1483" VPOS="4144" WIDTH="13"/>
						<String ID="word000734" HPOS="1496" VPOS="4096" WIDTH="43" HEIGHT="37" CONTENT="to" WC="1.00" CC="00"/>
						<SP ID="P14_SP00710" HPOS="1539" VPOS="4144" WIDTH="0"/>
					</TextLine>
					<TextLine ID="P14_TL00077" HPOS="184" VPOS="4141" WIDTH="1386" HEIGHT="61">
						<String ID="word000735" HPOS="184" VPOS="4149" WIDTH="170" HEIGHT="53" CONTENT="present" WC="0.87" CC="5001110"/>
						<SP ID="P14_SP00711" HPOS="354" VPOS="4202" WIDTH="17"/>
						<String ID="word000736" HPOS="371" VPOS="4144" WIDTH="84" HEIGHT="41" CONTENT="him" WC="0.48" CC="644"/>
						<SP ID="P14_SP00712" HPOS="455" VPOS="4202" WIDTH="18"/>
						<String ID="word000737" HPOS="472" VPOS="4152" WIDTH="45" HEIGHT="37" CONTENT="to" WC="0.83" CC="21"/>
						<SP ID="P14_SP00713" HPOS="517" VPOS="4202" WIDTH="18"/>
						<String ID="word000738" HPOS="535" VPOS="4144" WIDTH="61" HEIGHT="40" CONTENT="his" WC="0.93" CC="020"/>
						<SP ID="P14_SP00714" HPOS="596" VPOS="4202" WIDTH="19"/>
						<String ID="word000739" HPOS="615" VPOS="4142" WIDTH="123" HEIGHT="48" CONTENT="child," WC="0.91" CC="100040"/>
						<SP ID="P14_SP00715" HPOS="738" VPOS="4202" WIDTH="22"/>
						<String ID="word000740" HPOS="761" VPOS="4142" WIDTH="172" HEIGHT="43" CONTENT="unlocks" WC="0.90" CC="0130101"/>
						<SP ID="P14_SP00716" HPOS="933" VPOS="4202" WIDTH="18"/>
						<String ID="word000741" HPOS="951" VPOS="4143" WIDTH="70" HEIGHT="40" CONTENT="the" WC="0.96" CC="010"/>
						<SP ID="P14_SP00717" HPOS="1020" VPOS="4202" WIDTH="15"/>
						<String ID="word000742" HPOS="1036" VPOS="4143" WIDTH="129" HEIGHT="46" CONTENT="door," WC="0.89" CC="30110"/>
						<SP ID="P14_SP00718" HPOS="1165" VPOS="4202" WIDTH="34"/>
						<String ID="word000743" HPOS="1199" VPOS="4141" WIDTH="76" HEIGHT="43" CONTENT="and" WC="1.00" CC="000"/>
						<SP ID="P14_SP00719" HPOS="1274" VPOS="4202" WIDTH="20"/>
						<String ID="word000744" HPOS="1294" VPOS="4143" WIDTH="102" HEIGHT="41" CONTENT="finds" WC="0.98" CC="00001"/>
						<SP ID="P14_SP00720" HPOS="1396" VPOS="4202" WIDTH="14"/>
						<String ID="word000745" HPOS="1410" VPOS="4142" WIDTH="73" HEIGHT="43" CONTENT="her" WC="1.00" CC="000"/>
						<SP ID="P14_SP00721" HPOS="1483" VPOS="4202" WIDTH="18"/>
						<String ID="word000746" HPOS="1501" VPOS="4144" WIDTH="69" HEIGHT="46" CONTENT="in.," WC="0.72" CC="0037"/>
						<SP ID="P14_SP00722" HPOS="1570" VPOS="4202" WIDTH="0"/>
					</TextLine>
					<TextLine ID="P14_TL00078" HPOS="184" VPOS="4194" WIDTH="1355" HEIGHT="62">
						<String ID="word000747" HPOS="184" VPOS="4211" WIDTH="211" HEIGHT="45" CONTENT="sotripaoy" WC="0.34" CC="678586355"/>
						<SP ID="P14_SP00723" HPOS="396" VPOS="4256" WIDTH="172"/>
						<String ID="word000748" HPOS="568" VPOS="4196" WIDTH="175" HEIGHT="44" CONTENT="Clarks." WC="0.63" CC="5611271" STYLEREFS="TXT_3"/>
						<SP ID="P14_SP00724" HPOS="743" VPOS="4256" WIDTH="13"/>
						<String ID="word000749" HPOS="756" VPOS="4199" WIDTH="280" HEIGHT="47" CONTENT="dustincourt," WC="0.36" CC="887355578373" STYLEREFS="TXT_3"/>
						<SP ID="P14_SP00725" HPOS="1036" VPOS="4256" WIDTH="31"/>
						<String ID="word000750" HPOS="1067" VPOS="4194" WIDTH="72" HEIGHT="45" CONTENT="the" WC="0.67" CC="135" STYLEREFS="TXT_3"/>
						<SP ID="P14_SP00726" HPOS="1139" VPOS="4256" WIDTH="27"/>
						<String ID="word000751" HPOS="1166" VPOS="4194" WIDTH="223" HEIGHT="48" CONTENT="rolookted" WC="0.42" CC="387784433"/>
						<SP ID="P14_SP00727" HPOS="1389" VPOS="4256" WIDTH="13"/>
						<String ID="word000752" HPOS="1402" VPOS="4194" WIDTH="137" HEIGHT="46" CONTENT="sailor." WC="0.94" CC="2100100"/>
						<SP ID="P14_SP00728" HPOS="1539" VPOS="4256" WIDTH="0"/>
					</TextLine>
				</TextBlock>
				<TextBlock ID="pa0014004" HPOS="2748" VPOS="78" WIDTH="256" HEIGHT="87" STYLEREFS="TXT_0 PAR_RIGHT">
					<TextLine ID="P14_TL00079" HPOS="2748" VPOS="79" WIDTH="166" HEIGHT="59">
						<String ID="word000753" HPOS="2748" VPOS="79" WIDTH="165" HEIGHT="59" CONTENT="JAN:" WC="0.53" CC="6416"/>
						<SP ID="P14_SP00729" HPOS="2914" VPOS="138" WIDTH="0"/>
					</TextLine>
				</TextBlock>
				<TextBlock ID="pa0014005" HPOS="1600" VPOS="204" WIDTH="1410" HEIGHT="3280" STYLEREFS="TXT_0 PAR_LEFT">
					<TextLine ID="P14_TL00080" HPOS="1650" VPOS="213" WIDTH="1360" HEIGHT="57">
						<String ID="word000754" HPOS="1650" VPOS="213" WIDTH="93" HEIGHT="39" CONTENT="—A" WC="1.00" CC="00"/>
						<SP ID="P14_SP00730" HPOS="1743" VPOS="252" WIDTH="18"/>
						<String ID="word000755" HPOS="1761" VPOS="226" WIDTH="115" HEIGHT="27" CONTENT="scene" WC="0.91" CC="10030"/>
						<SP ID="P14_SP00731" HPOS="1876" VPOS="253" WIDTH="18"/>
						<String ID="word000756" HPOS="1893" VPOS="214" WIDTH="52" HEIGHT="40" CONTENT="of" WC="1.00" CC="00"/>
						<SP ID="P14_SP00732" HPOS="1945" VPOS="254" WIDTH="12"/>
						<String ID="word000757" HPOS="1957" VPOS="214" WIDTH="231" HEIGHT="47" CONTENT="confusion," WC="0.99" CC="0010000000"/>
						<SP ID="P14_SP00733" HPOS="2189" VPOS="261" WIDTH="27"/>
						<String ID="word000758" HPOS="2216" VPOS="216" WIDTH="83" HEIGHT="40" CONTENT="and" WC="0.81" CC="050"/>
						<SP ID="P14_SP00734" HPOS="2298" VPOS="261" WIDTH="20"/>
						<String ID="word000759" HPOS="2319" VPOS="216" WIDTH="193" HEIGHT="53" CONTENT="conjugal" WC="0.99" CC="00000001"/>
						<SP ID="P14_SP00735" HPOS="2511" VPOS="269" WIDTH="21"/>
						<String ID="word000760" HPOS="2532" VPOS="215" WIDTH="115" HEIGHT="41" CONTENT="itri&amp;" WC="0.47" CC="83436"/>
						<SP ID="P14_SP00736" HPOS="2647" VPOS="269" WIDTH="13"/>
						<String ID="word000761" HPOS="2660" VPOS="229" WIDTH="142" HEIGHT="28" CONTENT="ensiles" WC="0.70" CC="0316702"/>
						<SP ID="P14_SP00737" HPOS="2802" VPOS="269" WIDTH="20"/>
						<String ID="word000762" HPOS="2822" VPOS="221" WIDTH="188" HEIGHT="40" CONTENT="between" WC="0.84" CC="0110404"/>
						<SP ID="P14_SP00738" HPOS="3009" VPOS="269" WIDTH="0"/>
					</TextLine>
					<TextLine ID="P14_TL00081" HPOS="1650" VPOS="261" WIDTH="1359" HEIGHT="71">
						<String ID="word000763" HPOS="1650" VPOS="261" WIDTH="74" HEIGHT="44" CONTENT="the" WC="1.00" CC="000"/>
						<SP ID="P14_SP00739" HPOS="1724" VPOS="305" WIDTH="25"/>
						<String ID="word000764" HPOS="1749" VPOS="265" WIDTH="175" HEIGHT="41" CONTENT="Baronet" WC="0.98" CC="0000001"/>
						<SP ID="P14_SP00740" HPOS="1924" VPOS="306" WIDTH="18"/>
						<String ID="word000765" HPOS="1942" VPOS="266" WIDTH="81" HEIGHT="41" CONTENT="and" WC="1.00" CC="000"/>
						<SP ID="P14_SP00741" HPOS="2023" VPOS="307" WIDTH="35"/>
						<String ID="word000766" HPOS="2059" VPOS="266" WIDTH="63" HEIGHT="40" CONTENT="his" WC="0.96" CC="001"/>
						<SP ID="P14_SP00742" HPOS="2121" VPOS="307" WIDTH="18"/>
						<String ID="word000767" HPOS="2139" VPOS="266" WIDTH="113" HEIGHT="56" CONTENT="lady," WC="0.95" CC="10001"/>
						<SP ID="P14_SP00743" HPOS="2252" VPOS="321" WIDTH="30"/>
						<String ID="word000768" HPOS="2282" VPOS="268" WIDTH="90" HEIGHT="40" CONTENT="who" WC="1.00" CC="000"/>
						<SP ID="P14_SP00744" HPOS="2372" VPOS="321" WIDTH="17"/>
						<String ID="word000769" HPOS="2388" VPOS="282" WIDTH="165" HEIGHT="27" CONTENT="accuses" WC="0.97" CC="0000110"/>
						<SP ID="P14_SP00745" HPOS="2554" VPOS="321" WIDTH="19"/>
						<String ID="word000770" HPOS="2572" VPOS="268" WIDTH="85" HEIGHT="41" CONTENT="him" WC="0.89" CC="012"/>
						<SP ID="P14_SP00746" HPOS="2657" VPOS="321" WIDTH="17"/>
						<String ID="word000771" HPOS="2674" VPOS="270" WIDTH="50" HEIGHT="39" CONTENT="of" WC="1.00" CC="00"/>
						<SP ID="P14_SP00747" HPOS="2724" VPOS="321" WIDTH="22"/>
						<String ID="word000772" HPOS="2746" VPOS="272" WIDTH="156" HEIGHT="60" CONTENT="having" WC="0.52" CC="227537"/>
						<SP ID="P14_SP00748" HPOS="2902" VPOS="332" WIDTH="18"/>
						<String ID="word000773" HPOS="2920" VPOS="273" WIDTH="89" HEIGHT="39" CONTENT="wile" WC="0.69" CC="2234" STYLEREFS="TXT_4"/>
						<SP ID="P14_SP00749" HPOS="3008" VPOS="332" WIDTH="0"/>
					</TextLine>
					<TextLine ID="P14_TL00082" HPOS="1651" VPOS="315" WIDTH="1353" HEIGHT="60">
						<String ID="word000774" HPOS="1651" VPOS="315" WIDTH="125" HEIGHT="54" CONTENT="liegly" WC="0.44" CC="758343"/>
						<SP ID="P14_SP00750" HPOS="1776" VPOS="370" WIDTH="31"/>
						<String ID="word000775" HPOS="1807" VPOS="319" WIDTH="237" HEIGHT="43" CONTENT="introduced" WC="0.87" CC="0101103330"/>
						<SP ID="P14_SP00751" HPOS="2044" VPOS="370" WIDTH="32"/>
						<String ID="word000776" HPOS="2076" VPOS="320" WIDTH="76" HEIGHT="40" CONTENT="the" WC="1.00" CC="000"/>
						<SP ID="P14_SP00752" HPOS="2152" VPOS="370" WIDTH="34"/>
						<String ID="word000777" HPOS="2186" VPOS="330" WIDTH="144" HEIGHT="45" CONTENT="young" WC="0.98" CC="10000"/>
						<SP ID="P14_SP00753" HPOS="2330" VPOS="374" WIDTH="25"/>
						<String ID="word000778" HPOS="2355" VPOS="322" WIDTH="249" HEIGHT="40" CONTENT="adventures'" WC="0.88" CC="00103000035"/>
						<SP ID="P14_SP00754" HPOS="2604" VPOS="374" WIDTH="33"/>
						<String ID="word000779" HPOS="2637" VPOS="324" WIDTH="85" HEIGHT="39" CONTENT="into" WC="1.00" CC="0000"/>
						<SP ID="P14_SP00755" HPOS="2722" VPOS="374" WIDTH="34"/>
						<String ID="word000780" HPOS="2757" VPOS="325" WIDTH="72" HEIGHT="40" CONTENT="the" WC="0.74" CC="124"/>
						<SP ID="P14_SP00756" HPOS="2829" VPOS="374" WIDTH="30"/>
						<String ID="word000781" HPOS="2858" VPOS="325" WIDTH="145" HEIGHT="41" CONTENT="hots&amp;" WC="0.60" CC="03735"/>
						<SP ID="P14_SP00757" HPOS="3004" VPOS="374" WIDTH="0"/>
					</TextLine>
					<TextLine ID="P14_TL00083" HPOS="1652" VPOS="370" WIDTH="1130" HEIGHT="58">
						<String ID="word000782" HPOS="1652" VPOS="370" WIDTH="125" HEIGHT="40" CONTENT="From" WC="1.00" CC="0000"/>
						<SP ID="P14_SP00758" HPOS="1778" VPOS="410" WIDTH="18"/>
						<String ID="word000783" HPOS="1795" VPOS="371" WIDTH="145" HEIGHT="41" CONTENT="thence" WC="0.85" CC="003230"/>
						<SP ID="P14_SP00759" HPOS="1941" VPOS="412" WIDTH="19"/>
						<String ID="word000784" HPOS="1959" VPOS="385" WIDTH="59" HEIGHT="27" CONTENT="we" WC="1.00" CC="00"/>
						<SP ID="P14_SP00760" HPOS="2019" VPOS="412" WIDTH="14"/>
						<String ID="word000785" HPOS="2033" VPOS="381" WIDTH="71" HEIGHT="31" CONTENT="are" WC="1.00" CC="000"/>
						<SP ID="P14_SP00761" HPOS="2104" VPOS="412" WIDTH="19"/>
						<String ID="word000786" HPOS="2122" VPOS="376" WIDTH="257" HEIGHT="51" CONTENT="transported" WC="0.99" CC="01000000000"/>
						<SP ID="P14_SP00762" HPOS="2380" VPOS="426" WIDTH="22"/>
						<String ID="word000787" HPOS="2402" VPOS="379" WIDTH="43" HEIGHT="34" CONTENT="to" WC="1.00" CC="00"/>
						<SP ID="P14_SP00763" HPOS="2445" VPOS="426" WIDTH="15"/>
						<String ID="word000788" HPOS="2460" VPOS="378" WIDTH="69" HEIGHT="37" CONTENT="the" WC="0.85" CC="301"/>
						<SP ID="P14_SP00764" HPOS="2529" VPOS="426" WIDTH="13"/>
						<String ID="word000789" HPOS="2542" VPOS="378" WIDTH="240" HEIGHT="50" CONTENT="Attorney's" WC="0.90" CC="0111001113"/>
						<SP ID="P14_SP00765" HPOS="2781" VPOS="428" WIDTH="0"/>
					</TextLine>
					<TextLine ID="P14_TL00084" HPOS="1650" VPOS="422" WIDTH="1355" HEIGHT="61">
						<String ID="word000790" HPOS="1650" VPOS="422" WIDTH="132" HEIGHT="41" CONTENT="where" WC="1.00" CC="00000"/>
						<SP ID="P14_SP00766" HPOS="1782" VPOS="463" WIDTH="17"/>
						<String ID="word000791" HPOS="1799" VPOS="438" WIDTH="57" HEIGHT="26" CONTENT="we" WC="1.00" CC="00"/>
						<SP ID="P14_SP00767" HPOS="1856" VPOS="464" WIDTH="25"/>
						<String ID="word000792" HPOS="1880" VPOS="424" WIDTH="112" HEIGHT="40" CONTENT="learn" WC="1.00" CC="00000"/>
						<SP ID="P14_SP00768" HPOS="1993" VPOS="464" WIDTH="17"/>
						<String ID="word000793" HPOS="2009" VPOS="426" WIDTH="91" HEIGHT="39" CONTENT="that" WC="0.97" CC="0001"/>
						<SP ID="P14_SP00769" HPOS="2100" VPOS="465" WIDTH="22"/>
						<String ID="word000794" HPOS="2122" VPOS="428" WIDTH="163" HEIGHT="39" CONTENT="Charles" WC="0.92" CC="2011100" STYLEREFS="TXT_3"/>
						<SP ID="P14_SP00770" HPOS="2285" VPOS="467" WIDTH="19"/>
						<String ID="word000795" HPOS="2304" VPOS="430" WIDTH="304" HEIGHT="37" CONTENT="austineoures" WC="0.46" CC="855533853355" STYLEREFS="TXT_3"/>
						<SP ID="P14_SP00771" HPOS="2608" VPOS="467" WIDTH="19"/>
						<String ID="word000796" HPOS="2627" VPOS="429" WIDTH="135" HEIGHT="40" CONTENT="father" WC="0.78" CC="451011"/>
						<SP ID="P14_SP00772" HPOS="2761" VPOS="469" WIDTH="18"/>
						<String ID="word000797" HPOS="2779" VPOS="431" WIDTH="123" HEIGHT="52" CONTENT="being" WC="0.89" CC="01301"/>
						<SP ID="P14_SP00773" HPOS="2902" VPOS="483" WIDTH="24"/>
						<String ID="word000798" HPOS="2926" VPOS="431" WIDTH="79" HEIGHT="40" CONTENT="left" WC="0.97" CC="0010"/>
						<SP ID="P14_SP00774" HPOS="3005" VPOS="483" WIDTH="0"/>
					</TextLine>
					<TextLine ID="P14_TL00085" HPOS="1645" VPOS="476" WIDTH="1359" HEIGHT="52">
						<String ID="word000799" HPOS="1645" VPOS="476" WIDTH="200" HEIGHT="45" CONTENT="guardian" WC="0.89" CC="20300120"/>
						<SP ID="P14_SP00775" HPOS="1845" VPOS="521" WIDTH="19"/>
						<String ID="word000800" HPOS="1864" VPOS="482" WIDTH="46" HEIGHT="35" CONTENT="to" WC="1.00" CC="00"/>
						<SP ID="P14_SP00776" HPOS="1910" VPOS="521" WIDTH="18"/>
						<String ID="word000801" HPOS="1928" VPOS="481" WIDTH="110" HEIGHT="43" CONTENT="fiord" WC="0.60" CC="65511" STYLEREFS="TXT_3"/>
						<SP ID="P14_SP00777" HPOS="2037" VPOS="523" WIDTH="15"/>
						<String ID="word000802" HPOS="2053" VPOS="482" WIDTH="280" HEIGHT="44" CONTENT="Auslinconri," WC="0.59" CC="333543535334" STYLEREFS="TXT_3"/>
						<SP ID="P14_SP00778" HPOS="2333" VPOS="526" WIDTH="30"/>
						<String ID="word000803" HPOS="2362" VPOS="480" WIDTH="78" HEIGHT="40" CONTENT="had" WC="1.00" CC="000"/>
						<SP ID="P14_SP00779" HPOS="2440" VPOS="526" WIDTH="24"/>
						<String ID="word000804" HPOS="2464" VPOS="483" WIDTH="197" HEIGHT="38" CONTENT="ventured" WC="0.99" CC="01000000"/>
						<SP ID="P14_SP00780" HPOS="2661" VPOS="526" WIDTH="24"/>
						<String ID="word000805" HPOS="2685" VPOS="482" WIDTH="174" HEIGHT="46" CONTENT="14,000/i" WC="0.44" CC="53355577"/>
						<SP ID="P14_SP00781" HPOS="2858" VPOS="528" WIDTH="20"/>
						<String ID="word000806" HPOS="2878" VPOS="484" WIDTH="51" HEIGHT="39" CONTENT="of" WC="1.00" CC="00"/>
						<SP ID="P14_SP00782" HPOS="2929" VPOS="528" WIDTH="13"/>
						<String ID="word000807" HPOS="2942" VPOS="485" WIDTH="61" HEIGHT="39" CONTENT="hia" WC="0.41" CC="358"/>
						<SP ID="P14_SP00783" HPOS="3004" VPOS="528" WIDTH="0"/>
					</TextLine>
					<TextLine ID="P14_TL00086" HPOS="1646" VPOS="530" WIDTH="1353" HEIGHT="51">
						<String ID="word000808" HPOS="1646" VPOS="536" WIDTH="150" HEIGHT="45" CONTENT="money" WC="1.00" CC="00000"/>
						<SP ID="P14_SP00784" HPOS="1796" VPOS="581" WIDTH="21"/>
						<String ID="word000809" HPOS="1818" VPOS="530" WIDTH="37" HEIGHT="40" CONTENT="in" WC="0.94" CC="01"/>
						<SP ID="P14_SP00785" HPOS="1854" VPOS="581" WIDTH="15"/>
						<String ID="word000810" HPOS="1870" VPOS="542" WIDTH="20" HEIGHT="26" CONTENT="a" WC="0.89" CC="1"/>
						<SP ID="P14_SP00786" HPOS="1890" VPOS="581" WIDTH="18"/>
						<String ID="word000811" HPOS="1907" VPOS="531" WIDTH="261" HEIGHT="40" CONTENT="commercial" WC="0.77" CC="0052313223"/>
						<SP ID="P14_SP00787" HPOS="2169" VPOS="581" WIDTH="20"/>
						<String ID="word000812" HPOS="2189" VPOS="543" WIDTH="171" HEIGHT="30" CONTENT="concern" WC="0.90" CC="3003000"/>
						<SP ID="P14_SP00788" HPOS="2360" VPOS="581" WIDTH="19"/>
						<String ID="word000813" HPOS="2379" VPOS="533" WIDTH="129" HEIGHT="39" CONTENT="which" WC="1.00" CC="00000"/>
						<SP ID="P14_SP00789" HPOS="2507" VPOS="581" WIDTH="21"/>
						<String ID="word000814" HPOS="2529" VPOS="533" WIDTH="79" HEIGHT="39" CONTENT="had" WC="0.96" CC="010"/>
						<SP ID="P14_SP00790" HPOS="2608" VPOS="581" WIDTH="20"/>
						<String ID="word000815" HPOS="2628" VPOS="534" WIDTH="136" HEIGHT="41" CONTENT="failed," WC="0.87" CC="0001016"/>
						<SP ID="P14_SP00791" HPOS="2764" VPOS="581" WIDTH="47"/>
						<String ID="word000816" HPOS="2811" VPOS="535" WIDTH="117" HEIGHT="43" CONTENT="Lord" WC="0.94" CC="1001" STYLEREFS="TXT_3"/>
						<SP ID="P14_SP00792" HPOS="2928" VPOS="581" WIDTH="14"/>
						<String ID="word000817" HPOS="2942" VPOS="541" WIDTH="57" HEIGHT="37" CONTENT=".4." WC="0.74" CC="322" STYLEREFS="TXT_3"/>
						<SP ID="P14_SP00793" HPOS="2999" VPOS="581" WIDTH="0"/>
					</TextLine>
					<TextLine ID="P14_TL00087" HPOS="1644" VPOS="581" WIDTH="1355" HEIGHT="57">
						<String ID="word000818" HPOS="1644" VPOS="581" WIDTH="93" HEIGHT="38" CONTENT="who" WC="0.89" CC="102"/>
						<SP ID="P14_SP00794" HPOS="1737" VPOS="619" WIDTH="19"/>
						<String ID="word000819" HPOS="1756" VPOS="582" WIDTH="146" HEIGHT="41" CONTENT="wished" WC="0.96" CC="001010"/>
						<SP ID="P14_SP00795" HPOS="1903" VPOS="624" WIDTH="22"/>
						<String ID="word000820" HPOS="1925" VPOS="589" WIDTH="44" HEIGHT="33" CONTENT="to" WC="1.00" CC="00"/>
						<SP ID="P14_SP00796" HPOS="1969" VPOS="624" WIDTH="21"/>
						<String ID="word000821" HPOS="1990" VPOS="585" WIDTH="115" HEIGHT="39" CONTENT="bribe" WC="1.00" CC="00000"/>
						<SP ID="P14_SP00797" HPOS="2105" VPOS="624" WIDTH="21"/>
						<String ID="word000822" HPOS="2126" VPOS="585" WIDTH="63" HEIGHT="39" CONTENT="his" WC="1.00" CC="000"/>
						<SP ID="P14_SP00798" HPOS="2189" VPOS="624" WIDTH="19"/>
						<String ID="word000823" HPOS="2207" VPOS="585" WIDTH="157" HEIGHT="47" CONTENT="victiin," WC="0.58" CC="33333753"/>
						<SP ID="P14_SP00799" HPOS="2365" VPOS="632" WIDTH="18"/>
						<String ID="word000824" HPOS="2382" VPOS="587" WIDTH="78" HEIGHT="40" CONTENT="and" WC="1.00" CC="000"/>
						<SP ID="P14_SP00800" HPOS="2460" VPOS="632" WIDTH="20"/>
						<String ID="word000825" HPOS="2480" VPOS="585" WIDTH="74" HEIGHT="40" CONTENT="her" WC="1.00" CC="000"/>
						<SP ID="P14_SP00801" HPOS="2555" VPOS="632" WIDTH="20"/>
						<String ID="word000826" HPOS="2575" VPOS="586" WIDTH="135" HEIGHT="41" CONTENT="father" WC="0.98" CC="010000"/>
						<SP ID="P14_SP00802" HPOS="2709" VPOS="632" WIDTH="17"/>
						<String ID="word000827" HPOS="2726" VPOS="589" WIDTH="90" HEIGHT="40" CONTENT="into" WC="1.00" CC="0000"/>
						<SP ID="P14_SP00803" HPOS="2816" VPOS="632" WIDTH="19"/>
						<String ID="word000828" HPOS="2835" VPOS="589" WIDTH="164" HEIGHT="48" CONTENT="silence," WC="0.96" CC="10011000"/>
						<SP ID="P14_SP00804" HPOS="2999" VPOS="638" WIDTH="0"/>
					</TextLine>
					<TextLine ID="P14_TL00088" HPOS="1649" VPOS="634" WIDTH="1351" HEIGHT="55">
						<String ID="word000829" HPOS="1649" VPOS="634" WIDTH="90" HEIGHT="38" CONTENT="with" WC="0.89" CC="1111"/>
						<SP ID="P14_SP00805" HPOS="1739" VPOS="672" WIDTH="25"/>
						<String ID="word000830" HPOS="1763" VPOS="635" WIDTH="85" HEIGHT="39" CONTENT="that" WC="1.00" CC="0000"/>
						<SP ID="P14_SP00806" HPOS="1848" VPOS="674" WIDTH="32"/>
						<String ID="word000831" HPOS="1880" VPOS="648" WIDTH="106" HEIGHT="34" CONTENT="sum," WC="0.97" CC="0001"/>
						<SP ID="P14_SP00807" HPOS="1987" VPOS="683" WIDTH="32"/>
						<String ID="word000832" HPOS="2019" VPOS="641" WIDTH="180" HEIGHT="47" CONTENT="requests" WC="0.94" CC="01110100"/>
						<SP ID="P14_SP00808" HPOS="2198" VPOS="689" WIDTH="31"/>
						<String ID="word000833" HPOS="2229" VPOS="638" WIDTH="51" HEIGHT="39" CONTENT="its" WC="1.00" CC="000"/>
						<SP ID="P14_SP00809" HPOS="2280" VPOS="689" WIDTH="19"/>
						<String ID="word000834" HPOS="2298" VPOS="638" WIDTH="353" HEIGHT="48" CONTENT="reimbursement," WC="0.86" CC="00131107300002"/>
						<SP ID="P14_SP00810" HPOS="2652" VPOS="689" WIDTH="30"/>
						<String ID="word000835" HPOS="2681" VPOS="652" WIDTH="43" HEIGHT="28" CONTENT="as" WC="0.94" CC="10"/>
						<SP ID="P14_SP00811" HPOS="2724" VPOS="689" WIDTH="20"/>
						<String ID="word000836" HPOS="2744" VPOS="641" WIDTH="32" HEIGHT="40" CONTENT="it" WC="1.00" CC="00"/>
						<SP ID="P14_SP00812" HPOS="2776" VPOS="689" WIDTH="19"/>
						<String ID="word000837" HPOS="2794" VPOS="643" WIDTH="80" HEIGHT="39" CONTENT="had" WC="0.67" CC="630"/>
						<SP ID="P14_SP00813" HPOS="2875" VPOS="689" WIDTH="21"/>
						<String ID="word000838" HPOS="2896" VPOS="644" WIDTH="104" HEIGHT="40" CONTENT="been" WC="0.86" CC="0005"/>
						<SP ID="P14_SP00814" HPOS="3000" VPOS="689" WIDTH="0"/>
					</TextLine>
					<TextLine ID="P14_TL00089" HPOS="1641" VPOS="687" WIDTH="1358" HEIGHT="61">
						<String ID="word000839" HPOS="1641" VPOS="687" WIDTH="209" HEIGHT="51" CONTENT="expended" WC="0.93" CC="10000031"/>
						<SP ID="P14_SP00815" HPOS="1850" VPOS="738" WIDTH="32"/>
						<String ID="word000840" HPOS="1881" VPOS="690" WIDTH="172" HEIGHT="39" CONTENT="without" WC="1.00" CC="0000000"/>
						<SP ID="P14_SP00816" HPOS="2054" VPOS="738" WIDTH="20"/>
						<String ID="word000841" HPOS="2074" VPOS="689" WIDTH="61" HEIGHT="41" CONTENT="his" WC="1.00" CC="000"/>
						<SP ID="P14_SP00817" HPOS="2135" VPOS="738" WIDTH="35"/>
						<String ID="word000842" HPOS="2171" VPOS="689" WIDTH="259" HEIGHT="57" CONTENT="knowledge." WC="0.90" CC="0011200005"/>
						<SP ID="P14_SP00818" HPOS="2430" VPOS="745" WIDTH="60"/>
						<String ID="word000843" HPOS="2490" VPOS="693" WIDTH="73" HEIGHT="39" CONTENT="His" WC="0.96" CC="100"/>
						<SP ID="P14_SP00819" HPOS="2563" VPOS="745" WIDTH="19"/>
						<String ID="word000844" HPOS="2582" VPOS="694" WIDTH="200" HEIGHT="52" CONTENT="guardian" WC="0.96" CC="00100110"/>
						<SP ID="P14_SP00820" HPOS="2781" VPOS="746" WIDTH="20"/>
						<String ID="word000845" HPOS="2802" VPOS="694" WIDTH="197" HEIGHT="53" CONTENT="implbres" WC="0.61" CC="35333353"/>
						<SP ID="P14_SP00821" HPOS="2999" VPOS="748" WIDTH="0"/>
					</TextLine>
					<TextLine ID="P14_TL00090" HPOS="1642" VPOS="738" WIDTH="1350" HEIGHT="57">
						<String ID="word000846" HPOS="1642" VPOS="738" WIDTH="61" HEIGHT="40" CONTENT="his" WC="1.00" CC="000"/>
						<SP ID="P14_SP00822" HPOS="1703" VPOS="778" WIDTH="37"/>
						<String ID="word000847" HPOS="1740" VPOS="751" WIDTH="149" HEIGHT="41" CONTENT="mercy," WC="1.00" CC="000000"/>
						<SP ID="P14_SP00823" HPOS="1889" VPOS="793" WIDTH="51"/>
						<String ID="word000848" HPOS="1939" VPOS="743" WIDTH="72" HEIGHT="38" CONTENT="but" WC="1.00" CC="000"/>
						<SP ID="P14_SP00824" HPOS="2011" VPOS="793" WIDTH="37"/>
						<String ID="word000849" HPOS="2048" VPOS="742" WIDTH="61" HEIGHT="40" CONTENT="his" WC="0.89" CC="201"/>
						<SP ID="P14_SP00825" HPOS="2109" VPOS="793" WIDTH="37"/>
						<String ID="word000850" HPOS="2146" VPOS="745" WIDTH="81" HEIGHT="37" CONTENT="suit" WC="1.00" CC="0000"/>
						<SP ID="P14_SP00826" HPOS="2228" VPOS="793" WIDTH="43"/>
						<String ID="word000851" HPOS="2270" VPOS="744" WIDTH="32" HEIGHT="38" CONTENT="is" WC="1.00" CC="00"/>
						<SP ID="P14_SP00827" HPOS="2302" VPOS="793" WIDTH="31"/>
						<String ID="word000852" HPOS="2333" VPOS="746" WIDTH="178" HEIGHT="48" CONTENT="rejected" WC="0.97" CC="01000010"/>
						<SP ID="P14_SP00828" HPOS="2511" VPOS="795" WIDTH="35"/>
						<String ID="word000853" HPOS="2546" VPOS="748" WIDTH="98" HEIGHT="39" CONTENT="with" WC="0.92" CC="3000"/>
						<SP ID="P14_SP00829" HPOS="2644" VPOS="795" WIDTH="37"/>
						<String ID="word000854" HPOS="2681" VPOS="757" WIDTH="133" HEIGHT="38" CONTENT="scorn," WC="0.83" CC="530001"/>
						<SP ID="P14_SP00830" HPOS="2815" VPOS="795" WIDTH="45"/>
						<String ID="word000855" HPOS="2859" VPOS="749" WIDTH="132" HEIGHT="40" CONTENT="which" WC="0.93" CC="00030"/>
						<SP ID="P14_SP00831" HPOS="2992" VPOS="795" WIDTH="0"/>
					</TextLine>
					<TextLine ID="P14_TL00091" HPOS="1641" VPOS="791" WIDTH="1355" HEIGHT="58">
						<String ID="word000856" HPOS="1641" VPOS="791" WIDTH="189" HEIGHT="40" CONTENT="awakens" WC="0.94" CC="0001111"/>
						<SP ID="P14_SP00832" HPOS="1830" VPOS="831" WIDTH="18"/>
						<String ID="word000857" HPOS="1847" VPOS="795" WIDTH="69" HEIGHT="39" CONTENT="the" WC="0.96" CC="001"/>
						<SP ID="P14_SP00833" HPOS="1916" VPOS="834" WIDTH="17"/>
						<String ID="word000858" HPOS="1932" VPOS="793" WIDTH="253" HEIGHT="54" CONTENT="sluraberiag" WC="0.46" CC="45767337353"/>
						<SP ID="P14_SP00834" HPOS="2185" VPOS="847" WIDTH="20"/>
						<String ID="word000859" HPOS="2205" VPOS="809" WIDTH="152" HEIGHT="40" CONTENT="powers" WC="0.96" CC="001001"/>
						<SP ID="P14_SP00835" HPOS="2357" VPOS="849" WIDTH="20"/>
						<String ID="word000860" HPOS="2378" VPOS="798" WIDTH="51" HEIGHT="39" CONTENT="of" WC="1.00" CC="00"/>
						<SP ID="P14_SP00836" HPOS="2428" VPOS="849" WIDTH="13"/>
						<String ID="word000861" HPOS="2441" VPOS="800" WIDTH="252" HEIGHT="48" CONTENT="conscience," WC="0.97" CC="01010000001"/>
						<SP ID="P14_SP00837" HPOS="2693" VPOS="849" WIDTH="30"/>
						<String ID="word000862" HPOS="2722" VPOS="802" WIDTH="81" HEIGHT="39" CONTENT="and" WC="1.00" CC="000"/>
						<SP ID="P14_SP00838" HPOS="2804" VPOS="849" WIDTH="26"/>
						<String ID="word000863" HPOS="2830" VPOS="801" WIDTH="52" HEIGHT="40" CONTENT="he" WC="0.94" CC="01"/>
						<SP ID="P14_SP00839" HPOS="2882" VPOS="849" WIDTH="14"/>
						<String ID="word000864" HPOS="2896" VPOS="803" WIDTH="99" HEIGHT="39" CONTENT="then" WC="1.00" CC="0000"/>
						<SP ID="P14_SP00840" HPOS="2995" VPOS="849" WIDTH="0"/>
					</TextLine>
					<TextLine ID="P14_TL00092" HPOS="1639" VPOS="842" WIDTH="1357" HEIGHT="65">
						<String ID="word000865" HPOS="1639" VPOS="842" WIDTH="180" HEIGHT="43" CONTENT="declares" WC="0.97" CC="00001010"/>
						<SP ID="P14_SP00841" HPOS="1819" VPOS="885" WIDTH="33"/>
						<String ID="word000866" HPOS="1852" VPOS="846" WIDTH="143" HEIGHT="41" CONTENT="before" WC="0.98" CC="000010"/>
						<SP ID="P14_SP00842" HPOS="1995" VPOS="887" WIDTH="33"/>
						<String ID="word000867" HPOS="2028" VPOS="849" WIDTH="252" HEIGHT="47" CONTENT=".Fanlkener," WC="0.49" CC="85457433335" STYLEREFS="TXT_3"/>
						<SP ID="P14_SP00843" HPOS="2280" VPOS="896" WIDTH="31"/>
						<String ID="word000868" HPOS="2310" VPOS="850" WIDTH="91" HEIGHT="39" CONTENT="who" WC="0.96" CC="100"/>
						<SP ID="P14_SP00844" HPOS="2401" VPOS="896" WIDTH="19"/>
						<String ID="word000869" HPOS="2420" VPOS="849" WIDTH="78" HEIGHT="41" CONTENT="had" WC="0.96" CC="001"/>
						<SP ID="P14_SP00845" HPOS="2498" VPOS="896" WIDTH="24"/>
						<String ID="word000870" HPOS="2522" VPOS="852" WIDTH="38" HEIGHT="39" CONTENT="in" WC="1.00" CC="00"/>
						<SP ID="P14_SP00846" HPOS="2559" VPOS="896" WIDTH="35"/>
						<String ID="word000871" HPOS="2595" VPOS="854" WIDTH="92" HEIGHT="38" CONTENT="vain" WC="1.00" CC="0000"/>
						<SP ID="P14_SP00847" HPOS="2687" VPOS="896" WIDTH="35"/>
						<String ID="word000872" HPOS="2722" VPOS="854" WIDTH="189" HEIGHT="53" CONTENT="required" WC="1.00" CC="00000000"/>
						<SP ID="P14_SP00848" HPOS="2911" VPOS="907" WIDTH="32"/>
						<String ID="word000873" HPOS="2943" VPOS="856" WIDTH="53" HEIGHT="39" CONTENT="he" WC="1.00" CC="00"/>
						<SP ID="P14_SP00849" HPOS="2996" VPOS="907" WIDTH="0"/>
					</TextLine>
					<TextLine ID="P14_TL00093" HPOS="1638" VPOS="898" WIDTH="1354" HEIGHT="58">
						<String ID="word000874" HPOS="1638" VPOS="898" WIDTH="144" HEIGHT="39" CONTENT="should" WC="0.94" CC="101100"/>
						<SP ID="P14_SP00850" HPOS="1782" VPOS="937" WIDTH="32"/>
						<String ID="word000875" HPOS="1814" VPOS="901" WIDTH="84" HEIGHT="37" CONTENT="wed" WC="0.96" CC="001"/>
						<SP ID="P14_SP00851" HPOS="1898" VPOS="938" WIDTH="31"/>
						<String ID="word000876" HPOS="1929" VPOS="900" WIDTH="64" HEIGHT="40" CONTENT="his" WC="0.63" CC="127"/>
						<SP ID="P14_SP00852" HPOS="1993" VPOS="940" WIDTH="28"/>
						<String ID="word000877" HPOS="2021" VPOS="902" WIDTH="169" HEIGHT="38" CONTENT="seduced" WC="0.86" CC="1104120"/>
						<SP ID="P14_SP00853" HPOS="2190" VPOS="940" WIDTH="40"/>
						<String ID="word000878" HPOS="2230" VPOS="902" WIDTH="219" HEIGHT="53" CONTENT="daughter," WC="0.99" CC="000000100"/>
						<SP ID="P14_SP00854" HPOS="2448" VPOS="956" WIDTH="31"/>
						<String ID="word000879" HPOS="2479" VPOS="907" WIDTH="120" HEIGHT="38" CONTENT="Ellen" WC="0.98" CC="10000" STYLEREFS="TXT_3"/>
						<SP ID="P14_SP00855" HPOS="2600" VPOS="956" WIDTH="21"/>
						<String ID="word000880" HPOS="2621" VPOS="907" WIDTH="77" HEIGHT="39" CONTENT="and" WC="1.00" CC="000"/>
						<SP ID="P14_SP00856" HPOS="2698" VPOS="956" WIDTH="37"/>
						<String ID="word000881" HPOS="2734" VPOS="908" WIDTH="73" HEIGHT="39" CONTENT="her" WC="1.00" CC="000"/>
						<SP ID="P14_SP00857" HPOS="2807" VPOS="956" WIDTH="31"/>
						<String ID="word000882" HPOS="2838" VPOS="908" WIDTH="154" HEIGHT="47" CONTENT="father," WC="0.98" CC="0000001"/>
						<SP ID="P14_SP00858" HPOS="2992" VPOS="956" WIDTH="0"/>
					</TextLine>
					<TextLine ID="P14_TL00094" HPOS="1638" VPOS="948" WIDTH="1362" HEIGHT="65">
						<String ID="word000883" HPOS="1638" VPOS="948" WIDTH="71" HEIGHT="40" CONTENT="her" WC="1.00" CC="000"/>
						<SP ID="P14_SP00859" HPOS="1709" VPOS="989" WIDTH="28"/>
						<String ID="word000884" HPOS="1737" VPOS="952" WIDTH="335" HEIGHT="50" CONTENT="mother-in-law," WC="0.81" CC="60120241321002"/>
						<SP ID="P14_SP00860" HPOS="2073" VPOS="1002" WIDTH="31"/>
						<String ID="word000885" HPOS="2104" VPOS="954" WIDTH="77" HEIGHT="39" CONTENT="and" WC="0.96" CC="100"/>
						<SP ID="P14_SP00861" HPOS="2180" VPOS="1002" WIDTH="18"/>
						<String ID="word000886" HPOS="2198" VPOS="956" WIDTH="72" HEIGHT="39" CONTENT="the" WC="1.00" CC="000"/>
						<SP ID="P14_SP00862" HPOS="2270" VPOS="1002" WIDTH="19"/>
						<String ID="word000887" HPOS="2289" VPOS="959" WIDTH="219" HEIGHT="50" CONTENT="Attorney," WC="0.84" CC="231111112"/>
						<SP ID="P14_SP00863" HPOS="2507" VPOS="1009" WIDTH="27"/>
						<String ID="word000888" HPOS="2535" VPOS="958" WIDTH="93" HEIGHT="40" CONTENT="that" WC="0.94" CC="1100"/>
						<SP ID="P14_SP00864" HPOS="2628" VPOS="1009" WIDTH="13"/>
						<String ID="word000889" HPOS="2641" VPOS="960" WIDTH="154" HEIGHT="53" CONTENT="having" WC="0.94" CC="000030"/>
						<SP ID="P14_SP00865" HPOS="2794" VPOS="1013" WIDTH="20"/>
						<String ID="word000890" HPOS="2815" VPOS="974" WIDTH="24" HEIGHT="25" CONTENT="a" WC="1.00" CC="0"/>
						<SP ID="P14_SP00866" HPOS="2838" VPOS="1013" WIDTH="17"/>
						<String ID="word000891" HPOS="2855" VPOS="972" WIDTH="72" HEIGHT="30" CONTENT="son" WC="1.00" CC="000"/>
						<SP ID="P14_SP00867" HPOS="2927" VPOS="1013" WIDTH="21"/>
						<String ID="word000892" HPOS="2948" VPOS="960" WIDTH="52" HEIGHT="41" CONTENT="of" WC="1.00" CC="00"/>
						<SP ID="P14_SP00868" HPOS="3000" VPOS="1013" WIDTH="0"/>
					</TextLine>
					<TextLine ID="P14_TL00095" HPOS="1637" VPOS="1003" WIDTH="1354" HEIGHT="59">
						<String ID="word000893" HPOS="1637" VPOS="1003" WIDTH="70" HEIGHT="38" CONTENT="the" WC="0.96" CC="001"/>
						<SP ID="P14_SP00869" HPOS="1707" VPOS="1041" WIDTH="19"/>
						<String ID="word000894" HPOS="1726" VPOS="1016" WIDTH="107" HEIGHT="28" CONTENT="same" WC="1.00" CC="0000"/>
						<SP ID="P14_SP00870" HPOS="1833" VPOS="1044" WIDTH="14"/>
						<String ID="word000895" HPOS="1847" VPOS="1018" WIDTH="77" HEIGHT="40" CONTENT="age" WC="0.81" CC="050"/>
						<SP ID="P14_SP00871" HPOS="1924" VPOS="1058" WIDTH="21"/>
						<String ID="word000896" HPOS="1945" VPOS="1019" WIDTH="41" HEIGHT="27" CONTENT="as" WC="1.00" CC="00"/>
						<SP ID="P14_SP00872" HPOS="1987" VPOS="1058" WIDTH="17"/>
						<String ID="word000897" HPOS="2003" VPOS="1009" WIDTH="113" HEIGHT="38" CONTENT="Lord" WC="0.81" CC="1213" STYLEREFS="TXT_3"/>
						<SP ID="P14_SP00873" HPOS="2117" VPOS="1058" WIDTH="6"/>
						<String ID="word000898" HPOS="2122" VPOS="1010" WIDTH="268" HEIGHT="38" CONTENT="auslineuort" WC="0.49" CC="55553383535" STYLEREFS="TXT_3"/>
						<SP ID="P14_SP00874" HPOS="2391" VPOS="1058" WIDTH="14"/>
						<String ID="word000899" HPOS="2405" VPOS="1009" WIDTH="116" HEIGHT="40" CONTENT="when" WC="0.83" CC="3030"/>
						<SP ID="P14_SP00875" HPOS="2520" VPOS="1058" WIDTH="17"/>
						<String ID="word000900" HPOS="2537" VPOS="1010" WIDTH="53" HEIGHT="41" CONTENT="he" WC="0.94" CC="10"/>
						<SP ID="P14_SP00876" HPOS="2590" VPOS="1058" WIDTH="15"/>
						<String ID="word000901" HPOS="2606" VPOS="1010" WIDTH="168" HEIGHT="44" CONTENT="became" WC="1.00" CC="000000"/>
						<SP ID="P14_SP00877" HPOS="2773" VPOS="1058" WIDTH="13"/>
						<String ID="word000902" HPOS="2786" VPOS="1015" WIDTH="64" HEIGHT="38" CONTENT="his" WC="0.63" CC="325" STYLEREFS="TXT_3"/>
						<SP ID="P14_SP00878" HPOS="2850" VPOS="1058" WIDTH="13"/>
						<String ID="word000903" HPOS="2863" VPOS="1013" WIDTH="128" HEIGHT="48" CONTENT="ward," WC="0.93" CC="20001"/>
						<SP ID="P14_SP00879" HPOS="2991" VPOS="1062" WIDTH="0"/>
					</TextLine>
					<TextLine ID="P14_TL00096" HPOS="1636" VPOS="1038" WIDTH="1356" HEIGHT="75">
						<String ID="word000904" HPOS="1636" VPOS="1054" WIDTH="50" HEIGHT="40" CONTENT="he" WC="0.94" CC="01"/>
						<SP ID="P14_SP00880" HPOS="1685" VPOS="1094" WIDTH="15"/>
						<String ID="word000905" HPOS="1701" VPOS="1056" WIDTH="77" HEIGHT="39" CONTENT="had" WC="0.96" CC="010"/>
						<SP ID="P14_SP00881" HPOS="1778" VPOS="1095" WIDTH="21"/>
						<String ID="word000906" HPOS="1799" VPOS="1038" WIDTH="157" HEIGHT="71" CONTENT="yierded" WC="0.51" CC="5338543"/>
						<SP ID="P14_SP00882" HPOS="1956" VPOS="1109" WIDTH="19"/>
						<String ID="word000907" HPOS="1975" VPOS="1064" WIDTH="44" HEIGHT="35" CONTENT="to" WC="1.00" CC="00"/>
						<SP ID="P14_SP00883" HPOS="2019" VPOS="1109" WIDTH="21"/>
						<String ID="word000908" HPOS="2040" VPOS="1061" WIDTH="70" HEIGHT="39" CONTENT="the" WC="0.96" CC="001"/>
						<SP ID="P14_SP00884" HPOS="2109" VPOS="1109" WIDTH="21"/>
						<String ID="word000909" HPOS="2131" VPOS="1061" WIDTH="171" HEIGHT="52" CONTENT="impulse" WC="0.92" CC="0010310"/>
						<SP ID="P14_SP00885" HPOS="2302" VPOS="1113" WIDTH="28"/>
						<String ID="word000910" HPOS="2330" VPOS="1061" WIDTH="48" HEIGHT="39" CONTENT="of" WC="1.00" CC="00"/>
						<SP ID="P14_SP00886" HPOS="2379" VPOS="1113" WIDTH="14"/>
						<String ID="word000911" HPOS="2393" VPOS="1062" WIDTH="220" HEIGHT="51" CONTENT="ambition," WC="0.89" CC="000110061"/>
						<SP ID="P14_SP00887" HPOS="2613" VPOS="1113" WIDTH="31"/>
						<String ID="word000912" HPOS="2643" VPOS="1067" WIDTH="77" HEIGHT="39" CONTENT="and" WC="0.93" CC="101"/>
						<SP ID="P14_SP00888" HPOS="2720" VPOS="1113" WIDTH="17"/>
						<String ID="word000913" HPOS="2737" VPOS="1067" WIDTH="255" HEIGHT="41" CONTENT="IlUbstituteid" WC="0.44" CC="8773333334688"/>
						<SP ID="P14_SP00889" HPOS="2992" VPOS="1113" WIDTH="0"/>
					</TextLine>
					<TextLine ID="P14_TL00097" HPOS="1636" VPOS="1109" WIDTH="1352" HEIGHT="64">
						<String ID="word000914" HPOS="1636" VPOS="1109" WIDTH="60" HEIGHT="38" CONTENT="his" WC="1.00" CC="000"/>
						<SP ID="P14_SP00890" HPOS="1696" VPOS="1147" WIDTH="15"/>
						<String ID="word000915" HPOS="1711" VPOS="1122" WIDTH="90" HEIGHT="27" CONTENT="owu" WC="0.96" CC="100"/>
						<SP ID="P14_SP00891" HPOS="1801" VPOS="1149" WIDTH="21"/>
						<String ID="word000916" HPOS="1822" VPOS="1126" WIDTH="69" HEIGHT="25" CONTENT="son" WC="1.00" CC="000"/>
						<SP ID="P14_SP00892" HPOS="1891" VPOS="1150" WIDTH="24"/>
						<String ID="word000917" HPOS="1915" VPOS="1113" WIDTH="152" HEIGHT="39" CONTENT="instead" WC="0.97" CC="1000001"/>
						<SP ID="P14_SP00893" HPOS="2067" VPOS="1152" WIDTH="15"/>
						<String ID="word000918" HPOS="2082" VPOS="1113" WIDTH="50" HEIGHT="39" CONTENT="of" WC="1.00" CC="00"/>
						<SP ID="P14_SP00894" HPOS="2132" VPOS="1152" WIDTH="15"/>
						<String ID="word000919" HPOS="2147" VPOS="1111" WIDTH="69" HEIGHT="41" CONTENT="the" WC="1.00" CC="000"/>
						<SP ID="P14_SP00895" HPOS="2216" VPOS="1153" WIDTH="20"/>
						<String ID="word000920" HPOS="2236" VPOS="1113" WIDTH="112" HEIGHT="53" CONTENT="right" WC="0.89" CC="05000"/>
						<SP ID="P14_SP00896" HPOS="2348" VPOS="1166" WIDTH="20"/>
						<String ID="word000921" HPOS="2368" VPOS="1115" WIDTH="103" HEIGHT="46" CONTENT="heir," WC="1.00" CC="00000"/>
						<SP ID="P14_SP00897" HPOS="2471" VPOS="1166" WIDTH="31"/>
						<String ID="word000922" HPOS="2502" VPOS="1116" WIDTH="93" HEIGHT="41" CONTENT="who" WC="0.96" CC="100"/>
						<SP ID="P14_SP00898" HPOS="2595" VPOS="1166" WIDTH="20"/>
						<String ID="word000923" HPOS="2615" VPOS="1117" WIDTH="63" HEIGHT="40" CONTENT="till" WC="0.83" CC="0132"/>
						<SP ID="P14_SP00899" HPOS="2678" VPOS="1166" WIDTH="19"/>
						<String ID="word000924" HPOS="2696" VPOS="1120" WIDTH="98" HEIGHT="38" CONTENT="then" WC="0.94" CC="0011"/>
						<SP ID="P14_SP00900" HPOS="2794" VPOS="1166" WIDTH="20"/>
						<String ID="word000925" HPOS="2815" VPOS="1120" WIDTH="78" HEIGHT="39" CONTENT="had" WC="0.59" CC="146"/>
						<SP ID="P14_SP00901" HPOS="2893" VPOS="1166" WIDTH="21"/>
						<String ID="word000926" HPOS="2914" VPOS="1126" WIDTH="50" HEIGHT="47" CONTENT="ap" SUBS_TYPE="HypPart1" SUBS_CONTENT="appeared" WC="0.44" CC="57"/>
						<HYP HPOS="2963" VPOS="1126" WIDTH="25" CONTENT="-"/>
					</TextLine>
					<TextLine ID="P14_TL00098" HPOS="1633" VPOS="1162" WIDTH="1360" HEIGHT="52">
						<String ID="word000927" HPOS="1633" VPOS="1162" WIDTH="146" HEIGHT="52" CONTENT="peared" SUBS_TYPE="HypPart2" SUBS_CONTENT="appeared" WC="0.98" CC="000001"/>
						<SP ID="P14_SP00902" HPOS="1780" VPOS="1214" WIDTH="19"/>
						<String ID="word000928" HPOS="1799" VPOS="1165" WIDTH="123" HEIGHT="39" CONTENT="under" WC="0.82" CC="30203"/>
						<SP ID="P14_SP00903" HPOS="1922" VPOS="1214" WIDTH="22"/>
						<String ID="word000929" HPOS="1944" VPOS="1165" WIDTH="71" HEIGHT="41" CONTENT="the" WC="0.89" CC="012"/>
						<SP ID="P14_SP00904" HPOS="2015" VPOS="1214" WIDTH="18"/>
						<String ID="word000930" HPOS="2033" VPOS="1179" WIDTH="119" HEIGHT="26" CONTENT="name" WC="0.97" CC="0001" STYLEREFS="TXT_3"/>
						<SP ID="P14_SP00905" HPOS="2152" VPOS="1214" WIDTH="18"/>
						<String ID="word000931" HPOS="2170" VPOS="1166" WIDTH="51" HEIGHT="39" CONTENT="of" WC="1.00" CC="00"/>
						<SP ID="P14_SP00906" HPOS="2220" VPOS="1214" WIDTH="22"/>
						<String ID="word000932" HPOS="2243" VPOS="1168" WIDTH="161" HEIGHT="39" CONTENT="(harks" WC="0.78" CC="601050" STYLEREFS="TXT_3"/>
						<SP ID="P14_SP00907" HPOS="2404" VPOS="1214" WIDTH="31"/>
						<String ID="word000933" HPOS="2434" VPOS="1170" WIDTH="286" HEIGHT="40" CONTENT="Auslincourt." WC="0.50" CC="743833533375" STYLEREFS="TXT_3"/>
						<SP ID="P14_SP00908" HPOS="2720" VPOS="1214" WIDTH="52"/>
						<String ID="word000934" HPOS="2772" VPOS="1173" WIDTH="221" HEIGHT="40" CONTENT="'Cornelitit" WC="0.42" CC="55334553888" STYLEREFS="TXT_3"/>
						<SP ID="P14_SP00909" HPOS="2993" VPOS="1214" WIDTH="0"/>
					</TextLine>
					<TextLine ID="P14_TL00099" HPOS="1633" VPOS="1217" WIDTH="1353" HEIGHT="59">
						<String ID="word000935" HPOS="1633" VPOS="1217" WIDTH="236" HEIGHT="43" CONTENT="O'bedinuss" WC="0.44" CC="3385355783" STYLEREFS="TXT_3"/>
						<SP ID="P14_SP00910" HPOS="1870" VPOS="1259" WIDTH="19"/>
						<String ID="word000936" HPOS="1889" VPOS="1218" WIDTH="98" HEIGHT="40" CONTENT="then" WC="0.75" CC="4113"/>
						<SP ID="P14_SP00911" HPOS="1987" VPOS="1259" WIDTH="32"/>
						<String ID="word000937" HPOS="2019" VPOS="1219" WIDTH="170" HEIGHT="39" CONTENT="informs" WC="0.97" CC="1000010"/>
						<SP ID="P14_SP00912" HPOS="2189" VPOS="1259" WIDTH="19"/>
						<String ID="word000938" HPOS="2207" VPOS="1220" WIDTH="72" HEIGHT="39" CONTENT="the" WC="1.00" CC="000"/>
						<SP ID="P14_SP00913" HPOS="2280" VPOS="1259" WIDTH="18"/>
						<String ID="word000939" HPOS="2297" VPOS="1233" WIDTH="206" HEIGHT="41" CONTENT="company" WC="0.97" CC="0010010"/>
						<SP ID="P14_SP00914" HPOS="2503" VPOS="1274" WIDTH="20"/>
						<String ID="word000940" HPOS="2523" VPOS="1222" WIDTH="94" HEIGHT="40" CONTENT="that" WC="0.97" CC="0100"/>
						<SP ID="P14_SP00915" HPOS="2617" VPOS="1274" WIDTH="19"/>
						<String ID="word000941" HPOS="2636" VPOS="1224" WIDTH="67" HEIGHT="39" CONTENT="the" WC="0.96" CC="100"/>
						<SP ID="P14_SP00916" HPOS="2704" VPOS="1274" WIDTH="19"/>
						<String ID="word000942" HPOS="2722" VPOS="1237" WIDTH="150" HEIGHT="39" CONTENT="person" WC="0.98" CC="010000"/>
						<SP ID="P14_SP00917" HPOS="2872" VPOS="1276" WIDTH="20"/>
						<String ID="word000943" HPOS="2893" VPOS="1227" WIDTH="93" HEIGHT="39" CONTENT="who" WC="0.96" CC="010"/>
						<SP ID="P14_SP00918" HPOS="2986" VPOS="1276" WIDTH="0"/>
					</TextLine>
					<TextLine ID="P14_TL00100" HPOS="1633" VPOS="1266" WIDTH="1355" HEIGHT="58">
						<String ID="word000944" HPOS="1633" VPOS="1266" WIDTH="78" HEIGHT="39" CONTENT="had" WC="0.96" CC="010"/>
						<SP ID="P14_SP00919" HPOS="1711" VPOS="1305" WIDTH="18"/>
						<String ID="word000945" HPOS="1729" VPOS="1271" WIDTH="171" HEIGHT="40" CONTENT="married" WC="0.92" CC="2020100"/>
						<SP ID="P14_SP00920" HPOS="1900" VPOS="1311" WIDTH="22"/>
						<String ID="word000946" HPOS="1923" VPOS="1272" WIDTH="70" HEIGHT="39" CONTENT="the" WC="1.00" CC="000"/>
						<SP ID="P14_SP00921" HPOS="1993" VPOS="1311" WIDTH="26"/>
						<String ID="word000947" HPOS="2019" VPOS="1284" WIDTH="56" HEIGHT="30" CONTENT="no" WC="1.00" CC="00"/>
						<SP ID="P14_SP00922" HPOS="2074" VPOS="1313" WIDTH="22"/>
						<String ID="word000948" HPOS="2096" VPOS="1272" WIDTH="143" HEIGHT="52" CONTENT="longer" WC="0.96" CC="000200"/>
						<SP ID="P14_SP00923" HPOS="2239" VPOS="1324" WIDTH="33"/>
						<String ID="word000949" HPOS="2272" VPOS="1276" WIDTH="110" HEIGHT="38" CONTENT="Lord" WC="0.97" CC="1000" STYLEREFS="TXT_3"/>
						<SP ID="P14_SP00924" HPOS="2382" VPOS="1324" WIDTH="26"/>
						<String ID="word000950" HPOS="2408" VPOS="1277" WIDTH="53" HEIGHT="38" CONTENT="A." WC="0.78" CC="22" STYLEREFS="TXT_3"/>
						<SP ID="P14_SP00925" HPOS="2461" VPOS="1324" WIDTH="40"/>
						<String ID="word000951" HPOS="2502" VPOS="1276" WIDTH="80" HEIGHT="39" CONTENT="and" WC="1.00" CC="000"/>
						<SP ID="P14_SP00926" HPOS="2582" VPOS="1324" WIDTH="19"/>
						<String ID="word000952" HPOS="2601" VPOS="1277" WIDTH="236" HEIGHT="40" CONTENT="Faulleener" WC="0.54" CC="6433583333" STYLEREFS="TXT_3"/>
						<SP ID="P14_SP00927" HPOS="2837" VPOS="1324" WIDTH="25"/>
						<String ID="word000953" HPOS="2862" VPOS="1292" WIDTH="81" HEIGHT="26" CONTENT="was" WC="0.96" CC="001"/>
						<SP ID="P14_SP00928" HPOS="2943" VPOS="1324" WIDTH="17"/>
						<String ID="word000954" HPOS="2960" VPOS="1292" WIDTH="28" HEIGHT="28" CONTENT="a" WC="0.89" CC="1"/>
						<SP ID="P14_SP00929" HPOS="2988" VPOS="1324" WIDTH="0"/>
					</TextLine>
					<TextLine ID="P14_TL00101" HPOS="1635" VPOS="1320" WIDTH="1349" HEIGHT="57">
						<String ID="word000955" HPOS="1635" VPOS="1320" WIDTH="81" HEIGHT="39" CONTENT="real" WC="1.00" CC="0000"/>
						<SP ID="P14_SP00930" HPOS="1716" VPOS="1359" WIDTH="27"/>
						<String ID="word000956" HPOS="1743" VPOS="1323" WIDTH="136" HEIGHT="48" CONTENT="Priest," WC="0.97" CC="0001001"/>
						<SP ID="P14_SP00931" HPOS="1879" VPOS="1371" WIDTH="32"/>
						<String ID="word000957" HPOS="1911" VPOS="1324" WIDTH="311" HEIGHT="53" CONTENT="acknowledges" WC="0.96" CC="010100100100"/>
						<SP ID="P14_SP00932" HPOS="2222" VPOS="1377" WIDTH="20"/>
						<String ID="word000958" HPOS="2242" VPOS="1325" WIDTH="167" HEIGHT="41" CONTENT="himself" WC="0.95" CC="0111000"/>
						<SP ID="P14_SP00933" HPOS="2408" VPOS="1377" WIDTH="26"/>
						<String ID="word000959" HPOS="2434" VPOS="1328" WIDTH="66" HEIGHT="39" CONTENT="fur" WC="0.96" CC="001" STYLEREFS="TXT_3"/>
						<SP ID="P14_SP00934" HPOS="2500" VPOS="1377" WIDTH="18"/>
						<String ID="word000960" HPOS="2518" VPOS="1338" WIDTH="25" HEIGHT="28" CONTENT="a" WC="1.00" CC="0"/>
						<SP ID="P14_SP00935" HPOS="2543" VPOS="1377" WIDTH="20"/>
						<String ID="word000961" HPOS="2563" VPOS="1328" WIDTH="172" HEIGHT="48" CONTENT="witness," WC="0.67" CC="31034553"/>
						<SP ID="P14_SP00936" HPOS="2735" VPOS="1377" WIDTH="38"/>
						<String ID="word000962" HPOS="2773" VPOS="1337" WIDTH="43" HEIGHT="31" CONTENT="as" WC="0.72" CC="32"/>
						<SP ID="P14_SP00937" HPOS="2816" VPOS="1377" WIDTH="18"/>
						<String ID="word000963" HPOS="2833" VPOS="1322" WIDTH="90" HEIGHT="51" CONTENT="well" WC="0.67" CC="3432"/>
						<SP ID="P14_SP00938" HPOS="2923" VPOS="1377" WIDTH="13"/>
						<String ID="word000964" HPOS="2936" VPOS="1342" WIDTH="47" HEIGHT="31" CONTENT="as" WC="0.61" CC="34"/>
						<SP ID="P14_SP00939" HPOS="2983" VPOS="1377" WIDTH="0"/>
					</TextLine>
					<TextLine ID="P14_TL00102" HPOS="1633" VPOS="1374" WIDTH="1351" HEIGHT="58">
						<String ID="word000965" HPOS="1633" VPOS="1374" WIDTH="57" HEIGHT="38" CONTENT="his" WC="1.00" CC="000"/>
						<SP ID="P14_SP00940" HPOS="1690" VPOS="1411" WIDTH="15"/>
						<String ID="word000966" HPOS="1706" VPOS="1374" WIDTH="128" HEIGHT="50" CONTENT="clerk," WC="1.00" CC="000000"/>
						<SP ID="P14_SP00941" HPOS="1833" VPOS="1423" WIDTH="37"/>
						<String ID="word000967" HPOS="1870" VPOS="1378" WIDTH="79" HEIGHT="38" CONTENT="and" WC="0.96" CC="100"/>
						<SP ID="P14_SP00942" HPOS="1949" VPOS="1423" WIDTH="32"/>
						<String ID="word000968" HPOS="1981" VPOS="1378" WIDTH="109" HEIGHT="40" CONTENT="leads" WC="0.98" CC="10000"/>
						<SP ID="P14_SP00943" HPOS="2089" VPOS="1423" WIDTH="19"/>
						<String ID="word000969" HPOS="2108" VPOS="1380" WIDTH="73" HEIGHT="39" CONTENT="her" WC="0.96" CC="010"/>
						<SP ID="P14_SP00944" HPOS="2181" VPOS="1423" WIDTH="19"/>
						<String ID="word000970" HPOS="2200" VPOS="1380" WIDTH="40" HEIGHT="39" CONTENT="in" WC="1.00" CC="00"/>
						<SP ID="P14_SP00945" HPOS="2241" VPOS="1423" WIDTH="34"/>
						<String ID="word000971" HPOS="2275" VPOS="1380" WIDTH="257" HEIGHT="52" CONTENT="triumphant" WC="0.95" CC="0013000000"/>
						<SP ID="P14_SP00946" HPOS="2532" VPOS="1431" WIDTH="19"/>
						<String ID="word000972" HPOS="2551" VPOS="1387" WIDTH="46" HEIGHT="35" CONTENT="to" WC="0.83" CC="03"/>
						<SP ID="P14_SP00947" HPOS="2597" VPOS="1431" WIDTH="19"/>
						<String ID="word000973" HPOS="2616" VPOS="1383" WIDTH="70" HEIGHT="39" CONTENT="the" WC="0.96" CC="001"/>
						<SP ID="P14_SP00948" HPOS="2686" VPOS="1431" WIDTH="19"/>
						<String ID="word000974" HPOS="2705" VPOS="1393" WIDTH="110" HEIGHT="31" CONTENT="arms" WC="0.94" CC="1010"/>
						<SP ID="P14_SP00949" HPOS="2815" VPOS="1431" WIDTH="15"/>
						<String ID="word000975" HPOS="2830" VPOS="1385" WIDTH="50" HEIGHT="38" CONTENT="of" WC="1.00" CC="00"/>
						<SP ID="P14_SP00950" HPOS="2880" VPOS="1431" WIDTH="27"/>
						<String ID="word000976" HPOS="2907" VPOS="1384" WIDTH="77" HEIGHT="41" CONTENT="her" WC="0.89" CC="012"/>
						<SP ID="P14_SP00951" HPOS="2983" VPOS="1431" WIDTH="0"/>
					</TextLine>
					<TextLine ID="P14_TL00103" HPOS="1630" VPOS="1426" WIDTH="1352" HEIGHT="59">
						<String ID="word000977" HPOS="1630" VPOS="1426" WIDTH="197" HEIGHT="45" CONTENT="husband," WC="0.99" CC="00001000"/>
						<SP ID="P14_SP00952" HPOS="1827" VPOS="1470" WIDTH="31"/>
						<String ID="word000978" HPOS="1858" VPOS="1430" WIDTH="92" HEIGHT="40" CONTENT="who" WC="0.93" CC="101"/>
						<SP ID="P14_SP00953" HPOS="1950" VPOS="1470" WIDTH="35"/>
						<String ID="word000979" HPOS="1985" VPOS="1431" WIDTH="195" HEIGHT="53" CONTENT="suddenly" WC="0.97" CC="02000000"/>
						<SP ID="P14_SP00954" HPOS="2180" VPOS="1485" WIDTH="32"/>
						<String ID="word000980" HPOS="2212" VPOS="1437" WIDTH="174" HEIGHT="47" CONTENT="repents," WC="0.99" CC="00010000"/>
						<SP ID="P14_SP00955" HPOS="2386" VPOS="1485" WIDTH="30"/>
						<String ID="word000981" HPOS="2415" VPOS="1433" WIDTH="79" HEIGHT="41" CONTENT="and" WC="0.96" CC="100"/>
						<SP ID="P14_SP00956" HPOS="2494" VPOS="1485" WIDTH="28"/>
						<String ID="word000982" HPOS="2523" VPOS="1434" WIDTH="120" HEIGHT="41" CONTENT="takes" WC="0.89" CC="01022"/>
						<SP ID="P14_SP00957" HPOS="2643" VPOS="1485" WIDTH="18"/>
						<String ID="word000983" HPOS="2661" VPOS="1435" WIDTH="72" HEIGHT="40" CONTENT="her" WC="0.85" CC="031"/>
						<SP ID="P14_SP00958" HPOS="2733" VPOS="1485" WIDTH="20"/>
						<String ID="word000984" HPOS="2753" VPOS="1441" WIDTH="45" HEIGHT="35" CONTENT="to" WC="1.00" CC="00"/>
						<SP ID="P14_SP00959" HPOS="2798" VPOS="1485" WIDTH="21"/>
						<String ID="word000985" HPOS="2819" VPOS="1437" WIDTH="63" HEIGHT="39" CONTENT="his" WC="0.96" CC="001"/>
						<SP ID="P14_SP00960" HPOS="2882" VPOS="1485" WIDTH="26"/>
						<String ID="word000986" HPOS="2908" VPOS="1437" WIDTH="74" HEIGHT="40" CONTENT="ho." WC="0.70" CC="305"/>
						<SP ID="P14_SP00961" HPOS="2982" VPOS="1485" WIDTH="0"/>
					</TextLine>
					<TextLine ID="P14_TL00104" HPOS="1629" VPOS="1482" WIDTH="1355" HEIGHT="53">
						<String ID="word000987" HPOS="1629" VPOS="1491" WIDTH="103" HEIGHT="27" CONTENT="som." WC="1.00" CC="0000"/>
						<SP ID="P14_SP00962" HPOS="1731" VPOS="1518" WIDTH="59"/>
						<String ID="word000988" HPOS="1791" VPOS="1482" WIDTH="84" HEIGHT="40" CONTENT="The" WC="1.00" CC="000"/>
						<SP ID="P14_SP00963" HPOS="1874" VPOS="1522" WIDTH="33"/>
						<String ID="word000989" HPOS="1907" VPOS="1483" WIDTH="84" HEIGHT="40" CONTENT="real" WC="0.89" CC="0130"/>
						<SP ID="P14_SP00964" HPOS="1991" VPOS="1524" WIDTH="31"/>
						<String ID="word000990" HPOS="2022" VPOS="1487" WIDTH="113" HEIGHT="37" CONTENT="Lord" WC="1.00" CC="0000" STYLEREFS="TXT_3"/>
						<SP ID="P14_SP00965" HPOS="2135" VPOS="1524" WIDTH="14"/>
						<String ID="word000991" HPOS="2150" VPOS="1487" WIDTH="282" HEIGHT="44" CONTENT=".lustincourt," WC="0.56" CC="7735333533333" STYLEREFS="TXT_3"/>
						<SP ID="P14_SP00966" HPOS="2432" VPOS="1531" WIDTH="38"/>
						<String ID="word000992" HPOS="2470" VPOS="1486" WIDTH="50" HEIGHT="41" CONTENT="of" WC="1.00" CC="00"/>
						<SP ID="P14_SP00967" HPOS="2519" VPOS="1531" WIDTH="13"/>
						<String ID="word000993" HPOS="2532" VPOS="1500" WIDTH="159" HEIGHT="35" CONTENT="course," WC="0.98" CC="0000001"/>
						<SP ID="P14_SP00968" HPOS="2692" VPOS="1535" WIDTH="20"/>
						<String ID="word000994" HPOS="2712" VPOS="1489" WIDTH="165" HEIGHT="40" CONTENT="obtains" WC="0.98" CC="0000100"/>
						<SP ID="P14_SP00969" HPOS="2877" VPOS="1535" WIDTH="31"/>
						<String ID="word000995" HPOS="2908" VPOS="1491" WIDTH="76" HEIGHT="40" CONTENT="the" WC="1.00" CC="000"/>
						<SP ID="P14_SP00970" HPOS="2983" VPOS="1535" WIDTH="0"/>
					</TextLine>
					<TextLine ID="P14_TL00105" HPOS="1630" VPOS="1530" WIDTH="1350" HEIGHT="65">
						<String ID="word000996" HPOS="1630" VPOS="1530" WIDTH="107" HEIGHT="43" CONTENT="hand" WC="1.00" CC="0000"/>
						<SP ID="P14_SP00971" HPOS="1737" VPOS="1572" WIDTH="20"/>
						<String ID="word000997" HPOS="1757" VPOS="1534" WIDTH="50" HEIGHT="38" CONTENT="of" WC="1.00" CC="00"/>
						<SP ID="P14_SP00972" HPOS="1807" VPOS="1572" WIDTH="33"/>
						<String ID="word000998" HPOS="1840" VPOS="1534" WIDTH="58" HEIGHT="40" CONTENT="his" WC="0.96" CC="001"/>
						<SP ID="P14_SP00973" HPOS="1898" VPOS="1574" WIDTH="20"/>
						<String ID="word000999" HPOS="1918" VPOS="1538" WIDTH="133" HEIGHT="46" CONTENT="Ellen," WC="0.96" CC="100001" STYLEREFS="TXT_3"/>
						<SP ID="P14_SP00974" HPOS="2052" VPOS="1584" WIDTH="31"/>
						<String ID="word001000" HPOS="2082" VPOS="1537" WIDTH="177" HEIGHT="41" CONTENT="without" WC="0.98" CC="1000000"/>
						<SP ID="P14_SP00975" HPOS="2259" VPOS="1584" WIDTH="27"/>
						<String ID="word001001" HPOS="2287" VPOS="1552" WIDTH="76" HEIGHT="41" CONTENT="any" WC="0.96" CC="010"/>
						<SP ID="P14_SP00976" HPOS="2362" VPOS="1593" WIDTH="19"/>
						<String ID="word001002" HPOS="2381" VPOS="1538" WIDTH="163" HEIGHT="43" CONTENT="further" WC="1.00" CC="0000000"/>
						<SP ID="P14_SP00977" HPOS="2544" VPOS="1593" WIDTH="18"/>
						<String ID="word001003" HPOS="2562" VPOS="1541" WIDTH="216" HEIGHT="53" CONTENT="difficulty," WC="0.78" CC="00366000070"/>
						<SP ID="P14_SP00978" HPOS="2778" VPOS="1594" WIDTH="34"/>
						<String ID="word001004" HPOS="2812" VPOS="1543" WIDTH="81" HEIGHT="40" CONTENT="and" WC="0.81" CC="050"/>
						<SP ID="P14_SP00979" HPOS="2894" VPOS="1594" WIDTH="15"/>
						<String ID="word001005" HPOS="2909" VPOS="1544" WIDTH="71" HEIGHT="48" CONTENT="thsi" WC="0.50" CC="3366"/>
						<SP ID="P14_SP00980" HPOS="2980" VPOS="1594" WIDTH="0"/>
					</TextLine>
					<TextLine ID="P14_TL00106" HPOS="1631" VPOS="1585" WIDTH="314" HEIGHT="51">
						<String ID="word001006" HPOS="1631" VPOS="1585" WIDTH="111" HEIGHT="51" CONTENT="piece" WC="0.64" CC="43333"/>
						<SP ID="P14_SP00981" HPOS="1742" VPOS="1636" WIDTH="18"/>
						<String ID="word001007" HPOS="1760" VPOS="1586" WIDTH="139" HEIGHT="43" CONTENT="closes." WC="0.81" CC="3232110"/>
						<SP ID="P14_SP00982" HPOS="1899" VPOS="1636" WIDTH="41"/>
						<String ID="word001008" HPOS="1941" VPOS="1585" WIDTH="4" HEIGHT="51" CONTENT="•" WC="0.22" CC="7"/>
						<SP ID="P14_SP00983" HPOS="1944" VPOS="1636" WIDTH="0"/>
					</TextLine>
					<TextLine ID="P14_TL00107" HPOS="1682" VPOS="1636" WIDTH="1293" HEIGHT="64">
						<String ID="word001009" HPOS="1682" VPOS="1636" WIDTH="89" HEIGHT="44" CONTENT="The" WC="1.00" CC="000"/>
						<SP ID="P14_SP00984" HPOS="1770" VPOS="1680" WIDTH="18"/>
						<String ID="word001010" HPOS="1788" VPOS="1641" WIDTH="190" HEIGHT="54" CONTENT="dialogue" WC="0.99" CC="00000001"/>
						<SP ID="P14_SP00985" HPOS="1978" VPOS="1695" WIDTH="19"/>
						<String ID="word001011" HPOS="1997" VPOS="1641" WIDTH="48" HEIGHT="40" CONTENT="of" WC="0.94" CC="10"/>
						<SP ID="P14_SP00986" HPOS="2046" VPOS="1695" WIDTH="19"/>
						<String ID="word001012" HPOS="2065" VPOS="1642" WIDTH="83" HEIGHT="41" CONTENT="this" WC="1.00" CC="0000"/>
						<SP ID="P14_SP00987" HPOS="2147" VPOS="1695" WIDTH="19"/>
						<String ID="word001013" HPOS="2166" VPOS="1641" WIDTH="168" HEIGHT="57" CONTENT="comedy" WC="0.94" CC="111000"/>
						<SP ID="P14_SP00988" HPOS="2334" VPOS="1697" WIDTH="19"/>
						<String ID="word001014" HPOS="2353" VPOS="1643" WIDTH="31" HEIGHT="41" CONTENT="is" WC="0.67" CC="33"/>
						<SP ID="P14_SP00989" HPOS="2383" VPOS="1697" WIDTH="26"/>
						<String ID="word001015" HPOS="2409" VPOS="1641" WIDTH="143" HEIGHT="59" CONTENT="highly" WC="0.93" CC="110011"/>
						<SP ID="P14_SP00990" HPOS="2552" VPOS="1700" WIDTH="21"/>
						<String ID="word001016" HPOS="2574" VPOS="1644" WIDTH="312" HEIGHT="45" CONTENT="commendable" WC="0.89" CC="10120100330"/>
						<SP ID="P14_SP00991" HPOS="2885" VPOS="1700" WIDTH="19"/>
						<String ID="word001017" HPOS="2904" VPOS="1646" WIDTH="71" HEIGHT="44" CONTENT="fa" WC="0.56" CC="26"/>
						<SP ID="P14_SP00992" HPOS="2975" VPOS="1700" WIDTH="0"/>
					</TextLine>
					<TextLine ID="P14_TL00108" HPOS="1628" VPOS="1689" WIDTH="1349" HEIGHT="67">
						<String ID="word001018" HPOS="1628" VPOS="1689" WIDTH="50" HEIGHT="40" CONTENT="its" WC="0.93" CC="002"/>
						<SP ID="P14_SP00993" HPOS="1677" VPOS="1729" WIDTH="18"/>
						<String ID="word001019" HPOS="1695" VPOS="1693" WIDTH="137" HEIGHT="54" CONTENT="purity" WC="0.98" CC="000100"/>
						<SP ID="P14_SP00994" HPOS="1832" VPOS="1747" WIDTH="22"/>
						<String ID="word001020" HPOS="1854" VPOS="1690" WIDTH="97" HEIGHT="44" CONTENT="both" WC="1.00" CC="0000"/>
						<SP ID="P14_SP00995" HPOS="1951" VPOS="1747" WIDTH="25"/>
						<String ID="word001021" HPOS="1976" VPOS="1695" WIDTH="48" HEIGHT="39" CONTENT="of" WC="0.94" CC="10"/>
						<SP ID="P14_SP00996" HPOS="2024" VPOS="1747" WIDTH="21"/>
						<String ID="word001022" HPOS="2046" VPOS="1697" WIDTH="194" HEIGHT="53" CONTENT="meaning" WC="1.00" CC="0000000"/>
						<SP ID="P14_SP00997" HPOS="2239" VPOS="1750" WIDTH="20"/>
						<String ID="word001023" HPOS="2259" VPOS="1700" WIDTH="76" HEIGHT="39" CONTENT="and" WC="1.00" CC="000"/>
						<SP ID="P14_SP00998" HPOS="2335" VPOS="1750" WIDTH="26"/>
						<String ID="word001024" HPOS="2361" VPOS="1693" WIDTH="115" HEIGHT="60" CONTENT="style." WC="0.91" CC="000311"/>
						<SP ID="P14_SP00999" HPOS="2476" VPOS="1753" WIDTH="60"/>
						<String ID="word001025" HPOS="2536" VPOS="1703" WIDTH="37" HEIGHT="35" CONTENT="It" WC="0.94" CC="10"/>
						<SP ID="P14_SP01000" HPOS="2572" VPOS="1753" WIDTH="19"/>
						<String ID="word001026" HPOS="2591" VPOS="1700" WIDTH="97" HEIGHT="40" CONTENT="does" WC="0.97" CC="1000"/>
						<SP ID="P14_SP01001" HPOS="2688" VPOS="1753" WIDTH="26"/>
						<String ID="word001027" HPOS="2714" VPOS="1708" WIDTH="72" HEIGHT="33" CONTENT="not" WC="0.93" CC="110"/>
						<SP ID="P14_SP01002" HPOS="2786" VPOS="1753" WIDTH="20"/>
						<String ID="word001028" HPOS="2806" VPOS="1703" WIDTH="170" HEIGHT="53" CONTENT="sparkle" WC="0.86" CC="1110051"/>
						<SP ID="P14_SP01003" HPOS="2976" VPOS="1756" WIDTH="0"/>
					</TextLine>
					<TextLine ID="P14_TL00109" HPOS="1628" VPOS="1743" WIDTH="1350" HEIGHT="65">
						<String ID="word001029" HPOS="1628" VPOS="1743" WIDTH="93" HEIGHT="40" CONTENT="with" WC="0.86" CC="0104"/>
						<SP ID="P14_SP01004" HPOS="1721" VPOS="1783" WIDTH="22"/>
						<String ID="word001030" HPOS="1743" VPOS="1752" WIDTH="73" HEIGHT="34" CONTENT="ban" WC="0.96" CC="010" STYLEREFS="TXT_3"/>
						<SP ID="P14_SP01005" HPOS="1817" VPOS="1786" WIDTH="32"/>
						<String ID="word001031" HPOS="1848" VPOS="1755" WIDTH="119" HEIGHT="37" CONTENT="mots;" WC="0.78" CC="31510" STYLEREFS="TXT_3"/>
						<SP ID="P14_SP01006" HPOS="1968" VPOS="1792" WIDTH="35"/>
						<String ID="word001032" HPOS="2003" VPOS="1748" WIDTH="31" HEIGHT="40" CONTENT="it" WC="1.00" CC="00" STYLEREFS="TXT_3"/>
						<SP ID="P14_SP01007" HPOS="2034" VPOS="1792" WIDTH="33"/>
						<String ID="word001033" HPOS="2067" VPOS="1752" WIDTH="31" HEIGHT="37" CONTENT="is" WC="1.00" CC="00"/>
						<SP ID="P14_SP01008" HPOS="2098" VPOS="1792" WIDTH="35"/>
						<String ID="word001034" HPOS="2133" VPOS="1756" WIDTH="74" HEIGHT="33" CONTENT="not" WC="1.00" CC="000"/>
						<SP ID="P14_SP01009" HPOS="2207" VPOS="1792" WIDTH="32"/>
						<String ID="word001035" HPOS="2239" VPOS="1750" WIDTH="157" HEIGHT="53" CONTENT="grossly" WC="0.92" CC="1001030"/>
						<SP ID="P14_SP01010" HPOS="2396" VPOS="1804" WIDTH="37"/>
						<String ID="word001036" HPOS="2433" VPOS="1752" WIDTH="203" HEIGHT="47" CONTENT="familiar;" WC="0.80" CC="014201125"/>
						<SP ID="P14_SP01011" HPOS="2636" VPOS="1804" WIDTH="32"/>
						<String ID="word001037" HPOS="2668" VPOS="1754" WIDTH="31" HEIGHT="38" CONTENT="it" WC="1.00" CC="00"/>
						<SP ID="P14_SP01012" HPOS="2699" VPOS="1804" WIDTH="31"/>
						<String ID="word001038" HPOS="2730" VPOS="1756" WIDTH="32" HEIGHT="38" CONTENT="is" WC="1.00" CC="00"/>
						<SP ID="P14_SP01013" HPOS="2761" VPOS="1804" WIDTH="18"/>
						<String ID="word001039" HPOS="2779" VPOS="1768" WIDTH="93" HEIGHT="40" CONTENT="easy" WC="0.97" CC="1000" STYLEREFS="TXT_3"/>
						<SP ID="P14_SP01014" HPOS="2872" VPOS="1808" WIDTH="22"/>
						<String ID="word001040" HPOS="2895" VPOS="1754" WIDTH="83" HEIGHT="43" CONTENT="and" WC="1.00" CC="000"/>
						<SP ID="P14_SP01015" HPOS="2978" VPOS="1808" WIDTH="0"/>
					</TextLine>
					<TextLine ID="P14_TL00110" HPOS="1625" VPOS="1794" WIDTH="1350" HEIGHT="68">
						<String ID="word001041" HPOS="1625" VPOS="1794" WIDTH="181" HEIGHT="57" CONTENT="elegant," WC="0.96" CC="01011000"/>
						<SP ID="P14_SP01016" HPOS="1806" VPOS="1851" WIDTH="28"/>
						<String ID="word001042" HPOS="1834" VPOS="1794" WIDTH="235" HEIGHT="60" CONTENT="frequently" WC="0.97" CC="0110100000"/>
						<SP ID="P14_SP01017" HPOS="2069" VPOS="1854" WIDTH="19"/>
						<String ID="word001043" HPOS="2088" VPOS="1802" WIDTH="227" HEIGHT="53" CONTENT="energetic," WC="0.98" CC="0000200000"/>
						<SP ID="P14_SP01018" HPOS="2315" VPOS="1856" WIDTH="27"/>
						<String ID="word001044" HPOS="2342" VPOS="1804" WIDTH="77" HEIGHT="40" CONTENT="and" WC="0.93" CC="110"/>
						<SP ID="P14_SP01019" HPOS="2419" VPOS="1856" WIDTH="35"/>
						<String ID="word001045" HPOS="2454" VPOS="1805" WIDTH="191" HEIGHT="40" CONTENT="enriched" WC="0.96" CC="20000010"/>
						<SP ID="P14_SP01020" HPOS="2646" VPOS="1856" WIDTH="30"/>
						<String ID="word001046" HPOS="2675" VPOS="1807" WIDTH="93" HEIGHT="39" CONTENT="with" WC="0.94" CC="1100"/>
						<SP ID="P14_SP01021" HPOS="2769" VPOS="1856" WIDTH="15"/>
						<String ID="word001047" HPOS="2784" VPOS="1811" WIDTH="90" HEIGHT="51" CONTENT="just" WC="0.86" CC="1310"/>
						<SP ID="P14_SP01022" HPOS="2874" VPOS="1861" WIDTH="20"/>
						<String ID="word001048" HPOS="2894" VPOS="1806" WIDTH="81" HEIGHT="44" CONTENT="hnlt" WC="0.25" CC="7488"/>
						<SP ID="P14_SP01023" HPOS="2975" VPOS="1861" WIDTH="0"/>
					</TextLine>
					<TextLine ID="P14_TL00111" HPOS="1628" VPOS="1848" WIDTH="1342" HEIGHT="67">
						<String ID="word001049" HPOS="1628" VPOS="1848" WIDTH="180" HEIGHT="56" CONTENT="pleasing" WC="0.97" CC="01000001"/>
						<SP ID="P14_SP01024" HPOS="1807" VPOS="1904" WIDTH="21"/>
						<String ID="word001050" HPOS="1828" VPOS="1852" WIDTH="197" HEIGHT="56" CONTENT="imagery." WC="0.96" CC="00111000"/>
						<SP ID="P14_SP01025" HPOS="2026" VPOS="1907" WIDTH="57"/>
						<String ID="word001051" HPOS="2082" VPOS="1856" WIDTH="86" HEIGHT="40" CONTENT="Nor" WC="0.78" CC="411"/>
						<SP ID="P14_SP01026" HPOS="2169" VPOS="1907" WIDTH="17"/>
						<String ID="word001052" HPOS="2185" VPOS="1857" WIDTH="31" HEIGHT="39" CONTENT="is" WC="1.00" CC="00"/>
						<SP ID="P14_SP01027" HPOS="2216" VPOS="1907" WIDTH="20"/>
						<String ID="word001053" HPOS="2236" VPOS="1856" WIDTH="32" HEIGHT="39" CONTENT="it" WC="1.00" CC="00"/>
						<SP ID="P14_SP01028" HPOS="2268" VPOS="1907" WIDTH="28"/>
						<String ID="word001054" HPOS="2296" VPOS="1857" WIDTH="146" HEIGHT="54" CONTENT="totally" WC="0.97" CC="0000110"/>
						<SP ID="P14_SP01029" HPOS="2443" VPOS="1911" WIDTH="20"/>
						<String ID="word001055" HPOS="2463" VPOS="1857" WIDTH="148" HEIGHT="43" CONTENT="devoid" WC="0.98" CC="010000"/>
						<SP ID="P14_SP01030" HPOS="2610" VPOS="1911" WIDTH="21"/>
						<String ID="word001056" HPOS="2631" VPOS="1858" WIDTH="50" HEIGHT="40" CONTENT="of" WC="1.00" CC="00"/>
						<SP ID="P14_SP01031" HPOS="2681" VPOS="1911" WIDTH="21"/>
						<String ID="word001057" HPOS="2702" VPOS="1861" WIDTH="84" HEIGHT="45" CONTENT="wit," WC="0.83" CC="5010"/>
						<SP ID="P14_SP01032" HPOS="2786" VPOS="1911" WIDTH="21"/>
						<String ID="word001058" HPOS="2807" VPOS="1863" WIDTH="162" HEIGHT="52" CONTENT="though" WC="0.96" CC="000020"/>
						<SP ID="P14_SP01033" HPOS="2969" VPOS="1915" WIDTH="0"/>
					</TextLine>
					<TextLine ID="P14_TL00112" HPOS="1628" VPOS="1902" WIDTH="1349" HEIGHT="58">
						<String ID="word001059" HPOS="1628" VPOS="1902" WIDTH="30" HEIGHT="39" CONTENT="it" WC="0.94" CC="10"/>
						<SP ID="P14_SP01034" HPOS="1657" VPOS="1941" WIDTH="20"/>
						<String ID="word001060" HPOS="1677" VPOS="1902" WIDTH="31" HEIGHT="40" CONTENT="is" WC="1.00" CC="00"/>
						<SP ID="P14_SP01035" HPOS="1708" VPOS="1942" WIDTH="19"/>
						<String ID="word001061" HPOS="1727" VPOS="1903" WIDTH="242" HEIGHT="57" CONTENT="completely" WC="0.93" CC="0000110004"/>
						<SP ID="P14_SP01036" HPOS="1969" VPOS="1959" WIDTH="24"/>
						<String ID="word001062" HPOS="1993" VPOS="1906" WIDTH="85" HEIGHT="41" CONTENT="free" WC="0.97" CC="0010"/>
						<SP ID="P14_SP01037" HPOS="2078" VPOS="1959" WIDTH="19"/>
						<String ID="word001063" HPOS="2096" VPOS="1907" WIDTH="109" HEIGHT="41" CONTENT="from" WC="1.00" CC="0000"/>
						<SP ID="P14_SP01038" HPOS="2205" VPOS="1959" WIDTH="31"/>
						<String ID="word001064" HPOS="2236" VPOS="1909" WIDTH="71" HEIGHT="43" CONTENT="the" WC="0.93" CC="011"/>
						<SP ID="P14_SP01039" HPOS="2307" VPOS="1959" WIDTH="34"/>
						<String ID="word001065" HPOS="2341" VPOS="1910" WIDTH="236" HEIGHT="41" CONTENT="affectation" WC="0.88" CC="13300000122"/>
						<SP ID="P14_SP01040" HPOS="2577" VPOS="1959" WIDTH="21"/>
						<String ID="word001066" HPOS="2598" VPOS="1911" WIDTH="53" HEIGHT="43" CONTENT="of" WC="1.00" CC="00"/>
						<SP ID="P14_SP01041" HPOS="2652" VPOS="1959" WIDTH="20"/>
						<String ID="word001067" HPOS="2672" VPOS="1913" WIDTH="44" HEIGHT="40" CONTENT="it." WC="0.89" CC="003"/>
						<SP ID="P14_SP01042" HPOS="2715" VPOS="1959" WIDTH="58"/>
						<String ID="word001068" HPOS="2773" VPOS="1913" WIDTH="89" HEIGHT="43" CONTENT="The" WC="0.93" CC="101"/>
						<SP ID="P14_SP01043" HPOS="2862" VPOS="1959" WIDTH="17"/>
						<String ID="word001069" HPOS="2878" VPOS="1915" WIDTH="98" HEIGHT="40" CONTENT="chit•" WC="0.62" CC="11555"/>
						<SP ID="P14_SP01044" HPOS="2976" VPOS="1959" WIDTH="0"/>
					</TextLine>
					<TextLine ID="P14_TL00113" HPOS="1624" VPOS="1957" WIDTH="1342" HEIGHT="66">
						<String ID="word001070" HPOS="1624" VPOS="1961" WIDTH="169" HEIGHT="44" CONTENT="racters," WC="0.96" CC="00011010"/>
						<SP ID="P14_SP01045" HPOS="1793" VPOS="2004" WIDTH="21"/>
						<String ID="word001071" HPOS="1814" VPOS="1957" WIDTH="157" HEIGHT="56" CONTENT="though" WC="0.96" CC="000011"/>
						<SP ID="P14_SP01046" HPOS="1971" VPOS="2013" WIDTH="21"/>
						<String ID="word001072" HPOS="1993" VPOS="1967" WIDTH="74" HEIGHT="33" CONTENT="not" WC="1.00" CC="000"/>
						<SP ID="P14_SP01047" HPOS="2067" VPOS="2013" WIDTH="31"/>
						<String ID="word001073" HPOS="2098" VPOS="1971" WIDTH="105" HEIGHT="35" CONTENT="new," WC="1.00" CC="0000"/>
						<SP ID="P14_SP01048" HPOS="2203" VPOS="2013" WIDTH="30"/>
						<String ID="word001074" HPOS="2232" VPOS="1975" WIDTH="72" HEIGHT="27" CONTENT="are" WC="1.00" CC="000"/>
						<SP ID="P14_SP01049" HPOS="2304" VPOS="2013" WIDTH="18"/>
						<String ID="word001075" HPOS="2322" VPOS="1963" WIDTH="90" HEIGHT="41" CONTENT="well" WC="0.97" CC="1000"/>
						<SP ID="P14_SP01050" HPOS="2412" VPOS="2013" WIDTH="19"/>
						<String ID="word001076" HPOS="2431" VPOS="1963" WIDTH="246" HEIGHT="47" CONTENT="delineated," WC="0.98" CC="01000000001"/>
						<SP ID="P14_SP01051" HPOS="2676" VPOS="2013" WIDTH="20"/>
						<String ID="word001077" HPOS="2696" VPOS="1967" WIDTH="79" HEIGHT="40" CONTENT="and" WC="1.00" CC="000"/>
						<SP ID="P14_SP01052" HPOS="2776" VPOS="2013" WIDTH="22"/>
						<String ID="word001078" HPOS="2798" VPOS="1967" WIDTH="168" HEIGHT="56" CONTENT="hatipili" WC="0.43" CC="53883437"/>
						<SP ID="P14_SP01053" HPOS="2966" VPOS="2022" WIDTH="0"/>
					</TextLine>
					<TextLine ID="P14_TL00114" HPOS="1624" VPOS="2007" WIDTH="1345" HEIGHT="65">
						<String ID="word001079" HPOS="1624" VPOS="2007" WIDTH="244" HEIGHT="45" CONTENT="contrasted." WC="0.98" CC="01000000100"/>
						<SP ID="P14_SP01054" HPOS="1869" VPOS="2052" WIDTH="59"/>
						<String ID="word001080" HPOS="1928" VPOS="2008" WIDTH="87" HEIGHT="45" CONTENT="The" WC="0.78" CC="600"/>
						<SP ID="P14_SP01055" HPOS="2015" VPOS="2053" WIDTH="31"/>
						<String ID="word001081" HPOS="2046" VPOS="2013" WIDTH="91" HEIGHT="54" CONTENT="plot" WC="0.81" CC="0340"/>
						<SP ID="P14_SP01056" HPOS="2137" VPOS="2067" WIDTH="32"/>
						<String ID="word001082" HPOS="2169" VPOS="2014" WIDTH="33" HEIGHT="40" CONTENT="is" WC="0.67" CC="60"/>
						<SP ID="P14_SP01057" HPOS="2202" VPOS="2067" WIDTH="19"/>
						<String ID="word001083" HPOS="2220" VPOS="2014" WIDTH="91" HEIGHT="43" CONTENT="well" WC="1.00" CC="0000"/>
						<SP ID="P14_SP01058" HPOS="2311" VPOS="2067" WIDTH="30"/>
						<String ID="word001084" HPOS="2341" VPOS="2016" WIDTH="243" HEIGHT="48" CONTENT="conducted," WC="0.85" CC="4110130030"/>
						<SP ID="P14_SP01059" HPOS="2584" VPOS="2067" WIDTH="34"/>
						<String ID="word001085" HPOS="2619" VPOS="2019" WIDTH="157" HEIGHT="53" CONTENT="though" WC="0.96" CC="002000"/>
						<SP ID="P14_SP01060" HPOS="2776" VPOS="2072" WIDTH="24"/>
						<String ID="word001086" HPOS="2799" VPOS="2021" WIDTH="70" HEIGHT="41" CONTENT="the" WC="0.89" CC="012"/>
						<SP ID="P14_SP01061" HPOS="2869" VPOS="2072" WIDTH="17"/>
						<String ID="word001087" HPOS="2885" VPOS="2028" WIDTH="84" HEIGHT="33" CONTENT="two" WC="0.93" CC="011" STYLEREFS="TXT_3"/>
						<SP ID="P14_SP01062" HPOS="2969" VPOS="2072" WIDTH="0"/>
					</TextLine>
					<TextLine ID="P14_TL00115" HPOS="1625" VPOS="2060" WIDTH="1355" HEIGHT="67">
						<String ID="word001088" HPOS="1625" VPOS="2060" WIDTH="84" HEIGHT="41" CONTENT="first" WC="1.00" CC="00000"/>
						<SP ID="P14_SP01063" HPOS="1709" VPOS="2101" WIDTH="20"/>
						<String ID="word001089" HPOS="1729" VPOS="2070" WIDTH="84" HEIGHT="33" CONTENT="acts" WC="1.00" CC="0000"/>
						<SP ID="P14_SP01064" HPOS="1813" VPOS="2104" WIDTH="20"/>
						<String ID="word001090" HPOS="1833" VPOS="2078" WIDTH="69" HEIGHT="33" CONTENT="are" WC="0.67" CC="027"/>
						<SP ID="P14_SP01065" HPOS="1902" VPOS="2111" WIDTH="19"/>
						<String ID="word001091" HPOS="1920" VPOS="2065" WIDTH="139" HEIGHT="41" CONTENT="rather" WC="1.00" CC="000000"/>
						<SP ID="P14_SP01066" HPOS="2060" VPOS="2111" WIDTH="25"/>
						<String ID="word001092" HPOS="2085" VPOS="2067" WIDTH="169" HEIGHT="60" CONTENT="laorptid" WC="0.39" CC="53777834"/>
						<SP ID="P14_SP01067" HPOS="2254" VPOS="2127" WIDTH="18"/>
						<String ID="word001093" HPOS="2271" VPOS="2083" WIDTH="12" HEIGHT="32" CONTENT=";" WC="0.67" CC="3"/>
						<SP ID="P14_SP01068" HPOS="2283" VPOS="2127" WIDTH="31"/>
						<String ID="word001094" HPOS="2314" VPOS="2069" WIDTH="77" HEIGHT="39" CONTENT="and" WC="1.00" CC="000"/>
						<SP ID="P14_SP01069" HPOS="2391" VPOS="2127" WIDTH="21"/>
						<String ID="word001095" HPOS="2412" VPOS="2069" WIDTH="51" HEIGHT="40" CONTENT="its" WC="1.00" CC="000"/>
						<SP ID="P14_SP01070" HPOS="2463" VPOS="2127" WIDTH="19"/>
						<String ID="word001096" HPOS="2481" VPOS="2075" WIDTH="183" HEIGHT="47" CONTENT="greatest" WC="0.93" CC="00400010"/>
						<SP ID="P14_SP01071" HPOS="2665" VPOS="2127" WIDTH="19"/>
						<String ID="word001097" HPOS="2683" VPOS="2072" WIDTH="133" HEIGHT="40" CONTENT="defect" WC="0.89" CC="005010"/>
						<SP ID="P14_SP01072" HPOS="2817" VPOS="2127" WIDTH="30"/>
						<String ID="word001098" HPOS="2846" VPOS="2075" WIDTH="34" HEIGHT="39" CONTENT="is" WC="0.94" CC="01"/>
						<SP ID="P14_SP01073" HPOS="2881" VPOS="2127" WIDTH="37"/>
						<String ID="word001099" HPOS="2917" VPOS="2075" WIDTH="46" HEIGHT="40" CONTENT="its" WC="0.61" CC="052"/>
						<String ID="word001100" HPOS="2963" VPOS="2075" WIDTH="17" HEIGHT="40" CONTENT="." STYLE="superscript" WC="0.61" CC="7"/>
						<SP ID="P14_SP01074" HPOS="2980" VPOS="2127" WIDTH="0"/>
					</TextLine>
					<TextLine ID="P14_TL00116" HPOS="1622" VPOS="2112" WIDTH="1350" HEIGHT="70">
						<String ID="word001101" HPOS="1622" VPOS="2112" WIDTH="155" HEIGHT="56" CONTENT="length." WC="0.94" CC="0102010"/>
						<SP ID="P14_SP01075" HPOS="1776" VPOS="2167" WIDTH="58"/>
						<String ID="word001102" HPOS="1834" VPOS="2119" WIDTH="118" HEIGHT="39" CONTENT="Some" WC="1.00" CC="0000"/>
						<SP ID="P14_SP01076" HPOS="1952" VPOS="2167" WIDTH="30"/>
						<String ID="word001103" HPOS="1982" VPOS="2119" WIDTH="48" HEIGHT="40" CONTENT="of" WC="1.00" CC="00"/>
						<SP ID="P14_SP01077" HPOS="2030" VPOS="2167" WIDTH="21"/>
						<String ID="word001104" HPOS="2052" VPOS="2120" WIDTH="71" HEIGHT="39" CONTENT="the" WC="0.96" CC="100"/>
						<SP ID="P14_SP01078" HPOS="2122" VPOS="2167" WIDTH="18"/>
						<String ID="word001105" HPOS="2140" VPOS="2122" WIDTH="217" HEIGHT="39" CONTENT="situations" WC="0.97" CC="1100001000"/>
						<SP ID="P14_SP01079" HPOS="2357" VPOS="2167" WIDTH="32"/>
						<String ID="word001106" HPOS="2389" VPOS="2131" WIDTH="67" HEIGHT="31" CONTENT="are" WC="0.81" CC="050"/>
						<SP ID="P14_SP01080" HPOS="2457" VPOS="2167" WIDTH="38"/>
						<String ID="word001107" HPOS="2494" VPOS="2122" WIDTH="89" HEIGHT="40" CONTENT="well" WC="0.83" CC="0042"/>
						<SP ID="P14_SP01081" HPOS="2583" VPOS="2167" WIDTH="21"/>
						<String ID="word001108" HPOS="2604" VPOS="2124" WIDTH="107" HEIGHT="53" CONTENT="imag" WC="0.69" CC="2225"/>
						<String ID="word001109" HPOS="2717" VPOS="2125" WIDTH="107" HEIGHT="46" CONTENT="ined," WC="0.71" CC="42223" STYLEREFS="TXT_4"/>
						<SP ID="P14_SP01082" HPOS="2824" VPOS="2177" WIDTH="22"/>
						<String ID="word001110" HPOS="2846" VPOS="2134" WIDTH="125" HEIGHT="47" CONTENT="many" WC="0.81" CC="0016"/>
						<SP ID="P14_SP01083" HPOS="2972" VPOS="2181" WIDTH="0"/>
					</TextLine>
					<TextLine ID="P14_TL00117" HPOS="1619" VPOS="2169" WIDTH="1348" HEIGHT="61">
						<String ID="word001111" HPOS="1619" VPOS="2179" WIDTH="137" HEIGHT="28" CONTENT="scenes" WC="1.00" CC="000000" STYLEREFS="TXT_3"/>
						<SP ID="P14_SP01084" HPOS="1756" VPOS="2207" WIDTH="17"/>
						<String ID="word001112" HPOS="1773" VPOS="2169" WIDTH="139" HEIGHT="54" CONTENT="highly" WC="0.98" CC="001000"/>
						<SP ID="P14_SP01085" HPOS="1912" VPOS="2223" WIDTH="34"/>
						<String ID="word001113" HPOS="1946" VPOS="2170" WIDTH="145" HEIGHT="47" CONTENT="comic," WC="0.93" CC="300100"/>
						<SP ID="P14_SP01086" HPOS="2092" VPOS="2223" WIDTH="38"/>
						<String ID="word001114" HPOS="2130" VPOS="2173" WIDTH="79" HEIGHT="39" CONTENT="and" WC="1.00" CC="000"/>
						<SP ID="P14_SP01087" HPOS="2209" VPOS="2223" WIDTH="38"/>
						<String ID="word001115" HPOS="2246" VPOS="2185" WIDTH="113" HEIGHT="30" CONTENT="some" WC="0.94" CC="1100"/>
						<SP ID="P14_SP01088" HPOS="2360" VPOS="2223" WIDTH="34"/>
						<String ID="word001116" HPOS="2394" VPOS="2173" WIDTH="53" HEIGHT="56" CONTENT="th" WC="1.00" CC="00"/>
						<String ID="word001117" HPOS="2447" VPOS="2173" WIDTH="26" HEIGHT="56" CONTENT="o" STYLE="subscript" WC="1.00" CC="0"/>
						<String ID="word001118" HPOS="2473" VPOS="2173" WIDTH="81" HEIGHT="56" CONTENT="ugh" WC="1.00" CC="000"/>
						<SP ID="P14_SP01089" HPOS="2555" VPOS="2229" WIDTH="21"/>
						<String ID="word001119" HPOS="2576" VPOS="2176" WIDTH="98" HEIGHT="54" CONTENT="path" WC="0.78" CC="2222" STYLEREFS="TXT_4"/>
						<String ID="word001120" HPOS="2679" VPOS="2177" WIDTH="97" HEIGHT="51" CONTENT="etic," WC="0.64" CC="55222"/>
						<SP ID="P14_SP01090" HPOS="2776" VPOS="2230" WIDTH="20"/>
						<String ID="word001121" HPOS="2796" VPOS="2186" WIDTH="76" HEIGHT="34" CONTENT="not" WC="0.78" CC="510"/>
						<SP ID="P14_SP01091" HPOS="2871" VPOS="2230" WIDTH="19"/>
						<String ID="word001122" HPOS="2890" VPOS="2187" WIDTH="77" HEIGHT="34" CONTENT="too" WC="0.74" CC="025"/>
						<SP ID="P14_SP01092" HPOS="2967" VPOS="2230" WIDTH="0"/>
					</TextLine>
					<TextLine ID="P14_TL00118" HPOS="1622" VPOS="2220" WIDTH="508" HEIGHT="58">
						<String ID="word001123" HPOS="1622" VPOS="2220" WIDTH="120" HEIGHT="40" CONTENT="much" WC="0.92" CC="3000"/>
						<SP ID="P14_SP01093" HPOS="1742" VPOS="2261" WIDTH="19"/>
						<String ID="word001124" HPOS="1761" VPOS="2236" WIDTH="45" HEIGHT="26" CONTENT="so" WC="0.94" CC="10"/>
						<SP ID="P14_SP01094" HPOS="1806" VPOS="2262" WIDTH="18"/>
						<String ID="word001125" HPOS="1824" VPOS="2223" WIDTH="65" HEIGHT="40" CONTENT="for" WC="1.00" CC="000"/>
						<SP ID="P14_SP01095" HPOS="1889" VPOS="2263" WIDTH="15"/>
						<String ID="word001126" HPOS="1904" VPOS="2237" WIDTH="24" HEIGHT="26" CONTENT="a" WC="0.89" CC="1"/>
						<SP ID="P14_SP01096" HPOS="1928" VPOS="2263" WIDTH="17"/>
						<String ID="word001127" HPOS="1944" VPOS="2225" WIDTH="185" HEIGHT="53" CONTENT="comedy." WC="0.97" CC="0000011"/>
						<SP ID="P14_SP01097" HPOS="2130" VPOS="2278" WIDTH="0"/>
					</TextLine>
					<TextLine ID="P14_TL00119" HPOS="1672" VPOS="2271" WIDTH="1294" HEIGHT="65">
						<String ID="word001128" HPOS="1672" VPOS="2275" WIDTH="268" HEIGHT="54" CONTENT="Encouraged" WC="0.97" CC="0001100100"/>
						<SP ID="P14_SP01098" HPOS="1941" VPOS="2329" WIDTH="19"/>
						<String ID="word001129" HPOS="1959" VPOS="2278" WIDTH="53" HEIGHT="51" CONTENT="by" WC="1.00" CC="00"/>
						<SP ID="P14_SP01099" HPOS="2013" VPOS="2329" WIDTH="33"/>
						<String ID="word001130" HPOS="2046" VPOS="2274" WIDTH="227" HEIGHT="45" CONTENT="redoubled" WC="0.69" CC="222353332"/>
						<SP ID="P14_SP01100" HPOS="2272" VPOS="2329" WIDTH="48"/>
						<String ID="word001131" HPOS="2321" VPOS="2271" WIDTH="109" HEIGHT="60" CONTENT="peals" WC="0.93" CC="01110"/>
						<SP ID="P14_SP01101" HPOS="2430" VPOS="2331" WIDTH="40"/>
						<String ID="word001132" HPOS="2470" VPOS="2275" WIDTH="53" HEIGHT="44" CONTENT="of" WC="0.83" CC="30"/>
						<SP ID="P14_SP01102" HPOS="2523" VPOS="2331" WIDTH="37"/>
						<String ID="word001133" HPOS="2559" VPOS="2277" WIDTH="211" HEIGHT="59" CONTENT="epplause," WC="0.38" CC="783833558"/>
						<SP ID="P14_SP01103" HPOS="2771" VPOS="2336" WIDTH="34"/>
						<String ID="word001134" HPOS="2805" VPOS="2280" WIDTH="54" HEIGHT="45" CONTENT="ail" WC="0.70" CC="143"/>
						<SP ID="P14_SP01104" HPOS="2859" VPOS="2336" WIDTH="33"/>
						<String ID="word001135" HPOS="2893" VPOS="2281" WIDTH="73" HEIGHT="45" CONTENT="the" WC="0.89" CC="012"/>
						<SP ID="P14_SP01105" HPOS="2966" VPOS="2336" WIDTH="0"/>
					</TextLine>
					<TextLine ID="P14_TL00120" HPOS="1618" VPOS="2323" WIDTH="1343" HEIGHT="59">
						<String ID="word001136" HPOS="1618" VPOS="2323" WIDTH="250" HEIGHT="46" CONTENT="Performers" WC="0.97" CC="0100001100"/>
						<SP ID="P14_SP01106" HPOS="1869" VPOS="2369" WIDTH="17"/>
						<String ID="word001137" HPOS="1885" VPOS="2328" WIDTH="206" HEIGHT="54" CONTENT="displayed" WC="0.99" CC="000001000"/>
						<SP ID="P14_SP01107" HPOS="2091" VPOS="2382" WIDTH="33"/>
						<String ID="word001138" HPOS="2124" VPOS="2329" WIDTH="71" HEIGHT="41" CONTENT="the" WC="1.00" CC="000"/>
						<SP ID="P14_SP01108" HPOS="2194" VPOS="2382" WIDTH="33"/>
						<String ID="word001139" HPOS="2228" VPOS="2331" WIDTH="53" HEIGHT="40" CONTENT="wh" WC="0.93" CC="00"/>
						<String ID="word001140" HPOS="2281" VPOS="2331" WIDTH="26" HEIGHT="40" CONTENT="o" STYLE="subscript" WC="0.93" CC="0"/>
						<String ID="word001141" HPOS="2307" VPOS="2331" WIDTH="27" HEIGHT="40" CONTENT="l" WC="0.93" CC="3"/>
						<String ID="word001142" HPOS="2334" VPOS="2331" WIDTH="27" HEIGHT="40" CONTENT="e" STYLE="subscript" WC="0.93" CC="0"/>
						<SP ID="P14_SP01109" HPOS="2361" VPOS="2382" WIDTH="30"/>
						<String ID="word001143" HPOS="2391" VPOS="2333" WIDTH="71" HEIGHT="40" CONTENT="ext" WC="0.96" CC="110"/>
						<String ID="word001144" HPOS="2461" VPOS="2333" WIDTH="47" HEIGHT="40" CONTENT="en" STYLE="subscript" WC="0.96" CC="00"/>
						<String ID="word001145" HPOS="2509" VPOS="2333" WIDTH="25" HEIGHT="40" CONTENT="t" WC="0.96" CC="0"/>
						<SP ID="P14_SP01110" HPOS="2533" VPOS="2382" WIDTH="32"/>
						<String ID="word001146" HPOS="2565" VPOS="2334" WIDTH="51" HEIGHT="40" CONTENT="of" WC="0.83" CC="12"/>
						<String ID="word001147" HPOS="2616" VPOS="2334" WIDTH="21" HEIGHT="43" CONTENT="-" STYLE="superscript" WC="0.87" CC="6"/>
						<String ID="word001148" HPOS="2637" VPOS="2334" WIDTH="110" HEIGHT="43" CONTENT="their" WC="0.87" CC="00010"/>
						<SP ID="P14_SP01111" HPOS="2747" VPOS="2382" WIDTH="20"/>
						<String ID="word001149" HPOS="2767" VPOS="2327" WIDTH="194" HEIGHT="54" CONTENT="abilitlea." WC="0.41" CC="3335488586"/>
						<SP ID="P14_SP01112" HPOS="2961" VPOS="2382" WIDTH="0"/>
					</TextLine>
					<TextLine ID="P14_TL00121" HPOS="1619" VPOS="2378" WIDTH="1346" HEIGHT="59">
						<String ID="word001150" HPOS="1619" VPOS="2378" WIDTH="96" HEIGHT="39" CONTENT="Mrs." WC="0.92" CC="0030"/>
						<SP ID="P14_SP01113" HPOS="1715" VPOS="2417" WIDTH="22"/>
						<String ID="word001151" HPOS="1737" VPOS="2379" WIDTH="170" HEIGHT="48" CONTENT="Jordan," WC="0.98" CC="0000010"/>
						<SP ID="P14_SP01114" HPOS="1907" VPOS="2427" WIDTH="24"/>
						<String ID="word001152" HPOS="1931" VPOS="2395" WIDTH="39" HEIGHT="26" CONTENT="in" WC="0.89" CC="20"/>
						<SP ID="P14_SP01115" HPOS="1970" VPOS="2427" WIDTH="18"/>
						<String ID="word001153" HPOS="1988" VPOS="2379" WIDTH="72" HEIGHT="45" CONTENT="the" WC="0.96" CC="100"/>
						<SP ID="P14_SP01116" HPOS="2060" VPOS="2427" WIDTH="18"/>
						<String ID="word001154" HPOS="2078" VPOS="2388" WIDTH="94" HEIGHT="48" CONTENT="part" WC="1.00" CC="0000"/>
						<SP ID="P14_SP01117" HPOS="2172" VPOS="2437" WIDTH="28"/>
						<String ID="word001155" HPOS="2200" VPOS="2383" WIDTH="51" HEIGHT="40" CONTENT="of" WC="1.00" CC="00"/>
						<SP ID="P14_SP01118" HPOS="2251" VPOS="2437" WIDTH="21"/>
						<String ID="word001156" HPOS="2272" VPOS="2386" WIDTH="136" HEIGHT="46" CONTENT="Ellen," WC="0.94" CC="011001" STYLEREFS="TXT_3"/>
						<SP ID="P14_SP01119" HPOS="2408" VPOS="2437" WIDTH="34"/>
						<String ID="word001157" HPOS="2443" VPOS="2383" WIDTH="306" HEIGHT="46" CONTENT="looked'better" WC="0.61" CC="4343355333333"/>
						<SP ID="P14_SP01120" HPOS="2748" VPOS="2437" WIDTH="22"/>
						<String ID="word001158" HPOS="2771" VPOS="2383" WIDTH="104" HEIGHT="46" CONTENT="thani" WC="0.71" CC="01156"/>
						<SP ID="P14_SP01121" HPOS="2875" VPOS="2437" WIDTH="18"/>
						<String ID="word001159" HPOS="2893" VPOS="2391" WIDTH="72" HEIGHT="40" CONTENT="she" WC="0.96" CC="100"/>
						<SP ID="P14_SP01122" HPOS="2965" VPOS="2437" WIDTH="0"/>
					</TextLine>
					<TextLine ID="P14_TL00122" HPOS="1616" VPOS="2430" WIDTH="1349" HEIGHT="64">
						<String ID="word001160" HPOS="1616" VPOS="2430" WIDTH="71" HEIGHT="40" CONTENT="has" WC="0.78" CC="060"/>
						<SP ID="P14_SP01123" HPOS="1687" VPOS="2470" WIDTH="18"/>
						<String ID="word001161" HPOS="1704" VPOS="2430" WIDTH="106" HEIGHT="43" CONTENT="done" WC="1.00" CC="0000"/>
						<SP ID="P14_SP01124" HPOS="1811" VPOS="2472" WIDTH="18"/>
						<String ID="word001162" HPOS="1828" VPOS="2433" WIDTH="66" HEIGHT="41" CONTENT="for" WC="1.00" CC="000"/>
						<SP ID="P14_SP01125" HPOS="1894" VPOS="2474" WIDTH="20"/>
						<String ID="word001163" HPOS="1915" VPOS="2446" WIDTH="123" HEIGHT="43" CONTENT="many" WC="1.00" CC="0000"/>
						<SP ID="P14_SP01126" HPOS="2037" VPOS="2489" WIDTH="19"/>
						<String ID="word001164" HPOS="2056" VPOS="2447" WIDTH="142" HEIGHT="41" CONTENT="years;" WC="0.98" CC="000010"/>
						<SP ID="P14_SP01127" HPOS="2198" VPOS="2489" WIDTH="32"/>
						<String ID="word001165" HPOS="2230" VPOS="2437" WIDTH="73" HEIGHT="41" CONTENT="her" WC="1.00" CC="000"/>
						<SP ID="P14_SP01128" HPOS="2303" VPOS="2489" WIDTH="22"/>
						<String ID="word001166" HPOS="2326" VPOS="2437" WIDTH="180" HEIGHT="57" CONTENT="vivacity" WC="0.99" CC="00001000"/>
						<SP ID="P14_SP01129" HPOS="2505" VPOS="2493" WIDTH="20"/>
						<String ID="word001167" HPOS="2525" VPOS="2450" WIDTH="81" HEIGHT="31" CONTENT="was" WC="0.96" CC="010"/>
						<SP ID="P14_SP01130" HPOS="2607" VPOS="2493" WIDTH="30"/>
						<String ID="word001168" HPOS="2636" VPOS="2452" WIDTH="44" HEIGHT="28" CONTENT="as" WC="1.00" CC="00"/>
						<SP ID="P14_SP01131" HPOS="2680" VPOS="2493" WIDTH="20"/>
						<String ID="word001169" HPOS="2700" VPOS="2443" WIDTH="164" HEIGHT="41" CONTENT="natural" WC="0.89" CC="0303100"/>
						<SP ID="P14_SP01132" HPOS="2864" VPOS="2493" WIDTH="18"/>
						<String ID="word001170" HPOS="2882" VPOS="2443" WIDTH="83" HEIGHT="45" CONTENT="and" WC="0.89" CC="300"/>
						<SP ID="P14_SP01133" HPOS="2965" VPOS="2493" WIDTH="0"/>
					</TextLine>
					<TextLine ID="P14_TL00123" HPOS="1615" VPOS="2485" WIDTH="1350" HEIGHT="65">
						<String ID="word001171" HPOS="1615" VPOS="2494" WIDTH="44" HEIGHT="27" CONTENT="as" WC="1.00" CC="00"/>
						<SP ID="P14_SP01134" HPOS="1658" VPOS="2522" WIDTH="27"/>
						<String ID="word001172" HPOS="1685" VPOS="2485" WIDTH="184" HEIGHT="53" CONTENT="graceful" WC="1.00" CC="00000000"/>
						<SP ID="P14_SP01135" HPOS="1870" VPOS="2538" WIDTH="28"/>
						<String ID="word001173" HPOS="1898" VPOS="2492" WIDTH="50" HEIGHT="35" CONTENT="'as" WC="0.78" CC="600"/>
						<SP ID="P14_SP01136" HPOS="1948" VPOS="2538" WIDTH="31"/>
						<String ID="word001174" HPOS="1978" VPOS="2498" WIDTH="112" HEIGHT="30" CONTENT="ever." WC="0.98" CC="00100"/>
						<SP ID="P14_SP01137" HPOS="2091" VPOS="2538" WIDTH="58"/>
						<String ID="word001175" HPOS="2148" VPOS="2489" WIDTH="98" HEIGHT="40" CONTENT="Mrs." WC="0.94" CC="2000"/>
						<SP ID="P14_SP01138" HPOS="2246" VPOS="2538" WIDTH="33"/>
						<String ID="word001176" HPOS="2280" VPOS="2491" WIDTH="52" HEIGHT="39" CONTENT="H." WC="0.67" CC="33"/>
						<SP ID="P14_SP01139" HPOS="2331" VPOS="2538" WIDTH="37"/>
						<String ID="word001177" HPOS="2368" VPOS="2490" WIDTH="181" HEIGHT="50" CONTENT="Siddons," WC="0.94" CC="30000010"/>
						<SP ID="P14_SP01140" HPOS="2549" VPOS="2539" WIDTH="39"/>
						<String ID="word001178" HPOS="2588" VPOS="2486" WIDTH="38" HEIGHT="47" CONTENT="In" WC="0.83" CC="30"/>
						<SP ID="P14_SP01141" HPOS="2626" VPOS="2539" WIDTH="39"/>
						<String ID="word001179" HPOS="2665" VPOS="2493" WIDTH="71" HEIGHT="41" CONTENT="the" WC="0.96" CC="010"/>
						<SP ID="P14_SP01142" HPOS="2735" VPOS="2539" WIDTH="33"/>
						<String ID="word001180" HPOS="2769" VPOS="2496" WIDTH="109" HEIGHT="54" CONTENT="garb" WC="0.67" CC="2325"/>
						<SP ID="P14_SP01143" HPOS="2877" VPOS="2550" WIDTH="34"/>
						<String ID="word001181" HPOS="2911" VPOS="2491" WIDTH="53" HEIGHT="45" CONTENT="of" WC="0.61" CC="07"/>
						<SP ID="P14_SP01144" HPOS="2965" VPOS="2550" WIDTH="0"/>
					</TextLine>
					<TextLine ID="P14_TL00124" HPOS="1615" VPOS="2535" WIDTH="1345" HEIGHT="65">
						<String ID="word001182" HPOS="1615" VPOS="2535" WIDTH="203" HEIGHT="45" CONTENT="deceived'" WC="0.89" CC="001010025"/>
						<SP ID="P14_SP01145" HPOS="1818" VPOS="2580" WIDTH="18"/>
						<String ID="word001183" HPOS="1835" VPOS="2539" WIDTH="236" HEIGHT="48" CONTENT="innocence," WC="0.98" CC="0100000001"/>
						<SP ID="P14_SP01146" HPOS="2072" VPOS="2588" WIDTH="38"/>
						<String ID="word001184" HPOS="2109" VPOS="2541" WIDTH="142" HEIGHT="44" CONTENT="united" WC="0.85" CC="602000"/>
						<SP ID="P14_SP01147" HPOS="2251" VPOS="2588" WIDTH="41"/>
						<String ID="word001185" HPOS="2293" VPOS="2542" WIDTH="169" HEIGHT="56" CONTENT="beauty," WC="0.97" CC="0010010"/>
						<SP ID="P14_SP01148" HPOS="2461" VPOS="2597" WIDTH="52"/>
						<String ID="word001186" HPOS="2513" VPOS="2544" WIDTH="185" HEIGHT="56" CONTENT="modesty" WC="1.00" CC="0000000"/>
						<SP ID="P14_SP01149" HPOS="2699" VPOS="2600" WIDTH="37"/>
						<String ID="word001187" HPOS="2735" VPOS="2549" WIDTH="80" HEIGHT="40" CONTENT="and" WC="0.96" CC="010"/>
						<SP ID="P14_SP01150" HPOS="2816" VPOS="2600" WIDTH="46"/>
						<String ID="word001188" HPOS="2862" VPOS="2548" WIDTH="98" HEIGHT="48" CONTENT="sim." WC="0.72" CC="4105"/>
						<SP ID="P14_SP01151" HPOS="2960" VPOS="2600" WIDTH="0"/>
					</TextLine>
					<TextLine ID="P14_TL00125" HPOS="1611" VPOS="2587" WIDTH="1387" HEIGHT="63">
						<String ID="word001189" HPOS="1611" VPOS="2587" WIDTH="159" HEIGHT="57" CONTENT="plicity," WC="0.92" CC="03101010"/>
						<SP ID="P14_SP01152" HPOS="1770" VPOS="2643" WIDTH="45"/>
						<String ID="word001190" HPOS="1815" VPOS="2593" WIDTH="96" HEIGHT="39" CONTENT="with" WC="0.97" CC="1000"/>
						<SP ID="P14_SP01153" HPOS="1911" VPOS="2643" WIDTH="32"/>
						<String ID="word001191" HPOS="1943" VPOS="2606" WIDTH="51" HEIGHT="27" CONTENT="an" WC="1.00" CC="00"/>
						<SP ID="P14_SP01154" HPOS="1994" VPOS="2643" WIDTH="47"/>
						<String ID="word001192" HPOS="2041" VPOS="2603" WIDTH="154" HEIGHT="46" CONTENT="energy" WC="0.93" CC="101020"/>
						<SP ID="P14_SP01155" HPOS="2194" VPOS="2649" WIDTH="50"/>
						<String ID="word001193" HPOS="2244" VPOS="2595" WIDTH="80" HEIGHT="41" CONTENT="and" WC="0.96" CC="001"/>
						<SP ID="P14_SP01156" HPOS="2324" VPOS="2649" WIDTH="34"/>
						<String ID="word001194" HPOS="2359" VPOS="2598" WIDTH="182" HEIGHT="48" CONTENT="justness" WC="0.97" CC="10000001"/>
						<SP ID="P14_SP01157" HPOS="2541" VPOS="2649" WIDTH="30"/>
						<String ID="word001195" HPOS="2570" VPOS="2596" WIDTH="51" HEIGHT="43" CONTENT="of" WC="1.00" CC="00"/>
						<SP ID="P14_SP01158" HPOS="2621" VPOS="2649" WIDTH="38"/>
						<String ID="word001196" HPOS="2659" VPOS="2598" WIDTH="137" HEIGHT="41" CONTENT="action" WC="0.94" CC="030000"/>
						<SP ID="P14_SP01159" HPOS="2796" VPOS="2649" WIDTH="32"/>
						<String ID="word001197" HPOS="2828" VPOS="2601" WIDTH="132" HEIGHT="44" CONTENT="which" WC="0.98" CC="01000"/>
						<SP ID="P14_SP01160" HPOS="2960" VPOS="2649" WIDTH="31"/>
						<String ID="word001198" HPOS="2991" VPOS="2639" WIDTH="7" HEIGHT="7" CONTENT="." WC="0.44" CC="5"/>
						<SP ID="P14_SP01161" HPOS="2998" VPOS="2649" WIDTH="0"/>
					</TextLine>
					<TextLine ID="P14_TL00126" HPOS="1615" VPOS="2642" WIDTH="1345" HEIGHT="61">
						<String ID="word001199" HPOS="1615" VPOS="2642" WIDTH="119" HEIGHT="43" CONTENT="made" WC="1.00" CC="0000"/>
						<SP ID="P14_SP01162" HPOS="1734" VPOS="2685" WIDTH="32"/>
						<String ID="word001200" HPOS="1766" VPOS="2644" WIDTH="72" HEIGHT="45" CONTENT="her" WC="0.89" CC="300"/>
						<SP ID="P14_SP01163" HPOS="1838" VPOS="2689" WIDTH="44"/>
						<String ID="word001201" HPOS="1881" VPOS="2646" WIDTH="285" HEIGHT="57" CONTENT="performance" WC="0.94" CC="10001200110"/>
						<SP ID="P14_SP01164" HPOS="2166" VPOS="2702" WIDTH="45"/>
						<String ID="word001202" HPOS="2211" VPOS="2646" WIDTH="115" HEIGHT="56" CONTENT="truly" WC="0.95" CC="00011"/>
						<SP ID="P14_SP01165" HPOS="2326" VPOS="2702" WIDTH="26"/>
						<String ID="word001203" HPOS="2352" VPOS="2648" WIDTH="237" HEIGHT="53" CONTENT="delightful." WC="0.97" CC="00000000030"/>
						<SP ID="P14_SP01166" HPOS="2589" VPOS="2702" WIDTH="74"/>
						<String ID="word001204" HPOS="2663" VPOS="2653" WIDTH="177" HEIGHT="45" CONTENT="Dowton" WC="0.93" CC="000031"/>
						<SP ID="P14_SP01167" HPOS="2841" VPOS="2702" WIDTH="37"/>
						<String ID="word001205" HPOS="2877" VPOS="2652" WIDTH="83" HEIGHT="45" CONTENT="and" WC="0.33" CC="666" STYLEREFS="TXT_4"/>
						<SP ID="P14_SP01168" HPOS="2960" VPOS="2702" WIDTH="0"/>
					</TextLine>
					<TextLine ID="P14_TL00127" HPOS="1615" VPOS="2695" WIDTH="1350" HEIGHT="55">
						<String ID="word001206" HPOS="1615" VPOS="2695" WIDTH="97" HEIGHT="40" CONTENT="Mrs." WC="0.97" CC="1000" STYLEREFS="TXT_3"/>
						<SP ID="P14_SP01169" HPOS="1711" VPOS="2735" WIDTH="40"/>
						<String ID="word001207" HPOS="1752" VPOS="2696" WIDTH="210" HEIGHT="47" CONTENT="Harlowe," WC="0.61" CC="53353333"/>
						<SP ID="P14_SP01170" HPOS="1962" VPOS="2744" WIDTH="54"/>
						<String ID="word001208" HPOS="2016" VPOS="2712" WIDTH="43" HEIGHT="28" CONTENT="as" WC="1.00" CC="00"/>
						<SP ID="P14_SP01171" HPOS="2059" VPOS="2744" WIDTH="46"/>
						<String ID="word001209" HPOS="2105" VPOS="2709" WIDTH="96" HEIGHT="32" CONTENT="man" WC="0.96" CC="001"/>
						<SP ID="P14_SP01172" HPOS="2200" VPOS="2744" WIDTH="46"/>
						<String ID="word001210" HPOS="2246" VPOS="2699" WIDTH="80" HEIGHT="43" CONTENT="and" WC="0.89" CC="120"/>
						<SP ID="P14_SP01173" HPOS="2327" VPOS="2744" WIDTH="53"/>
						<String ID="word001211" HPOS="2380" VPOS="2699" WIDTH="110" HEIGHT="51" CONTENT="wife," WC="0.93" CC="30000"/>
						<SP ID="P14_SP01174" HPOS="2490" VPOS="2750" WIDTH="39"/>
						<String ID="word001212" HPOS="2529" VPOS="2714" WIDTH="107" HEIGHT="28" CONTENT="were" WC="0.94" CC="1001"/>
						<SP ID="P14_SP01175" HPOS="2636" VPOS="2750" WIDTH="54"/>
						<String ID="word001213" HPOS="2691" VPOS="2704" WIDTH="274" HEIGHT="45" CONTENT="excellent.—" WC="0.66" CC="46111702237"/>
					</TextLine>
					<TextLine ID="P14_TL00128" HPOS="1615" VPOS="2748" WIDTH="1355" HEIGHT="60">
						<String ID="word001214" HPOS="1615" VPOS="2748" WIDTH="84" HEIGHT="40" CONTENT="Yet" WC="0.93" CC="200"/>
						<SP ID="P14_SP01176" HPOS="1698" VPOS="2789" WIDTH="20"/>
						<String ID="word001215" HPOS="1719" VPOS="2760" WIDTH="60" HEIGHT="30" CONTENT="we" WC="1.00" CC="00"/>
						<SP ID="P14_SP01177" HPOS="1779" VPOS="2790" WIDTH="40"/>
						<String ID="word001216" HPOS="1819" VPOS="2750" WIDTH="181" HEIGHT="56" CONTENT="thought" WC="0.98" CC="0100000"/>
						<SP ID="P14_SP01178" HPOS="2000" VPOS="2805" WIDTH="31"/>
						<String ID="word001217" HPOS="2030" VPOS="2765" WIDTH="103" HEIGHT="30" CONTENT="once" WC="0.89" CC="0031"/>
						<SP ID="P14_SP01179" HPOS="2133" VPOS="2805" WIDTH="35"/>
						<String ID="word001218" HPOS="2169" VPOS="2764" WIDTH="48" HEIGHT="31" CONTENT="or" WC="1.00" CC="00"/>
						<SP ID="P14_SP01180" HPOS="2217" VPOS="2805" WIDTH="35"/>
						<String ID="word001219" HPOS="2252" VPOS="2753" WIDTH="119" HEIGHT="41" CONTENT="twice" WC="0.84" CC="00331"/>
						<SP ID="P14_SP01181" HPOS="2372" VPOS="2805" WIDTH="35"/>
						<String ID="word001220" HPOS="2407" VPOS="2764" WIDTH="61" HEIGHT="33" CONTENT="we" WC="1.00" CC="00"/>
						<SP ID="P14_SP01182" HPOS="2469" VPOS="2805" WIDTH="34"/>
						<String ID="word001221" HPOS="2503" VPOS="2757" WIDTH="216" HEIGHT="51" CONTENT="perceived" WC="0.97" CC="000110000"/>
						<SP ID="P14_SP01183" HPOS="2719" VPOS="2807" WIDTH="28"/>
						<String ID="word001222" HPOS="2747" VPOS="2761" WIDTH="222" HEIGHT="40" CONTENT="Dowtoei" WC="0.51" CC="5333458"/>
						<SP ID="P14_SP01184" HPOS="2969" VPOS="2807" WIDTH="0"/>
					</TextLine>
					<TextLine ID="P14_TL00129" HPOS="1612" VPOS="2797" WIDTH="1347" HEIGHT="68">
						<String ID="word001223" HPOS="1612" VPOS="2797" WIDTH="180" HEIGHT="46" CONTENT="&amp;attires" WC="0.78" CC="31145011"/>
						<SP ID="P14_SP01185" HPOS="1792" VPOS="2843" WIDTH="18"/>
						<String ID="word001224" HPOS="1809" VPOS="2807" WIDTH="191" HEIGHT="52" CONTENT="courting" WC="0.97" CC="00001100"/>
						<SP ID="P14_SP01186" HPOS="2001" VPOS="2859" WIDTH="17"/>
						<String ID="word001225" HPOS="2017" VPOS="2805" WIDTH="72" HEIGHT="41" CONTENT="the" WC="1.00" CC="000"/>
						<SP ID="P14_SP01187" HPOS="2089" VPOS="2859" WIDTH="34"/>
						<String ID="word001226" HPOS="2124" VPOS="2803" WIDTH="276" HEIGHT="60" CONTENT="approbation" WC="0.94" CC="10102000002"/>
						<SP ID="P14_SP01188" HPOS="2400" VPOS="2863" WIDTH="19"/>
						<String ID="word001227" HPOS="2419" VPOS="2807" WIDTH="52" HEIGHT="40" CONTENT="of" WC="1.00" CC="00"/>
						<SP ID="P14_SP01189" HPOS="2471" VPOS="2863" WIDTH="25"/>
						<String ID="word001228" HPOS="2496" VPOS="2806" WIDTH="72" HEIGHT="43" CONTENT="the" WC="1.00" CC="000"/>
						<SP ID="P14_SP01190" HPOS="2568" VPOS="2863" WIDTH="31"/>
						<String ID="word001229" HPOS="2598" VPOS="2809" WIDTH="202" HEIGHT="56" CONTENT="galleries." WC="0.88" CC="0413100110"/>
						<SP ID="P14_SP01191" HPOS="2800" VPOS="2864" WIDTH="58"/>
						<String ID="word001230" HPOS="2858" VPOS="2813" WIDTH="100" HEIGHT="40" CONTENT="This" WC="0.92" CC="0021"/>
						<SP ID="P14_SP01192" HPOS="2959" VPOS="2864" WIDTH="0"/>
					</TextLine>
					<TextLine ID="P14_TL00130" HPOS="1613" VPOS="2851" WIDTH="1346" HEIGHT="73">
						<String ID="word001231" HPOS="1613" VPOS="2851" WIDTH="211" HEIGHT="56" CONTENT="happened" WC="0.94" CC="01001200"/>
						<SP ID="P14_SP01193" HPOS="1825" VPOS="2907" WIDTH="20"/>
						<String ID="word001232" HPOS="1845" VPOS="2856" WIDTH="37" HEIGHT="41" CONTENT="in" WC="0.94" CC="10"/>
						<SP ID="P14_SP01194" HPOS="1881" VPOS="2907" WIDTH="20"/>
						<String ID="word001233" HPOS="1902" VPOS="2857" WIDTH="72" HEIGHT="43" CONTENT="the" WC="1.00" CC="000"/>
						<SP ID="P14_SP01195" HPOS="1974" VPOS="2907" WIDTH="19"/>
						<String ID="word001234" HPOS="1993" VPOS="2871" WIDTH="116" HEIGHT="28" CONTENT="scene" WC="0.98" CC="10000"/>
						<SP ID="P14_SP01196" HPOS="2108" VPOS="2907" WIDTH="19"/>
						<String ID="word001235" HPOS="2127" VPOS="2858" WIDTH="39" HEIGHT="41" CONTENT="in" WC="0.44" CC="55"/>
						<SP ID="P14_SP01197" HPOS="2166" VPOS="2907" WIDTH="21"/>
						<String ID="word001236" HPOS="2187" VPOS="2856" WIDTH="131" HEIGHT="44" CONTENT="which" WC="0.95" CC="10100"/>
						<SP ID="P14_SP01198" HPOS="2319" VPOS="2907" WIDTH="32"/>
						<String ID="word001237" HPOS="2350" VPOS="2861" WIDTH="52" HEIGHT="39" CONTENT="he" WC="1.00" CC="00"/>
						<SP ID="P14_SP01199" HPOS="2402" VPOS="2907" WIDTH="19"/>
						<String ID="word001238" HPOS="2421" VPOS="2865" WIDTH="196" HEIGHT="59" CONTENT="attempts" WC="0.99" CC="00010000"/>
						<SP ID="P14_SP01200" HPOS="2617" VPOS="2924" WIDTH="33"/>
						<String ID="word001239" HPOS="2650" VPOS="2869" WIDTH="43" HEIGHT="35" CONTENT="to" WC="1.00" CC="00"/>
						<SP ID="P14_SP01201" HPOS="2693" VPOS="2924" WIDTH="31"/>
						<String ID="word001240" HPOS="2724" VPOS="2871" WIDTH="154" HEIGHT="35" CONTENT="master" WC="0.85" CC="301310"/>
						<SP ID="P14_SP01202" HPOS="2877" VPOS="2924" WIDTH="21"/>
						<String ID="word001241" HPOS="2898" VPOS="2867" WIDTH="60" HEIGHT="41" CONTENT="his" WC="0.63" CC="145"/>
						<SP ID="P14_SP01203" HPOS="2959" VPOS="2924" WIDTH="0"/>
					</TextLine>
					<TextLine ID="P14_TL00131" HPOS="1611" VPOS="2904" WIDTH="1345" HEIGHT="61">
						<String ID="word001242" HPOS="1611" VPOS="2904" WIDTH="107" HEIGHT="47" CONTENT="wife," WC="0.98" CC="10000"/>
						<SP ID="P14_SP01204" HPOS="1719" VPOS="2952" WIDTH="32"/>
						<String ID="word001243" HPOS="1750" VPOS="2908" WIDTH="76" HEIGHT="41" CONTENT="and" WC="0.93" CC="200"/>
						<SP ID="P14_SP01205" HPOS="1826" VPOS="2952" WIDTH="21"/>
						<String ID="word001244" HPOS="1847" VPOS="2922" WIDTH="41" HEIGHT="30" CONTENT="as" WC="0.89" CC="11"/>
						<SP ID="P14_SP01206" HPOS="1889" VPOS="2952" WIDTH="32"/>
						<String ID="word001245" HPOS="1920" VPOS="2911" WIDTH="33" HEIGHT="40" CONTENT="it" WC="1.00" CC="00"/>
						<SP ID="P14_SP01207" HPOS="1954" VPOS="2952" WIDTH="28"/>
						<String ID="word001246" HPOS="1982" VPOS="2909" WIDTH="32" HEIGHT="43" CONTENT="is" WC="0.89" CC="11"/>
						<SP ID="P14_SP01208" HPOS="2014" VPOS="2952" WIDTH="37"/>
						<String ID="word001247" HPOS="2050" VPOS="2911" WIDTH="72" HEIGHT="40" CONTENT="the" WC="1.00" CC="000"/>
						<SP ID="P14_SP01209" HPOS="2122" VPOS="2952" WIDTH="24"/>
						<String ID="word001248" HPOS="2146" VPOS="2909" WIDTH="98" HEIGHT="56" CONTENT="fr.rst" WC="0.56" CC="477222" STYLEREFS="TXT_3"/>
						<SP ID="P14_SP01210" HPOS="2244" VPOS="2965" WIDTH="28"/>
						<String ID="word001249" HPOS="2272" VPOS="2919" WIDTH="203" HEIGHT="46" CONTENT="symptom" WC="0.98" CC="0010000"/>
						<SP ID="P14_SP01211" HPOS="2476" VPOS="2965" WIDTH="38"/>
						<String ID="word001250" HPOS="2513" VPOS="2919" WIDTH="45" HEIGHT="37" CONTENT="of" WC="0.72" CC="05"/>
						<SP ID="P14_SP01212" HPOS="2558" VPOS="2965" WIDTH="34"/>
						<String ID="word001251" HPOS="2593" VPOS="2920" WIDTH="363" HEIGHT="41" CONTENT="earicatutimanid" WC="0.48" CC="783353338663336" STYLEREFS="TXT_3"/>
						<SP ID="P14_SP01213" HPOS="2955" VPOS="2965" WIDTH="0"/>
					</TextLine>
					<TextLine ID="P14_TL00132" HPOS="1611" VPOS="2956" WIDTH="1347" HEIGHT="59">
						<String ID="word001252" HPOS="1611" VPOS="2956" WIDTH="131" HEIGHT="43" CONTENT="which" WC="1.00" CC="00000"/>
						<SP ID="P14_SP01214" HPOS="1742" VPOS="2999" WIDTH="18"/>
						<String ID="word001253" HPOS="1760" VPOS="2970" WIDTH="58" HEIGHT="32" CONTENT="we" WC="1.00" CC="00"/>
						<SP ID="P14_SP01215" HPOS="1818" VPOS="3002" WIDTH="19"/>
						<String ID="word001254" HPOS="1837" VPOS="2962" WIDTH="105" HEIGHT="41" CONTENT="have" WC="0.97" CC="0001"/>
						<SP ID="P14_SP01216" HPOS="1942" VPOS="3004" WIDTH="14"/>
						<String ID="word001255" HPOS="1956" VPOS="2976" WIDTH="98" HEIGHT="28" CONTENT="ever" WC="0.92" CC="0300"/>
						<SP ID="P14_SP01217" HPOS="2054" VPOS="3005" WIDTH="27"/>
						<String ID="word001256" HPOS="2081" VPOS="2965" WIDTH="200" HEIGHT="41" CONTENT="observed" WC="0.99" CC="00010000"/>
						<SP ID="P14_SP01218" HPOS="2281" VPOS="3006" WIDTH="20"/>
						<String ID="word001257" HPOS="2301" VPOS="2966" WIDTH="39" HEIGHT="40" CONTENT="in" WC="1.00" CC="00"/>
						<SP ID="P14_SP01219" HPOS="2340" VPOS="3006" WIDTH="17"/>
						<String ID="word001258" HPOS="2356" VPOS="2965" WIDTH="103" HEIGHT="50" CONTENT="him," WC="1.00" CC="0000"/>
						<SP ID="P14_SP01220" HPOS="2459" VPOS="3014" WIDTH="28"/>
						<String ID="word001259" HPOS="2487" VPOS="2978" WIDTH="60" HEIGHT="31" CONTENT="we" WC="0.83" CC="30"/>
						<SP ID="P14_SP01221" HPOS="2548" VPOS="3014" WIDTH="20"/>
						<String ID="word001260" HPOS="2568" VPOS="2968" WIDTH="137" HEIGHT="41" CONTENT="hasten" WC="0.76" CC="123142"/>
						<SP ID="P14_SP01222" HPOS="2705" VPOS="3014" WIDTH="32"/>
						<String ID="word001261" HPOS="2737" VPOS="2973" WIDTH="45" HEIGHT="39" CONTENT="to" WC="1.00" CC="00"/>
						<SP ID="P14_SP01223" HPOS="2781" VPOS="3014" WIDTH="20"/>
						<String ID="word001262" HPOS="2802" VPOS="2969" WIDTH="156" HEIGHT="45" CONTENT="inform" WC="0.70" CC="134503"/>
						<SP ID="P14_SP01224" HPOS="2957" VPOS="3014" WIDTH="0"/>
					</TextLine>
					<TextLine ID="P14_TL00133" HPOS="1612" VPOS="3007" WIDTH="1345" HEIGHT="71">
						<String ID="word001263" HPOS="1612" VPOS="3007" WIDTH="81" HEIGHT="43" CONTENT="him" WC="0.96" CC="010"/>
						<SP ID="P14_SP01225" HPOS="1694" VPOS="3050" WIDTH="20"/>
						<String ID="word001264" HPOS="1714" VPOS="3011" WIDTH="52" HEIGHT="41" CONTENT="of" WC="1.00" CC="00"/>
						<SP ID="P14_SP01226" HPOS="1766" VPOS="3052" WIDTH="21"/>
						<String ID="word001265" HPOS="1787" VPOS="3013" WIDTH="59" HEIGHT="43" CONTENT="his" WC="1.00" CC="000"/>
						<SP ID="P14_SP01227" HPOS="1846" VPOS="3056" WIDTH="17"/>
						<String ID="word001266" HPOS="1863" VPOS="3013" WIDTH="171" HEIGHT="58" CONTENT="danger," WC="0.98" CC="0001000"/>
						<SP ID="P14_SP01228" HPOS="2034" VPOS="3071" WIDTH="28"/>
						<String ID="word001267" HPOS="2062" VPOS="3017" WIDTH="41" HEIGHT="40" CONTENT="in" WC="1.00" CC="00"/>
						<SP ID="P14_SP01229" HPOS="2104" VPOS="3071" WIDTH="37"/>
						<String ID="word001268" HPOS="2140" VPOS="3019" WIDTH="124" HEIGHT="39" CONTENT="order" WC="1.00" CC="00000"/>
						<SP ID="P14_SP01230" HPOS="2264" VPOS="3071" WIDTH="26"/>
						<String ID="word001269" HPOS="2290" VPOS="3019" WIDTH="91" HEIGHT="41" CONTENT="that" WC="1.00" CC="0000"/>
						<SP ID="P14_SP01231" HPOS="2381" VPOS="3071" WIDTH="28"/>
						<String ID="word001270" HPOS="2409" VPOS="3020" WIDTH="54" HEIGHT="41" CONTENT="he" WC="1.00" CC="00"/>
						<SP ID="P14_SP01232" HPOS="2464" VPOS="3071" WIDTH="32"/>
						<String ID="word001271" HPOS="2496" VPOS="3034" WIDTH="97" HEIGHT="41" CONTENT="may" WC="1.00" CC="000"/>
						<SP ID="P14_SP01233" HPOS="2593" VPOS="3076" WIDTH="37"/>
						<String ID="word001272" HPOS="2629" VPOS="3024" WIDTH="126" HEIGHT="52" CONTENT="guard" WC="0.98" CC="00100"/>
						<SP ID="P14_SP01234" HPOS="2756" VPOS="3076" WIDTH="34"/>
						<String ID="word001273" HPOS="2790" VPOS="3027" WIDTH="167" HEIGHT="51" CONTENT="pgainst" WC="0.65" CC="4333333"/>
						<SP ID="P14_SP01235" HPOS="2956" VPOS="3078" WIDTH="0"/>
					</TextLine>
					<TextLine ID="P14_TL00134" HPOS="1610" VPOS="3063" WIDTH="1346" HEIGHT="73">
						<String ID="word001274" HPOS="1610" VPOS="3063" WIDTH="50" HEIGHT="40" CONTENT="its" WC="1.00" CC="000"/>
						<SP ID="P14_SP01236" HPOS="1659" VPOS="3103" WIDTH="19"/>
						<String ID="word001275" HPOS="1678" VPOS="3065" WIDTH="157" HEIGHT="43" CONTENT="farther" WC="0.98" CC="0000001"/>
						<SP ID="P14_SP01237" HPOS="1835" VPOS="3107" WIDTH="31"/>
						<String ID="word001276" HPOS="1866" VPOS="3069" WIDTH="197" HEIGHT="45" CONTENT="advance." WC="0.92" CC="10001310"/>
						<SP ID="P14_SP01238" HPOS="2063" VPOS="3113" WIDTH="58"/>
						<String ID="word001277" HPOS="2121" VPOS="3071" WIDTH="171" HEIGHT="40" CONTENT="Elliston" WC="0.58" CC="54354333"/>
						<SP ID="P14_SP01239" HPOS="2293" VPOS="3113" WIDTH="33"/>
						<String ID="word001278" HPOS="2326" VPOS="3083" WIDTH="102" HEIGHT="43" CONTENT="gave" WC="0.86" CC="2111"/>
						<SP ID="P14_SP01240" HPOS="2427" VPOS="3125" WIDTH="20"/>
						<String ID="word001279" HPOS="2447" VPOS="3073" WIDTH="26" HEIGHT="41" CONTENT="d" WC="1.00" CC="0"/>
						<String ID="word001280" HPOS="2473" VPOS="3073" WIDTH="27" HEIGHT="41" CONTENT="u" STYLE="subscript" WC="1.00" CC="0"/>
						<String ID="word001281" HPOS="2500" VPOS="3073" WIDTH="27" HEIGHT="41" CONTENT="e" WC="1.00" CC="0"/>
						<SP ID="P14_SP01241" HPOS="2528" VPOS="3125" WIDTH="32"/>
						<String ID="word001282" HPOS="2559" VPOS="3074" WIDTH="19" HEIGHT="61" CONTENT="s" STYLE="subscript" WC="0.96" CC="0"/>
						<String ID="word001283" HPOS="2578" VPOS="3074" WIDTH="39" HEIGHT="61" CONTENT="pi" WC="0.96" CC="00"/>
						<String ID="word001284" HPOS="2617" VPOS="3074" WIDTH="20" HEIGHT="61" CONTENT="r" STYLE="subscript" WC="0.96" CC="0"/>
						<String ID="word001285" HPOS="2637" VPOS="3074" WIDTH="40" HEIGHT="61" CONTENT="it" WC="0.96" CC="20"/>
						<SP ID="P14_SP01242" HPOS="2678" VPOS="3136" WIDTH="25"/>
						<String ID="word001286" HPOS="2702" VPOS="3078" WIDTH="21" HEIGHT="39" CONTENT="t" WC="1.00" CC="0"/>
						<String ID="word001287" HPOS="2724" VPOS="3078" WIDTH="22" HEIGHT="39" CONTENT="o" STYLE="subscript" WC="1.00" CC="0"/>
						<SP ID="P14_SP01243" HPOS="2746" VPOS="3136" WIDTH="21"/>
						<String ID="word001288" HPOS="2767" VPOS="3078" WIDTH="73" HEIGHT="40" CONTENT="the" WC="1.00" CC="000"/>
						<SP ID="P14_SP01244" HPOS="2841" VPOS="3136" WIDTH="18"/>
						<String ID="word001289" HPOS="2858" VPOS="3080" WIDTH="73" HEIGHT="40" CONTENT="cha" WC="0.50" CC="353"/>
						<String ID="word001290" HPOS="2931" VPOS="3080" WIDTH="25" HEIGHT="40" CONTENT="," STYLE="superscript" WC="0.50" CC="7"/>
						<SP ID="P14_SP01245" HPOS="2956" VPOS="3136" WIDTH="0"/>
					</TextLine>
					<TextLine ID="P14_TL00135" HPOS="1609" VPOS="3119" WIDTH="1346" HEIGHT="61">
						<String ID="word001291" HPOS="1609" VPOS="3123" WIDTH="136" HEIGHT="37" CONTENT="racter" WC="0.96" CC="010100"/>
						<SP ID="P14_SP01246" HPOS="1744" VPOS="3159" WIDTH="13"/>
						<String ID="word001292" HPOS="1757" VPOS="3119" WIDTH="51" HEIGHT="41" CONTENT="of" WC="1.00" CC="00"/>
						<SP ID="P14_SP01247" HPOS="1808" VPOS="3161" WIDTH="7"/>
						<String ID="word001293" HPOS="1815" VPOS="3131" WIDTH="51" HEIGHT="30" CONTENT="an" WC="0.94" CC="01"/>
						<SP ID="P14_SP01248" HPOS="1866" VPOS="3161" WIDTH="20"/>
						<String ID="word001294" HPOS="1886" VPOS="3124" WIDTH="293" HEIGHT="52" CONTENT="open-hearted" WC="0.95" CC="001022000000"/>
						<SP ID="P14_SP01249" HPOS="2179" VPOS="3176" WIDTH="15"/>
						<String ID="word001295" HPOS="2194" VPOS="3124" WIDTH="77" HEIGHT="41" CONTENT="but" WC="1.00" CC="000"/>
						<SP ID="P14_SP01250" HPOS="2271" VPOS="3176" WIDTH="14"/>
						<String ID="word001296" HPOS="2285" VPOS="3120" WIDTH="229" HEIGHT="58" CONTENT="passionate" WC="0.97" CC="0000101001"/>
						<SP ID="P14_SP01251" HPOS="2515" VPOS="3178" WIDTH="19"/>
						<String ID="word001297" HPOS="2533" VPOS="3128" WIDTH="138" HEIGHT="40" CONTENT="sailor." WC="0.97" CC="0011000"/>
						<SP ID="P14_SP01252" HPOS="2672" VPOS="3178" WIDTH="38"/>
						<String ID="word001298" HPOS="2709" VPOS="3130" WIDTH="246" HEIGHT="50" CONTENT="Johnstone," WC="0.85" CC="0201301033"/>
						<SP ID="P14_SP01253" HPOS="2955" VPOS="3180" WIDTH="0"/>
					</TextLine>
					<TextLine ID="P14_TL00136" HPOS="1609" VPOS="3169" WIDTH="1348" HEIGHT="65">
						<String ID="word001299" HPOS="1609" VPOS="3169" WIDTH="40" HEIGHT="40" CONTENT="in" WC="0.94" CC="10"/>
						<SP ID="P14_SP01254" HPOS="1649" VPOS="3209" WIDTH="37"/>
						<String ID="word001300" HPOS="1685" VPOS="3171" WIDTH="206" HEIGHT="43" CONTENT="Corodius" WC="0.51" CC="53375354" STYLEREFS="TXT_3"/>
						<SP ID="P14_SP01255" HPOS="1891" VPOS="3214" WIDTH="32"/>
						<String ID="word001301" HPOS="1923" VPOS="3175" WIDTH="22" HEIGHT="51" CONTENT="O" WC="0.43" CC="3" STYLEREFS="TXT_3"/>
						<String ID="word001302" HPOS="1945" VPOS="3175" WIDTH="22" HEIGHT="51" CONTENT="a" STYLE="superscript" WC="0.43" CC="8" STYLEREFS="TXT_3"/>
						<String ID="word001303" HPOS="1968" VPOS="3175" WIDTH="211" HEIGHT="51" CONTENT="Dedintus," WC="0.43" CC="553378356" STYLEREFS="TXT_3"/>
						<SP ID="P14_SP01256" HPOS="2179" VPOS="3226" WIDTH="39"/>
						<String ID="word001304" HPOS="2218" VPOS="3188" WIDTH="118" HEIGHT="32" CONTENT="came" WC="0.89" CC="0031"/>
						<SP ID="P14_SP01257" HPOS="2336" VPOS="3226" WIDTH="34"/>
						<String ID="word001305" HPOS="2370" VPOS="3191" WIDTH="56" HEIGHT="43" CONTENT="up" WC="1.00" CC="00"/>
						<SP ID="P14_SP01258" HPOS="2426" VPOS="3234" WIDTH="31"/>
						<String ID="word001306" HPOS="2457" VPOS="3184" WIDTH="46" HEIGHT="37" CONTENT="to" WC="0.83" CC="30"/>
						<SP ID="P14_SP01259" HPOS="2503" VPOS="3234" WIDTH="33"/>
						<String ID="word001307" HPOS="2536" VPOS="3180" WIDTH="168" HEIGHT="44" CONTENT="himself" WC="0.95" CC="0030000"/>
						<SP ID="P14_SP01260" HPOS="2704" VPOS="3234" WIDTH="22"/>
						<String ID="word001308" HPOS="2726" VPOS="3183" WIDTH="38" HEIGHT="40" CONTENT="in" WC="1.00" CC="00"/>
						<SP ID="P14_SP01261" HPOS="2764" VPOS="3234" WIDTH="35"/>
						<String ID="word001309" HPOS="2799" VPOS="3187" WIDTH="157" HEIGHT="40" CONTENT="Dennis" WC="0.93" CC="010012" STYLEREFS="TXT_3"/>
						<SP ID="P14_SP01262" HPOS="2956" VPOS="3234" WIDTH="0"/>
					</TextLine>
					<TextLine ID="P14_TL00137" HPOS="1610" VPOS="3224" WIDTH="1339" HEIGHT="66">
						<String ID="word001310" HPOS="1610" VPOS="3224" WIDTH="318" HEIGHT="53" CONTENT="Brulgruderry." WC="0.58" CC="5333344343383" STYLEREFS="TXT_3"/>
						<SP ID="P14_SP01263" HPOS="1928" VPOS="3278" WIDTH="59"/>
						<String ID="word001311" HPOS="1987" VPOS="3226" WIDTH="219" HEIGHT="51" CONTENT="Mathews," WC="0.99" CC="00000010"/>
						<SP ID="P14_SP01264" HPOS="2205" VPOS="3278" WIDTH="28"/>
						<String ID="word001312" HPOS="2233" VPOS="3242" WIDTH="46" HEIGHT="28" CONTENT="as" WC="0.94" CC="10"/>
						<SP ID="P14_SP01265" HPOS="2280" VPOS="3278" WIDTH="26"/>
						<String ID="word001313" HPOS="2306" VPOS="3231" WIDTH="71" HEIGHT="40" CONTENT="the" WC="1.00" CC="000"/>
						<SP ID="P14_SP01266" HPOS="2376" VPOS="3278" WIDTH="35"/>
						<String ID="word001314" HPOS="2412" VPOS="3233" WIDTH="228" HEIGHT="57" CONTENT="pondering" WC="0.97" CC="000010001"/>
						<SP ID="P14_SP01267" HPOS="2640" VPOS="3289" WIDTH="19"/>
						<String ID="word001315" HPOS="2659" VPOS="3231" WIDTH="128" HEIGHT="50" CONTENT="clerk," WC="1.00" CC="000000"/>
						<SP ID="P14_SP01268" HPOS="2786" VPOS="3289" WIDTH="34"/>
						<String ID="word001316" HPOS="2820" VPOS="3233" WIDTH="129" HEIGHT="48" CONTENT="raised" WC="0.96" CC="010100"/>
						<SP ID="P14_SP01269" HPOS="2949" VPOS="3289" WIDTH="0"/>
					</TextLine>
					<TextLine ID="P14_TL00138" HPOS="1607" VPOS="3274" WIDTH="1346" HEIGHT="63">
						<String ID="word001317" HPOS="1607" VPOS="3274" WIDTH="61" HEIGHT="43" CONTENT="his" WC="0.96" CC="100"/>
						<SP ID="P14_SP01270" HPOS="1669" VPOS="3317" WIDTH="19"/>
						<String ID="word001318" HPOS="1688" VPOS="3283" WIDTH="92" HEIGHT="47" CONTENT="part" WC="0.97" CC="0010"/>
						<SP ID="P14_SP01271" HPOS="1780" VPOS="3331" WIDTH="20"/>
						<String ID="word001319" HPOS="1800" VPOS="3278" WIDTH="40" HEIGHT="44" CONTENT="in" WC="1.00" CC="00"/>
						<SP ID="P14_SP01272" HPOS="1840" VPOS="3331" WIDTH="14"/>
						<String ID="word001320" HPOS="1854" VPOS="3278" WIDTH="70" HEIGHT="45" CONTENT="the" WC="1.00" CC="000"/>
						<SP ID="P14_SP01273" HPOS="1924" VPOS="3331" WIDTH="20"/>
						<String ID="word001321" HPOS="1944" VPOS="3283" WIDTH="168" HEIGHT="53" CONTENT="comedy" WC="1.00" CC="000000"/>
						<SP ID="P14_SP01274" HPOS="2112" VPOS="3337" WIDTH="17"/>
						<String ID="word001322" HPOS="2128" VPOS="3285" WIDTH="44" HEIGHT="39" CONTENT="to" WC="1.00" CC="00"/>
						<SP ID="P14_SP01275" HPOS="2172" VPOS="3337" WIDTH="15"/>
						<String ID="word001323" HPOS="2187" VPOS="3292" WIDTH="25" HEIGHT="32" CONTENT="a" WC="1.00" CC="0"/>
						<SP ID="P14_SP01276" HPOS="2212" VPOS="3337" WIDTH="19"/>
						<String ID="word001324" HPOS="2231" VPOS="3283" WIDTH="144" HEIGHT="53" CONTENT="higher" WC="0.98" CC="010000"/>
						<SP ID="P14_SP01277" HPOS="2375" VPOS="3337" WIDTH="17"/>
						<String ID="word001325" HPOS="2392" VPOS="3287" WIDTH="152" HEIGHT="40" CONTENT="station" WC="0.92" CC="1000103"/>
						<SP ID="P14_SP01278" HPOS="2544" VPOS="3337" WIDTH="19"/>
						<String ID="word001326" HPOS="2563" VPOS="3287" WIDTH="98" HEIGHT="41" CONTENT="than" WC="0.97" CC="0010"/>
						<SP ID="P14_SP01279" HPOS="2661" VPOS="3337" WIDTH="17"/>
						<String ID="word001327" HPOS="2678" VPOS="3288" WIDTH="31" HEIGHT="40" CONTENT="it" WC="1.00" CC="00"/>
						<SP ID="P14_SP01280" HPOS="2708" VPOS="3337" WIDTH="11"/>
						<String ID="word001328" HPOS="2719" VPOS="3289" WIDTH="80" HEIGHT="43" CONTENT="else" WC="0.94" CC="1001"/>
						<SP ID="P14_SP01281" HPOS="2799" VPOS="3337" WIDTH="17"/>
						<String ID="word001329" HPOS="2816" VPOS="3291" WIDTH="137" HEIGHT="44" CONTENT="would" WC="0.98" CC="10000"/>
						<SP ID="P14_SP01282" HPOS="2953" VPOS="3337" WIDTH="0"/>
					</TextLine>
					<TextLine ID="P14_TL00139" HPOS="1605" VPOS="3327" WIDTH="1347" HEIGHT="66">
						<String ID="word001330" HPOS="1605" VPOS="3327" WIDTH="109" HEIGHT="44" CONTENT="have" WC="0.97" CC="0010"/>
						<SP ID="P14_SP01283" HPOS="1714" VPOS="3371" WIDTH="27"/>
						<String ID="word001331" HPOS="1741" VPOS="3332" WIDTH="219" HEIGHT="57" CONTENT="occupied;" WC="0.91" CC="150010000"/>
						<SP ID="P14_SP01284" HPOS="1959" VPOS="3389" WIDTH="43"/>
						<String ID="word001332" HPOS="2002" VPOS="3335" WIDTH="77" HEIGHT="40" CONTENT="and" WC="1.00" CC="000"/>
						<SP ID="P14_SP01285" HPOS="2079" VPOS="3389" WIDTH="31"/>
						<String ID="word001333" HPOS="2109" VPOS="3337" WIDTH="161" HEIGHT="41" CONTENT="Messrs." WC="0.84" CC="2113030"/>
						<SP ID="P14_SP01286" HPOS="2270" VPOS="3389" WIDTH="38"/>
						<String ID="word001334" HPOS="2308" VPOS="3334" WIDTH="279" HEIGHT="59" CONTENT="Wroughton," WC="0.95" CC="0101001001"/>
						<SP ID="P14_SP01287" HPOS="2587" VPOS="3393" WIDTH="44"/>
						<String ID="word001335" HPOS="2630" VPOS="3341" WIDTH="191" HEIGHT="50" CONTENT="Holland," WC="0.99" CC="00010000"/>
						<SP ID="P14_SP01288" HPOS="2822" VPOS="3393" WIDTH="48"/>
						<String ID="word001336" HPOS="2870" VPOS="3344" WIDTH="81" HEIGHT="44" CONTENT="and" WC="1.00" CC="000"/>
						<SP ID="P14_SP01289" HPOS="2952" VPOS="3393" WIDTH="0"/>
					</TextLine>
					<TextLine ID="P14_TL00140" HPOS="1607" VPOS="3381" WIDTH="1343" HEIGHT="69">
						<String ID="word001337" HPOS="1607" VPOS="3381" WIDTH="169" HEIGHT="50" CONTENT="Powell," WC="0.94" CC="0000211"/>
						<SP ID="P14_SP01290" HPOS="1776" VPOS="3431" WIDTH="30"/>
						<String ID="word001338" HPOS="1806" VPOS="3383" WIDTH="39" HEIGHT="43" CONTENT="in" WC="0.67" CC="42"/>
						<SP ID="P14_SP01291" HPOS="1845" VPOS="3431" WIDTH="18"/>
						<String ID="word001339" HPOS="1863" VPOS="3386" WIDTH="246" HEIGHT="51" CONTENT="Faulkener," WC="0.61" CC="3333335453" STYLEREFS="TXT_3"/>
						<SP ID="P14_SP01292" HPOS="2108" VPOS="3437" WIDTH="27"/>
						<String ID="word001340" HPOS="2135" VPOS="3390" WIDTH="117" HEIGHT="40" CONTENT="Lord" WC="0.78" CC="1412" STYLEREFS="TXT_3"/>
						<SP ID="P14_SP01293" HPOS="2252" VPOS="3437" WIDTH="5"/>
						<String ID="word001341" HPOS="2257" VPOS="3387" WIDTH="280" HEIGHT="53" CONTENT="Auithecourt," WC="0.42" CC="748757345355" STYLEREFS="TXT_3"/>
						<SP ID="P14_SP01294" HPOS="2537" VPOS="3441" WIDTH="30"/>
						<String ID="word001342" HPOS="2567" VPOS="3393" WIDTH="78" HEIGHT="41" CONTENT="and" WC="0.96" CC="010"/>
						<SP ID="P14_SP01295" HPOS="2644" VPOS="3441" WIDTH="13"/>
						<String ID="word001343" HPOS="2657" VPOS="3394" WIDTH="60" HEIGHT="40" CONTENT="his" WC="0.96" CC="001"/>
						<SP ID="P14_SP01296" HPOS="2718" VPOS="3441" WIDTH="12"/>
						<String ID="word001344" HPOS="2730" VPOS="3398" WIDTH="220" HEIGHT="52" CONTENT="guardian," WC="0.96" CC="100000011"/>
						<SP ID="P14_SP01297" HPOS="2949" VPOS="3450" WIDTH="0"/>
					</TextLine>
					<TextLine ID="P14_TL00141" HPOS="1605" VPOS="3435" WIDTH="626" HEIGHT="49">
						<String ID="word001345" HPOS="1605" VPOS="3435" WIDTH="180" HEIGHT="43" CONTENT="attained" WC="0.96" CC="00010110"/>
						<SP ID="P14_SP01298" HPOS="1785" VPOS="3477" WIDTH="18"/>
						<String ID="word001346" HPOS="1802" VPOS="3439" WIDTH="171" HEIGHT="41" CONTENT="unusual" WC="0.94" CC="3100000"/>
						<SP ID="P14_SP01299" HPOS="1974" VPOS="3481" WIDTH="13"/>
						<String ID="word001347" HPOS="1987" VPOS="3441" WIDTH="244" HEIGHT="43" CONTENT="excellence." WC="0.94" CC="00011301000"/>
						<SP ID="P14_SP01300" HPOS="2231" VPOS="3483" WIDTH="0"/>
					</TextLine>
				</TextBlock>
				<TextBlock ID="pa0014006" HPOS="1600" VPOS="3485" WIDTH="1352" HEIGHT="330" STYLEREFS="TXT_0 PAR_BLOCK">
					<TextLine ID="P14_TL00142" HPOS="1657" VPOS="3489" WIDTH="1293" HEIGHT="59">
						<String ID="word001348" HPOS="1657" VPOS="3489" WIDTH="91" HEIGHT="41" CONTENT="The" WC="0.96" CC="001"/>
						<SP ID="P14_SP01301" HPOS="1748" VPOS="3530" WIDTH="17"/>
						<String ID="word001349" HPOS="1765" VPOS="3489" WIDTH="191" HEIGHT="56" CONTENT="epilogue" WC="0.96" CC="00011010"/>
						<SP ID="P14_SP01302" HPOS="1956" VPOS="3544" WIDTH="19"/>
						<String ID="word001350" HPOS="1975" VPOS="3494" WIDTH="253" HEIGHT="43" CONTENT="entertained" WC="0.97" CC="10001001000"/>
						<SP ID="P14_SP01303" HPOS="2228" VPOS="3544" WIDTH="32"/>
						<String ID="word001351" HPOS="2259" VPOS="3506" WIDTH="46" HEIGHT="31" CONTENT="us" WC="0.44" CC="64"/>
						<SP ID="P14_SP01304" HPOS="2306" VPOS="3544" WIDTH="19"/>
						<String ID="word001352" HPOS="2324" VPOS="3495" WIDTH="94" HEIGHT="44" CONTENT="with" WC="0.78" CC="4301"/>
						<SP ID="P14_SP01305" HPOS="2419" VPOS="3544" WIDTH="22"/>
						<String ID="word001353" HPOS="2441" VPOS="3496" WIDTH="71" HEIGHT="43" CONTENT="the" WC="1.00" CC="000"/>
						<SP ID="P14_SP01306" HPOS="2512" VPOS="3544" WIDTH="15"/>
						<String ID="word001354" HPOS="2528" VPOS="3496" WIDTH="213" HEIGHT="52" CONTENT="keetmesq," WC="0.42" CC="333386687"/>
						<SP ID="P14_SP01307" HPOS="2740" VPOS="3548" WIDTH="31"/>
						<String ID="word001355" HPOS="2771" VPOS="3509" WIDTH="76" HEIGHT="35" CONTENT="not" WC="0.85" CC="130"/>
						<SP ID="P14_SP01308" HPOS="2846" VPOS="3548" WIDTH="31"/>
						<String ID="word001356" HPOS="2877" VPOS="3504" WIDTH="73" HEIGHT="41" CONTENT="the" WC="0.96" CC="100"/>
						<SP ID="P14_SP01309" HPOS="2950" VPOS="3548" WIDTH="0"/>
					</TextLine>
					<TextLine ID="P14_TL00143" HPOS="1604" VPOS="3539" WIDTH="1332" HEIGHT="72">
						<String ID="word001357" HPOS="1604" VPOS="3539" WIDTH="141" HEIGHT="58" CONTENT="length" WC="0.98" CC="100000"/>
						<SP ID="P14_SP01310" HPOS="1744" VPOS="3596" WIDTH="33"/>
						<String ID="word001358" HPOS="1778" VPOS="3543" WIDTH="52" HEIGHT="40" CONTENT="of" WC="1.00" CC="00"/>
						<SP ID="P14_SP01311" HPOS="1830" VPOS="3596" WIDTH="33"/>
						<String ID="word001359" HPOS="1863" VPOS="3557" WIDTH="52" HEIGHT="27" CONTENT="an" WC="1.00" CC="00"/>
						<SP ID="P14_SP01312" HPOS="1915" VPOS="3596" WIDTH="52"/>
						<String ID="word001360" HPOS="1967" VPOS="3547" WIDTH="183" HEIGHT="41" CONTENT="author's" WC="0.99" CC="10000000"/>
						<SP ID="P14_SP01313" HPOS="2150" VPOS="3596" WIDTH="28"/>
						<String ID="word001361" HPOS="2178" VPOS="3559" WIDTH="86" HEIGHT="32" CONTENT="ear." WC="1.00" CC="0000"/>
						<SP ID="P14_SP01314" HPOS="2264" VPOS="3596" WIDTH="58"/>
						<String ID="word001362" HPOS="2322" VPOS="3552" WIDTH="37" HEIGHT="40" CONTENT="It" WC="0.78" CC="31"/>
						<SP ID="P14_SP01315" HPOS="2359" VPOS="3596" WIDTH="33"/>
						<String ID="word001363" HPOS="2392" VPOS="3553" WIDTH="219" HEIGHT="41" CONTENT="contained" WC="1.00" CC="000000000"/>
						<SP ID="P14_SP01316" HPOS="2610" VPOS="3596" WIDTH="47"/>
						<String ID="word001364" HPOS="2657" VPOS="3556" WIDTH="176" HEIGHT="54" CONTENT="nothing" WC="0.95" CC="0000102"/>
						<SP ID="P14_SP01317" HPOS="2833" VPOS="3611" WIDTH="40"/>
						<String ID="word001365" HPOS="2874" VPOS="3570" WIDTH="43" HEIGHT="28" CONTENT="re" SUBS_TYPE="HypPart1" SUBS_CONTENT="remarkable," WC="0.81" CC="12"/>
						<HYP HPOS="2916" VPOS="3570" WIDTH="20" CONTENT="-"/>
					</TextLine>
					<TextLine ID="P14_TL00144" HPOS="1606" VPOS="3594" WIDTH="1346" HEIGHT="61">
						<String ID="word001366" HPOS="1606" VPOS="3594" WIDTH="229" HEIGHT="48" CONTENT="markable," SUBS_TYPE="HypPart2" SUBS_CONTENT="remarkable," WC="0.80" CC="010016611"/>
						<SP ID="P14_SP01318" HPOS="1835" VPOS="3643" WIDTH="27"/>
						<String ID="word001367" HPOS="1863" VPOS="3598" WIDTH="78" HEIGHT="41" CONTENT="and" WC="0.93" CC="110"/>
						<SP ID="P14_SP01319" HPOS="1941" VPOS="3643" WIDTH="22"/>
						<String ID="word001368" HPOS="1963" VPOS="3599" WIDTH="69" HEIGHT="41" CONTENT="the" WC="1.00" CC="000"/>
						<SP ID="P14_SP01320" HPOS="2031" VPOS="3643" WIDTH="30"/>
						<String ID="word001369" HPOS="2061" VPOS="3598" WIDTH="178" HEIGHT="57" CONTENT="plaudits" WC="0.97" CC="01000001"/>
						<SP ID="P14_SP01321" HPOS="2239" VPOS="3654" WIDTH="27"/>
						<String ID="word001370" HPOS="2267" VPOS="3602" WIDTH="126" HEIGHT="41" CONTENT="which" WC="1.00" CC="00000"/>
						<SP ID="P14_SP01322" HPOS="2393" VPOS="3654" WIDTH="38"/>
						<String ID="word001371" HPOS="2431" VPOS="3604" WIDTH="38" HEIGHT="41" CONTENT="it" WC="1.00" CC="00"/>
						<SP ID="P14_SP01323" HPOS="2469" VPOS="3654" WIDTH="33"/>
						<String ID="word001372" HPOS="2502" VPOS="3607" WIDTH="210" HEIGHT="47" CONTENT="obtained," WC="0.99" CC="100000000"/>
						<SP ID="P14_SP01324" HPOS="2712" VPOS="3654" WIDTH="31"/>
						<String ID="word001373" HPOS="2743" VPOS="3615" WIDTH="105" HEIGHT="35" CONTENT="were" WC="0.83" CC="1005"/>
						<SP ID="P14_SP01325" HPOS="2848" VPOS="3654" WIDTH="30"/>
						<String ID="word001374" HPOS="2877" VPOS="3608" WIDTH="74" HEIGHT="45" CONTENT="de." WC="0.67" CC="333" STYLEREFS="TXT_3"/>
						<SP ID="P14_SP01326" HPOS="2952" VPOS="3654" WIDTH="0"/>
					</TextLine>
					<TextLine ID="P14_TL00145" HPOS="1602" VPOS="3648" WIDTH="820" HEIGHT="61">
						<String ID="word001375" HPOS="1602" VPOS="3648" WIDTH="142" HEIGHT="40" CONTENT="served" WC="0.81" CC="611101"/>
						<SP ID="P14_SP01327" HPOS="1743" VPOS="3689" WIDTH="21"/>
						<String ID="word001376" HPOS="1765" VPOS="3650" WIDTH="52" HEIGHT="53" CONTENT="by" WC="1.00" CC="00"/>
						<SP ID="P14_SP01328" HPOS="1817" VPOS="3703" WIDTH="17"/>
						<String ID="word001377" HPOS="1833" VPOS="3651" WIDTH="99" HEIGHT="40" CONTENT="Mr+." WC="0.72" CC="1261"/>
						<SP ID="P14_SP01329" HPOS="1932" VPOS="3703" WIDTH="15"/>
						<String ID="word001378" HPOS="1948" VPOS="3652" WIDTH="157" HEIGHT="43" CONTENT="Jordan" WC="1.00" CC="000000"/>
						<SP ID="P14_SP01330" HPOS="2105" VPOS="3703" WIDTH="17"/>
						<String ID="word001379" HPOS="2121" VPOS="3653" WIDTH="91" HEIGHT="43" CONTENT="who" WC="1.00" CC="000"/>
						<SP ID="P14_SP01331" HPOS="2212" VPOS="3703" WIDTH="14"/>
						<String ID="word001380" HPOS="2226" VPOS="3656" WIDTH="130" HEIGHT="53" CONTENT="spoke" WC="0.98" CC="10000"/>
						<SP ID="P14_SP01332" HPOS="2356" VPOS="3709" WIDTH="19"/>
						<String ID="word001381" HPOS="2375" VPOS="3657" WIDTH="46" HEIGHT="40" CONTENT="it." WC="0.96" CC="100"/>
						<SP ID="P14_SP01333" HPOS="2421" VPOS="3709" WIDTH="0"/>
					</TextLine>
					<TextLine ID="P14_TL00146" HPOS="1654" VPOS="3702" WIDTH="1298" HEIGHT="65">
						<String ID="word001382" HPOS="1654" VPOS="3702" WIDTH="104" HEIGHT="39" CONTENT="Man" WC="0.85" CC="103" STYLEREFS="TXT_2"/>
						<SP ID="P14_SP01334" HPOS="1757" VPOS="3741" WIDTH="17"/>
						<String ID="word001383" HPOS="1774" VPOS="3707" WIDTH="80" HEIGHT="37" CONTENT="and" WC="1.00" CC="000" STYLEREFS="TXT_2"/>
						<SP ID="P14_SP01335" HPOS="1854" VPOS="3744" WIDTH="15"/>
						<String ID="word001384" HPOS="1870" VPOS="3704" WIDTH="116" HEIGHT="52" CONTENT="Wife" WC="0.61" CC="6341" STYLEREFS="TXT_3"/>
						<SP ID="P14_SP01336" HPOS="1985" VPOS="3756" WIDTH="18"/>
						<String ID="word001385" HPOS="2003" VPOS="3719" WIDTH="80" HEIGHT="28" CONTENT="was" WC="0.78" CC="510"/>
						<SP ID="P14_SP01337" HPOS="2083" VPOS="3756" WIDTH="17"/>
						<String ID="word001386" HPOS="2100" VPOS="3707" WIDTH="240" HEIGHT="41" CONTENT="announced" WC="0.96" CC="010011000"/>
						<SP ID="P14_SP01338" HPOS="2340" VPOS="3756" WIDTH="28"/>
						<String ID="word001387" HPOS="2368" VPOS="3709" WIDTH="67" HEIGHT="41" CONTENT="for" WC="1.00" CC="000"/>
						<SP ID="P14_SP01339" HPOS="2435" VPOS="3756" WIDTH="33"/>
						<String ID="word001388" HPOS="2469" VPOS="3724" WIDTH="26" HEIGHT="26" CONTENT="a" WC="1.00" CC="0"/>
						<SP ID="P14_SP01340" HPOS="2494" VPOS="3756" WIDTH="30"/>
						<String ID="word001389" HPOS="2524" VPOS="3713" WIDTH="152" HEIGHT="40" CONTENT="second" WC="0.85" CC="330110"/>
						<SP ID="P14_SP01341" HPOS="2676" VPOS="3756" WIDTH="18"/>
						<String ID="word001390" HPOS="2694" VPOS="3722" WIDTH="257" HEIGHT="45" CONTENT="representa.." WC="0.59" CC="333333333386"/>
						<SP ID="P14_SP01342" HPOS="2952" VPOS="3767" WIDTH="0"/>
					</TextLine>
					<TextLine ID="P14_TL00147" HPOS="1603" VPOS="3748" WIDTH="1291" HEIGHT="67">
						<String ID="word001391" HPOS="1603" VPOS="3752" WIDTH="87" HEIGHT="43" CONTENT="tiou" WC="0.86" CC="0311"/>
						<SP ID="P14_SP01343" HPOS="1690" VPOS="3795" WIDTH="18"/>
						<String ID="word001392" HPOS="1708" VPOS="3755" WIDTH="148" HEIGHT="43" CONTENT="amidst" WC="0.69" CC="143045"/>
						<SP ID="P14_SP01344" HPOS="1856" VPOS="3797" WIDTH="12"/>
						<String ID="word001393" HPOS="1867" VPOS="3769" WIDTH="27" HEIGHT="28" CONTENT="a" WC="1.00" CC="0"/>
						<SP ID="P14_SP01345" HPOS="1894" VPOS="3797" WIDTH="15"/>
						<String ID="word001394" HPOS="1910" VPOS="3748" WIDTH="177" HEIGHT="54" CONTENT="thunder" WC="0.98" CC="0010000"/>
						<SP ID="P14_SP01346" HPOS="2087" VPOS="3802" WIDTH="18"/>
						<String ID="word001395" HPOS="2105" VPOS="3757" WIDTH="51" HEIGHT="44" CONTENT="of" WC="1.00" CC="00"/>
						<SP ID="P14_SP01347" HPOS="2156" VPOS="3802" WIDTH="13"/>
						<String ID="word001396" HPOS="2169" VPOS="3761" WIDTH="209" HEIGHT="54" CONTENT="applause," WC="0.90" CC="211020110"/>
						<SP ID="P14_SP01348" HPOS="2378" VPOS="3815" WIDTH="26"/>
						<String ID="word001397" HPOS="2404" VPOS="3762" WIDTH="80" HEIGHT="44" CONTENT="and" WC="1.00" CC="000"/>
						<SP ID="P14_SP01349" HPOS="2484" VPOS="3815" WIDTH="19"/>
						<String ID="word001398" HPOS="2503" VPOS="3764" WIDTH="144" HEIGHT="44" CONTENT="shouts" WC="0.85" CC="300113"/>
						<SP ID="P14_SP01350" HPOS="2647" VPOS="3815" WIDTH="15"/>
						<String ID="word001399" HPOS="2662" VPOS="3767" WIDTH="48" HEIGHT="41" CONTENT="of" WC="1.00" CC="00"/>
						<SP ID="P14_SP01351" HPOS="2711" VPOS="3815" WIDTH="25"/>
						<String ID="word001400" HPOS="2735" VPOS="3768" WIDTH="130" HEIGHT="45" CONTENT="bravo" WC="0.98" CC="00010"/>
						<SP ID="P14_SP01352" HPOS="2865" VPOS="3815" WIDTH="17"/>
						<String ID="word001401" HPOS="2882" VPOS="3775" WIDTH="12" HEIGHT="37" CONTENT="I" WC="0.33" CC="6"/>
						<SP ID="P14_SP01353" HPOS="2894" VPOS="3815" WIDTH="0"/>
					</TextLine>
				</TextBlock>
				<TextBlock ID="pa0014007" HPOS="2072" VPOS="3874" WIDTH="397" HEIGHT="45" STYLEREFS="TXT_2 PAR_RIGHT">
					<TextLine ID="P14_TL00148" HPOS="2073" VPOS="3878" WIDTH="396" HEIGHT="41">
						<String ID="word001402" HPOS="2073" VPOS="3878" WIDTH="151" HEIGHT="39" CONTENT="times" WC="0.38" CC="77446"/>
						<SP ID="P14_SP01354" HPOS="2224" VPOS="3917" WIDTH="17"/>
						<String ID="word001403" HPOS="2241" VPOS="3888" WIDTH="228" HEIGHT="31" CONTENT="vituriz." WC="0.18" CC="88886885"/>
						<SP ID="P14_SP01355" HPOS="2469" VPOS="3919" WIDTH="0"/>
					</TextLine>
				</TextBlock>
				<TextBlock ID="pa0014008" HPOS="1598" VPOS="3931" WIDTH="1349" HEIGHT="207" STYLEREFS="TXT_1 PAR_BLOCK">
					<TextLine ID="P14_TL00149" HPOS="1655" VPOS="3935" WIDTH="1290" HEIGHT="63">
						<String ID="word001404" HPOS="1655" VPOS="3935" WIDTH="96" HEIGHT="43" CONTENT="Last" WC="0.86" CC="1211"/>
						<SP ID="P14_SP01356" HPOS="1750" VPOS="3978" WIDTH="17"/>
						<String ID="word001405" HPOS="1767" VPOS="3935" WIDTH="116" HEIGHT="52" CONTENT="night" WC="1.00" CC="00000"/>
						<SP ID="P14_SP01357" HPOS="1883" VPOS="3987" WIDTH="19"/>
						<String ID="word001406" HPOS="1902" VPOS="3937" WIDTH="73" HEIGHT="44" CONTENT="the" WC="1.00" CC="000"/>
						<SP ID="P14_SP01358" HPOS="1975" VPOS="3987" WIDTH="18"/>
						<String ID="word001407" HPOS="1993" VPOS="3952" WIDTH="141" HEIGHT="31" CONTENT="season" WC="0.70" CC="430405" STYLEREFS="TXT_2"/>
						<SP ID="P14_SP01359" HPOS="2133" VPOS="3987" WIDTH="21"/>
						<String ID="word001408" HPOS="2154" VPOS="3941" WIDTH="51" HEIGHT="40" CONTENT="of" WC="1.00" CC="00"/>
						<SP ID="P14_SP01360" HPOS="2205" VPOS="3987" WIDTH="14"/>
						<String ID="word001409" HPOS="2219" VPOS="3944" WIDTH="152" HEIGHT="54" CONTENT="Operas" WC="0.94" CC="000111" STYLEREFS="TXT_2"/>
						<SP ID="P14_SP01361" HPOS="2372" VPOS="3998" WIDTH="14"/>
						<String ID="word001410" HPOS="2386" VPOS="3946" WIDTH="281" HEIGHT="47" CONTENT="commenced." WC="0.90" CC="0000151110"/>
						<SP ID="P14_SP01362" HPOS="2667" VPOS="3998" WIDTH="56"/>
						<String ID="word001411" HPOS="2722" VPOS="3945" WIDTH="90" HEIGHT="50" CONTENT="The" WC="0.96" CC="001"/>
						<SP ID="P14_SP01363" HPOS="2812" VPOS="3998" WIDTH="15"/>
						<String ID="word001412" HPOS="2828" VPOS="3947" WIDTH="117" HEIGHT="47" CONTENT="thett-" WC="0.35" CC="348785"/>
					</TextLine>
					<TextLine ID="P14_TL00150" HPOS="1602" VPOS="3989" WIDTH="1345" HEIGHT="65">
						<String ID="word001413" HPOS="1602" VPOS="3992" WIDTH="63" HEIGHT="38" CONTENT="Ire" WC="0.70" CC="701"/>
						<SP ID="P14_SP01364" HPOS="1664" VPOS="4030" WIDTH="35"/>
						<String ID="word001414" HPOS="1700" VPOS="3989" WIDTH="73" HEIGHT="41" CONTENT="has" WC="0.67" CC="126"/>
						<SP ID="P14_SP01365" HPOS="1773" VPOS="4030" WIDTH="35"/>
						<String ID="word001415" HPOS="1808" VPOS="3992" WIDTH="99" HEIGHT="43" CONTENT="been" WC="0.97" CC="0001"/>
						<SP ID="P14_SP01366" HPOS="1907" VPOS="4035" WIDTH="48"/>
						<String ID="word001416" HPOS="1956" VPOS="3994" WIDTH="161" HEIGHT="41" CONTENT="refitted" WC="0.92" CC="01000410"/>
						<SP ID="P14_SP01367" HPOS="2117" VPOS="4036" WIDTH="32"/>
						<String ID="word001417" HPOS="2148" VPOS="3993" WIDTH="98" HEIGHT="44" CONTENT="with" WC="0.97" CC="0100"/>
						<SP ID="P14_SP01368" HPOS="2246" VPOS="4037" WIDTH="19"/>
						<String ID="word001418" HPOS="2265" VPOS="4002" WIDTH="119" HEIGHT="51" CONTENT="great" WC="0.91" CC="10300"/>
						<SP ID="P14_SP01369" HPOS="2385" VPOS="4052" WIDTH="27"/>
						<String ID="word001419" HPOS="2412" VPOS="4010" WIDTH="96" HEIGHT="44" CONTENT="carp" WC="0.67" CC="0246"/>
						<SP ID="P14_SP01370" HPOS="2507" VPOS="4054" WIDTH="15"/>
						<String ID="word001420" HPOS="2523" VPOS="4017" WIDTH="11" HEIGHT="31" CONTENT=";" WC="0.89" CC="1"/>
						<SP ID="P14_SP01371" HPOS="2533" VPOS="4054" WIDTH="33"/>
						<String ID="word001421" HPOS="2567" VPOS="4002" WIDTH="72" HEIGHT="40" CONTENT="the" WC="0.67" CC="252"/>
						<SP ID="P14_SP01372" HPOS="2639" VPOS="4054" WIDTH="32"/>
						<String ID="word001422" HPOS="2670" VPOS="4002" WIDTH="124" HEIGHT="46" CONTENT="bores" WC="0.78" CC="01612"/>
						<SP ID="P14_SP01373" HPOS="2794" VPOS="4054" WIDTH="44"/>
						<String ID="word001423" HPOS="2838" VPOS="4020" WIDTH="81" HEIGHT="27" CONTENT="new" SUBS_TYPE="HypPart1" SUBS_CONTENT="newpapered" WC="0.93" CC="002"/>
						<HYP HPOS="2920" VPOS="4020" WIDTH="27" CONTENT="-"/>
					</TextLine>
					<TextLine ID="P14_TL00151" HPOS="1602" VPOS="4043" WIDTH="1345" HEIGHT="60">
						<String ID="word001424" HPOS="1602" VPOS="4043" WIDTH="176" HEIGHT="53" CONTENT="papered" SUBS_TYPE="HypPart2" SUBS_CONTENT="newpapered" WC="0.97" CC="2000000"/>
						<SP ID="P14_SP01374" HPOS="1778" VPOS="4096" WIDTH="19"/>
						<String ID="word001425" HPOS="1796" VPOS="4043" WIDTH="77" HEIGHT="43" CONTENT="and" WC="0.96" CC="010"/>
						<SP ID="P14_SP01375" HPOS="1873" VPOS="4096" WIDTH="28"/>
						<String ID="word001426" HPOS="1902" VPOS="4045" WIDTH="180" HEIGHT="50" CONTENT="painted," WC="0.85" CC="03311111"/>
						<SP ID="P14_SP01376" HPOS="2081" VPOS="4096" WIDTH="20"/>
						<String ID="word001427" HPOS="2101" VPOS="4048" WIDTH="79" HEIGHT="43" CONTENT="and" WC="1.00" CC="000"/>
						<SP ID="P14_SP01377" HPOS="2180" VPOS="4096" WIDTH="20"/>
						<String ID="word001428" HPOS="2200" VPOS="4050" WIDTH="72" HEIGHT="41" CONTENT="the" WC="1.00" CC="000"/>
						<SP ID="P14_SP01378" HPOS="2272" VPOS="4096" WIDTH="20"/>
						<String ID="word001429" HPOS="2293" VPOS="4050" WIDTH="236" HEIGHT="43" CONTENT="benchests" WC="0.75" CC="000001676"/>
						<SP ID="P14_SP01379" HPOS="2529" VPOS="4096" WIDTH="15"/>
						<String ID="word001430" HPOS="2544" VPOS="4055" WIDTH="92" HEIGHT="43" CONTENT="well" WC="0.97" CC="0010"/>
						<SP ID="P14_SP01380" HPOS="2636" VPOS="4097" WIDTH="25"/>
						<String ID="word001431" HPOS="2661" VPOS="4069" WIDTH="43" HEIGHT="30" CONTENT="as" WC="0.78" CC="13"/>
						<SP ID="P14_SP01381" HPOS="2704" VPOS="4098" WIDTH="25"/>
						<String ID="word001432" HPOS="2728" VPOS="4058" WIDTH="136" HEIGHT="43" CONTENT="chairs" WC="0.76" CC="001165"/>
						<SP ID="P14_SP01382" HPOS="2864" VPOS="4101" WIDTH="18"/>
						<String ID="word001433" HPOS="2882" VPOS="4075" WIDTH="65" HEIGHT="28" CONTENT="re•" WC="0.59" CC="056"/>
						<SP ID="P14_SP01383" HPOS="2947" VPOS="4103" WIDTH="0"/>
					</TextLine>
					<TextLine ID="P14_TL00152" HPOS="1602" VPOS="4094" WIDTH="156" HEIGHT="44">
						<String ID="word001434" HPOS="1602" VPOS="4094" WIDTH="156" HEIGHT="44" CONTENT="newed." WC="0.93" CC="101101"/>
						<SP ID="P14_SP01384" HPOS="1757" VPOS="4137" WIDTH="0"/>
					</TextLine>
				</TextBlock>
				<TextBlock ID="pa0014009" HPOS="1598" VPOS="4144" WIDTH="1371" HEIGHT="133" STYLEREFS="TXT_0 PAR_LEFT">
					<TextLine ID="P14_TL00153" HPOS="1655" VPOS="4147" WIDTH="1313" HEIGHT="70">
						<String ID="word001435" HPOS="1655" VPOS="4147" WIDTH="32" HEIGHT="43" CONTENT="A" WC="1.00" CC="0"/>
						<SP ID="P14_SP01385" HPOS="1687" VPOS="4189" WIDTH="28"/>
						<String ID="word001436" HPOS="1715" VPOS="4159" WIDTH="89" HEIGHT="32" CONTENT="new" WC="0.96" CC="100"/>
						<SP ID="P14_SP01386" HPOS="1804" VPOS="4191" WIDTH="19"/>
						<String ID="word001437" HPOS="1822" VPOS="4152" WIDTH="139" HEIGHT="43" CONTENT="Comic" WC="0.82" CC="00044"/>
						<SP ID="P14_SP01387" HPOS="1962" VPOS="4194" WIDTH="33"/>
						<String ID="word001438" HPOS="1995" VPOS="4154" WIDTH="150" HEIGHT="53" CONTENT="Opera," WC="0.93" CC="001111"/>
						<SP ID="P14_SP01388" HPOS="2145" VPOS="4207" WIDTH="30"/>
						<String ID="word001439" HPOS="2174" VPOS="4154" WIDTH="185" HEIGHT="50" CONTENT="entitled," WC="0.85" CC="010333011"/>
						<SP ID="P14_SP01389" HPOS="2360" VPOS="4207" WIDTH="28"/>
						<String ID="word001440" HPOS="2388" VPOS="4157" WIDTH="61" HEIGHT="44" CONTENT="La" WC="0.94" CC="01" STYLEREFS="TXT_3"/>
						<SP ID="P14_SP01390" HPOS="2450" VPOS="4207" WIDTH="35"/>
						<String ID="word001441" HPOS="2485" VPOS="4160" WIDTH="250" HEIGHT="51" CONTENT="Capriecksa" WC="0.57" CC="3333533538" STYLEREFS="TXT_3"/>
						<SP ID="P14_SP01391" HPOS="2735" VPOS="4211" WIDTH="34"/>
						<String ID="word001442" HPOS="2770" VPOS="4165" WIDTH="138" HEIGHT="52" CONTENT="Peitite" WC="0.40" CC="3554738" STYLEREFS="TXT_3"/>
						<String ID="word001443" HPOS="2908" VPOS="4165" WIDTH="20" HEIGHT="52" CONTENT="t" STYLE="subscript" WC="0.40" CC="8" STYLEREFS="TXT_3"/>
						<String ID="word001444" HPOS="2928" VPOS="4165" WIDTH="40" HEIGHT="52" CONTENT=".," WC="0.40" CC="38" STYLEREFS="TXT_3"/>
						<SP ID="P14_SP01392" HPOS="2968" VPOS="4217" WIDTH="0"/>
					</TextLine>
					<TextLine ID="P14_TL00154" HPOS="1688" VPOS="4198" WIDTH="1266" HEIGHT="79">
						<String ID="word001445" HPOS="1688" VPOS="4198" WIDTH="253" HEIGHT="59" CONTENT="Fioravanti," WC="0.61" CC="75333333333"/>
						<SP ID="P14_SP01393" HPOS="1941" VPOS="4257" WIDTH="28"/>
						<String ID="word001446" HPOS="1969" VPOS="4204" WIDTH="242" HEIGHT="48" CONTENT="introduced" WC="0.93" CC="3200000100"/>
						<SP ID="P14_SP01394" HPOS="2211" VPOS="4257" WIDTH="30"/>
						<String ID="word001447" HPOS="2241" VPOS="4209" WIDTH="71" HEIGHT="44" CONTENT="the" WC="0.93" CC="002"/>
						<SP ID="P14_SP01395" HPOS="2311" VPOS="4257" WIDTH="28"/>
						<String ID="word001448" HPOS="2340" VPOS="4221" WIDTH="87" HEIGHT="33" CONTENT="new" WC="0.96" CC="010"/>
						<SP ID="P14_SP01396" HPOS="2427" VPOS="4257" WIDTH="28"/>
						<String ID="word001449" HPOS="2456" VPOS="4213" WIDTH="145" HEIGHT="44" CONTENT="Prima" WC="0.84" CC="04030"/>
						<SP ID="P14_SP01397" HPOS="2601" VPOS="4257" WIDTH="18"/>
						<String ID="word001450" HPOS="2619" VPOS="4214" WIDTH="136" HEIGHT="54" CONTENT="Buffo.," WC="0.68" CC="1133651"/>
						<SP ID="P14_SP01398" HPOS="2754" VPOS="4269" WIDTH="30"/>
						<String ID="word001451" HPOS="2784" VPOS="4218" WIDTH="170" HEIGHT="59" CONTENT="Signori" WC="0.82" CC="2111105"/>
						<SP ID="P14_SP01399" HPOS="2954" VPOS="4277" WIDTH="0"/>
					</TextLine>
				</TextBlock>
				<ComposedBlock ID="pa0014010" HPOS="0" VPOS="2855" WIDTH="3293" HEIGHT="1560" TYPE="Illustration">
					<TextBlock ID="P14_TB00010" HPOS="0" VPOS="2855" WIDTH="3293" HEIGHT="1560" STYLEREFS="TXT_0 PAR_LEFT">
						<TextLine ID="P14_TL00155" HPOS="2154" VPOS="2855" WIDTH="469" HEIGHT="9">
							<String ID="word001452" HPOS="2154" VPOS="2855" WIDTH="11" HEIGHT="6" CONTENT="•" WC="0.22" CC="7"/>
							<SP ID="P14_SP01400" HPOS="2165" VPOS="2861" WIDTH="15"/>
							<String ID="word001453" HPOS="2180" VPOS="2855" WIDTH="14" HEIGHT="8" CONTENT="." WC="0.22" CC="7"/>
							<SP ID="P14_SP01401" HPOS="2194" VPOS="2863" WIDTH="404"/>
							<String ID="word001454" HPOS="2598" VPOS="2855" WIDTH="25" HEIGHT="9" CONTENT="." WC="0.22" CC="7"/>
							<SP ID="P14_SP01402" HPOS="2623" VPOS="2864" WIDTH="0"/>
						</TextLine>
						<TextLine ID="P14_TL00156" HPOS="1613" VPOS="2855" WIDTH="1346" HEIGHT="70">
							<String ID="word001455" HPOS="1613" VPOS="2855" WIDTH="211" HEIGHT="52" CONTENT="happened" WC="0.96" CC="01001100"/>
							<SP ID="P14_SP01403" HPOS="1825" VPOS="2907" WIDTH="20"/>
							<String ID="word001456" HPOS="1845" VPOS="2856" WIDTH="37" HEIGHT="41" CONTENT="in" WC="0.89" CC="20"/>
							<SP ID="P14_SP01404" HPOS="1881" VPOS="2907" WIDTH="20"/>
							<String ID="word001457" HPOS="1902" VPOS="2857" WIDTH="47" HEIGHT="43" CONTENT="th" WC="0.74" CC="11"/>
							<String ID="word001458" HPOS="1949" VPOS="2857" WIDTH="25" HEIGHT="43" CONTENT="e" STYLE="subscript" WC="0.74" CC="5"/>
							<SP ID="P14_SP01405" HPOS="1974" VPOS="2907" WIDTH="19"/>
							<String ID="word001459" HPOS="1993" VPOS="2871" WIDTH="116" HEIGHT="28" CONTENT="scene" STYLE="subscript" WC="0.89" CC="31100"/>
							<SP ID="P14_SP01406" HPOS="2108" VPOS="2907" WIDTH="19"/>
							<String ID="word001460" HPOS="2127" VPOS="2858" WIDTH="19" HEIGHT="41" CONTENT="i" WC="0.39" CC="5"/>
							<String ID="word001461" HPOS="2146" VPOS="2858" WIDTH="20" HEIGHT="41" CONTENT="n" STYLE="subscript" WC="0.39" CC="6"/>
							<SP ID="P14_SP01407" HPOS="2166" VPOS="2907" WIDTH="21"/>
							<String ID="word001462" HPOS="2187" VPOS="2856" WIDTH="26" HEIGHT="44" CONTENT="w" STYLE="subscript" WC="0.93" CC="0"/>
							<String ID="word001463" HPOS="2213" VPOS="2856" WIDTH="105" HEIGHT="44" CONTENT="hich" WC="0.93" CC="0210"/>
							<SP ID="P14_SP01408" HPOS="2319" VPOS="2907" WIDTH="32"/>
							<String ID="word001464" HPOS="2350" VPOS="2861" WIDTH="52" HEIGHT="39" CONTENT="he" WC="0.78" CC="31"/>
							<SP ID="P14_SP01409" HPOS="2402" VPOS="2907" WIDTH="19"/>
							<String ID="word001465" HPOS="2421" VPOS="2865" WIDTH="196" HEIGHT="59" CONTENT="attempts" WC="0.79" CC="10131045"/>
							<SP ID="P14_SP01410" HPOS="2617" VPOS="2924" WIDTH="33"/>
							<String ID="word001466" HPOS="2650" VPOS="2869" WIDTH="43" HEIGHT="35" CONTENT="to" WC="1.00" CC="00"/>
							<SP ID="P14_SP01411" HPOS="2693" VPOS="2924" WIDTH="31"/>
							<String ID="word001467" HPOS="2724" VPOS="2871" WIDTH="154" HEIGHT="35" CONTENT="matter" WC="0.72" CC="305214"/>
							<SP ID="P14_SP01412" HPOS="2877" VPOS="2924" WIDTH="21"/>
							<String ID="word001468" HPOS="2898" VPOS="2867" WIDTH="60" HEIGHT="41" CONTENT="his" WC="0.78" CC="033"/>
							<SP ID="P14_SP01413" HPOS="2959" VPOS="2924" WIDTH="0"/>
						</TextLine>
						<TextLine ID="P14_TL00157" HPOS="265" VPOS="2865" WIDTH="1284" HEIGHT="59">
							<String ID="word001469" HPOS="265" VPOS="2871" WIDTH="47" HEIGHT="38" CONTENT="In" WC="0.89" CC="11"/>
							<SP ID="P14_SP01414" HPOS="312" VPOS="2909" WIDTH="20"/>
							<String ID="word001470" HPOS="332" VPOS="2868" WIDTH="33" HEIGHT="41" CONTENT="it" WC="0.78" CC="40"/>
							<SP ID="P14_SP01415" HPOS="365" VPOS="2909" WIDTH="18"/>
							<String ID="word001471" HPOS="383" VPOS="2883" WIDTH="60" HEIGHT="26" CONTENT="we" WC="0.61" CC="52"/>
							<SP ID="P14_SP01416" HPOS="443" VPOS="2909" WIDTH="20"/>
							<String ID="word001472" HPOS="463" VPOS="2869" WIDTH="84" HEIGHT="43" CONTENT="find" WC="0.89" CC="2200"/>
							<SP ID="P14_SP01417" HPOS="547" VPOS="2911" WIDTH="28"/>
							<String ID="word001473" HPOS="575" VPOS="2884" WIDTH="25" HEIGHT="26" CONTENT="a" WC="1.00" CC="0"/>
							<SP ID="P14_SP01418" HPOS="600" VPOS="2911" WIDTH="19"/>
							<String ID="word001474" HPOS="619" VPOS="2883" WIDTH="139" HEIGHT="41" CONTENT="young" WC="1.00" CC="00000"/>
							<SP ID="P14_SP01419" HPOS="758" VPOS="2924" WIDTH="19"/>
							<String ID="word001475" HPOS="777" VPOS="2871" WIDTH="77" HEIGHT="40" CONTENT="and" WC="0.96" CC="100"/>
							<SP ID="P14_SP01420" HPOS="854" VPOS="2924" WIDTH="24"/>
							<String ID="word001476" HPOS="878" VPOS="2870" WIDTH="189" HEIGHT="43" CONTENT="innocent" WC="0.99" CC="10000000"/>
							<SP ID="P14_SP01421" HPOS="1067" VPOS="2924" WIDTH="19"/>
							<String ID="word001477" HPOS="1085" VPOS="2870" WIDTH="94" HEIGHT="53" CONTENT="girl," WC="0.95" CC="11000"/>
							<SP ID="P14_SP01422" HPOS="1180" VPOS="2924" WIDTH="26"/>
							<String ID="word001478" HPOS="1206" VPOS="2877" WIDTH="76" HEIGHT="35" CONTENT="not" WC="1.00" CC="000"/>
							<SP ID="P14_SP01423" HPOS="1281" VPOS="2924" WIDTH="20"/>
							<String ID="word001479" HPOS="1302" VPOS="2865" WIDTH="139" HEIGHT="48" CONTENT="unlike" WC="0.96" CC="001100"/>
							<SP ID="P14_SP01424" HPOS="1441" VPOS="2924" WIDTH="19"/>
							<String ID="word001480" HPOS="1460" VPOS="2867" WIDTH="30" HEIGHT="47" CONTENT="M" WC="0.52" CC="3"/>
							<String ID="word001481" HPOS="1489" VPOS="2867" WIDTH="30" HEIGHT="47" CONTENT="a" STYLE="subscript" WC="0.52" CC="6"/>
							<String ID="word001482" HPOS="1519" VPOS="2867" WIDTH="30" HEIGHT="47" CONTENT="-" WC="0.52" CC="4"/>
						</TextLine>
						<TextLine ID="P14_TL00158" HPOS="183" VPOS="2904" WIDTH="2773" HEIGHT="73">
							<String ID="word001483" HPOS="183" VPOS="2904" WIDTH="1" HEIGHT="72" CONTENT="," WC="0.22" CC="7"/>
							<SP ID="P14_SP01425" HPOS="184" VPOS="2976" WIDTH="12"/>
							<String ID="word001484" HPOS="196" VPOS="2934" WIDTH="64" HEIGHT="37" CONTENT=".ty" WC="0.19" CC="688"/>
							<SP ID="P14_SP01426" HPOS="260" VPOS="2976" WIDTH="20"/>
							<String ID="word001485" HPOS="280" VPOS="2921" WIDTH="40" HEIGHT="40" CONTENT="in" WC="1.00" CC="00"/>
							<SP ID="P14_SP01427" HPOS="320" VPOS="2976" WIDTH="20"/>
							<String ID="word001486" HPOS="340" VPOS="2924" WIDTH="110" HEIGHT="39" CONTENT="John" WC="0.86" CC="0113" STYLEREFS="TXT_3"/>
							<SP ID="P14_SP01428" HPOS="450" VPOS="2976" WIDTH="21"/>
							<String ID="word001487" HPOS="471" VPOS="2926" WIDTH="110" HEIGHT="43" CONTENT="Bull," WC="0.93" CC="03000" STYLEREFS="TXT_3"/>
							<SP ID="P14_SP01429" HPOS="581" VPOS="2976" WIDTH="32"/>
							<String ID="word001488" HPOS="613" VPOS="2923" WIDTH="170" HEIGHT="41" CONTENT="seduced" WC="0.89" CC="2101030"/>
							<SP ID="P14_SP01430" HPOS="783" VPOS="2976" WIDTH="28"/>
							<String ID="word001489" HPOS="811" VPOS="2926" WIDTH="52" HEIGHT="51" CONTENT="by" WC="1.00" CC="00"/>
							<SP ID="P14_SP01431" HPOS="863" VPOS="2976" WIDTH="22"/>
							<String ID="word001490" HPOS="886" VPOS="2937" WIDTH="24" HEIGHT="25" CONTENT="a" WC="0.89" CC="1"/>
							<SP ID="P14_SP01432" HPOS="909" VPOS="2976" WIDTH="27"/>
							<String ID="word001491" HPOS="937" VPOS="2926" WIDTH="81" HEIGHT="39" CONTENT="rich" WC="0.81" CC="0331"/>
							<SP ID="P14_SP01433" HPOS="1018" VPOS="2976" WIDTH="30"/>
							<String ID="word001492" HPOS="1048" VPOS="2924" WIDTH="131" HEIGHT="46" CONTENT="lover," WC="0.96" CC="011000"/>
							<SP ID="P14_SP01434" HPOS="1179" VPOS="2976" WIDTH="27"/>
							<String ID="word001493" HPOS="1206" VPOS="2926" WIDTH="109" HEIGHT="43" CONTENT="who," WC="0.97" CC="1000"/>
							<SP ID="P14_SP01435" HPOS="1315" VPOS="2976" WIDTH="30"/>
							<String ID="word001494" HPOS="1344" VPOS="2926" WIDTH="204" HEIGHT="48" CONTENT="however," WC="0.96" CC="30000000"/>
							<SP ID="P14_SP01436" HPOS="1548" VPOS="2976" WIDTH="63"/>
							<String ID="word001495" HPOS="1611" VPOS="2904" WIDTH="107" HEIGHT="47" CONTENT="wife," WC="0.98" CC="10000"/>
							<SP ID="P14_SP01437" HPOS="1719" VPOS="2976" WIDTH="32"/>
							<String ID="word001496" HPOS="1750" VPOS="2908" WIDTH="76" HEIGHT="41" CONTENT="and" WC="0.93" CC="200"/>
							<SP ID="P14_SP01438" HPOS="1826" VPOS="2976" WIDTH="21"/>
							<String ID="word001497" HPOS="1847" VPOS="2922" WIDTH="41" HEIGHT="30" CONTENT="as" WC="0.89" CC="11"/>
							<SP ID="P14_SP01439" HPOS="1889" VPOS="2976" WIDTH="32"/>
							<String ID="word001498" HPOS="1920" VPOS="2911" WIDTH="33" HEIGHT="40" CONTENT="it" WC="1.00" CC="00"/>
							<SP ID="P14_SP01440" HPOS="1954" VPOS="2976" WIDTH="28"/>
							<String ID="word001499" HPOS="1982" VPOS="2909" WIDTH="32" HEIGHT="43" CONTENT="is" WC="0.89" CC="11"/>
							<SP ID="P14_SP01441" HPOS="2014" VPOS="2976" WIDTH="37"/>
							<String ID="word001500" HPOS="2050" VPOS="2911" WIDTH="72" HEIGHT="40" CONTENT="the" WC="1.00" CC="000"/>
							<SP ID="P14_SP01442" HPOS="2122" VPOS="2976" WIDTH="24"/>
							<String ID="word001501" HPOS="2146" VPOS="2909" WIDTH="98" HEIGHT="56" CONTENT="bit" WC="0.67" CC="360" STYLEREFS="TXT_3"/>
							<SP ID="P14_SP01443" HPOS="2244" VPOS="2976" WIDTH="28"/>
							<String ID="word001502" HPOS="2272" VPOS="2919" WIDTH="203" HEIGHT="46" CONTENT="symptom" WC="0.79" CC="1165000"/>
							<SP ID="P14_SP01444" HPOS="2476" VPOS="2976" WIDTH="38"/>
							<String ID="word001503" HPOS="2513" VPOS="2919" WIDTH="45" HEIGHT="37" CONTENT="of" WC="0.72" CC="05"/>
							<SP ID="P14_SP01445" HPOS="2558" VPOS="2976" WIDTH="34"/>
							<String ID="word001504" HPOS="2593" VPOS="2920" WIDTH="363" HEIGHT="41" CONTENT="coricatutimania" WC="0.47" CC="553353338863358" STYLEREFS="TXT_3"/>
							<SP ID="P14_SP01446" HPOS="2955" VPOS="2976" WIDTH="0"/>
						</TextLine>
						<TextLine ID="P14_TL00159" HPOS="2356" VPOS="2965" WIDTH="25" HEIGHT="41">
							<String ID="word001505" HPOS="2356" VPOS="2965" WIDTH="25" HEIGHT="41" CONTENT="h" WC="0.56" CC="4"/>
							<SP ID="P14_SP01447" HPOS="2381" VPOS="3006" WIDTH="0"/>
						</TextLine>
						<TextLine ID="P14_TL00160" HPOS="209" VPOS="2956" WIDTH="2749" HEIGHT="77">
							<String ID="word001506" HPOS="209" VPOS="2975" WIDTH="172" HEIGHT="40" CONTENT="marries" WC="0.95" CC="0000102"/>
							<SP ID="P14_SP01448" HPOS="381" VPOS="3015" WIDTH="12"/>
							<String ID="word001507" HPOS="393" VPOS="2976" WIDTH="73" HEIGHT="40" CONTENT="her" WC="0.96" CC="010"/>
							<SP ID="P14_SP01449" HPOS="467" VPOS="3017" WIDTH="18"/>
							<String ID="word001508" HPOS="484" VPOS="2978" WIDTH="189" HEIGHT="53" CONTENT="secretly," WC="0.99" CC="000000100"/>
							<SP ID="P14_SP01450" HPOS="673" VPOS="3031" WIDTH="19"/>
							<String ID="word001509" HPOS="692" VPOS="2978" WIDTH="98" HEIGHT="39" CONTENT="with" WC="1.00" CC="0000"/>
							<SP ID="P14_SP01451" HPOS="790" VPOS="3031" WIDTH="21"/>
							<String ID="word001510" HPOS="811" VPOS="2978" WIDTH="70" HEIGHT="39" CONTENT="the" WC="0.93" CC="101"/>
							<SP ID="P14_SP01452" HPOS="881" VPOS="3031" WIDTH="17"/>
							<String ID="word001511" HPOS="898" VPOS="2978" WIDTH="198" HEIGHT="40" CONTENT="intention" WC="0.99" CC="000100000"/>
							<SP ID="P14_SP01453" HPOS="1096" VPOS="3031" WIDTH="21"/>
							<String ID="word001512" HPOS="1117" VPOS="2978" WIDTH="51" HEIGHT="39" CONTENT="of" WC="1.00" CC="00"/>
							<SP ID="P14_SP01454" HPOS="1168" VPOS="3031" WIDTH="11"/>
							<String ID="word001513" HPOS="1179" VPOS="2978" WIDTH="208" HEIGHT="53" CONTENT="deceiving" WC="0.96" CC="000010101"/>
							<SP ID="P14_SP01455" HPOS="1387" VPOS="3031" WIDTH="15"/>
							<String ID="word001514" HPOS="1402" VPOS="2978" WIDTH="77" HEIGHT="43" CONTENT="her" WC="1.00" CC="000"/>
							<SP ID="P14_SP01456" HPOS="1479" VPOS="3031" WIDTH="19"/>
							<String ID="word001515" HPOS="1498" VPOS="2980" WIDTH="48" HEIGHT="53" CONTENT="by" WC="0.89" CC="02"/>
							<SP ID="P14_SP01457" HPOS="1546" VPOS="3033" WIDTH="65"/>
							<String ID="word001516" HPOS="1611" VPOS="2956" WIDTH="131" HEIGHT="43" CONTENT="which" WC="1.00" CC="00000"/>
							<SP ID="P14_SP01458" HPOS="1742" VPOS="3033" WIDTH="18"/>
							<String ID="word001517" HPOS="1760" VPOS="2970" WIDTH="58" HEIGHT="32" CONTENT="we" WC="1.00" CC="00"/>
							<SP ID="P14_SP01459" HPOS="1818" VPOS="3033" WIDTH="19"/>
							<String ID="word001518" HPOS="1837" VPOS="2962" WIDTH="105" HEIGHT="41" CONTENT="have" WC="0.97" CC="0001"/>
							<SP ID="P14_SP01460" HPOS="1942" VPOS="3033" WIDTH="14"/>
							<String ID="word001519" HPOS="1956" VPOS="2976" WIDTH="98" HEIGHT="28" CONTENT="ever" WC="0.92" CC="0300"/>
							<SP ID="P14_SP01461" HPOS="2054" VPOS="3033" WIDTH="27"/>
							<String ID="word001520" HPOS="2081" VPOS="2965" WIDTH="50" HEIGHT="41" CONTENT="ob" WC="0.99" CC="00"/>
							<String ID="word001521" HPOS="2131" VPOS="2965" WIDTH="25" HEIGHT="41" CONTENT="s" STYLE="subscript" WC="0.99" CC="0"/>
							<String ID="word001522" HPOS="2156" VPOS="2965" WIDTH="125" HEIGHT="41" CONTENT="erved" WC="0.99" CC="10000"/>
							<SP ID="P14_SP01462" HPOS="2281" VPOS="3033" WIDTH="20"/>
							<String ID="word001523" HPOS="2301" VPOS="2966" WIDTH="39" HEIGHT="40" CONTENT="in" WC="1.00" CC="00"/>
							<SP ID="P14_SP01463" HPOS="2340" VPOS="3033" WIDTH="47"/>
							<String ID="word001524" HPOS="2387" VPOS="2966" WIDTH="72" HEIGHT="48" CONTENT="im," WC="0.89" CC="111"/>
							<SP ID="P14_SP01464" HPOS="2459" VPOS="3033" WIDTH="28"/>
							<String ID="word001525" HPOS="2487" VPOS="2978" WIDTH="60" HEIGHT="31" CONTENT="we" WC="0.94" CC="10"/>
							<SP ID="P14_SP01465" HPOS="2548" VPOS="3033" WIDTH="20"/>
							<String ID="word001526" HPOS="2568" VPOS="2968" WIDTH="137" HEIGHT="41" CONTENT="hasten" WC="0.80" CC="113132"/>
							<SP ID="P14_SP01466" HPOS="2705" VPOS="3033" WIDTH="32"/>
							<String ID="word001527" HPOS="2737" VPOS="2973" WIDTH="45" HEIGHT="39" CONTENT="to" WC="1.00" CC="00"/>
							<SP ID="P14_SP01467" HPOS="2781" VPOS="3033" WIDTH="20"/>
							<String ID="word001528" HPOS="2802" VPOS="2969" WIDTH="156" HEIGHT="45" CONTENT="inform" WC="0.54" CC="165706"/>
							<SP ID="P14_SP01468" HPOS="2957" VPOS="3033" WIDTH="0"/>
						</TextLine>
						<TextLine ID="P14_TL00161" HPOS="1612" VPOS="3007" WIDTH="1345" HEIGHT="71">
							<String ID="word001529" HPOS="1612" VPOS="3007" WIDTH="81" HEIGHT="43" CONTENT="him" WC="0.96" CC="010"/>
							<SP ID="P14_SP01469" HPOS="1694" VPOS="3050" WIDTH="20"/>
							<String ID="word001530" HPOS="1714" VPOS="3011" WIDTH="52" HEIGHT="41" CONTENT="of" WC="1.00" CC="00"/>
							<SP ID="P14_SP01470" HPOS="1766" VPOS="3052" WIDTH="21"/>
							<String ID="word001531" HPOS="1787" VPOS="3013" WIDTH="59" HEIGHT="43" CONTENT="his" WC="0.96" CC="001"/>
							<SP ID="P14_SP01471" HPOS="1846" VPOS="3056" WIDTH="17"/>
							<String ID="word001532" HPOS="1863" VPOS="3013" WIDTH="171" HEIGHT="58" CONTENT="danger," WC="0.87" CC="0044000"/>
							<SP ID="P14_SP01472" HPOS="2034" VPOS="3071" WIDTH="28"/>
							<String ID="word001533" HPOS="2062" VPOS="3017" WIDTH="20" HEIGHT="40" CONTENT="i" WC="1.00" CC="0"/>
							<String ID="word001534" HPOS="2082" VPOS="3017" WIDTH="21" HEIGHT="40" CONTENT="n" STYLE="subscript" WC="1.00" CC="0"/>
							<SP ID="P14_SP01473" HPOS="2104" VPOS="3071" WIDTH="37"/>
							<String ID="word001535" HPOS="2140" VPOS="3019" WIDTH="50" HEIGHT="39" CONTENT="or" STYLE="subscript" WC="0.95" CC="00"/>
							<String ID="word001536" HPOS="2190" VPOS="3019" WIDTH="25" HEIGHT="39" CONTENT="d" WC="0.95" CC="1"/>
							<String ID="word001537" HPOS="2215" VPOS="3019" WIDTH="25" HEIGHT="39" CONTENT="e" STYLE="subscript" WC="0.95" CC="0"/>
							<String ID="word001538" HPOS="2239" VPOS="3019" WIDTH="25" HEIGHT="39" CONTENT="r" WC="0.95" CC="1"/>
							<SP ID="P14_SP01474" HPOS="2264" VPOS="3071" WIDTH="26"/>
							<String ID="word001539" HPOS="2290" VPOS="3019" WIDTH="45" HEIGHT="41" CONTENT="th" WC="0.97" CC="00"/>
							<String ID="word001540" HPOS="2335" VPOS="3019" WIDTH="22" HEIGHT="41" CONTENT="a" STYLE="subscript" WC="0.97" CC="1"/>
							<String ID="word001541" HPOS="2357" VPOS="3019" WIDTH="24" HEIGHT="41" CONTENT="t" WC="0.97" CC="0"/>
							<SP ID="P14_SP01475" HPOS="2381" VPOS="3071" WIDTH="28"/>
							<String ID="word001542" HPOS="2409" VPOS="3020" WIDTH="27" HEIGHT="41" CONTENT="h" WC="1.00" CC="0"/>
							<String ID="word001543" HPOS="2437" VPOS="3020" WIDTH="27" HEIGHT="41" CONTENT="e" STYLE="subscript" WC="1.00" CC="0"/>
							<SP ID="P14_SP01476" HPOS="2464" VPOS="3071" WIDTH="32"/>
							<String ID="word001544" HPOS="2496" VPOS="3034" WIDTH="97" HEIGHT="41" CONTENT="may" STYLE="subscript" WC="0.81" CC="005"/>
							<SP ID="P14_SP01477" HPOS="2593" VPOS="3076" WIDTH="37"/>
							<String ID="word001545" HPOS="2629" VPOS="3024" WIDTH="126" HEIGHT="52" CONTENT="guard" WC="1.00" CC="00000"/>
							<SP ID="P14_SP01478" HPOS="2756" VPOS="3076" WIDTH="60"/>
							<String ID="word001546" HPOS="2816" VPOS="3027" WIDTH="141" HEIGHT="51" CONTENT="gainst" WC="0.76" CC="005341"/>
							<SP ID="P14_SP01479" HPOS="2956" VPOS="3078" WIDTH="0"/>
						</TextLine>
						<TextLine ID="P14_TL00162" HPOS="193" VPOS="3027" WIDTH="1356" HEIGHT="56">
							<String ID="word001547" HPOS="193" VPOS="3027" WIDTH="255" HEIGHT="53" CONTENT=".employing" WC="0.64" CC="3342344333"/>
							<SP ID="P14_SP01480" HPOS="448" VPOS="3080" WIDTH="21"/>
							<String ID="word001548" HPOS="469" VPOS="3043" WIDTH="26" HEIGHT="26" CONTENT="a" WC="1.00" CC="0"/>
							<SP ID="P14_SP01481" HPOS="495" VPOS="3080" WIDTH="33"/>
							<String ID="word001549" HPOS="528" VPOS="3030" WIDTH="100" HEIGHT="40" CONTENT="false" WC="0.89" CC="12011"/>
							<SP ID="P14_SP01482" HPOS="628" VPOS="3080" WIDTH="33"/>
							<String ID="word001550" HPOS="661" VPOS="3031" WIDTH="124" HEIGHT="52" CONTENT="priest" WC="0.94" CC="110100"/>
							<SP ID="P14_SP01483" HPOS="785" VPOS="3083" WIDTH="30"/>
							<String ID="word001551" HPOS="815" VPOS="3030" WIDTH="77" HEIGHT="39" CONTENT="and" WC="1.00" CC="000"/>
							<SP ID="P14_SP01484" HPOS="892" VPOS="3083" WIDTH="37"/>
							<String ID="word001552" HPOS="928" VPOS="3031" WIDTH="260" HEIGHT="40" CONTENT="treacherous" WC="0.95" CC="00100110101"/>
							<SP ID="P14_SP01485" HPOS="1188" VPOS="3083" WIDTH="31"/>
							<String ID="word001553" HPOS="1219" VPOS="3032" WIDTH="200" HEIGHT="39" CONTENT="witnesses" WC="0.96" CC="000001002"/>
							<SP ID="P14_SP01486" HPOS="1419" VPOS="3083" WIDTH="14"/>
							<String ID="word001554" HPOS="1433" VPOS="3047" WIDTH="13" HEIGHT="24" CONTENT=":" WC="0.78" CC="2"/>
							<SP ID="P14_SP01487" HPOS="1446" VPOS="3083" WIDTH="32"/>
							<String ID="word001555" HPOS="1478" VPOS="3031" WIDTH="71" HEIGHT="43" CONTENT="but" WC="1.00" CC="000"/>
							<SP ID="P14_SP01488" HPOS="1548" VPOS="3083" WIDTH="0"/>
						</TextLine>
						<TextLine ID="P14_TL00163" HPOS="207" VPOS="3063" WIDTH="2750" HEIGHT="74">
							<String ID="word001556" HPOS="207" VPOS="3081" WIDTH="139" HEIGHT="39" CONTENT="whose" WC="0.98" CC="00010"/>
							<SP ID="P14_SP01489" HPOS="346" VPOS="3120" WIDTH="18"/>
							<String ID="word001557" HPOS="364" VPOS="3081" WIDTH="159" HEIGHT="54" CONTENT="designs" WC="0.92" CC="1110101"/>
							<SP ID="P14_SP01490" HPOS="523" VPOS="3136" WIDTH="33"/>
							<String ID="word001558" HPOS="556" VPOS="3096" WIDTH="71" HEIGHT="27" CONTENT="are" WC="1.00" CC="000"/>
							<SP ID="P14_SP01491" HPOS="627" VPOS="3136" WIDTH="18"/>
							<String ID="word001559" HPOS="645" VPOS="3083" WIDTH="239" HEIGHT="45" CONTENT="frustrated," WC="0.97" CC="10020000000"/>
							<SP ID="P14_SP01492" HPOS="883" VPOS="3136" WIDTH="30"/>
							<String ID="word001560" HPOS="913" VPOS="3084" WIDTH="52" HEIGHT="52" CONTENT="by" WC="0.89" CC="02"/>
							<SP ID="P14_SP01493" HPOS="965" VPOS="3136" WIDTH="33"/>
							<String ID="word001561" HPOS="998" VPOS="3084" WIDTH="70" HEIGHT="39" CONTENT="the" WC="0.93" CC="020"/>
							<SP ID="P14_SP01494" HPOS="1068" VPOS="3136" WIDTH="19"/>
							<String ID="word001562" HPOS="1087" VPOS="3084" WIDTH="24" HEIGHT="53" CONTENT="h" WC="0.97" CC="0"/>
							<String ID="word001563" HPOS="1110" VPOS="3084" WIDTH="24" HEIGHT="53" CONTENT="o" STYLE="subscript" WC="0.97" CC="1"/>
							<String ID="word001564" HPOS="1134" VPOS="3084" WIDTH="122" HEIGHT="53" CONTENT="nesty" WC="0.97" CC="01000"/>
							<SP ID="P14_SP01495" HPOS="1256" VPOS="3137" WIDTH="20"/>
							<String ID="word001565" HPOS="1276" VPOS="3085" WIDTH="26" HEIGHT="41" CONTENT="o" STYLE="subscript" WC="1.00" CC="0"/>
							<String ID="word001566" HPOS="1302" VPOS="3085" WIDTH="26" HEIGHT="41" CONTENT="f" WC="1.00" CC="0"/>
							<SP ID="P14_SP01496" HPOS="1328" VPOS="3137" WIDTH="12"/>
							<String ID="word001567" HPOS="1339" VPOS="3084" WIDTH="60" HEIGHT="40" CONTENT="his" WC="0.96" CC="010"/>
							<SP ID="P14_SP01497" HPOS="1400" VPOS="3137" WIDTH="14"/>
							<String ID="word001568" HPOS="1414" VPOS="3089" WIDTH="66" HEIGHT="37" CONTENT="att" WC="0.63" CC="333"/>
							<String ID="word001569" HPOS="1480" VPOS="3089" WIDTH="21" HEIGHT="37" CONTENT="o" STYLE="subscript" WC="0.63" CC="3"/>
							<String ID="word001570" HPOS="1501" VPOS="3089" WIDTH="45" HEIGHT="37" CONTENT="r-" WC="0.63" CC="35"/>
							<SP ID="P14_SP01498" HPOS="1546" VPOS="3137" WIDTH="64"/>
							<String ID="word001571" HPOS="1610" VPOS="3063" WIDTH="50" HEIGHT="40" CONTENT="its" WC="0.37" CC="656"/>
							<SP ID="P14_SP01499" HPOS="1659" VPOS="3137" WIDTH="19"/>
							<String ID="word001572" HPOS="1678" VPOS="3065" WIDTH="157" HEIGHT="43" CONTENT="farther" WC="0.98" CC="0000001"/>
							<SP ID="P14_SP01500" HPOS="1835" VPOS="3137" WIDTH="31"/>
							<String ID="word001573" HPOS="1866" VPOS="3069" WIDTH="197" HEIGHT="45" CONTENT="advance." WC="0.85" CC="10013420"/>
							<SP ID="P14_SP01501" HPOS="2063" VPOS="3137" WIDTH="58"/>
							<String ID="word001574" HPOS="2121" VPOS="3071" WIDTH="171" HEIGHT="40" CONTENT="Elliston" WC="0.56" CC="73355333"/>
							<SP ID="P14_SP01502" HPOS="2293" VPOS="3137" WIDTH="33"/>
							<String ID="word001575" HPOS="2326" VPOS="3083" WIDTH="102" HEIGHT="43" CONTENT="gave" WC="0.81" CC="5011"/>
							<SP ID="P14_SP01503" HPOS="2427" VPOS="3137" WIDTH="20"/>
							<String ID="word001576" HPOS="2447" VPOS="3073" WIDTH="80" HEIGHT="41" CONTENT="due" WC="0.96" CC="001"/>
							<SP ID="P14_SP01504" HPOS="2528" VPOS="3137" WIDTH="32"/>
							<String ID="word001577" HPOS="2559" VPOS="3074" WIDTH="118" HEIGHT="61" CONTENT="spirit" WC="0.98" CC="000010"/>
							<SP ID="P14_SP01505" HPOS="2678" VPOS="3137" WIDTH="25"/>
							<String ID="word001578" HPOS="2702" VPOS="3078" WIDTH="138" HEIGHT="40" CONTENT="tothe" WC="0.71" CC="02254"/>
							<SP ID="P14_SP01506" HPOS="2841" VPOS="3137" WIDTH="18"/>
							<String ID="word001579" HPOS="2858" VPOS="3080" WIDTH="98" HEIGHT="40" CONTENT="cha," WC="0.50" CC="3438"/>
							<SP ID="P14_SP01507" HPOS="2956" VPOS="3137" WIDTH="0"/>
						</TextLine>
						<TextLine ID="P14_TL00164" HPOS="207" VPOS="3135" WIDTH="1362" HEIGHT="53">
							<String ID="word001580" HPOS="207" VPOS="3146" WIDTH="98" HEIGHT="40" CONTENT="ney," WC="0.72" CC="3232"/>
							<SP ID="P14_SP01508" HPOS="305" VPOS="3187" WIDTH="33"/>
							<String ID="word001581" HPOS="338" VPOS="3135" WIDTH="96" HEIGHT="39" CONTENT="who" WC="0.93" CC="011"/>
							<SP ID="P14_SP01509" HPOS="433" VPOS="3187" WIDTH="33"/>
							<String ID="word001582" HPOS="467" VPOS="3137" WIDTH="193" HEIGHT="51" CONTENT="provides" WC="0.96" CC="00002010"/>
							<SP ID="P14_SP01510" HPOS="659" VPOS="3188" WIDTH="17"/>
							<String ID="word001583" HPOS="676" VPOS="3150" WIDTH="24" HEIGHT="26" CONTENT="a" WC="0.89" CC="1"/>
							<SP ID="P14_SP01511" HPOS="699" VPOS="3188" WIDTH="21"/>
							<String ID="word001584" HPOS="720" VPOS="3135" WIDTH="83" HEIGHT="41" CONTENT="real" WC="1.00" CC="0000"/>
							<SP ID="P14_SP01512" HPOS="803" VPOS="3188" WIDTH="22"/>
							<String ID="word001585" HPOS="826" VPOS="3137" WIDTH="133" HEIGHT="51" CONTENT="priest." WC="0.98" CC="0000010"/>
							<SP ID="P14_SP01513" HPOS="959" VPOS="3188" WIDTH="56"/>
							<String ID="word001586" HPOS="1015" VPOS="3137" WIDTH="77" HEIGHT="40" CONTENT="We" WC="1.00" CC="00"/>
							<SP ID="P14_SP01514" HPOS="1091" VPOS="3188" WIDTH="31"/>
							<String ID="word001587" HPOS="1122" VPOS="3149" WIDTH="64" HEIGHT="28" CONTENT="see" WC="0.74" CC="115"/>
							<SP ID="P14_SP01515" HPOS="1186" VPOS="3188" WIDTH="18"/>
							<String ID="word001588" HPOS="1204" VPOS="3137" WIDTH="71" HEIGHT="40" CONTENT="the" WC="0.96" CC="001"/>
							<SP ID="P14_SP01516" HPOS="1274" VPOS="3188" WIDTH="28"/>
							<String ID="word001589" HPOS="1303" VPOS="3149" WIDTH="110" HEIGHT="30" CONTENT="same" WC="1.00" CC="0000"/>
							<SP ID="P14_SP01517" HPOS="1413" VPOS="3188" WIDTH="20"/>
							<String ID="word001590" HPOS="1433" VPOS="3135" WIDTH="113" HEIGHT="45" CONTENT="titled" WC="1.00" CC="000000"/>
							<SP ID="P14_SP01518" HPOS="1546" VPOS="3188" WIDTH="19"/>
							<String ID="word001591" HPOS="1565" VPOS="3135" WIDTH="4" HEIGHT="53" CONTENT="'" WC="0.22" CC="7"/>
							<SP ID="P14_SP01519" HPOS="1569" VPOS="3188" WIDTH="0"/>
						</TextLine>
						<TextLine ID="P14_TL00165" HPOS="1609" VPOS="3119" WIDTH="1346" HEIGHT="61">
							<String ID="word001592" HPOS="1609" VPOS="3123" WIDTH="136" HEIGHT="37" CONTENT="racter" WC="0.67" CC="333333"/>
							<SP ID="P14_SP01520" HPOS="1744" VPOS="3159" WIDTH="13"/>
							<String ID="word001593" HPOS="1757" VPOS="3119" WIDTH="51" HEIGHT="41" CONTENT="of" WC="1.00" CC="00"/>
							<SP ID="P14_SP01521" HPOS="1808" VPOS="3161" WIDTH="7"/>
							<String ID="word001594" HPOS="1815" VPOS="3131" WIDTH="51" HEIGHT="30" CONTENT="an" WC="0.83" CC="03"/>
							<SP ID="P14_SP01522" HPOS="1866" VPOS="3161" WIDTH="20"/>
							<String ID="word001595" HPOS="1886" VPOS="3124" WIDTH="293" HEIGHT="52" CONTENT="open-hearted" WC="0.95" CC="001022000000"/>
							<SP ID="P14_SP01523" HPOS="2179" VPOS="3176" WIDTH="15"/>
							<String ID="word001596" HPOS="2194" VPOS="3124" WIDTH="77" HEIGHT="41" CONTENT="but" WC="1.00" CC="000"/>
							<SP ID="P14_SP01524" HPOS="2271" VPOS="3176" WIDTH="14"/>
							<String ID="word001597" HPOS="2285" VPOS="3120" WIDTH="45" HEIGHT="58" CONTENT="pa" WC="0.98" CC="00"/>
							<String ID="word001598" HPOS="2330" VPOS="3120" WIDTH="46" HEIGHT="58" CONTENT="ss" STYLE="subscript" WC="0.98" CC="00"/>
							<String ID="word001599" HPOS="2376" VPOS="3120" WIDTH="22" HEIGHT="58" CONTENT="i" WC="0.98" CC="0"/>
							<String ID="word001600" HPOS="2399" VPOS="3120" WIDTH="22" HEIGHT="58" CONTENT="o" STYLE="subscript" WC="0.98" CC="0"/>
							<String ID="word001601" HPOS="2421" VPOS="3120" WIDTH="22" HEIGHT="58" CONTENT="n" WC="0.98" CC="1"/>
							<String ID="word001602" HPOS="2444" VPOS="3120" WIDTH="24" HEIGHT="58" CONTENT="a" STYLE="subscript" WC="0.98" CC="0"/>
							<String ID="word001603" HPOS="2467" VPOS="3120" WIDTH="24" HEIGHT="58" CONTENT="t" WC="0.98" CC="0"/>
							<String ID="word001604" HPOS="2491" VPOS="3120" WIDTH="24" HEIGHT="58" CONTENT="e" STYLE="subscript" WC="0.98" CC="1"/>
							<SP ID="P14_SP01525" HPOS="2515" VPOS="3178" WIDTH="19"/>
							<String ID="word001605" HPOS="2533" VPOS="3128" WIDTH="59" HEIGHT="40" CONTENT="sai" STYLE="subscript" WC="0.97" CC="001"/>
							<String ID="word001606" HPOS="2593" VPOS="3128" WIDTH="19" HEIGHT="40" CONTENT="l" WC="0.97" CC="1"/>
							<String ID="word001607" HPOS="2611" VPOS="3128" WIDTH="40" HEIGHT="40" CONTENT="or" STYLE="subscript" WC="0.97" CC="00"/>
							<String ID="word001608" HPOS="2652" VPOS="3128" WIDTH="20" HEIGHT="40" CONTENT="." WC="0.97" CC="0"/>
							<SP ID="P14_SP01526" HPOS="2672" VPOS="3178" WIDTH="38"/>
							<String ID="word001609" HPOS="2709" VPOS="3130" WIDTH="24" HEIGHT="50" CONTENT="J" WC="0.85" CC="0"/>
							<String ID="word001610" HPOS="2733" VPOS="3130" WIDTH="24" HEIGHT="50" CONTENT="o" STYLE="subscript" WC="0.85" CC="2"/>
							<String ID="word001611" HPOS="2757" VPOS="3130" WIDTH="25" HEIGHT="50" CONTENT="h" WC="0.85" CC="0"/>
							<String ID="word001612" HPOS="2781" VPOS="3130" WIDTH="50" HEIGHT="50" CONTENT="ns" STYLE="subscript" WC="0.85" CC="13"/>
							<String ID="word001613" HPOS="2831" VPOS="3130" WIDTH="25" HEIGHT="50" CONTENT="t" WC="0.85" CC="0"/>
							<String ID="word001614" HPOS="2856" VPOS="3130" WIDTH="74" HEIGHT="50" CONTENT="one" STYLE="subscript" WC="0.85" CC="103"/>
							<String ID="word001615" HPOS="2930" VPOS="3130" WIDTH="25" HEIGHT="50" CONTENT="," WC="0.85" CC="3"/>
							<SP ID="P14_SP01527" HPOS="2955" VPOS="3180" WIDTH="0"/>
						</TextLine>
						<TextLine ID="P14_TL00166" HPOS="1609" VPOS="3169" WIDTH="1348" HEIGHT="65">
							<String ID="word001616" HPOS="1609" VPOS="3169" WIDTH="40" HEIGHT="40" CONTENT="in" WC="0.56" CC="44"/>
							<SP ID="P14_SP01528" HPOS="1649" VPOS="3209" WIDTH="37"/>
							<String ID="word001617" HPOS="1685" VPOS="3171" WIDTH="206" HEIGHT="43" CONTENT="Coroelius" WC="0.52" CC="533833356" STYLEREFS="TXT_3"/>
							<SP ID="P14_SP01529" HPOS="1891" VPOS="3214" WIDTH="32"/>
							<String ID="word001618" HPOS="1923" VPOS="3175" WIDTH="256" HEIGHT="51" CONTENT="O'Dedimus," WC="0.50" CC="3475335357" STYLEREFS="TXT_3"/>
							<SP ID="P14_SP01530" HPOS="2179" VPOS="3226" WIDTH="39"/>
							<String ID="word001619" HPOS="2218" VPOS="3188" WIDTH="94" HEIGHT="32" CONTENT="carn" WC="0.80" CC="0071"/>
							<String ID="word001620" HPOS="2313" VPOS="3188" WIDTH="24" HEIGHT="32" CONTENT="e" STYLE="subscript" WC="0.80" CC="1"/>
							<SP ID="P14_SP01531" HPOS="2336" VPOS="3226" WIDTH="34"/>
							<String ID="word001621" HPOS="2370" VPOS="3191" WIDTH="27" HEIGHT="43" CONTENT="u" STYLE="subscript" WC="1.00" CC="0"/>
							<String ID="word001622" HPOS="2398" VPOS="3191" WIDTH="28" HEIGHT="43" CONTENT="p" WC="1.00" CC="0"/>
							<SP ID="P14_SP01532" HPOS="2426" VPOS="3234" WIDTH="31"/>
							<String ID="word001623" HPOS="2457" VPOS="3184" WIDTH="22" HEIGHT="37" CONTENT="t" WC="0.83" CC="3"/>
							<String ID="word001624" HPOS="2479" VPOS="3184" WIDTH="24" HEIGHT="37" CONTENT="o" STYLE="subscript" WC="0.83" CC="0"/>
							<SP ID="P14_SP01533" HPOS="2503" VPOS="3234" WIDTH="33"/>
							<String ID="word001625" HPOS="2536" VPOS="3180" WIDTH="47" HEIGHT="44" CONTENT="hi" WC="0.95" CC="00"/>
							<String ID="word001626" HPOS="2583" VPOS="3180" WIDTH="72" HEIGHT="44" CONTENT="mse" STYLE="subscript" WC="0.95" CC="300"/>
							<String ID="word001627" HPOS="2655" VPOS="3180" WIDTH="48" HEIGHT="44" CONTENT="lf" WC="0.95" CC="00"/>
							<SP ID="P14_SP01534" HPOS="2704" VPOS="3234" WIDTH="22"/>
							<String ID="word001628" HPOS="2726" VPOS="3183" WIDTH="19" HEIGHT="40" CONTENT="i" WC="1.00" CC="0"/>
							<String ID="word001629" HPOS="2745" VPOS="3183" WIDTH="19" HEIGHT="40" CONTENT="n" STYLE="subscript" WC="1.00" CC="0"/>
							<SP ID="P14_SP01535" HPOS="2764" VPOS="3234" WIDTH="35"/>
							<String ID="word001630" HPOS="2799" VPOS="3187" WIDTH="26" HEIGHT="40" CONTENT="D" WC="0.80" CC="0" STYLEREFS="TXT_3"/>
							<String ID="word001631" HPOS="2825" VPOS="3187" WIDTH="131" HEIGHT="40" CONTENT="ennis" STYLE="subscript" WC="0.80" CC="13205" STYLEREFS="TXT_3"/>
							<SP ID="P14_SP01536" HPOS="2956" VPOS="3234" WIDTH="0"/>
						</TextLine>
						<TextLine ID="P14_TL00167" HPOS="207" VPOS="3187" WIDTH="1339" HEIGHT="58">
							<String ID="word001632" HPOS="207" VPOS="3187" WIDTH="118" HEIGHT="40" CONTENT="lever" WC="0.73" CC="33222"/>
							<SP ID="P14_SP01537" HPOS="325" VPOS="3227" WIDTH="15"/>
							<String ID="word001633" HPOS="340" VPOS="3201" WIDTH="80" HEIGHT="40" CONTENT="pay" WC="0.81" CC="014"/>
							<SP ID="P14_SP01538" HPOS="420" VPOS="3241" WIDTH="20"/>
							<String ID="word001634" HPOS="441" VPOS="3188" WIDTH="63" HEIGHT="40" CONTENT="his" WC="0.85" CC="301"/>
							<SP ID="P14_SP01539" HPOS="503" VPOS="3241" WIDTH="32"/>
							<String ID="word001635" HPOS="535" VPOS="3189" WIDTH="204" HEIGHT="40" CONTENT="addresses" WC="0.97" CC="000001001"/>
							<SP ID="P14_SP01540" HPOS="739" VPOS="3241" WIDTH="32"/>
							<String ID="word001636" HPOS="771" VPOS="3194" WIDTH="46" HEIGHT="34" CONTENT="to" WC="1.00" CC="00"/>
							<SP ID="P14_SP01541" HPOS="817" VPOS="3241" WIDTH="24"/>
							<String ID="word001637" HPOS="841" VPOS="3190" WIDTH="129" HEIGHT="46" CONTENT="Ellen," WC="0.81" CC="110035" STYLEREFS="TXT_3"/>
							<SP ID="P14_SP01542" HPOS="970" VPOS="3241" WIDTH="31"/>
							<String ID="word001638" HPOS="1000" VPOS="3202" WIDTH="26" HEIGHT="26" CONTENT="a" WC="0.78" CC="2"/>
							<SP ID="P14_SP01543" HPOS="1026" VPOS="3241" WIDTH="19"/>
							<String ID="word001639" HPOS="1045" VPOS="3190" WIDTH="203" HEIGHT="39" CONTENT="baronet's" WC="0.68" CC="610160147"/>
							<SP ID="P14_SP01544" HPOS="1248" VPOS="3241" WIDTH="18"/>
							<String ID="word001640" HPOS="1266" VPOS="3189" WIDTH="222" HEIGHT="56" CONTENT="daughter," WC="0.97" CC="000101000"/>
							<SP ID="P14_SP01545" HPOS="1488" VPOS="3244" WIDTH="35"/>
							<String ID="word001641" HPOS="1524" VPOS="3204" WIDTH="22" HEIGHT="27" CONTENT="a" WC="0.33" CC="6"/>
							<SP ID="P14_SP01546" HPOS="1546" VPOS="3244" WIDTH="0"/>
						</TextLine>
						<TextLine ID="P14_TL00168" HPOS="1610" VPOS="3224" WIDTH="1339" HEIGHT="66">
							<String ID="word001642" HPOS="1610" VPOS="3224" WIDTH="318" HEIGHT="53" CONTENT="Brulgruderry." WC="0.61" CC="5333333333383" STYLEREFS="TXT_3"/>
							<SP ID="P14_SP01547" HPOS="1928" VPOS="3278" WIDTH="59"/>
							<String ID="word001643" HPOS="1987" VPOS="3226" WIDTH="219" HEIGHT="51" CONTENT="Mathews," WC="0.94" CC="00000040"/>
							<SP ID="P14_SP01548" HPOS="2205" VPOS="3278" WIDTH="28"/>
							<String ID="word001644" HPOS="2233" VPOS="3242" WIDTH="46" HEIGHT="28" CONTENT="as" WC="0.89" CC="11"/>
							<SP ID="P14_SP01549" HPOS="2280" VPOS="3278" WIDTH="26"/>
							<String ID="word001645" HPOS="2306" VPOS="3231" WIDTH="71" HEIGHT="40" CONTENT="the" WC="1.00" CC="000"/>
							<SP ID="P14_SP01550" HPOS="2376" VPOS="3278" WIDTH="35"/>
							<String ID="word001646" HPOS="2412" VPOS="3233" WIDTH="126" HEIGHT="57" CONTENT="ponde" WC="0.96" CC="00002"/>
							<String ID="word001647" HPOS="2538" VPOS="3233" WIDTH="25" HEIGHT="57" CONTENT="r" STYLE="subscript" WC="0.96" CC="0"/>
							<String ID="word001648" HPOS="2563" VPOS="3233" WIDTH="77" HEIGHT="57" CONTENT="ing" WC="0.96" CC="001"/>
							<SP ID="P14_SP01551" HPOS="2640" VPOS="3289" WIDTH="19"/>
							<String ID="word001649" HPOS="2659" VPOS="3231" WIDTH="21" HEIGHT="50" CONTENT="c" STYLE="subscript" WC="0.94" CC="0"/>
							<String ID="word001650" HPOS="2680" VPOS="3231" WIDTH="21" HEIGHT="50" CONTENT="l" WC="0.94" CC="1"/>
							<String ID="word001651" HPOS="2701" VPOS="3231" WIDTH="43" HEIGHT="50" CONTENT="er" STYLE="subscript" WC="0.94" CC="10"/>
							<String ID="word001652" HPOS="2744" VPOS="3231" WIDTH="43" HEIGHT="50" CONTENT="k," WC="0.94" CC="01"/>
							<SP ID="P14_SP01552" HPOS="2786" VPOS="3289" WIDTH="34"/>
							<String ID="word001653" HPOS="2820" VPOS="3233" WIDTH="43" HEIGHT="48" CONTENT="ra" STYLE="subscript" WC="0.96" CC="01"/>
							<String ID="word001654" HPOS="2863" VPOS="3233" WIDTH="21" HEIGHT="48" CONTENT="i" WC="0.96" CC="0"/>
							<String ID="word001655" HPOS="2884" VPOS="3233" WIDTH="43" HEIGHT="48" CONTENT="se" STYLE="subscript" WC="0.96" CC="10"/>
							<String ID="word001656" HPOS="2927" VPOS="3233" WIDTH="22" HEIGHT="48" CONTENT="d" WC="0.96" CC="0"/>
							<SP ID="P14_SP01553" HPOS="2949" VPOS="3289" WIDTH="0"/>
						</TextLine>
						<TextLine ID="P14_TL00169" HPOS="200" VPOS="3216" WIDTH="1348" HEIGHT="82">
							<String ID="word001657" HPOS="200" VPOS="3237" WIDTH="96" HEIGHT="43" CONTENT="'tic*" WC="0.56" CC="53336"/>
							<SP ID="P14_SP01554" HPOS="295" VPOS="3280" WIDTH="40"/>
							<String ID="word001658" HPOS="335" VPOS="3239" WIDTH="149" HEIGHT="43" CONTENT="heiress" WC="0.94" CC="4000000"/>
							<SP ID="P14_SP01555" HPOS="484" VPOS="3281" WIDTH="34"/>
							<String ID="word001659" HPOS="519" VPOS="3242" WIDTH="51" HEIGHT="40" CONTENT="of" WC="1.00" CC="00"/>
							<SP ID="P14_SP01556" HPOS="569" VPOS="3282" WIDTH="22"/>
							<String ID="word001660" HPOS="592" VPOS="3242" WIDTH="144" HEIGHT="39" CONTENT="twelve" WC="0.96" CC="101000"/>
							<SP ID="P14_SP01557" HPOS="736" VPOS="3282" WIDTH="21"/>
							<String ID="word001661" HPOS="757" VPOS="3242" WIDTH="202" HEIGHT="39" CONTENT="thousand" WC="0.94" CC="00002002" STYLEREFS="TXT_4"/>
							<String ID="word001662" HPOS="958" VPOS="3216" WIDTH="12" HEIGHT="20" CONTENT="'" WC="0.11" CC="8"/>
							<SP ID="P14_SP01558" HPOS="970" VPOS="3282" WIDTH="9"/>
							<String ID="word001663" HPOS="979" VPOS="3254" WIDTH="24" HEIGHT="27" CONTENT="a" WC="1.00" CC="0"/>
							<SP ID="P14_SP01559" HPOS="1003" VPOS="3282" WIDTH="18"/>
							<String ID="word001664" HPOS="1020" VPOS="3254" WIDTH="117" HEIGHT="44" CONTENT="year," WC="0.98" CC="00001"/>
							<SP ID="P14_SP01560" HPOS="1137" VPOS="3298" WIDTH="28"/>
							<String ID="word001665" HPOS="1166" VPOS="3242" WIDTH="136" HEIGHT="43" CONTENT="whose" WC="0.98" CC="00010"/>
							<SP ID="P14_SP01561" HPOS="1302" VPOS="3298" WIDTH="35"/>
							<String ID="word001666" HPOS="1337" VPOS="3240" WIDTH="210" HEIGHT="45" CONTENT="affections" WC="0.91" CC="0111001013"/>
							<SP ID="P14_SP01562" HPOS="1547" VPOS="3298" WIDTH="0"/>
						</TextLine>
						<TextLine ID="P14_TL00170" HPOS="189" VPOS="3274" WIDTH="2764" HEIGHT="76">
							<String ID="word001667" HPOS="189" VPOS="3306" WIDTH="89" HEIGHT="27" CONTENT="•are" WC="0.69" CC="3323"/>
							<SP ID="P14_SP01563" HPOS="278" VPOS="3333" WIDTH="33"/>
							<String ID="word001668" HPOS="311" VPOS="3292" WIDTH="143" HEIGHT="56" CONTENT="placed" WC="0.96" CC="011000"/>
							<SP ID="P14_SP01564" HPOS="454" VPOS="3347" WIDTH="18"/>
							<String ID="word001669" HPOS="471" VPOS="3307" WIDTH="54" HEIGHT="26" CONTENT="on" WC="1.00" CC="00"/>
							<SP ID="P14_SP01565" HPOS="526" VPOS="3347" WIDTH="37"/>
							<String ID="word001670" HPOS="562" VPOS="3294" WIDTH="63" HEIGHT="40" CONTENT="his" WC="1.00" CC="000"/>
							<SP ID="P14_SP01566" HPOS="625" VPOS="3347" WIDTH="18"/>
							<String ID="word001671" HPOS="643" VPOS="3294" WIDTH="157" HEIGHT="47" CONTENT="cousin," WC="0.86" CC="4003101"/>
							<SP ID="P14_SP01567" HPOS="800" VPOS="3347" WIDTH="21"/>
							<String ID="word001672" HPOS="821" VPOS="3308" WIDTH="24" HEIGHT="27" CONTENT="a" WC="1.00" CC="0"/>
							<SP ID="P14_SP01568" HPOS="844" VPOS="3347" WIDTH="18"/>
							<String ID="word001673" HPOS="862" VPOS="3294" WIDTH="138" HEIGHT="46" CONTENT="sailor," WC="0.95" CC="3000000"/>
							<SP ID="P14_SP01569" HPOS="1000" VPOS="3347" WIDTH="27"/>
							<String ID="word001674" HPOS="1028" VPOS="3296" WIDTH="91" HEIGHT="38" CONTENT="who" WC="0.96" CC="010"/>
							<SP ID="P14_SP01570" HPOS="1119" VPOS="3347" WIDTH="21"/>
							<String ID="word001675" HPOS="1140" VPOS="3294" WIDTH="181" HEIGHT="56" CONTENT="through" WC="0.92" CC="1100111"/>
							<SP ID="P14_SP01571" HPOS="1320" VPOS="3350" WIDTH="32"/>
							<String ID="word001676" HPOS="1352" VPOS="3295" WIDTH="93" HEIGHT="41" CONTENT="love" WC="0.86" CC="5000"/>
							<SP ID="P14_SP01572" HPOS="1446" VPOS="3350" WIDTH="18"/>
							<String ID="word001677" HPOS="1463" VPOS="3298" WIDTH="81" HEIGHT="39" CONTENT="for-" WC="1.00" CC="0000"/>
							<SP ID="P14_SP01573" HPOS="1545" VPOS="3350" WIDTH="63"/>
							<String ID="word001678" HPOS="1607" VPOS="3274" WIDTH="61" HEIGHT="43" CONTENT="his" WC="1.00" CC="000"/>
							<SP ID="P14_SP01574" HPOS="1669" VPOS="3350" WIDTH="19"/>
							<String ID="word001679" HPOS="1688" VPOS="3283" WIDTH="92" HEIGHT="47" CONTENT="part" WC="0.83" CC="4110"/>
							<SP ID="P14_SP01575" HPOS="1780" VPOS="3350" WIDTH="20"/>
							<String ID="word001680" HPOS="1800" VPOS="3278" WIDTH="40" HEIGHT="44" CONTENT="in" WC="0.67" CC="15"/>
							<SP ID="P14_SP01576" HPOS="1840" VPOS="3350" WIDTH="14"/>
							<String ID="word001681" HPOS="1854" VPOS="3278" WIDTH="70" HEIGHT="45" CONTENT="the" WC="0.96" CC="001"/>
							<SP ID="P14_SP01577" HPOS="1924" VPOS="3350" WIDTH="20"/>
							<String ID="word001682" HPOS="1944" VPOS="3283" WIDTH="168" HEIGHT="53" CONTENT="comedy" WC="0.98" CC="001000"/>
							<SP ID="P14_SP01578" HPOS="2112" VPOS="3350" WIDTH="17"/>
							<String ID="word001683" HPOS="2128" VPOS="3285" WIDTH="44" HEIGHT="39" CONTENT="to" WC="0.61" CC="25"/>
							<SP ID="P14_SP01579" HPOS="2172" VPOS="3350" WIDTH="15"/>
							<String ID="word001684" HPOS="2187" VPOS="3292" WIDTH="25" HEIGHT="32" CONTENT="a" WC="0.89" CC="1"/>
							<SP ID="P14_SP01580" HPOS="2212" VPOS="3350" WIDTH="19"/>
							<String ID="word001685" HPOS="2231" VPOS="3283" WIDTH="144" HEIGHT="53" CONTENT="higher" WC="0.98" CC="010000"/>
							<SP ID="P14_SP01581" HPOS="2375" VPOS="3350" WIDTH="17"/>
							<String ID="word001686" HPOS="2392" VPOS="3287" WIDTH="152" HEIGHT="40" CONTENT="station" WC="0.90" CC="1100103"/>
							<SP ID="P14_SP01582" HPOS="2544" VPOS="3350" WIDTH="19"/>
							<String ID="word001687" HPOS="2563" VPOS="3287" WIDTH="98" HEIGHT="41" CONTENT="than" WC="1.00" CC="0000"/>
							<SP ID="P14_SP01583" HPOS="2661" VPOS="3350" WIDTH="17"/>
							<String ID="word001688" HPOS="2678" VPOS="3288" WIDTH="31" HEIGHT="40" CONTENT="it" WC="0.83" CC="21"/>
							<SP ID="P14_SP01584" HPOS="2708" VPOS="3350" WIDTH="11"/>
							<String ID="word001689" HPOS="2719" VPOS="3289" WIDTH="80" HEIGHT="43" CONTENT="else" WC="0.83" CC="3111"/>
							<SP ID="P14_SP01585" HPOS="2799" VPOS="3350" WIDTH="17"/>
							<String ID="word001690" HPOS="2816" VPOS="3291" WIDTH="137" HEIGHT="44" CONTENT="would" WC="0.98" CC="10000"/>
							<SP ID="P14_SP01586" HPOS="2953" VPOS="3350" WIDTH="0"/>
						</TextLine>
						<TextLine ID="P14_TL00171" HPOS="1605" VPOS="3327" WIDTH="1347" HEIGHT="66">
							<String ID="word001691" HPOS="1605" VPOS="3327" WIDTH="109" HEIGHT="44" CONTENT="have" WC="0.94" CC="2000"/>
							<SP ID="P14_SP01587" HPOS="1714" VPOS="3371" WIDTH="27"/>
							<String ID="word001692" HPOS="1741" VPOS="3332" WIDTH="219" HEIGHT="57" CONTENT="occupied;" WC="0.85" CC="160050000"/>
							<SP ID="P14_SP01588" HPOS="1959" VPOS="3389" WIDTH="43"/>
							<String ID="word001693" HPOS="2002" VPOS="3335" WIDTH="77" HEIGHT="40" CONTENT="and" WC="1.00" CC="000"/>
							<SP ID="P14_SP01589" HPOS="2079" VPOS="3389" WIDTH="31"/>
							<String ID="word001694" HPOS="2109" VPOS="3337" WIDTH="161" HEIGHT="41" CONTENT="Messrs." WC="0.82" CC="2113130"/>
							<SP ID="P14_SP01590" HPOS="2270" VPOS="3389" WIDTH="38"/>
							<String ID="word001695" HPOS="2308" VPOS="3334" WIDTH="111" HEIGHT="59" CONTENT="Wrou" WC="0.61" CC="5633"/>
							<String ID="word001696" HPOS="2419" VPOS="3334" WIDTH="27" HEIGHT="59" CONTENT="g" STYLE="subscript" WC="0.61" CC="3"/>
							<String ID="word001697" HPOS="2446" VPOS="3334" WIDTH="56" HEIGHT="59" CONTENT="ht" WC="0.61" CC="33"/>
							<String ID="word001698" HPOS="2502" VPOS="3334" WIDTH="57" HEIGHT="59" CONTENT="on" STYLE="subscript" WC="0.61" CC="33"/>
							<String ID="word001699" HPOS="2558" VPOS="3334" WIDTH="28" HEIGHT="59" CONTENT="," WC="0.61" CC="3"/>
							<SP ID="P14_SP01591" HPOS="2587" VPOS="3393" WIDTH="44"/>
							<String ID="word001700" HPOS="2630" VPOS="3341" WIDTH="24" HEIGHT="50" CONTENT="H" WC="1.00" CC="0"/>
							<String ID="word001701" HPOS="2654" VPOS="3341" WIDTH="24" HEIGHT="50" CONTENT="o" STYLE="subscript" WC="1.00" CC="0"/>
							<String ID="word001702" HPOS="2678" VPOS="3341" WIDTH="47" HEIGHT="50" CONTENT="ll" WC="1.00" CC="00"/>
							<String ID="word001703" HPOS="2725" VPOS="3341" WIDTH="48" HEIGHT="50" CONTENT="an" STYLE="subscript" WC="1.00" CC="00"/>
							<String ID="word001704" HPOS="2773" VPOS="3341" WIDTH="48" HEIGHT="50" CONTENT="d," WC="1.00" CC="00"/>
							<SP ID="P14_SP01592" HPOS="2822" VPOS="3393" WIDTH="48"/>
							<String ID="word001705" HPOS="2870" VPOS="3344" WIDTH="54" HEIGHT="44" CONTENT="an" STYLE="subscript" WC="1.00" CC="00"/>
							<String ID="word001706" HPOS="2924" VPOS="3344" WIDTH="27" HEIGHT="44" CONTENT="d" WC="1.00" CC="0"/>
							<SP ID="P14_SP01593" HPOS="2952" VPOS="3393" WIDTH="0"/>
						</TextLine>
						<TextLine ID="P14_TL00172" HPOS="187" VPOS="3346" WIDTH="1358" HEIGHT="57">
							<String ID="word001707" HPOS="187" VPOS="3346" WIDTH="138" HEIGHT="43" CONTENT="-sakes" WC="0.69" CC="452123"/>
							<SP ID="P14_SP01594" HPOS="325" VPOS="3389" WIDTH="28"/>
							<String ID="word001708" HPOS="353" VPOS="3346" WIDTH="61" HEIGHT="40" CONTENT="his" WC="0.96" CC="001"/>
							<SP ID="P14_SP01595" HPOS="415" VPOS="3389" WIDTH="22"/>
							<String ID="word001709" HPOS="437" VPOS="3347" WIDTH="91" HEIGHT="53" CONTENT="ship" WC="1.00" CC="0000"/>
							<SP ID="P14_SP01596" HPOS="528" VPOS="3400" WIDTH="21"/>
							<String ID="word001710" HPOS="549" VPOS="3353" WIDTH="44" HEIGHT="34" CONTENT="to" WC="1.00" CC="00"/>
							<SP ID="P14_SP01597" HPOS="593" VPOS="3400" WIDTH="24"/>
							<String ID="word001711" HPOS="617" VPOS="3347" WIDTH="89" HEIGHT="41" CONTENT="visit" WC="0.98" CC="01000"/>
							<SP ID="P14_SP01598" HPOS="705" VPOS="3400" WIDTH="20"/>
							<String ID="word001712" HPOS="725" VPOS="3350" WIDTH="61" HEIGHT="38" CONTENT="his" WC="0.96" CC="001"/>
							<SP ID="P14_SP01599" HPOS="787" VPOS="3400" WIDTH="28"/>
							<String ID="word001713" HPOS="815" VPOS="3346" WIDTH="187" HEIGHT="43" CONTENT="mistress." WC="0.65" CC="644222332"/>
							<SP ID="P14_SP01600" HPOS="1002" VPOS="3400" WIDTH="56"/>
							<String ID="word001714" HPOS="1057" VPOS="3350" WIDTH="61" HEIGHT="39" CONTENT="On" WC="1.00" CC="00"/>
							<SP ID="P14_SP01601" HPOS="1119" VPOS="3400" WIDTH="20"/>
							<String ID="word001715" HPOS="1139" VPOS="3350" WIDTH="169" HEIGHT="53" CONTENT="hearing" WC="0.84" CC="1500040"/>
							<SP ID="P14_SP01602" HPOS="1307" VPOS="3403" WIDTH="19"/>
							<String ID="word001716" HPOS="1326" VPOS="3347" WIDTH="51" HEIGHT="41" CONTENT="of" WC="0.94" CC="10"/>
							<SP ID="P14_SP01603" HPOS="1377" VPOS="3403" WIDTH="12"/>
							<String ID="word001717" HPOS="1389" VPOS="3348" WIDTH="74" HEIGHT="41" CONTENT="her" WC="0.67" CC="522"/>
							<SP ID="P14_SP01604" HPOS="1463" VPOS="3403" WIDTH="13"/>
							<String ID="word001718" HPOS="1476" VPOS="3363" WIDTH="69" HEIGHT="39" CONTENT="ap-" WC="0.48" CC="554"/>
						</TextLine>
						<TextLine ID="P14_TL00173" HPOS="1607" VPOS="3381" WIDTH="1343" HEIGHT="69">
							<String ID="word001719" HPOS="1607" VPOS="3381" WIDTH="169" HEIGHT="50" CONTENT="Powell," WC="0.94" CC="0000211"/>
							<SP ID="P14_SP01605" HPOS="1776" VPOS="3431" WIDTH="30"/>
							<String ID="word001720" HPOS="1806" VPOS="3383" WIDTH="39" HEIGHT="43" CONTENT="in" WC="0.56" CC="44"/>
							<SP ID="P14_SP01606" HPOS="1845" VPOS="3431" WIDTH="18"/>
							<String ID="word001721" HPOS="1863" VPOS="3386" WIDTH="246" HEIGHT="51" CONTENT="Faulkener," WC="0.61" CC="6333335333" STYLEREFS="TXT_3"/>
							<SP ID="P14_SP01607" HPOS="2108" VPOS="3437" WIDTH="27"/>
							<String ID="word001722" HPOS="2135" VPOS="3387" WIDTH="402" HEIGHT="53" CONTENT="Lardiitaltneourt," WC="0.39" CC="38338878835835355" STYLEREFS="TXT_3"/>
							<SP ID="P14_SP01608" HPOS="2537" VPOS="3441" WIDTH="30"/>
							<String ID="word001723" HPOS="2567" VPOS="3393" WIDTH="78" HEIGHT="41" CONTENT="and" WC="0.96" CC="010"/>
							<SP ID="P14_SP01609" HPOS="2644" VPOS="3441" WIDTH="13"/>
							<String ID="word001724" HPOS="2657" VPOS="3394" WIDTH="60" HEIGHT="40" CONTENT="his" WC="0.96" CC="001"/>
							<SP ID="P14_SP01610" HPOS="2718" VPOS="3441" WIDTH="12"/>
							<String ID="word001725" HPOS="2730" VPOS="3398" WIDTH="220" HEIGHT="52" CONTENT="guardian," WC="0.95" CC="101000011"/>
							<SP ID="P14_SP01611" HPOS="2949" VPOS="3450" WIDTH="0"/>
						</TextLine>
						<TextLine ID="P14_TL00174" HPOS="202" VPOS="3399" WIDTH="1345" HEIGHT="62">
							<String ID="word001726" HPOS="202" VPOS="3399" WIDTH="234" HEIGHT="61" CONTENT="proaxhing" WC="0.62" CC="323483332"/>
							<SP ID="P14_SP01612" HPOS="436" VPOS="3461" WIDTH="38"/>
							<String ID="word001727" HPOS="474" VPOS="3402" WIDTH="206" HEIGHT="52" CONTENT="marriage" WC="0.83" CC="37001100"/>
							<SP ID="P14_SP01613" HPOS="679" VPOS="3461" WIDTH="47"/>
							<String ID="word001728" HPOS="726" VPOS="3400" WIDTH="96" HEIGHT="41" CONTENT="with" WC="0.94" CC="2000"/>
							<SP ID="P14_SP01614" HPOS="822" VPOS="3461" WIDTH="48"/>
							<String ID="word001729" HPOS="870" VPOS="3403" WIDTH="112" HEIGHT="39" CONTENT="Lord" WC="0.97" CC="1000" STYLEREFS="TXT_3"/>
							<SP ID="P14_SP01615" HPOS="983" VPOS="3461" WIDTH="28"/>
							<String ID="word001730" HPOS="1011" VPOS="3402" WIDTH="278" HEIGHT="46" CONTENT="Austineourt," WC="0.65" CC="343723333322" STYLEREFS="TXT_3"/>
							<SP ID="P14_SP01616" HPOS="1289" VPOS="3461" WIDTH="45"/>
							<String ID="word001731" HPOS="1333" VPOS="3402" WIDTH="51" HEIGHT="40" CONTENT="he" WC="0.72" CC="41"/>
							<SP ID="P14_SP01617" HPOS="1384" VPOS="3461" WIDTH="27"/>
							<String ID="word001732" HPOS="1411" VPOS="3402" WIDTH="136" HEIGHT="41" CONTENT="'steals" WC="0.95" CC="1100100"/>
							<SP ID="P14_SP01618" HPOS="1547" VPOS="3461" WIDTH="0"/>
						</TextLine>
						<TextLine ID="P14_TL00175" HPOS="204" VPOS="3435" WIDTH="2027" HEIGHT="71">
							<String ID="word001733" HPOS="204" VPOS="3457" WIDTH="91" HEIGHT="35" CONTENT="Into" WC="0.83" CC="5100"/>
							<SP ID="P14_SP01619" HPOS="295" VPOS="3493" WIDTH="31"/>
							<String ID="word001734" HPOS="326" VPOS="3452" WIDTH="76" HEIGHT="40" CONTENT="her" WC="1.00" CC="000"/>
							<SP ID="P14_SP01620" HPOS="402" VPOS="3493" WIDTH="31"/>
							<String ID="word001735" HPOS="432" VPOS="3454" WIDTH="129" HEIGHT="39" CONTENT="house" WC="0.95" CC="00020"/>
							<SP ID="P14_SP01621" HPOS="561" VPOS="3493" WIDTH="34"/>
							<String ID="word001736" HPOS="595" VPOS="3461" WIDTH="44" HEIGHT="33" CONTENT="to" WC="1.00" CC="00"/>
							<SP ID="P14_SP01622" HPOS="639" VPOS="3494" WIDTH="40"/>
							<String ID="word001737" HPOS="679" VPOS="3454" WIDTH="196" HEIGHT="52" CONTENT="reproach" WC="0.99" CC="00001000"/>
							<SP ID="P14_SP01623" HPOS="875" VPOS="3506" WIDTH="39"/>
							<String ID="word001738" HPOS="914" VPOS="3454" WIDTH="72" HEIGHT="39" CONTENT="her" WC="0.96" CC="010"/>
							<SP ID="P14_SP01624" HPOS="986" VPOS="3506" WIDTH="27"/>
							<String ID="word001739" HPOS="1013" VPOS="3454" WIDTH="66" HEIGHT="39" CONTENT="for" WC="1.00" CC="000"/>
							<SP ID="P14_SP01625" HPOS="1080" VPOS="3506" WIDTH="37"/>
							<String ID="word001740" HPOS="1116" VPOS="3454" WIDTH="72" HEIGHT="40" CONTENT="her" WC="0.93" CC="110"/>
							<SP ID="P14_SP01626" HPOS="1188" VPOS="3506" WIDTH="32"/>
							<String ID="word001741" HPOS="1220" VPOS="3454" WIDTH="321" HEIGHT="45" CONTENT="unfaithfulness." WC="0.99" CC="000000000000100"/>
							<SP ID="P14_SP01627" HPOS="1541" VPOS="3506" WIDTH="64"/>
							<String ID="word001742" HPOS="1605" VPOS="3435" WIDTH="180" HEIGHT="43" CONTENT="attained" WC="0.68" CC="14444240"/>
							<SP ID="P14_SP01628" HPOS="1785" VPOS="3506" WIDTH="18"/>
							<String ID="word001743" HPOS="1802" VPOS="3439" WIDTH="171" HEIGHT="41" CONTENT="unusual" WC="0.94" CC="3100000"/>
							<SP ID="P14_SP01629" HPOS="1974" VPOS="3506" WIDTH="13"/>
							<String ID="word001744" HPOS="1987" VPOS="3441" WIDTH="244" HEIGHT="44" CONTENT="excellence." WC="0.83" CC="15111212111"/>
							<SP ID="P14_SP01630" HPOS="2231" VPOS="3506" WIDTH="0"/>
						</TextLine>
						<TextLine ID="P14_TL00176" HPOS="1657" VPOS="3489" WIDTH="1294" HEIGHT="59">
							<String ID="word001745" HPOS="1657" VPOS="3489" WIDTH="91" HEIGHT="41" CONTENT="The" WC="0.85" CC="031"/>
							<SP ID="P14_SP01631" HPOS="1748" VPOS="3530" WIDTH="17"/>
							<String ID="word001746" HPOS="1765" VPOS="3489" WIDTH="191" HEIGHT="56" CONTENT="epilogue" WC="0.99" CC="00010000"/>
							<SP ID="P14_SP01632" HPOS="1956" VPOS="3544" WIDTH="19"/>
							<String ID="word001747" HPOS="1975" VPOS="3494" WIDTH="253" HEIGHT="43" CONTENT="entertained" WC="0.99" CC="10000000000"/>
							<SP ID="P14_SP01633" HPOS="2228" VPOS="3544" WIDTH="32"/>
							<String ID="word001748" HPOS="2259" VPOS="3506" WIDTH="46" HEIGHT="31" CONTENT="us" WC="0.94" CC="01"/>
							<SP ID="P14_SP01634" HPOS="2306" VPOS="3544" WIDTH="19"/>
							<String ID="word001749" HPOS="2324" VPOS="3495" WIDTH="94" HEIGHT="44" CONTENT="with" WC="0.81" CC="3022"/>
							<SP ID="P14_SP01635" HPOS="2419" VPOS="3544" WIDTH="22"/>
							<String ID="word001750" HPOS="2441" VPOS="3496" WIDTH="47" HEIGHT="43" CONTENT="th" WC="1.00" CC="00"/>
							<String ID="word001751" HPOS="2489" VPOS="3496" WIDTH="24" HEIGHT="43" CONTENT="e" STYLE="subscript" WC="1.00" CC="0"/>
							<SP ID="P14_SP01636" HPOS="2512" VPOS="3544" WIDTH="15"/>
							<String ID="word001752" HPOS="2528" VPOS="3496" WIDTH="24" HEIGHT="52" CONTENT="k" WC="0.44" CC="3"/>
							<String ID="word001753" HPOS="2551" VPOS="3496" WIDTH="24" HEIGHT="52" CONTENT="e" STYLE="subscript" WC="0.44" CC="3"/>
							<String ID="word001754" HPOS="2575" VPOS="3496" WIDTH="24" HEIGHT="52" CONTENT="e" WC="0.44" CC="3"/>
							<String ID="word001755" HPOS="2598" VPOS="3496" WIDTH="24" HEIGHT="52" CONTENT="t" STYLE="subscript" WC="0.44" CC="5"/>
							<String ID="word001756" HPOS="2622" VPOS="3496" WIDTH="24" HEIGHT="52" CONTENT="m" WC="0.44" CC="6"/>
							<String ID="word001757" HPOS="2646" VPOS="3496" WIDTH="94" HEIGHT="52" CONTENT="essi" STYLE="subscript" WC="0.44" CC="5578"/>
							<SP ID="P14_SP01637" HPOS="2740" VPOS="3548" WIDTH="31"/>
							<String ID="word001758" HPOS="2771" VPOS="3509" WIDTH="76" HEIGHT="35" CONTENT="net" STYLE="subscript" WC="0.74" CC="151"/>
							<SP ID="P14_SP01638" HPOS="2846" VPOS="3548" WIDTH="31"/>
							<String ID="word001759" HPOS="2877" VPOS="3504" WIDTH="24" HEIGHT="41" CONTENT="t" STYLE="subscript" WC="1.00" CC="0"/>
							<String ID="word001760" HPOS="2901" VPOS="3504" WIDTH="25" HEIGHT="41" CONTENT="h" WC="1.00" CC="0"/>
							<String ID="word001761" HPOS="2926" VPOS="3504" WIDTH="25" HEIGHT="41" CONTENT="e" STYLE="subscript" WC="1.00" CC="0"/>
							<SP ID="P14_SP01639" HPOS="2950" VPOS="3548" WIDTH="0"/>
						</TextLine>
						<TextLine ID="P14_TL00177" HPOS="201" VPOS="3504" WIDTH="1342" HEIGHT="54">
							<String ID="word001762" HPOS="201" VPOS="3507" WIDTH="184" HEIGHT="45" CONTENT="—Here," WC="0.96" CC="101000"/>
							<SP ID="P14_SP01640" HPOS="385" VPOS="3552" WIDTH="27"/>
							<String ID="word001763" HPOS="412" VPOS="3519" WIDTH="24" HEIGHT="27" CONTENT="a" WC="1.00" CC="0"/>
							<SP ID="P14_SP01641" HPOS="436" VPOS="3552" WIDTH="26"/>
							<String ID="word001764" HPOS="462" VPOS="3506" WIDTH="164" HEIGHT="52" CONTENT="quarrel" WC="0.90" CC="1010031"/>
							<SP ID="P14_SP01642" HPOS="626" VPOS="3557" WIDTH="19"/>
							<String ID="word001765" HPOS="645" VPOS="3506" WIDTH="154" HEIGHT="41" CONTENT="similar" WC="0.94" CC="0001210"/>
							<SP ID="P14_SP01643" HPOS="798" VPOS="3557" WIDTH="32"/>
							<String ID="word001766" HPOS="830" VPOS="3511" WIDTH="45" HEIGHT="39" CONTENT="to" WC="1.00" CC="00"/>
							<SP ID="P14_SP01644" HPOS="875" VPOS="3557" WIDTH="25"/>
							<String ID="word001767" HPOS="900" VPOS="3507" WIDTH="90" HEIGHT="41" CONTENT="that" WC="1.00" CC="0000"/>
							<SP ID="P14_SP01645" HPOS="990" VPOS="3557" WIDTH="18"/>
							<String ID="word001768" HPOS="1007" VPOS="3504" WIDTH="52" HEIGHT="41" CONTENT="of" WC="1.00" CC="00"/>
							<SP ID="P14_SP01646" HPOS="1059" VPOS="3557" WIDTH="13"/>
							<String ID="word001769" HPOS="1072" VPOS="3508" WIDTH="145" HEIGHT="39" CONTENT="Donna" WC="0.78" CC="11323" STYLEREFS="TXT_3"/>
							<SP ID="P14_SP01647" HPOS="1218" VPOS="3557" WIDTH="31"/>
							<String ID="word001770" HPOS="1248" VPOS="3509" WIDTH="197" HEIGHT="47" CONTENT="rialanle," WC="0.47" CC="837544633" STYLEREFS="TXT_3"/>
							<SP ID="P14_SP01648" HPOS="1446" VPOS="3557" WIDTH="20"/>
							<String ID="word001771" HPOS="1466" VPOS="3504" WIDTH="77" HEIGHT="45" CONTENT="and" WC="0.70" CC="044"/>
							<SP ID="P14_SP01649" HPOS="1543" VPOS="3557" WIDTH="0"/>
						</TextLine>
						<TextLine ID="P14_TL00178" HPOS="201" VPOS="3557" WIDTH="1342" HEIGHT="56">
							<String ID="word001772" HPOS="201" VPOS="3557" WIDTH="34" HEIGHT="46" CONTENT="li" WC="0.32" CC="77" STYLEREFS="TXT_3"/>
							<String ID="word001773" HPOS="235" VPOS="3557" WIDTH="17" HEIGHT="46" CONTENT="," STYLE="superscript" WC="0.32" CC="7" STYLEREFS="TXT_3"/>
							<String ID="word001774" HPOS="252" VPOS="3557" WIDTH="87" HEIGHT="46" CONTENT="li.r." WC="0.32" CC="65737" STYLEREFS="TXT_3"/>
							<SP ID="P14_SP01650" HPOS="339" VPOS="3604" WIDTH="21"/>
							<String ID="word001775" HPOS="360" VPOS="3557" WIDTH="41" HEIGHT="41" CONTENT="in" WC="0.89" CC="02" STYLEREFS="TXT_3"/>
							<SP ID="P14_SP01651" HPOS="402" VPOS="3604" WIDTH="19"/>
							<String ID="word001776" HPOS="420" VPOS="3565" WIDTH="31" HEIGHT="19" CONTENT='"' WC="0.67" CC="3" STYLEREFS="TXT_3"/>
							<SP ID="P14_SP01652" HPOS="451" VPOS="3604" WIDTH="31"/>
							<String ID="word001777" HPOS="482" VPOS="3560" WIDTH="81" HEIGHT="43" CONTENT="The" WC="0.89" CC="111" STYLEREFS="TXT_3"/>
							<SP ID="P14_SP01653" HPOS="563" VPOS="3604" WIDTH="21"/>
							<String ID="word001778" HPOS="585" VPOS="3562" WIDTH="226" HEIGHT="45" CONTENT='!Fonder,"' WC="0.75" CC="681005000" STYLEREFS="TXT_3"/>
							<SP ID="P14_SP01654" HPOS="810" VPOS="3607" WIDTH="19"/>
							<String ID="word001779" HPOS="829" VPOS="3573" WIDTH="139" HEIGHT="28" CONTENT="ensues" WC="0.98" CC="001000"/>
							<SP ID="P14_SP01655" HPOS="969" VPOS="3607" WIDTH="17"/>
							<String ID="word001780" HPOS="985" VPOS="3560" WIDTH="184" HEIGHT="40" CONTENT="between" WC="0.98" CC="0000001"/>
							<SP ID="P14_SP01656" HPOS="1169" VPOS="3607" WIDTH="15"/>
							<String ID="word001781" HPOS="1185" VPOS="3561" WIDTH="69" HEIGHT="39" CONTENT="the" WC="1.00" CC="000"/>
							<SP ID="P14_SP01657" HPOS="1253" VPOS="3607" WIDTH="21"/>
							<String ID="word001782" HPOS="1274" VPOS="3560" WIDTH="163" HEIGHT="53" CONTENT="jealous" WC="0.95" CC="0000300"/>
							<SP ID="P14_SP01658" HPOS="1437" VPOS="3613" WIDTH="17"/>
							<String ID="word001783" HPOS="1454" VPOS="3560" WIDTH="89" HEIGHT="43" CONTENT="irri-" WC="0.58" CC="32248"/>
							<SP ID="P14_SP01659" HPOS="1543" VPOS="3613" WIDTH="0"/>
						</TextLine>
						<TextLine ID="P14_TL00179" HPOS="1604" VPOS="3539" WIDTH="1333" HEIGHT="72">
							<String ID="word001784" HPOS="1604" VPOS="3539" WIDTH="141" HEIGHT="58" CONTENT="length" WC="0.98" CC="100000"/>
							<SP ID="P14_SP01660" HPOS="1744" VPOS="3596" WIDTH="33"/>
							<String ID="word001785" HPOS="1778" VPOS="3543" WIDTH="52" HEIGHT="40" CONTENT="of" WC="1.00" CC="00"/>
							<SP ID="P14_SP01661" HPOS="1830" VPOS="3596" WIDTH="33"/>
							<String ID="word001786" HPOS="1863" VPOS="3557" WIDTH="52" HEIGHT="27" CONTENT="an" WC="1.00" CC="00"/>
							<SP ID="P14_SP01662" HPOS="1915" VPOS="3596" WIDTH="52"/>
							<String ID="word001787" HPOS="1967" VPOS="3547" WIDTH="91" HEIGHT="41" CONTENT="auth" WC="0.99" CC="0000"/>
							<String ID="word001788" HPOS="2057" VPOS="3547" WIDTH="22" HEIGHT="41" CONTENT="o" STYLE="subscript" WC="0.99" CC="0"/>
							<String ID="word001789" HPOS="2080" VPOS="3547" WIDTH="46" HEIGHT="41" CONTENT="r'" WC="0.99" CC="00"/>
							<String ID="word001790" HPOS="2126" VPOS="3547" WIDTH="24" HEIGHT="41" CONTENT="s" STYLE="subscript" WC="0.99" CC="1"/>
							<SP ID="P14_SP01663" HPOS="2150" VPOS="3596" WIDTH="28"/>
							<String ID="word001791" HPOS="2178" VPOS="3559" WIDTH="21" HEIGHT="32" CONTENT="e" WC="1.00" CC="0"/>
							<String ID="word001792" HPOS="2199" VPOS="3559" WIDTH="43" HEIGHT="32" CONTENT="ar" STYLE="subscript" WC="1.00" CC="00"/>
							<String ID="word001793" HPOS="2242" VPOS="3559" WIDTH="22" HEIGHT="32" CONTENT="." WC="1.00" CC="0"/>
							<SP ID="P14_SP01664" HPOS="2264" VPOS="3596" WIDTH="58"/>
							<String ID="word001794" HPOS="2322" VPOS="3552" WIDTH="37" HEIGHT="40" CONTENT="It" WC="0.83" CC="30"/>
							<SP ID="P14_SP01665" HPOS="2359" VPOS="3596" WIDTH="33"/>
							<String ID="word001795" HPOS="2392" VPOS="3553" WIDTH="72" HEIGHT="41" CONTENT="con" STYLE="subscript" WC="1.00" CC="000"/>
							<String ID="word001796" HPOS="2464" VPOS="3553" WIDTH="24" HEIGHT="41" CONTENT="t" WC="1.00" CC="0"/>
							<String ID="word001797" HPOS="2487" VPOS="3553" WIDTH="24" HEIGHT="41" CONTENT="a" STYLE="subscript" WC="1.00" CC="0"/>
							<String ID="word001798" HPOS="2511" VPOS="3553" WIDTH="25" HEIGHT="41" CONTENT="i" WC="1.00" CC="0"/>
							<String ID="word001799" HPOS="2536" VPOS="3553" WIDTH="50" HEIGHT="41" CONTENT="ne" STYLE="subscript" WC="1.00" CC="00"/>
							<String ID="word001800" HPOS="2585" VPOS="3553" WIDTH="25" HEIGHT="41" CONTENT="d" WC="1.00" CC="0"/>
							<SP ID="P14_SP01666" HPOS="2610" VPOS="3596" WIDTH="47"/>
							<String ID="word001801" HPOS="2657" VPOS="3556" WIDTH="74" HEIGHT="54" CONTENT="not" STYLE="subscript" WC="0.97" CC="000"/>
							<String ID="word001802" HPOS="2732" VPOS="3556" WIDTH="51" HEIGHT="54" CONTENT="hi" WC="0.97" CC="01"/>
							<String ID="word001803" HPOS="2783" VPOS="3556" WIDTH="51" HEIGHT="54" CONTENT="ng" STYLE="subscript" WC="0.97" CC="01"/>
							<SP ID="P14_SP01667" HPOS="2833" VPOS="3611" WIDTH="40"/>
							<String ID="word001804" HPOS="2874" VPOS="3570" WIDTH="63" HEIGHT="28" CONTENT="re-" STYLE="subscript" WC="0.78" CC="024"/>
						</TextLine>
						<TextLine ID="P14_TL00180" HPOS="198" VPOS="3611" WIDTH="1342" HEIGHT="56">
							<String ID="word001805" HPOS="198" VPOS="3611" WIDTH="118" HEIGHT="45" CONTENT="tam!" WC="0.56" CC="0367"/>
							<SP ID="P14_SP01668" HPOS="317" VPOS="3656" WIDTH="33"/>
							<String ID="word001806" HPOS="350" VPOS="3612" WIDTH="133" HEIGHT="47" CONTENT="lover," WC="0.98" CC="010000"/>
							<SP ID="P14_SP01669" HPOS="483" VPOS="3659" WIDTH="30"/>
							<String ID="word001807" HPOS="513" VPOS="3613" WIDTH="78" HEIGHT="39" CONTENT="and" WC="1.00" CC="000"/>
							<SP ID="P14_SP01670" HPOS="591" VPOS="3659" WIDTH="22"/>
							<String ID="word001808" HPOS="613" VPOS="3613" WIDTH="58" HEIGHT="43" CONTENT="his" WC="0.63" CC="046"/>
							<SP ID="P14_SP01671" HPOS="671" VPOS="3659" WIDTH="31"/>
							<String ID="word001809" HPOS="702" VPOS="3614" WIDTH="183" HEIGHT="52" CONTENT="wrongly" WC="0.97" CC="0000011"/>
							<SP ID="P14_SP01672" HPOS="885" VPOS="3666" WIDTH="32"/>
							<String ID="word001810" HPOS="917" VPOS="3614" WIDTH="208" HEIGHT="52" CONTENT="suspected" WC="1.00" CC="000000000"/>
							<SP ID="P14_SP01673" HPOS="1124" VPOS="3666" WIDTH="31"/>
							<String ID="word001811" HPOS="1155" VPOS="3614" WIDTH="185" HEIGHT="48" CONTENT="mistress," WC="0.97" CC="001000010"/>
							<SP ID="P14_SP01674" HPOS="1341" VPOS="3666" WIDTH="26"/>
							<String ID="word001812" HPOS="1367" VPOS="3614" WIDTH="96" HEIGHT="40" CONTENT="who" WC="1.00" CC="000"/>
							<SP ID="P14_SP01675" HPOS="1462" VPOS="3666" WIDTH="19"/>
							<String ID="word001813" HPOS="1481" VPOS="3628" WIDTH="59" HEIGHT="27" CONTENT="re-" WC="0.93" CC="011"/>
							<SP ID="P14_SP01676" HPOS="1540" VPOS="3666" WIDTH="0"/>
						</TextLine>
						<TextLine ID="P14_TL00181" HPOS="1606" VPOS="3594" WIDTH="1346" HEIGHT="61">
							<String ID="word001814" HPOS="1606" VPOS="3594" WIDTH="229" HEIGHT="48" CONTENT="markahle," WC="0.62" CC="333333733"/>
							<SP ID="P14_SP01677" HPOS="1835" VPOS="3643" WIDTH="27"/>
							<String ID="word001815" HPOS="1863" VPOS="3598" WIDTH="78" HEIGHT="41" CONTENT="and" WC="0.93" CC="110"/>
							<SP ID="P14_SP01678" HPOS="1941" VPOS="3643" WIDTH="22"/>
							<String ID="word001816" HPOS="1963" VPOS="3599" WIDTH="69" HEIGHT="41" CONTENT="the" WC="1.00" CC="000"/>
							<SP ID="P14_SP01679" HPOS="2031" VPOS="3643" WIDTH="30"/>
							<String ID="word001817" HPOS="2061" VPOS="3598" WIDTH="66" HEIGHT="57" CONTENT="pla" WC="0.97" CC="010"/>
							<String ID="word001818" HPOS="2127" VPOS="3598" WIDTH="22" HEIGHT="57" CONTENT="u" STYLE="subscript" WC="0.97" CC="0"/>
							<String ID="word001819" HPOS="2150" VPOS="3598" WIDTH="67" HEIGHT="57" CONTENT="dit" WC="0.97" CC="000"/>
							<String ID="word001820" HPOS="2217" VPOS="3598" WIDTH="22" HEIGHT="57" CONTENT="s" STYLE="subscript" WC="0.97" CC="1"/>
							<SP ID="P14_SP01680" HPOS="2239" VPOS="3654" WIDTH="27"/>
							<String ID="word001821" HPOS="2267" VPOS="3602" WIDTH="25" HEIGHT="41" CONTENT="w" STYLE="subscript" WC="1.00" CC="0"/>
							<String ID="word001822" HPOS="2291" VPOS="3602" WIDTH="51" HEIGHT="41" CONTENT="hi" WC="1.00" CC="00"/>
							<String ID="word001823" HPOS="2342" VPOS="3602" WIDTH="25" HEIGHT="41" CONTENT="c" STYLE="subscript" WC="1.00" CC="0"/>
							<String ID="word001824" HPOS="2367" VPOS="3602" WIDTH="26" HEIGHT="41" CONTENT="h" WC="1.00" CC="0"/>
							<SP ID="P14_SP01681" HPOS="2393" VPOS="3654" WIDTH="38"/>
							<String ID="word001825" HPOS="2431" VPOS="3604" WIDTH="38" HEIGHT="41" CONTENT="it" WC="1.00" CC="00"/>
							<SP ID="P14_SP01682" HPOS="2469" VPOS="3654" WIDTH="33"/>
							<String ID="word001826" HPOS="2502" VPOS="3607" WIDTH="22" HEIGHT="47" CONTENT="o" STYLE="subscript" WC="0.99" CC="1"/>
							<String ID="word001827" HPOS="2524" VPOS="3607" WIDTH="46" HEIGHT="47" CONTENT="bt" WC="0.99" CC="00"/>
							<String ID="word001828" HPOS="2570" VPOS="3607" WIDTH="24" HEIGHT="47" CONTENT="a" STYLE="subscript" WC="0.99" CC="0"/>
							<String ID="word001829" HPOS="2594" VPOS="3607" WIDTH="24" HEIGHT="47" CONTENT="i" WC="0.99" CC="0"/>
							<String ID="word001830" HPOS="2617" VPOS="3607" WIDTH="47" HEIGHT="47" CONTENT="ne" STYLE="subscript" WC="0.99" CC="00"/>
							<String ID="word001831" HPOS="2665" VPOS="3607" WIDTH="47" HEIGHT="47" CONTENT="d," WC="0.99" CC="00"/>
							<SP ID="P14_SP01683" HPOS="2712" VPOS="3654" WIDTH="31"/>
							<String ID="word001832" HPOS="2743" VPOS="3618" WIDTH="105" HEIGHT="33" CONTENT="werd" STYLE="subscript" WC="0.56" CC="3355"/>
							<SP ID="P14_SP01684" HPOS="2848" VPOS="3654" WIDTH="30"/>
							<String ID="word001833" HPOS="2877" VPOS="3608" WIDTH="25" HEIGHT="45" CONTENT="d" WC="0.63" CC="3" STYLEREFS="TXT_3"/>
							<String ID="word001834" HPOS="2902" VPOS="3608" WIDTH="25" HEIGHT="45" CONTENT="e" STYLE="subscript" WC="0.63" CC="3" STYLEREFS="TXT_3"/>
							<String ID="word001835" HPOS="2927" VPOS="3608" WIDTH="25" HEIGHT="45" CONTENT="." WC="0.63" CC="4" STYLEREFS="TXT_3"/>
							<SP ID="P14_SP01685" HPOS="2952" VPOS="3654" WIDTH="0"/>
						</TextLine>
						<TextLine ID="P14_TL00182" HPOS="188" VPOS="3648" WIDTH="2233" HEIGHT="71">
							<String ID="word001836" HPOS="188" VPOS="3663" WIDTH="171" HEIGHT="52" CONTENT="•tires,in" WC="0.49" CC="533264657"/>
							<SP ID="P14_SP01686" HPOS="359" VPOS="3715" WIDTH="20"/>
							<String ID="word001837" HPOS="379" VPOS="3677" WIDTH="141" HEIGHT="41" CONTENT="anger." WC="1.00" CC="000000"/>
							<SP ID="P14_SP01687" HPOS="520" VPOS="3718" WIDTH="60"/>
							<String ID="word001838" HPOS="580" VPOS="3669" WIDTH="45" HEIGHT="38" CONTENT="In" WC="0.94" CC="10"/>
							<SP ID="P14_SP01688" HPOS="625" VPOS="3718" WIDTH="18"/>
							<String ID="word001839" HPOS="643" VPOS="3666" WIDTH="275" HEIGHT="52" CONTENT="aimbsequent" WC="0.59" CC="27524732332"/>
							<SP ID="P14_SP01689" HPOS="918" VPOS="3718" WIDTH="12"/>
							<String ID="word001840" HPOS="930" VPOS="3665" WIDTH="176" HEIGHT="54" CONTENT="meeting" WC="0.98" CC="0100000"/>
							<SP ID="P14_SP01690" HPOS="1106" VPOS="3719" WIDTH="17"/>
							<String ID="word001841" HPOS="1122" VPOS="3665" WIDTH="71" HEIGHT="41" CONTENT="she" WC="0.96" CC="100" STYLEREFS="TXT_3"/>
							<SP ID="P14_SP01691" HPOS="1193" VPOS="3719" WIDTH="17"/>
							<String ID="word001842" HPOS="1209" VPOS="3666" WIDTH="183" HEIGHT="44" CONTENT="conceals" WC="0.94" CC="04000000"/>
							<SP ID="P14_SP01692" HPOS="1393" VPOS="3719" WIDTH="13"/>
							<String ID="word001843" HPOS="1406" VPOS="3667" WIDTH="85" HEIGHT="40" CONTENT="him" WC="0.78" CC="600"/>
							<SP ID="P14_SP01693" HPOS="1491" VPOS="3719" WIDTH="13"/>
							<String ID="word001844" HPOS="1504" VPOS="3669" WIDTH="39" HEIGHT="39" CONTENT="in" WC="1.00" CC="00"/>
							<SP ID="P14_SP01694" HPOS="1543" VPOS="3719" WIDTH="59"/>
							<String ID="word001845" HPOS="1602" VPOS="3648" WIDTH="142" HEIGHT="40" CONTENT="served" WC="0.87" CC="101122"/>
							<SP ID="P14_SP01695" HPOS="1743" VPOS="3719" WIDTH="21"/>
							<String ID="word001846" HPOS="1765" VPOS="3650" WIDTH="52" HEIGHT="53" CONTENT="by" WC="1.00" CC="00"/>
							<SP ID="P14_SP01696" HPOS="1817" VPOS="3719" WIDTH="17"/>
							<String ID="word001847" HPOS="1833" VPOS="3651" WIDTH="99" HEIGHT="40" CONTENT="Mr+." WC="0.72" CC="1261"/>
							<SP ID="P14_SP01697" HPOS="1932" VPOS="3719" WIDTH="15"/>
							<String ID="word001848" HPOS="1948" VPOS="3652" WIDTH="157" HEIGHT="43" CONTENT="Jordan" WC="1.00" CC="000000"/>
							<SP ID="P14_SP01698" HPOS="2105" VPOS="3719" WIDTH="17"/>
							<String ID="word001849" HPOS="2121" VPOS="3653" WIDTH="91" HEIGHT="43" CONTENT="who" WC="1.00" CC="000"/>
							<SP ID="P14_SP01699" HPOS="2212" VPOS="3719" WIDTH="14"/>
							<String ID="word001850" HPOS="2226" VPOS="3656" WIDTH="130" HEIGHT="53" CONTENT="spoke" WC="0.98" CC="10000"/>
							<SP ID="P14_SP01700" HPOS="2356" VPOS="3719" WIDTH="19"/>
							<String ID="word001851" HPOS="2375" VPOS="3657" WIDTH="46" HEIGHT="40" CONTENT="it." WC="0.96" CC="100"/>
							<SP ID="P14_SP01701" HPOS="2421" VPOS="3719" WIDTH="0"/>
						</TextLine>
						<TextLine ID="P14_TL00183" HPOS="198" VPOS="3702" WIDTH="2754" HEIGHT="70">
							<String ID="word001852" HPOS="198" VPOS="3717" WIDTH="78" HEIGHT="41" CONTENT="her" WC="0.96" CC="010"/>
							<SP ID="P14_SP01702" HPOS="276" VPOS="3758" WIDTH="18"/>
							<String ID="word001853" HPOS="294" VPOS="3719" WIDTH="129" HEIGHT="40" CONTENT="music" WC="1.00" CC="00000"/>
							<SP ID="P14_SP01703" HPOS="423" VPOS="3759" WIDTH="19"/>
							<String ID="word001854" HPOS="442" VPOS="3732" WIDTH="116" HEIGHT="26" CONTENT="room" WC="0.94" CC="0011"/>
							<SP ID="P14_SP01704" HPOS="557" VPOS="3759" WIDTH="19"/>
							<String ID="word001855" HPOS="576" VPOS="3732" WIDTH="53" HEIGHT="26" CONTENT="on" WC="0.67" CC="51"/>
							<SP ID="P14_SP01705" HPOS="630" VPOS="3759" WIDTH="21"/>
							<String ID="word001856" HPOS="651" VPOS="3719" WIDTH="168" HEIGHT="52" CONTENT="hearing" WC="0.98" CC="0000001"/>
							<SP ID="P14_SP01706" HPOS="819" VPOS="3771" WIDTH="13"/>
							<String ID="word001857" HPOS="831" VPOS="3718" WIDTH="74" HEIGHT="41" CONTENT="her" WC="1.00" CC="000"/>
							<SP ID="P14_SP01707" HPOS="906" VPOS="3771" WIDTH="27"/>
							<String ID="word001858" HPOS="933" VPOS="3717" WIDTH="157" HEIGHT="43" CONTENT="fathers" WC="1.00" CC="0000000"/>
							<SP ID="P14_SP01708" HPOS="1090" VPOS="3771" WIDTH="15"/>
							<String ID="word001859" HPOS="1106" VPOS="3718" WIDTH="130" HEIGHT="48" CONTENT="voice," WC="0.98" CC="010000"/>
							<SP ID="P14_SP01709" HPOS="1235" VPOS="3771" WIDTH="28"/>
							<String ID="word001860" HPOS="1264" VPOS="3720" WIDTH="77" HEIGHT="40" CONTENT="and" WC="1.00" CC="000"/>
							<SP ID="P14_SP01710" HPOS="1341" VPOS="3771" WIDTH="19"/>
							<String ID="word001861" HPOS="1359" VPOS="3719" WIDTH="72" HEIGHT="41" CONTENT="the" WC="1.00" CC="000"/>
							<SP ID="P14_SP01711" HPOS="1431" VPOS="3771" WIDTH="17"/>
							<String ID="word001862" HPOS="1448" VPOS="3720" WIDTH="94" HEIGHT="41" CONTENT="wise" WC="0.97" CC="0010"/>
							<SP ID="P14_SP01712" HPOS="1543" VPOS="3771" WIDTH="111"/>
							<String ID="word001863" HPOS="1654" VPOS="3702" WIDTH="104" HEIGHT="39" CONTENT="Man" WC="0.96" CC="100"/>
							<SP ID="P14_SP01713" HPOS="1757" VPOS="3771" WIDTH="17"/>
							<String ID="word001864" HPOS="1774" VPOS="3707" WIDTH="80" HEIGHT="37" CONTENT="and" WC="1.00" CC="000" STYLEREFS="TXT_3"/>
							<SP ID="P14_SP01714" HPOS="1854" VPOS="3771" WIDTH="15"/>
							<String ID="word001865" HPOS="1870" VPOS="3704" WIDTH="116" HEIGHT="52" CONTENT="/rife" WC="0.56" CC="57341" STYLEREFS="TXT_3"/>
							<SP ID="P14_SP01715" HPOS="1985" VPOS="3771" WIDTH="18"/>
							<String ID="word001866" HPOS="2003" VPOS="3719" WIDTH="53" HEIGHT="28" CONTENT="wa" WC="1.00" CC="00"/>
							<String ID="word001867" HPOS="2056" VPOS="3719" WIDTH="27" HEIGHT="28" CONTENT="s" STYLE="subscript" WC="1.00" CC="0"/>
							<SP ID="P14_SP01716" HPOS="2083" VPOS="3771" WIDTH="17"/>
							<String ID="word001868" HPOS="2100" VPOS="3707" WIDTH="106" HEIGHT="41" CONTENT="anno" WC="0.96" CC="0100"/>
							<String ID="word001869" HPOS="2206" VPOS="3707" WIDTH="26" HEIGHT="41" CONTENT="u" STYLE="subscript" WC="0.96" CC="1"/>
							<String ID="word001870" HPOS="2232" VPOS="3707" WIDTH="26" HEIGHT="41" CONTENT="n" WC="0.96" CC="1"/>
							<String ID="word001871" HPOS="2258" VPOS="3707" WIDTH="54" HEIGHT="41" CONTENT="ce" STYLE="subscript" WC="0.96" CC="00"/>
							<String ID="word001872" HPOS="2313" VPOS="3707" WIDTH="27" HEIGHT="41" CONTENT="d" WC="0.96" CC="0"/>
							<SP ID="P14_SP01717" HPOS="2340" VPOS="3771" WIDTH="28"/>
							<String ID="word001873" HPOS="2368" VPOS="3709" WIDTH="22" HEIGHT="41" CONTENT="f" WC="1.00" CC="0"/>
							<String ID="word001874" HPOS="2391" VPOS="3709" WIDTH="45" HEIGHT="41" CONTENT="or" STYLE="subscript" WC="1.00" CC="00"/>
							<SP ID="P14_SP01718" HPOS="2435" VPOS="3771" WIDTH="33"/>
							<String ID="word001875" HPOS="2469" VPOS="3724" WIDTH="26" HEIGHT="26" CONTENT="a" STYLE="subscript" WC="1.00" CC="0"/>
							<SP ID="P14_SP01719" HPOS="2494" VPOS="3771" WIDTH="30"/>
							<String ID="word001876" HPOS="2524" VPOS="3713" WIDTH="126" HEIGHT="40" CONTENT="secon" STYLE="subscript" WC="0.98" CC="10000"/>
							<String ID="word001877" HPOS="2650" VPOS="3713" WIDTH="26" HEIGHT="40" CONTENT="d" WC="0.98" CC="0"/>
							<SP ID="P14_SP01720" HPOS="2676" VPOS="3771" WIDTH="18"/>
							<String ID="word001878" HPOS="2694" VPOS="3722" WIDTH="234" HEIGHT="45" CONTENT="representa" STYLE="subscript" WC="0.59" CC="3333343334"/>
							<String ID="word001879" HPOS="2928" VPOS="3722" WIDTH="24" HEIGHT="45" CONTENT="." WC="0.59" CC="8"/>
							<SP ID="P14_SP01721" HPOS="2952" VPOS="3771" WIDTH="0"/>
						</TextLine>
						<TextLine ID="P14_TL00184" HPOS="1603" VPOS="3748" WIDTH="1291" HEIGHT="67">
							<String ID="word001880" HPOS="1603" VPOS="3752" WIDTH="87" HEIGHT="43" CONTENT="lion" WC="0.50" CC="5517"/>
							<SP ID="P14_SP01722" HPOS="1690" VPOS="3795" WIDTH="18"/>
							<String ID="word001881" HPOS="1708" VPOS="3755" WIDTH="148" HEIGHT="43" CONTENT="amidst" WC="0.89" CC="001023"/>
							<SP ID="P14_SP01723" HPOS="1856" VPOS="3797" WIDTH="12"/>
							<String ID="word001882" HPOS="1867" VPOS="3769" WIDTH="27" HEIGHT="28" CONTENT="a" WC="1.00" CC="0"/>
							<SP ID="P14_SP01724" HPOS="1894" VPOS="3797" WIDTH="15"/>
							<String ID="word001883" HPOS="1910" VPOS="3748" WIDTH="177" HEIGHT="54" CONTENT="thunder" WC="0.92" CC="0410000"/>
							<SP ID="P14_SP01725" HPOS="2087" VPOS="3802" WIDTH="18"/>
							<String ID="word001884" HPOS="2105" VPOS="3757" WIDTH="25" HEIGHT="44" CONTENT="o" STYLE="subscript" WC="1.00" CC="0"/>
							<String ID="word001885" HPOS="2130" VPOS="3757" WIDTH="26" HEIGHT="44" CONTENT="f" WC="1.00" CC="0"/>
							<SP ID="P14_SP01726" HPOS="2156" VPOS="3802" WIDTH="13"/>
							<String ID="word001886" HPOS="2169" VPOS="3761" WIDTH="116" HEIGHT="54" CONTENT="appla" WC="0.93" CC="11101"/>
							<String ID="word001887" HPOS="2284" VPOS="3761" WIDTH="70" HEIGHT="54" CONTENT="use" STYLE="subscript" WC="0.93" CC="011"/>
							<String ID="word001888" HPOS="2354" VPOS="3761" WIDTH="24" HEIGHT="54" CONTENT="," WC="0.93" CC="0"/>
							<SP ID="P14_SP01727" HPOS="2378" VPOS="3815" WIDTH="26"/>
							<String ID="word001889" HPOS="2404" VPOS="3762" WIDTH="53" HEIGHT="44" CONTENT="an" STYLE="subscript" WC="1.00" CC="00"/>
							<String ID="word001890" HPOS="2457" VPOS="3762" WIDTH="27" HEIGHT="44" CONTENT="d" WC="1.00" CC="0"/>
							<SP ID="P14_SP01728" HPOS="2484" VPOS="3815" WIDTH="19"/>
							<String ID="word001891" HPOS="2503" VPOS="3764" WIDTH="24" HEIGHT="44" CONTENT="s" STYLE="subscript" WC="0.93" CC="1"/>
							<String ID="word001892" HPOS="2526" VPOS="3764" WIDTH="24" HEIGHT="44" CONTENT="h" WC="0.93" CC="0"/>
							<String ID="word001893" HPOS="2550" VPOS="3764" WIDTH="97" HEIGHT="44" CONTENT="outs" STYLE="subscript" WC="0.93" CC="0102"/>
							<SP ID="P14_SP01729" HPOS="2647" VPOS="3815" WIDTH="15"/>
							<String ID="word001894" HPOS="2662" VPOS="3767" WIDTH="24" HEIGHT="41" CONTENT="o" STYLE="subscript" WC="1.00" CC="0"/>
							<String ID="word001895" HPOS="2686" VPOS="3767" WIDTH="25" HEIGHT="41" CONTENT="f" WC="1.00" CC="0"/>
							<SP ID="P14_SP01730" HPOS="2711" VPOS="3815" WIDTH="25"/>
							<String ID="word001896" HPOS="2735" VPOS="3768" WIDTH="26" HEIGHT="45" CONTENT="b" WC="1.00" CC="0"/>
							<String ID="word001897" HPOS="2761" VPOS="3768" WIDTH="104" HEIGHT="45" CONTENT="ravo" STYLE="subscript" WC="1.00" CC="0000"/>
							<SP ID="P14_SP01731" HPOS="2865" VPOS="3815" WIDTH="17"/>
							<String ID="word001898" HPOS="2882" VPOS="3775" WIDTH="12" HEIGHT="37" CONTENT="I" STYLE="subscript" WC="0.56" CC="4"/>
							<SP ID="P14_SP01732" HPOS="2894" VPOS="3815" WIDTH="0"/>
						</TextLine>
						<TextLine ID="P14_TL00185" HPOS="198" VPOS="3771" WIDTH="1343" HEIGHT="55">
							<String ID="word001899" HPOS="198" VPOS="3776" WIDTH="150" HEIGHT="50" CONTENT="parent" WC="0.98" CC="000001"/>
							<SP ID="P14_SP01733" HPOS="348" VPOS="3826" WIDTH="37"/>
							<String ID="word001900" HPOS="385" VPOS="3771" WIDTH="154" HEIGHT="43" CONTENT="!ravine" WC="0.54" CC="7533227"/>
							<SP ID="P14_SP01734" HPOS="539" VPOS="3826" WIDTH="24"/>
							<String ID="word001901" HPOS="562" VPOS="3771" WIDTH="128" HEIGHT="40" CONTENT="learnt" WC="0.94" CC="000030"/>
							<SP ID="P14_SP01735" HPOS="690" VPOS="3826" WIDTH="19"/>
							<String ID="word001902" HPOS="709" VPOS="3772" WIDTH="91" HEIGHT="39" CONTENT="that" WC="1.00" CC="0000"/>
							<SP ID="P14_SP01736" HPOS="800" VPOS="3826" WIDTH="20"/>
							<String ID="word001903" HPOS="820" VPOS="3772" WIDTH="71" HEIGHT="40" CONTENT="the" WC="1.00" CC="000"/>
							<SP ID="P14_SP01737" HPOS="891" VPOS="3826" WIDTH="30"/>
							<String ID="word001904" HPOS="920" VPOS="3771" WIDTH="122" HEIGHT="40" CONTENT="sailor" WC="0.98" CC="001000"/>
							<SP ID="P14_SP01738" HPOS="1042" VPOS="3826" WIDTH="19"/>
							<String ID="word001905" HPOS="1061" VPOS="3784" WIDTH="84" HEIGHT="27" CONTENT="was" WC="0.89" CC="111"/>
							<SP ID="P14_SP01739" HPOS="1144" VPOS="3826" WIDTH="19"/>
							<String ID="word001906" HPOS="1163" VPOS="3771" WIDTH="159" HEIGHT="54" CONTENT="lurking" WC="0.84" CC="1000405"/>
							<SP ID="P14_SP01740" HPOS="1323" VPOS="3826" WIDTH="26"/>
							<String ID="word001907" HPOS="1349" VPOS="3785" WIDTH="100" HEIGHT="31" CONTENT="near" WC="0.97" CC="0100"/>
							<SP ID="P14_SP01741" HPOS="1449" VPOS="3826" WIDTH="31"/>
							<String ID="word001908" HPOS="1480" VPOS="3774" WIDTH="61" HEIGHT="40" CONTENT="his" WC="0.67" CC="333"/>
							<SP ID="P14_SP01742" HPOS="1541" VPOS="3826" WIDTH="0"/>
						</TextLine>
						<TextLine ID="P14_TL00186" HPOS="194" VPOS="3824" WIDTH="2170" HEIGHT="55">
							<String ID="word001909" HPOS="194" VPOS="3826" WIDTH="191" HEIGHT="39" CONTENT="scansion" WC="0.53" CC="77037136"/>
							<SP ID="P14_SP01743" HPOS="385" VPOS="3865" WIDTH="17"/>
							<String ID="word001910" HPOS="402" VPOS="3830" WIDTH="44" HEIGHT="34" CONTENT="to" WC="1.00" CC="00"/>
							<SP ID="P14_SP01744" HPOS="445" VPOS="3865" WIDTH="18"/>
							<String ID="word001911" HPOS="463" VPOS="3837" WIDTH="65" HEIGHT="27" CONTENT="see" WC="0.89" CC="111"/>
							<SP ID="P14_SP01745" HPOS="528" VPOS="3865" WIDTH="17"/>
							<String ID="word001912" HPOS="544" VPOS="3826" WIDTH="91" HEIGHT="48" CONTENT="her," WC="0.92" CC="0201"/>
							<SP ID="P14_SP01746" HPOS="635" VPOS="3874" WIDTH="13"/>
							<String ID="word001913" HPOS="648" VPOS="3824" WIDTH="113" HEIGHT="40" CONTENT="locks" WC="0.84" CC="11311"/>
							<SP ID="P14_SP01747" HPOS="762" VPOS="3874" WIDTH="17"/>
							<String ID="word001914" HPOS="778" VPOS="3826" WIDTH="70" HEIGHT="39" CONTENT="her" WC="1.00" CC="000"/>
							<SP ID="P14_SP01748" HPOS="848" VPOS="3874" WIDTH="17"/>
							<String ID="word001915" HPOS="865" VPOS="3839" WIDTH="54" HEIGHT="39" CONTENT="up" WC="0.89" CC="11"/>
							<SP ID="P14_SP01749" HPOS="919" VPOS="3878" WIDTH="14"/>
							<String ID="word001916" HPOS="933" VPOS="3826" WIDTH="304" HEIGHT="53" CONTENT="unconsciously" WC="0.99" CC="0000000010000"/>
							<SP ID="P14_SP01750" HPOS="1237" VPOS="3879" WIDTH="14"/>
							<String ID="word001917" HPOS="1251" VPOS="3826" WIDTH="96" HEIGHT="40" CONTENT="with" WC="1.00" CC="0000"/>
							<SP ID="P14_SP01751" HPOS="1346" VPOS="3879" WIDTH="14"/>
							<String ID="word001918" HPOS="1361" VPOS="3826" WIDTH="83" HEIGHT="44" CONTENT="him" WC="0.96" CC="001"/>
							<SP ID="P14_SP01752" HPOS="1443" VPOS="3879" WIDTH="21"/>
							<String ID="word001919" HPOS="1465" VPOS="3826" WIDTH="77" HEIGHT="43" CONTENT="and" WC="1.00" CC="000"/>
							<SP ID="P14_SP01753" HPOS="1541" VPOS="3879" WIDTH="645"/>
							<String ID="word001920" HPOS="2186" VPOS="3829" WIDTH="177" HEIGHT="22" CONTENT="—........." WC="0.13" CC="8888888877"/>
							<SP ID="P14_SP01754" HPOS="2363" VPOS="3879" WIDTH="0"/>
						</TextLine>
						<TextLine ID="P14_TL00187" HPOS="196" VPOS="3876" WIDTH="2273" HEIGHT="59">
							<String ID="word001921" HPOS="196" VPOS="3878" WIDTH="77" HEIGHT="44" CONTENT="her" WC="0.85" CC="310"/>
							<SP ID="P14_SP01755" HPOS="273" VPOS="3921" WIDTH="18"/>
							<String ID="word001922" HPOS="291" VPOS="3879" WIDTH="123" HEIGHT="41" CONTENT="maid." WC="1.00" CC="00000"/>
							<SP ID="P14_SP01756" HPOS="413" VPOS="3921" WIDTH="59"/>
							<String ID="word001923" HPOS="472" VPOS="3878" WIDTH="74" HEIGHT="40" CONTENT="His" WC="0.81" CC="032"/>
							<SP ID="P14_SP01757" HPOS="547" VPOS="3921" WIDTH="21"/>
							<String ID="word001924" HPOS="568" VPOS="3878" WIDTH="149" HEIGHT="45" CONTENT="friend," WC="1.00" CC="0000000"/>
							<SP ID="P14_SP01758" HPOS="717" VPOS="3922" WIDTH="31"/>
							<String ID="word001925" HPOS="748" VPOS="3879" WIDTH="85" HEIGHT="39" CONTENT="Mr." WC="0.96" CC="100" STYLEREFS="TXT_3"/>
							<SP ID="P14_SP01759" HPOS="833" VPOS="3922" WIDTH="21"/>
							<String ID="word001926" HPOS="854" VPOS="3878" WIDTH="247" HEIGHT="46" CONTENT="Faulkener," WC="0.79" CC="0333111331" STYLEREFS="TXT_3"/>
							<SP ID="P14_SP01760" HPOS="1101" VPOS="3924" WIDTH="28"/>
							<String ID="word001927" HPOS="1129" VPOS="3876" WIDTH="97" HEIGHT="54" CONTENT="long" WC="0.81" CC="1105"/>
							<SP ID="P14_SP01761" HPOS="1226" VPOS="3931" WIDTH="17"/>
							<String ID="word001928" HPOS="1243" VPOS="3878" WIDTH="178" HEIGHT="57" CONTENT="thought" WC="0.98" CC="0010000"/>
							<SP ID="P14_SP01762" HPOS="1421" VPOS="3934" WIDTH="17"/>
							<String ID="word001929" HPOS="1437" VPOS="3880" WIDTH="102" HEIGHT="41" CONTENT="dead" WC="0.97" CC="0001"/>
							<SP ID="P14_SP01763" HPOS="1539" VPOS="3934" WIDTH="534"/>
							<String ID="word001930" HPOS="2073" VPOS="3878" WIDTH="151" HEIGHT="39" CONTENT="tlNc.'s" WC="0.51" CC="5555533" STYLEREFS="TXT_3"/>
							<SP ID="P14_SP01764" HPOS="2224" VPOS="3934" WIDTH="17"/>
							<String ID="word001931" HPOS="2241" VPOS="3888" WIDTH="61" HEIGHT="30" CONTENT="rii" WC="0.26" CC="488" STYLEREFS="TXT_3"/>
							<SP ID="P14_SP01765" HPOS="2302" VPOS="3934" WIDTH="5"/>
							<String ID="word001932" HPOS="2307" VPOS="3889" WIDTH="162" HEIGHT="31" CONTENT="Atm:." WC="0.33" CC="87672" STYLEREFS="TXT_3"/>
							<SP ID="P14_SP01766" HPOS="2469" VPOS="3934" WIDTH="0"/>
						</TextLine>
						<TextLine ID="P14_TL00188" HPOS="198" VPOS="3930" WIDTH="2747" HEIGHT="69">
							<String ID="word001933" HPOS="198" VPOS="3930" WIDTH="78" HEIGHT="41" CONTENT="but" WC="0.96" CC="100"/>
							<SP ID="P14_SP01767" HPOS="276" VPOS="3971" WIDTH="20"/>
							<String ID="word001934" HPOS="296" VPOS="3930" WIDTH="92" HEIGHT="40" CONTENT="who" WC="0.96" CC="001"/>
							<SP ID="P14_SP01768" HPOS="389" VPOS="3971" WIDTH="21"/>
							<String ID="word001935" HPOS="410" VPOS="3930" WIDTH="83" HEIGHT="41" CONTENT="had" WC="0.96" CC="001"/>
							<SP ID="P14_SP01769" HPOS="493" VPOS="3971" WIDTH="19"/>
							<String ID="word001936" HPOS="511" VPOS="3930" WIDTH="106" HEIGHT="41" CONTENT="lived" WC="0.98" CC="00001"/>
							<SP ID="P14_SP01770" HPOS="618" VPOS="3971" WIDTH="38"/>
							<String ID="word001937" HPOS="656" VPOS="3930" WIDTH="65" HEIGHT="41" CONTENT="for" WC="0.96" CC="001"/>
							<SP ID="P14_SP01771" HPOS="720" VPOS="3971" WIDTH="34"/>
							<String ID="word001938" HPOS="755" VPOS="3944" WIDTH="120" HEIGHT="40" CONTENT="many" WC="0.97" CC="0001"/>
							<SP ID="P14_SP01772" HPOS="875" VPOS="3984" WIDTH="20"/>
							<String ID="word001939" HPOS="895" VPOS="3943" WIDTH="113" HEIGHT="40" CONTENT="years" WC="0.95" CC="01001"/>
							<SP ID="P14_SP01773" HPOS="1009" VPOS="3984" WIDTH="18"/>
							<String ID="word001940" HPOS="1026" VPOS="3930" WIDTH="201" HEIGHT="54" CONTENT="disguised" WC="0.85" CC="111111114"/>
							<SP ID="P14_SP01774" HPOS="1227" VPOS="3984" WIDTH="30"/>
							<String ID="word001941" HPOS="1257" VPOS="3932" WIDTH="39" HEIGHT="40" CONTENT="in" WC="1.00" CC="00"/>
							<SP ID="P14_SP01775" HPOS="1296" VPOS="3984" WIDTH="17"/>
							<String ID="word001942" HPOS="1312" VPOS="3932" WIDTH="71" HEIGHT="41" CONTENT="the" WC="0.96" CC="001"/>
							<SP ID="P14_SP01776" HPOS="1383" VPOS="3984" WIDTH="15"/>
							<String ID="word001943" HPOS="1398" VPOS="3932" WIDTH="139" HEIGHT="57" CONTENT="neigh-" WC="0.96" CC="002000"/>
							<SP ID="P14_SP01777" HPOS="1538" VPOS="3989" WIDTH="117"/>
							<String ID="word001944" HPOS="1655" VPOS="3935" WIDTH="96" HEIGHT="43" CONTENT="Last" WC="0.89" CC="1210"/>
							<SP ID="P14_SP01778" HPOS="1750" VPOS="3989" WIDTH="17"/>
							<String ID="word001945" HPOS="1767" VPOS="3935" WIDTH="116" HEIGHT="52" CONTENT="night" WC="1.00" CC="00000"/>
							<SP ID="P14_SP01779" HPOS="1883" VPOS="3989" WIDTH="19"/>
							<String ID="word001946" HPOS="1902" VPOS="3937" WIDTH="73" HEIGHT="44" CONTENT="the" WC="1.00" CC="000"/>
							<SP ID="P14_SP01780" HPOS="1975" VPOS="3989" WIDTH="18"/>
							<String ID="word001947" HPOS="1993" VPOS="3952" WIDTH="141" HEIGHT="31" CONTENT="season" WC="0.91" CC="110003"/>
							<SP ID="P14_SP01781" HPOS="2133" VPOS="3989" WIDTH="21"/>
							<String ID="word001948" HPOS="2154" VPOS="3941" WIDTH="51" HEIGHT="40" CONTENT="of" WC="1.00" CC="00"/>
							<SP ID="P14_SP01782" HPOS="2205" VPOS="3989" WIDTH="14"/>
							<String ID="word001949" HPOS="2219" VPOS="3944" WIDTH="152" HEIGHT="54" CONTENT="Operas" WC="0.98" CC="000001" STYLEREFS="TXT_3"/>
							<SP ID="P14_SP01783" HPOS="2372" VPOS="3998" WIDTH="14"/>
							<String ID="word001950" HPOS="2386" VPOS="3946" WIDTH="281" HEIGHT="47" CONTENT="commenced." WC="0.91" CC="0000151010"/>
							<SP ID="P14_SP01784" HPOS="2667" VPOS="3998" WIDTH="56"/>
							<String ID="word001951" HPOS="2722" VPOS="3945" WIDTH="90" HEIGHT="50" CONTENT="The" WC="0.96" CC="010"/>
							<SP ID="P14_SP01785" HPOS="2812" VPOS="3998" WIDTH="15"/>
							<String ID="word001952" HPOS="2828" VPOS="3947" WIDTH="117" HEIGHT="47" CONTENT="theg-" WC="0.42" CC="34874"/>
						</TextLine>
						<TextLine ID="P14_TL00189" HPOS="184" VPOS="3981" WIDTH="2763" HEIGHT="73">
							<String ID="word001953" HPOS="184" VPOS="3984" WIDTH="22" HEIGHT="44" CONTENT="-" STYLE="superscript" WC="0.47" CC="7"/>
							<String ID="word001954" HPOS="207" VPOS="3984" WIDTH="213" HEIGHT="44" CONTENT="bourbooll" WC="0.47" CC="353353586"/>
							<SP ID="P14_SP01786" HPOS="419" VPOS="4028" WIDTH="20"/>
							<String ID="word001955" HPOS="439" VPOS="3987" WIDTH="97" HEIGHT="37" CONTENT="with" WC="0.83" CC="1122"/>
							<SP ID="P14_SP01787" HPOS="536" VPOS="4028" WIDTH="24"/>
							<String ID="word001956" HPOS="560" VPOS="3998" WIDTH="52" HEIGHT="25" CONTENT="an" WC="0.94" CC="10"/>
							<SP ID="P14_SP01788" HPOS="612" VPOS="4028" WIDTH="14"/>
							<String ID="word001957" HPOS="626" VPOS="3983" WIDTH="96" HEIGHT="57" CONTENT="only" WC="0.97" CC="0010"/>
							<SP ID="P14_SP01789" HPOS="722" VPOS="4039" WIDTH="13"/>
							<String ID="word001958" HPOS="735" VPOS="3984" WIDTH="22" HEIGHT="53" CONTENT="-" STYLE="superscript" WC="0.81" CC="3"/>
							<String ID="word001959" HPOS="757" VPOS="3984" WIDTH="204" HEIGHT="53" CONTENT="daughter," WC="0.81" CC="304033001"/>
							<SP ID="P14_SP01790" HPOS="961" VPOS="4039" WIDTH="33"/>
							<String ID="word001960" HPOS="994" VPOS="3994" WIDTH="91" HEIGHT="30" CONTENT="now" WC="0.96" CC="010"/>
							<SP ID="P14_SP01791" HPOS="1085" VPOS="4039" WIDTH="20"/>
							<String ID="word001961" HPOS="1106" VPOS="3981" WIDTH="97" HEIGHT="43" CONTENT="calls" WC="0.95" CC="00110"/>
							<SP ID="P14_SP01792" HPOS="1202" VPOS="4039" WIDTH="18"/>
							<String ID="word001962" HPOS="1220" VPOS="3997" WIDTH="107" HEIGHT="41" CONTENT="upon" WC="0.92" CC="1101"/>
							<SP ID="P14_SP01793" HPOS="1328" VPOS="4039" WIDTH="25"/>
							<String ID="word001963" HPOS="1352" VPOS="3984" WIDTH="99" HEIGHT="47" CONTENT="him," WC="1.00" CC="0000"/>
							<SP ID="P14_SP01794" HPOS="1452" VPOS="4039" WIDTH="20"/>
							<String ID="word001964" HPOS="1472" VPOS="3984" WIDTH="66" HEIGHT="44" CONTENT="ad-" WC="0.85" CC="004"/>
							<SP ID="P14_SP01795" HPOS="1538" VPOS="4039" WIDTH="64"/>
							<String ID="word001965" HPOS="1602" VPOS="3992" WIDTH="63" HEIGHT="38" CONTENT="tre" WC="0.96" CC="001"/>
							<SP ID="P14_SP01796" HPOS="1664" VPOS="4039" WIDTH="35"/>
							<String ID="word001966" HPOS="1700" VPOS="3989" WIDTH="73" HEIGHT="41" CONTENT="has" WC="0.96" CC="001"/>
							<SP ID="P14_SP01797" HPOS="1773" VPOS="4039" WIDTH="35"/>
							<String ID="word001967" HPOS="1808" VPOS="3992" WIDTH="99" HEIGHT="43" CONTENT="been" WC="0.97" CC="0001"/>
							<SP ID="P14_SP01798" HPOS="1907" VPOS="4039" WIDTH="48"/>
							<String ID="word001968" HPOS="1956" VPOS="3994" WIDTH="161" HEIGHT="41" CONTENT="refitted" WC="0.97" CC="01000100"/>
							<SP ID="P14_SP01799" HPOS="2117" VPOS="4039" WIDTH="32"/>
							<String ID="word001969" HPOS="2148" VPOS="3993" WIDTH="98" HEIGHT="44" CONTENT="with" WC="1.00" CC="0000"/>
							<SP ID="P14_SP01800" HPOS="2246" VPOS="4039" WIDTH="19"/>
							<String ID="word001970" HPOS="2265" VPOS="4002" WIDTH="119" HEIGHT="51" CONTENT="great" WC="0.98" CC="00100"/>
							<SP ID="P14_SP01801" HPOS="2385" VPOS="4052" WIDTH="27"/>
							<String ID="word001971" HPOS="2412" VPOS="4010" WIDTH="96" HEIGHT="44" CONTENT="carp" WC="0.83" CC="0114"/>
							<SP ID="P14_SP01802" HPOS="2507" VPOS="4054" WIDTH="15"/>
							<String ID="word001972" HPOS="2523" VPOS="4017" WIDTH="11" HEIGHT="31" CONTENT=";" WC="0.67" CC="3"/>
							<SP ID="P14_SP01803" HPOS="2533" VPOS="4054" WIDTH="33"/>
							<String ID="word001973" HPOS="2567" VPOS="4002" WIDTH="72" HEIGHT="40" CONTENT="the" WC="0.67" CC="252" STYLEREFS="TXT_4"/>
							<SP ID="P14_SP01804" HPOS="2639" VPOS="4054" WIDTH="32"/>
							<String ID="word001974" HPOS="2670" VPOS="4002" WIDTH="124" HEIGHT="46" CONTENT="bores" WC="0.80" CC="01422"/>
							<SP ID="P14_SP01805" HPOS="2794" VPOS="4054" WIDTH="44"/>
							<String ID="word001975" HPOS="2838" VPOS="4020" WIDTH="58" HEIGHT="27" CONTENT="ne" WC="0.93" CC="00"/>
							<String ID="word001976" HPOS="2896" VPOS="4020" WIDTH="30" HEIGHT="27" CONTENT="w" STYLE="subscript" WC="0.93" CC="2"/>
							<String ID="word001977" HPOS="2928" VPOS="4029" WIDTH="19" HEIGHT="12" CONTENT="-" WC="0.78" CC="2"/>
						</TextLine>
						<TextLine ID="P14_TL00190" HPOS="195" VPOS="4036" WIDTH="2752" HEIGHT="67">
							<String ID="word001978" HPOS="195" VPOS="4038" WIDTH="105" HEIGHT="40" CONTENT="vises" WC="0.47" CC="35457"/>
							<SP ID="P14_SP01806" HPOS="300" VPOS="4078" WIDTH="21"/>
							<String ID="word001979" HPOS="321" VPOS="4036" WIDTH="83" HEIGHT="43" CONTENT="him" WC="1.00" CC="000"/>
							<SP ID="P14_SP01807" HPOS="404" VPOS="4078" WIDTH="22"/>
							<String ID="word001980" HPOS="426" VPOS="4042" WIDTH="71" HEIGHT="35" CONTENT="not" WC="0.96" CC="100"/>
							<SP ID="P14_SP01808" HPOS="497" VPOS="4078" WIDTH="24"/>
							<String ID="word001981" HPOS="521" VPOS="4044" WIDTH="44" HEIGHT="33" CONTENT="to" WC="0.78" CC="40"/>
							<SP ID="P14_SP01809" HPOS="565" VPOS="4078" WIDTH="27"/>
							<String ID="word001982" HPOS="592" VPOS="4050" WIDTH="135" HEIGHT="41" CONTENT="marry" WC="1.00" CC="00000"/>
							<SP ID="P14_SP01810" HPOS="726" VPOS="4091" WIDTH="21"/>
							<String ID="word001983" HPOS="748" VPOS="4037" WIDTH="64" HEIGHT="40" CONTENT="his" WC="1.00" CC="000" STYLEREFS="TXT_3"/>
							<SP ID="P14_SP01811" HPOS="811" VPOS="4091" WIDTH="22"/>
							<String ID="word001984" HPOS="834" VPOS="4039" WIDTH="115" HEIGHT="39" CONTENT="Ellen" WC="0.98" CC="00100" STYLEREFS="TXT_3"/>
							<SP ID="P14_SP01812" HPOS="948" VPOS="4091" WIDTH="20"/>
							<String ID="word001985" HPOS="969" VPOS="4042" WIDTH="44" HEIGHT="34" CONTENT="to" WC="1.00" CC="00" STYLEREFS="TXT_3"/>
							<SP ID="P14_SP01813" HPOS="1012" VPOS="4091" WIDTH="40"/>
							<String ID="word001986" HPOS="1052" VPOS="4039" WIDTH="112" HEIGHT="39" CONTENT="Lord" WC="0.97" CC="1000" STYLEREFS="TXT_3"/>
							<SP ID="P14_SP01814" HPOS="1165" VPOS="4091" WIDTH="17"/>
							<String ID="word001987" HPOS="1181" VPOS="4038" WIDTH="244" HEIGHT="46" CONTENT="Aginconrt," WC="0.52" CC="3883336333" STYLEREFS="TXT_3"/>
							<SP ID="P14_SP01815" HPOS="1426" VPOS="4091" WIDTH="38"/>
							<String ID="word001988" HPOS="1463" VPOS="4039" WIDTH="74" HEIGHT="40" CONTENT="and" WC="0.96" CC="100"/>
							<SP ID="P14_SP01816" HPOS="1538" VPOS="4091" WIDTH="64"/>
							<String ID="word001989" HPOS="1602" VPOS="4043" WIDTH="176" HEIGHT="53" CONTENT="papered" WC="0.95" CC="1200000"/>
							<SP ID="P14_SP01817" HPOS="1778" VPOS="4096" WIDTH="19"/>
							<String ID="word001990" HPOS="1796" VPOS="4043" WIDTH="77" HEIGHT="43" CONTENT="and" WC="0.96" CC="010"/>
							<SP ID="P14_SP01818" HPOS="1873" VPOS="4096" WIDTH="28"/>
							<String ID="word001991" HPOS="1902" VPOS="4045" WIDTH="22" HEIGHT="50" CONTENT="p" WC="0.99" CC="0"/>
							<String ID="word001992" HPOS="1924" VPOS="4045" WIDTH="22" HEIGHT="50" CONTENT="a" STYLE="subscript" WC="0.99" CC="0"/>
							<String ID="word001993" HPOS="1946" VPOS="4045" WIDTH="22" HEIGHT="50" CONTENT="i" WC="0.99" CC="1"/>
							<String ID="word001994" HPOS="1969" VPOS="4045" WIDTH="22" HEIGHT="50" CONTENT="n" STYLE="subscript" WC="0.99" CC="0"/>
							<String ID="word001995" HPOS="1991" VPOS="4045" WIDTH="22" HEIGHT="50" CONTENT="t" WC="0.99" CC="0"/>
							<String ID="word001996" HPOS="2014" VPOS="4045" WIDTH="22" HEIGHT="50" CONTENT="e" STYLE="subscript" WC="0.99" CC="0"/>
							<String ID="word001997" HPOS="2036" VPOS="4045" WIDTH="45" HEIGHT="50" CONTENT="d," WC="0.99" CC="00"/>
							<SP ID="P14_SP01819" HPOS="2081" VPOS="4096" WIDTH="20"/>
							<String ID="word001998" HPOS="2101" VPOS="4048" WIDTH="52" HEIGHT="43" CONTENT="an" STYLE="subscript" WC="0.96" CC="01"/>
							<String ID="word001999" HPOS="2153" VPOS="4048" WIDTH="27" HEIGHT="43" CONTENT="d" WC="0.96" CC="0"/>
							<SP ID="P14_SP01820" HPOS="2180" VPOS="4096" WIDTH="20"/>
							<String ID="word002000" HPOS="2200" VPOS="4050" WIDTH="47" HEIGHT="41" CONTENT="th" WC="1.00" CC="00"/>
							<String ID="word002001" HPOS="2248" VPOS="4050" WIDTH="25" HEIGHT="41" CONTENT="e" STYLE="subscript" WC="1.00" CC="0"/>
							<SP ID="P14_SP01821" HPOS="2272" VPOS="4096" WIDTH="20"/>
							<String ID="word002002" HPOS="2293" VPOS="4050" WIDTH="236" HEIGHT="43" CONTENT="benchests" WC="0.74" CC="010001676"/>
							<SP ID="P14_SP01822" HPOS="2529" VPOS="4096" WIDTH="15"/>
							<String ID="word002003" HPOS="2544" VPOS="4055" WIDTH="92" HEIGHT="43" CONTENT="well" WC="0.97" CC="0010"/>
							<SP ID="P14_SP01823" HPOS="2636" VPOS="4097" WIDTH="25"/>
							<String ID="word002004" HPOS="2661" VPOS="4069" WIDTH="43" HEIGHT="30" CONTENT="as" WC="1.00" CC="00"/>
							<SP ID="P14_SP01824" HPOS="2704" VPOS="4098" WIDTH="25"/>
							<String ID="word002005" HPOS="2728" VPOS="4058" WIDTH="136" HEIGHT="43" CONTENT="chairs" WC="0.96" CC="001001"/>
							<SP ID="P14_SP01825" HPOS="2864" VPOS="4101" WIDTH="18"/>
							<String ID="word002006" HPOS="2882" VPOS="4075" WIDTH="65" HEIGHT="28" CONTENT="re•" WC="0.59" CC="236"/>
							<SP ID="P14_SP01826" HPOS="2947" VPOS="4103" WIDTH="0"/>
						</TextLine>
						<TextLine ID="P14_TL00191" HPOS="183" VPOS="4088" WIDTH="1575" HEIGHT="57">
							<String ID="word002007" HPOS="183" VPOS="4091" WIDTH="44" HEIGHT="40" CONTENT="is" WC="0.67" CC="42"/>
							<SP ID="P14_SP01827" HPOS="227" VPOS="4131" WIDTH="18"/>
							<String ID="word002008" HPOS="244" VPOS="4103" WIDTH="54" HEIGHT="27" CONTENT="on" WC="0.94" CC="10"/>
							<SP ID="P14_SP01828" HPOS="299" VPOS="4131" WIDTH="21"/>
							<String ID="word002009" HPOS="320" VPOS="4091" WIDTH="73" HEIGHT="40" CONTENT="the" WC="0.96" CC="001"/>
							<SP ID="P14_SP01829" HPOS="393" VPOS="4131" WIDTH="13"/>
							<String ID="word002010" HPOS="406" VPOS="4093" WIDTH="123" HEIGHT="52" CONTENT="point" WC="0.95" CC="20000"/>
							<SP ID="P14_SP01830" HPOS="529" VPOS="4144" WIDTH="21"/>
							<String ID="word002011" HPOS="550" VPOS="4090" WIDTH="51" HEIGHT="41" CONTENT="of" WC="0.72" CC="05"/>
							<SP ID="P14_SP01831" HPOS="601" VPOS="4144" WIDTH="27"/>
							<String ID="word002012" HPOS="628" VPOS="4091" WIDTH="183" HEIGHT="53" CONTENT="retiring," WC="1.00" CC="000000000"/>
							<SP ID="P14_SP01832" HPOS="811" VPOS="4144" WIDTH="39"/>
							<String ID="word002013" HPOS="850" VPOS="4089" WIDTH="115" HEIGHT="48" CONTENT="when" WC="0.97" CC="1000"/>
							<SP ID="P14_SP01833" HPOS="965" VPOS="4144" WIDTH="21"/>
							<String ID="word002014" HPOS="986" VPOS="4091" WIDTH="71" HEIGHT="40" CONTENT="the" WC="0.96" CC="001"/>
							<SP ID="P14_SP01834" HPOS="1057" VPOS="4144" WIDTH="21"/>
							<String ID="word002015" HPOS="1078" VPOS="4093" WIDTH="190" HEIGHT="43" CONTENT="Baronet," WC="0.99" CC="01000000"/>
							<SP ID="P14_SP01835" HPOS="1269" VPOS="4144" WIDTH="37"/>
							<String ID="word002016" HPOS="1305" VPOS="4088" WIDTH="178" HEIGHT="44" CONTENT="desirous" WC="0.88" CC="00410103"/>
							<SP ID="P14_SP01836" HPOS="1483" VPOS="4144" WIDTH="13"/>
							<String ID="word002017" HPOS="1496" VPOS="4096" WIDTH="43" HEIGHT="37" CONTENT="to" WC="1.00" CC="00"/>
							<SP ID="P14_SP01837" HPOS="1539" VPOS="4144" WIDTH="63"/>
							<String ID="word002018" HPOS="1602" VPOS="4094" WIDTH="156" HEIGHT="44" CONTENT="newed." WC="0.98" CC="000001"/>
							<SP ID="P14_SP01838" HPOS="1757" VPOS="4144" WIDTH="0"/>
						</TextLine>
						<TextLine ID="P14_TL00192" HPOS="184" VPOS="4141" WIDTH="2784" HEIGHT="76">
							<String ID="word002019" HPOS="184" VPOS="4149" WIDTH="170" HEIGHT="53" CONTENT="present" WC="0.89" CC="5001010"/>
							<SP ID="P14_SP01839" HPOS="354" VPOS="4202" WIDTH="17"/>
							<String ID="word002020" HPOS="371" VPOS="4144" WIDTH="84" HEIGHT="41" CONTENT="him" WC="0.48" CC="644"/>
							<SP ID="P14_SP01840" HPOS="455" VPOS="4202" WIDTH="18"/>
							<String ID="word002021" HPOS="472" VPOS="4152" WIDTH="45" HEIGHT="37" CONTENT="to" WC="0.78" CC="31"/>
							<SP ID="P14_SP01841" HPOS="517" VPOS="4202" WIDTH="18"/>
							<String ID="word002022" HPOS="535" VPOS="4144" WIDTH="61" HEIGHT="40" CONTENT="his" WC="1.00" CC="000"/>
							<SP ID="P14_SP01842" HPOS="596" VPOS="4202" WIDTH="19"/>
							<String ID="word002023" HPOS="615" VPOS="4142" WIDTH="123" HEIGHT="48" CONTENT="child," WC="0.85" CC="111311"/>
							<SP ID="P14_SP01843" HPOS="738" VPOS="4202" WIDTH="22"/>
							<String ID="word002024" HPOS="761" VPOS="4142" WIDTH="24" HEIGHT="43" CONTENT="u" STYLE="subscript" WC="0.97" CC="0"/>
							<String ID="word002025" HPOS="784" VPOS="4142" WIDTH="149" HEIGHT="43" CONTENT="nlocks" WC="0.97" CC="110000"/>
							<SP ID="P14_SP01844" HPOS="933" VPOS="4202" WIDTH="18"/>
							<String ID="word002026" HPOS="951" VPOS="4143" WIDTH="46" HEIGHT="40" CONTENT="th" WC="0.89" CC="03"/>
							<String ID="word002027" HPOS="997" VPOS="4143" WIDTH="24" HEIGHT="40" CONTENT="e" STYLE="subscript" WC="0.89" CC="0"/>
							<SP ID="P14_SP01845" HPOS="1020" VPOS="4202" WIDTH="15"/>
							<String ID="word002028" HPOS="1036" VPOS="4143" WIDTH="25" HEIGHT="46" CONTENT="d" WC="0.87" CC="3"/>
							<String ID="word002029" HPOS="1061" VPOS="4143" WIDTH="78" HEIGHT="46" CONTENT="oor" STYLE="subscript" WC="0.87" CC="011"/>
							<String ID="word002030" HPOS="1139" VPOS="4143" WIDTH="26" HEIGHT="46" CONTENT="," WC="0.87" CC="1"/>
							<SP ID="P14_SP01846" HPOS="1165" VPOS="4202" WIDTH="34"/>
							<String ID="word002031" HPOS="1199" VPOS="4141" WIDTH="25" HEIGHT="43" CONTENT="a" WC="1.00" CC="0"/>
							<String ID="word002032" HPOS="1224" VPOS="4141" WIDTH="25" HEIGHT="43" CONTENT="n" STYLE="subscript" WC="1.00" CC="0"/>
							<String ID="word002033" HPOS="1248" VPOS="4141" WIDTH="26" HEIGHT="43" CONTENT="d" WC="1.00" CC="0"/>
							<SP ID="P14_SP01847" HPOS="1274" VPOS="4202" WIDTH="20"/>
							<String ID="word002034" HPOS="1294" VPOS="4143" WIDTH="102" HEIGHT="41" CONTENT="finds" WC="0.98" CC="00001"/>
							<SP ID="P14_SP01848" HPOS="1396" VPOS="4202" WIDTH="14"/>
							<String ID="word002035" HPOS="1410" VPOS="4142" WIDTH="73" HEIGHT="43" CONTENT="her" WC="1.00" CC="000"/>
							<SP ID="P14_SP01849" HPOS="1483" VPOS="4202" WIDTH="18"/>
							<String ID="word002036" HPOS="1501" VPOS="4144" WIDTH="37" HEIGHT="40" CONTENT="in" WC="1.00" CC="00"/>
							<SP ID="P14_SP01850" HPOS="1538" VPOS="4202" WIDTH="18"/>
							<String ID="word002037" HPOS="1556" VPOS="4180" WIDTH="20" HEIGHT="11" CONTENT="," WC="0.11" CC="8"/>
							<SP ID="P14_SP01851" HPOS="1576" VPOS="4202" WIDTH="79"/>
							<String ID="word002038" HPOS="1655" VPOS="4147" WIDTH="32" HEIGHT="43" CONTENT="A" WC="1.00" CC="0"/>
							<SP ID="P14_SP01852" HPOS="1687" VPOS="4202" WIDTH="28"/>
							<String ID="word002039" HPOS="1715" VPOS="4159" WIDTH="89" HEIGHT="32" CONTENT="new" WC="1.00" CC="000"/>
							<SP ID="P14_SP01853" HPOS="1804" VPOS="4202" WIDTH="19"/>
							<String ID="word002040" HPOS="1822" VPOS="4152" WIDTH="139" HEIGHT="43" CONTENT="Comic" WC="0.95" CC="00002"/>
							<SP ID="P14_SP01854" HPOS="1962" VPOS="4202" WIDTH="33"/>
							<String ID="word002041" HPOS="1995" VPOS="4154" WIDTH="150" HEIGHT="53" CONTENT="Opera," WC="0.96" CC="000110"/>
							<SP ID="P14_SP01855" HPOS="2145" VPOS="4207" WIDTH="30"/>
							<String ID="word002042" HPOS="2174" VPOS="4154" WIDTH="185" HEIGHT="50" CONTENT="entitled," WC="0.97" CC="000101000"/>
							<SP ID="P14_SP01856" HPOS="2360" VPOS="4207" WIDTH="28"/>
							<String ID="word002043" HPOS="2388" VPOS="4157" WIDTH="61" HEIGHT="44" CONTENT="La" WC="0.94" CC="01" STYLEREFS="TXT_3"/>
							<SP ID="P14_SP01857" HPOS="2450" VPOS="4207" WIDTH="35"/>
							<String ID="word002044" HPOS="2485" VPOS="4160" WIDTH="136" HEIGHT="51" CONTENT="Caprie" WC="0.46" CC="533353" STYLEREFS="TXT_3"/>
							<String ID="word002045" HPOS="2621" VPOS="4160" WIDTH="22" HEIGHT="51" CONTENT="e" STYLE="subscript" WC="0.46" CC="8" STYLEREFS="TXT_3"/>
							<String ID="word002046" HPOS="2643" VPOS="4160" WIDTH="22" HEIGHT="51" CONTENT="f" WC="0.46" CC="7" STYLEREFS="TXT_3"/>
							<String ID="word002047" HPOS="2666" VPOS="4160" WIDTH="46" HEIGHT="51" CONTENT="os" STYLE="subscript" WC="0.46" CC="53" STYLEREFS="TXT_3"/>
							<String ID="word002048" HPOS="2712" VPOS="4160" WIDTH="24" HEIGHT="51" CONTENT="e" WC="0.46" CC="8" STYLEREFS="TXT_3"/>
							<SP ID="P14_SP01858" HPOS="2735" VPOS="4211" WIDTH="34"/>
							<String ID="word002049" HPOS="2770" VPOS="4165" WIDTH="138" HEIGHT="52" CONTENT="Postite" WC="0.44" CC="0683438" STYLEREFS="TXT_3"/>
							<String ID="word002050" HPOS="2908" VPOS="4165" WIDTH="20" HEIGHT="52" CONTENT="t" STYLE="subscript" WC="0.44" CC="7" STYLEREFS="TXT_3"/>
							<String ID="word002051" HPOS="2928" VPOS="4165" WIDTH="40" HEIGHT="52" CONTENT=".," WC="0.44" CC="38" STYLEREFS="TXT_3"/>
							<SP ID="P14_SP01859" HPOS="2968" VPOS="4217" WIDTH="0"/>
						</TextLine>
						<TextLine ID="P14_TL00193" HPOS="184" VPOS="4194" WIDTH="2770" HEIGHT="83">
							<String ID="word002052" HPOS="184" VPOS="4211" WIDTH="211" HEIGHT="46" CONTENT="lowan," WC="0.33" CC="558657"/>
							<SP ID="P14_SP01860" HPOS="396" VPOS="4257" WIDTH="39"/>
							<String ID="word002053" HPOS="435" VPOS="4211" WIDTH="30" HEIGHT="26" CONTENT="!A" WC="0.28" CC="85"/>
							<SP ID="P14_SP01861" HPOS="464" VPOS="4257" WIDTH="8"/>
							<String ID="word002054" HPOS="472" VPOS="4198" WIDTH="48" HEIGHT="43" CONTENT="Itl" WC="0.52" CC="535"/>
							<SP ID="P14_SP01862" HPOS="521" VPOS="4257" WIDTH="47"/>
							<String ID="word002055" HPOS="568" VPOS="4196" WIDTH="165" HEIGHT="44" CONTENT="Clarks" WC="0.63" CC="055127" STYLEREFS="TXT_3"/>
							<SP ID="P14_SP01863" HPOS="733" VPOS="4257" WIDTH="22"/>
							<String ID="word002056" HPOS="756" VPOS="4199" WIDTH="257" HEIGHT="47" CONTENT="duesinceasri" WC="0.23" CC="858885787738" STYLEREFS="TXT_3"/>
							<String ID="word002057" HPOS="1013" VPOS="4199" WIDTH="22" HEIGHT="47" CONTENT="t" STYLE="subscript" WC="0.23" CC="8" STYLEREFS="TXT_3"/>
							<SP ID="P14_SP01864" HPOS="1036" VPOS="4257" WIDTH="31"/>
							<String ID="word002058" HPOS="1067" VPOS="4194" WIDTH="72" HEIGHT="45" CONTENT="the" WC="0.70" CC="134" STYLEREFS="TXT_3"/>
							<SP ID="P14_SP01865" HPOS="1139" VPOS="4257" WIDTH="27"/>
							<String ID="word002059" HPOS="1166" VPOS="4194" WIDTH="223" HEIGHT="48" CONTENT="roduuhted" WC="0.51" CC="353558533"/>
							<SP ID="P14_SP01866" HPOS="1389" VPOS="4257" WIDTH="13"/>
							<String ID="word002060" HPOS="1402" VPOS="4194" WIDTH="137" HEIGHT="46" CONTENT="sailor." WC="0.95" CC="0101100"/>
							<SP ID="P14_SP01867" HPOS="1539" VPOS="4257" WIDTH="60"/>
							<String ID="word002061" HPOS="1599" VPOS="4200" WIDTH="54" HEIGHT="57" CONTENT="bx" WC="0.39" CC="38"/>
							<SP ID="P14_SP01868" HPOS="1654" VPOS="4257" WIDTH="34"/>
							<String ID="word002062" HPOS="1688" VPOS="4198" WIDTH="253" HEIGHT="59" CONTENT="Irioravanti," WC="0.61" CC="555333333333"/>
							<SP ID="P14_SP01869" HPOS="1941" VPOS="4257" WIDTH="28"/>
							<String ID="word002063" HPOS="1969" VPOS="4204" WIDTH="242" HEIGHT="48" CONTENT="introduced" WC="0.92" CC="3200100100"/>
							<SP ID="P14_SP01870" HPOS="2211" VPOS="4257" WIDTH="30"/>
							<String ID="word002064" HPOS="2241" VPOS="4209" WIDTH="71" HEIGHT="44" CONTENT="the" WC="0.96" CC="001"/>
							<SP ID="P14_SP01871" HPOS="2311" VPOS="4257" WIDTH="28"/>
							<String ID="word002065" HPOS="2340" VPOS="4221" WIDTH="87" HEIGHT="33" CONTENT="new" WC="0.96" CC="010"/>
							<SP ID="P14_SP01872" HPOS="2427" VPOS="4257" WIDTH="28"/>
							<String ID="word002066" HPOS="2456" VPOS="4213" WIDTH="145" HEIGHT="44" CONTENT="Prima" WC="0.73" CC="34131"/>
							<SP ID="P14_SP01873" HPOS="2601" VPOS="4257" WIDTH="18"/>
							<String ID="word002067" HPOS="2619" VPOS="4214" WIDTH="112" HEIGHT="54" CONTENT="Buffe" WC="0.63" CC="11318"/>
							<String ID="word002068" HPOS="2731" VPOS="4214" WIDTH="24" HEIGHT="54" CONTENT="t" STYLE="subscript" WC="0.63" CC="6"/>
							<SP ID="P14_SP01874" HPOS="2754" VPOS="4269" WIDTH="30"/>
							<String ID="word002069" HPOS="2784" VPOS="4218" WIDTH="170" HEIGHT="59" CONTENT="Signori" WC="0.78" CC="2311115"/>
							<SP ID="P14_SP01875" HPOS="2954" VPOS="4277" WIDTH="0"/>
						</TextLine>
					</TextBlock>
				</ComposedBlock>
			</PrintSpace>
		</Page>
	</Layout>
</alto>
