3402 4429
457 141 243 123 TH

3257 94 7 25 ,!

706 152 106 111 E
915 154 867 116 NATIONAL
1886 155 945 111 REGISTER.

2878 120 13 12 .

3373 161 5 6 .

1176 407 109 52 Our
1305 407 132 58 tine,
1462 413 324 46 eanAitution,
1807 415 86 43 anb
1918 407 165 54 trab4.

289 570 115 58 No.
433 570 92 57 57.

2617 502 14 6 ..
2659 494 5 14 •

2682 557 190 58 PRICE
2898 557 90 58 Rd.

1041 570 393 65 SUNDAY,
1478 570 442 57 JANUARY
1961 570 44 63 It
2004 570 45 63 9,
2102 568 154 54 1809.

506 738 356 46 POLITICAL
888 733 464 58 DISQUISITION.

713 870 185 27 NDMEER
930 870 44 26 Fl
984 872 47 26 FT
1041 870 83 27 Y-SI
1133 873 45 39 X!

856 937 171 25 --w•--

270 990 71 40 TO
367 987 167 41 WHAT
565 987 169 43 CAUSE
759 987 113 41 ARE
894 981 111 46 olnt
1035 989 269 41 MILITARY
1311 989 281 41 -FAILURES

640 1071 72 41 TO
739 1068 67 41 BE
835 1068 354 43 ATTRIBUTED
1204 1072 14 34 ?

326 1208 135 53 Every
478 1213 274 50 engagement
772 1208 94 43 with
889 1209 67 41 the
978 1222 141 40 enemy
1144 1208 145 41 afords
1306 1214 52 35 an
1378 1209 213 40 additional

269 1270 221 53 testimony
510 1270 50 40 of
583 1271 71 40 the
684 1272 241 54 superiority
957 1272 51 39 of
1038 1285 76 27 our
1133 1274 152 48 troops.
1344 1274 130 51 Every
1512 1286 79 25 new

269 1332 235 51 expedition
522 1333 115 53 gives
656 1346 51 26 an
728 1333 198 53 alarming
946 1331 125 57 proof
1101 1333 51 39 of
1181 1346 106 27 some
1325 1333 125 40 latent
1469 1333 124 41 defect

270 1406 50 26 or
335 1393 379 56 mismanagement,
738 1394 128 43 which
883 1395 216 43 frustrates
1117 1394 70 40 the
1205 1395 129 41 effects
1350 1395 47 40 of
1428 1396 77 39 this
1532 1409 41 27 su-

269 1456 221 54 periority.
548 1459 116 39 Were
680 1470 80 27 our
789 1457 165 41 soldiers
974 1456 76 45 less
1067 1456 244 57 disciplined,
1346 1457 76 39 less
1460 1470 115 26 nume

273 1530 94 28 rons
386 1519 80 40 and
487 1520 190 56 intrepid,
707 1521 78 40 and
804 1532 77 30 our
891 1519 187 41 disasters
1091 1519 200 53 originate
1310 1520 38 39 in
1370 1520 79 39 this
1466 1526 132 38 cause;

270 1593 61 27 we
351 1581 151 52 might,
523 1581 163 41 console
706 1581 203 43 ourselves
931 1580 96 41 with
1046 1581 72 40 the
1136 1581 248 52 prospect:of
1398 1581 195 52 attaining

270 1639 208 44 hereafter
491 1642 72 44 the
573 1644 250 52 advantages
840 1656 60 26 we
919 1642 53 40 do
989 1646 73 35 not
1080 1654 149 40 possess
1247 1646 39 34 at
1306 1648 171 48 present.
1522 1644 71 39 But

269 1717 45 26 as
332 1719 77 27 our
424 1706 182 54 military
624 1719 69 27 are
713 1703 223 41 unrivalled
967 1704 39 40 in
1030 1719 120 38 every
1183 1703 150 56 quality
1357 1704 129 39 which
1509 1717 64 26 ren-

270 1766 90 40 ders
378 1767 98 41 such
498 1780 25 27 a
537 1768 110 40 force
667 1767 201 45 effective,
898 1766 31 40 it
944 1766 32 39 is
993 1779 22 26 a
1036 1766 155 51 subject
1206 1765 48 39 of
1274 1765 118 53 equal
1428 1768 168 51 surprise

270 1828 81 40 and
371 1830 367 52 disappointment,
769 1843 43 26 as
824 1828 32 40 it
869 1828 33 39 is
920 1827 152 54 worthy
1095 1827 50 40 of
1160 1827 69 39 the
1248 1832 102 34 most
1370 1828 151 38 serious
1541 1830 35 35 in-

272 1892 267 51 vestigation,
568 1891 105 48 that,
710 1891 96 39 with
843 1903 44 26 so
925 1884 111 60 large
1065 1890 77 40 and
1175 1890 211 52 expensive
1421 1900 48 26 an
1499 1894 78 33 esta-

272 1949 234 46 blishment,
536 1951 53 41 all
609 1961 78 32 our
703 1951 269 53 expeditions,
1003 1951 63 41 for
1095 1951 70 40 the
1196 1950 74 40 last
1305 1951 138 39 fifteen
1474 1964 122 39 years,

272 2011 96 41 with
391 2014 71 40 the
480 2016 217 52 exception
719 2014 48 40 of
783 2015 90 40 that
906 2019 45 35 to
973 2017 148 51 Egypt,
1149 2011 105 40 have
1289 2017 72 34 not
1390 2013 97 38 been
1508 2026 67 38 pro-

270 2074 165 41 ductive
454 2076 51 39 of
517 2076 267 53 advantages,
814 2075 233 53 equivalent
1067 2081 41 34 to
1127 2075 71 40 the
1221 2087 74 40 pay
1318 2074 51 40 of
1394 2087 77 27 our
1489 2087 106 40 army

273 2135 69 40 for
359 2150 22 26 a
399 2137 130 53 single
543 2138 92 53 day.
693 2138 133 40 When
843 2151 59 27 we
921 2135 123 46 recal,
1062 2137 148 52 during
1221 2137 89 39 that
1326 2135 187 47 interval,
1534 2137 66 39 the

273 2194 148 43 battles
433 2198 53 39 of
500 2199 260 47 Alexandria,
798 2199 155 45 Maida,
990 2198 194 45 Vimeira,
1215 2198 72 39 and
1323 2200 203 46 Corunna,
1563 2200 35 38 in

274 2257 129 40 which
424 2272 80 26 our
522 2267 138 46 troops
674 2261 106 39 have
800 2259 229 52 performed
1051 2259 203 52 prodigies
1269 2259 51 39 of
1332 2259 163 45 valour;
1525 2261 73 38 and

276 2324 93 39 read
390 2337 103 28 over
506 2326 71 41 the
592 2327 158 53 history
774 2326 48 40 of
835 2326 70 40 the
922 2337 110 27 same
1051 2324 158 54 period,
1239 2324 124 40 which
1396 2326 31 39 is
1457 2326 91 52 only
1576 2339 24 25 a

1342 2417 9 9 ,
1371 2399 70 26 are
1461 2386 138 50 almost

1302 2446 69 39 the
1404 2447 196 40 existence

1356 2507 123 46 elder,
1509 2510 89 38 Fer-

279 2568 77 46 rol,
373 2570 320 53 Buenos-Ayres,
723 2570 80 39 and
820 2570 37 38 in
870 2569 136 52 Spain.

333 2630 131 39 There
484 2631 32 39 is
534 2637 73 33 not
624 2643 79 28 one
730 2643 151 39 among
918 2643 59 33 us,
1006 2628 89 40 who
1115 2629 74 39 has
1207 2634 69 34 not
1294 2628 231 54 frequently
1541 2635 59 34 at-
1619 2628 4 54 .

276 2692 182 52 tempted
477 2696 44 34 to
542 2696 171 38 account
731 2692 69 40 for
817 2692 78 41 this
906 2691 308 40 contradiction.
1270 2692 86 38 The
1378 2692 221 53 incapacity

281 2752 52 39 of
347 2754 66 38 the
441 2753 307 47 Commanders,
765 2756 71 39 the
854 2753 208 40 weakness
1080 2753 48 38 of
1140 2753 70 39 the
1235 2753 196 51 Ministry,
1452 2753 69 39 the
1535 2754 45 38 de-

282 2813 98 40 fects
399 2813 52 40 of
457 2829 79 27 oar
556 2816 177 53 military
754 2820 163 47 system,
946 2813 78 40 and
1045 2829 22 25 a
1101 2816 155 51 variety
1277 2813 47 40 of
1336 2815 119 41 other
1473 2828 133 27 causes

282 2877 104 39 have
405 2878 102 39 been
529 2880 181 53 assigned
739 2884 45 34 to
820 2877 161 53 explain
999 2877 80 39 this
1097 2876 177 54 political
1296 2877 278 52 phenomenon
1593 2894 11 27 ;

282 2940 197 40 remedies
498 2941 105 40 have
620 2942 100 38 been
737 2940 214 53 proposed,
967 2939 78 39 anti
1059 2939 176 53 changes
1250 2937 254 46 introduced;
1535 2939 72 39 but

282 3000 70 40 the
372 3001 242 54 mortifying
633 3002 293 51 inconsistency
947 2999 228 47 continues,
1205 3000 77 40 and
1298 3012 119 41 every
1440 3013 81 27 new
1541 3013 45 27 en-

282 3063 168 51 terprise
471 3064 164 39 renders
654 3064 30 38 it
703 3074 115 28 more
834 3061 159 54 glaring
1013 3059 78 41 and
1113 3066 240 48 repugnant.

339 3125 132 39 When
490 3138 50 26 an
556 3126 80 39 evil
660 3138 171 40 appears
848 3138 43 26 so
919 3124 241 47 inveterate,
1182 3123 77 39 and
1287 3123 201 53 alarming
1506 3122 104 41 from

286 3184 53 40 its
356 3185 219 54 frequency
591 3188 78 39 and
686 3185 300 46 continuation,
1000 3185 31 39 it
1046 3197 92 40 may
1153 3198 146 39 appear
1312 3183 84 40 like
1410 3197 177 40 presump-

288 3248 103 44 tiow,
411 3253 45 34 to
478 3248 168 54 indulge
667 3261 104 28 even
791 3249 39 39 in
855 3247 70 41 the
953 3247 106 53 hope
1078 3247 48 38 of
1143 3247 48 39 its
1211 3246 268 46 eradication;
1509 3260 44 25 or
1572 3252 41 34 to

289 3321 177 40 propose
488 3322 207 30 measures
713 3317 43 35 to
771 3311 89 41 that
876 3309 135 40 effect.
1068 3308 227 40 Selfishness
1313 3309 133 52 might
1467 3321 124 27 recom-

292 3372 117 39 mend
429 3374 185 47 caution,
645 3374 80 39 and
763 3372 309 56 pusillanimity,
1102 3370 169 45 silence;
1299 3371 66 39 for
1385 3371 112 39 there
1518 3369 30 40 is
1566 3381 52 26 no

289 3431 117 41 small
429 3433 150 52 degree
594 3435 50 39 of
656 3436 155 53 danger
826 3435 43 40 in
886 3433 237 52 combating
1144 3433 142 39 abuses
1302 3432 76 40 and
1397 3445 133 26 errors
1547 3437 72 33 too

291 3493 247 44 favourable
569 3502 45 34 to
638 3497 73 40 the
738 3498 185 38 interests
960 3508 44 26 as
1039 3493 87 41 well
1156 3507 43 27 as
1234 3495 172 51 passions
1427 3494 48 41 of
1489 3506 130 40 many.

292 3555 89 41 The
399 3555 104 43 fatal
522 3559 215 46 influence,
758 3557 128 40 which
904 3557 32 39 is
954 3555 169 54 capable
1143 3556 51 40 of
1218 3555 265 53 maintaining
1500 3555 122 45 them,

292 3615 37 48 is
343 3617 181 44 likewise
537 3621 143 40 armed
692 3620 97 40 with
807 3620 69 41 the
888 3631 137 43 power
1035 3617 50 40 of
1098 3617 213 54 molesting
1322 3618 70 39 the
1410 3617 189 39 reformer
1612 3633 9 27 ;

298 3680 79 40 and
397 3681 72 40 the
484 3686 85 39 will
593 3683 34 41 is
651 3687 76 37 not
745 3683 170 40 inferior
932 3685 45 37 to
999 3679 69 40 the
1091 3693 136 26 many;
1244 3678 47 40 of
1313 3678 213 53 ptinishing
1545 3677 80 40 him

298 3742 67 41 for
383 3742 63 43 his
465 3744 288 43 interference.
813 3745 87 39 The
915 3741 133 41 whole
1065 3741 113 40 shoal
1201 3739 46 40 of
1260 3746 265 39 contractors,
1535 3739 69 51 job-

298 3804 107 46 bers,
424 3807 315 47 commissaries,
758 3804 78 43 and
849 3804 188 46 minions,
1057 3803 92 39 who
1169 3802 126 40 fatten
1320 3803 39 38 in
1381 3803 71 38 the
1476 3801 91 53 pool
1586 3800 50 41 of

301 3874 381 48 army-patronage,
713 3867 81 43 will
821 3869 87 48 join
939 3867 38 39 in
1004 3863 257 54 criminating
1292 3863 60 40 his
1388 3863 241 46 intentions;

300 3932 93 45 and,
410 3931 172 40 sensible
602 3932 50 39 of
673 3931 111 39 their
803 3931 158 51 present
980 3926 262 53 advantages,
1272 3928 111 35 resist
1401 3935 120 43 every
1541 3937 69 40 pro-

300 3992 111 50 posal
437 3993 70 39 for
533 3993 211 53 purifying
762 3992 70 40 the
852 3987 175 43 noxious
1044 3990 105 37 sink.
1207 3991 53 35 As
1278 3986 96 54 long
1391 3997 45 30 as
1452 3986 96 53 they
1566 3996 45 30 en-

295 4055 74 51 joy
393 4054 107 40 their
521 4056 234 44 mistresses,
777 4052 129 45 villas,
926 4049 145 45 cooks,
1101 4050 78 39 and
1202 4050 235 56 equipages,
1457 4049 103 39 their
1577 4046 39 40 di-

306 4115 159 53 gestion
495 4115 81 41 will
607 4122 73 35 not
713 4115 53 40 he
797 4111 202 59 impeded,
1030 4124 78 26 nor
1136 4110 107 40 their
1267 4109 295 54 tVatifitations
1576 4120 41 27 re-

306 4178 191 47 strained,
517 4180 39 39 in
573 4189 276 40 consequence
869 4173 51 43 of
945 4174 71 41 the
1035 4174 184 41 disasters
1237 4173 48 41 of
1302 4173 70 43 the
1393 4176 184 47 country,
1593 4185 46 27 or

306 4237 70 40 the
394 4240 184 54 disgrace
599 4241 48 39 of
664 4253 78 28 our
762 4250 120 28 arms.

1707 737 76 38 But
1800 736 106 39 such
1926 736 46 39 of
1987 735 66 40 the
2076 735 148 52 public,
2254 746 40 25 as
2314 746 69 24 are
2404 743 69 26 not
2505 726 259 53 i_diviniihy
2798 730 170 37 ititerest-

1656 795 47 39 ed
1748 797 34 37 in
1831 796 237 52 supporting
2114 808 24 25 a
2198 800 144 47 system
2382 793 46 39 of
2460 791 244 52 peculation,
2765 788 119 50 begin
2941 793 46 32 to

1658 857 113 39 think
1789 857 110 39 there
1920 870 66 27 are
2006 857 118 39 other
2143 857 178 39 interests
2341 860 40 33 to
2402 855 45 37 be
2479 850 221 44 conseited,
2732 846 249 57 paramount

1658 924 43 34 to
1719 920 64 38 the
1796 920 291 52 gratifications
2102 917 48 39 of
2167 931 19 25 a
2204 917 165 44 minion,
2389 930 46 25 or
2454 915 69 39 the
2543 912 247 52 pretensions
2809 909 50 41 of
2872 924 21 25 a
2911 924 71 39 pr.-

1658 985 107 34 tron.
1821 981 86 39 The
1926 973 287 47 mortification
2236 978 45 39 of
2295 990 77 26 our
2407 977 149 39 former
2580 974 175 44 failures,
2779 973 138 50 joineti
2942 976 43 35 to

1658 1044 66 40 the
1756 1043 183 41 senseless
1971 1044 207 53 profusion
2207 1042 45 38 of
2274 1041 123 40 blood
2425 1042 76 38 and
2529 1046 178 33 treasure
2739 1036 148 52 during
2917 1036 69 39 the

1661 1111 154 46 present
1828 1106 228 52 campaign,
2087 1106 103 38 have
2211 1103 156 47 already
2386 1101 142 40 caused
2561 1114 21 24 a
2604 1091 143 60 degree
2767 1097 50 39 of
2846 1097 116 38 irri'a-

1658 1167 98 45 tion,
1785 1167 146 46 which,
1962 1180 56 26 we
2049 1170 122 40 trust,
2200 1163 73 40 will
2297 1169 72 33 not
2389 1162 172 45 subside!,
2594 1159 57 40 till
2680 1159 67 40 the
2778 1170 119 27 catae
2930 1159 52 39 be

1662 1228 139 53 rigidly
1824 1227 261 52 investigated
2105 1226 77 40 and
2211 1225 200 50 removed.
2467 1222 39 39 if
2524 1235 58 25 we
2610 1235 69 25 are
2708 1224 71 35 not
2799 1219 103 40 dead
2936 1225 46 34 to

1659 1291 67 40 the
1747 1290 157 40 honour
1923 1291 46 38 of
1984 1290 65 38 the
2069 1293 189 46 country,
2287 1287 78 37 and
2386 1285 69 39 the
2473 1285 222 48 increasing
2718 1279 104 54 peril
2843 1280 50 38 of
2906 1279 79 41 otie

1659 1354 206 45 situation,
1896 1351 34 39 if
1942 1350 236 53 experience
2206 1362 71 25 can
2304 1348 150 38 benefit
2474 1359 59 30 us,
2574 1357 47 47 or
2637 1343 256 43 'misfortune
2926 1341 40 38 in-

1658 1419 138 39 struct,
1817 1428 59 25 we
1896 1413 78 40 will
1994 1411 174 54 speedily
2189 1410 73 40 and
2278 1406 266 52 efficaciously
2565 1408 58 37 set
2644 1406 126 38 about
2789 1401 67 39 the
2872 1407 112 35 work

1658 1476 51 40 of
1728 1476 162 40 reform.

1710 1537 144 40 Should
1883 1537 69 38 the
1985 1539 156 50 present
2187 1538 141 47 system
2369 1530 207 44 continue,
2623 1538 118 40 every
2780 1537 100 32 Tear
2900 1522 73 39 wil

1659 1602 48 39 be
1733 1600 167 40 marked
1935 1600 90 39 with
2063 1613 24 26 a
2122 1599 211 52 repetition
2363 1594 48 39 of
2434 1593 113 39 those
2577 1587 187 44 blunders
2798 1589 76 38 and
2896 1587 25 39 d
2957 1609 19 12 -

1659 1668 132 41 asters,
1832 1661 124 41 which
1985 1663 104 37 have
2117 1662 50 38 of
2193 1659 78 39 late
2317 1671 44 22 so
2401 1651 265 56 prominently
2711 1646 216 54 disti!lcA

1659 1724 46 40 ed
1727 1739 73 25 our
1820 1723 170 52 military
2011 1721 250 53 enterprises.
2317 1719 87 39 The
2434 1715 243 50 advantages
2705 1711 46 40 of
2780 1724 77 26 onr
2880 1708 103 40 tom!

1659 1786 204 44 situation,
1896 1785 66 38 the
1995 1789 87 33 vast
2108 1780 239 53 superiority
2380 1778 47 38 of
2450 1789 76 27 our
2545 1788 73 25 nay
2630 1787 35 30 v,
2695 1774 77 38 and
2803 1773 69 37 the
2907 1776 57 33 dis-

1659 1853 148 33 tracted
1840 1844 197 40 attention
2076 1844 47 38 of
2144 1844 69 38 the
2246 1853 159 37 etiemy,
2437 1838 99 37 have
2570 1835 175 39 hitherto
2769 1832 209 51 preserved

1664 1922 41 26 us
1724 1907 104 39 from
1851 1906 102 40 their
1971 1904 150 40 effects.
2179 1905 74 37 But
2271 1902 66 50 the
2337 1902 22 50 .
2360 1902 162 48 fortune
2539 1894 128 39 which
2688 1894 69 38 has
2779 1892 197 39 favoured

1664 1976 43 26 us
1723 1965 58 40 till
1817 1980 89 26 now
1926 1981 86 38 may
2036 1967 155 51 change
2207 1981 12 26 ;
2249 1963 73 39 and
2355 1962 70 38 the
2460 1957 191 54 patriotic
2687 1956 112 51 spirit
2833 1954 48 39 of
2913 1954 70 41 the

1662 2033 183 46 country,
1878 2028 69 39 the
1967 2024 220 43 unrivalled
2203 2019 174 57 bravery
2408 2021 47 38 of
2469 2031 77 26 our
2568 2023 154 44 troops,
2754 2017 47 35 be
2824 2016 161 50 incapa-

1665 2088 61 39 We
1743 2089 45 38 of
1802 2089 178 52 resisting
1998 2089 67 38 the
2086 2099 180 41 pressure
2284 2083 51 39 of
2356 2082 69 39 the
2454 2076 250 54 unexpected
2738 2074 246 41 difficultiett.

1667 2154 39 38 If
1729 2167 56 26 we
1802 2153 94 41 Wish
1933 2159 41 34 to
1997 2153 100 39 have
2115 2164 78 26 our
2226 2147 215 41 destinies
2441 2144 141 54 placed
2603 2153 51 28 on
2683 2153 20 25 a
2735 2151 116 28 more
2884 2138 100 40 solid

1665 2220 102 39 basis
1785 2220 96 39 than
1900 2220 87 39 that
2016 2220 47 38 of
2094 2218 164 43 chance,
2296 2226 60 26 we
2376 2215 103 38 must
2498 2207 118 41 effect
2639 2220 24 26 a
2689 2206 156 39 chancre
2865 2205 79 40 and
2963 2217 25 25 a

1665 2282 146 41 radical
1840 2297 79 26 one
1952 2283 34 39 iu
2009 2293 77 30 our
2121 2277 174 51 military
2328 2276 269 48 department.
2655 2270 92 37 Past
2785 2263 202 48 disasters,

1659 2350 159 50 present
1834 2342 373 56 disappointments,
2235 2337 74 39 and
2326 2336 70 39 the
2415 2331 201 53 alarming
2637 2335 181 47 prospect
2845 2329 141 35 !before

1665 2419 58 33 us,
1755 2419 66 30 are
1837 2405 253 43 sufficient,to
2108 2405 118 37 rouse
2243 2396 172 56 egotism
2428 2393 78 43 and
2524 2389 276 43 iodotsatie-to
2822 2402 25 26 a

1663 2464 50 44 of
1727 2478 72 26 our
1815 2465 165 52 danger.

1717 2530 84 37 One
1834 2539 46 26 or
1900 2531 80 33 two
2011 2524 104 39 facts
2134 2533 149 38 convey
2308 2530 113 30 more
2441 2512 231 44 conviction
2694 2515 40 38 to
2757 2509 70 39 the
2862 2507 125 46 mind,

1665 2591 98 40 than
1782 2589 180 40 volumes
1978 2588 46 40 of
2039 2588 193 51 eloquent
2245 2581 282 43 declamation.
2591 2580 89 38 Was
2695 2575 113 41 there
2820 2585 41 25 eN
2875 2585 45 34 er
2936 2585 57 30 ail

1667 2665 112 39 army
1815 2663 113 26 more
1961 2650 235 50 compeleut
2230 2644 61 39 for
2323 2642 169 45 service,
2519 2650 48 27 or
2594 2635 203 41 animated
2832 2635 98 40 with
2965 2646 25 27 a

1669 2714 128 38 better
1828 2709 130 54 spirit,
1988 2711 103 39 than.
2119 2708 87 38 that
2241 2718 56 26 we
2323 2706 89 37 sent
2431 2708 41 33 to
2492 2696 198 53 Portugal
2708 2700 13 34 ?
2754 2696 87 38 The
2864 2695 102 40 Gene-

1670 2773 78 40 rals
1765 2772 213 54 employed
2013 2785 54 25 ou
2096 2770 71 38 the
2200 2766 187 41 occasion
2408 2760 204 53 displayed
2631 2773 24 26 a
2673 2756 241 52 knowledge
2949 2756 50 39 of

1670 2837 104 40 their
1802 2835 234 53 profession,
2065 2826 214 46 combined
2311 2825 97 41 with
2430 2825 66 40 the
2516 2833 180 39 courage
2714 2818 46 41 of
2786 2832 24 24 a
2830 2818 163 45 sold;et,

1672 2897 87 39 that
1775 2896 66 40 the
1865 2894 93 53 only
1980 2894 162 50 anxiety
2167 2903 54 27 we
2239 2887 86 47 felt,
2360 2898 76 26 Was
2454 2880 190 57 dispelled
2661 2896 11 28 ;
2702 2880 78 39 and
2813 2880 72 39 the
2904 2890 69 40 pre-

1671 2957 143 39 tended
1833 2956 236 53 superiority
2106 2952 50 38 of
2177 2952 69 38 the
2269 2959 143 41 enemy
2446 2957 98 27 over
2571 2955 46 28 us
2648 2941 40 39 in
2711 2940 81 40 this
2811 2955 25 22 u
2855 2953 35 25 ie
2911 2950 64 26 res-

1676 3026 103 47 pect,
1807 3032 79 27 was
1922 3031 51 26 no
2004 3017 142 51 longer
2183 3008 209 43 admitted.
2448 3008 123 40 From
2602 3004 87 39 that
2719 3004 187 38 moment
2937 3009 61 28 we

1676 3081 117 40 could
1824 3080 116 45 look,
1967 3078 96 38 with
2082 3073 246 43 confidence,
2361 3076 43 33 to
2430 3069 66 38 the
2516 3070 107 38 most
2654 3061 181 40 brilliant
2874 3057 125 44 re:vat

1677 3144 105 40 from
1799 3143 67 39 the
1899 3139 229 54 operations
2147 3135 47 40 of
2218 3146 74 27 our
2327 3143 128 40 army.
2511 3126 174 41 Soldiers
2702 3124 78 39 and
2804 3124 195 44 Gene,rds

1680 3219 100 26 were
1806 3203 161 54 equally
2003 3200 107 54 good
2132 3215 11 28 ;
2177 3196 76 40 and
2271 3193 93 52 they
2386 3203 100 28 were
2506 3189 129 54 going
2656 3193 41 33 to
2733 3185 109 54 figia
2876 3184 126 40 under

1680 3268 69 39 the
1775 3270 104 34 must
1910 3261 226 54 auspicious
2172 3257 304 39 circumstances
2512 3250 130 39 which
2676 3247 169 39 fortune
2882 3231 129 53 coast

1683 3333 168 48 present,
1880 3339 48 27 or
1962 3322 66 41 the
2048 3334 93 27 man
2161 3318 48 43 of
2232 3317 161 41 honour
2412 3312 167 40 choose.
2636 3309 84 39 The
2756 3307 177 44 natives,
2963 3311 45 34 to

1683 3405 22 24 a
1742 3403 105 33 man,
1879 3400 102 26 were
2016 3381 142 41 ardent
2178 3381 38 37 in
2244 3391 73 26 our
2337 3376 163 38 favour.
2559 3371 111 51 They
2695 3371 74 38 had
2807 3365 200 43 labourol

1684 3452 65 39 for
1767 3463 106 30 some
1896 3449 110 44 time,
2036 3444 124 39 under
2193 3441 67 39 the
2281 3444 103 33 most
2406 3433 230 54 oppressive
2656 3432 73 38 and
2751 3428 158 57 gsW.eg
2929 3439 60 28 ser-

1689 3514 145 46 vitude,
1864 3511 94 45 and,
1991 3506 94 41 with
2125 3517 76 26 our
2238 3500 214 41 assistance
2473 3495 120 41 alone
2617 3494 91 52 they
2732 3489 79 41 had
2833 3503 77 40 any
2946 3501 43 27 ra-

1688 3578 123 40 tional
1834 3578 183 52 prospect
2036 3570 47 40 of
2096 3570 123 50 being
2254 3561 197 45 liberated
2486 3561 110 39 from
2617 3559 48 38 its
2685 3568 197 41 pressure.
2937 3554 77 40 We

1690 3641 76 39 will
1799 3644 69 35 not.
1887 3639 174 47 attempt
2078 3638 44 33 to
2144 3630 126 40 refute
2290 3641 48 27 au
2374 3622 184 54 opinion,
2582 3617 247 43 maintamei
2849 3617 52 52 by
2923 3626 59 30 mo-

1690 3705 92 38 dern
1805 3698 246 43 declaimers,
2082 3692 126 40 which
2229 3689 90 52 only
2350 3700 52 26 an
2421 3681 189 44 absolute
2623 3684 222 52 ignorance
2863 3676 51 41 of
2937 3677 59 38 his-

1662 3750 9 78 -1
1694 3772 103 45 tory,
1822 3762 79 41 and
1924 3774 47 27 an
1989 3759 175 46 extrava6
2164 3759 21 46 -
2185 3759 67 46 ant
2276 3748 257 56 predilection
2565 3745 65 38 for
2660 3739 159 56 general
2857 3750 138 28 reason-

1696 3829 79 50 ing,
1805 3817 344 47 unsubstantiated
2170 3816 52 51 by
2245 3813 96 45 fact,
2372 3808 116 43 could
2510 3808 105 38 have
2631 3803 180 51 brought
2832 3801 90 39 into
2941 3800 60 38 cir-

1696 3889 190 40 culation.
1945 3883 84 39 The
2046 3878 144 57 people
2212 3876 46 38 of
2280 3887 119 37 every
2421 3875 190 45 country,
2629 3866 185 38 however
2831 3860 187 43 confined

1697 3952 104 39 their
1832 3943 244 45 intellectual
2115 3941 289 40 endowments,
2433 3947 46 25 or
2511 3927 200 54 degraded
2747 3925 109 38 tlieir
2891 3919 80 46 moo
2972 3919 27 46 -
2999 3919 27 46 i

1698 4025 123 33 sense,
1861 4007 132 57 prefer
2028 4005 104 40 their
2167 4013 89 28 own
2293 3997 282 53 government,
2609 3990 99 38 their
2740 3999 90 27 Cott
2867 3984 141 40 institn
3019 4006 9 5 -

1701 4077 115 44 Cams,
1845 4070 57 41 let
1919 4070 109 39 them
2048 4067 51 39 be
2115 4077 94 27 ever
2231 4076 41 25 so
2293 4058 213 40 defective,
2526 4059 43 33 to
2589 4052 65 39 the
2676 4054 98 34 most
2798 4046 233 39 beneficent

1703 4133 273 44 innovations.
2021 4128 41 40 If
2080 4127 93 51 they
2197 4137 67 26 are
2283 4117 219 44 associated
2523 4111 94 43 with
2641 4111 67 39 the
2722 4110 111 39 ideas
2848 4108 50 38 of
2920 4119 85 27 com-

1702 4195 156 54 pulsion
1880 4191 77 41 and
1987 4191 208 51 conquest.
2251 4185 85 39 The
2355 4179 210 40 insolence,
2595 4174 67 38 the
2682 4170 197 52 rapncqy,
2903 4168 46 38 of
2963 4169 71 38 the

1707 4257 152 40 French
1893 4269 67 26 are
1991 4254 39 38 in
2063 4253 183 39 constant
2283 4244 182 41 collision
2497 4239 98 38 with
2616 4235 99 39 their
2754 4230 246 54 prefessions
3019 4247 11 27 ;

274 2385 220 60 catitagup
967 2386 78 43 and
1064 2386 215 51 disgraces,
1292 2400 60 25 we

275 2437 177 51 inetineti
467 2451 46 37 to
527 2444 267 52 d'alrtiiptir
809 2445 146 46 Senses,
984 2445 77 40 and
1081 2452 44 33 to
1143 2445 130 40 doubt
1302 2446 52 39 th(

274 2507 54 38 of
341 2506 65 40 the
425 2520 177 28 reverses
620 2522 58 26 we
696 2507 202 41 sustained
919 2513 41 33 at
984 2506 206 47 Dunkirk,
1211 2505 69 41 the
1316 2507 33 38 11

3244 485 25 60 ~~;,

3389 1813 13 6 ._
