3402 4429
1098 149 144 54 THE
1277 152 373 51 NATIONAL
1688 154 373 52 REGISTER.

214 178 28 25 .1r
256 150 38 51 A
304 150 51 51 N
451 172 20 24 U.
472 146 20 50 9
494 146 5 57 .

253 291 307 47 Major-General
596 291 263 43 Manniugham
889 291 70 32 and
993 291 105 33 Leith
1114 301 12 28 ;
1167 291 69 33 and
1267 291 63 34 the
1362 291 152 45 brigade
1543 299 46 25 or

253 339 148 37 Guards
415 339 112 33 under
549 337 296 47 Major-General
870 337 148 33 Warde.

305 389 57 32 'Co
380 387 99 32 these
490 387 157 40 officers,
667 386 67 33 and
754 385 63 33 the
830 392 125 35 troops
973 385 113 33 under
1101 384 97 34 their
1220 384 210 34 immediate
1448 386 141 40 orders,

256 433 66 34 the
343 439 158 38 greatest
537 435 123 45 praise
693 433 27 33 is
746 433 84 34 due.
883 431 306 45 Major-General
1224 432 81 33 Hill
1333 433 71 32 and
1436 433 151 34 Colonel

256 483 125 35 Catlin
403 481 204 41 Crauford,
637 481 91 33 with
746 480 98 34 their
857 481 169 41 brigades
1041 489 45 22 on
1104 480 59 32 the
1182 480 66 32 left
1265 478 43 33 of
1331 480 60 32 the
1411 481 178 44 position,

257 531 91 43 ably
369 531 201 43 supported
588 529 99 34 their
702 528 187 33 advanced
919 531 110 39 posts.
1083 526 81 33 The
1182 528 106 32 brunt
1307 527 41 33 of
1378 527 60 32 the
1466 528 124 32 action

259 578 64 35 fell
345 587 100 35 upon
467 578 59 32 the
544 578 85 39 4th,
647 578 85 40 42d,
749 576 105 40 50th,
881 574 67 34 and
981 575 78 32 81st
1078 575 208 41 regiments,
1315 574 89 33 with
1424 578 102 40 parts
1556 574 43 34 of
1619 574 1 48 •

260 626 65 34 the
344 625 152 44 brigade
508 625 44 34 of
561 625 159 38 Guards,
745 622 67 34 and
828 622 64 33 the
907 622 87 33 `?6th
1007 621 191 44 regiment.
1253 621 112 33 From
1383 622 210 33 Lieutenant

260 674 155 34 Colonel
449 676 169 41 Murray,
645 669 519 43 Quarter-Master-General,
1195 669 69 33 and
1294 669 61 33 the
1383 669 138 33 officers
1556 669 43 33 of

265 720 65 35 the
348 722 157 33 General
523 720 106 41 Staff,
664 720 13 33 I.
700 719 165 33 received
885 719 59 32 the
963 720 91 30 most
1071 716 149 33 marked
1238 716 210 33 assistance.
1498 716 12 32 l
1527 715 67 33 had

265 780 130 26 reason
415 775 39 26 to
472 776 133 34 regret,
635 768 80 33 that
746 767 61 32 the
828 767 120 32 illness
967 763 44 33 of
1039 762 373 44 Brigadier-General
1431 763 176 40 Clinton,.

267 815 381 43 Adjutant-general,
677 813 178 45 deprived
883 823 54 21 me
952 809 43 35 of
1017 811 56 33 his
1087 810 77 34 aid.
1222 810 20 34 I
1269 820 77 25 was
1375 810 168 33 indebted
1563 815 37 27 to

273 865 381 45 Brigadier-General
676 861 110 33 Slade
813 860 132 43 during
961 857 63 40 the
1050 856 141 41 action,
1217 856 59 34 for
1291 868 24 22 a
1344 857 149 33 zealous
1509 857 90 33 offer

270 913 46 34 of
341 913 53 32 his
411 912 167 44 personal
596 909 174 40 services,
795 905 183 45 although
999 905 63 34 the
1078 905 151 44 cavalry
1261 913 97 25 were
1374 904 217 34 embarked.

318 960 83 34 The
433 967 145 34 greater
596 961 87 43 part
713 956 43 34 of
777 956 66 34 the
872 956 84 33 fleet
974 953 137 44 having
1135 961 89 33 gone
1252 956 39 30 to
1318 961 61 24 sea
1409 951 191 44 yesterday

267 1007 175 44 evening,
463 1007 60 33 the
557 1006 124 34 whole
702 1003 110 45 being
844 1002 113 34 under
991 1000 138 44 weigh,
1156 999 67 34 and
1261 1002 64 32 the
1341 1009 110 35 corps
1485 999 34 33 in
1540 998 60 33 the

270 1055 263 34 embarkation
554 1051 222 44 necessarily
806 1050 107 34 much
933 1048 125 35 mixed
1072 1058 46 22 on
1137 1046 131 41 board,
1297 1046 28 33 it
1343 1046 28 33 is
1391 1046 213 46 impossible

269 1109 40 28 at
332 1109 145 38 present
495 1109 37 27 to
562 1101 64 45 lay
643 1098 128 34 before
789 1109 74 34 you
894 1108 24 24 a
935 1103 120 27 return
1075 1094 44 34 of
1131 1104 66 22 our
1214 1094 204 33 casualties.
1476 1093 14 35 1
1509 1093 94 45 hope

268 1153 67 32 the
356 1152 71 33 loss
439 1150 33 33 in
484 1150 167 33 numbers
669 1150 28 32 is
723 1153 61 27 not
798 1157 40 22 so
857 1143 254 37 considerable
1128 1152 40 22 as
1195 1142 112 41 might
1324 1141 92 33 have
1433 1141 90 33 been
1539 1150 45 24 ex-

273 1200 148 44 pected.
475 1196 41 34 If
542 1196 15 34 I
583 1208 74 22 was
687 1194 146 43 obliged
870 1199 37 28 to
935 1193 93 34 form
1059 1201 47 22 an
1140 1189 167 33 estimate
1328 1189 12 33 I
1363 1187 130 35 should
1525 1199 83 31 say,

272 1248 84 33 that
391 1247 17 33 I
439 1245 144 35 believe
604 1247 26 32 it
648 1244 63 34 did
739 1247 61 28 not
829 1241 138 34 exceed
989 1240 37 33 in
1056 1237 122 35 killed
1201 1237 69 32 and
1302 1234 181 34 wounded
1508 1235 97 33 from

272 1305 111 24 seven
415 1300 39 28 to
482 1293 104 44 eight
630 1289 159 39 hundred
804 1302 11 27 ;
860 1289 81 35 that
973 1287 45 33 of
1067 1286 65 34 the
1178 1294 126 33 enemy
1346 1289 94 27 must
1472 1283 136 34 remain

276 1343 203 38 unknown,
519 1343 65 32 but
625 1348 107 34 many
772 1338 282 34 circumstances
1103 1332 129 34 induce
1277 1342 57 24 me
1381 1335 39 28 to
1461 1336 78 27 rate
1576 1330 26 33 it

275 1397 40 28 at
343 1390 128 41 nearly
498 1389 138 34 double
667 1388 63 34 the
746 1387 123 33 above
883 1385 164 33 number.
1106 1380 69 33 We
1193 1378 92 35 have
1302 1387 98 26 some
1428 1376 181 45 prisoners

278 1440 69 34 but
378 1439 18 32 I
418 1437 91 33 have
527 1442 64 28 not
617 1437 93 33 been
742 1435 84 33 able
846 1439 38 28 to
904 1433 129 33 obtain
1049 1442 47 25 an
1111 1431 157 31 account
1299 1426 41 34 of
1352 1426 61 32 the
1430 1426 151 32 number
1597 1436 11 27 ;

278 1488 32 32 it
344 1486 28 33 is
404 1491 77 34 not,
521 1485 190 40 however,
741 1480 263 37 considerable.
1076 1475 150 37 Several
1264 1474 152 34 Officers
1446 1470 44 33 of
1515 1472 93 33 rank

279 1534 94 34 have
391 1534 112 34 fallen
533 1543 43 25 or
604 1533 91 33 been
723 1527 194 40 wounded,
953 1538 136 34 among
1119 1522 124 35 whom
1272 1522 19 33 I
1323 1531 58 25 am
1407 1522 43 32 at
1466 1524 144 40 present

276 1581 158 34 enabled
455 1591 37 26 to
517 1586 94 30 state
632 1580 63 33 the
724 1587 122 27 names
865 1574 44 33 of
938 1569 386 41 Lieutenant-Colonel
1354 1569 162 44 Napier,
1540 1566 70 35 92d

279 1631 194 41 regiment,
501 1628 142 46 Majors
661 1628 148 43 Napier
836 1623 70 34 and
924 1623 204 44 Stanhope,
1154 1618 86 35 50th
1260 1617 191 43 regiment,
1598 1625 12 30 ;

283 1676 394 35 Lieutenant-Colonel
720 1672 145 39 Winch,
904 1670 64 35 4th
998 1670 194 45 regiment,
1222 1662 389 37 Lieutenant-Colonel

283 1726 117 39 Faue,
441 1726 85 37 59th
570 1723 191 44 regiment,
806 1720 224 33 Lieutenant
1065 1715 156 35 Colonel
1247 1711 164 40 Griffith,
1453 1706 157 46 Guards,

283 1772 143 46 Majors
455 1773 128 33 Miller
599 1770 72 33 and
702 1770 33 32 \%
751 1769 152 35 imams,
930 1768 74 31 Slst
1028 1765 190 44 regiment,
1248 1757 193 37 wounded.

330 1824 56 32 To
405 1832 73 33 you
501 1821 83 33 who
609 1828 67 22 are
698 1817 83 34 well
797 1813 223 46 acquainted
1041 1812 92 34 with
1153 1809 63 34 the
1230 1806 188 37 excellent
1434 1804 175 46 qualities

280 1869 45 33 of
335 1870 118 33 Lieut.
475 1869 92 33 Gen.
585 1866 60 34 Sir
664 1863 102 37 John
787 1864 148 38 Moore,
965 1860 13 33 I
1000 1861 90 32 need
1110 1864 61 28 not
1186 1854 194 46 expatiate
1396 1864 47 24 on
1465 1852 59 33 the
1540 1852 72 32 loss

278 1917 65 33 the
358 1928 104 32 army
481 1917 70 32 and
574 1916 64 32 the
656 1918 152 35 country
833 1910 63 31 has
913 1907 184 34 sustained
1124 1907 47 40 by
1201 1905 54 32 his
1272 1902 126 33 death.
1455 1902 69 33 His
1544 1899 65 33 fall

280 1965 66 32 has
358 1964 177 44 deprived
556 1972 56 24 me
630 1959 45 33 of
684 1972 24 20 a
725 1958 172 34 valuable
917 1956 137 39 friend,
1080 1961 38 27 to
1139 1954 120 32 whom
1279 1951 85 41 long
1385 1948 226 46 experience

280 2011 46 34 of
343 2011 56 35 his
418 2011 120 33 worth
552 2009 73 35 had
641 2007 180 43 sincerely
848 2003 175 34 attached
1038 2009 39 26 to
1107 2011 70 22 me.
1231 2001 74 32 But
1320 1998 28 32 it
1368 1996 30 33 is
1414 1995 135 43 chiefly
1569 2004 43 22 on

283 2060 131 44 public
438 2057 157 46 grounds
614 2057 83 32 that
724 2054 19 33 I
772 2057 93 28 must
898 2052 135 32 lament
1052 2050 64 32 the
1133 2049 116 32 blow.
1302 2044 39 33 It
1371 2044 80 33 will
1488 2044 45 32 be
1551 2040 61 35 the

283 2107 256 34 conversation
559 2104 45 34 of
624 2112 115 34 every
755 2111 70 24 one
854 2099 86 32 who
970 2098 112 33 loved
1113 2106 43 22 or
1191 2092 187 47 respected
1406 2091 58 33 his
1488 2089 120 43 manly

283 2156 209 39 character,
521 2152 98 40 that,
644 2151 100 33 after
759 2146 222 43 conducting
1007 2145 64 33 the
1096 2153 102 34 army
1217 2140 158 43 through
1395 2148 46 24 an
1457 2139 157 33 arduous

286 2210 141 26 retreat
445 2200 91 34 with
550 2202 249 32 consummate
826 2194 177 39 firmness,
1033 2193 44 32 he
1104 2191 65 33 has
1192 2186 217 37 terminated
1437 2196 22 24 a
1488 2194 126 24 career

286 2250 44 34 of
341 2248 265 45 distinguished
620 2248 142 32 honour
783 2244 51 43 by
853 2252 25 21 a
895 2241 109 33 death
1028 2241 80 32 that
1128 2239 61 32 has
1202 2238 106 44 given
1328 2235 60 33 the
1407 2243 125 33 enemy
1553 2232 43 32 ad-

285 2298 161 33 ditional
467 2306 126 26 reason
615 2300 39 27 to
671 2296 144 41 respect
849 2291 64 31 the
932 2298 102 22 name
1054 2285 43 33 of
1111 2297 21 21 a
1153 2285 136 33 British
1310 2281 152 35 soldier.
1517 2280 93 32 Like

288 2344 65 33 the
371 2343 189 35 immortal
583 2340 141 41 Wolfe,
746 2340 41 33 he
806 2339 30 33 is
850 2335 174 35 snatched
1043 2334 93 34 from
1159 2333 53 33 his
1228 2339 152 35 country
1398 2335 40 25 at
1453 2339 44 21 an
1508 2327 105 44 early

287 2393 133 45 period
441 2392 44 33 of
507 2404 25 21 a
549 2389 70 34 life
635 2394 106 38 spent
770 2387 35 31 in
840 2386 65 32 her
922 2383 163 37 service;
1113 2382 79 32 like
1215 2378 138 39 Wolfe,
1372 2376 57 32 his
1448 2376 69 31 last
1537 2383 52 22 mo-

289 2446 116 27 ments
428 2448 93 24 were
539 2437 124 45 gilded
697 2437 48 41 by
765 2435 64 31 the
854 2435 174 40 prospect
1054 2430 45 32 of
1126 2437 150 30 success,
1302 2424 67 33 and
1390 2422 152 33 cheered
1566 2421 46 41 by

289 2489 63 32 the
370 2485 250 37 acclamation
647 2481 45 33 of
713 2481 144 41 victory
875 2491 11 28 ;
915 2478 78 32 like
1017 2476 123 32 Wolfe
1157 2476 91 38 also,
1272 2473 53 32 his
1352 2479 162 33 memory
1538 2469 80 32 wit!

291 2536 58 33 fur
364 2544 90 25 ever
471 2532 138 34 temaiu
626 2530 128 34 sacred
778 2529 34 31 in
840 2528 83 32 that
940 2530 154 37 country
1117 2522 119 34 which
1256 2520 44 33 lie
1317 2515 299 45 sincecelyloved

291 2583 71 35 and
384 2582 122 34 which
528 2582 44 32 he
592 2578 72 34 had
680 2588 43 22 so
739 2572 196 43 faithfully
954 2571 142 33 snyeal.

345 2630 35 34 It
402 2629 157 34 remains
591 2626 59 33 fur
678 2634 58 24 me
759 2622 86 33 only
868 2627 38 26 to
933 2628 154 35 express
1115 2627 59 33 my
1194 2615 109 44 hope,
1331 2613 81 34 that
1448 2621 71 31 you
1540 2609 77 34 will

291 2679 169 45 speedily
483 2678 43 32 1w
550 2672 163 38 restored
733 2676 37 27 to
789 2669 63 34 the
869 2668 142 33 service
1041 2665 45 33 of
1111 2674 92 33 your
1220 2669 168 34 country,
1414 2661 70 31 and
1504 2665 37 26 to
1569 2657 35 32 la-

294 2732 99 30 ment
412 2727 60 31 the
493 2721 237 35 unfortunate
754 2718 261 34 circumstance
1042 2714 83 32 that
1142 2711 167 34 removed
1330 2718 71 34 you
1422 2707 92 31 from
1527 2715 93 33 your

292 2776 139 32 station
448 2773 38 32 in
501 2772 61 32 the
582 2769 100 41 field,
710 2766 70 34 anti
797 2766 120 33 threw
935 2763 61 33 the
1015 2766 228 37 momentary
1261 2756 190 35 command
1470 2756 74 32 into
1564 2751 57 34 far

293 2824 70 32 less
376 2820 86 35 able
481 2818 128 35 hands.

633 2864 20 34 I
674 2864 92 33 have
787 2863 65 32 the
866 2858 142 34 honour
1028 2863 35 28 to
1078 2856 60 41 be,
1169 2856 65 32 &c.

850 2907 105 35 JOH
969 2907 25 32 N
1028 2904 168 40 HOPE,
1226 2897 237 38 Lieut.-Gen.

296 2965 57 34 To
373 2962 237 37 Lieut.-Gen.
633 2961 61 33 Sir
715 2955 126 38 David
862 2955 132 41 Baird,

586 3009 79 33 &c..
687 3008 66 33 &c.

332 3122 365 41 SUPPLEMEFT
725 3122 67 34 TO
833 3118 112 34 TILE
976 3111 221 38 LONDON
1226 3104 246 40 GAZETTE
1500 3100 59 37 EX-

748 3167 228 37 TRAORD
990 3163 48 34 IN
1052 3161 27 34 A
1091 3162 32 32 It
1134 3159 50 35 Y.

690 3267 358 43 Admiralty-quice,
1072 3260 94 37 Jan.
1193 3257 60 37 Si.

304 3341 113 44 Copy
444 3338 41 37 of
504 3348 24 22 a
561 3338 126 33 Letter
722 3332 93 34 from
850 3330 60 32 the
943 3330 94 32 lion.
1068 3319 159 39 Michael
1250 3318 58 37 De
1328 3319 164 33 Cottrev,
1513 3312 116 33 Rear-

352 3389 167 32 Admiral
541 3385 45 34 of
595 3389 64 30 the
680 3381 141 38 White,
844 3384 38 27 to
981 3376 94 32 !lon.
1102 3373 58 31 W.
1187 3367 190 34 Wellesley
1406 3364 104 34 l'ole,
1524 3359 106 33 dated

347 3449 47 21 Cu
415 3435 113 33 board
549 3433 56 33 his
625 3428 194 48 Alajesty';
837 3426 85 43 ship
943 3433 58 24 tile
1015 3423 182 37 Touuant,
1215 3422 38 28 at
1269 3415 187 38 Corunna,
1470 3411 61 32 the
1550 3407 81 34 17th

348 3484 72 34 and
444 3483 81 33 18th
548 3482 148 33 instant.

402 3533 91 38 Stu,
1232 3510 167 41 January
1421 3506 58 40 17,
1506 3502 102 37 1509.

353 3587 151 44 Haying
531 3586 24 33 it
579 3585 35 34 in
641 3582 124 41 deiign
784 3583 39 30 to
842 3574 128 38 detach
989 3574 64 34 the
1072 3568 163 39 Cossack
1252 3575 37 24 to
1311 3562 164 45 England
1493 3570 38 22 as
1548 3569 85 22 soon

300 3647 41 25 as
359 3637 64 33 her
442 3637 103 32 boats
575 3633 98 34 shall
704 3639 102 24 cease
841 3633 37 27 to
914 3626 44 32 be
986 3619 169 37 essential
1178 3625 34 24 to
1232 3614 61 33 the
1310 3609 260 37 embarkation
1598 3606 40 32 of

305 3692 149 38 troops,
476 3684 13 32 I
510 3683 100 33 seize
624 3691 25 22 a
666 3683 159 30 moment
842 3681 37 26 to
898 3670 174 45 acquaint
1084 3677 86 34 you,
1191 3664 58 32 for
1266 3661 61 33 the
1348 3656 234 37 information
1599 3652 41 33 of

304 3733 65 33 the
389 3732 113 34 Lords
526 3728 262 35 Commissions
806 3724 46 32 of
865 3720 59 33 the
948 3715 224 43 Admiralty,
1193 3712 78 32 that
1291 3709 59 33 the
1368 3706 102 41 ships
1489 3703 40 32 of
1546 3710 90 31 war,

300 3789 41 26 itA
361 3790 67 35 per
446 3780 189 43 margin*,
671 3775 70 34 and
775 3774 219 38 transports,
1012 3763 113 35 under
1143 3759 60 34 the
1222 3756 124 34 orders
1374 3752 45 33 of
1441 3748 171 38 Rear-Ad-

304 3828 111 34 miral
431 3828 61 32 ,Sir
513 3824 148 35 Samuel
700 3819 109 38 Hood
844 3816 71 35 and
953 3809 282 38 Commissioner
1266 3804 150 35 Bowen,
1436 3795 145 37 arrived
1602 3801 37 26 at

304 3878 74 32 this
396 3875 213 41 anchorage
626 3870 94 33 from
741 3869 99 41 Vigo
860 3875 46 22 on
943 3863 59 32 the
1030 3857 83 34 14th
1134 3856 67 34 and
1222 3852 81 35 15th
1325 3850 80 32 inst.
1427 3847 63 33 the
1509 3842 126 35 Alfred

304 3925 72 33 and
399 3922 224 39 Ilindostan,
651 3917 90 37 with
770 3922 100 26 some
902 3913 217 38 transports,
1152 3911 97 25 were
1266 3898 67 34 left
1350 3902 39 27 at
1413 3894 97 41 Vigo
1530 3901 37 22 to
1585 3900 35 22 re-

302 3973 106 32 ceive
433 3981 24 24 a
475 3969 154 45 brigade
640 3966 46 34 of
702 3965 94 34 3300
813 3971 93 30 men,
925 3959 79 32 that
1020 3953 71 35 had
1110 3951 110 35 taken
1233 3947 80 34 that
1332 3947 106 31 route
1452 3940 110 35 under
1580 3938 60 34 the

305 4019 176 34 Generals
503 4019 112 33 Alten
634 4013 70 34 and
728 4007 209 39 Crawford.

360 4069 40 32 In
418 4068 63 33 the
498 4065 158 41 vicinity
689 4061 45 34 of
754 4059 171 35 Corunna
944 4054 59 33 the
1029 4056 130 37 enemy
1178 4045 93 34 have
1290 4036 145 50 pressed
1456 4045 96 34 upon
1579 4032 61 34 the

304 4115 144 34 British
470 4117 33 32 in
521 4119 107 39 great
647 4110 116 34 force.
816 4106 81 33 The
915 4097 262 41 eatbaration
1195 4091 40 34 of
1248 4091 63 32 the
1328 4087 94 37 sick.
1436 4083 60 33 the
1511 4081 105 35 caval-

304 4173 63 34 ry,
385 4163 71 33 and
475 4159 60 38 time
550 4159 118 37 stores
689 4160 91 31 went
801 4157 71 30 on.'
914 4152 81 32 The
1012 4146 103 44 night
1131 4141 41 37 of
1193 4140 58 34 the
1269 4136 83 34 16th
1375 4144 74 20 iva:,
1466 4128 154 46 appoint-

301 4212 44 34 ed
376 4212 61 34 for
464 4211 61 37 the
556 4205 152 51 general
733 4198 263 41 embarkation
1016 4194 43 35 of
1078 4192 64 34 the
1160 4188 158 41 infantry
1332 4195 14 27 k
1371 4180 86 44 and,
1478 4180 34 32 in
1538 4185 103 27 wean

1649 289 103 40 time,
1778 291 61 32 the
1867 299 123 33 enemy
2014 286 176 47 prepared
2204 286 60 34 fur
2280 285 138 33 attack.
2474 283 48 31 At
2554 279 122 41 three,
2701 286 39 37 p.
2761 286 45 24 m.
2836 285 44 24 an
2904 285 44 25 ac-

1650 340 76 30 tion
1743 335 250 40 commenced;
2019 335 61 33 the
2096 344 144 33 enemy,
2257 331 119 35 which
2404 328 70 34 had
2502 330 91 32 been
2619 324 130 47 posted
2767 333 47 22 on
2831 334 21 21 a
2870 320 97 46 lofty

1654 384 79 38 hill,
1752 383 265 43 endeavouring
2033 389 37 26 to
2089 381 94 34 force
2205 381 61 33 the
2288 376 135 38 British
2443 386 43 22 on
2503 374 156 33 another
2675 371 65 34 hilt
2761 369 44 33 of
2820 367 152 34 inferior

1654 428 139 45 height,
1809 431 69 33 and
1894 438 86 26 near
1998 430 61 33 the
2076 433 111 31 town.
2237 428 80 33 The
2341 433 125 34 enemy
2485 429 100 27 were
2611 420 126 34 driven
2756 417 97 34 back
2874 415 93 33 with

1654 484 100 31 great
1770 478 181 43 slaughter
1965 489 12 28 ;
2003 477 64 33 but
2085 485 86 34 very
2189 485 104 33 sorry
2317 482 58 24 am
2408 471 13 34 1
2446 477 37 27 to
2518 469 87 39 add,
2623 467 79 33 that
2722 464 63 34 the
2811 462 163 39 British,

1654 526 139 41 Clough
1812 526 239 43 triumphant,
2069 522 92 35 have
2189 521 152 34 suffered
2357 527 123 25 severe
2498 517 124 32 losses.
2678 514 87 31 lam
2785 510 132 34 unable
2931 513 41 31 to

1654 573 262 32 communicate
1932 570 141 34 further
2092 570 234 44 particulars,
2348 567 85 32 than
2451 565 79 32 that
2557 562 59 31 Sir
2634 559 102 34 John
2756 557 133 33 Moore
2915 565 61 24 re.

1655 619 126 33 ceised
1799 630 22 21 a
1838 619 130 34 mortal
1998 618 144 40 wound,
2176 617 41 33 of
2241 615 120 33 which
2392 613 44 32 he
2467 608 86 35 died
2587 611 41 32 at
2657 605 130 46 eight;
2815 605 80 32 that
2915 604 63 32 Sir

1661 665 122 34 David
1813 666 107 34 Baird
1939 665 69 34 lost
2041 676 45 22 an
2109 676 76 22 arm
2199 676 11 28 ;
2238 661 80 33 that
2343 658 137 37 several
2512 657 151 33 Officers
2680 656 69 31 and
2769 661 105 33 many
2891 659 83 24 men

1659 713 92 32 have
1766 715 87 32 been
1871 712 113 34 killed
2002 711 70 35 and
2093 710 172 35 wounded
2282 720 11 28 ;
2319 707 69 33 and
2421 705 77 34 that
2519 703 64 33 the
2600 702 102 44 ships
2719 698 44 35 of
2787 707 76 24 war
2882 698 96 31 have

1662 761 164 32 received
1844 759 50 33 all
1907 759 85 34 such
2011 757 43 35 of
2075 759 58 33 the
2161 758 112 33 latter
2302 767 38 22 as
2369 754 84 44 they
2472 750 109 35 could
2598 745 291 40 accommodate,
2915 742 69 35 the

1662 808 198 32 remainder
1878 807 105 43 being
1998 813 74 26 sent
2089 814 35 25 to
2143 809 215 39 transports.

1708 855 81 32 The
1809 854 157 33 weather
1988 854 27 32 is
2047 863 79 24 now
2160 857 257 39 tempestuous,
2437 844 70 35 mid
2526 844 63 33 the
2606 839 208 37 difficulties
2836 837 44 33 of
2898 846 51 24 em-

1661 900 198 35 barkation
1873 909 61 25 are
1946 906 118 38 groat.
2114 898 61 35 All
2193 904 138 38 except
2353 896 59 32 the
2431 902 84 25 rear
2532 888 117 47 guard
2666 898 64 24 are
2757 883 217 39 embarked,

1662 948 194 43 consisting
1886 948 158 45 perhaps
2066 951 38 30 at
2133 946 63 34 the
2228 948 143 41 present
2383 941 170 45 !moment
2571 935 44 33 of
2634 935 99 35 '2600
2752 943 92 24 men.
2896 930 85 35 The

1664 1005 126 34 enemy
1809 994 131 45 having
1957 994 154 43 brought
2130 1004 137 24 cannon
2302 998 37 26 to
2367 1000 22 21 a
2418 987 66 33 bill
2503 984 250 44 overhanging
2773 981 60 32 the
2846 978 136 40 beach,

1667 1042 91 34 have
1775 1043 119 33 forced
1911 1054 22 22 a
1950 1041 172 46 majority
2140 1041 41 33 of
2194 1039 61 34 the
2272 1041 202 39 transports
2494 1041 35 26 to
2548 1037 64 28 cut
2622 1041 40 24 or
2675 1029 86 44 slip.
2796 1025 161 34 Embark-

1663 1095 102 28 ation
1781 1089 104 44 being
1907 1100 44 24 no
1969 1089 124 44 longer
2117 1085 228 47 practicable
2369 1088 40 31 at
2427 1082 58 33 the
2505 1085 120 31 town,
2660 1077 63 32 the
2751 1076 105 32 boats
2883 1072 97 33 have

1668 1137 89 33 been
1774 1136 149 34 ordered
1957 1143 35 26 to
2022 1147 24 22 a
2070 1135 105 34 sandy
2197 1131 116 35 beach
2334 1139 85 26 near
2451 1127 64 35 the
2541 1124 244 45 light-house,
2806 1120 66 33 and
2895 1120 31 32 it
2952 1117 32 33 is

1670 1185 117 43 hoped
1805 1183 79 34 that
1909 1183 60 33 the
1998 1187 141 40 greater
2169 1188 98 38 part,
2294 1178 33 34 if
2347 1183 63 26 not
2425 1178 67 37 all,
2513 1173 78 34 will
2610 1172 73 32 still
2707 1170 44 32 lie
2764 1165 222 41 embarked,

1669 1231 61 34 the
1747 1231 100 45 ships
1864 1231 40 33 of
1915 1241 74 22 war
2009 1231 129 41 having
2153 1226 167 46 dropped
2339 1231 60 26 out
2418 1230 37 26 to
2471 1220 188 35 facilitate
2678 1214 276 34 embarkation.

1716 1279 102 34 JAN.
1841 1278 180 34 18.---The
2044 1276 254 35 embarkation
2329 1271 41 34 of
2394 1271 61 33 the
2483 1276 131 35 troops
2640 1264 136 44 having
2805 1257 182 48 occupied

1670 1325 60 34 the
1740 1332 142 38 greater
1897 1330 81 39 part
1996 1325 41 32 of
2057 1326 66 32 last
2152 1322 116 45 night,
2298 1320 30 33 it
2355 1319 61 33 has
2434 1322 63 28 not
2516 1315 90 32 been
2633 1313 35 32 in
2700 1320 59 33 my
2785 1317 129 37 power
2942 1315 38 25 to

1670 1372 128 34 detach
1818 1372 60 34 the
1897 1372 158 35 Cossack
2085 1370 123 33 before
2233 1368 71 32 this
2335 1367 71 40 day
2422 1376 11 22 ;
2460 1362 71 33 and
2554 1362 25 32 it
2596 1359 30 33 is
2644 1358 91 34 with
2754 1354 231 37 satisfaction

1676 1420 14 34 I
1708 1431 59 24 am
1780 1420 81 33 able
1879 1426 37 28 to
1932 1419 86 40 add,
2031 1419 93 39 that,
2143 1417 34 33 in
2197 1422 240 35 consequence
2461 1410 41 32 of
2525 1410 61 31 the
2619 1406 96 46 good
2741 1404 106 33 order
2867 1401 94 34 main-

1672 1467 118 34 tained
1809 1469 46 40 by
1874 1467 58 33 the
1949 1473 139 37 troops,
2115 1463 66 33 and
2203 1463 60 32 the
2293 1457 208 38 unwearied
2526 1454 189 34 exertions
2740 1452 47 32 of
2806 1448 155 35 Commis-

1670 1515 119 33 sioner
1813 1515 148 39 Bowen,
1993 1513 60 34 the
2085 1511 189 45 Captains,
2296 1507 69 34 and
2396 1505 105 33 other
2536 1501 152 34 Offie!rs
2705 1498 44 34 of
2769 1498 64 33 the
2849 1495 131 43 Navy,

1672 1561 61 33 the
1748 1561 145 43 Ageing,
1909 1571 39 24 as
1967 1559 80 35 well
2076 1569 38 24 as
2143 1559 60 32 the
2236 1553 116 35 boats'
2378 1561 130 32 crews,
2536 1559 105 33 many
2678 1545 43 34 of
2743 1545 120 32 whom
2883 1550 99 26 were

1671 1609 59 34 for
1748 1615 74 27 two
1839 1609 103 44 days,
1961 1607 156 33 without
2133 1605 100 40 food,
2248 1603 67 33 and
2339 1599 154 34 without
2510 1605 145 35 repose,
2673 1594 61 32 the
2753 1602 105 33 army
2878 1591 94 32 have

1672 1657 89 34 been
1775 1655 191 35 embarked
1997 1659 40 28 to
2062 1655 58 31 the
2150 1652 71 33 last
2255 1659 94 30 malt,
2374 1646 69 34 and
2470 1645 63 32 the
2548 1643 102 41 ships
2676 1650 64 22 are
2757 1649 81 24 now
2859 1638 35 32 in
2916 1635 63 35 the

1671 1706 119 43 offing,
1806 1708 239 40 preparatory
2066 1706 38 28 to
2119 1698 155 40 steering
2301 1697 59 31 for
2380 1691 177 44 England.
2609 1690 80 32 The
2706 1693 105 38 great
2832 1684 94 41 body
2943 1680 44 37 of

1674 1752 59 32 the
1746 1756 196 39 transports
1961 1748 130 43 having
2117 1747 67 32 lost
2203 1744 97 33 their
2328 1742 167 38 anchors,
2520 1747 61 24 rats
2610 1742 38 28 to
2666 1744 61 24 sera
2747 1731 155 34 without
2922 1730 64 32 the

1672 1805 123 38 troops
1817 1800 81 43 they
1920 1806 91 24 were
2029 1793 146 34 ordered
2207 1798 38 27 to
2280 1789 156 37 receive,
2469 1787 33 32 in
2520 1791 248 35 consequence
2790 1778 44 34 of
2858 1789 22 21 st
2894 1778 87 32 hick

1672 1846 100 33 there
1789 1856 60 24 are
1879 1856 94 21 some
2003 1839 189 37 thousands
2210 1848 44 22 on
2285 1835 112 35 board
2417 1835 63 32 the
2494 1832 104 44 ships
2623 1830 41 32 of
2691 1838 91 24 war.
2833 1825 151 34 Several

1672 1898 210 40 transports,
1902 1890 150 44 through
2072 1889 61 39 tni
2133 1889 20 39 ,
2153 1889 247 39 .management,
2426 1891 63 22 ran
2507 1890 45 21 on
2570 1878 120 33 shore.
2743 1873 81 34 The
2841 1881 143 25 seatuito

1672 1941 187 46 appeared
1876 1944 35 28 to
1930 1938 90 32 :13ve
2039 1933 208 35 abandoned
2262 1932 113 35 them,
2393 1935 73 25 two
2485 1928 109 40 being
2610 1920 155 46 brought
2776 1926 65 27 out
2854 1920 41 41 by
2923 1922 61 28 the

1672 1988 117 35 boats'
1806 1996 110 24 crews
1933 1984 43 34 of
1988 1984 61 33 the
2068 1993 74 22 men
2160 1980 43 33 of
2226 1988 92 32 svar,
2344 1984 72 26 two
2437 1983 99 25 were
2551 1974 123 38 burnt,
2692 1969 67 33 and
2789 1967 69 33 rive
2884 1974 100 25 were

1674 2036 136 44 bilged.
1863 2034 13 33 1
1896 2039 128 27 cannot
2041 2029 171 34 conclude
2228 2027 76 32 this
2321 2026 99 39 hasty
2439 2026 193 30 statement
2644 2017 161 34 without
2822 2022 149 28 express-

1676 2085 60 41 ing
1756 2094 56 32 my
1841 2088 97 35 great
1972 2078 216 44 obligations
2218 2079 35 27 to
2289 2067 288 39 Rear-Admiral
2606 2066 59 32 Sir
2692 2062 145 34 Samuel
2859 2060 130 37 Hood,

1678 2133 120 31 ‘vhose
1817 2139 65 33 eye
1898 2138 74 22 was
1989 2135 109 32 every
2125 2122 137 37 where,
2293 2120 70 32 and
2396 2119 124 32 whose
2538 2112 188 35 exertions
2759 2119 96 24 were
2882 2114 107 27 unro.

1676 2176 210 37 mitted.-1
1904 2176 91 32 have
2009 2172 63 33 the
2083 2171 138 32 houour
2238 2176 39 26 to
2293 2169 58 39 be,
2369 2165 67 34 tite.

2570 2206 56 34 111.
2652 2205 64 35 Dr
2745 2203 195 35 COVRCY.

1723 2272 112 45 hazy
1856 2268 158 37 weather
2043 2263 187 44 rendering
2254 2259 63 34 the
2337 2256 164 37 Cossack
2518 2250 174 43 obscure,
2719 2252 20 34 I
2766 2249 130 37 detach
2927 2249 61 31 tbe

1680 2322 159 34 Gleaner
1856 2316 90 35 with
1964 2316 70 32 this
2050 2310 182 45 dispatch.

1729 2370 21 20 *
1781 2367 102 35 Ville
1904 2365 44 32 de
1981 2361 123 39 Paris,
2128 2357 175 41 Victory,
2326 2349 182 40 Barfieur,
2539 2347 171 39 Zealous,
2741 2344 249 39 Implaralsle,

1682 2413 213 38 Elizabeth,
1929 2409 139 43 Norge,
2101 2406 253 40 Plautagetiet,
2375 2396 234 39 Resolution,
2626 2392 224 38 Audaciou-,

1680 2463 111 39 taloa,
1811 2459 196 34 Mediator.

1822 2576 357 50 TUESDAY'S
2213 2568 267 50 LONDON
2517 2561 327 51 GAZETTE.

1954 2730 103 33 PAH
2073 2730 12 32 I
2104 2722 267 38 NERSIIIPS
2396 2714 320 41 DISSOLVED.

1734 2791 46 38 it.
1802 2792 66 35 and
1883 2792 45 35 T.
1952 2789 116 34 Davis
2083 2787 66 33 and
2173 2786 100 37 Butt,
2295 2780 145 37 Davis's
2461 2776 150 39 Wharf,
2626 2769 241 41 !:nuthwarlr.,
2883 2769 122 34 what.

1685 2841 294 45 tinger—Birtles
1990 2836 69 34 and
2081 2835 194 38 Harrison,
2288 2828 242 39 Manchester,
2548 2818 282 51 pluinbers—E.
2846 2817 70 34 and
2943 2815 39 33 W
2993 2836 11 11 .

1690 2893 132 37 Evans,
1853 2885 344 40 Wolverhampton,
2216 2867 578 56 iron-plate-workers—Jervis,
2813 2865 195 40 Lambley,

1687 2939 67 33 and
1778 2931 176 46 Phillips,
1976 2928 189 41 Derstend,
2196 2924 266 43 Birtuangliam,
2484 2911 435 41 bras-founders---Hall
2936 2909 73 35 and

1694 2986 120 44 Hyde,
1844 2981 177 43 Edgeley,
2054 2975 193 40 Cheshire,
2280 2963 396 48 cotton-spinners—J.
2709 2962 71 33 and
2798 2961 41 34 J.
2864 2957 145 35 French

1688 3034 69 33 and
1780 3032 165 40 Burgess,
1978 3027 131 33 Frome
2135 3022 57 33 Set
2202 3019 120 40 wood,
2349 3014 295 37 Somersetsbire,
2670 3004 341 39 clothiers—Rich.

1691 3080 118 40 mond,
1832 3077 15 38 3
1847 3077 165 38 .l:ebster,
2031 3072 70 33 and
2119 3069 200 38 Robinson,
2337 3065 223 35 Sculcoate:,
2584 3059 30 35 y
2626 3058 189 38 orkshire,
2828 3061 158 27 common-

1691 3122 389 40 brewers--Hotham,
2108 3119 38 32 J.
2170 3119 148 34 Seaton,
2344 3113 39 33 J.
2471 3111 152 35 Seaton,
2644 3106 46 32 R.
2711 3105 151 37 Seaton,
2880 3099 70 34 and
2967 3098 44 35 J.

1693 3177 145 37 Seaton,
1861 3167 229 39 Pontefract,
2124 3162 228 38 Yorkshire,
2381 3152 394 40 bankers--Hothatn,
2802 3150 41 33 J.
2863 3149 150 37 Seaton,

1691 3224 40 33 J.
1755 3219 145 39 Brook,
1919 3217 39 33 J.
1982 3213 46 37 F.
2052 3215 146 35 Seaton,
2225 3211 41 32 C;.
2285 3209 43 33 C.
2352 3207 146 38 Seaton,
2533 3202 48 34 It.
2601 3202 151 39 Seaton,
2778 3196 69 35 and
2867 3194 39 37 J.
2928 3194 67 38 See-

1693 3278 78 34 ton,
1789 3263 269 39 Huddersfield,
2079 3260 171 33 bankers.

1971 3315 377 43 BANKRUPTCY
2379 3308 377 40 SUPERSEDED.

1746 3386 164 34 William
1928 3381 230 41 Partington,
2181 3374 244 37 Nlanettester,
2446 3367 348 46 money-scrivener.

2183 3437 31 32 B
2224 3431 304 38 AN.KRUPTS.

1743 3495 100 35 John
1857 3493 149 35 Tucker
2014 3487 69 35 and
2098 3483 162 35 Richard
2278 3480 98 37 Roth
2383 3478 98 40 well,
2497 3475 248 39 Manchester,
2756 3476 247 31 cottoa-manu-

1695 3544 193 34 rteturers,
1912 3541 87 33 Jan.
2021 3537 63 37 30,
2100 3536 59 38 31,
2173 3531 70 34 and
2258 3528 131 35 March
2406 3527 37 39 7,
2460 3531 40 27 at
2515 3531 93 33 two,
2621 3530 41 26 at
2679 3522 61 34 the
2764 3520 81 43 Dog
2862 3519 163 39 Tavern,

1698 3592 242 34 Manchester.
1995 3582 202 38 Attoruies,
2225 3578 145 35 Messrs.
2400 3572 176 35 Redhead
2606 3570 71 33 and
2691 3565 4 61 •
2709 3567 180 41 Brother',
2919 3565 83 33 Man-

1697 3643 164 37 chester.;
1889 3632 78 40 and,
1977 3633 142 33 Messrs.
2138 3627 116 34 Milne
2267 3624 71 34 and
2360 3622 135 43 Parry,
2513 3617 170 45 Temple.

1744 3686 103 34 John
1876 3677 231 43 Greenwell,.
2126 3674 113 33 South
2277 3669 157 40 Shields,
2466 3667 172 39 butcher,
2670 3664 94 35 Feb.
2793 3663 39 41 9,
2867 3658 59 44 14,
2957 3656 72 37 and

1704 3733 125 35 March
1845 3732 39 40 1,
1902 3737 39 26 at
1952 3733 74 35 ten,
2046 3733 37 26 at
2099 3724 61 33 the
2178 3720 144 37 Golden
2342 3717 90 34 Lion
2453 3715 80 40 Inn,
2554 3713 116 35 Sofsth
2691 3709 152 34 Shields.
2896 3709 112 32 Attor-

1701 3783 89 39 nies,
1824 3780 71 32 Mr.
1930 3771 239 43 Bainbridge,
2194 3767 115 35 South
2347 3762 165 41 Shields;
2546 3762 72 33 and
2657 3758 144 34 Messrs.
2841 3755 84 35 Bell
2957 3751 72 37 and

1706 3826 196 41 Brohick,
1924 3822 208 37 Bow-lan?,
2150 3813 223 46 Cheapside.

1748 3878 125 32 James
1894 3867 189 43 Winnard,
2105 3861 216 41 Ormskirk,
2350 3861 157 35 brewer,
2541 3854 94 37 Feb.
2653 3853 38 43 9,
2721 3856 37 30 at
2776 3852 76 39 six,
2880 3850 60 39 10.
2959 3844 73 37 and

1706 3922 128 35 March
1850 3922 39 37 7,
1906 3926 37 26 at
1959 3918 143 35 eleven,
2126 3918 38 28 at
2183 3909 64 34 the
2264 3908 152 40 Talbct,
2446 3904 217 35 Ormskirk.
2717 3899 207 38 Attornic;,
2955 3896 74 33 Air.

1702 3972 161 34 Thomas
1881 3961 239 40 Blackstock,
2138 3961 57 32 tit.
2217 3954 334 39 Mildred's-court,
2580 3948 158 46 Poultry
2754 3958 12 31 ;
2791 3946 69 34 and
2880 3944 150 35 Messrs.

1709 4020 35 31 IV
1755 4017 97 43 right
1870 4015 70 34 and
1958 4011 162 35 Palmer,
2139 4003 219 39 Ormskirk.

1750 4067 159 32 ThOlUaS
1930 4057 180 40 llachail,
2127 4052 246 45 Criggleston,
2402 4046 131 40 York,
2562 4045 169 35 butcher,
2765 4039 90 35 Feb.
2877 4037 64 41 2`2,

1704 4113 71 34 and
1807 4110 126 35 March
1952 4110 39 35 7,
2023 4111 40 27 at
2088 4104 143 35 eleven,
2271 4106 40 26 at
2336 4098 60 33 the
2426 4093 231 46 Woolpacks
2691 4090 80 41 Inn,
2810 4083 223 37 IValietield.

1706 4160 202 39 Attoruies,
1942 4156 77 34 Mr.
2052 4152 155 44 Batty%
2231 4144 322 46 Chancery-lane;
2593 4139 70 38 and
2698 4139 72 34 Ma
2807 4135 44 35 E.
2890 4131 146 38 Brooli.

1713 4204 219 39 Wakefield.

3250 0 151 102 111

41 986 7 28 1

3211 53 70 103 ',~{~

3254 343 22 41 ,4

3273 2401 8 26 /

3214 2583 4 17 ;

3214 3167 59 213 I

3214 3587 37 40 r~i

3219 3643 2 41 .
3231 3643 32 41 f'•

3219 3691 9 11 ~
3228 3691 9 11 y

3265 3706 6 26 ';

3266 4176 4 9 ,

3353 2559 48 137 I

3326 4233 25 13 ~W
