3402 4429
1080 190 148 52 THE
1261 184 379 57 NATIONAL
1674 182 384 52 REGISTER.

181 332 66 34 the
265 333 143 35 honour
426 340 38 26 to
481 333 149 44 belong.
680 332 79 35 The
775 343 125 22 names
931 331 45 33 of
1004 331 148 39 Moore,
1172 325 131 47 Hope,
1320 324 207 44 Ferguson,

185 381 72 33 &c.
287 391 30 24 u
324 392 60 24 ere
403 391 85 25 now
507 385 39 31 to
566 384 44 32 be
630 379 117 37 added
772 387 39 27 to
833 383 44 31 it.
930 377 209 44 Reflecting
1165 385 47 24 on
1243 372 142 35 British
1402 369 125 40 merit,

188 429 45 33 he
249 428 69 35 felt
335 430 63 32 the
415 429 85 33 cash
522 430 37 32 in
588 429 56 33 his
678 430 138 45 pocket
844 437 102 33 grow
969 425 133 34 harder
1121 423 70 34 and
1212 420 163 34 heavier.
1403 418 125 34 There

188 476 110 35 could
319 478 44 32 he
381 489 47 21 no
444 477 78 33 risk
552 476 32 33 if
606 478 83 32 able
709 488 77 21 men
803 474 202 37 conducted
1028 474 60 33 the
1107 470 162 35 national
1291 468 141 33 affairs.

241 526 96 34 Lord
359 526 188 34 %VESTMO
557 534 81 25 aLA
656 535 19 24 N
687 535 22 24 n
728 524 144 44 replied
892 523 35 33 in
946 526 155 41 support
1131 520 45 33 of
1199 517 187 34 Ministers
1402 527 9 26 ;
1431 511 98 35 after

188 582 34 24 sc
231 573 85 33 hieh
332 573 63 33 the
404 573 171 33 different
588 573 145 34 Motion
745 573 43 33 of
797 572 155 34 Thanks
966 579 97 26 were
1076 566 135 47 agreed
1222 570 38 28 to
1273 574 93 24 nem.
1380 562 149 34 dissent.

190 619 283 50 —Adjourned.

627 735 270 38 THVItSDAY,
913 732 104 35 J.LN.
1036 730 63 37 26.

242 781 198 46 Gregson's
462 781 165 35 Divorce
650 783 74 33 Bill
758 794 73 21 was
850 781 85 34 read
961 793 25 21 a
1003 781 80 33 first
1100 778 106 41 time,
1226 775 72 34 and
1315 772 99 35 Lord
1433 771 74 37 Bor-

194 829 169 46 ingdon's
376 831 71 33 and
468 830 231 45 Campbell's
720 841 21 24 a
759 829 131 35 second
906 829 98 33 time.

533 901 259 26 OVERTUTIES
823 900 120 25 FROM
966 898 228 27 ERFURTII.

244 940 84 34 The
348 940 91 37 Earl
467 939 44 34 of
527 943 46 33 LI
583 951 22 25 v
617 951 51 25 rts
681 951 111 24 Moot.
811 950 81 22 rose
913 938 56 35 for
989 938 61 32 the
1069 945 162 35 purpose
1247 932 44 37 of
1313 930 146 46 moving
1485 938 46 25 an

198 987 161 38 Address
378 987 45 34 of
436 990 150 33 Thanks
617 996 39 26 to
689 989 52 33 his
772 987 177 45 Majesty,
980 985 60 33 for
1074 985 136 40 having
1240 977 289 40 communicated

198 1037 65 35 the
282 1046 137 34 papers
431 1046 43 22 on
489 1037 63 32 the
568 1037 116 33 table.
739 1036 54 34 He
816 1045 74 22 was
915 1038 61 30 not
993 1033 126 34 aware
1139 1031 83 35 that
1237 1041 73 32 arty
1328 1025 206 46 objections

200 1084 125 34 would
347 1085 44 33 be
411 1083 104 34 made
535 1091 35 26 to
598 1085 64 32 the
679 1084 155 34 conduct
862 1081 43 34 of
921 1080 201 40 Ministers,
1144 1080 38 34 in
1211 1077 136 41 having
1365 1074 164 35 received

200 1134 65 33 the
285 1139 194 27 overtures
503 1131 94 34 from
635 1131 125 34 Russia
790 1130 71 34 and
883 1128 141 35 France
1042 1128 35 34 in
1096 1127 63 34 the
1179 1134 148 26 manner
1346 1123 85 43 they
1452 1120 77 34 did.

210 1179 73 35 His
304 1179 194 46 Majesty's
517 1179 197 39 Ministers,
733 1179 191 39 however,
945 1176 70 33 had
1032 1176 78 34 laid
1130 1175 30 32 it
1183 1174 109 33 down
1318 1181 38 24 as
1380 1180 25 24 a
1429 1169 81 45 prin-

203 1228 103 44 ciple
340 1227 46 37 of
416 1227 98 33 their
542 1233 234 38 government
813 1231 38 27 to
888 1231 93 27 meet
1015 1234 71 34 any
1121 1222 76 34 fair
1230 1218 235 48 proposition
1492 1217 46 34 of

203 1281 66 28 toe
302 1285 146 35 enemy,
488 1280 39 28 at
560 1285 73 33 any
670 1273 128 45 period
828 1272 45 33 of
902 1272 59 34 the
1000 1273 97 37 war,
1134 1269 91 34 with
1259 1278 24 25 a
1316 1265 107 35 frank
1460 1264 70 33 and

202 1323 117 45 ready
347 1332 158 25 answer.
557 1323 80 33 The
669 1322 174 33 relations
862 1322 80 33 that
976 1319 70 35 had
1075 1318 119 43 lately
1209 1316 111 34 taken
1343 1315 105 46 place
1467 1311 44 34 be-

204 1376 120 30 tween
346 1371 56 33 his
423 1369 158 47 Majesty
600 1369 71 34 and
689 1368 60 34 the
772 1368 157 46 Spanish
948 1368 246 33 Government
1218 1372 98 25 were
1345 1372 44 22 uo
1415 1364 119 30 secret

203 1426 41 27 to
270 1414 141 39 France
428 1420 67 31 and
519 1416 143 37 Russia.
711 1417 69 33 His
802 1414 159 47 Majesty
979 1414 198 34 demanded
1198 1419 38 28 to
1252 1410 111 34 kuow
1377 1407 33 35 it
1419 1407 116 46 Spain

206 1467 128 35 would
351 1467 45 33 be
415 1466 176 33 admitted
609 1475 40 24 as
666 1475 22 22 a
707 1470 123 37 party.
888 1462 111 34 What
1019 1461 77 34 was
1114 1460 63 34 the
1192 1455 169 39 answer?
1416 1454 117 46 Why,

206 1517 64 32 the
289 1514 103 43 loyal
415 1513 224 46 population
665 1512 43 33 of
730 1512 130 44 Spain,
886 1509 154 45 fighting
1067 1507 58 37 for
1143 1509 61 32 the
1221 1505 210 46 legitimate
1459 1514 51 24 am-

204 1563 157 43 narchy,
379 1560 64 34 the
459 1560 269 44 independence
741 1558 48 35 of
802 1558 102 34 their
919 1565 170 35 country,
1106 1557 71 34 and
1193 1564 115 33 every
1324 1552 104 44 thing
1444 1552 92 35 dear

206 1616 39 27 to
265 1620 96 28 man,
378 1617 66 24 are
459 1606 226 43 stigmatised
704 1607 48 44 by
767 1607 63 33 the
848 1605 129 35 odious
991 1603 148 46 epithet
1212 1603 63 34 the
1294 1600 157 45 Spanish
1476 1594 39 40 In-

446 1656 71 33 and
535 1656 51 34 all
607 1655 240 46 pretensions,
865 1652 117 35 either
1002 1651 58 37 for
1081 1652 97 34 them
1196 1661 43 25 or
1253 1650 96 35 from
1365 1649 112 40 them,
1496 1652 40 31 to

204 1706 151 34 become
374 1714 22 22 a
415 1710 112 38 party
560 1703 33 33 in
625 1702 64 33 the
716 1701 246 45 negaciatiou,
994 1698 137 37 scoffed
1165 1704 40 30 at
1233 1696 71 37 and
1337 1696 203 37 ridiculed..

207 1753 129 34 Under
352 1753 102 32 these
469 1752 293 38 circumstances,
781 1750 46 33 he
849 1749 107 33 could
976 1753 61 28 not
1054 1748 175 34 conceive
1248 1746 100 35 there
1365 1746 107 35 could
1492 1742 52 37 be

206 1809 72 34 any
295 1799 196 34 difference
510 1799 43 32 of
567 1799 155 44 opinion
739 1799 206 44 respecting
958 1795 63 35 the
1038 1796 76 34 line
1133 1794 44 37 of
1192 1794 126 45 policy
1341 1792 119 35 which
1482 1792 57 33 his

206 1846 200 46 Majesty's
429 1846 187 35 Ministers
632 1844 111 45 ought
763 1851 35 27 to
821 1845 94 33 have
945 1843 170 47 pursued.
1166 1843 106 43 They
1290 1839 161 46 rejected
1476 1840 67 35 the

206 1894 185 47 proffered
422 1894 242 44 negotiation.
716 1891 70 35 His
820 1891 184 45 Lordship
1033 1890 198 35 concluded
1252 1887 93 35 with
1371 1889 155 45 express-
1526 1889 20 45 .

207 1943 64 43 ing
301 1943 54 32 his
387 1941 93 45 deep
498 1948 125 38 regret
656 1941 80 34 that
762 1941 63 32 the
856 1941 184 44 Emperor
1069 1937 46 38 of
1146 1938 135 34 Russia
1303 1936 109 35 could
1446 1936 102 34 have

206 1989 172 37 returned
397 1991 84 31 such
500 2000 45 22 an
563 1998 144 24 answer
725 1998 39 22 as
781 1988 45 33 he
857 1987 71 33 had
956 1993 37 28 to
1020 1987 63 33 the
1111 1984 307 37 communication
1444 1983 98 35 front

207 2048 71 24 our
296 2039 261 40 Government,
581 2036 71 35 and
681 2035 78 33 that
780 2035 46 32 he
842 2034 131 37 should
992 2034 94 34 have
1106 2044 39 25 so
1161 2033 61 34 far
1237 2033 77 35 lent
1341 2030 150 35 himself
1504 2036 41 28 to

208 2086 67 33 the
294 2085 163 45 passions
472 2085 72 34 and
561 2083 141 45 designs
720 2082 40 33 of
776 2081 155 35 France.
986 2082 71 34 His
1071 2080 185 45 Lordship
1276 2080 86 35 then
1375 2079 86 35 read
1478 2079 65 34 the

209 2133 178 40 Address,
404 2131 161 34 towards
581 2131 64 34 the
661 2131 209 33 conclusion
887 2131 43 33 of
944 2130 124 34 which
1088 2131 64 33 the
1169 2125 171 39 wnrfnest
1354 2127 168 45 approba-

206 2180 83 34 tion
306 2190 74 24 was
397 2179 200 45 expressed
614 2177 45 34 of
684 2178 60 32 the
759 2178 157 34 conduct
935 2177 43 35 of
994 2177 266 40 Government,
1280 2177 35 33 in
1333 2177 152 41 basing
1486 2184 39 26 re-

208 2228 104 34 fused
332 2233 38 28 to
389 2232 97 30 treat
506 2228 117 34 unless
643 2226 112 45 Spaiu
772 2224 133 35 should
924 2224 47 35 be
993 2223 183 37 admitted
1192 2235 39 25 as
1247 2235 24 25 a
1289 2229 112 41 party
1420 2229 39 28 to
1480 2223 65 34 the

209 2283 105 34 negot

265 2323 93 32 Lord
378 2324 12 30 t
416 2334 24 24 tt
449 2331 52 25 ISSI
511 2330 45 25 VI
565 2329 83 26 LLE
663 2320 94 41 said,
785 2320 48 34 he
862 2319 71 35 had
959 2319 133 37 before
1108 2320 122 34 stated
1246 2319 71 35 and
1344 2319 47 34 he
1419 2316 125 37 would

211 2382 79 22 onw
313 2378 94 27 state
424 2370 126 44 again,
570 2369 81 35 that
680 2379 112 34 peace
813 2378 78 24 was
920 2373 63 31 not
1011 2373 39 28 to
1082 2369 48 33 be
1144 2366 184 46 expected
1346 2366 112 37 under
1478 2366 67 33 the

210 2419 279 33 circumstances
507 2418 37 33 in
561 2417 123 34 which
715 2418 80 33 that
821 2421 174 30 overture
1023 2425 77 26 was
1126 2415 119 34 made.
1296 2414 80 35 The
1403 2422 143 37 posses•

210 2466 80 33 sion
309 2465 44 33 of
366 2466 115 44 Spain
501 2476 76 22 was
595 2463 45 34 of
663 2464 90 33 vita!
771 2464 231 45 importance
1029 2470 40 27 to
1106 2463 230 46 Bonaparte.
1388 2461 39 37 It
1454 2471 90 31 was,

210 2515 180 44 perhaps,
407 2515 63 32 the
487 2517 158 38 greatest
663 2512 149 33 interest
839 2510 59 34 for
925 2510 123 34 which
1065 2511 48 33 he
1134 2511 70 34 bad
1220 2520 90 25 ever
1328 2507 215 37 contended.

213 2561 63 34 Ile
308 2561 111 33 knew
451 2559 80 34 that
567 2565 76 27 two
677 2559 142 33 months
849 2559 122 34 would
998 2563 66 38 put
1097 2557 80 37 Into
1206 2557 54 35 his
1294 2562 130 40 power
1465 2558 81 35 that

211 2614 157 39 country
389 2607 124 35 which
549 2607 185 34 Ministers
763 2604 141 35 wished
922 2613 38 27 to
977 2607 112 33 make
1106 2616 25 24 a
1146 2602 143 50 subject
1312 2603 44 35 of
1380 2607 148 41 negotia-

210 2655 234 37 tion„knd
468 2666 73 22 was
560 2654 31 34 it
606 2654 86 34 then
707 2660 39 27 to
759 2655 46 32 be
822 2654 182 44 expected
1025 2653 80 34 that
1126 2653 45 44 IP;
1188 2653 120 34 would
1320 2653 85 46 give
1417 2661 129 35 away,

211 2705 53 33 by
281 2714 24 24 a
322 2705 130 33 stroke
471 2702 41 33 of
527 2702 61 33 the
607 2712 86 34 pen,
719 2701 77 34 that
823 2701 124 33 which
966 2700 211 35 remainded
1196 2706 40 28 to
1254 2701 46 33 he
1316 2699 151 35 decided
1493 2700 53 38 by

211 2751 66 35 the
294 2752 102 34 force
413 2751 44 33 of
468 2760 96 24 arms
579 2751 12 32 ?
647 2750 59 34 He
724 2750 58 32 did
804 2756 60 26 not
885 2748 71 33 find
976 2748 91 34 fault
1091 2748 90 34 with
1205 2748 188 35 Ministers
1409 2747 56 33 for
1485 2752 64 28 not

211 2799 236 43 abandoning
464 2799 63 32 the
546 2807 107 24 cause
671 2797 44 32 of
729 2798 129 43 Spain.
879 2797 60 32 but
960 2796 60 33 for
1041 2796 136 45 having
1195 2800 66 40 put
1277 2796 217 34 themselves
1513 2796 35 33 in

211 2857 27 24 a
254 2848 178 33 situation
444 2852 61 26 not
522 2849 38 30 to
582 2846 43 31 be
643 2845 85 32 able
744 2851 33 26 to
797 2844 185 40 negotiate
1006 2855 21 20 w
1042 2843 26 32 it
1077 2844 87 32 bout
1178 2844 169 44 bringing
1364 2842 35 35 in
1419 2843 129 44 Spain.

267 2894 98 35 Lord
387 2894 120 34 Elmo
519 2902 41 25 N.
615 2894 70 33 His
709 2893 176 43 Lorthhip
904 2891 104 34 could
1028 2898 59 27 no!
1106 2901 110 33 agree
1234 2890 91 34 with
1345 2890 63 33 the
1424 2890 125 34 Noble

215 2942 130 35 I3aron
364 2943 84 32 who
467 2940 122 46 spoke
604 2940 89 40 last,
723 2941 78 32 that
839 2940 188 34 Ministers
1054 2939 130 34 should
1217 2940 92 33 have
1338 2937 211 35 considered

215 2991 64 34 the
300 2988 158 47 Spanish
472 2992 106 31 cause
596 2999 39 22 as
651 2999 67 22 one
735 2987 44 32 of
787 2986 171 35 absolnte
971 2986 151 45 despair
1139 2986 97 34 from
1252 2986 63 33 the
1328 2996 200 22 commence-

215 3038 231 34 ment—that
465 3037 30 33 it
514 3045 77 25 was
607 3046 22 21 a
644 3035 159 43 struggle
820 3034 120 34 which
954 3034 106 34 could
1080 3043 61 24 not
1160 3034 168 46 possibly
1346 3034 67 33 last
1431 3034 122 33 above

213 3093 83 27 two
311 3084 156 34 months.
496 3084 35 33 It
547 3093 77 24 was
638 3084 170 39 obvious,
826 3083 93 33 from
934 3084 60 32 the
1009 3091 146 25 answer
1166 3080 44 35 of
1221 3081 90 34 both
1328 3081 139 34 France
1482 3081 70 33 and

217 3133 152 40 Russia,
391 3131 80 34 that
487 3131 190 34 whatever
697 3141 110 34 peace
840 3130 113 44 might
974 3131 45 33 be
1037 3129 107 34 made
1163 3129 170 34 between
1361 3129 97 33 them
1482 3128 71 34 and

219 3180 187 44 England,

369 3180 37 40 d,
428 3180 111 43 Spain
560 3189 76 24 was
661 3185 39 27 to
720 3180 43 32 he
788 3178 240 34 surrendered
1057 3183 38 27 to
1126 3177 61 33 the
1204 3176 152 35 former.
1406 3176 69 34 and
1509 3176 46 32 he

219 3227 195 37 therefore
431 3227 157 44 thought
617 3227 63 33 the
710 3227 135 39 wisest,
865 3226 60 33 the
953 3234 93 26 most
1064 3222 98 47 just,
1183 3226 70 34 and
1283 3224 274 44 magnanimous

216 3276 132 47 policy
369 3286 46 22 on
433 3276 63 33 the
516 3279 87 39 part
624 3273 45 34 of
684 3273 181 45 England,
883 3285 74 24 was
974 3279 39 33 $o
1032 3279 71 40 put
1117 3282 46 24 an
1178 3273 69 33 end
1261 3276 39 30 to
1315 3273 61 33 the
1390 3273 148 44 negotia-

221 3326 81 34 tion
320 3334 40 22 as
376 3332 91 25 soon
483 3332 39 24 as
541 3322 180 45 possible.

247 3372 185 34 Viscount
450 3372 21 32 S
481 3379 110 25 wino
600 3379 84 24 UTII
705 3367 159 46 rejoiced
883 3369 80 34 that
978 3369 106 34 there
1098 3378 77 25 was
1192 3377 47 25 130
1251 3367 167 34 sacrifice
1436 3366 122 37 which

219 3422 67 34 the
311 3423 161 39 country
503 3417 126 34 would
661 3424 64 26 not
751 3416 126 35 rather
909 3417 109 33 make
1046 3416 91 35 than
1154 3422 148 30 consent
1329 3423 38 26 to
1389 3416 171 33 abandon

223 3468 120 40 Spain
372 3471 39 28 to
430 3467 63 34 the
510 3469 96 32 most
622 3464 79 34 foul
733 3464 216 45 usurpation
969 3464 79 34 that
1064 3472 91 26 ever
1172 3463 169 46 polluted
1357 3463 64 35 the
1450 3474 93 34 pages
1544 3474 19 34 .

223 3516 45 37 a
282 3515 159 44 history.

272 3563 83 35 The
373 3560 162 39 Address
552 3572 79 25 was
648 3560 141 34 carried
815 3570 94 22 nent.
930 3570 76 24 con.
1025 3560 72 35 and
1117 3560 64 34 the
1198 3560 130 35 House
1346 3556 215 48 adjonrned.

607 3679 174 41 110UbE
811 3680 70 38 OF
912 3678 278 41 COMMONS.

608 3795 231 40 TUESDAY,
876 3795 220 35 JANUARY
1123 3796 61 37 21'.

272 3856 37 39 A
326 3867 83 28 new
429 3857 90 34 writ
539 3866 78 26 was
634 3856 154 35 ordeteil
807 3855 63 34 for
896 3856 61 33 the
976 3856 161 35 election
1156 3854 44 35 of
1209 3867 21 24 a
1248 3857 163 34 member
1429 3854 59 35 for
1508 3855 60 34 the

228 3907 154 44 County
400 3906 46 34 of
462 3905 211 44 Kilkenny,
702 3905 33 33 in
751 3906 63 32 the
844 3913 103 25 room
979 3904 45 34 of
1036 3905 64 33 the
1119 3905 100 34 lion.
1243 3905 156 35 Charles
1419 3905 154 41 Butler,

227 3957 90 35 who
330 3956 67 34 has
411 3952 180 48 accepted
609 3954 45 33 of
666 3951 63 35 the
745 3952 170 34 Chiltern
934 3951 208 37 Hundreds.

452 4032 262 27 COMMITTEE
741 4032 56 25 OF
827 4031 161 26 PUBLIC
1015 4030 343 27 EXPENDITURE.

274 4089 85 38 The
389 4090 63 35 CH
463 4100 20 22 A
494 4095 207 28 NCELLOR
720 4084 43 35 of
770 4084 84 41 the
854 4084 27 41 ,
881 4084 255 41 EXCHEQUER
1152 4084 78 35 said
1252 4087 26 32 it
1296 4094 77 25 was
1397 4094 22 25 a
1439 4088 136 32 matter

229 4140 45 37 of
300 4139 206 41 notoriety,
531 4134 207 35 mentioned
769 4133 52 45 by
849 4133 63 34 the
941 4131 204 34 Ch,►irman
1174 4134 81 32 that
1279 4133 100 33 their
1411 4134 164 41 Reports

226 4196 104 26 were
347 4195 93 37 very
475 4183 107 35 much
602 4180 167 38 retarded
803 4182 50 43 by
883 4181 63 34 the
967 4181 216 44 protracted
1200 4180 217 35 discussions
1447 4181 44 33 of
1514 4180 61 33 the

227 4235 194 37 Nembers
445 4232 86 35 who
562 4231 197 44 compOsed
789 4230 65 33 the
891 4228 241 41 Committee,
1155 4238 24 25 a
1196 4226 32 37 xi
1246 4228 224 33 entertained
1491 4238 86 24 con-

226 4293 106 35 Way
356 4283 172 46 o}►iuious
562 4290 99 38 upuu
681 4281 64 33 the
765 4276 167 48 objects
957 4277 228 38 comtaitteds
1209 4286 22 26 o
1250 4276 100 37 their
1368 4277 209 37 cousidera•

2653 169 159 54 JAN.
2830 171 87 50 29.

1593 318 91 34 tion.
1736 317 85 34 The
1857 317 221 35 Committee
2119 313 126 43 which
2280 312 70 33 had
2382 312 91 32 been
2507 305 177 35 formerly
2704 299 228 46 appointed,

1594 364 172 34 whereof
1793 365 72 33 Mr.
1889 364 125 35 flanks
2049 372 73 25 was
2156 360 219 39 Chairman,
2399 354 181 38 consisted
2598 352 44 34 of
2653 351 48 35 25
2730 350 202 37 Members,

1592 412 67 33 and
1688 413 71 33 had
1780 413 89 34 been
1894 410 157 37 selected
2082 406 330 44 indiscriminately
2432 402 96 37 froni
2562 398 91 38 both
2681 398 94 34 Ades
2809 393 45 35 of
2867 394 66 32 the

1597 461 146 40 house;
1774 459 45 34 he
1839 459 136 34 wished
1995 464 38 28 to
2050 457 131 34 reduce
2207 456 64 33 the
2285 455 151 33 number
2450 458 39 27 to
2509 450 61 41 15,
2598 450 66 33 but
2686 448 48 41 by
2752 455 46 24 no
2809 450 124 26 means

1594 517 35 25 to
1657 507 159 35 exclude
1845 508 105 33 those
1985 507 185 34 Members
2204 503 128 34 whose
2368 500 172 47 political
2572 496 174 46 opinions
2776 488 158 38 differed

1593 555 92 37 from
1731 555 109 34 those
1883 554 43 35 of
1954 553 152 35 himself
2143 552 71 34 and
2249 550 45 34 of
2326 549 56 34 his
2413 547 151 34 friends.
2616 543 77 41 He,
2739 540 195 39 however,

1597 605 63 34 felt
1681 604 28 33 it
1727 604 202 33 somewhat
1950 601 185 35 invidious
2159 607 38 25 to
2223 599 161 32 mention
2401 596 63 32 the
2489 601 125 26 names
2640 588 45 37 of
2696 587 89 38 such
2805 586 90 33 Mem-

1594 653 80 32 bers
1684 661 41 25 as
1739 651 132 34 should
1889 651 43 34 be
1949 648 181 37 excluded
2156 647 98 35 from
2267 645 65 35 the
2347 641 236 39 Committee.
2635 638 81 35 The
2748 643 122 27 names
2888 632 48 34 he

1598 699 135 34 wished
1752 705 39 28 to
1809 699 92 34 form
1922 699 61 33 the
1995 707 81 24 new
2095 697 223 37 Committee
2339 702 97 26 were
2454 690 63 35 the
2533 685 200 44 following
2748 693 12 22 :

2157 762 77 34 Mr.
2255 757 142 43 Banks,

1741 813 76 34 Mr.
1839 810 185 37 Hawkins
2040 808 178 44 Browie,
2295 807 74 33 Mr.
2387 802 139 43 Leslie,

1740 861 98 34 Lord
1857 861 129 44 Henry
2006 857 130 45 Petty,
2294 854 73 35 Mr.
2385 853 129 43 Henry
2532 848 215 44 Thornton,

1740 909 78 33 Mr.
1835 908 154 34 Grattan
2296 901 79 35 Mr.
2396 899 171 39 Calvert,

1737 957 73 34 Mr.
1835 953 332 43 Dennisilrowne,
2294 950 76 34 Mr.
2393 947 44 35 P.
2463 946 161 43 Carew,

1741 1005 76 35 Mr.
1834 1002 204 46 Diddulph,
2293 997 74 34 Mr.
2392 996 162 41 Wynne,

1737 1055 74 33 Mr.
1835 1051 158 38 Ellison.
2293 1044 76 37 Mr.
2392 1043 217 44 Leycester,

1739 1101 76 37 Mr.
1837 1098 184 45 Brogden,
2294 1091 77 35 Mr.
2385 1088 213 43 Jodderill,

1639 1160 59 35 On
1716 1160 63 34 the
1794 1156 165 48 question
1975 1153 116 46 being
2105 1155 69 45 put
2198 1150 53 45 by
2278 1149 66 34 the
2373 1148 80 34 SrE
2493 1154 109 32 Ktn,

1639 1217 78 35 Mr.
1739 1214 152 38 BANKS
1915 1211 78 37 said
2011 1211 93 34 from
2125 1207 63 35 the
2204 1215 151 27 manner
2376 1205 33 33 in
2430 1201 125 35 «bich
2576 1202 30 35 it
2635 1200 126 37 would
2778 1201 46 33 be
2838 1201 81 34 corn-

1594 1264 130 48 posed,
1752 1261 46 37 be
1822 1260 66 37 did
1909 1264 65 31 not
1998 1257 171 37 conceive
2199 1254 86 35 that
2302 1254 47 33 its
2373 1252 152 34 labours
2544 1251 124 33 would
2682 1251 84 43 give
2789 1260 72 31 any
2882 1259 63 24 sa..

1594 1311 196 38 tisfactiots
1802 1316 39 28 to
1869 1309 59 33 the
1943 1306 148 48 public,
2112 1304 71 35 and
2211 1303 46 34 he
2290 1300 130 37 should
2440 1297 190 38 therefore
2648 1297 142 34 decline
2809 1297 137 45 having

1593 1371 72 34 any
1683 1368 157 26 concern
1859 1356 34 35 iu
1910 1355 44 37 it.

1643 1408 76 37 Mr.
1750 1407 151 35 PETER
1936 1402 159 37 MOORE
2127 1400 96 40 said,
2254 1397 65 37 the
2344 1393 278 37 establishment
2661 1391 43 35 of
2730 1391 63 35 the
2829 1390 86 34 Com-

1597 1457 129 32 mittee
1756 1453 73 37 had
1847 1453 87 34 been
1959 1460 25 26 a
2001 1460 99 25 mere
2124 1447 103 35 farce
2245 1452 39 28 to
2314 1443 130 35 delude
2463 1441 63 35 the
2544 1441 159 45 people,
2720 1440 73 33 and
2815 1439 45 34 its
2878 1448 61 24 re.

1596 1501 312 38 commendations
1941 1499 71 34 had
2041 1506 110 25 never
2177 1496 93 34 been
2298 1491 169 37 attended
2487 1498 53 26 to.
2598 1489 43 34 In
2672 1499 69 22 one
2769 1493 129 39 report.
2914 1496 25 22 a

1597 1551 300 44 suggestion.was
1913 1546 107 35 made
2039 1544 156 35 relative
2215 1548 39 27 to
2283 1551 47 26 an
2348 1532 256 50 arrangement
2627 1537 91 33 with
2740 1537 63 33 the
2833 1533 111 35 Bank

1589 1598 52 37 'of
1654 1597 171 47 England
1846 1594 119 34 which
1987 1592 128 34 would
2143 1600 85 26 save
2256 1590 66 33 the
2350 1591 150 38 country
2525 1584 191 39 200,000/.
2750 1584 65 33 but
2833 1584 50 43 by
2900 1583 50 32 its

1597 1652 63 30 out
1674 1645 138 44 having
1830 1644 91 35 been
1932 1641 180 34 followed
2128 1649 65 35 up,
2220 1638 64 33 the
2303 1642 157 35 country
2474 1643 73 24 was
2569 1632 109 34 made
2693 1638 37 26 to
2745 1630 115 33 make
2875 1629 67 34 the

1599 1707 77 24 sum
1695 1704 66 35 up.
1815 1690 44 37 In
1892 1689 158 37 another
2079 1693 131 40 report
2241 1681 31 38 it
2293 1694 74 24 was
2391 1681 135 41 stated,
2556 1680 80 34 that
2668 1678 103 43 large
2790 1687 93 24 sums
2902 1675 48 33 of

1585 1742 165 43 ,enouey
1750 1739 71 35 bad
1843 1737 129 47 passed
1995 1735 161 44 through
2190 1734 64 37 the
2274 1731 111 34 bands
2404 1729 45 34 of
2461 1740 25 22 a
2516 1728 76 33 :‘lr.
2616 1727 163 34 Thomas
2800 1724 143 40 Steele,

1602 1791 178 38 formerly
1795 1799 24 22 a
1838 1787 167 34 Member
2042 1782 44 35 of
2099 1783 83 34 that
2203 1781 143 38 House,
2370 1778 69 34 and
2458 1778 85 33 that
2565 1775 45 34 he
2631 1773 71 35 had
2734 1772 190 46 appropri-

1600 1838 83 35 ated
1708 1835 161 38 19.1001.
1881 1839 39 30 to
1938 1833 54 33 his
2007 1841 86 25 own
2108 1840 60 25 use
2181 1830 98 35 from
2307 1827 63 34 the
2389 1825 128 47 public
2537 1831 151 34 money,
2707 1827 61 39 yet
2783 1831 45 24 no
2846 1826 105 37 steps

1604 1885 69 37 had
1691 1885 93 38 been
1796 1884 110 33 taken
1924 1887 39 28 to
1983 1890 146 25 recover
2156 1878 45 39 it,
2228 1886 45 24 or
2293 1873 131 48 punish
2443 1872 64 33 the
2520 1870 231 44 delinquent,
2767 1880 39 22 as
2825 1869 119 41 ougiit

1604 1937 35 31 to
1659 1932 97 35 have
1774 1932 93 34 been
1896 1930 92 34 done
2020 1929 47 39 by
2088 1928 61 34 the
2178 1926 188 40 Attorney
2392 1919 175 35 Gelieral.
2623 1917 60 35 He
2708 1916 76 35 said
2805 1916 77 34 that
2906 1915 48 33 he

1591 1981 20 41 .
1611 1981 100 41 could
1737 1989 115 37 prove
1870 1977 81 35 that
1968 1977 103 43 large
2095 1984 90 24 sums
2202 1971 45 35 of
2259 1980 148 33 money,
2435 1967 123 34 which
2585 1975 98 25 were
2702 1963 117 35 raised
2849 1971 103 35 upon

1604 2029 58 34 the
1682 2027 156 47 people,
1864 2034 109 26 never
2003 2033 105 26 came
2122 2022 76 34 into
2216 2020 66 33 the
2303 2015 224 45 Exchequer
2543 2019 40 30 at
2607 2014 71 39 all,
2704 2011 70 35 and
2794 2011 45 32 he
2858 2021 71 34 pro-

1576 2059 1 57 '
1604 2075 113 37 mised
1735 2080 40 31 to
1802 2073 107 35 make
1944 2072 31 33 it
1991 2081 24 24 a
2031 2067 142 48 subject
2204 2066 45 37 of
2264 2066 293 46 parliamentary
2578 2060 261 45 investigation
2868 2059 46 34 tin
2931 2067 26 25 a

1605 2124 122 35 future
1742 2120 182 37 occasion.

1654 2170 98 38 Lord
1772 2170 167 35 HENRY
1963 2166 107 35 PET'S
2083 2174 26 24 If
2135 2163 96 40 said,
2250 2160 84 37 that
2359 2152 45 41 he
2420 2157 69 35 felt
2515 2157 31 34 it
2578 2157 57 33 his
2663 2156 90 45 duty
2780 2153 177 37 likewise

1605 2223 38 32 to
1661 2219 91 35 take
1770 2229 46 24 no
1835 2219 85 43 part
1949 2216 37 33 in
2014 2213 64 34 the
2093 2210 237 39 Committee.

1607 2278 12 8 -
1654 2268 76 35 Mr.
1749 2267 43 34 C.
1818 2264 119 34 LONG
1946 2262 80 37 said
2060 2265 40 31 to
2117 2261 98 33 them
2233 2268 57 25 we
2307 2265 100 26 were
2431 2251 175 37 indebted
2626 2250 59 34 for
2712 2249 70 35 the.
2794 2249 143 39 dimimi

1606 2315 78 35 tion
1702 2314 46 34 of
1762 2313 65 34 the
1854 2311 109 34 Bank
1988 2309 154 44 charges
2169 2317 46 22 on
2235 2307 64 33 the
2317 2304 252 43 management
2597 2298 45 35 of
2656 2300 61 34 the
2735 2298 104 35 funds
2854 2310 9 30 ;
2893 2300 43 32 be-

1606 2362 92 37 sides
1717 2360 46 37 he
1793 2360 109 34 could
1919 2369 81 33 say,
2029 2356 80 34 that
2125 2355 54 35 all
2198 2353 63 34 the
2281 2350 224 46 regulations
2523 2347 280 35 recommended
2820 2348 50 43 by
2890 2346 66 33 the

1605 2411 222 38 Committee
1860 2405 69 35 had
1959 2406 93 33 been
2081 2401 164 46 adopted
2277 2401 35 33 in
2344 2399 60 34 the
2444 2398 78 45 Pay
2546 2392 141 44 Office;
2713 2394 71 34 and
2815 2395 43 33 he
2881 2392 73 34 had

1607 2457 158 46 brought
1787 2458 35 32 in
1839 2466 22 24 a
1883 2452 76 35 Bill
1975 2452 73 34 last
2067 2451 142 37 Session
2226 2447 60 35 for
2306 2447 63 34 the
2393 2456 91 34 very
2517 2453 165 37 purpose
2700 2441 43 34 of
2761 2441 196 44 enforcing

1606 2509 89 32 such
1723 2503 45 34 of
1795 2503 97 33 their
1917 2500 226 44 suggestions
2171 2506 40 24 as
2241 2493 174 46 required
2448 2490 215 46 legislative
2696 2487 259 37 interference.

1611 2555 124 41 Every
1755 2552 103 41 thing
1874 2548 188 45 suggested
2083 2542 91 37 with
2204 2541 135 47 regard
2365 2546 38 28 to
2422 2539 80 34 that
2528 2536 235 47 department
2776 2535 73 33 had
2864 2536 92 33 been

1607 2601 146 34 carried
1781 2600 74 34 into
1880 2597 105 33 etfect
2054 2593 122 44 (Here
2196 2591 46 33 111
2242 2591 31 33 r.
2303 2589 129 33 Moore
2459 2585 133 37 asked,
2624 2595 76 24 was
2730 2582 74 35 Mr.
2833 2581 124 37 Steele

1611 2644 267 48 prosecuted?)
1922 2643 84 35 The
2036 2640 226 35 Committee
2281 2636 71 34 had
2385 2640 64 30 not
2477 2631 276 35 recommended
2772 2641 70 34 any
2869 2631 89 34 such

1612 2691 250 50 prosecution,
1889 2692 86 43 they
1998 2691 70 33 had
2086 2687 83 44 only
2189 2685 120 34 stated
2329 2686 61 32 the
2417 2683 118 37 facts;
2562 2679 149 37 neither
2735 2689 73 22 was
2838 2679 30 34 it
2898 2678 56 34 his

1612 2744 159 33 business
1792 2751 38 24 to
1845 2739 191 45 prosecute
2055 2737 73 33 Mr.
2150 2733 136 35 Steele.
2342 2731 58 34 He
2417 2728 111 37 could
2539 2739 81 33 say,
2648 2722 190 44 however,
2874 2726 84 33 that

1611 2793 61 32 the
1694 2790 124 33 whole
1835 2787 43 34 of
1892 2787 60 33 the
1976 2794 129 33 money
2126 2783 58 34 for
2204 2778 126 38 which
2352 2778 72 34 Mr.
2448 2777 125 35 Steele
2606 2785 76 25 was
2698 2771 263 44 accountable,

1615 2839 67 34 had
1704 2841 92 33 been
1812 2835 129 46 repaid
1955 2833 90 33 with
2061 2831 167 33 interest.

1659 2888 73 32 Mr.
1769 2887 60 31 Cit
1840 2893 79 25 env
1932 2889 35 26 Ks
1968 2889 18 26 ,
2021 2877 195 41 observed,
2244 2875 81 35 that
2354 2875 83 34 that
2456 2871 222 35 Gentleman
2698 2869 70 34 had
2786 2869 91 34 been
2895 2867 45 35 de-

1613 2936 118 33 tected
1761 2934 34 32 in
1814 2931 61 38 the
1893 2940 91 33 very
2002 2928 81 34 fact
2109 2926 45 35 of
2176 2926 154 44 helping
2363 2921 149 34 himself
2533 2927 39 26 to
2593 2919 117 34 about
2731 2919 159 40 15,000/.
2922 2914 46 35 of

1615 2985 61 32 the
1690 2981 132 45 public
1841 2988 125 34 money
1983 2988 11 26 ;
2020 2974 71 35 and
2109 2979 61 39 yet
2189 2973 47 33 be
2255 2981 77 25 was
2349 2970 73 34 still
2439 2966 200 39 continued
2659 2976 22 22 a
2698 2966 115 44 Privy
2833 2966 104 32 Coun-

1613 3031 128 39 sellor,
1773 3027 71 34 and
1860 3025 71 34 had
1948 3037 24 22 a
1989 3024 165 33 sinecure
2172 3020 44 33 of
2230 3019 96 46 &opt
2342 3019 41 33 12
2404 3025 39 26 to
2466 3017 122 34 15001.
2606 3025 24 24 a
2648 3025 100 32 year.
2802 3012 126 44 (hear
2947 3012 14 32 !

1615 3083 87 30 hear
1714 3077 38 45 !)
1806 3076 89 33 Was
1909 3072 76 35 this
2003 3070 197 44 following
2219 3077 51 39 up
2284 3066 63 35 the
2366 3063 339 37 recommendation
2721 3061 44 33 of
2773 3061 60 34 the
2850 3059 92 38 Cora-

1617 3126 128 34 mittee
1757 3125 13 33 ?

1664 3174 61 33 On
1743 3174 65 33 the
1825 3168 168 48 question
2011 3167 109 41 being
2137 3167 66 40 put
2220 3175 46 22 on
2283 3162 61 34 the
2365 3161 78 34 List
2476 3158 45 35 of
2537 3157 139 37 Names
2694 3155 59 37 for
2772 3156 63 35 the
2850 3156 117 34 Com.

1616 3221 145 35 mittee.
1814 3220 72 33 Mr.
1907 3217 123 32 Wit.n
2041 3224 51 24 Elt
2102 3222 47 25 ro
2159 3220 79 27 RCE
2258 3209 128 34 moved
2404 3221 47 22 au
2461 3206 273 47 adjournment.

1681 3269 61 34 Oa
1769 3266 66 35 the
1865 3265 162 34 division
2057 3263 102 33 there
2189 3259 211 46 appeared,
2424 3261 145 41 against
2602 3253 63 35 the
2694 3252 275 48 adjournment,

1623 3317 198 35 121—For
1838 3314 44 40 it,
1900 3312 61 34 62.

1669 3364 172 35 Another
1852 3360 161 34 division
2031 3358 90 34 took
2138 3357 106 43 place
2259 3364 47 24 on
2321 3354 63 34 the
2396 3351 265 47 appointment
2673 3348 44 35 of
2728 3350 72 34 Mr.
2820 3348 149 35 Banker

1620 3425 40 24 as
1681 3413 221 35 Chairman.
1954 3409 78 34 for
2052 3409 44 39 it,
2117 3403 272 44 Ilia--Against
2408 3403 43 43 it,
2469 3402 63 34 47.

2027 3520 311 38 WEDNMSDAY,
2363 3516 105 35 JAN.
2502 3514 67 44 259

2040 3592 254 27 INSOLVENT
2330 3586 210 30 DEBTORS.

2185 3621 7 0 .
2330 3621 19 0 _

1677 3639 61 35 Sir
1752 3638 187 34 THOMAS
1961 3634 183 35 TURTON
2163 3628 194 50 presented
2373 3639 22 22 a
2411 3626 162 46 petition
2587 3624 130 47 signet
2730 3625 48 45 by
2797 3625 70 35 2fil
2888 3621 86 48 prk

1628 3698 123 25 soners
1774 3686 38 33 in
1826 3685 61 33 the
1907 3681 131 45 King's
2053 3680 137 35 Bench.
2242 3678 86 35 The
2347 3676 168 34 Petition
2546 3684 78 25 was
2655 3671 191 45 received,,
2867 3671 117 44 read,.

1629 3736 72 35 and
1736 3732 157 35 ordered
1923 3738 39 26 to
1981 3731 117 33 lie-on
2115 3729 61 33 the
2202 3728 122 34 table.

1633 3789 250 31 MONUMENT
1909 3789 52 26 TO
1990 3788 67 26 SIR
2088 3787 38 26 J.
2158 3782 174 33 IoIOOILE,
2360 3781 90 26 AND
2476 3777 184 28 THANKS
2678 3777 52 27 TO
2748 3775 91 30 TTIE
2867 3775 109 28 CON•

1680 3836 4 39 •
2028 3842 206 33 QUENLORS
2267 3841 48 25 AT
2343 3837 145 26 CORUN
2500 3837 11 24 N
2511 3837 11 24 .
2535 3836 39 25 A.

1657 3886 98 38 Lord
1773 3886 30 33 C
1809 3893 161 27 ASTT.En
1981 3892 120 26 EiGir
2117 3881 96 34 said
2212 3879 131 34 wehad
2359 3882 38 30 to
2415 3878 137 33 lament
2568 3874 61 34 the
2641 3873 65 37 fall
2722 3873 44 34 of
2776 3883 45 24 an
2838 3872 118 34 indivi-

1632 3938 104 39 dual,
1756 3934 126 34 whose
1897 3932 126 37 death,
2039 3931 93 33 from
2157 3930 56 34 his
2224 3925 265 45 distinguished
2494 3924 20 38 -
2515 3924 204 38 character,
2734 3921 56 35 his
2807 3922 170 41 military

1631 3984 188 45 exploits,
1854 3981 53 33 his
1939 3980 90 34 time
2054 3977 46 34 of
2130 3977 84 44 life,
2244 3977 73 33 and
2350 3973 53 34 his
2434 3972 164 45 promise
2629 3970 45 34 of
2699 3967 122 35 future
2850 3969 106 34 excel-

1635 4036 120 37 lence,
1775 4039 76 25 was
1869 4035 39 27 to
1931 4029 48 33 be
2006 4024 183 37 lamented
2203 4025 43 34 as
2274 4032 69 25 one
2368 4019 41 35 of
2435 4020 66 34 the
2528 4017 165 47 gireatest
2724 4017 165 35 national
2919 4025 43 24 ca-

1635 4081 162 33 lamities
1828 4077 26 43 (
1854 4080 104 32 Ilear
1970 4076 32 33 1.
2014 4075 87 34 hear
2117 4074 35 44 I)
2207 4074 35 33 It
2280 4081 78 24 was
2392 4069 35 35 in
2456 4078 100 24 some
2589 4068 132 44 degree
2739 4065 240 43 satisfactory

1636 4134 37 27 to
1691 4128 131 39 know,
1843 4124 78 35 that
1938 4122 138 44 though
2099 4120 194 40 wounded,
2311 4119 69 34 and
2400 4116 158 35 sensible
2576 4114 45 34 of
2648 4115 56 33 his
2719 4114 262 46 approaching

1635 4175 237 40 dissolution,
1892 4175 44 32 he
1955 4170 164 34 retained
2139 4169 56 34 his
2209 4167 137 35 mental
2367 4165 206 47 possession
2590 4162 72 34 and
2681 4161 161 44 strength
2861 4166 41 28 to
2920 4160 63 33 the

1636 4225 72 34 last
1723 4235 12 27 ;
1762 4222 89 34 that.
1876 4221 45 34 he
1949 4228 77 25 was
2044 4218 18 41 .
2062 4218 76 41 able
2157 4224 38 28 to
2213 4217 131 34 follow
2375 4225 48 32 up
2446 4213 63 33 the
2525 4211 230 34 transaction
2785 4209 46 33 he
2850 4208 131 34 had•ss

1638 4273 90 44 ably
1749 4269 158 48 planned
1925 4273 39 31 to
1983 4267 48 35 its
2046 4265 116 45 close,
2187 4264 72 38 and
2280 4270 39 30 to
2335 4263 102 35 learn
2456 4261 81 35 that
2559 4260 27 33 it
2607 4258 71 37 liad
2696 4259 93 34 been
2806 4256 181 39 attended.

494 46 13 9 .16
