3402 4429
1062 151 149 53 THE
1246 148 392 56 NATIONAL,
1709 142 387 58 REGISTER.

164 289 145 46 gelical
334 292 254 44 vocabulary,
652 301 97 35 poor
934 292 74 35 and
1072 288 113 37 sinful
1367 288 57 34 his
1450 286 83 35 lea-.

164 344 123 34 tares,
306 338 125 35 which
449 351 69 26 are
549 338 188 45 naturally
764 339 181 43 decisive,
978 347 97 30 seem
1100 338 159 45 already
1278 344 38 27 to
1339 337 93 33 have
1463 345 61 24 ac.

162 385 138 46 quired
317 386 64 34 the
397 390 221 45 expression
632 386 46 37 of
684 387 185 37 sectarian
887 387 269 45 sheepishness.
1178 386 124 35 There
1315 385 30 33 is
1365 381 164 47 postive.

167 432 43 45 ly
229 435 211 45 something
455 433 196 50 frightful,
667 446 41 25 as
729 435 89 37 well
835 436 193 45 unmanly,
1054 435 35 33 in
1108 435 64 35 the
1191 430 210 50 vulgarised
1417 442 112 25 evan•

167 482 138 45 gelical
337 482 279 47 phisiognotny.
670 482 39 38 It
726 483 33 35 is
778 488 65 30 not
859 494 89 34 easy
963 489 40 31 to
1019 483 113 35 avoid
1162 482 117 44 being,
1299 490 94 33 very
1423 480 64 44 pai
1488 480 40 33 ils

168 529 103 47 fully
298 530 161 35 affected
475 537 41 28 at
542 533 154 43 hearing
722 542 25 25 a
774 540 97 33 man,
899 531 92 35 with
1010 531 111 35 looks
1139 529 129 37 rather
1279 527 247 44 condemning

170 579 92 33 than
293 579 260 44 consecrated,
578 581 168 44 warning
769 589 100 28 some
902 578 44 35 of
972 579 58 35 his
1057 579 167 34 auditors
1258 583 38 27 to
1332 576 72 37 nee
1433 575 92 34 from
1557 575 1 50 1

219 626 216 35 damnation
526 628 72 34 and
624 626 207 45 exhorting
859 638 104 25 some
987 635 40 26 to
1051 626 142 45 rejoice
1221 626 35 34 in
1287 625 99 33 their
1419 622 105 41 being

171 674 81 38 still
318 678 65 31 Oat
402 674 47 34 of
611 676 70 34 and
715 684 46 25 on
1273 670 250 44 Christianity

178 722 119 45 ought
324 729 40 27 to
400 724 142 44 inspire
574 722 48 37 its
639 723 168 35 teachers
826 723 92 35 with
950 722 163 37 satisfied
1141 722 220 39 sensations,
1388 719 139 41 arising

174 769 104 38 from
293 770 63 35 the
369 771 181 34 calmness
565 771 45 33 of
618 763 229 51 conscience,
868 770 98 37 from
986 771 64 35 the
1069 771 107 35 voice
1196 768 133 35 within
1348 780 13 27 ;
1388 767 71 34 and
1487 772 39 26 to
1557 763 1 51 '

175 819 123 34 endue
315 810 99 43 them
437 820 92 33 with
548 824 148 30 correct
722 820 253 45 conceptions,
1002 820 125 33 decent
1146 817 163 45 dignity,
1344 814 72 35 and
1437 814 86 45 holy

178 866 189 41 boldness,
396 868 35 33 in
446 866 100 35 their
562 866 188 35 addresses
769 873 40 27 to
828 867 99 33 their
944 867 293 45 congregations.

234 914 70 34 Dr.
328 914 152 44 Draper
497 917 31 32 is
546 920 78 35 not,
646 914 19 35 1
684 914 115 46 hope,
820 915 152 34 become
989 913 174 37 ashamed
1181 913 44 34 of
1245 911 214 46 appearing
1487 913 40 30 to

178 960 53 39 be
247 970 70 26 one
333 961 44 34 of
566 972 77 24 men
663 963 45 33 of
880 964 84 32 who
978 973 66 24 are
1062 973 39 22 so
1117 961 109 34 much
1244 961 61 33 the
1328 957 143 46 objects
1488 957 43 34 of

174 1009 130 37 ‘atfecti
317 1010 20 33 d
350 1016 196 39 contempt
556 1020 132 33 among
702 1010 63 32 the
785 1016 106 39 party
917 1010 93 34 with
1035 1010 120 34 which
1175 1009 46 33 he
1233 1009 30 33 is
1281 1018 81 24 now
1385 1006 136 41 acting.

183 1056 102 38 Such
295 1057 151 44 phrases
458 1069 41 25 as
561 1068 72 35 you
651 1057 71 35 and
896 1059 17 32 I
941 1058 73 34 and
1254 1054 141 37 Who'd
1433 1055 93 33 have

484 1107 61 33 Do
574 1115 73 35 you
665 1107 66 33 nsk
752 1116 56 24 the
826 1107 111 44 why?
970 1106 64 34 I'll
1067 1107 66 33 tell
1163 1115 73 35 you

178 1153 171 46 phrases,
377 1153 71 35 and
476 1155 124 33 others
618 1153 44 34 of
676 1153 63 34 the
762 1166 97 22 same
878 1159 138 40 Almi),
1041 1163 65 24 are
1120 1159 69 28 not
1215 1159 38 27 to
1283 1153 45 32 be
1349 1148 178 37 defended

180 1201 57 44 by
268 1200 56 37 his
346 1201 244 44 exclaiming,
608 1201 184 45 speaking
816 1201 44 34 of
873 1199 167 44 Vmself,
1117 1199 116 37 Don't
1248 1199 64 45 Say
1332 1198 77 33 this
1436 1198 72 33 •Fel-

180 1248 79 35 low
288 1250 188 43 (meaaiug
511 1247 167 43 himself)
709 1248 30 34 is
778 1260 22 22 a
840 1250 227 40 Methodist,
1093 1250 72 33 and
1195 1245 190 39 therefore
1415 1245 41 33 he
1493 1244 28 34 is

184 1296 155 45 obliged
357 1303 39 27 to
415 1297 81 35 talk
511 1298 35 33 in
567 1297 70 35 this
800 1297 70 35 &c.
901 1298 70 34 &c.
1026 1297 171 45 Nothing
1221 1293 240 45 &generates
1489 1304 39 22 so

187 1344 156 46 rapidly
360 1355 40 24 as
420 1345 63 33 the
497 1345 132 35 human
653 1345 100 33 mind
774 1346 104 33 when
906 1345 27 34 it
960 1345 191 34 abandons
1178 1344 64 35 the
1259 1342 206 47 principles
1491 1342 44 32 of

187 1391 209 35 cultivated
407 1394 224 34 excellence.
689 1393 93 34 lam
797 1403 105 34 sorry
922 1401 40 26 to
981 1394 87 33 hear
1101 1393 71 35 Dr.
1188 1390 152 45 Draper
1357 1390 171 43 decrying

188 1440 230 33 intelkctual
441 1440 255 39 attainments;
724 1440 86 41 and,
831 1441 33 33 in
879 1441 234 44 compliance
1133 1440 91 33 with
1243 1439 63 35 the
1331 1439 198 44 degrading

187 1494 90 27 cant
293 1486 44 35 of
350 1496 107 34 many
476 1486 109 35 other
598 1489 229 41 evangelical
846 1494 161 33 orators,
1032 1489 163 41 seeming
1208 1494 39 26 to
1261 1486 146 45 despise
1429 1485 100 33 those

188 1533 135 35 talents
339 1540 39 27 to
396 1534 122 34 which
547 1537 45 33 he
611 1546 102 24 owes
742 1537 53 33 his
813 1538 247 44 superiority.
1115 1538 65 43 My
1213 1543 174 32 concern,
1422 1545 40 24 as
1493 1539 37 27 to

188 1583 76 33 this
282 1583 67 33 last
365 1583 222 45 particular,
617 1583 240 46 apptoaches
875 1591 38 26 to
935 1584 246 46 indignation,
1211 1583 107 33 when
1348 1583 13 33 I
1385 1591 144 35 suspect

187 1629 87 35 that
292 1630 65 34 Dr.
383 1629 167 46 Draper,
567 1631 37 33 in
618 1632 259 44 depreciating
899 1632 159 44 literary
1087 1631 244 46 perfections,
1357 1630 89 33 does
1472 1636 58 27 not

185 1677 120 45 speak
325 1678 54 33 his
393 1678 165 43 explicit
572 1680 222 35 sentiments.
847 1681 80 33 Has
952 1681 46 33 he
1013 1687 64 27 not.
1093 1680 208 34 associated
1335 1690 26 20 a,
1374 1678 52 33 ith
1450 1680 64 33 Vic-

187 1735 90 35 tory
296 1726 214 34 characters
530 1726 13 33 ?
574 1727 78 35 Has
673 1727 46 33 he
736 1734 77 34 not,
842 1728 132 35 within
989 1728 61 33 the
1067 1734 77 27 two
1159 1729 67 31 last
1247 1737 124 32 year,
1388 1727 128 33 obtain-

185 1773 47 33 ed
253 1780 76 26 two
346 1773 143 44 prizes,
515 1785 46 22 on
582 1775 171 43 political
774 1778 207 43 questions,
1004 1782 41 27 at
1062 1786 70 22 one
1148 1774 43 34 of
1206 1776 63 32 the
1296 1774 131 45 public
1460 1773 51 34 Dc-

187 1820 328 44 bating-Societies
535 1833 12 28 ;
578 1822 124 34 where
722 1825 43 31 lie
793 1825 71 32 had
880 1825 144 45 spoken
1057 1822 144 41 before,
1234 1824 93 33 with
1350 1822 165 34 consider-

185 1869 89 34 able
289 1869 211 46 applause?
533 1870 43 34 If
589 1880 56 34 my
667 1870 237 35 information
922 1874 44 31 be
984 1877 63 28 not
1062 1872 87 32 here
1166 1871 184 43 seriously
1372 1876 161 33 correct,

188 1917 22 35 1
246 1928 59 22 um
330 1923 93 28 most
441 1918 230 43 egregiously
699 1918 189 37 deceived.
941 1919 99 34 how
1067 1920 39 32 ill
1126 1919 86 33 does
1246 1919 28 33 it
1302 1919 144 34 hcarem
1467 1917 69 37 Dr.

187 1964 168 43 Draper,
374 1964 102 39 then,
496 1971 39 26 to
556 1965 133 45 preach
705 1968 144 41 against
866 1968 250 45 composition
1131 1967 70 34 awl
1220 1967 223 41 eloquence!

240 2011 72 35 His
337 2013 260 44 depreciation
615 2011 44 34 of
677 2014 195 37 literature
893 2015 72 34 and
989 2021 155 38 oratory
1156 2027 8 11 ..
1176 2015 28 33 is
1233 2024 40 22 as
1293 2014 189 44 impolitic
1500 2024 38 21 as

190 2060 35 34 it
246 2061 27 32 is
291 2060 215 45 improper.
559 2060 60 37 Ile
648 2069 93 26 must
761 2065 180 33 cultivate
959 2063 90 34 both
1068 2063 196 33 literature
1277 2062 72 35 and
1369 2068 168 37 oratory,

190 2108 145 34 instead
356 2107 45 34 of
412 2108 210 43 neglecting
640 2111 105 33 thaw
762 2111 183 34 excellent
965 2111 304 44 qualifications;
1296 2120 45 24 or
1374 2111 44 33 he
1450 2118 86 26 must

54 2132 25 18 ~,

187 2154 52 35 be
252 2161 146 28 content
416 2160 38 30 to
468 2156 139 34 confine
638 2156 58 34 his
715 2160 190 33 exertions
933 2165 37 27 to
991 2157 215 47 Spa-fields,
1222 2157 70 35 and
1312 2156 60 37 the
1393 2158 145 34 Loudon

190 2202 188 37 Itinerant
397 2203 170 45 Society.
626 2204 204 45 Vulgarity
849 2207 44 33 of
907 2216 154 26 manner
1081 2206 71 34 and
1179 2205 182 46 language
1384 2205 74 34 will
1478 2213 59 28 not

180 2261 91 26 now
288 2251 155 33 succeed
465 2251 34 33 in
517 2254 280 41 Orange-street
814 2255 163 44 Chapel.

240 2298 84 35 The
335 2304 105 35 great
454 2301 206 33 attraction
677 2301 45 33 of
748 2302 65 34 Dr.
836 2300 183 47 Draper's
1039 2301 202 45 preaching
1260 2302 28 32 is
1315 2300 45 34 its
1381 2301 157 44 fluency.

190 2347 43 35 It
249 2347 32 34 is
299 2347 46 35 of
365 2346 65 34 the
448 2347 298 37 conversational
765 2350 231 41 description
1015 2362 11 22 ;
1048 2349 45 34 he
1115 2349 113 34 takes.
1239 2359 72 33 you
1332 2357 40 25 as
1393 2348 27 33 it
1444 2359 96 24 were

185 2396 58 43 by
278 2395 61 33 the
369 2395 137 34 Nato.'
521 2405 14 31 ;
559 2394 71 35 and
661 2394 226 48 familiarly,
917 2396 144 47 though
1090 2400 64 31 not
1183 2396 182 43 forcibly,
1400 2396 139 35 detains

150 2472 7 11 ,
187 2451 104 38 raw
312 2440 200 47 iteteation.
522 2440 4 50 •
565 2443 64 34 He
651 2443 138 37 shakes
813 2450 79 40 •yise
928 2446 51 43 by
1013 2446 67 32 the
1103 2444 180 45 handoend
1283 2444 22 45 -
1305 2444 90 45 yort
1406 2454 65 22 are
1486 2446 50 32 In-
1535 2446 11 25 6
1546 2446 12 25 1

181 2490 132 34 dined
330 2487 163 35 tolistivo
503 2494 43 28 to
561 2490 102 39 what
693 2491 44 37 be
758 2492 61 33 has
839 2497 39 30 to
896 2503 84 33 say,
1035 2492 70 35 His
1122 2502 84 33 may
1225 2491 45 34 he
1291 2491 191 35 &gritted
1501 2502 35 24 as

184 2541 70 32 the
270 2535 263 48 how-d'ye-do
546 2538 97 44 style
656 2538 46 34 of
723 2539 217 47 preaching.
996 2541 103 34 Even
1117 2541 111 33 when
1245 2539 47 32 he
1311 2541 89 32 tics
1419 2542 122 32 above

189 2584 63 35 his
268 2591 211 39 customary
507 2585 215 47 equability
748 2588 45 33 of
811 2588 189 45 delivery,
1028 2588 125 34 which
1191 2588 137 32 seldom
1359 2588 178 44 happens,

188 2634 51 34 be
269 2633 129 35 rather
430 2633 207 46 batangites
658 2635 91 34 than
781 2635 191 44 preaches.
1025 2634 73 35 Ills
1128 2635 109 34 voice
1260 2635 28 34 is
1316 2634 130 45 harsh,
1478 2635 64 34 but

185 2681 159 38 audible
360 2692 13 30 ;
411 2680 72 34 aid
519 2680 58 34 his
604 2680 240 40 enunciation
874 2685 31 33 is
937 2683 165 35 distinct.
1172 2682 71 35 his
1272 2685 204 44 eloquence
1514 2683 28 34 is

187 2737 158 43 prompt
359 2727 73 35 and
448 2727 237 45 unimpeded.
1544 2750 6 6 •

244 2777 72 35 His
331 2774 221 35 exordiums
582 2786 63 25 are
676 2784 66 27 too
769 2778 98 44 long.
919 2778 73 37 His
1020 2778 220 41 discourses,
1263 2778 194 43 however,
1479 2785 66 27 are

190 2824 106 38 often
307 2822 219 46 interesting
547 2823 70 35 and
637 2825 241 40 instructive;
907 2826 70 34 and
997 2828 89 45 they
1102 2837 64 24 are
1185 2825 58 35 far
1260 2837 102 24 more
1380 2828 163 34 rational

190 2875 93 35 than
311 2872 53 34 his
392 2881 171 35 prayers.
620 2872 60 35 lie
718 2885 144 24 reasons
893 2875 56 33 his
981 2878 196 41 argument
1199 2875 91 34 with
1307 2882 105 38 great
1429 2875 113 44 force,

190 2921 74 37 and
286 2921 31 33 is
331 2920 198 46 generally
548 2927 83 39 apt,
650 2922 83 40 but,
750 2922 131 35 almost
907 2933 41 24 as
972 2922 213 46 generally,
1204 2922 74 35 low
1305 2928 38 31 to
1365 2923 54 34 his
1446 2924 85 34 illus-

191 2969 181 35 trations.
426 2968 64 40 He
504 2967 86 35 does
608 2975 63 28 not
689 2970 125 34 attend
836 2970 107 34 much
964 2975 40 28 to
1031 2970 63 34 the
1123 2972 162 33 division
1312 2970 45 34 of
1378 2970 58 34 his
1461 2973 81 32 sub-
1557 2967 1 41 '

178 3017 106 47 ject,
335 3015 71 35 His
422 3024 165 27 sermons
604 3026 65 25 are
686 3018 201 34 conducted
906 3030 100 34 upon
1035 3030 26 21 a
1075 3019 91 45 story
1166 3019 18 45 !
1183 3019 148 45 •telling
1348 3026 150 38 system,
1517 3019 34 34 if

188 3070 141 40 system
340 3064 28 34 it
383 3073 85 35 may
483 3064 47 33 be
540 3064 143 35 defined
696 3077 9 31 ;
725 3065 123 35 which
865 3066 124 34 leaves
999 3065 76 35 him
1095 3071 39 28 at
1150 3066 138 45 liberty
1306 3073 38 28 to
1361 3067 98 45 drop
1472 3077 72 35 any

190 3111 111 47 topic
319 3110 109 37 when
463 3112 45 32 he
535 3112 157 45 pleases,
712 3113 71 34 and
811 3119 38 26 to
880 3123 142 25 resume
1042 3115 28 32 it
1088 3113 109 34 when
1227 3113 45 33 he
1302 3113 92 34 finds
1415 3115 31 33 it
1461 3125 65 22 con-

189 3163 167 33 venient.
409 3159 63 34 Ile
500 3168 178 35 possesses
710 3161 259 35 considerable
996 3161 241 34 information
1252 3174 11 27 ;
1291 3162 71 33 and
1391 3174 46 22 on
1473 3162 74 37 this

190 3213 178 37 account,
387 3216 47 25 no
454 3208 73 33 less
559 3207 89 35 than
681 3220 48 24 on
758 3214 158 31 account
948 3209 45 35 of
1015 3209 64 34 the
1104 3209 222 45 popularity
1345 3210 46 34 of
1414 3210 54 34 his
1485 3210 40 35 de-

188 3256 145 45 livery,
363 3254 46 35 he
436 3254 123 47 might
582 3256 133 35 render
749 3256 155 37 himself
924 3256 132 47 highly
1074 3255 119 37 useful
1212 3257 71 34 and
1311 3259 235 46 honourably

187 3302 292 48 distinguished.

241 3353 84 35 Too
351 3351 109 34 much
490 3352 30 33 is
547 3350 31 37 it
611 3357 38 28 to
666 3352 48 34 be
731 3352 282 47 apprehended,
1038 3353 83 34 that
1147 3353 200 47 unworthy
1364 3354 183 35 ambition

189 3398 105 44 will,
330 3398 338 50 notwithstanding
711 3400 56 33 his
800 3403 167 33 abilities
1009 3403 71 33 and
1113 3403 246 45 advantages,
1393 3409 157 39 operate

185 3449 154 43 against
358 3448 70 34 Dr.
455 3446 184 47 Draper's
669 3448 142 35 actual.
826 3449 222 34 attainment
1075 3449 45 34 of
1139 3450 220 37 substantial
1389 3450 158 45 dignity.

190 3498 65 35 lie
281 3504 167 38 appears
480 3501 40 30 to
555 3495 162 37 mistake
748 3497 221 46 popularity
1002 3496 59 34 for
1080 3498 233 46 reputation.
1369 3500 52 33 As
1443 3498 104 37 there

188 3546 106 37 exist
311 3543 106 35 those
435 3542 91 39 who
547 3549 142 39 expect
707 3549 40 30 to
767 3546 46 33 be
833 3544 115 35 heard
966 3543 61 35 for
1044 3544 98 34 their
1161 3546 106 34 touch
1286 3546 203 46 speaking,
1508 3557 40 22 so

187 3594 113 45 there
317 3592 85 34 will
420 3592 47 33 he
490 3591 115 37 found
626 3592 106 35 those
754 3592 85 35 who
857 3592 92 34 look
979 3600 40 26 to
1044 3594 46 34 be
1111 3594 250 35 remembered
1393 3595 156 35 because

189 3644 96 41 they
302 3650 65 25 are
386 3638 109 37 often
509 3639 230 35 mentioned.
795 3640 73 35 Dr.
892 3639 155 47 Draper
1061 3651 113 26 seems
1192 3644 81 33 also
1291 3643 206 46 misplaced
1514 3644 35 33 in

188 3689 45 37 In
260 3687 64 35 the
347 3692 262 40 arrangement
637 3686 47 35 of
715 3698 71 24 our
816 3690 117 33 social
979 3694 154 40 system.
1188 3689 149 37 Instead
1368 3690 46 35 of
1443 3690 107 45 being

190 3736 187 38 stationed
396 3746 44 24 as
454 3748 26 21 a
498 3735 176 35 Minister
691 3735 46 35 of
758 3736 270 45 Christianity,
1049 3736 46 35 he
1113 3737 133 47 ought,
1264 3738 19 35 I
1302 3739 194 41 conceive,
1512 3742 39 32 to

190 3785 102 34 have
311 3784 141 45 figured
470 3793 43 26 as
536 3794 24 24 a
581 3783 169 35 Member
777 3785 44 34 of
846 3784 246 35 Parliament.
1147 3784 35 38 A
1211 3795 83 26 man
1322 3787 136 33 should
1491 3793 63 28 not

189 3833 77 38 feud
286 3833 151 34 himself
456 3833 244 33 necessitated
731 3839 40 27 to
806 3833 189 34 intercede
1015 3831 58 34 for
1091 3831 63 37 the
1172 3840 241 38 government
1430 3833 45 34 of
1499 3833 54 35 his

191 3886 159 40 country
389 3881 37 33 in
459 3880 64 34 the
566 3880 143 46 pulpit,
746 3880 107 35 when
904 3880 44 35 be
994 3880 123 46 might
1161 3881 98 35 hove
1286 3882 266 46 patriotically

185 3928 200 44 arraigned
415 3930 47 32 its
480 3937 185 27 measures
683 3928 35 34 in
737 3930 64 38 the
817 3932 141 33 senate.

244 3977 18 37 I
280 3977 96 35 have
396 3977 116 34 heard
531 3978 81 33 that
633 3977 73 37 Dr.
728 3976 151 47 Draper
901 3977 28 34 is
954 3977 69 35 the
1037 3976 137 37 author
1200 3977 45 34 of
1264 3989 100 24 some
1387 3978 169 35 sermons

182 4038 57 24 on
252 4026 65 34 the
333 4025 172 44 Liturgy.
560 4025 63 35 lie
647 4025 30 33 is
711 4026 184 44 certainly
919 4036 47 25 an
998 4028 229 45 acquisition
1254 4029 39 32 to
1328 4028 228 44 Spa-Fields

189 4075 171 46 Chapel,
372 4075 73 32 and
462 4082 96 26 even
576 4080 38 28 to
634 4075 65 35 the
715 4074 154 46 College
882 4081 41 27 at
943 4074 207 37 Cheshunt.
1208 4075 58 33 lle
1289 4075 77 34 will
1381 4075 50 34 do
1452 4075 105 39 well,

190 4123 269 40 nevertheless,
476 4127 64 27 not
559 4127 39 28 to
619 4122 145 33 imitate
795 4124 64 33 the
888 4122 221 34 dictatorial
1135 4120 224 46 arrogance,
1388 4123 65 34 the
1469 4123 70 35 self-

189 4173 196 44 righteous
419 4172 249 44 importance,
698 4170 93 32 with
826 4172 124 33 which
980 4172 71 34 Dr.
1081 4172 159 33 flaweis
1273 4172 285 45 superinteuded

188 4220 22 44 t
210 4220 47 44 he
275 4228 175 28 concerns
474 4217 47 38 of
542 4220 64 33 the
617 4222 189 34 countess
822 4219 45 37 of
891 4219 262 46 lieutingdon.

242 4277 94 37 Jun.
356 4277 64 39 in,
450 4276 107 35 ISM

1276 4276 234 35 OmEsilltrs.

195 4387 158 34 Yrin►ed
369 4384 41 37 an
430 4384 20 37 4
470 4384 204 37 l'ob!ished
697 4384 52 37 by
767 4385 72 33 and
860 4385 61 32 for

2672 135 76 52 JA
2763 135 72 51 N.
2861 137 96 50 29.

1636 281 80 35 The
1735 281 135 34 sudden
1885 282 102 33 thaw
2013 280 61 33 has
2092 280 185 45 produced
2295 280 123 35 effects
2439 280 35 33 in
2494 279 63 34 the
2568 283 128 30 streets
2714 278 44 33 of
2771 276 61 34 the
2852 278 56 33 Me-

1590 327 175 46 tropolis.,
1789 330 73 34 and
1883 330 61 34 the
1964 327 107 38 roads
2086 328 37 35 in
2140 328 61 35 the
2220 328 326 44 neighbourhood,
2574 326 124 34 which
2717 325 98 34 have
2839 325 93 35 been

1587 378 167 44 scarcely
1774 377 204 45 paralelled
1993 385 37 26 at
2048 387 69 32 any
2138 374 141 39 former
2296 377 144 45 period.
2494 376 81 33 The
2609 378 117 31 water
2743 373 190 45 produced

1592 428 48 41 by
1661 426 59 34 the
1739 426 152 43 melting
1912 425 45 34 of
1977 436 24 22 a
2019 430 77 31 vast
2114 424 97 45 body
2229 423 45 37 of
2284 435 116 28 snow,
2430 423 64 34 has
2507 422 175 35 rendered
2696 431 102 24 some
2815 420 44 34 of
2868 422 61 33 the

1590 474 109 35 rinds
1724 475 104 44 quite
1850 471 237 47 impassable,
2115 472 70 34 and
2206 472 60 33 the
2287 476 155 30 torrents
2478 471 122 33 which
2627 470 96 34 have
2739 469 84 35 thus
2838 469 94 34 been

1589 521 148 40 cawed,
1755 521 92 33 have
1864 520 96 35 dune
1969 527 105 39 great
2098 520 169 44 damage.
2320 520 48 34 At
2391 519 295 44 Battle-bridge,
2704 516 229 45 Gray's-Inn

1590 570 81 33 llne
1689 569 109 41 road,
1818 569 59 35 the
1893 574 131 37 water,
2044 579 46 26 ou
2111 567 246 44 Wednesday,
2376 568 131 33 rushed
2522 568 78 34 into
2615 566 61 34 the
2692 566 149 40 houses,
2857 566 73 33 and

1589 618 64 33 the
1680 618 230 34 inhabitants
1930 625 96 26 were
2046 617 123 34 forced
2189 621 35 28 to
2241 615 47 44 fly
2310 621 35 27 to
2363 617 98 34 their
2479 625 122 37 upper
2623 613 132 35 stories
2772 613 60 38 fur
2845 624 67 34 pro-

1589 665 156 43 tection,
1773 664 61 34 the
1863 664 89 38 road
1968 665 110 34 could
2098 664 87 44 only
2212 664 46 37 be
2293 664 123 45 passed
2434 663 93 35 with
2548 667 105 39 great
2672 661 183 44 difficulty
2878 661 50 43 by

1589 717 110 31 carts.
1754 711 41 37 In
1812 711 281 44 Dorset-street,
2117 711 324 45 Porsnan-square,
2469 710 64 38 the
2550 719 167 26 common
2730 718 122 26 sewer
2867 709 66 40 has

1590 761 126 34 blown
1730 770 50 34 up
1795 761 72 34 and
1889 761 65 33 left
1963 771 24 24 a
2003 759 170 34 dreadful
2191 761 149 40 chasm;
2359 761 66 33 and
2446 759 65 34 the
2530 759 129 34 houses
2668 757 119 35 in.the
2804 756 106 45 neigh-

1596 807 194 37 bourhood
1809 819 64 25 are
1898 807 50 38 all
1967 808 116 35 under
2100 813 132 30 water.
2287 808 43 35 In
2348 807 63 35 the
2434 806 307 45 neighbourhood
2771 804 46 35 of
2833 804 76 37 Ken-

1593 857 148 43 nington
1759 855 70 35 and
1861 857 210 40 Vauxhall,
2098 867 22 24 a
2138 861 142 31 torrent
2294 855 44 35 of
2360 860 116 32 water
2496 855 64 38 has
2574 855 136 40 arisen,
2737 853 144 41 which,
2896 854 39 34 In

1594 905 46 35 its
1655 913 187 37 progress,
1869 904 63 35 has
1948 904 145 34 carried
2105 914 112 34 away
2235 901 196 43 furniture,
2457 905 130 33 trunks
2606 904 44 34 of
2659 909 116 33 trees,
2820 902 117 41 catle,

1592 951 70 35 &c.
1676 952 70 33 and
1766 954 64 32 has
1846 952 195 45 destroyed
2059 964 24 22 a
2098 956 104 40 great
2222 953 150 33 number
2385 951 44 34 of
2441 951 163 46 bridges.
2639 951 83 34 The
2743 951 189 44 Clapham

1592 1000 91 33 road
1700 1002 30 33 is
1744 1000 172 34 rendered
1929 1000 104 44 quite
2052 999 222 45 impassable
2288 1011 8 22 :
2317 1000 138 34 several
2473 1000 131 33 houses
2621 1009 99 26 were
2737 1009 47 24 on
2796 998 118 40 Thurs-

1591 1048 72 44 day
1682 1049 226 45 completely
1926 1048 177 40 insulated
2124 1049 47 45 by
2196 1048 63 33 the
2280 1054 131 35 water,
2435 1048 73 33 and
2539 1045 60 35 the
2619 1048 229 33 inhabitants
2868 1057 44 24 un-

1590 1095 90 37 able
1700 1101 37 30 to
1754 1096 129 35 obtain
1902 1096 223 44 provisions,
2159 1106 43 22 or
2215 1101 39 26 to
2274 1102 58 38 get
2346 1101 58 28 out
2426 1096 44 34 of
2481 1095 99 34 their
2595 1095 142 35 houses.

1788 1185 183 40 COURT
2001 1185 67 38 OF
2098 1185 181 40 KING'S
2309 1185 194 45 BENCH,
2532 1183 110 38 JAN.
2683 1189 63 35 26.

1912 1257 119 26 LORD
2050 1257 184 26 DORMER
2264 1259 33 24 v.
2327 1257 198 33 KNIGHT,
2542 1257 77 31 ESQ

1642 1298 73 35 Mr.
1733 1296 165 47 Serjeant
1912 1294 191 47 Shepherd
2120 1297 104 32 made
2239 1304 47 25 an
2304 1296 235 45 application
2559 1303 38 26 to
2616 1296 61 33 the
2693 1296 117 35 Court
2836 1294 58 35 for
2906 1306 19 25 a-

1593 1355 80 26 new
1694 1348 85 32 trial
1796 1357 46 22 on
1876 1345 61 33 the
1967 1344 176 44 groand,
2177 1344 84 33 that
2284 1343 61 34 the
2372 1343 157 46 opinion
2559 1342 193 37 delivered
2789 1345 50 43 by
2869 1344 64 34 the

1597 1394 112 34 Chief
1709 1394 158 34 Justice
1884 1403 74 24 was
1977 1401 214 31 orroneons,
2262 1390 84 35 that
2365 1391 87 35 Mrs.
2472 1390 149 45 Knight
2635 1394 139 43 merely
2793 1394 47 44 by
2875 1402 39 25 re-

1594 1442 144 43 ceiving
1756 1442 63 35 the
1833 1442 102 33 visits
1948 1440 41 34 of
2003 1440 158 37 Colonel
2185 1439 143 39 Fuller,
2353 1450 39 24 as
2417 1440 46 33 of
2489 1446 73 38 tiny
2582 1439 111 33 other
2722 1440 210 43 gentleman

1596 1491 44 32 of
1654 1492 64 32 her
1726 1492 282 44 acquaintance,
2029 1488 123 34 would
2173 1488 103 34 incur
2294 1488 64 33 the
2375 1486 197 35 forfeiture
2585 1486 45 35 of
2653 1487 103 35 4001.
2789 1498 67 35 per
2870 1498 45 25 an-

1596 1550 98 28 num,
1713 1545 83 38 part
1815 1538 44 34 of
1870 1538 61 33 the
1948 1537 193 46 provision
2160 1535 58 34 for
2249 1535 66 33 her
2655 1535 70 33 and
2756 1537 64 33 the
2849 1537 65 33 Ser-

1589 1584 110 45 jeant
1716 1586 149 37 insisted
1897 1585 79 33 that
1997 1584 63 34 the
2081 1583 102 34 word
2522 1583 217 34 introduced
2769 1585 78 32 into
2874 1584 63 33 the

1597 1635 106 41 deed,
1729 1641 94 28 must
1840 1635 46 33 be
1903 1632 219 35 understood
2141 1638 39 28 to
2198 1641 107 25 mean
2321 1631 229 34 association
2567 1629 46 35 of
2624 1642 24 26 a.
2669 1631 182 33 Criminal
2870 1642 46 24 na-

1599 1690 96 33 ture,
1723 1682 124 34 which
1863 1681 144 35 neither
2033 1690 77 24 was
2130 1678 157 45 proved,
2313 1690 66 22 nor
2411 1680 70 33 had
2499 1678 91 34 been
2606 1678 209 46 attempted
2833 1685 39 27 to
2893 1681 46 33 he

1600 1731 163 46 proved;
1791 1730 81 35 that
1897 1729 176 33 evidence
2102 1727 70 34 had
2202 1729 91 33 been
2313 1728 168 32 received
2509 1726 45 33 of
2576 1737 24 22 a
2634 1737 135 33 person
2798 1722 142 50 calling

1602 1776 139 38 herself
1772 1779 106 43 Mary
1913 1776 150 41 Etches,
2104 1776 65 34 but
2196 1775 123 33 whose
2350 1776 73 33 real
2460 1785 106 24 name
2602 1785 72 24 was
2705 1774 149 44 Hobbs,
2896 1778 47 32 of

1596 1838 102 25 some
1733 1828 278 33 circumstances
2042 1825 81 32 from
2124 1825 21 32 -
2169 1825 150 32 whence
2362 1824 24 34 it
2431 1824 70 33 had
2536 1824 90 33 been
2662 1822 150 34 insisted
2854 1825 85 33 that

1603 1876 156 33 Colonel
1783 1872 129 37 Fuller
1924 1873 71 35 and
2017 1874 86 33 Mrs.
2124 1871 139 44 Knight
2287 1870 70 35 had
2375 1871 92 33 been
2483 1869 174 46 preYious
2679 1876 38 28 to
2739 1870 63 34 the
2831 1883 86 34 sepa-

1602 1923 122 45 rapist'
1742 1922 115 39 found
1870 1923 34 33 in
1926 1922 191 44 improper
2132 1918 209 35 situations.
2396 1920 80 32 The
2493 1919 146 32 learned
2662 1917 170 44 Serjeant
2848 1925 76 30 slat-

1600 1971 59 33 ed.
1678 1971 80 34 that
1778 1972 98 33 since
1894 1971 59 31 the
1972 1969 86 34 trial
2078 1968 44 33 of
2134 1968 61 33 the
2210 1977 109 24 cause
2333 1965 41 34 of
2391 1967 154 33 Colonel
2565 1967 139 39 Fuller,
2743 1968 72 33 had
2835 1969 104 33 made

1602 2028 45 26 an
1661 2020 181 39 affidavit,
1865 2019 37 34 in
1923 2016 120 35 which
2063 2017 43 33 he
2125 2015 37 34 iu
2183 2016 59 32 the
2262 2021 90 27 most
2366 2014 136 33 solo=
2522 2015 71 32 and
2616 2016 164 41 positive
2792 2027 148 25 manner

1602 2076 137 34 swore,
1763 2068 83 35 that
1861 2066 60 35 the
1944 2065 122 39 whole
2080 2065 44 33 of
2140 2066 64 32 the
2222 2062 176 33 evideuce
2418 2072 77 24 was
2510 2062 213 44 absolutely
2743 2063 110 41 false,
2870 2066 70 32 and

1605 2124 7 25 t
1622 2115 60 33 hat
1704 2115 45 32 he
1768 2113 321 45 had:neve7either
2106 2111 129 34 before
2254 2120 43 24 or
2313 2111 94 33 after
2419 2111 64 33 the
2494 2106 202 40 execution
2707 2111 44 33 of
2760 2111 61 34 the
2837 2112 102 34 Deed

1605 2171 43 25 or
1655 2169 43 27 at
1707 2173 71 35 any
1798 2164 85 32 time
1899 2172 41 24 or
1956 2171 100 33 upon
2067 2170 70 33 any
2151 2157 171 37 occasion
2335 2159 33 34 in
2382 2158 54 33 his
2454 2158 67 34 life
2535 2159 111 33 taken
2659 2170 72 33 any
2748 2160 194 45 improper

1604 2211 137 44 liberty
1759 2212 92 35 witk
1865 2209 257 44 Ilrs.Knight.
2137 2207 98 34 That
2246 2207 85 34 Col.
2348 2206 128 34 Fuller
2489 2213 76 27 was
2575 2207 113 43 ready
2701 2207 70 33 and
2783 2218 71 22 aux
2865 2209 76 33 ious

1605 2268 35 25 to
1656 2259 96 34 have
1761 2259 110 44 given
1883 2257 61 34 the
1957 2264 89 27 most
2062 2256 161 45 positive
2236 2255 72 37 and
2323 2255 146 45 pointed
2484 2254 176 34 evidence
2672 2262 38 26 to
2724 2256 83 33 that
2820 2255 123 41 effect,

1602 2308 71 32 and
1693 2307 59 33 the
1778 2303 197 37 Plaintiff's
1993 2304 155 35 Counsel
2167 2303 120 32 would
2303 2308 87 26 most
2409 2301 181 44 certainly
2611 2303 92 32 have
2727 2302 120 34 called
2868 2304 76 33 him

1605 2356 61 31 hut
1690 2366 99 24 were
1805 2353 198 47 prevented
2019 2353 47 44 by
2078 2352 60 34 the
2152 2353 154 43 opinion
2324 2349 184 35 deiivered
2531 2352 48 40 by
2602 2350 60 33 the
2673 2352 149 33 learned
2836 2352 113 34 Chief

1612 2402 152 41 Justice,
1778 2400 187 43 inasmuch
1976 2411 38 25 as
2028 2400 30 33 it
2068 2409 109 25 never
2194 2399 70 34 had
2282 2398 130 34 beenat
2422 2398 164 46 tempted
2600 2405 37 26 to
2653 2398 45 34 be
2711 2399 135 40 deed
2865 2398 79 39 that

1606 2448 132 34 Faller
1759 2450 71 33 had
1859 2446 132 35 visited
2015 2440 87 40 Mrs.
2120 2439 146 51 'Knight
2284 2444 217 45 subsequent
2528 2448 41 28 to
2600 2443 60 34 the
2678 2443 202 37 execution
2906 2444 46 37 of

1603 2496 63 34 tae
1684 2496 90 34 deeil
1789 2509 11 27 ;
1826 2496 73 35 and
1918 2497 176 35 however
2115 2503 92 35 pure
2223 2493 70 34 and
2314 2503 137 33 proper
2472 2490 61 33 the
2546 2491 157 35 conduct
2722 2492 45 35 of
2784 2493 63 32 the
2861 2504 64 33 par-

1604 2545 70 33 ties
1689 2549 39 30 at
1755 2543 90 35 such
1878 2542 194 35 interview
2096 2551 89 30 was,
2210 2542 79 33 still
2313 2541 97 33 their
2430 2539 207 44 operation
2666 2542 143 32 destro,
2820 2542 43 32 ed
2884 2542 60 32 the

1597 2593 202 43 .provision
1828 2593 106 34 made
1959 2590 48 43 by
2044 2588 59 37 the
2137 2590 76 33 first
2242 2588 107 34 deed.
2407 2588 103 33 That
2548 2588 37 32 in
2613 2588 170 33 addition
2817 2594 37 27 to
2880 2589 67 35 the

1603 2640 167 34 affidavit
1804 2640 46 33 of
1869 2637 151 37 Colonel
2059 2637 144 39 Fuller,
2233 2637 45 33 he
2309 2635 69 35 had
2409 2639 81 32 also
2510 2635 63 32 the
2604 2636 183 33 affidavits
2809 2636 44 34 of
2864 2635 83 35 font*

1605 2688 109 35 other
1733 2696 150 37 iwrsons
1899 2686 43 35 of
1951 2685 307 45 unimpeachable
2274 2685 213 39 character,
2503 2681 87 34 well
2608 2685 224 44 aerttailited
2854 2685 92 33 with

1612 2738 106 43 Mary
1739 2737 154 39 Etches,
1909 2733 158 44 directly
2087 2732 162 45 proving
2274 2731 65 35 the
2356 2731 195 35 falsehood
2568 2731 45 32 of
2639 2733 64 32 her
2724 2732 216 45 testimony.

1609 2784 81 35 The
1721 2784 133 39 Court,
1884 2785 191 34 however,
2108 2779 64 34 did
2203 2787 64 27 not
2293 2779 105 34 think
2431 2781 27 32 it
2483 2790 189 32 necessary
2699 2785 39 27 to
2769 2780 85 33 send
2884 2779 65 37 the

1607 2842 107 26 cause
1733 2831 110 33 down
1869 2830 59 33 for
1956 2841 24 24 a
2006 2838 79 24 new
2106 2829 105 40 trial,
2237 2837 40 24 as
2307 2829 86 41 they
2413 2828 206 33 concurred
2639 2828 92 33 with
2752 2829 63 33 the
2837 2824 119 39 Chief

1609 2880 145 35 Justice
1774 2880 35 33 in
1830 2880 57 33 his
1902 2877 97 44 legal
2015 2876 252 34 construction
2285 2875 45 33 of
2344 2876 59 31 the
2418 2875 110 33 deed.

1658 2970 71 33 We
1747 2969 96 35 have
1861 2967 61 35 the
1941 2967 255 45 gratification
2215 2974 37 26 to
2272 2967 69 33 find
2360 2975 69 25 our•
2446 2975 69 35 pre
2529 2965 130 33 liction
2689 2965 182 40 realized,
2890 2975 40 25 re-

1609 3017 117 35 lative
1763 3022 40 28 to
1845 3018 81 33 that
1969 3014 216 37 invaluable
2218 3013 187 35 Invention
2438 3018 63 30 the
2594 3014 189 43 Magnetic
2823 3014 126 33 Razor

1819 3065 64 33 the
1898 3063 190 35 extensive
2099 3063 155 34 demand
2274 3063 57 33 for
2349 3061 120 34 which
2494 3071 40 25 as
2555 3072 58 24 we
2629 3072 63 24 are
2711 3060 169 44 credibly
2893 3072 38 24 as-

1609 3113 119 41 sured,
1757 3112 138 45 having
1913 3122 89 33 very
2023 3110 56 35 far
2096 3110 190 34 exceeded
2320 3111 60 33 the
2417 3109 196 35 Inventors
2647 3117 91 27 most
2773 3110 177 44 sanguine

1609 3162 275 45 expectations,
1909 3158 71 35 and
2000 3158 65 35 the
2082 3159 74 33 late
2172 3161 136 32 intense
2326 3159 165 33 weather
2511 3157 65 33 has
2589 3168 86 33 very
2695 3159 256 41 opportunely

1611 3209 60 34 for
1690 3209 92 41 him,
1806 3207 131 37 served
1954 3217 39 24 as
2009 3217 24 24 a
2046 3207 184 44 complete
2246 3211 70 28 test
2350 3206 41 34 of
2418 3204 46 35 its
2491 3207 174 41 superior
2693 3204 133 45 utility
2861 3216 91 24 over

1609 3267 113 34 every
1739 3256 197 47 precedent
1963 3255 194 43 discovery
2192 3254 60 34 for
2277 3254 142 34 similar
2446 3265 200 34 purposes,
2674 3253 193 45 rendering
2890 3253 66 34 the

1607 3305 94 46 edge
1714 3305 44 33 of
1765 3317 25 21 a
1807 3313 162 26 razorso
1985 3302 261 45 scientifically
2264 3308 122 34 acute,
2422 3302 79 34 that
2523 3304 44 31 its
2591 3300 124 35 action
2735 3301 27 32 is
2783 3301 175 34 attended

1615 3353 91 34 with
1726 3353 171 44 pleasure
1915 3351 139 34 instead
2070 3351 45 32 of
2130 3351 86 44 pain
2245 3351 144 44 (usual!)
2389 3351 19 44 ,
2441 3350 190 45 produced
2665 3351 33 31 in
2732 3346 63 37 the
2822 3359 136 34 opera,

1612 3402 78 33 tion
1720 3400 46 34 of
1789 3399 159 45 shaving
1980 3398 131 45 during
2134 3409 46 24 an
2217 3398 193 43 iticlement
2439 3396 164 45 season).
2659 3397 86 34 Sold
2764 3403 40 27 at
2823 3398 52 34 is.
2896 3398 59 35 6d.

1612 3448 90 35 each
1719 3448 115 45 (with
1848 3448 66 33 full
1930 3446 215 41 directions,
2176 3445 124 34 which
2324 3445 76 34 will
2427 3446 135 33 enable
2593 3455 72 34 any
2686 3455 132 34 person
2841 3451 35 30 to
2896 3456 63 24 use

1613 3507 24 22 a
1650 3495 96 35 hone
1766 3495 92 35 with
1883 3493 241 45 adroitness),
2163 3500 39 30 at
2237 3494 63 34 the
2344 3493 209 35 Inventor's
2597 3494 260 40 Warehouses,
2896 3494 63 39 52,

1617 3544 254 41 Park-street,
1889 3544 378 44 Grosvenor-square,
2287 3541 69 34 and
2370 3541 59 38 65,
2448 3540 387 45 Cheapside.—Each
2851 3542 76 34 Tab-

1615 3593 52 35 let
1683 3592 30 37 is
1726 3592 80 37 sold
1814 3592 126 46 signed
1958 3591 43 35 J.
2021 3592 46 33 T.
2085 3589 135 41 Rigee,
2236 3591 37 32 in
2293 3591 59 31 red
2453 3588 71 34 and
2539 3588 216 37 nambered.

2203 3683 155 34 DIED.

1668 3729 50 37 At
1739 3729 214 43 Hamilton,
1974 3742 47 24 on
2039 3729 60 37 the
2117 3730 66 34 Bth
2204 3732 152 39 instant,
2372 3729 211 37 Archbald
2604 3729 135 43 Burns,
2756 3729 92 46 Esq.
2867 3729 92 35 Coin

1618 3780 154 46 missary
1783 3780 45 34 of
1846 3780 194 35 Hamilton
2053 3778 71 35 and
2145 3780 200 44 Compair,
2359 3777 71 37 aud
2447 3777 358 37 Sherilf-:iubstitute
2824 3778 59 34 for
2900 3781 64 32 the

1618 3831 135 40 county
1772 3827 45 34 of
1831 3827 151 34 Lanark
2002 3833 40 28 at
2059 3827 211 35 Hamilton.

1668 3875 152 44 Lately,
1832 3880 41 31 at
1893 3875 191 41 Llmfteld,
2104 3875 64 35 the
2179 3879 180 44 youngest
2383 3885 65 25 son
2467 3873 45 38 of
2532 3873 155 38 Colonel
2707 3873 191 45 Childers,
2924 3874 44 37 of

1623 3922 175 43 Cantley,
1811 3933 91 24 near
1922 3924 221 34 Doncaster.

1859 4029 167 39 PRICE
2054 4029 67 39 OF
2151 4029 198 39 srocKs
2378 4029 353 39 YESTERDAY.

1622 4095 21 35 3
1664 4104 67 35 per
1752 4093 105 35 Cent.
1873 4094 106 35 Cons.
2000 4093 120 34 61-5
2138 4103 67 34 per
2219 4093 109 34 Cent.
2346 4094 109 43 Navy
2473 4091 236 47 98i—India
2726 4091 128 35 Bonds
2871 4091 34 40 9,
2926 4094 45 33 10

1674 4140 239 46 pm.—Bank
1936 4142 112 34 Stock
2068 4143 69 33 ►214
2157 4140 122 45 zq-4
2296 4152 65 34 per
2376 4141 109 35 Cent.
2504 4142 14 32 (
2630 4140 142 47 8:31--;3
2787 4152 65 33 per
2865 4143 105 34 Cent.

1677 4191 172 34 Reduced
1870 4188 226 50 67g--Lung
2113 4188 197 37 Annuities
2341 4191 40 34 18
2409 4188 317 37 9-16--Omnium
2745 4188 40 40 3,
2802 4187 24 35 4
2846 4200 128 33 pin.—

1678 4238 122 34 Exch.
1830 4238 94 34 Bills
1946 4237 60 40 12,
2037 4238 43 33 14
2107 4238 289 45 pot.—Lottery
2415 4238 159 34 Tickets
2596 4238 81 34 £2l
2704 4237 273 34 19,—Consols

1677 4286 60 33 for
1757 4286 184 33 Accounts
1962 4284 80 45 871.
