3402 4429
1141 163 142 51 THE
1319 169 367 52 NATIONAL
1727 172 361 51 REGISTER.

268 285 86 34 who
373 283 72 34 had
462 283 85 46 long
565 286 125 35 served
711 288 94 33 their
826 296 167 37 country.
1037 293 56 33 Ile
1103 296 77 32 said
1200 296 41 33 he
1256 298 119 34 knew.
1393 300 77 32 that
1485 301 99 31 there

269 343 79 25 Ivits
373 343 24 24 a
416 333 129 44 public
561 334 104 34 otfice
681 335 34 33 in
733 335 61 33 the
813 337 94 45 city,
925 348 96 33 open
1042 346 38 27 to
1097 344 52 31 all
1180 354 150 26 corners,
1354 358 21 19 w
1389 347 81 33 here
1491 348 76 31 mili-

266 386 87 34 tary
376 380 261 34 Commissions
667 394 93 21 were
790 385 132 41 oiljed
954 386 54 34 for
1024 390 76 31 sale
1133 399 38 24 at
1198 391 60 33 the
1287 394 151 32 reduced
1469 394 116 43 price,

267 428 122 33 which
412 429 86 33 Mrs.
526 429 139 35 Clarke
683 431 83 33 used
788 442 33 21 !o
841 436 145 37 exact;
986 436 25 37 .
1011 436 67 32 and
1098 437 60 32 the
1176 446 118 34 agent;
1328 441 43 32 of
1394 441 117 33 which
1528 441 41 32 de

262 476 125 34 dared
409 477 79 33 that
510 478 81 37 they
613 488 100 24 -were
732 480 151 33 enabled
911 491 39 22 so
981 487 34 27 to
1048 484 90 33 oiler
1154 485 96 33 them
1271 489 58 39 by.
1343 489 83 31 Mrs.
1450 491 133 40 Carey,

262 523 67 34 the
365 531 146 35 present
546 524 187 35 favourite
769 527 162 33 Mistress
965 529 43 32 of
1124 531 118 44 Royal
1279 534 44 33 Ili
1356 536 122 39 haws;
1517 537 66 33 and

262 570 146 35 further
429 572 96 38 that,
562 573 34 32 in
631 574 84 32 ad.ti
726 574 72 33 lion
820 580 35 26 to
883 578 244 33 commission,
1146 578 35 35 in
1196 579 58 34 the
1271 593 120 31 army.
1410 583 85 33 they
1517 583 67 33 had

266 620 64 32 the
348 630 130 31 power
496 619 43 34 of
565 622 182 43 procuriog
746 622 20 43 .
767 622 61 43 ali
848 621 237 46 description:
1102 627 44 31 of
1168 628 120 43 places
1306 630 33 32 in
1361 630 58 33 the
1440 632 143 33 Church

263 666 71 34 and
354 669 210 43 State---(3
588 669 119 44 toukit.
729 673 11 32 )
793 669 98 39 Na,',
911 670 103 34 those
1041 673 130 43 Agent:
1193 676 65 32 hal
1276 684 59 25 not
1355 677 175 34 hesitated
1548 685 35 26 to

371 715 26 33 it
415 716 113 32 under
548 716 97 33 their
658 725 84 26 own
767 717 104 40 hand::
870 717 18 40 :
917 722 80 30 that
1015 720 80 44 they
1122 732 94 22 were
1233 724 193 41 emploNed
1446 726 46 33 by
1514 733 70 25 two

263 761 45 32 of
331 762 63 33 the
412 763 76 33 fir-t
516 763 150 35 Officers
696 764 43 32 of
762 764 53 32 hiS
846 764 85 46 Maje
931 764 21 46 ,
952 764 86 46 ty's
1062 769 365 43 Acimini,traiino—(
1446 776 28 28 .1
1504 774 83 32 loud

260 810 281 40 laugh).—Mr.
568 811 162 33 Warde!l
744 813 198 33 concluded
964 815 44 43 by
1026 817 191 41 moying•—

373 868 98 33 That
490 880 18 20 a
533 870 158 33 Commit
702 876 54 25 reel
853 873 203 41 appointed
1072 878 39 28 to
1133 875 87 43 iiivc
1220 875 17 43 ,
1237 875 106 43 aigate
1361 878 58 33 the
1437 878 149 34 conduct

263 914 43 34 of
330 917 56 34 his
407 914 144 34 Ito
552 917 181 43 ilighness
754 917 59 32 the
844 921 239 32 Commander
1102 922 33 32 in
1155 922 111 32 Chief
1286 925 85 32 with
1394 932 137 37 re-pact
1550 932 34 26 to

266 963 254 43 Promotions,
544 963 230 45 Lxchanges,
793 965 67 33 and
919 967 260 44 ppoiatments,
1193 981 44 20 on
1252 971 56 32 the
1324 973 102 40 Stall,
1446 974 139 40 Levies,

313 1059 60 33 Sir
394 1059 43 33 F.
467 1059 91 34 Burt
567 1069 22 24 D
599 1068 72 25 ETT
689 1059 178 33 secondea
887 1061 61 34 the
969 1063 145 34 'notion.

311 1108 81 32 The.
407 1108 109 32 Srca
552 1117 84 24 TAR
646 1116 22 24 P
683 1114 37 26 at
741 1108 41 31 \V
800 1119 66 32 tn,
887 1110 67 31 felt
969 1117 98 33 great
1082 1111 223 34 satisfaction
1320 1114 77 34 that
1411 1121 37 27 at
1463 1117 118 39 lenfzth

261 1165 48 22 an
335 1156 248 41 opportunity
607 1163 73 24 was
698 1155 161 34 afforded
881 1156 41 33 of
947 1157 202 46 instituting
1174 1170 45 21 an
1240 1162 163 34 effechial
1437 1163 143 45 inquiry

263 1204 79 33 into
361 1204 61 32 the
441 1204 156 39 grounds
615 1201 40 34 of
669 1202 59 33 tile
746 1214 57 21 vat
815 1204 78 33 ions
912 1206 197 32 calumaies
1126 1207 70 33 and
1215 1208 366 43 misrepresentations

262 1251 126 33 which
410 1251 70 33 had
509 1250 44 33 of
574 1253 74 31 late
676 1251 87 33 been
796 1263 37 20 !•:o
862 1251 256 45 indostrion-ly
1137 1256 196 33 circtilat:Nl
1346 1259 139 40 against
1506 1260 77 33 that

265 1299 213 33 Illustrious
502 1299 214 41 Personage.
775 1299 206 33 halite:teed
1010 1300 47 44 by
1090 1300 70 33 this
1195 1302 144 45 feeling,
1378 1306 25 31 it
1437 1317 70 22 wag
1528 1307 53 33 Car

262 1346 93 33 from
373 1348 109 37 b-ing•
497 1346 53 33 his
566 1346 176 33 intention
758 1352 34 26 to
806 1346 84 41 give
900 1358 72 32 any
983 1349 214 44 oppo‘ition
1209 1356 34 27 to
1257 1350 57 33 the
1328 1354 133 32 motion
1473 1354 43 32 of
1526 1354 56 33 the

265 1396 32 32 if
308 1404 56 22 on.
378 1395 104 33 'h-nt.
514 1394 69 33 Ills
606 1394 117 44 Royal
745 1394 178 44 flightless
940 1406 71 21 wri.4
1024 1397 181 44 perfectly
1219 1398 105 37 ready
1337 1407 35 25 to
1393 1409 104 32 meet,
1514 1403 67 32 and

262 1443 209 34 extremely
493 1443 156 33 anxion.•
680 1447 37 27 to
738 1447 104 28 court
872 1442 64 32 the
952 1444 269 35 inye!-tigation.
1252 1446 143 45 llaving
1408 1449 76 33 said
1505 1449 77 32 thus

262 1491 27 33 m
289 1491 27 33 u
317 1491 56 33 ch
403 1501 44 21 on
484 1491 89 32 heir'
583 1489 31 35 If
635 1489 41 32 of
702 1489 58 32 the
795 1491 201 32 illustrious
1030 1491 123 45 object
1182 1491 44 34 of
1246 1493 58 33 the
1339 1496 150 40 motion,
1513 1496 66 33 and

265 1539 91 33 with
378 1548 24 22 a
418 1538 96 32 view
537 1544 37 26 to
594 1538 152 44 itnpress
765 1537 59 33 the
841 1535 128 34 House
990 1538 85 33 with
1098 1539 61 33 the
1178 1540 189 34 solicitude
1385 1543 60 33 felt
1465 1544 45 44 by
1528 1543 52 34 his

262 1586 126 34 Roxal
425 1585 195 44 Highness,
664 1585 59 33 for
758 1596 24 21 a
810 1584 64 33 full
909 1585 70 33 and
1007 1586 236 45 satisfactory
1279 1589 159 45 inquiry,
1479 1592 102 34 there

260 1633 168 44 scarcely
445 1633 184 33 remained
650 1643 39 38 at>
689 1643 13 38 s
702 1643 14 38 s
739 1633 100 40 think
855 1632 143 34 farther
1017 1633 56 33 for
1100 1633 72 33 hint
1196 1642 33 25 to
1256 1646 53 25 caN
1325 1662 7 7 .
1385 1635 111 37 From
1528 1641 52 32 his

278 1682 269 44 acquaintance
569 1680 87 33 with
687 1680 59 33 the
785 1680 243 33 Commander
1054 1682 35 31 in
1110 1681 124 41 Chief,
1259 1684 65 32 and
1345 1684 53 34 his
1419 1687 163 33 intimate

265 1729 221 43 knowledge
503 1728 44 33 of
570 1728 60 33 the
648 1737 150 25 manner
816 1728 35 33 in
866 1728 125 34 which
1013 1729 57 33 the
1085 1730 157 32 business
1257 1731 41 32 of
1320 1731 53 32 his
1393 1733 98 33 office
1509 1744 71 24 was

259 1778 220 39 conducted,
523 1776 81 33 that
639 1775 63 34 the
730 1775 154 45 charge?:
926 1776 167 41 alledged
1128 1787 96 22 were
1256 1779 137 44 wholly
1428 1782 151 33 without

262 1824 243 40 foundation;
535 1824 78 35 that
633 1822 61 33 the
711 1822 92 34 facts
833 1824 123 34 stated
967 1824 43 45 b)
1035 1824 63 34 the
1129 1825 100 34 lion.
1250 1827 209 34 Gentletnan
1476 1830 105 34 could

257 1877 65 28 not
343 1872 93 33 have
457 1871 69 33 had
544 1871 201 34 existence.

308 1928 86 34 Ma.
420 1928 167 39 Yonne
607 1928 78 32 said
704 1928 79 32 that
803 1928 27 32 it
847 1938 74 22 was
935 1928 91 33 with
1038 1936 104 35 great
1154 1941 151 24 concern
1323 1931 44 34 he
1384 1931 67 35 had
1470 1933 106 34 heard

257 1975 65 34 the
343 1976 155 35 motion,
517 1985 43 21 119
586 1975 84 38 less,
702 1984 39 22 as
767 1975 26 32 it
811 1976 150 43 regards
986 1977 59 33 the
1061 1977 208 34 Illustrious
1294 1980 130 34 Person
1441 1983 139 38 against

257 2024 124 32 whom
403 2023 28 32 it
445 2031 77 24 was
539 2022 180 40 directed,
737 2021 86 33 than
842 2022 61 33 the
926 2022 241 37 Honourable
1183 2026 207 35 Gentleman
1410 2030 81 31 who
1512 2029 66 34 had

256 2070 164 43 brought
448 2070 30 33 it
504 2069 177 34 forward.
736 2069 126 34 Never
892 2070 72 34 had
990 2082 72 33 any
1091 2073 170 34 Member
1285 2074 41 34 of
1354 2076 78 33 that
1461 2078 128 33 Houle'

256 2117 116 34 taken
392 2127 98 34 upon
523 2117 150 33 himself
694 2127 22 24 a
746 2128 102 22 more
872 2119 142 35 serious
1039 2121 288 44 responsibility.
1381 2122 58 34 Ile
1460 2126 119 32 would

256 2164 132 39 admit,
407 2165 188 40 however,
618 2167 96 38 that,
732 2165 33 32 if
778 2164 60 34 the
857 2165 100 35 Hon.
981 2169 215 33 Gentleman
1214 2170 103 33 could
1329 2170 97 34 skew
1441 2171 78 34 that
1538 2174 44 32 he

257 2212 73 33 had
350 2222 71 33 any
441 2213 184 45 prohahle
643 2212 155 44 grounds
814 2213 58 33 for
891 2213 56 33 his
961 2213 144 45 charge,
1139 2216 45 33 he
1204 2228 72 22 was
1291 2218 150 34 entitled
1466 2228 35 25 to
1521 2220 60 33 the

256 2259 137 35 thanks
411 2261 45 32 of
482 2261 61 33 the
565 2259 120 33 House
705 2259 59 33 for
785 2261 132 41 having
935 2262 158 44 brought
1114 2264 30 32 it
1162 2263 174 38 forward.
1391 2267 50 32 At
1459 2268 119 44 length

255 2306 92 44 they
366 2308 109 37 could
495 2308 109 34 reach
622 2308 35 33 in
674 2319 22 22 a
716 2309 162 43 tangible
899 2308 116 46 shape
1031 2319 97 25 some
1147 2310 45 32 of
1218 2311 98 38 those
1333 2313 105 34 libels
1459 2315 120 35 which

257 2353 73 34 had
351 2354 57 33 for
422 2366 100 24 some
541 2355 87 34 time
647 2360 81 39 past
746 2356 87 32 been
854 2365 100 25 more
967 2357 228 44 assidnously
1205 2359 67 33 and
1290 2361 291 44 pertinaceonsly

255 2401 207 34 circulated
481 2404 86 32 than
583 2408 39 27 at
637 2412 73 33 any
737 2402 138 33 former
895 2404 131 43 period
1052 2404 33 33 in
1104 2405 72 32 this
1196 2412 152 38 country
1375 2417 38 25 so
1435 2409 143 43 prolific

257 2448 35 34 in
312 2450 119 33 libels.
493 2450 58 33 lie
570 2450 118 44 hoped
707 2451 81 32 that
806 2451 64 32 the
889 2448 125 35 House
1043 2453 122 32 would
1187 2453 47 31 do
1248 2452 137 43 Justice
1403 2460 38 27 to
1468 2457 110 40 itself,

256 2500 38 28 to
315 2497 60 33 the
396 2497 145 44 public,
566 2498 69 33 and
656 2502 39 28 to
720 2497 64 33 the
804 2497 202 33 illustrious
1026 2498 123 34 House
1170 2498 43 34 of
1237 2499 215 35 Brunswick
1470 2515 11 30 ;
1508 2505 70 32 and

256 2544 81 33 that
356 2545 63 32 the
441 2545 99 33 llon.
556 2545 229 38 Gentleman,
809 2546 31 31 if
855 2545 41 33 he
917 2545 128 33 should
1059 2551 61 28 not
1140 2557 115 33 prove
1269 2546 52 35 his
1338 2549 106 41 facts,
1465 2551 115 43 might

254 2597 43 27 at
313 2593 91 33 least
416 2593 103 33 shew
539 2593 79 32 that
638 2593 44 32 he
702 2591 69 33 had
788 2602 97 24 some
900 2594 182 44 probable
1097 2594 157 44 grounds
1269 2595 56 33 for
1337 2596 56 34 his
1409 2598 167 33 conduct.

307 2640 60 33 Sir
396 2640 197 33 FRANCIS
626 2637 56 35 Iltt
693 2649 133 24 am:TT
849 2640 133 44 having
1007 2652 124 30 never,
1160 2641 122 34 either
1298 2644 35 33 in
1358 2644 80 33 that
1457 2646 124 33 lionse

255 2698 45 25 or
324 2687 222 35 elsewhere,
575 2687 125 33 talked
736 2687 43 32 of
793 2688 60 32 the
888 2688 112 34 Duke
1028 2689 41 32 of
1098 2689 106 33 York
1243 2691 89 33 with
1365 2692 214 44 disrespect,

259 2737 46 32 he
317 2735 72 33 had
407 2735 94 33 risen
515 2735 85 44 only
621 2740 35 28 to
676 2739 91 30 state
782 2735 59 32 the
859 2735 201 41 groundsof
1089 2735 56 34 his
1180 2737 131 45 having
1328 2739 175 35 seconded
1522 2740 57 33 the

256 2783 161 43 motion,
444 2783 61 33 for
521 2783 132 43 having
670 2781 161 43 brought
848 2783 120 34 which
989 2783 163 34 forward
1170 2784 46 34 he
1232 2785 154 46 thought
1403 2786 61 34 the
1481 2789 98 33 lion.

257 2832 169 33 Member
452 2830 156 34 entitled
634 2836 35 28 to
689 2831 60 32 the
767 2830 135 34 thanks
918 2830 46 34 of
987 2831 59 34 the
1064 2832 141 33 House.

305 2894 81 33 The
407 2893 301 34 CHANCELLOR
738 2891 44 34 of
806 2891 60 46 the
899 2893 278 41 I:New:wick
1205 2895 188 39 observed,
1424 2897 79 34 that
1522 2898 59 33 the

257 2941 129 35 llou3e
407 2950 76 26 was
501 2941 211 34 unanimous
729 2950 39 21 as
787 2947 37 27 to
839 2940 61 34 the
919 2943 194 43 propriety
1126 2943 45 32 of
1182 2953 22 22 a
1217 2944 133 33 serious
1363 2946 69 32 and
1450 2947 131 31 solemn

256 2991 150 44 inquiry
426 2991 79 32 into
521 2989 151 43 charges
689 2988 170 44 affecting-
891 2989 65 33 the
986 2991 191 32 character
1194 2991 41 32 of
1251 2991 51 33 his
1320 2993 119 43 Ito)al
1505 2992 57 44 igh-

255 3048 103 26 'less;
386 3037 67 34 and
493 3037 59 33 the
579 3038 113 32 doubt
724 3046 73 24 was
826 3035 91 35 with
937 3045 141 37 respect
1103 3045 35 25 to
1167 3038 61 33 the
1246 3050 144 24 manner
1409 3041 33 33 in
1465 3052 21 20 w
1500 3040 79 33 filch

254 3086 81 34 that
357 3086 149 43 inciniry
524 3085 130 34 should
672 3085 43 33 he
735 3085 125 33 taken.
891 3084 60 34 He
969 3084 105 34 could
1087 3091 96 28 state
1199 3097 94 32 upon
1311 3087 61 33 the
1389 3087 187 40 authority

253 3133 45 33 of
319 3133 65 34 the
407 3133 210 38 Illustrious
643 3133 136 33 Person
798 3132 159 40 himself,
976 3133 104 41 given
1098 3133 76 33 him
1191 3139 39 27 at
1248 3136 59 31 the
1338 3136 85 44 only
1442 3146 137 33 °ppm.-

255 3182 120 44 tuuity
398 3182 45 32 he
474 3181 71 34 had
565 3181 43 33 of
627 3180 204 45 consulting
855 3180 91 34 with
964 3180 72 34 him
1051 3191 97 33 upon
1169 3181 60 33 the
1256 3182 150 44 subject,
1426 3185 76 31 that
1522 3185 59 32 the

254 3235 94 28 most
367 3229 113 45 ready
500 3239 129 25 course
657 3228 44 34 of
720 3229 235 44 prosecuting
972 3228 60 35 the
1052 3230 143 44 inquiry
1220 3231 115 32 would
1355 3231 44 32 be
1414 3230 60 33 the
1493 3237 89 27 most

253 3278 200 43 agreeable
471 3283 38 28 to
526 3278 91 40 him,
640 3278 70 33 and
733 3276 80 34 that
831 3278 45 32 he
891 3278 221 44 deprecated
1129 3278 152 44 nothing
1302 3289 38 21 so
1369 3279 102 33 much
1499 3291 37 21 as
1560 3291 22 21 a

252 3337 130 25 course
402 3327 81 33 that
503 3325 124 34 would
646 3324 144 45 impede
810 3325 60 33 the
883 3325 85 33 final
989 3325 123 33 result.
1148 3325 96 34 That
1269 3326 206 34 Illustrious
1500 3327 66 33 l'er-

253 3384 136 34 -sonage
407 3374 157 39 wished,
583 3374 78 33 like
679 3384 71 30 any
767 3374 107 33 other
888 3371 161 47 subject,
1077 3380 35 26 to
1144 3374 45 33 be
1208 3383 66 35 put
1302 3374 164 43 publicly
1486 3385 96 33 upon

254 3423 58 33 his
330 3423 104 40 trial,
449 3420 70 35 and
539 3428 39 26 to
595 3420 105 34 stand
718 3422 190 45 acquitted
935 3432 44 22 or
1004 3420 188 34 convicted
1212 3432 93 32 upon
1325 3422 60 32 the
1404 3432 79 24 case
1505 3424 77 31 that

252 3480 90 35 may
357 3471 45 34 be
415 3469 106 37 made
536 3475 78 30 out.
669 3470 60 34 Be
742 3469 66 35 felt
824 3469 63 33 the
904 3470 280 33 inconvenience
1194 3470 44 33 of
1250 3480 24 22 a
1289 3470 289 44 Parliamentary

256 3517 157 46 inquiry
431 3530 12 30 ;
472 3519 64 32 but
556 3519 102 33 these
676 3517 298 35 inconveniences
991 3523 89 27 must
1095 3519 44 32 he
1152 3519 240 32 encountered
1408 3529 44 21 on
1468 3528 37 22 so
1518 3519 64 32 iu►-

252 3570 152 39 portant
420 3578 47 24 an
487 3566 183 37 occasion.
713 3567 135 35 Before
867 3565 44 33 he
930 3563 105 35 could
1054 3565 46 33 sit
1116 3565 125 40 down,
1261 3566 40 33 he
1320 3570 93 27 must
1430 3566 151 32 observe

252 3613 84 35 that
361 3614 61 33 the
445 3614 100 34 Hon.
570 3615 214 34 Gentleman
803 3613 70 34 had
900 3613 120 34 stated
1046 3614 60 32 the
1130 3613 185 34 existence
1339 3613 43 33 of
1409 3624 46 22 an
1480 3613 102 33 office

252 3661 129 34 where
399 3661 125 45 places
542 3663 34 34 in
591 3663 150 37 Church
757 3661 69 37 and
847 3661 104 34 State
970 3669 92 26 were
1080 3661 94 39 sold,
1191 3661 69 33 and
1277 3661 76 33 that
1372 3669 73 26 two
1467 3661 85 33 Mem-

250 3709 85 35 bers
352 3710 45 34 of
406 3710 308 37 Administration
732 3720 97 26 were
842 3709 137 46 openly
998 3709 74 33 said
1100 3715 39 27 to
1157 3710 46 31 he
1221 3709 190 33 connected
1434 3707 87 34 with
1538 3709 40 32 it.

252 3757 81 35 The
350 3759 103 34 lion.
482 3759 234 44 Gentleman,
729 3759 98 35 after
842 3758 86 34 such
943 3768 22 22 a
978 3762 206 35 statement,
1205 3767 72 24 was
1296 3755 136 38 bound.
1449 3756 69 33 and
1538 3756 44 33 he

252 3806 120 34 called
392 3817 100 34 upon
514 3807 74 34 him
608 3815 37 26 to
661 3808 158 35 mention
837 3807 59 33 the
913 3816 146 33 persons
1078 3806 33 32 in
1134 3806 305 32 Administration
1453 3803 77 34 said
1545 3809 37 28 to

252 3853 87 43 give
371 3855 102 34 their
504 3857 164 33 sanction
696 3863 38 28 to
763 3857 79 33 that
869 3854 115 34 office.
1041 3853 56 33 Ile
1126 3853 109 33 could
1263 3863 120 21 assure
1401 3852 59 33 the
1483 3852 97 39 Hon.

253 3902 113 33 Gent.
390 3904 71 33 and
481 3904 64 33 the
565 3904 142 39 house,
726 3904 80 35 that
826 3912 44 24 no
885 3912 86 24 care
989 3901 126 34 should
1135 3904 44 32 be
1199 3900 148 32 omitted
1367 3909 45 22 on
1431 3900 54 33 his
1501 3905 80 38 part

1648 299 178 35 Threadnt
1840 304 204 32 edle•street
2065 317 9 26 ;
2104 305 76 32 that
2212 305 59 31 the
2303 315 119 20 name,
2450 304 43 33 of
2518 304 61 32 the
2598 309 124 34 agents
2744 305 34 30 in
2810 304 25 30 it
2859 313 96 24 ucie
2978 335 6 7 .

1651 345 149 47 lla‘lop
1833 351 69 32 and
1924 348 149 40 Pollen,
2100 351 66 33 and
2194 351 79 33 that
2309 348 61 34 the
2391 360 143 34 person.;
2572 351 33 32 in
2644 348 308 33 Adminl,tration

1646 394 73 33 paid
1743 400 32 27 t‘i
1796 398 43 31 h~
1869 398 189 32 connected
2132 398 48 32 ith
2200 398 94 32 thorn
2319 407 92 22 were
2441 398 60 32 the
2525 397 93 33 Lord
2634 397 223 33 Chancellor
2882 397 71 32 and

1648 439 61 34 the
1739 441 106 37 Duke
1864 442 43 35 of
1933 444 189 40 Portland,
2151 448 9 34 (
2252 451 216 34 outrageous
2494 444 188 41 absurdity
2711 443 47 43 of
2774 444 58 30 the
2848 444 109 33 latter

1646 493 84 37 part
1747 490 44 45 of
1799 491 71 33 this
1884 494 185 31 statement
2087 491 122 33 caused
2219 493 57 32 the
2296 491 123 33 House
2435 493 34 32 to
2480 491 40 33 be
2530 489 281 34 convul‘cd•acith

1648 537 53 28 ter
1711 535 26 38 ).

1694 582 78 34 The
1786 583 162 45 question
1963 585 80 34 that
2060 594 22 24 a
2094 586 217 35 Committee
2330 583 46 35 be
2392 583 222 46 appointed,
2636 593 71 25 was
2721 583 86 34 then
2820 583 135 45 agreed

1649 637 34 25 t,
1704 640 85 24 nem.
1805 643 78 22 con.

1694 676 56 35 On
1765 679 60 32 the
1845 679 131 33 motion
1993 679 78 34 that
2091 679 27 33 it
2137 680 41 32 he
2191 691 19 21 a
2225 679 219 34 Committee
2456 679 40 32 of
2507 678 63 34 the
2585 679 119 33 whole
2718 679 142 41 Howe,

1696 723 91 34 Lord
1813 725 215 35 Fot.KsroN
2080 728 159 43 oppft:ed
2259 728 41 35 it,
2329 737 44 21 on
2394 726 57 32 the
2477 726 141 43 grottnd
2636 725 44 33 of
2701 726 60 32 the
2778 732 102 37 great
2901 726 35 32 in-

1646 772 236 33 convenience
1902 775 78 31 that
2009 774 43 32 he
2070 774 67 33 hail
2160 774 145 32 himself
2322 774 184 32 witnes•cd
2524 772 94 33 from
2640 772 60 33 the
2721 774 231 43 pro•;eention

1648 817 41 31 of
1706 819 170 44 inquiries
1894 821 31 33 in
1942 821 77 32 that
2039 831 157 28 manner,
2220 820 69 34 and
2308 819 193 33 submitted
2523 821 28 32 it
2571 824 37 27 to
2634 820 58 33 the
2718 821 112 40 light
2854 823 96 31 Hon.

1649 863 207 37 Ceatleinan
1876 868 74 32 that
1967 878 69 22 any
2057 869 102 31 mode
2180 879 70 22 was
2270 869 118 32 better
2399 868 84 31 than
2499 867 78 32 that
2593 867 181 43 propived
2798 870 45 40 by
2867 869 84 33 hitt,.

1694 912 72 33 Mr.
1788 917 184 41 Secretary
1991 917 57 32 CA
2061 925 19 22 N
2094 925 20 24 N
2178 925 22 24 G
2217 914 195 34 contended
2431 915 74 31 that
2520 914 60 32 the
2598 914 61 43 Inq
2665 915 77 41 uiry
2763 917 20 32 ,
2783 917 106 32 hould
2908 917 44 32 he

1649 959 44 41 by
1709 970 21 22 a
1743 961 210 33 Committee
1972 961 43 33 of
2028 963 59 32 the
2105 961 116 33 whole
2237 963 141 37 House,
2395 960 118 33 which
2536 961 122 32 would
2673 961 96 32 unite
2781 961 132 44 .ti-pals
2931 963 19 32 h

1651 1006 84 32 with
1757 1007 195 45 publicity,
1977 1009 69 32 and
2072 1009 77 34 that
2172 1009 83 33 such
2272 1019 21 21 a
2315 1007 200 46 proceeding
2515 1007 20 46 -
2554 1007 104 33 alone
2679 1019 24 21 w
2779 1009 116 32 sJited
2917 1020 34 20 in

1648 1054 59 32 the
1727 1054 217 45 importance
1964 1056 41 32 of
2028 1056 60 32 the
2104 1055 149 44 subject,
2280 1056 63 33 the
2361 1054 87 33 rank
2465 1054 41 32 of
2520 1057 63 28 the
2606 1059 123 38 party,
2757 1067 43 20 ur
2818 1057 59 32 the
2898 1069 38 19 so-

1646 1100 144 45 lemnity
1811 1103 44 32 of
1873 1102 80 34 such
1971 1114 44 22 an
2031 1104 267 41 investigation.
2353 1102 58 33 lie
2426 1101 123 33 united
2572 1101 33 32 in
2622 1102 124 43 giving
2764 1102 132 33 thanks
2914 1110 38 26 to

1641 1149 65 35 ,the
1731 1149 92 33 lion.
1841 1150 208 33 Gentleman
2087 1150 81 33 who
2202 1150 66 33 had
2290 1149 154 41 brought
2476 1148 74 31 this
2580 1150 164 40 question
2761 1149 58 32 for
2828 1162 21 19 w
2941 1163 11 26 ;

1644 1195 63 33 but
1728 1196 162 33 whether
1916 1196 59 34 the
2003 1198 148 43 charges
2181 1196 128 33 should
2339 1198 45 32 he
2411 1196 139 41 proved
2576 1205 47 21 or
2652 1201 78 33 not,
2760 1196 43 32 he
2828 1208 69 21 w:is
2913 1196 45 34 of

1644 1244 146 43 opinion
1843 1245 78 37 that
1962 1243 136 45 infamy
2143 1250 85 26 must
2275 1250 71 28 rest
2391 1251 124 24 somew
2529 1243 100 32 here.
2707 1243 47 33 L%
2766 1253 40 21 er
2872 1254 79 22 inau

1645 1297 87 26 must
1765 1293 41 31 he
1835 1291 150 34 sensible
2011 1292 41 32 of
2076 1291 59 33 the
2169 1291 270 39 cowardliness,
2481 1287 63 34 the
2572 1291 177 39 baseness,
2789 1290 67 34 and
2893 1294 59 31 the

1645 1338 256 33 wretchodness
1928 1338 39 33 of
1990 1338 61 32 the
2076 1339 191 33 caluouiies
2296 1336 122 34 which
2451 1335 69 34 had
2551 1336 91 33 been
2676 1336 130 34 vented
2841 1339 32 32 in
2894 1338 59 34 ibe

1644 1385 242 41 publications
1902 1385 41 32 of
1967 1385 58 32 the
2044 1385 87 39 day,
2156 1374 126 53 during
2302 1384 61 33 the
2383 1384 65 32 last
2467 1385 57 30 six
2544 1383 156 40 months,
2726 1385 141 41 against
2888 1384 60 34 the

1646 1431 106 34 Duke
1766 1431 44 33 of
1834 1431 120 41 York.
2011 1422 107 44 Itauk
2140 1442 73 22 was
2243 1431 79 32 like
2350 1440 79 28 sex,
2456 1430 70 33 and
2543 1430 105 33 those
2668 1431 34 32 in
2717 1431 61 32 the
2810 1431 142 43 highest

1642 1480 145 41 station,
1805 1481 80 32 like
1902 1489 151 31 women,
2070 1479 129 34 should
2215 1486 60 26 not
2295 1481 44 32 be
2355 1478 170 33 attacked
2543 1478 89 32 with
2644 1478 84 33 :inch
2740 1478 213 37 slanderous

1642 1527 91 38 mate
1740 1528 156 33 volence.
2401 1566 7 1 _
2446 1566 8 1 _

1688 1574 77 33 The
1780 1574 163 45 question
1962 1584 73 24 was
2052 1574 85 33 then
2156 1578 61 40 put
2231 1572 69 34 and
2315 1571 156 37 carried.

1687 1620 77 33 The
1779 1624 299 32 CHANCELLOR
2101 1622 41 32 of
2160 1623 57 31 the
2238 1622 273 38 EXcHEQUER
2541 1620 182 43 proposed
2743 1619 83 34 that
2845 1619 81 34 Wed-

1639 1669 128 44 nesday
1787 1675 87 28 next
1890 1668 128 34 shuuld
2037 1670 45 33 be
2098 1667 200 46 appointed
2315 1667 60 33 for
2392 1668 61 31 the
2470 1667 250 33 examination
2739 1668 44 32 of
2799 1669 35 32 W

1638 1726 52 22 ses
1706 1717 46 41 by
1767 1717 60 32 the
1848 1716 233 40 Committee,
2102 1714 116 35 which
2238 1724 74 24 was
2326 1711 131 46 agreed
2476 1720 52 27 to.

1830 1772 96 25 LOSS
1946 1772 239 25 SUSTAINED
2207 1765 56 32 BY
2287 1770 90 26 OUR.
2400 1768 123 25 ARMY
2546 1769 46 24 IN
2615 1769 146 26 SPAIN.

1689 1822 69 35 Mr.
1783 1824 237 35 PONSONIir
2041 1822 136 35 wished
2194 1822 60 34 the
2276 1822 124 34 Noble
2422 1822 91 32 Lord
2529 1824 188 44 opposite,
2748 1830 37 27 to
2823 1822 128 34 inform

1642 1872 86 40 him,
1749 1872 162 34 whether
1929 1873 28 32 it
1975 1881 76 25 was
2070 1872 53 33 his
2143 1870 174 34 intention
2336 1876 35 27 to
2389 1869 59 45 lay
2469 1869 130 34 befor:
2619 1870 58 33 the
2695 1870 125 34 House
2850 1883 20 21 a
2898 1881 54 22 re•

1642 1925 77 28 turn
1734 1920 40 33 of
1785 1920 59 33 the
1858 1920 69 33 loss
1941 1918 182 35 sustained
2139 1918 43 43 by
2206 1917 58 33 the
2301 1916 139 34 British
2459 1928 104 33 ar►ny
2594 1917 35 33 in
2660 1918 126 44 Spain,
2824 1919 130 41 during

1641 1968 61 33 the
1719 1967 72 33 late
1808 1967 214 45 expedition
2042 1972 38 26 to
2100 1967 77 32 that
2194 1970 170 37 country.

1688 2014 92 33 Lord
1796 2016 321 32 CASTLERF:AGu
2137 2011 78 34 said
2238 2010 106 34 there
2359 2009 106 35 could
2484 2011 44 31 he
2543 2022 45 21 no
2607 2011 188 45 objection
2816 2019 35 26 to
2871 2013 63 44 lay-

1641 2060 58 44 ing
1716 2062 57 33 the
1793 2068 120 27 return
1930 2061 124 34 before
2073 2060 63 33 the
2153 2059 139 39 House,
2319 2057 63 33 but
2400 2066 39 24 as
2456 2057 25 32 it
2502 2057 71 33 had
2593 2065 59 26 not
2675 2066 56 27 vet
2748 2061 90 31 been
2859 2059 92 45 folly

1641 2109 102 33 made
1759 2113 38 30 to
1830 2109 256 39 Government,
2113 2107 43 33 he
2189 2105 106 35 could
2320 2111 63 27 not
2411 2105 164 44 pissibly
2606 2106 221 34 condescend
2858 2117 96 34 upon

1637 2166 72 33 any
1727 2156 203 44 particular
1944 2156 87 43 day.

1687 2204 154 33 General
1861 2206 112 30 STI:W
1984 2212 21 24 A
2017 2212 51 24 ItT
2099 2211 78 25 rose
2194 2206 38 28 to
2258 2199 47 34 do
2326 2207 111 28 away
2456 2209 43 24 an
2535 2198 215 44 impression
2769 2200 46 32 of
2822 2209 22 25 a
2865 2210 89 34 very

1641 2251 210 44 unpleasant
1866 2255 141 34 nature,
2036 2249 119 35 which
2176 2246 66 35 had
2261 2248 92 32 been
2370 2246 103 33 made
2489 2257 44 21 on
2554 2250 59 30 the
2635 2248 138 43 public.
2833 2249 30 32 It
2882 2246 70 34 had

1641 2298 86 33 been
1754 2298 132 39 stated,
1913 2297 67 33 and
2002 2307 74 24 was
2106 2306 80 34 very
2209 2293 188 45 generally
2419 2293 184 39 believed,
2631 2295 78 32 that
2728 2304 69 22 our
2815 2296 71 31 loss
2917 2295 35 32 in

1641 2344 111 44 Spain
1792 2344 191 33 amounted
2011 2350 37 27 to
2081 2343 100 43 eight
2207 2350 40 24 or
2281 2341 83 32 nine
2401 2340 174 32 thousand
2611 2350 90 21 men.
2756 2341 60 33 lie
2846 2341 109 33 could

1641 2393 85 32 take
1739 2401 103 34 upon
1872 2391 146 33 himself
2031 2395 39 27 to
2093 2398 107 32 state,
2225 2388 81 33 that
2343 2387 27 33 it
2405 2387 63 34 did
2496 2393 66 27 not
2594 2386 138 35 exceed
2766 2388 85 33 half
2875 2389 84 34 that

1641 2439 159 34 number.

1689 2486 71 34 Mr.
1781 2486 58 33 Po
1848 2494 20 24 N
1881 2494 72 24 SON
1964 2493 54 26 UV
2036 2483 130 40 asked,
2185 2481 34 34 if
2231 2481 43 33 lie
2285 2480 148 34 alluded
2452 2481 84 43 only
2558 2486 38 27 to
2611 2479 59 34 the
2687 2481 71 33 loss
2770 2481 183 35 sustained

1642 2533 34 33 in
1704 2533 57 34 the
1776 2541 148 32 retreat,
1942 2533 67 31 and
2027 2538 43 26 at,
2083 2531 176 33 Comma.

1689 2581 152 33 General
1865 2581 47 31 St
1954 2588 27 24 W
1993 2590 20 21 A
2204 2577 142 43 During
2370 2574 61 35 the
2453 2585 27 22 w
2490 2575 83 33 hole
2593 2576 143 43 eampai
2861 2569 93 41 from

1641 2628 63 34 the
1735 2627 72 32 first
1827 2635 151 24 moment
2000 2628 60 30 the
2083 2624 137 34 British
2239 2634 102 33 army
2369 2622 143 33 entered
2542 2622 115 44 Spain
2676 2623 53 32 till
2753 2624 99 32 their
2869 2624 85 33 final

1641 2675 254 33 embarkati.m
1912 2680 38 26 at
2251 2670 104 34 Loesd
2380 2670 69 32 and
2467 2669 168 43 repeatcd
2652 2670 159 43 cheers.)

1691 2720 209 47 Adjourned
1916 2727 38 27 at
1970 2719 81 34 half
2067 2727 80 37 past
2166 2719 98 43 eight
2285 2717 57 33 rill
2365 2717 207 45 Thurs.day.

2117 2867 371 40 PROVICIALs.

1693 3000 129 33 CREW
1840 3007 53 24 OF
1907 3004 85 27 TUB
2011 2996 78 34 STA
2100 2993 298 37 ND.III.D.—The
2422 2992 191 45 following
2644 2991 30 34 is
2691 3002 45 22 an
2753 2996 146 31 extract
2917 2992 45 35 of

1642 3058 24 21 a
1684 3047 109 32 letter
1812 3045 96 33 front
1928 3044 182 33 Chatham
2130 3054 58 20 :

1744 3102 148 34 Several
1907 3100 85 33 false
2013 3106 148 37 reports
2177 3098 106 43 being
2301 3098 35 32 in
2356 3094 235 39 circulation,
2619 3099 208 41 respecting,
2841 3107 22 24 a
2880 3098 77 33 tate

1644 3151 84 32 visit
1743 3148 41 35 of
1800 3150 60 33 the
1878 3158 94 22 crew
2008 3146 43 34 of
2065 3149 60 32 the
2145 3146 176 33 Standard
2346 3151 38 26 to
2407 3144 164 41 Loudon,
2606 3146 70 31 and
2711 3145 99 33 their
2826 3146 106 44 appli-

1645 3198 120 33 cation
1783 3202 38 28 to
1838 3197 59 32 the
1920 3195 106 34 Lords
2054 3196 43 31 of
2109 3194 59 32 the
2189 3193 229 43 Admiralty.
2443 3193 15 32 I
2478 3190 84 34 send
2583 3201 74 34 you
2676 3194 59 31 the
2764 3193 194 44 following

1642 3250 168 33 account,
1830 3244 63 33 the
1906 3250 220 27 correctness
2141 3239 40 35 of
2196 3240 120 33 which
2336 3250 73 32 you
2424 3249 83 33 may
2525 3237 143 45 depend
2689 3249 99 34 upon
2806 3252 60 19 :

1830 3298 174 34 Stanthird
2019 3298 69 32 and
2107 3295 207 34 Thonderer
2333 3294 149 33 arrived
2502 3293 86 34 here
2606 3299 164 37 together
2781 3294 92 34 from
2896 3295 61 34 the

1646 3352 311 34 Mediterranean;
1987 3347 60 31 the
2082 3343 198 37 Thunder's
2311 3352 98 24 crew
2441 3350 92 25 were
2567 3343 89 44 paid
2685 3343 61 39 off,
2781 3344 70 34 ix•ci

1642 3400 137 40 liberty
1799 3396 57 33 for
1873 3394 159 33 fourteen
2052 3394 86 40 days
2154 3404 8 26 ;
2191 3393 58 30 the
2280 3387 211 34 Standard's
2507 3399 98 22 crew
2637 3390 213 39 concei.iii4
2871 3391 86 43 they

1645 3446 69 35 had
1728 3433 137 52 aright
1891 3449 35 25 to
1945 3442 57 32 the
2035 3450 97 22 same
2164 3438 226 41 indulgence,
2415 3436 86 33 both
2528 3436 105 44 ships
2654 3437 133 43 having
2805 3441 89 30 been
2911 3448 44 22 on

1644 3496 58 31 the
1720 3503 94 22 same
1831 3490 146 38 station,
2000 3485 198 46 petitioned
2218 3485 59 32 the
2309 3483 113 33 Lords
2440 3483 41 32 of
2503 3482 63 33 the
2598 3484 207 44 Admiralty
2822 3493 38 24 to
2878 3485 79 33 that

1642 3543 120 38 effect,
1779 3537 69 34 and
1867 3537 92 33 their
1975 3533 231 46 application
2220 3541 70 24 was
2307 3530 164 44 granted.
2523 3530 165 43 Thinkin
2688 3530 25 43 g
2730 3531 94 32 their
2846 3531 83 33 Com-

1644 3591 142 32 mander
1808 3595 72 25 was
1899 3583 100 45 tardy
2019 3583 34 32 in
2072 3579 185 45 complying
2257 3579 21 45 -
2298 3578 92 33 with
2409 3578 59 32 the
2500 3578 111 32 order
2641 3578 41 32 of
2696 3579 59 32 the
2780 3579 111 32 Lords
2919 3578 44 34 of

1644 3638 59 32 the
1736 3633 222 41 Admiralty,
1993 3630 104 33 when
2128 3628 112 33 called
2270 3637 112 33 upon,
2417 3635 45 21 on
2496 3624 230 45 Wednesday
2759 3624 197 43 se'imight,

1642 3692 38 28 to
1701 3683 96 34 wash
1815 3680 111 34 decks
1942 3679 66 32 and
2027 3677 104 33 scrub
2151 3674 57 33 the
2226 3674 99 44 ship,
2363 3674 83 43 they
2476 3673 158 39 retnsed,
2649 3674 67 32 and
2739 3680 92 26 went
2850 3673 56 34 aft
2922 3674 35 32 ia

1641 3743 24 24 a
1682 3732 94 43 body
1796 3737 35 25 to
1861 3729 60 32 the
1937 3722 259 50 quarter-deck
2220 3733 11 26 ;
2255 3722 87 41 they
2374 3720 185 44 requested
2576 3725 38 26 to
2633 3720 106 33 know
2794 3720 44 43 by
2862 3720 96 33 their

2493 3767 129 32 should
1643 3782 104 32 leave
1766 3787 72 25 was
1857 3776 90 43 kept
1980 3772 113 39 hack,
2127 3771 67 32 told
2217 3769 187 32 entreated
2435 3769 25 25 it
2644 3769 41 28 he
2708 3768 249 43 .oiroediately

1642 3826 162 45 granted.
1860 3824 79 33 The
1959 3822 94 32 First
2082 3821 203 31 Lieutenant
2307 3816 76 32 told
2401 3814 94 33 them
2533 3815 26 32 it
2597 3824 48 22 wa
2646 3824 25 22 ,
2691 3822 34 24 P.
2744 3814 5 57 •
2767 3815 47 34 c:f
2826 3817 98 40 wail)
2941 3824 19 25 a

1646 3876 92 33 wish
1757 3873 104 44 (who
1879 3882 71 21 was
1967 3870 126 33 absent
2111 3878 44 20 on
2172 3866 135 40 leu%e),
2327 3865 80 31 that
2432 3862 83 43 only
2535 3872 24 24 a
2580 3866 119 30 natc;.
2722 3867 85 28 soon
2818 3862 32 32 id
2869 3863 19 32 ;
2888 3863 19 32 N
2907 3863 20 32 o
2939 3873 22 25 c

1644 3926 38 33 lil
1969 3918 69 32 and
2057 3927 45 21 on
2122 3914 92 32 their
2228 3919 135 31 return,
2382 3909 59 33 the
2460 3909 104 33 other
2582 3917 74 26 watt
2656 3917 19 26 -
2720 3911 129 32 ihould
2868 3909 93 33 hol.e

3344 2176 57 191 t,l
3344 2176 1 191 '

3372 2865 28 107 I

17 3904 47 178 11
64 3904 25 178 7
253 3904 113 32 (ient.
390 3904 71 33 and
481 3904 64 33 the
565 3904 142 41 Ilouse,
726 3904 80 35 that
826 3912 44 24 no
885 3912 86 24 rare
989 3904 126 32 should
1135 3904 44 32 be
1199 3904 148 28 omitted
1367 3909 45 22 on
1431 3904 54 30 his
1501 3905 80 38 part
1967 3904 45 1 '''
2019 3904 32 1 '--

253 3953 38 30 to
311 3951 146 45 inquire
485 3951 80 35 into
583 3951 64 35 the
676 3953 92 41 fact,
787 3961 65 26 nor
868 3960 72 25 anv
960 3950 177 34 diliwence
1159 3948 156 45 wanting
1332 3954 38 27 to
1400 3948 107 43 bring
1524 3952 35 27 th
1564 3957 20 22 e
1604 3938 4 58 I

1029 3974 19 19 r.
2280 3904 8 2 ,
2494 3904 13 19 i

1644 3926 135 41 liberty
1798 3927 40 28 at
1852 3931 102 25 once,
1969 3927 43 22 an
2016 3918 21 32 d
2057 3927 45 21 on
2122 3914 92 32 their
2228 3919 135 31 return,
2382 3909 59 33 the
2460 3915 104 27 miler
2582 3917 118 26 wale...
2720 3911 129 32 shoulit
2868 3909 93 33 hul.e

253 3997 248 47 delinquents,
530 4000 34 33 if
583 4011 73 34 any
693 4002 104 33 there
823 3998 130 35 should
992 3999 58 38 be,
1085 4004 35 27 to
1148 3994 154 46 justice.
1359 3994 52 34 As
1447 4000 37 28 to
1521 3994 61 34 the
1605 3956 5 97 I
1645 3973 63 35 the
1726 3981 97 22 some
1843 3969 20 39 i
1863 3969 80 39 ndul
1943 3969 20 39 g
1963 3969 80 39 ence
2043 3969 20 39 '
2117 3961 25 43 T
2141 3961 52 43 he
2193 3961 26 43 y
2239 3957 98 45 "'Pli
2337 3957 40 45 ed
2412 3957 33 34 in
2471 3956 52 97 011
2539 3956 18 97 e
2574 3956 85 97 "'Ace
2659 3956 18 97 ,
2705 3960 27 14 •`
2753 3956 74 40 No,
2848 3958 50 32 ail
2919 3956 117 97 or
3211 3956 58 97 .
3328 3956 58 97 .

249 4046 142 34 motion
410 4046 416 43 undeeconsideration,
847 4048 105 33 when
981 4045 59 33 the
1067 4045 168 44 question
1256 4044 53 34 for
1328 4043 145 46 inquiry
1495 4043 48 34 by
1561 4054 24 21 a
1828 4018 58 32 On
1912 4011 163 44 Thursday
2075 4011 20 44 -
2095 4011 21 44 ,
2137 4009 58 33 the
2216 4006 118 34 whole
2365 4003 45 35 of
2430 4004 59 33 th,.
2517 4013 96 24 crew
2635 4013 94 24 %vete
2739 4005 150 41 granted
2919 4004 45 35 14

2585 4101 92 32 with
2705 4110 21 21 a
2759 4098 105 33 drum
2891 4098 69 35 and

252 4091 221 39 Committee
507 4096 132 35 should
677 4098 45 33 be
749 4095 171 46 disposed
956 4093 46 35 of

1645 4067 100 46 days'
1762 4067 152 41 liberty,
1928 4063 61 33 but
2006 4070 93 22 were
2109 4065 54 26 not
2183 4054 80 46 paid
2280 4054 64 33 oil.
2366 4055 56 32 On
2434 4052 93 33 their
2539 4052 139 44 gettiug,
2695 4062 46 32 on
2752 4051 65 33 sho
2817 4051 22 33 r
2839 4051 22 33 e
2875 4059 6 24 I
2893 4054 71 44 key

1042 4094 41 33 he
1124 4093 131 33 should
1285 4101 103 25 mave
1419 4091 80 34 that
1526 4093 59 32 the

1002 4115 782 35 )formed
1804 4115 78 32 into
1899 4123 21 21 a
1938 4109 107 38 both',
2067 4107 67 32 and
2156 4101 165 35 marched
2340 4098 58 35 for
2422 4100 143 32 laond.iti

19 4022 32 141 t•

248 4141 221 37 Committee
485 4144 46 34 be
548 4155 22 24 a
592 4146 224 34 Committee
844 4143 44 34 of
911 4142 64 35 the
997 4140 122 37 whole
1139 4141 143 34 liout;e.

1624 4143 6 78 i
1651 4163 71 41 life,
1741 4163 69 34 and
1838 4160 106 37 union
1964 4156 90 45 jack
2076 4152 44 45 ti
2120 4152 21 45 .
2141 4152 197 45 ing—loany
2359 4147 44 34 of
2417 4148 57 31 the
2494 4156 91 34 poor
2602 4146 142 34 fellows
2761 4147 158 33 without
2937 4157 25 24 a
2976 4143 5 78 •

300 4202 74 37 Mr.
399 4204 73 35 WA
485 4214 20 25 n
519 4214 115 26 DELL
654 4206 118 45 (amid
772 4209 33 32 •3t
837 4217 20 22 a
876 4206 71 33 call
971 4202 46 46 of
1029 4215 116 26 natne,
1167 4213 103 24 name
1284 4201 15 35 I
1318 4205 109 39 stale,
1444 4199 142 44 state!)
1628 4168 5 87 i
3263 4168 45 41 1,

1649 4211 163 44 farthing
1830 4209 34 33 in
1884 4206 93 34 their
2015 4204 165 44 pockets.
2232 4198 54 33 On
2308 4196 96 33 their

2418 4196 150 38 .iirriyat
2595 4202 39 27 at
2661 4194 59 32 the
2752 4194 213 47 Admiralty
2979 4194 5 47 •

26 4215 13 133 1
39 4215 13 133 1
52 4215 13 133 )
255 4256 84 31 rose
359 4258 35 30 to
411 4257 97 34 state
526 4254 84 37 that
632 4256 63 34 the
724 4253 102 39 office
854 4252 45 35 he
914 4252 152 38 alluded
1084 4258 40 30 to
1147 4261 74 27 tvas•
1221 4215 2 133 •
1243 4250 83 37 held
1341 4251 34 37 in
1393 4261 24 26 a
1434 4256 105 31 court
1554 4260 19 25 o
1579 4248 15 37 f
1650 4261 87 46 they
1755 4263 74 32 seat
1848 4256 94 37 their
1954 4257 104 44 petty
2078 4248 131 38 ulcers
2220 4243 180 46 forward,
2420 4241 87 39 with
2523 4252 22 28 a
2565 4243 159 46 petition
2747 4243 138 45 statilig
2906 4243 61 35 the
3263 4272 20 15 ~
3335 4256 6 6 •

270 154 162 51 JAN.
476 154 81 50 09.

3247 3266 17 44 1,
3263 3266 8 44 ,

3237 3581 53 35 i'

3246 3694 6 26 t

2893 171 59 47 71

3242 487 15 19 is

3270 102 39 31 ,~~!
