3431 4429
1067 132 144 52 THE
1251 131 377 56 NATIONAL
1663 131 379 59 RFGISTER.

178 261 112 40 these
331 262 157 46 heroes,
517 262 93 39 who
643 276 44 25 so
724 262 139 44 fondly
865 261 1 59 ,
902 261 190 54 indulged
1131 261 237 43 themselves
1400 262 37 37 in
1457 261 69 38 the

176 327 129 56 hopes
326 328 51 39 of
392 327 204 56 reflecting
618 344 85 25 new
720 330 125 44 lustre
867 344 52 26 on
950 328 109 41 their
1077 334 164 46 country
1256 357 9 13 ,
1296 327 77 39 and
1393 327 104 39 them-

178 397 143 46 selves,
351 410 102 27 were
472 396 183 57 dragged
677 398 234 53 reluctantly
952 403 43 34 to
1026 397 103 46 their
1162 410 89 26 own
1274 396 149 46 shores,
1457 394 44 38 be-

180 463 91 46 fore
291 464 71 41 the
393 464 130 47 battle
559 464 51 43 of
637 464 120 54 Spain
791 480 78 25 was
900 464 93 40 half
1020 478 112 32 over.

235 575 87 39 The
346 575 319 53 Parliamentary
686 576 182 39 business
896 576 48 39 of
974 575 80 39 this
1088 575 110 41 week
1237 573 226 52 comprised
1496 585 25 26 a

183 630 158 56 variety
365 628 47 39 of
422 630 170 50 objects,
615 631 125 37 which
764 632 102 35 have
893 632 98 38 been
1012 628 157 51 already
1202 628 69 38 the
1290 627 155 50 subject
1476 625 48 38 of

185 683 122 41 much
343 681 219 46 discussion
600 683 76 44 and
709 684 321 40 animadversion
1068 687 72 35 out
1183 681 48 37 of
1261 680 67 38 the
1367 683 150 39 House.

187 735 87 39 The
295 737 139 44 Cintra
454 736 268 47 convention,
752 737 69 39 the
842 737 169 39 conduct
1028 735 50 43 of
1095 736 56 37 his
1182 735 239 43 MAJzsTy's
1444 731 50 39 Mi-

185 790 142 41 nisters
361 788 163 39 relative
565 794 44 33 to
640 790 119 48 Splin
798 790 73 38 and
915 787 209 51 Portugal,
1157 787 84 39 'the
1291 785 144 38 Orders
1478 784 38 38 in

188 841 187 43 Council,
405 842 74 38 and
515 842 69 37 the
619 843 350 51 Correspondence
1007 837 178 41 between
1221 852 78 25 our
1338 841 152 34 Govern-

185 899 113 34 ment
338 894 78 39 and
467 895 154 39 France
660 894 77 40 and
788 895 156 43 Russia,
992 907 106 26 were
1134 891 176 41 referred
1352 895 40 34 to
1441 892 74 35 and

188 947 216 40 canvassed
485 947 72 38 but
593 960 41 24 as
669 948 113 39 these
823 953 164 38 matters
1023 960 69 32 are
1143 952 41 32 to
1233 957 117 26 come
1393 944 124 41 under

185 989 138 50 Future
369 999 234 47 discussion,
641 1012 59 26 we
737 999 79 40 will
861 1000 124 44 defer,
1025 999 99 46 until
1163 999 91 38 that
1289 997 111 46 time,
1437 1010 77 38 any

189 1054 281 38 observations
504 1065 53 25 on
593 1051 128 39 them.
777 1054 85 38 The
894 1052 133 50 object
1065 1051 47 38 of
1146 1056 105 34 most
1286 1049 230 39 immediate

188 1106 165 38 interest
393 1110 41 32 to
475 1104 67 39 the
574 1106 135 50 public
748 1119 78 26 was
863 1106 65 38 the
973 1104 154 39 motion
1175 1103 119 39 made
1326 1102 44 52 by
1370 1102 22 52 -
1413 1102 103 38 Lord

189 1159 30 45 (.
219 1159 15 45 7
234 1159 276 45 .x5Ti.4:111.-.Aen,
556 1156 65 40 for
660 1170 50 26 an
749 1159 230 38 immediate
1016 1156 309 53 augmentation
1361 1155 48 39 of
1450 1155 66 38 the

189 1224 130 39 army.
392 1211 93 37 This
519 1224 178 26 measure
730 1217 149 35 cannot
909 1209 71 39 fail
1018 1217 44 31 to
1104 1215 106 34 meet
1248 1209 67 39 the
1348 1221 144 26 concur-

190 1276 119 26 rence
341 1261 46 38 of
411 1276 120 39 every
567 1277 89 25 man
673 1264 89 38 who
803 1266 28 35 is
866 1266 35 35 in
935 1264 69 38 the
1031 1263 113 39 habit
1163 1263 50 38 of
1238 1260 207 52 reflecting
1465 1273 51 26 On

187 1317 70 38 the
274 1313 123 41 awful
428 1329 257 27 occurrences
720 1316 48 39 of
798 1331 77 24 our
901 1317 113 39 time.
1074 1317 84 38 The
1186 1313 198 58 proposed
1415 1326 76 38 aug-

188 1370 226 41 mentation
433 1368 31 38 is
483 1372 41 33 to
548 1370 145 37 consist
713 1369 50 40 of
778 1374 146 33 25.000
946 1367 236 41 Volunteers
1202 1368 110 39 from
1349 1367 69 39 the
1443 1368 48 37 Mi-

187 1420 103 44 litia.
350 1421 40 39 if
403 1433 57 26 we
481 1420 77 43 fml
572 1434 76 39 any
671 1422 234 40 inclination
937 1427 45 37 to
1016 1421 154 53 qualify
1209 1434 77 27 our
1316 1420 175 51 approba-

188 1475 100 43 tion,
320 1474 28 37 it
380 1475 30 37 is
441 1487 50 24 on
516 1475 67 40 the
615 1475 159 48 ground
809 1478 87 37 that
926 1475 69 39 the
1024 1475 169 39 number
1227 1475 31 39 is
1287 1473 150 45 limited
1473 1478 43 32 to

185 1532 161 40 29,000.
429 1527 70 37 We
547 1540 69 24 are
660 1540 116 39 sorry
827 1527 47 39 lie
924 1527 189 53 specified
1161 1540 78 39 any
1299 1526 216 52 particular

184 1581 189 41 number,
413 1579 70 38 but
522 1579 78 40 had
638 1579 170 39 allowed
847 1579 65 39 the
950 1580 130 38 whole
1119 1579 123 45 body,
1289 1579 35 38 if
1352 1578 162 50 willing,

184 1638 41 32 to
265 1632 255 47 incorporate
550 1631 243 40 themselves
827 1633 92 39 with
952 1633 71 38 the
1057 1632 158 48 reE,-ulac
1245 1644 128 39 army.
1430 1631 86 39 The

182 1687 304 50 extraordinary
509 1697 239 39 emergency
768 1687 48 37 of
827 1685 66 39 the
907 1687 117 38 limes
1043 1684 283 51 woulajustify
1348 1684 77 38 this
1444 1697 47 25 un-

180 1749 191 26 common
393 1749 204 32 measure;
630 1739 74 38 and
726 1752 43 24 as
789 1740 67 35 the
883 1753 176 37 expellee
1078 1744 43 32 to
1142 1739 67 38 the
1231 1736 136 52 public
1400 1736 32 38 is
1448 1737 67 38 the

185 1804 122 31 same,
343 1789 125 38 whilst
489 1789 71 38 the
582 1791 242 52 superiority
847 1792 48 39 of
918 1792 162 52 regular
1098 1798 139 44 troops
1270 1789 31 43 is
1329 1788 162 40 au:know-

181 1841 157 52 lculwyd,
370 1854 57 26 we
446 1854 63 25 see
530 1854 53 25 no
605 1856 138 25 reason
765 1845 91 45 why
886 1843 56 39 We
961 1841 143 41 should
1126 1850 71 33 not
1219 1844 159 38 deviate
1407 1841 105 38 from

182 1896 70 37 the
273 1896 187 39 cautious
478 1894 115 51 spirit
609 1896 48 38 of
681 1910 77 25 our
774 1903 216 39 ancestors,
1012 1898 74 38 and
1108 1903 167 32 convert
1291 1910 74 25 our
1385 1894 129 40 whole

181 1948 180 52 Tnilitary
384 1948 106 38 force
509 1952 85 33 into
614 1962 24 25 a
654 1949 163 52 regular
850 1964 125 24 army.
1039 1949 240 41 Considered
1303 1963 41 25 as
1378 1961 24 24 a
1423 1962 67 26 nur-

177 2013 86 39 sery
289 2001 64 38 for
381 2001 66 39 the
478 2000 139 46 Wier,
647 2002 66 38 the
735 2002 146 39 militia
902 2016 91 39 may
1032 2003 102 43 have
1156 2003 47 38 its
1235 2003 248 48 advantages
1500 2020 12 26 ;

182 2052 71 40 hat
275 2054 113 37 when
406 2053 319 54 unprecedented
745 2056 203 38 exertions
969 2065 72 30 can
1059 2054 115 39 alone
1195 2068 96 25 save
1306 2055 69 38 the
1388 2068 100 26 coun-

180 2109 80 37 try.
292 2106 50 38 its
354 2104 135 41 armed
510 2105 112 39 force
641 2107 142 39 should
804 2108 50 39 be
874 2108 193 39 rendered
1088 2121 44 26 as
1147 2108 188 39 effective
1355 2121 41 26 as
1419 2121 69 39 pos-

178 2150 115 53 bible,
324 2159 129 38 either
471 2159 66 37 for
561 2158 203 41 defensive
785 2173 46 25 or
850 2160 195 39 offensive
1068 2160 182 39 warfare.

237 2213 74 37 Mr.
335 2212 230 39 WAnnEes
601 2212 159 52 Motipn
793 2225 79 26 was
902 2215 117 38 made
1039 2226 52 25 on
1111 2215 142 51 Friday
1274 2212 168 40 relative
1470 2218 41 34 to

176 2263 70 39 the
266 2263 122 40 mode
407 2264 46 39 of
475 2264 206 52 disposing
696 2265 47 38 of
759 2267 76 44 com
835 2267 203 44 Missions
1058 2284 7 20 :
1098 2270 31 38 A
1148 2268 172 38 number
1337 2267 47 39 of
1397 2282 113 38 gross

175 2316 141 39 abwes
337 2328 104 25 were
461 2315 161 40 alluded
653 2323 41 31 to
725 2331 51 25 on
800 2319 69 41 the
898 2321 202 41 occasion,
1129 2319 130 39 which
1281 2315 37 43 if
1330 2321 157 38 substan-

174 2368 143 43 tiated,
347 2369 105 39 skew
471 2375 43 32 to
550 2370 106 38 what
687 2383 51 25 an
777 2370 198 50 alarming
994 2376 139 34 extent
1154 2372 240 53 corruption
1431 2374 76 38 and

178 2421 384 53 mis-nanagetnent
598 2434 67 26 are
700 2425 157 38 carried
889 2426 35 35 in
948 2425 69 38 the
1039 2425 176 52 military
1237 2425 269 51 department.

178 2473 84 39 The
283 2473 150 52 public,
465 2486 40 26 as
537 2473 87 43 well
645 2487 41 27 as
720 2476 66 40 the
810 2477 484 46 Commander-in-Chief,
1325 2492 85 26 owe
1440 2479 70 39 the

174 2525 161 53 highest
358 2526 397 51 acknowledgments
777 2536 41 33 to
840 2531 66 37 the
928 2532 146 38 Moyer
1094 2531 63 38 for
1176 2531 61 38 his
1259 2531 132 50 wanly
1414 2545 71 26 con-

176 2578 94 40 duct
300 2591 53 26 on
387 2580 65 40 the
478 2581 203 39 occasion.
749 2583 87 37 The
874 2583 111 40 hasty
1029 2597 187 26 rumours
1245 2584 128 39 which
1406 2590 104 33 went

176 2631 172 45 abroad,
367 2631 102 39 have
489 2633 163 52 already
672 2635 159 39 excited
854 2649 39 24 so
914 2629 66 45 mu
986 2649 19 22 c
1011 2636 25 38 h
1056 2636 167 52 disgust,
1239 2637 87 38 that
1349 2636 32 39 it
1391 2637 28 38 is
1441 2639 67 37 the

177 2685 164 39 interest
359 2686 48 37 of
420 2700 119 37 every
557 2692 131 46 party,
707 2687 90 38 that
811 2688 98 39 their
925 2688 142 52 fallacy
1090 2702 44 24 or
1147 2689 141 39 malice
1303 2692 46 35 he
1361 2688 148 54 clearly

176 2739 272 40 ascertained.
507 2741 111 43 Men,
652 2740 38 38 in
731 2740 94 52 high
849 2741 214 38 ostensible
1098 2741 229 45 situations,
1357 2757 66 25 arc
1441 2758 46 24 ex-

174 2792 122 51 posed
315 2797 44 32 to
387 2791 103 39 hare
521 2792 106 38 their
661 2792 190 44 conduct,
893 2794 171 51 perhaps
1085 2800 66 32 too
1172 2796 227 50 rigorously
1416 2810 71 24 exa-

175 2843 156 45 mined;
364 2844 74 39 hut
474 2844 80 40 this
594 2845 268 51 inqnisitorial
896 2846 128 51 spirit.
1070 2846 187 39 hoy.eer
1294 2849 152 51 painful
1482 2850 25 37 it

172 2897 31 39 is
236 2910 89 39 may
351 2897 48 39 he
422 2903 40 33 to
484 2900 66 37 the
585 2897 168 52 Iceliag:4
772 2901 48 37 of
837 2900 65 40 the
924 2900 239 43 inlividnal,
1320 2902 70 38 hoo
1390 2902 24 38 .
1414 2902 94 38 ever

172 2949 214 39 tna:iciotis
416 2950 37 38 in
472 2950 48 38 its
556 2952 214 48 tendency,
804 2952 28 38 is
852 2954 243 51 )n.0111(16.1:
1131 2954 45 38 of
1193 2962 73 30 too
1304 2968 115 39 many
1442 2955 45 38 ad-

169 3008 198 45 vantages
387 3008 40 32 to
452 3002 72 38 the
544 3004 136 51 public
700 3006 172 43 service,
902 3020 39 24 as
965 3008 86 35 that
1076 3020 56 25 we
1150 3007 145 39 should
1311 3009 196 40 condwnn

172 3053 30 40 it
223 3060 37 33 in
283 3063 98 37 told,
413 3054 35 39 in
470 3069 278 41 consequence
785 3058 48 38 of
850 3059 65 38 the
939 3060 144 50 partial
1104 3060 77 38 evil
1205 3060 31 38 it
1253 3073 89 39 may
1363 3060 142 39 inflict.

172 3107 86 38 '!'hr
280 3107 172 52 loyalty,
483 3109 67 38 the
585 3110 141 39 ardent
743 3112 254 38 attachment
1019 3113 47 37 of
1083 3112 65 38 the
1168 3118 172 33 country
1363 3115 63 37 for
1443 3113 66 38 the

172 3164 222 46 Sovereign
433 3162 76 38 and
547 3162 60 38 Ws
638 3163 159 52 family,
842 3177 69 26 are
938 3169 72 33 too
1044 3164 85 39 well
1159 3164 253 47 established,
1439 3170 72 33 too

172 3214 241 52 onilersally
648 3229 39 25 2.4
709 3223 44 32 to
785 3217 229 51 appreheud
1049 3219 86 37 that
1170 3219 113 38 these
1323 3233 188 25 rumours

172 3268 206 39 oritin:lte
400 3268 34 37 in
474 3281 78 24 any
575 3268 250 40 disafrection
849 3275 40 33 to
924 3270 67 38 the
1016 3276 155 46 present
1193 3272 315 39 establishment.

171 3321 85 38 The
276 3334 165 38 persons
463 3321 89 38 who
589 3335 65 25 are
680 3321 131 52 guilty
833 3324 48 37 of
906 3324 67 38 the
996 3324 307 51 unpardonable
1326 3325 120 39 levity
1468 3332 40 31 to

171 3374 157 51 impute
351 3373 109 38 them
498 3379 44 33 to
563 3387 44 25 so
641 3373 235 40 unfounded
898 3390 18 22 a
940 3391 136 28 close,
1108 3376 142 40 should
1274 3378 102 39 hays
1394 3379 116 39 made

170 3425 240 41 themselves
431 3426 132 38 better
583 3428 244 50 acquainted
866 3430 91 37 with
981 3431 69 35 the
1070 3430 235 39 sentiments
1326 3430 45 39 of
1382 3444 17 25 a
1426 3431 64 39 Bri-

168 3481 76 37 tish
267 3478 151 52 public,
450 3478 139 45 before
612 3480 91 52 they
722 3482 201 39 havarded
947 3497 43 22 so
1024 3484 324 39 unwarrantable
1368 3497 48 26 an
1450 3497 40 26 as-

165 3529 168 41 iiertion.
392 3533 73 37 We
498 3531 180 52 thought
713 3534 69 47 tb7
803 3547 67 28 cry
905 3534 45 40 of
987 3536 248 39 Jacobinisin
1260 3537 74 38 and
1356 3539 132 50 conspi-

165 3596 93 40 racy
283 3585 100 50 long
402 3586 106 38 since
535 3588 176 38 extinct.
752 3588 78 37 and
850 3588 85 38 that
969 3588 117 39 those
1106 3588 269 41 unfortunate
1396 3591 115 38 fords

167 3639 76 38 and
262 3638 322 39 recrimination.
618 3639 129 39 which
790 3640 103 39 have
915 3653 41 26 so
993 3641 118 38 much
1136 3641 270 41 dishonoured
1429 3644 79 38 and

165 3692 210 39 disturbed
398 3692 66 39 the
481 3692 234 39 conclusion
738 3692 51 38 of
803 3693 66 38 the
904 3693 71 38 last
994 3700 187 39 century,
1214 3696 132 40 WOOld
1369 3703 72 33 not
1460 3698 50 37 be

169 3745 183 52 L.-ought
370 3744 174 40 forward
576 3750 41 32 to
639 3744 126 40 alarm
788 3746 69 38 the
889 3749 137 35 wition
1050 3748 35 38 in
1108 3750 67 38 the
1211 3755 159 46 present
1389 3749 120 40 awful

198 3804 156 33 incture
378 3798 45 38 of
436 3800 50 35 its
506 3797 165 45 affairs..
685 3798 87 39 The
789 3806 169 46 greatesi
987 3802 241 45 unanimity,
1243 3803 70 39 the
1328 3803 183 39 exertion

369 3863 136 40 power
540 3865 58 24 we
619 3865 169 39 possess,
819 3867 67 22 are
915 3853 171 52 warcely
1106 3861 234 45 competent
1359 3862 41 32 to
1416 3869 94 25 save

266 3896 78 47 and
371 3919 57 22 we
446 3906 104 37 have
570 3907 66 35 the
659 3906 295 38 mortification
977 3907 50 38 of
1057 3907 167 52 hearing
1261 3909 104 38 from
1403 3922 106 26 men.

162 3969 135 30 viao4e
317 3958 169 40 wisdom
515 3958 77 38 and
615 3960 161 51 gravity
802 3973 56 25 we
874 3973 171 38 suppose
1068 3960 103 39 from
1195 3961 69 38 the
1291 3963 93 48 high
1408 3963 100 39 rank

257 4012 306 52 employments
585 4013 93 37 they
700 4011 115 47 hold,
846 4025 25 26 a
888 4012 216 52 repetition
1124 4013 48 39 of
1189 4016 115 39 those
1326 4016 183 40 dreadful

159 4067 183 45 r!lar4e;,
380 4064 125 39 vhich
530 4064 79 38 had
632 4057 107 46 filled
772 4078 25 26 a
833 4065 279 39 considerable
1146 4074 91 45 part
1274 4069 48 39 of
1352 4071 161 50 Europe

276 4119 183 38 die);ll'.!r
493 4117 78 38 and
613 4120 163 43 misery,
824 4117 92 40 with
952 4119 230 46 infarmers,
1215 4122 296 45 executioners,

158 4175 73 35 :tad
374 4173 41 35 dd
416 4173 21 35 4
437 4173 21 35 .
522 4172 139 39 Public
678 4173 233 39 characters
931 4178 156 34 cannot
1126 4174 50 43 be
1215 4179 72 34 too
1328 4175 188 40 cautious

219 4227 104 39 t!wir
343 4226 254 53 ~r;ineisirms
613 4243 9 31 ;
647 4226 63 41 fo:
730 4227 111 39 what
862 4227 93 54 they
981 4240 92 41 may
1102 4240 67 40 say
1193 4227 301 54 inadvertently

2631 131 157 52 JAN.
2831 135 81 51 29.

1589 273 45 24 or
1646 260 35 38 in
1706 259 69 40 the
1793 260 201 44 irritation
2015 261 47 40 of
2075 267 117 47 party
2211 262 159 45 debate,
2411 263 31 38 is
2481 263 181 39 received
2701 262 51 52 by
2792 274 123 38 many

1590 326 39 25 as
1648 312 84 39 fact
1756 328 11 30 ;
1795 314 77 41 and
1893 314 70 39 the
1983 313 170 40 rhetoric
2158 328 22 25 a
2184 314 11 39 l
2216 314 162 43 flourish
2402 315 50 38 of
2465 315 65 39 the
2563 319 182 41 Senator,
2777 317 138 37 meant

1587 365 91 53 only
1700 371 45 34 to
1766 366 155 39 irritate
1939 366 61 39 his
2020 373 221 45 opponent,
2270 380 46 27 or
2331 374 43 34 to
2395 370 151 51 glatify
2565 383 25 25 a
2606 374 162 46 patron,
2797 369 116 37 often

1587 431 137 26 causes
1744 431 21 26 a
1781 418 146 52 degree
1948 418 48 40 of
2010 422 276 50 perturbation
2308 435 150 37 among
2478 423 67 37 the
2562 425 250 40 ?tuba/Lied,
2835 419 78 39 and

1589 471 266 50 uninformed,
1878 471 129 41 which
2028 472 66 39 the
2115 480 141 33 orator
2272 488 89 44 may
2383 481 71 33 not
2477 475 191 52 imagine,

1637 582 73 38 We
1728 594 69 27 are
1815 581 136 54 happy
1964 582 37 39 in
2015 585 118 63 beins
2181 583 61 40 hle
2261 591 43 32 to
2321 598 164 26 remove
2497 585 66 38 the
2578 582 136 53 public
2728 581 184 52 anxiety,

1586 633 167 40 relative
1772 640 44 34 to
1835 635 69 40 the
1923 637 126 53 safety
2069 633 50 45 of
2134 639 89 38 that
2239 638 170 38 division
2433 638 48 39 of
2494 652 74 24 our
2591 643 155 44 troops,
2779 634 132 38 which
2927 658 6 5 -

1583 689 207 50 separated
1809 687 106 40 from
1933 691 69 41 the
2031 697 74 33 rest
2126 696 43 35 at
2194 692 130 48 J4ugo,
2356 689 78 39 and
2456 689 98 39 took
2577 690 67 37 the
2667 687 100 39 road

1642 768 7 13 ,
1581 751 54 26 (ro
1708 741 111 54 They
1841 739 161 47 arrived
2021 743 126 43 there,
2177 745 76 46 and
2272 741 222 40 embarked
2526 741 171 46 without
2737 752 71 38 any
2836 738 51 39 im-

1581 770 22 20 ,

1584 791 215 51 pediment,
1872 796 137 50 Major
2043 797 177 39 RAINEy
2248 795 50 39 of
2324 796 67 35 the
2414 802 34 31 8'
2450 796 39 37 .?.:1
2526 796 230 51 Regiment,
2787 790 123 41 sailed

1581 844 106 39 from
1711 846 67 39 the
1796 849 137 48 Tagus
1952 848 52 43 On
2026 849 65 39 the
2117 849 90 39 16th
2242 848 189 39 inst..and
2454 848 164 38 reached
2644 848 103 50 Vigo
2769 859 48 25 on
2841 844 71 39 the

1586 899 91 38 Igth
1696 900 128 39 where
1841 901 53 38 he
1913 900 126 44 found
2061 901 171 44 General
2248 901 105 39 Ca.o
2360 917 60 22 u
2432 917 20 21 lt
2461 915 39 30 D,
2513 901 74 39 and
2608 901 67 37 the
2694 898 216 52 following

1580 963 119 45 corps
1731 952 124 41 under
1984 954 229 45 command,
2242 954 242 45 embar4ed,
2513 954 77 37 and
2630 953 206 48 intending
2859 954 43 34 to

1580 1002 72 40 sail
1684 1004 70 40 the
1789 1011 97 33 next
1917 1006 76 52 day
2011 1023 7 21 :
2050 1006 65 39 the
2152 1006 146 39 second
2331 1006 217 43 halt:thous
2569 1005 48 39 of
2633 1006 67 37 the
2732 1005 74 39 52d
2830 1003 79 38 and

1581 1056 112 45 95th,
1728 1057 66 40 the
1822 1058 90 40 first
1950 1071 39 26 of
2011 1058 65 41 the
2104 1062 78 38 Chi
2213 1061 78 38 and
2327 1064 80 34 two
2427 1058 48 40 of
2491 1061 65 37 thz.!
2578 1062 176 35 German
2781 1057 100 52 Regi-

1583 1115 142 39 ments,

1633 1162 85 39 The
1731 1162 210 54 following
1965 1163 30 38 is
2013 1166 118 51 given
2152 1179 43 26 as
2212 1178 47 30 an
2282 1166 178 39 abstract
2480 1166 46 38 of
2542 1179 21 25 a
2582 1162 165 54 general
2769 1168 141 39 return

1580 1214 48 39 of
1642 1220 70 33 tie
1731 1221 137 52 troops
1886 1218 222 46 embarked
2128 1224 43 38 at
2192 1221 187 37 Corunna
2401 1219 64 39 lur
2485 1218 181 51 England
2686 1234 63 20 :

1730 1331 167 46 Cavalry
2043 1354 14 8 -
2222 1350 15 8 -
2407 1352 17 8 -

1591 1383 7 14 '
1724 1380 215 44 Engineers,
1959 1381 198 47 Artillery,
2180 1382 168 41 Drivers,
2366 1382 70 38 &c,

1724 1427 170 46 Infantry
2057 1449 14 8 .
2220 1449 15 7 -
2379 1449 18 8 -

1769 1524 128 39 Total,
1918 1525 79 33 sick
2019 1525 178 43 included,

2504 1286 107 41 Raok
2627 1286 71 32 and
2720 1284 94 34 File.

2611 1333 111 41 2,872

2603 1381 113 39 %6Sti

2590 1430 132 39 19,534

2587 1528 22 32 aL
2613 1525 106 41 j'~~(11

1631 1580 87 38 The
1754 1594 131 39 corps,
1920 1584 129 40 which
2081 1585 223 40 embarked
2337 1591 44 34 at
2404 1586 119 52 Vigo,
2552 1585 234 40 amounted,
2818 1584 30 38 it
2882 1584 32 35 is

1580 1633 98 46 said,
1726 1639 44 33 to
1802 1641 125 35 3100:
1962 1651 43 25 so
2041 1638 90 39 that
2169 1638 67 39 the
2267 1639 129 38 whole
2430 1639 111 38 force
2570 1638 129 39 which
2730 1638 71 38 has
2838 1636 73 38 left

1581 1688 136 50 Spain,
1749 1702 89 39 may
1861 1690 48 39 be
1930 1690 210 40 estimated
2160 1697 43 32 at
2225 1693 185 50 upwards
2430 1693 48 38 of
2502 1696 146 41 28,000
2670 1703 103 26 men.
2823 1691 89 35 The

1581 1740 135 39 united
1734 1740 128 41 forces
1883 1743 126 38 under
2028 1744 56 38 Sir
2101 1747 83 37 Jon
2194 1760 19 21 N
2238 1747 125 35 MOOR
2372 1761 21 21 E
2415 1743 73 39 and
2506 1747 56 37 Sir
2581 1748 59 35 DA
2650 1759 66 22 yin
2740 1749 135 38 Omni).
2875 1749 24 38 *

1581 1793 187 48 previous
1789 1800 43 32 to
1853 1795 107 38 their
1971 1798 202 48 junction,
2205 1811 99 27 were
2321 1799 219 50 computed
2559 1806 41 30 at
2621 1801 148 39 33,000
2786 1794 126 40 etfec,

1581 1846 78 37 tive
1681 1853 90 31 men
1787 1864 11 28 ;
1828 1847 130 39 which
1981 1848 125 39 would
2139 1848 119 39 make
2277 1864 73 25 our
2381 1851 91 41 loss,
2502 1852 143 47 during
2669 1852 69 37 the
2759 1853 152 34 retreat

1580 1898 76 38 and
1680 1899 39 37 in
1753 1899 67 39 the
1850 1900 187 39 different
2072 1909 262 35 rencountres
2357 1904 93 40 with
2473 1904 66 38 the
2558 1917 159 31 enemy,
2740 1905 174 35 amount

1579 1956 41 32 to
1651 1964 98 26 near
1778 1957 104 34 5000
1915 1968 105 24 men.
2075 1956 94 38 Tins
2204 1958 228 35 estimation
2469 1970 30 24 Is
2528 1958 220 50 supported
2771 1954 20 54 b
2811 1954 21 54 3
2852 1954 61 54 the

1578 2003 208 53 authority
1806 2006 48 41 of
1879 2006 171 40 General
2079 2010 226 44 STEWART,
2327 2010 89 37 who
2435 2009 213 52 signalised
2670 2007 170 41 himself
2865 2021 46 25 so

1580 2056 118 38 much
1739 2056 38 39 in
1811 2060 70 39 the
1910 2059 115 39 affair
2044 2074 97 25 near
2173 2063 242 43 lleneNente,
2439 2062 150 52 against
2615 2075 22 25 a
2657 2062 260 39 detachment

1577 2108 48 38 of
1652 2112 295 41 BONAPARTE'S
1975 2113 296 52 horse-guards.
2329 2117 97 37 This
2445 2128 24 39 g
2474 2115 123 38 allant
2619 2117 143 37 ()dicer
2783 2114 132 39 stated

1579 2160 73 39 last
1672 2163 117 52 night
1808 2164 39 40 in
1869 2165 71 40 the
1959 2158 74 56 Hou
2034 2158 25 56 s
2059 2158 51 56 e,
2120 2161 8 5 -
2141 2169 90 37 that
2256 2179 76 27 our
2359 2167 79 39 loss
2469 2169 65 39 did
2565 2173 74 33 nut
2672 2172 174 33 amount
2865 2172 44 33 to

1576 2218 119 34 5000.

1628 2269 280 41 Government
1938 2270 32 40 is
2000 2271 81 39 said
2102 2277 43 33 to
2166 2272 105 46 have
2298 2272 184 47 received
2517 2274 141 39 advice
2691 2271 106 39 from
2828 2274 84 37 Mr.

1578 2321 131 45 Frere,
1731 2333 77 27 our
1828 2323 185 39 Minister
2033 2329 41 33 to
2089 2326 70 37 the
2181 2329 190 47 Supreme
2388 2329 144 43 Junta,
2561 2327 152 50 stating
2732 2326 89 37 that
2843 2324 70 38 the

1576 2376 103 34 most
1715 2374 194 52 vigorous
1939 2379 278 51 preparations
2244 2392 67 26 are
2341 2379 168 51 making
2542 2379 38 38 in
2610 2379 72 38 the
2714 2379 195 37 southern

1574 2425 208 50 provinces
1809 2426 51 46 of
1886 2430 137 51 Spain,
2053 2435 44 33 to
2124 2432 113 38 resist
2269 2433 66 38 the
2365 2444 187 41 progress
2578 2432 51 38 of
2649 2432 69 38 the
2745 2441 163 39 enemy.

1578 2477 162 40 Private
1768 2478 136 41 letters
1933 2481 85 40 also
2041 2496 224 33 announce,
2298 2486 87 37 that
2408 2498 41 25 as
2469 2498 98 25 soon
2588 2497 43 26 as
2652 2483 259 52 intelligence

1574 2531 197 39 lind'heen
1795 2532 182 40 received
1996 2541 39 33 at
2056 2535 143 41 Seville
2218 2537 47 38 of
2282 2538 65 39 the
2368 2538 217 52 depaiture
2606 2537 50 38 of
2682 2538 230 48 Bonaparte

1573 2582 105 40 from
1701 2585 174 46 Madrid,
1905 2587 132 39 where
2062 2589 47 39 he
2131 2589 76 38 left
2235 2603 19 25 a
2275 2590 184 52 garrison
2481 2590 47 38 of
2552 2590 94 52 only
2670 2594 104 34 SOOO
2799 2602 112 38 men,

1572 2636 138 39 orders
1726 2650 102 26 were
1848 2640 274 53 immediately
2144 2648 89 32 sent
2254 2643 45 51 by
2322 2643 66 38 the
2412 2647 190 47 Supreme
2621 2644 128 37 Junta
2769 2647 45 33 to
2839 2642 72 39 the

1572 2688 112 40 force
1719 2692 125 40 under
1864 2695 149 38 Cuesta
2035 2698 73 35 and
2130 2695 71 38 the
2225 2696 115 38 Duke
2359 2695 50 39 of
2435 2695 229 46 Intantado,
2695 2700 45 34 to
2769 2694 142 44 march

1573 2747 43 32 to
1636 2744 69 39 the
1727 2744 171 51 Capital,
1929 2746 39 39 in
1994 2747 116 39 order
2143 2753 43 34 to
2213 2747 89 52 disl
2302 2747 21 52 o
2323 2747 67 52 dge
2421 2750 70 38 the
2519 2761 163 39 enemy,
2711 2747 90 44 who.
2829 2747 83 39 had

1572 2796 181 53 strongly
1776 2794 177 44 fortified
1978 2800 237 38 themselves
2236 2800 37 38 in
2296 2802 67 38 the
2386 2803 161 38 Retiro.

1626 2851 33 35 It
1682 2851 31 37 is
1743 2850 81 38 also
1846 2851 131 39 stated
1998 2854 89 37 with
2119 2854 250 47 confidence,
2400 2856 91 38 that
2520 2855 67 39 the
2616 2854 129 47 force,
2776 2852 132 40 which

1573 2901 123 40 sailed
1727 2916 109 26 sonic
1857 2903 99 39 time
1974 2917 91 40 ago,
2096 2907 128 38 under
2251 2907 172 40 General
2458 2908 275 47 Sherbrooke,
2764 2909 31 37 is
2822 2908 69 38 des-

1574 2954 110 40 tined
1704 2955 65 39 for
1796 2956 136 46 Cadiz,
1969 2959 73 38 and
2063 2959 86 39 that
2174 2960 202 40 Ministers
2406 2962 106 38 have
2557 2960 221 54 stipulated
2813 2960 98 39 with

1574 3006 67 40 the
1664 3008 280 39 Government
1962 3013 50 35 of
2026 3014 132 50 Spain,
2190 3018 41 32 to
2254 3014 126 38 admit
2402 3028 77 25 our
2500 3020 141 46 troops
2662 3015 37 37 in
2722 3014 67 38 the
2819 3026 71 39 gar-

1576 3059 103 39 rison
1703 3061 76 38 and
1801 3066 112 47 ports
1933 3063 51 38 of
2011 3066 84 37 that
2118 3066 71 51 City
2189 3066 18 51 .
2206 3066 18 51 .
2282 3066 96 38 This
2399 3067 112 38 force
2532 3067 31 38 is
2583 3073 41 32 to
2648 3066 48 39 be
2718 3066 195 40 followed

1576 3112 50 52 by
1657 3115 67 37 the
1744 3119 105 34 most
1881 3115 241 41 formidable
2152 3125 227 33 armament
2401 3119 87 39 that
2519 3131 93 27 ever
2642 3118 124 40 sailed
2800 3118 111 41 from

1574 3165 78 38 this
1672 3172 187 40 country,
1887 3172 46 35 to
1955 3171 158 43 consist,
2145 3171 31 39 it
2197 3171 30 39 is
2246 3171 98 46 said,
2362 3171 51 39 of
2428 3177 144 41 60,000
2593 3185 110 32 men,
2733 3172 89 38 who
2844 3185 70 26 are

1576 3219 273 53 immediately
1881 3226 45 33 to
1948 3222 50 39 be
2016 3223 195 53 equipped
2243 3226 73 38 and
2343 3226 239 39 embarked.
2640 3226 71 39 His
2743 3228 169 51 Majesty

1574 3272 182 40 declared
1779 3273 37 39 in
1839 3274 60 39 his
1928 3276 145 50 Speech
2094 3283 43 32 at
2158 3279 69 38 the
2248 3283 180 47 openin;
2447 3278 48 39 of
2522 3278 265 46 Parliament,
2817 3279 96 39 that

1574 3338 41 24 as
1638 3325 93 51 long
1761 3340 41 25 as
1826 3326 69 40 the
1919 3330 210 48 Spaniards
2160 3332 202 38 remained
2386 3337 91 33 true
2500 3337 39 33 to
2570 3332 255 45 themselves,
2861 3332 52 38 he

1574 3378 78 39 will
1685 3380 189 38 continue
1909 3386 45 32 to
1985 3383 103 37 them
2138 3383 60 39 his
2219 3391 102 31 most
2349 3390 210 37 strenuous
2588 3386 213 38 assistance
2835 3386 78 38 and

1574 3436 184 47 support.
1817 3437 43 34 In
1881 3431 246 52 conformity
2150 3442 43 33 to
2212 3437 79 38 this
2309 3437 263 44 declaration,
2604 3439 191 38 immense
2815 3451 71 39 sup-

1574 3483 98 52 plies
1691 3484 50 39 of
1753 3516 188 15 ,
1942 3484 31 54 clothiler
1972 3484 7 54 ro
1980 3490 239 48 provisions,
2250 3495 117 39 tents,
2389 3503 123 33 arms,
2526 3490 77 39 and
2624 3493 288 44 ammunition,

1574 3549 67 26 are
1662 3542 44 33 to
1736 3537 47 39 be
1812 3539 226 41 forwarded
2059 3547 41 34 to
2124 3542 227 46 Gibraltar,
2381 3544 124 38 Cadiz
2533 3543 78 39 and
2630 3546 71 37 the
2731 3542 187 40 Balearic

1577 3589 164 45 Islands,
1765 3591 126 40 which
1913 3606 72 26 are
2006 3599 40 33 to
2067 3594 48 39 be
2137 3594 139 53 placed
2298 3596 37 38 in
2357 3609 78 26 our
2457 3596 136 44 hands,
2624 3609 44 26 as
2687 3596 143 53 depots
2849 3595 66 39 for

1574 3657 77 25 our
1672 3644 176 54 Military
1874 3648 149 38 Stores.
2080 3648 89 38 The
2189 3648 281 53 preparations
2487 3648 65 40 for
2571 3650 72 39 the
2663 3663 85 26 new
2771 3652 117 37 Arma-

1576 3700 110 35 ment
1704 3710 71 26 arc
1792 3699 117 38 made
1930 3699 94 39 with
2041 3713 40 25 so
2101 3702 122 39 much
2244 3704 163 50 vigour,
2428 3703 89 39 that
2536 3703 69 39 the
2624 3703 178 46 Officers,
2824 3703 91 39 who

1574 3749 161 47 landed,
1757 3764 21 25 a
1800 3751 74 39 few
1894 3752 100 52 days
2015 3767 92 39 ago,
2128 3754 107 40 from
2258 3757 136 50 Spain,
2412 3756 158 43 obtain,
2589 3756 94 39 with
2701 3756 214 54 difficulty,

1574 3816 20 25 a
1615 3803 116 39 short
1750 3803 112 40 leave
1885 3804 50 39 of
1950 3808 165 39 absence
2138 3814 44 33 to
2202 3808 90 38 visit
2314 3810 104 38 their
2435 3809 164 39 friends.

1626 3857 73 38 We
1722 3859 244 39 understand
1990 3860 84 39 that
2108 3874 25 26 a
2171 3862 142 39 Seville
2334 3863 172 38 Gazette
2526 3862 47 39 of
2587 3875 25 26 a
2631 3862 80 39 late
2731 3862 93 40 date
2843 3862 76 40 has

1574 3909 98 39 been
1697 3912 181 39 received
1916 3913 38 38 in
1976 3918 120 43 town,
2128 3914 132 39 which
2284 3915 188 38 contains
2497 3928 24 26 a
2541 3915 123 39 letter
2683 3914 105 39 from
2809 3918 107 38 Gen-

1580 3965 131 38 Muria
1731 3970 41 35 to
1794 3966 69 40 the
1885 3970 190 48 Supreme
2089 3969 146 45 Junta,
2268 3969 37 38 in
2324 3969 129 41 which
2489 3970 50 38 he
2557 3969 182 53 strongly
2761 3969 157 40 advises

1578 4016 69 38 the
1659 4018 130 40 Junta
1809 4025 72 33 not
1904 4025 43 33 to
1969 4019 117 39 suffiT
2107 4022 70 39 the
2202 4020 158 52 English
2385 4028 44 33 to
2448 4029 70 46 get
2532 4024 220 51 possession
2774 4022 47 40 of
2838 4036 79 40 any

1578 4069 48 38 of
1643 4071 69 39 the
1744 4070 178 45 fortified
1946 4077 125 35 towns
2093 4074 39 40 in
2156 4076 117 51 Spain
2291 4090 12 30 ;
2335 4089 53 26 on
2417 4077 70 38 the
2504 4081 208 48 contrary,
2741 4077 51 38 he
2812 4089 106 39 says,

1581 4123 91 52 they
1704 4126 131 50 ought
1865 4130 44 33 to
1932 4126 138 54 fortify
2089 4129 70 39 the
2174 4135 202 46 sea-ports
2392 4129 159 53 against
2567 4129 129 40 them.
2752 4131 63 38 lie
2836 4128 85 41 also

1579 4181 139 44 states,
1750 4179 90 39 that
1859 4178 53 40 he
1946 4180 72 39 has
2037 4194 89 27 seen
2161 4181 104 40 their
2288 4195 83 26 new
2404 4183 235 52 Sovereign,
2669 4183 150 53 Joseph
2844 4187 38 57 80
2882 4187 39 57 ..

1581 4235 185 51 nalrartc,
1796 4233 137 45 whom
1950 4234 52 41 be
2016 4240 221 48 represents
2255 4250 43 27 as
2314 4251 22 28 a
2352 4250 97 28 man
2465 4237 48 43 of
2525 4238 66 41 the
2611 4241 180 51 greatest
2805 4250 99 43 saga

185 132 58 51 74

3214 3513 5 4 .
