3402 4429
219 115 65 47 72
930 146 8 8 .
1104 107 146 52 THE
1289 102 379 53 NATIONAL
1704 99 384 53 REGISTER.
2678 94 161 53 JAN.
2880 96 86 52 29.

2246 180 58 17 ....-
2331 193 11 6 ,
2361 178 37 15 ...
2414 191 17 7 ,_
2578 182 86 17 ____
2871 181 30 15 .e

3216 0 69 862 1

219 247 181 48 hardship
429 249 46 32 of
489 252 106 40 being
618 249 163 34 alloyed
798 250 139 41 liberty
965 248 159 33 without
1148 243 189 45 receiving
1367 252 25 24 a
1417 243 83 40 Fart
1525 236 44 35 of
1743 231 167 54 THE
1956 231 423 56 NATIONAL
2419 229 424 56 REGISTER.
2883 265 9 7 •
3221 155 22 28 v

220 296 102 34 'their
338 309 96 34 pay.
485 298 105 45 They
611 309 100 24 were
730 298 76 34 told
827 296 31 33 it
881 307 74 22 was
972 295 150 34 unusual
1143 299 37 28 to
1199 296 104 38 grant
1328 291 150 41 liberty,
1496 296 70 25 ex-
2243 315 168 13 ------,

191 344 18 8 _

223 356 86 34 cept
339 359 21 20 a
377 356 69 25 ilea
467 348 60 32 t;te
553 348 83 43 snip
661 358 72 21 IVILS
759 344 90 47 paid
880 345 63 38 off,
969 344 63 33 hut
1062 343 96 33 from
1178 339 61 34 the
1256 338 99 34 wood
1372 335 193 35 character

226 393 99 34 their
335 394 170 45 Captain
526 394 67 33 had
620 394 99 35 riven
743 397 115 34 them,
883 392 28 34 it
931 402 72 25 was
1020 389 151 46 granted
1193 394 37 26 to
1248 366 117 57 them,
1391 384 64 33 and
1478 383 86 44 they
2176 377 253 57 LOnblar,

226 449 92 27 must
339 450 125 26 return
480 442 252 44 immediately
749 449 37 26 to
803 441 198 39 Chatham,
1028 438 81 34 that
1129 437 123 33 orders
1277 432 133 35 should
1429 433 41 32 be
1489 435 78 31 sent
2461 452 9 9 •

227 485 200 48 thatnight
446 490 59 34 for
526 496 175 41 payment
729 494 38 30 to
797 490 45 32 he
875 487 106 34 made
1005 491 39 28 to
1071 485 96 33 them
1186 488 87 31 next
1293 481 177 40 morning,
1496 480 70 33 and
1922 472 234 46 SUNDAY,
2186 474 256 41 JANUARY
2472 476 70 40 29,
2565 475 115 37 1809.

227 540 190 33 entreated
439 539 86 45 they
550 552 22 20 a
583 539 85 33 ould
689 537 151 34 conduct
854 536 214 33 themselves
1085 531 203 46 peaceably
1309 528 71 35 and
1400 528 141 45 quietly
1556 540 9 27 ;

2080 565 50 14 sys.

230 586 80 33 that
340 594 87 26 they
454 587 117 33 would
589 588 43 31 be
652 583 299 35 accommodated
970 580 59 37 for
1046 581 83 35 that
1146 580 72 43 day
1238 589 45 22 on
1304 576 113 35 hoard
1436 578 60 32 the
1512 585 56 24 re-
1598 576 5 46 .

231 632 145 45 cciving
411 635 87 45 ship
526 635 52 33 oil'
598 634 59 33 the
677 635 155 37 Tower,
859 632 69 33 and
946 632 43 32 be
1006 628 175 46 .supplied
1214 627 90 33 with
1338 622 203 46 provisions
1558 635 11 26 ;
1937 618 228 28 POLITIC.II.
2185 620 59 26 sr
2249 619 110 26 t:Nr.s.
2379 617 53 28 OP
2463 619 96 27 Tub'
2574 617 149 30 WEEK*

233 681 76 33 and
322 683 79 32 that
435 685 80 32 also
542 683 60 33 the
635 681 209 33 Gravesend
874 681 104 33 boats
1007 676 130 35 should
1165 676 47 32 be
1235 672 163 44 engaged
1426 676 37 30 to
1481 671 89 33 take
2106 696 11 12 ..
2218 672 170 24 _—„sam.._..

235 729 97 33 them
360 730 112 35 down
502 732 47 41 by
569 730 79 34 that
676 728 136 44 night's
840 729 92 33 tide.
983 726 106 41 They
1108 722 185 45 complied
1326 722 34 32 in
1389 718 59 35 the
1476 725 93 28 most
1687 717 87 39 The
1794 717 217 53 departure
2031 716 51 40 of
2106 730 76 27 our
2202 720 139 48 troops
2375 716 109 40 from
2520 715 116 54 Spain
2669 715 73 41 has
2761 715 100 39 been
2893 715 83 52 sig-

235 780 122 32 orderl
367 790 18 20 v
409 789 162 27 mauner,
596 778 69 33 and
684 776 149 34 arrived
853 782 40 27 at
912 774 181 34 Chatham
1113 782 45 24 on
1178 769 183 43 Saturday
1382 768 188 41 morning;
1637 784 148 40 nalised
1807 785 53 52 by
1883 784 172 40 another
2076 784 174 52 victory,
2280 782 178 54 splendid
2479 796 43 26 as
2541 795 74 40 any
2639 782 38 40 in
2698 794 77 26 our
2790 778 183 53 military

236 824 47 31 bit
283 824 17 31 ,
320 826 60 32 Vie
402 827 76 39 ship
477 827 19 39 .
496 827 20 39 -
531 826 118 34 books
670 831 58 26 not
750 826 109 41 being
876 822 105 34 made
994 831 61 34 up,
1070 820 87 45 they
1176 828 94 24 were
1285 815 177 35 informed
1481 815 89 43 they

237 873 26 32 m
263 873 79 32 ita
366 879 60 20 ~.f
450 876 46 27 hs.
526 875 66 32 n.,;.
592 875 14 32 1
628 874 89 31 until
741 873 163 43 Monday
925 873 78 32 last.
1055 869 107 41 They
1187 865 193 45 appeared
1397 862 176 40 satisfied,
1637 852 154 47 annals,
1848 854 85 37 Our
1962 854 72 50 joy
2057 865 53 26 on
2145 852 80 39 this
2245 852 202 45 occasion,
2478 865 43 26 as
2557 863 50 27 on
2641 849 92 41 that
2760 849 112 39 when
2906 847 72 41 the

233 919 72 35 a:id
320 921 85 35 said
423 922 92 46 they
531 921 139 34 wished
689 920 60 35 for
767 932 44 21 no
829 931 102 24 more
957 918 214 41 indulgence
1199 913 87 34 than
1305 914 63 32 the
1384 911 187 34 Thunder-
1638 917 208 41 immortal
1870 921 162 35 NeLSON
2053 917 89 47 fell,
2161 919 31 38 is
2211 917 165 40 blended
2396 917 98 39 with
2522 915 110 53 grief
2655 914 67 40 for
2753 913 69 41 the
2844 912 123 41 death

239 979 41 22 er
296 987 12 14 s
327 980 98 25 crew
452 973 67 31 hail
541 970 182 34 received.
750 970 118 33 Their
883 967 152 35 conduct
1054 966 65 32 has
1136 965 89 32 been
1244 960 183 47 perfectly
1444 969 131 37 peace-

240 1018 48 32 ab
309 1018 4 43 .
345 1020 241 40 throughout.

1638 987 50 39 of
1701 986 174 39 another
1892 985 115 47 hero,
2037 986 109 46 who,
2185 985 84 39 like
2288 984 69 39 the
2374 983 172 45 former,
2584 981 90 41 died
2694 983 40 39 in
2772 981 69 39 the
2876 993 100 39 very

295 1067 27 32 A
346 1068 100 31 short
471 1070 83 28 time
574 1067 96 32 since
689 1076 45 22 an
754 1063 235 35 unfortunate
1005 1062 69 44 girl
1098 1059 44 34 of
1153 1059 60 33 the
1232 1064 102 28 town
1355 1067 73 25 was
1447 1056 129 44 sitting
1642 1052 63 53 lap
1726 1054 48 39 of
1788 1054 176 52 victory.
2021 1052 61 39 Sir
2102 1054 112 38 Jouw
2237 1054 158 38 MOORE
2426 1049 71 40 fell
2533 1049 38 39 in
2603 1048 69 40 the
2691 1046 221 54 beginning
2931 1046 53 39 of

246 1111 35 33 in
302 1114 59 31 the
386 1114 41 31 NY
442 1115 73 30 bite
544 1115 87 32 Linn
654 1113 275 45 public-house,
954 1110 201 37 Chatham,
1180 1107 69 34 and
1281 1106 235 44 complained
1535 1103 46 33 of
1641 1123 69 38 the
3249 1080 28 54 '';'

1726 1126 269 34 enoaoement
2011 1137 12 28 ;
2053 1120 78 40 but
2165 1124 72 33 not
2256 1116 59 43 till
2335 1116 60 41 his
2430 1115 195 53 masterly
2661 1120 314 34 arranoements
3243 1126 25 33 -:4
3268 1126 9 33 1

244 1160 63 33 the
326 1162 100 34 cold,
455 1172 19 24 a
485 1173 67 31 pan
573 1173 24 21 w
612 1161 84 33 hick
718 1172 44 22 an
782 1161 174 33 inhuman
974 1160 106 32 brute
1101 1159 40 41 (a
1157 1155 203 41 labouring
1378 1152 99 39 man)
1496 1152 79 34 said
1778 1153 24 21 ti
1832 1154 25 20 b
2785 1148 24 19 a

244 1207 48 33 he
331 1209 123 33 would
485 1209 81 45 give
595 1209 64 33 her
690 1220 22 22 a
742 1209 196 35 warming,
964 1206 71 34 taut
1068 1204 177 35 instantly
1269 1207 56 28 set
1355 1201 66 34 fire
1448 1207 37 27 to
1509 1200 71 32 her
1643 1188 76 40 had
1765 1187 168 40 secured
1964 1200 254 27 success—an
2270 1191 120 34 event
2428 1181 190 41 rendered
2662 1180 315 53 incomparably

3249 1196 30 31 ..:

248 1256 156 40 clothes,
436 1258 50 31 1)-
509 1258 141 43 putting
667 1266 22 22 a
707 1256 137 43 lighted
869 1256 125 33 candle
1007 1264 48 33 up
1078 1256 61 31 her
1155 1252 226 44 petticoats;
1408 1248 58 33 the
1483 1258 97 35 poor
1643 1256 252 52 interesting,
1925 1267 41 27 as
1983 1259 150 43 26,000
2156 1253 143 40 British
2323 1252 183 44 soldiers,
2533 1247 209 41 harrassed
2763 1248 53 53 by
2839 1261 22 26 a
2880 1247 102 53 long

248 1312 170 25 creature
439 1316 64 22 ran
524 1305 50 33 off
588 1305 33 32 in
640 1316 18 20 a
681 1303 125 45 fright,
835 1303 70 35 and
927 1302 126 33 before
1078 1302 63 32 her
1161 1300 142 33 clothes
1322 1296 107 35 could
1448 1298 44 32 be
1509 1306 70 24 ex-

247 1351 228 44 tiegui-hed,
506 1363 47 22 wa
553 1363 25 22 s
591 1354 45 30 an
644 1358 52 25 oot
715 1354 35 32 in
764 1362 21 24 a
800 1357 97 28 most
911 1350 182 44 docking
1106 1357 158 25 manner.
1319 1345 72 34 She
1403 1344 177 34 however
1644 1324 77 39 and
1740 1323 206 53 fatiguing
1965 1323 155 44 march,
2135 1320 145 52 during
2297 1319 67 40 the
2383 1332 145 27 course
2549 1317 47 39 of
2610 1316 129 40 which
2757 1316 97 52 they
2876 1328 107 27 were

250 1410 76 22 was
343 1400 97 44 goilt
439 1400 20 44 4
478 1411 44 21 on
559 1397 83 41 tea,
669 1400 72 32 and
757 1410 73 22 was
852 1396 213 35 cousidered
1084 1402 64 27 out
1179 1394 44 34 of
1235 1395 94 43 dang
1333 1403 43 24 er
1403 1393 93 34 from
1517 1390 61 35 the
1646 1390 235 53 incessantly
1903 1389 196 40 molested
2115 1389 52 51 by
2190 1388 69 40 the
2283 1400 157 39 enemy,
2471 1385 96 45 and,
2594 1382 223 43 exhausted
2841 1384 51 52 by
2911 1383 73 39 the
3236 1382 9 30 t

252 1444 70 46 itj.
321 1444 18 46 ,
339 1444 35 46 ry
393 1447 66 33 she
485 1448 66 33 had
579 1446 182 35 sushined
796 1446 96 33 from
928 1444 60 34 the
1017 1446 106 35 horn,
1152 1443 104 33 when
1276 1442 39 33 sh
1322 1453 19 21 e
1368 1442 90 33 took
1478 1439 102 39 cold,

1644 1461 175 35 severest.
1839 1456 239 53 privations,
2109 1455 79 39 had
2207 1460 43 33 to
2270 1452 172 40 contend
2460 1452 99 38 with
2578 1465 112 26 more
2714 1449 102 41 than
2836 1450 149 47 50,000
3236 1450 13 33 i

248 1496 69 31 and
335 1496 111 41 b-i:lg,
472 1495 120 34 seized
617 1495 90 33 wi:h
731 1505 22 21 a
767 1494 122 38 fev;•r,
914 1493 80 33 died
1023 1504 45 21 on
1093 1489 171 43 Tuesday
1296 1487 279 44 sennig,ht.—A

248 1543 98 33 Jary
376 1556 78 20 was
483 1543 204 33 sutntenned
707 1547 38 27 to
764 1543 145 43 inquire
944 1541 77 34 into
1048 1541 63 32 tile
1142 1548 106 24 caese
1265 1537 47 35 of
1335 1535 64 35 her
1416 1537 164 39 decease,
1646 1522 47 39 of
1704 1522 73 39 the
1804 1535 163 39 enemy,
1996 1522 129 39 under
2158 1521 70 39 the
2255 1517 214 41 command
2500 1517 50 39 of
2581 1517 90 39 that
2700 1528 97 40 very
2833 1517 126 44 SOULT
2960 1517 26 44 6
3045 1561 6 13 ,

249 1592 41 31 x..
291 1592 43 31 1•1
353 1591 243 33 deliherat:d.
625 1591 48 34 by
693 1589 269 43 adjournment,
990 1594 77 27 two
1084 1587 106 44 days,
1220 1586 107 34 when
1346 1584 77 35 they
1449 1593 94 34 gave
1558 1594 21 21 a
1648 1587 87 40 who
1752 1602 81 26 was
1850 1589 211 39 entrusted
2096 1589 96 38 with
2215 1586 67 39 the
2567 1586 156 35 mission
2744 1583 51 51 of
2823 1584 162 46 driving
3229 1482 15 178 I
3244 1482 31 178 :i

249 1641 136 31 Yet.lict
452 1639 87 30 !)',;(1
561 1642 44 30 by
625 1638 63 33 the
709 1637 203 34 Visitation
931 1637 43 32 of
985 1636 97 39 rind.

1645 1658 64 35 the
1726 1655 171 50 English
1917 1658 81 34 into
2023 1657 67 35 the
2109 1667 80 32 sea,
2220 1658 40 32 at
2280 1655 64 37 the
2372 1654 111 46 point
2515 1652 47 47 of
2585 1654 63 35 the
2904 1649 81 37 Lx-

299 1684 28 34 A
352 1697 128 34 yo:.ng
511 1700 7 14 ..
533 1696 105 24 ()man
656 1685 45 32 of
724 1691 61 27 the
806 1695 103 24 !ime
928 1685 40 33 of
991 1672 58 45 See
1056 1684 6 14 '
1090 1693 48 25 rs,
1156 1681 66 34 left
1248 1681 158 39 Whitby
1427 1680 151 34 Market

252 1734 33 32 it,
312 1734 63 32 the
402 1744 112 22 storm
534 1734 44 33 of
596 1735 61 31 the
680 1731 83 35 l'I:11
784 1733 67 33 last
886 1733 119 32 1)11)111;1
1036 1733 69 32 and
1126 1741 72 24 was
1215 1729 146 41 missing
1377 1728 86 34 until
1483 1737 100 24 new-
1646 1721 150 40 elusive
1813 1721 48 39 of
1874 1721 70 39 the
1963 1733 94 27 ever
2082 1726 45 33 to
2153 1721 50 38 be
2225 1719 197 39 lamented
2443 1717 78 40 loss
2539 1715 46 39 of
2600 1716 69 38 the
2689 1714 295 40 Commander-

278 1781 71 32 e•i!.*
372 1782 109 39 -day,
503 1782 102 32 when
626 1781 65 32 her
710 1781 96 33 body
829 1791 74 22 was
935 1780 72 34 fou;
1023 1779 24 34 d
1064 1789 84 21 near
1168 1789 21 20 a
1209 1781 107 40 place
1335 1775 117 34 called
1483 1775 98 34 Lilk)
1649 1788 172 41 in-chief
1860 1802 24 25 a
1915 1789 174 39 number
2125 1786 51 41 of
2205 1787 117 39 other
2357 1782 289 41 distinouished
2675 1782 171 40 Officers
2878 1782 110 39 have

1819 1818 11 19 s
2481 1817 22 19 a

252 1818 9 44 .
261 1818 52 44 C4'..
325 1839 46 32 SS,
391 1841 18 18 P-
416 1830 50 34 b.)
470 1834 35 27 u!
524 1841 22 21 a
562 1828 86 33 wile
665 1828 69 33 and
754 1818 124 44 a*half
901 1834 34 26 to
956 1830 60 32 the
1035 1826 182 35 eastward
1235 1822 46 34 of
1304 1825 63 32 the
1384 1822 196 41 Pic'tering

252 1885 41 26 ro
309 1881 46 30 :d•
387 1881 40 30 h,
458 1889 21 20 a
511 1887 80 22 man
611 1878 87 31 took
709 1878 22 40 in
731 1878 12 40 ,
743 1878 24 40 -,
790 1874 100 33 after
922 1876 53 32 his
1002 1876 129 41 sheep,
1157 1873 115 34 under
1304 1873 280 33 circumstances
1648 1854 224 53 gloriously
1894 1853 86 39 died
2013 1854 39 38 in
2073 1852 70 40 the
2160 1851 152 40 service
2343 1850 47 40 of
2418 1851 85 39 thei
2503 1851 22 39 r
2544 1854 151 47 countr
2695 1854 51 47 y;
2780 1848 78 38 and
2878 1847 110 39 their

252 1926 124 32 w.)ich
399 1924 184 34 indicated
618 1925 63 31 the
707 1930 38 28 e.
745 1930 19 28 ,
764 1930 115 28 ;treme
909 1924 158 35 severity
1088 1922 43 32 of
1146 1920 65 34 her
1225 1919 204 44 sufferings,
1454 1916 131 38 before
1651 1933 139 26 names
1809 1919 79 40 will
1907 1919 169 40 descend
2096 1925 45 33 to
2174 1919 69 39 the
2264 1918 115 40 latest
2399 1917 213 54 posterity,
2643 1915 222 40 associated
2889 1913 97 39 with

250 1982 61 24 sie
338 1975 71 31 :rat
431 1974 90 32 been
539 1972 207 41 compelled
763 1977 35 27 to
817 1971 132 33 submit
972 1977 37 27 to
1026 1970 59 33 the
1103 1978 109 35 grasp
1230 1967 178 35 ofdeath.
1460 1967 34 34 It
1517 1976 69 34 ap-

1654 1987 65 39 the
1736 1985 129 41 battle
1884 1985 50 40 of
1943 1989 208 43 Corunna,
2181 1984 150 52 having
2349 1982 119 54 equal
2490 1981 141 43 claims
2649 1995 53 26 on
2722 1981 72 40 the
2815 1980 176 40 admira-

252 2022 136 41 peared
407 2021 83 33 that
507 2022 61 32 she
594 2019 71 33 had
696 2019 195 34 wandered
924 2019 116 33 about
1054 2027 98 26 s•tme
1188 2016 87 34 time
1298 2014 97 38 after
1420 2015 61 32 she
1512 2015 72 33 had

252 2078 64 34 sep
331 2046 1 66 •
346 2081 35 20 ..a
428 2068 24 35 d
472 2068 14 32 e
487 2068 14 32 -
501 2068 60 32 ron,
583 2070 63 28 her
664 2067 123 40 horse,
819 2065 144 46 (which
985 2076 74 22 was
1076 2065 106 34 found
1202 2074 18 22 a
1241 2065 109 33 week
1371 2062 217 34 afterwards
1635 2088 6 9 ,
1654 2055 84 39 tion
1757 2055 78 39 and
1856 2055 206 52 gratitude
2078 2053 48 40 of
2138 2053 139 40 future
2291 2052 270 53 generations.
2619 2050 113 51 They
2752 2046 87 47 fell,
2857 2052 133 47 strug-

3233 2087 19 37 -12

253 2121 37 26 Irt
308 2127 22 21 a
348 2118 26 27 ‘l
374 2118 27 27 ,,
450 2122 35 25 -a
501 2114 259 40 farm-house),
781 2115 69 32 in
849 2122 60 24 toe
935 2112 163 37 fruitless
1119 2112 130 34 endea%
1260 2122 70 24 our
1337 2109 15 35 -
1352 2109 33 35 to
1403 2112 183 32 extricate
1654 2122 111 38 aiino-
1783 2119 66 40 for
1869 2121 71 37 the
1959 2119 72 40 last
2052 2119 143 52 rights,
2226 2118 69 39 the
2329 2117 74 39 last
2437 2117 143 52 hopes,
2609 2113 74 41 and
2706 2109 72 44 the
2802 2111 189 54 expiring

253 2161 79 35 hers
356 2163 38 35 if
420 2163 96 34 from
548 2163 60 33 the
646 2164 146 32 horrors
817 2161 45 34 of
886 2161 63 33 her
971 2161 194 33 situation.
1220 2160 72 32 She
1320 2160 69 33 had
1417 2160 70 32 lost
1521 2158 67 34 her
1654 2156 22 20 '
1739 2153 24 20 s

252 2211 150 35 bonnet,
420 2210 167 46 Citp,and
608 2209 216 35 shoes—the
855 2210 67 34 feet
956 2207 44 34 of
1023 2209 67 33 her
1106 2207 189 39 stockings
1315 2217 98 24 were
1428 2207 156 34 entirety
1655 2189 177 39 iherties
1850 2186 50 39 of
1915 2186 66 39 the
2002 2186 207 44 universe;
2241 2183 78 40 and
2339 2183 106 40 their
2463 2180 189 53 example
2670 2179 78 40 will
2771 2191 120 27 rouse
2909 2177 84 41 and

253 2269 100 24 worn
369 2270 136 28 away,
522 2259 67 33 and
622 2259 66 31 her
717 2256 71 34 feet
811 2268 98 24 were
927 2257 189 35 lacerated
1137 2262 38 27 to
1204 2256 61 33 the
1279 2256 112 32 bone.
1442 2256 57 33 On
1527 2254 39 35 :h
1584 2245 5 64 .
1654 2261 171 48 support
1845 2267 122 39 every
1988 2251 198 54 principle
2218 2251 50 39 of
2293 2262 150 43 energy
2483 2249 79 39 and
2591 2246 229 56 patriotism
2852 2245 91 40 that
2962 2245 33 39 is

248 2306 67 33 sink
338 2309 63 30 the
420 2307 72 32 hod
502 2319 12 19 v
540 2316 76 24 was
637 2306 110 33 found
764 2317 11 27 ;
806 2306 61 33 the
885 2310 146 37 greater
1050 2310 81 38 part
1149 2302 45 34 of
1224 2303 63 33 the
1304 2304 227 33 inhabitants
1548 2304 45 31 or
1696 2323 17 12 ,
1714 2329 14 32 t
1744 2335 155 39 among
1930 2321 106 39 their
2055 2319 213 52 surviving
2297 2311 283 59 countrymen,
2603 2320 41 34 to
2667 2315 146 39 render
2831 2313 80 39 this
2930 2326 63 26 sa-

252 2354 63 33 the
344 2353 87 37 nei,
431 2353 21 37 :
452 2353 200 37 hbaurhood
691 2352 125 33 where
849 2352 66 33 she
950 2352 157 38 resided,
1136 2357 53 26 set
1218 2356 64 27 out
1313 2361 47 22 on
1378 2324 4 71 -
1390 2361 21 22 a
1440 2352 145 44 general
1655 2324 51 38 ler

252 2404 143 33 search,
416 2402 201 41 spr-ading
628 2400 217 33 themselves
880 2408 89 24 over
1002 2411 21 21 a
1050 2400 102 39 large
1169 2401 92 31 tract
1284 2396 44 33 of
1349 2399 135 34 erutuld
1504 2398 84 33 that
1654 2391 93 39 cred
1765 2402 123 27 cause
1922 2387 259 52 triumphant
2209 2391 43 33 at
2285 2385 89 40 last.
2430 2383 150 39 Whilst
2597 2395 57 25 we
2686 2379 174 43 condole
2895 2378 98 41 with

253 2448 87 33 they
361 2450 47 32 mi
457 2459 20 20 o
500 2450 103 32 leave
619 2458 46 24 no
683 2452 84 38 part
783 2447 244 44 unexplored,
1046 2447 124 33 where
1187 2456 22 22 a
1221 2446 236 45 probability
1470 2445 117 44 might
1657 2458 66 40 the
1755 2457 191 40 relatives
1982 2456 50 39 of
2060 2454 116 40 these
2196 2452 194 53 departed
2424 2451 148 40 heroes
2602 2448 78 40 and
2717 2447 189 54 patriots,
2936 2459 60 26 we

254 2497 97 33 exist
369 2497 45 32 or
441 2497 97 41 !).att)
537 2497 28 41 ,,
566 2497 28 41 i!
594 2497 14 41 ,
608 2497 14 41 g
643 2494 131 39 round;
806 2494 26 33 it
852 2494 30 33 is
902 2496 196 43 probable,
1119 2494 191 35 however,
1338 2494 96 32 their
1459 2494 129 33 search

255 2555 13 21 %
268 2555 14 21 y
296 2548 78 27 ri7.-
400 2545 24 33 h
424 2545 72 33 ave
515 2543 67 45 pro
582 2543 45 45 ve
627 2543 22 45 d
670 2543 177 37 fruitless,
878 2552 38 22 as
951 2543 58 32 the
1037 2542 181 44 unhanpv
1243 2541 152 34 sutforer
1414 2541 66 34 had
1498 2543 91 31 been
1655 2525 135 41 would
1825 2524 187 53 mitigate
2042 2522 110 39 their
2189 2520 118 52 grief,
2337 2520 52 52 by
2425 2518 227 53 reminding
2688 2517 113 41 them
2837 2515 91 40 that
2966 2515 33 39 it

254 2593 128 33 dr:srm
409 2593 51 43 by
476 2598 59 28 toe
552 2598 111 27 storm
693 2602 24 24 a
749 2590 254 35 considerable
1031 2591 162 33 distance
1225 2588 98 35 from
1342 2589 63 34 the
1419 2589 87 34 road
1526 2589 66 34 she
1639 2595 33 37 •i
1672 2595 18 37 s
1703 2607 52 25 no
1776 2590 241 43 misfortune
2050 2595 45 35 to
2121 2589 79 46 die,
2231 2587 172 54 fighting
2419 2585 71 40 the
2510 2584 161 47 battles,
2692 2584 79 39 and
2803 2582 195 41 contend-

347 2649 37 21 to
409 2650 6 20 I
426 2640 5 33 t
443 2640 98 32 ::Vel.

1659 2660 67 51 ing,
1752 2657 65 39 for
1838 2657 67 39 the
1928 2656 180 40 freedom
2130 2654 77 40 and
2228 2654 163 39 honour
2415 2652 50 40 of
2491 2653 112 38 one's
2622 2654 189 46 country.

257 2717 39 12 --
394 2714 133 8 —

257 2730 34 13 .._
320 2727 4 15 •
882 2727 1 15 .
943 2727 2 15 .
997 2730 18 4 ..
1056 2727 5 15 .
1093 2727 1 15 .
1139 2727 1 15 .
1424 2727 4 15 .

1559 2715 2 59 •
1715 2725 156 40 Amidst
1913 2725 110 38 these
2069 2721 180 53 mingled
2285 2720 221 40 sensations
2542 2718 48 40 of
2628 2717 246 40 condolence
2920 2715 80 40 and

285 2790 125 38 NNE
442 2787 352 40 IMPRESSIONS
824 2786 67 37 OF
920 2786 109 37 THE
1067 2785 292 39 PORTRAIT
1388 2784 64 39 OF
1483 2785 85 37 HIS
1661 2793 201 53 triumph,
1883 2804 103 27 were
2006 2791 31 38 it
2052 2789 172 56 possible
2243 2793 44 34 to
2302 2787 162 53 indulge
2481 2786 98 53 long
2593 2785 38 40 in
2644 2784 175 43 another
2833 2783 167 54 feeling,
3247 2783 5 64 '

803 2849 109 38 MAJ
924 2848 142 38 ESTY.

1664 2859 183 41 wecould
1869 2865 71 33 not
1959 2857 122 41 avoid
2102 2855 233 56 expressing
2354 2868 76 26 our
2448 2859 150 46 regret,
2629 2854 87 39 that
2744 2854 259 51 incompara-

117 2915 13 21 /

260 2926 96 45 (Ttlt
356 2926 19 45 ,
374 2926 40 45 nd
433 2926 78 34 das
529 2939 21 21 a
566 2926 247 43 Fronfispitce
828 2927 43 31 to
892 2924 77 33 Voi.
986 2924 34 33 I.
1043 2922 46 45 of
1102 2922 71 34 The
1193 2922 183 35 National
1387 2922 211 45 Register.)
1663 2928 65 53 bly
1749 2928 71 39 the
1838 2927 164 39 bravest
2023 2937 113 39 army
2176 2936 109 39 upon
2303 2921 131 47 earth,
2466 2920 142 39 before
2629 2921 30 38 it
2681 2931 80 26 was
2781 2919 221 39 weakened

260 3006 107 35 1-li.:e
389 3006 91 31 beat)
500 3004 70 32 this
591 2999 71 47 day
684 3000 193 34 delivered
896 2998 196 37 MIATIS
1113 3004 39 28 to
1170 2999 58 33 all
1243 3000 59 31 the
1325 2996 196 41 Netesmen,
1541 2999 59 33 for
1663 2996 54 53 by
1736 2994 187 41 marches
1949 2993 79 39 and
2047 2991 241 54 privations,
2311 2989 77 39 had
2406 2993 73 34 not
2497 2988 96 39 been
2611 2986 219 54 permitted
2845 2992 40 33 to
2907 2992 94 34 turn

257 3071 61 27 ti,!
347 3071 165 37 puepose
531 3060 40 32 Gf
601 3060 109 37 being
726 3057 224 34 di6tributei
990 3061 38 27 to
1062 3056 61 33 the
1160 3056 226 33 Stibcribers
1409 3056 67 33 and
1504 3056 19 34 1
1522 3056 39 34 4,
1561 3056 39 34 r-
1665 3074 107 40 upon
1794 3059 51 40 its
1866 3072 201 40 pursuers,
2083 3057 78 39 and
2181 3057 119 52 given
2319 3056 107 39 these
2443 3056 165 39 ruffians
2624 3067 22 26 a
2665 3066 115 27 more
2799 3052 206 53 corupleat

259 3122 24 32 e
282 3122 94 32 s„„,
377 3122 25 32 s
435 3119 22 33 o
457 3119 22 33 f
502 3118 17 33 t
519 3118 52 33 h,,
604 3116 46 34 R.
661 3126 79 30 per.
794 3115 84 33 The
912 3115 123 34 Prints
1067 3123 98 24 were
1192 3113 51 33 all
1272 3111 180 46 carefully
1478 3113 119 45 dried'
1663 3128 219 56 specimen,
1912 3128 106 39 what
2039 3126 71 39 the
2127 3125 150 51 vigour
2295 3122 50 40 of
2367 3136 25 26 a
2406 3122 148 39 British
2578 3133 102 33 arm,
2711 3120 119 39 aided
2861 3120 52 52 by
2933 3120 73 39 the

260 3177 176 45 previous
456 3183 37 25 to
511 3175 97 33 their
626 3176 107 40 lie:a.);
752 3171 131 37 i:sned,
905 3171 69 33 and
993 3170 188 34 delivered
1202 3170 33 32 in
1258 3170 63 32 the
1341 3170 79 32 best
1437 3172 164 43 possible

1626 3197 6 21 '
1665 3195 301 43 characteristic
1982 3193 237 52 intrepidity
2241 3191 48 38 of
2313 3189 69 41 the
2398 3189 162 48 nation,
2577 3202 66 26 are
2663 3187 172 56 capable
2854 3188 47 39 of
2911 3202 92 38 per-

257 3241 92 28 state
372 3243 37 21 to
437 3234 63 31 the
522 3231 206 39 Neasalen,
969 3227 185 33 whatever
1180 3226 170 33 accident
1378 3236 78 22 mav
1473 3230 125 31 atten.l

259 3295 61 31 Coo
352 3289 185 40 Portrait,
565 3291 58 31 the
644 3288 120 32 blame
784 3292 94 28 must
896 3292 61 27 not
976 3288 44 30 be
1037 3283 208 34 attributed
1264 3288 40 28 to
1333 3282 61 34 the
1419 3283 183 46 Proprie.-
1664 3265 195 53 forming.
1916 3266 38 38 It
1971 3275 80 26 was
2066 3274 52 25 on
2134 3260 67 40 the
2220 3259 177 40 confines
2414 3257 48 39 of
2471 3259 124 45 Leon,
2608 3270 47 26 or
2676 3257 39 38 in
2735 3256 72 40 the
2828 3256 177 53 impreg-

260 3356 90 26 tars.
1667 3333 115 40 nable
1800 3345 133 41 passes
1965 3330 47 40 of
2047 3328 187 46 Gallicia,
2267 3327 130 38 where
2430 3331 81 34 our
2546 3330 143 46 troops
2721 3324 145 40 should
2900 3324 109 41 have

312 3405 37 34 .-f
367 3402 279 44 Chrnnolbgfertl
666 3402 110 32 Table
790 3399 47 45 of
849 3402 58 31 the
931 3399 132 34 Events
1078 3396 47 46 of
1133 3398 58 32 the
1209 3402 85 39 past
1312 3407 102 30 year,
1431 3398 170 41 together
1667 3400 117 39 made
1801 3412 25 26 a
1856 3405 234 45 temporary
2112 3394 102 46 halt,
2244 3393 77 40 and
2349 3392 158 40 infused
2537 3406 81 25 new
2640 3391 72 40 life
2743 3393 87 38 into
2850 3392 67 40 the
2936 3405 73 25 ex-

257 3474 31 21 sv
299 3463 13 33 i
312 3463 13 33 ,
325 3463 26 33 lt
383 3472 24 22 a
435 3458 156 43 etto;eus
621 3457 133 35 bulex,
777 3461 39 28 to
835 3457 187 43 oompleie
1052 3454 59 34 the
1148 3454 102 34 First
1273 3452 162 34 Volume
1459 3454 44 32 of
1528 3455 38 32 th
1587 3465 15 26 s
1629 3452 2 66 ,
1667 3465 133 53 piring
1837 3463 247 40 enthusiasm
2124 3458 50 40 of
2204 3459 69 39 the
2302 3459 156 39 natives
2478 3458 51 40 of
2556 3458 109 40 these
2698 3459 227 52 provinces,
2953 3457 57 51 by

261 3526 126 33 Paler
432 3523 28 32 is
480 3531 79 22 now
581 3519 106 45 road)
709 3519 56 33 for
783 3517 185 44 delivery,
999 3516 123 34 which
1142 3526 87 32 may
1247 3515 47 33 he
1316 3514 72 34 had
1407 3514 44 34 of
1463 3516 50 33 all
1537 3517 61 33 'h.
1667 3544 45 26 ru
1716 3544 15 26 s
1734 3531 99 52 hing

1853 3543 50 26 on
1943 3529 109 38 their
2089 3526 201 46 invaders,
2320 3526 80 39 and
2435 3526 190 52 teaching
2650 3526 66 39 the
2738 3521 76 43 for
2813 3521 77 43 Mer
2911 3523 98 39 that

257 3582 196 34 Nest:-men
483 3578 69 34 and
589 3575 240 34 Booksellers
857 3573 227 47 throughout
1115 3572 60 34 the
1209 3570 142 37 United
1389 3570 204 47 Kingdom.

257 3639 106 35 Price
391 3632 37 40 r
428 3635 228 43 ight-puttee.
1664 3596 93 53 only
1773 3595 182 53 courage
1972 3596 79 39 and
2088 3606 287 41 perseverance
2395 3607 70 25 are
2486 3605 210 39 necessary
2717 3604 52 26 on
2792 3591 104 39 their
2917 3594 96 47 part

417 3630 2842 39 .

1663 3671 43 35 to
1726 3679 139 28 secure
1884 3664 106 40 their
2010 3661 317 54 independence.
2376 3663 78 39 But
2476 3660 71 40 the
2563 3673 109 27 S'ARIC
2694 3658 102 41 fatal
2817 3657 193 47 mistake,
3244 3672 34 32 ;..•
3307 3657 4 59 .

306 3703 83 38 ***
422 3696 138 37 Should
576 3705 71 34 any
666 3693 47 35 of
724 3694 64 34 the
807 3693 234 34 Subscribers
1072 3691 87 35 wish
1191 3694 39 31 to
1248 3690 96 35 have
1375 3691 59 35 the
1452 3693 145 35 Annua'

254 3751 167 41 'Volume
450 3755 44 34 of
526 3755 71 33 The
618 3751 181 35 IV3tional
831 3754 167 32 Reeiqer
1017 3749 122 34 hound
1170 3754 38 27 at
1241 3749 60 33 the
1326 3748 112 37 Office
1465 3750 44 34 of
1539 3751 61 33 t!:e
1665 3733 125 43 which
1809 3733 72 39 has
1894 3737 112 48 crept
2023 3732 87 39 into
2124 3743 78 28 our
2218 3729 178 41 councils
2407 3733 41 34 at
2467 3729 137 44 home,
2621 3728 79 39 had
2717 3726 126 40 found
2857 3728 50 39 its
2922 3739 91 39 way
3307 3703 9 66 i

255 3816 39 41 P,
294 3816 19 41 o
313 3816 201 41 ,,r,etars,
531 3811 48 38 by
596 3810 154 37 seiding
768 3808 99 34 their
893 3808 198 33 directions
1120 3811 38 28 to
1191 3804 73 35 No.
1289 3806 59 39 11,
1383 3806 215 38 CatheHce-
1663 3803 89 37 into
1778 3800 73 40 the
1869 3811 143 40 camp;
2044 3797 78 40 and
2140 3797 67 40 the
2228 3800 193 45 supposed
2434 3798 223 46 immensity
2681 3794 47 38 of
2743 3794 72 39 the
2831 3795 184 53 enemy's

249 3879 128 35 street,
397 3870 154 44 Strand,
570 3868 211 35 immediate
801 3866 182 35 attention
1010 3865 94 34 shall
1126 3865 47 32 he
1204 3865 105 32 made
1330 3870 37 27 to
1388 3865 83 35 such
1496 3876 79 25 corn
1663 3866 110 41 force
1794 3865 191 41 rendered
2014 3863 122 54 flight
2156 3867 222 45 expedient,
2411 3862 80 40 and
2518 3874 150 27 success
2704 3863 311 46 impracticable.
3231 3772 44 399 I

247 3931 141 38 mantis.
1663 3937 26 51 E
1689 3937 26 51 v
1715 3937 26 51 e
1741 3937 26 51 r
1767 3937 26 51 y
1812 3935 96 51 day,
1924 3945 120 40 every
2063 3944 85 27 new
2169 3935 122 34 event
2308 3930 125 40 shews
2448 3928 71 41 the
2539 3928 144 53 fallacy
2707 3928 48 39 of
2769 3927 78 41 this
2864 3940 151 39 suppo-
3066 3931 7 8 '

795 3986 19 11 ,

318 3994 5 56 .
387 4023 13 24 I
620 4033 33 9 -.
1659 4002 120 40 sition
1796 4017 12 30 ;
1841 4000 77 40 and
1942 4000 65 39 the
2026 3998 220 41 irresitible
2278 3996 263 54 impetuosity
2580 3994 50 40 of
2643 4009 77 26 our
2753 3994 191 52 troops,
2944 3998 72 33 are

234 4050 61 43 jr
360 4042 184 40 ••••:-*.,4.
578 4055 15 14 ••
609 4048 79 39 oat
723 4048 230 41 imp,rivio,
972 4042 46 35 or
1029 4044 58 32 the
1113 4042 237 41 Inteli;genre
1369 4042 79 34 that
1465 4043 77 34 will
1559 4043 38 31 be

327 4078 69 39 ~“-
402 4059 2 58 •
435 4078 12 15 4
540 4059 1 58 .
575 4059 4 58 -
676 4104 11 5 -
1659 4067 197 41 rendered
1893 4067 83 39 inef
1976 4065 26 40 fi
2007 4067 180 47 cacious,
2219 4065 38 39 in
2278 4075 280 43 consequence
2589 4062 51 40 of
2661 4063 81 39 this
2763 4059 255 43 miscalcula-

330 4098 45 53 -
510 4098 45 53 .
600 4098 182 53 jAir
798 4113 13 25 \
826 4113 20 24 L
880 4101 112 34 REGI
1002 4109 40 24 ST
1051 4108 54 25 ER.
1131 4098 46 45 4
1192 4100 71 32 trtiv
1292 4100 54 32 1)u
1359 4111 13 27 t
1372 4111 14 27 ,
1406 4102 30 30 it
1460 4102 15 32 i
1475 4102 15 32 s
1505 4111 67 33 pre
1572 4111 22 33 _

311 4144 19 50 i
330 4142 34 47 f;,
560 4144 81 39 .j*-41'
685 4155 7 4 -
819 4159 50 45 Ap
868 4159 25 45 o
893 4159 25 45 l
918 4159 52 45 og
970 4159 26 45 y
1004 4156 72 47 for
1094 4157 59 34 the
1170 4157 177 34 omission
1364 4156 46 47 of
1420 4157 57 35 the
1492 4159 109 33 usual

175 4127 5 81 '
191 4159 57 50 ';Efl
1659 4135 100 41 tion.
1820 4139 286 43 BONAPARTE,
2135 4147 44 27 as
2216 4146 93 40 may
2343 4133 52 40 be
2427 4131 197 41 surmised
2659 4131 112 39 from
2805 4131 61 39 his
2898 4127 119 44 usual

494 4230 14 27 s
508 4230 31 27 -,
552 4222 19 34 a
615 4222 1 34 .
635 4222 5 34 .

666 4238 18 20 ,•
704 4227 4 34 .
758 4241 34 20 ~,.
806 4227 32 24 c.

185 4250 38 58 ....1
256 4263 7 6 •
288 4201 6 35 ►

294 4230 48 99 -)Ac
343 4230 24 99 ti
366 4230 37 99 -i,
403 4230 25 99 ,.
428 4230 12 99 .
439 4230 13 99 -
459 4241 46 45 Vl_
536 4252 53 43 ~-r
589 4252 89 43 ilkir
790 4195 5 133 -
1613 4213 14 39 1
1659 4204 222 57 prudence,
1911 4204 187 54 brought
2128 4204 69 41 the
2225 4206 163 52 greater
2422 4205 100 51 part
2557 4199 50 44 of
2621 4200 61 43 his
2702 4204 110 39 most
2829 4195 167 53 effttctly!
2995 4195 17 53 ,
3012 4195 18 53 .

3157 4250 22 9 -
3255 4250 4 19 .

420 4310 7 5 -
471 4281 163 53 •okl•rk.
646 4299 11 14 ,
689 4278 25 25 ''''
1304 4278 5 57 •
2849 4278 5 57 .
2928 4278 2 57 .

289 4361 12 12 '
389 4330 9 57 ;
398 4330 32 57 .-.
430 4330 53 57 4‘0w.
483 4330 11 57 ,
494 4330 181 57 ...-7.:*;.".....'
741 4342 31 30 'le
3257 4330 5 57 •
