3402 4429
319 96 65 50 66

455 260 124 24 ';.,,i„
604 259 7 25 ;
621 252 76 46 ney
733 244 219 52 plundered
986 244 69 39 the
1078 247 266 50 Portuguese,
1374 242 97 52 they
1499 239 172 41 insulted

324 306 106 41 their
449 308 236 48 prejudices,
717 308 94 44 and,
841 308 52 52 by
914 307 216 53 depriving
1149 307 110 40 them
1281 307 46 39 of
1350 306 72 39 the
1441 304 175 39 benefits
1630 300 47 40 of

325 381 247 33 commerce,
604 370 100 39 took
745 383 122 40 every
906 370 118 51 thing
1062 383 115 27 away
1212 369 129 40 which
1367 366 124 41 could
1528 365 143 40 render

325 437 204 43 urvitude
548 437 211 41 tolerable.
798 438 85 39 The
900 437 146 52 people
1065 436 48 40 of
1128 435 214 54 Portugal,
1359 431 309 56 consequently,

327 504 265 40 abominated
632 504 109 40 their
776 517 246 39 oppressors.
1081 503 214 40 Exclusive
1319 502 50 39 of
1391 502 71 39 the
1483 498 185 40 affection

327 566 96 53 they
448 570 107 34 must
593 566 107 39 have
723 566 65 38 for
819 579 58 31 us,
907 579 44 25 as
971 565 70 39 the
1061 565 177 39 enemies
1270 565 50 39 of
1343 565 109 39 their
1483 566 158 50 tyrants
1658 578 11 27 ;

330 643 76 26 our
443 643 93 26 very
573 643 122 25 name
732 626 171 41 recalled
926 632 41 33 to
990 626 105 39 their
1116 627 135 39 minds
1271 626 67 39 the
1374 625 200 39 influence
1594 622 73 39 and

331 690 255 53 tranq►►illity
626 691 97 50 they
744 689 200 52 possessed
979 689 188 52 previous
1193 694 46 32 to
1258 689 103 39 their
1390 685 279 52 subjngatiou.

331 752 149 46 'Trade•,
513 752 152 52 plenty,
689 750 255 52 punishment
969 748 50 40 of
1050 749 180 51 injuries,
1260 750 76 38 and
1354 746 315 53 independence,

332 827 100 28 were
471 815 37 38 in
528 815 67 38 the
626 816 110 35 train
757 811 45 38 of
828 826 22 26 a
873 810 149 40 British
1043 824 113 39 army
1173 827 9 31 ;
1218 811 77 40 and
1324 811 98 40 they
1457 809 131 39 hailed
1623 808 50 39 its

331 892 124 38 appe7
467 889 117 27 ranee
604 891 41 25 as
677 876 70 39 the
775 873 125 53 signal
921 873 48 40 of
993 874 266 45 deliverance,
1291 872 78 40 and
1389 872 71 40 the
1480 872 116 39 dawn
1629 870 48 40 of

332 956 25 26 a
376 943 133 38 better
528 940 91 51 day.

387 1009 122 38 From
527 1006 69 38 the
615 1004 157 52 picture
794 1015 54 26 we
868 1002 105 39 have
994 1015 87 26 now
1102 998 210 48 sketched,
1342 999 149 47 which,
1509 998 159 53 though

332 1069 135 46 hasty,
489 1081 91 39 may
605 1068 50 38 be
678 1065 124 40 relied
831 1078 52 25 on
906 1077 41 25 as
969 1069 170 39 correct,
1168 1063 94 39 who
1296 1062 135 40 would
1467 1061 104 40 have
1602 1059 70 41 the

332 1131 187 39 madness
534 1135 40 33 to
593 1128 204 54 prophecy
817 1127 69 38 the
901 1139 296 40 consequences
1219 1124 46 39 of
1279 1126 66 39 the
1367 1123 172 41 ill-fated
1561 1137 81 26 cam-

333 1194 120 52 paign
476 1193 90 38 that
586 1189 176 40 ensieid?
813 1192 52 38 At
886 1186 50 43 its
957 1189 190 51 opening,
1167 1200 125 40 every
1309 1187 119 51 thing
1447 1200 79 25 was
1539 1188 110 50 auspi-

332 1256 112 39 cious
483 1254 77 38 and
589 1248 519 53 exhiiirating;—Soldiers
1127 1250 129 39 brave
1276 1250 74 39 and
1370 1248 154 53 willing
1537 1248 136 44 ;--the

334 1316 194 40 Generals
541 1316 34 37 in
644 1315 125 50 iigent
782 1312 73 39 and
867 1311 418 52 enterprising;—the
1298 1316 175 46 country
1487 1309 164 43 well-dis-

332 1378 122 53 posed
476 1378 78 37 and
573 1370 170 56 I:Uendly
759 1372 200 47 ;—whilst
974 1372 70 39 the
1059 1372 195 39 direction
1271 1370 48 40 of
1331 1372 71 39 the
1419 1371 141 41 future
1577 1385 72 40 ope-

332 1441 154 39 rations
502 1452 76 26 y.as
595 1431 183 44 confided
797 1440 56 39 to,
872 1435 189 52 perhaps,
1075 1434 67 39 the
1163 1440 105 33 most
1287 1434 224 53 promising
1527 1435 145 40 Officer

332 1506 39 38 in
398 1517 77 26 our
497 1502 165 38 service.
724 1499 59 38 Sir
800 1501 46 35 A.
869 1499 103 37 Writ
972 1499 104 37 Este
1076 1499 52 37 s,
1147 1508 209 40 possesses,
1384 1496 39 39 iii
1444 1508 24 27 a
1489 1496 94 52 high
1605 1496 44 39 de-

330 1580 111 40 gree,
463 1579 22 25 a
517 1566 106 35 •nion
648 1561 51 39 of
722 1559 201 53 qualities,
943 1557 128 39 which
1093 1571 70 26 are
1179 1557 151 40 seldom
1350 1556 70 41 the
1441 1554 228 58 patrimony

332 1630 52 39 of
410 1642 78 25 one
522 1641 107 25 man.
722 1625 58 35 Ile
803 1622 125 51 joins,
964 1626 45 33 to
1039 1620 69 39 the
1141 1619 419 53 comprehensiveness
1594 1620 74 39 and

332 1693 203 53 prudence
554 1689 47 37 of
618 1688 66 38 the
709 1690 240 35 .7'tatesman,
983 1681 51 40 all
1068 1682 66 39 the
1154 1682 215 39 attributes
1390 1682 51 39 of
1468 1696 24 25 a
1509 1677 161 53 soldier,

331 1754 136 39 whose
487 1750 70 40 life
578 1746 69 43 has
665 1749 104 35 been
790 1752 113 45 spent
926 1746 35 37 in
979 1757 135 38 camps
1128 1760 11 27 ;
1173 1744 77 39 and
1270 1744 137 39 whose
1426 1744 155 53 history
1599 1747 31 38 is
1649 1759 21 25 a

331 1817 120 39 series
471 1813 50 37 of
529 1809 195 40 victories
741 1808 74 38 and
836 1806 185 53 gigantic
1039 1805 235 52 enterprise.

385 1878 87 37 The
495 1874 220 51 foregoing
736 1870 242 51 description
1000 1867 202 51 naturally
1239 1881 191 39 prepares
1463 1869 69 40 the
1563 1870 109 39 mind

331 1941 66 38 for
416 1939 115 37 those
547 1933 128 52 signal
697 1937 152 40 events,
880 1929 132 40 which
1042 1929 105 39 form
1183 1942 25 26 a
1246 1941 86 27 new
1364 1931 131 52 epoch
1526 1932 40 39 in
1604 1932 70 40 the

332 1998 141 41 annals
495 1998 47 38 of
557 2011 22 24 a
595 2000 191 45 country,
804 1993 74 39 and
900 1993 63 51 lay
984 1990 69 40 the
1074 1989 241 40 foundation
1336 1993 50 38 of
1417 1993 51 39 its
1500 2007 149 39 prepon-

330 2065 175 39 derance
527 2057 73 40 and
621 2057 137 52 glory.
815 2052 35 43 It
872 2055 28 39 is
920 2059 110 39 true,
1058 2066 76 26 our
1162 2066 117 39 army
1307 2053 172 43 fulfilled
1504 2057 70 39 the
1604 2070 47 26 ex-

332 2127 228 53 pectations
580 2122 47 39 of
637 2122 69 38 the
728 2120 152 52 public,
911 2119 78 39 and
1026 2131 99 27 even
1155 2121 209 50 surpassed
1385 2120 128 41 them.
1573 2125 100 39 Two

332 2187 207 44 victories,
570 2190 41 34 at
634 2183 151 39 lioleia
800 2181 73 38 and
899 2180 195 46 Vimeira,
1121 2179 241 41 established
1393 2183 72 38 the
1493 2185 161 50 superio-

332 2252 78 50 rity
435 2249 132 39 o:•iur
588 2258 115 40 army
719 2245 64 38 for
795 2244 175 50 bravery
985 2255 43 26 as
1041 2239 85 41 Well
1147 2254 44 27 as
1208 2242 207 53 discipline
1434 2261 12 27 ;
1467 2245 130 41 whilst
1609 2248 67 39 the

331 2313 308 47 arrangiinents
663 2306 188 52 previous
863 2310 60 39 to,
953 2304 79 39 and
1048 2302 146 54 during
1217 2303 69 41 the
1297 2313 287 45 engagement,
1598 2310 77 39 and

331 2376 71 39 the
419 2372 189 40 boldness
627 2368 51 41 of
691 2369 72 37 the
776 2367 248 52 operations,
1045 2365 141 52 placed
1202 2365 69 41 the
1290 2369 272 39 Commander
1578 2383 54 27 on
1645 2375 31 37 a

332 2434 120 44 level,
474 2433 67 38 for
561 2427 263 56 professional
843 2426 96 41 skill
952 2425 78 43 and
1043 2425 244 52 enterprize,
1316 2427 96 39 with
1434 2441 77 40 any
1544 2432 104 39 Gene-

332 2497 60 43 ral
413 2496 50 39 of
476 2494 70 39 the
562 2494 161 52 present
741 2489 91 52 day.
891 2487 104 40 Such
1012 2500 78 25 was
1104 2487 71 37 the
1194 2489 234 52 campaign,
1467 2490 78 40 and
1576 2493 96 40 such

337 2562 71 39 the
430 2556 261 50 intelligence
730 2550 77 39 and
841 2549 180 40 heroism
1056 2548 91 38 that
1180 2549 168 39 marked
1384 2550 52 39 its
1473 2565 197 40 progress.

317 2622 98 43 'But
431 2631 115 27 some
562 2617 146 38 demon
735 2613 71 39 has
823 2611 161 39 marred
1004 2609 51 39 all
1071 2623 11 31 ;
1114 2609 77 39 and
1209 2622 119 40 every
1346 2610 118 54 thing
1494 2611 71 40 has
1594 2620 60 35 ter-

333 2679 183 45 minated
554 2678 37 38 in
626 2675 183 52 disgrace
846 2672 78 39 arid
960 2670 357 53 disappointment.
1376 2672 89 40 The
1501 2681 170 48 country

330 2745 74 39 bas
423 2744 103 38 been
549 2737 154 41 robbed
725 2735 48 39 of
789 2735 69 38 her
878 2733 133 53 glory,
1042 2732 66 39 the
1128 2731 163 40 honour
1310 2733 50 38 of
1369 2733 73 39 her
1461 2748 105 27 arms
1596 2738 59 39 sul-

330 2805 94 46 lied,
446 2803 71 39 the
539 2799 119 40 blood
684 2797 50 40 of
749 2797 70 38 her
849 2809 93 26 sons
958 2794 183 53 uselessly
1178 2794 112 46 shed,
1319 2794 69 39 the
1421 2797 255 54 Portuguese

331 2872 105 39 have
456 2870 102 38 been
580 2863 220 44 alienated,
813 2862 70 39 the
900 2874 145 40 enemy
1059 2862 208 51 conveyed
1287 2861 38 38 in
1346 2875 80 26 our
1446 2863 106 54 ships
1567 2867 105 39 back

328 2939 46 33 to
393 2931 109 39 their
528 2940 89 26 own
638 2926 139 39 shores
795 2941 9 27 ;
836 2922 197 53 laughing
1069 2927 44 34 at
1147 2935 79 26 our
1252 2923 221 47 weakness,
1495 2927 77 39 and
1606 2929 45 39 de-

328 2994 133 50 riding
483 3004 76 26 our
591 2986 222 52 imbecility
830 3002 11 27 ;
875 2983 131 40 whilst
1028 2983 66 39 the
1129 2983 215 52 Spaniards
1377 2999 104 27 were
1519 2987 76 41 left
1630 2996 44 34 to

330 3053 176 41 contend
527 3051 117 39 alone
659 3048 98 40 with
776 3047 105 40 their
901 3044 201 41 merciless
1117 3045 202 46 invaders,
1336 3047 78 39 and
1435 3061 103 27 were
1556 3064 94 28 over-

328 3115 200 43 whelmed
549 3112 139 38 before
704 3120 58 28 we
782 3107 119 41 could
926 3107 104 40 raise
1050 3120 47 25 an
1121 3120 86 26 arm
1232 3107 39 39 in
1292 3107 104 40 their
1410 3107 182 45 defence.

384 3180 74 38 Let
485 3188 46 25 us
567 3184 174 41 suppose
761 3170 204 40 ourselves
985 3170 168 52 reading
1174 3170 70 39 the
1264 3170 138 39 annals
1426 3171 50 38 of
1500 3175 174 40 another

313 3236 175 58 'people,
520 3236 77 39 and
632 3234 48 39 of
715 3233 169 38 another
915 3244 93 39 age,
1039 3244 58 26 we
1126 3230 137 40 would
1297 3231 278 56 immediately
1607 3250 43 27 ac-

322 3317 96 26 cuse
433 3300 71 39 the
524 3296 135 40 writer
681 3296 51 39 of
746 3295 294 52 exaggeration
1059 3293 77 40 and
1154 3294 231 52 perversion
1403 3294 51 39 of
1466 3295 99 40 facts
1583 3317 12 26 ;
1625 3313 47 26 or

325 3365 144 52 should
495 3364 50 39 he
561 3366 177 47 attempt
757 3365 45 34 to
820 3359 197 52 develope
1050 3364 40 34 to
1114 3372 46 26 us
1193 3358 67 39 the
1291 3372 135 33 cause,
1460 3372 58 30 we
1537 3364 133 40 would

324 3431 259 56 indignantly
606 3428 193 53 fling-411e
816 3426 116 40 book
953 3439 130 40 away,
1115 3426 181 53 refusing
1316 3442 78 25 our
1415 3433 130 35 assent
1565 3436 44 34 to
1629 3446 43 25 so

322 3497 276 50 extravagaut
620 3504 53 25 an
710 3488 103 45 idea,
842 3500 43 26 as
905 3488 91 38 that
1017 3498 24 27 a
1069 3488 157 46 nation,
1258 3488 37 39 in
1317 3489 67 39 the
1422 3496 105 34 most
1547 3493 123 40 awful

321 3559 112 41 crisis
454 3557 48 38 of
515 3557 51 38 its
586 3552 152 46 affairs,
769 3549 142 40 should
927 3550 51 38 be
996 3563 43 25 so
1056 3549 243 46 infatuated,
1329 3565 47 25 or
1388 3565 45 26 so
1449 3552 220 48 dastardly,

304 3628 61 45 _to
389 3620 118 40 allow
530 3631 24 25 a
582 3617 77 39 few
680 3611 259 47 individuals,
971 3625 43 25 as
1050 3611 224 40 detestable
1310 3612 66 40 for
1410 3613 107 40 their
1545 3617 123 47 vices,

319 3702 46 26 as
384 3686 96 52 they
502 3697 67 25 are
589 3677 294 54 contemptible
901 3677 64 39 for
984 3676 106 40 their
1109 3676 239 56 imbecility,
1369 3680 78 38 and
1472 3680 197 53 repulsive

319 3763 56 26 on
397 3750 176 38 account
592 3743 48 40 of
673 3742 105 39 their
813 3739 203 40 insolence
1050 3739 78 39 and
1157 3739 164 53 luxury,
1351 3746 44 32 to
1419 3741 250 56 mismanage

319 3811 78 41 and
416 3810 240 39 counteract
671 3816 124 40 (ncry
817 3815 185 27 measure
1023 3802 89 38 that
1133 3815 92 39 may
1244 3802 50 39 be
1311 3804 200 51 proposed
1532 3806 67 39 for
1622 3808 46 37 its

319 3872 176 52 security
521 3869 74 40 and
619 3869 178 38 houour.
854 3865 89 39 The
981 3863 90 40 idea
1104 3863 31 39 is
1165 3878 44 26 so
1243 3870 244 46 repugnant,
1519 3867 89 41 that
1638 3869 37 38 if

315 3938 72 38 the
406 3933 241 53 experience
670 3930 51 38 of
736 3941 118 38 every
874 3927 80 50 day
977 3926 66 38 did
1064 3931 70 33 not
1153 3926 195 39 convince
1369 3940 45 26 us
1434 3927 51 38 of
1512 3928 46 40 its
1579 3944 64 27 rea-

314 3998 92 44 lity,
429 4011 61 25 we
511 3993 144 40 should
678 3991 79 39 feel
780 4004 22 24 a
819 3989 294 40 mortification
1134 3989 38 39 in
1189 3989 202 54 assenting
1406 3994 44 34 to
1472 3990 41 40 it.

370 4072 79 35 But
480 4063 144 43 should
647 4061 83 41 this
750 4061 366 51 mismanagement
1152 4072 152 39 appear
1323 4059 39 43 in
1383 4072 79 26 our
1480 4075 90 26 own
1605 4063 39 39 af-

312 4131 94 39 fairs
423 4147 8 27 ;
465 4126 144 41 should
633 4123 115 52 folly,
772 4123 84 39 vice
878 4122 79 39 and
978 4122 276 52 presumption
1278 4122 131 39 thrust
1424 4122 241 44 themselves

311 4195 21 40 i
332 4195 65 40 nto
418 4189 25 56 a
443 4189 298 56 prointwents,
781 4183 133 40 where
937 4183 93 52 only
1056 4183 158 52 genius,
1254 4183 132 40 virtue
1407 4180 79 44 and
1505 4187 161 53 experi.

1201 96 146 54 THE
1385 89 383 58 NATIONAL
1805 89 386 53 REGISTER.

2796 90 159 53 JAN.
2994 94 85 51 29.

1734 234 98 26 ence
1852 223 130 51 ought
2001 228 43 32 to
2067 223 155 52 preside
2241 239 11 30 ;
2282 222 149 40 should
2452 226 106 37 want
2581 224 48 38 of
2642 228 146 41 system
2812 224 76 39 and
2917 230 143 48 co-ope-

1736 288 133 38 ration
1892 301 158 40 appear,
2065 289 40 38 in
2125 301 119 40 every
2267 288 259 52 department
2542 305 13 30 ;
2587 288 142 40 should
2752 288 67 40 the
2838 291 171 40 services
3039 292 50 40 of

1736 348 67 40 the
1821 364 117 39 army
1959 351 76 38 and
2060 364 106 38 navy
2189 351 47 38 be
2261 348 223 41 frustrated
2517 352 51 51 by
2590 352 70 39 the
2685 353 142 38 abuses
2846 354 76 39 and
2943 354 139 40 delays

1734 411 116 43 ofthe
1866 415 236 50 Transport,
2115 412 265 53 Victualling,
2407 413 77 40 and
2500 415 210 39 Ordnance
2731 415 146 40 boards
2895 432 9 27 ;
2935 418 145 40 should

1735 488 22 25 a
1770 474 276 40 considerable
2068 474 164 53 portion
2244 474 48 40 of
2300 475 113 39 these
2427 472 198 43 diSorders
2643 475 50 40 be
2714 478 136 38 traced
2868 482 43 35 to
2933 480 67 39 the
3021 480 39 39 in-

1734 539 187 52 capacity
1950 537 48 38 of
2014 552 22 26 a
2063 536 128 53 single
2217 536 237 47 individual,
2485 542 45 34 to
2550 537 71 39 the
2636 536 4 54 .
2652 537 99 40 fatal
2773 540 230 51 protection
3026 541 52 38 he

1734 600 168 38 extends
1920 604 43 34 to
1993 612 22 25 a
2049 604 60 33 set
2146 599 50 38 of
2222 598 168 52 greedy,
2420 598 280 54 unprincipled
2733 600 206 41 followers
2956 620 11 28 ;
3000 604 79 38 and

1734 661 144 41 should
1916 661 93 53 they
2047 661 53 40 be
2119 660 170 41 suffered
2310 665 45 35 to
2375 661 145 39 subsist
2556 661 67 39 for
2654 676 52 25 no
2737 661 119 40 other
2887 674 191 41 purpose,

1735 730 96 39 than
1851 729 90 38 that
1959 728 50 39 of
2017 728 228 52 gratifying
2256 726 59 40 his
2334 726 161 53 private
2515 726 107 41 vices
2643 728 76 38 and
2740 728 228 40 inordinate
2991 743 59 25 am-

1735 797 155 44 bition;
1910 795 131 40 where
2059 793 133 41 would
2211 806 57 26 we
2277 793 129 40 under
2417 793 96 40 such
2530 793 308 41 circumstances
2854 795 80 39 find
2949 796 130 40 words

1734 865 44 33 to
1806 863 188 33 execrate
2024 857 69 39 the
2128 856 177 40 Authors
2352 855 51 40 of
2425 868 78 27 our
2538 855 219 47 distresses,
2786 870 48 25 or
2867 857 207 54 language

1734 920 237 52 sufficiently
2016 932 143 28 severe
2196 922 45 34 to
2290 930 175 41 reprove
2528 932 78 26 our
2657 932 91 26 own
2799 920 275 41 indifference.

1735 984 85 39 The
1856 981 244 54 Expedition
2118 986 46 34 to
2191 980 215 53 Portugal,
2435 980 70 40 the
2537 980 138 40 march
2693 980 106 40 from
2820 977 193 45 Cortinna
3033 981 44 40 to

1734 1049 191 48 Astorga,
1955 1045 69 39 the
2054 1044 104 43 fatal
2191 1046 154 38 retreat
2362 1042 109 40 from
2492 1041 204 53 Sahagnn,
2726 1043 78 39 and
2825 1043 51 39 all
2908 1044 67 41 the
2995 1046 63 51 pri-

1736 1109 159 39 vations
1910 1108 74 39 and
2002 1107 145 51 misery
2167 1119 78 27 our
2261 1106 129 39 brave
2407 1104 168 40 soldiers
2594 1103 104 41 have
2715 1106 217 46 sustained,
2950 1120 128 38 prove

1736 1169 67 40 the
1821 1175 143 37 extent
1982 1167 50 41 of
2043 1168 73 39 the
2132 1167 98 45 evil,
2261 1181 41 25 as
2323 1165 90 41 well
2430 1180 41 25 as
2490 1167 70 38 the
2580 1166 219 52 imperious
2818 1169 193 51 necessity
3033 1169 51 39 of

1736 1227 213 57 removing
2001 1230 46 39 it.
2125 1230 87 39 The
2249 1224 230 57 hardships,
2517 1241 79 26 our
2642 1233 142 47 troops
2823 1230 104 39 have
2973 1230 105 39 been

1737 1289 202 57 wantonly
1976 1292 78 40 and
2074 1290 269 53 barbarously
2365 1290 178 53 exposed
2557 1294 60 39 to,
2648 1289 178 54 through
2862 1291 69 40 the
2949 1291 106 54 negli-

1734 1371 125 41 gence
1877 1372 46 26 or
1951 1354 309 57 iticompetency
2277 1350 50 45 of
2341 1350 70 44 the
2441 1356 334 45 commissariate,
2806 1356 106 39 have
2929 1357 148 40 roused

1734 1422 70 38 the
1839 1419 254 54 indignation
2115 1431 43 26 as
2190 1416 86 41 well
2313 1429 45 26 as
2393 1417 215 52 sympathy
2631 1417 132 44 ofAe
2800 1419 137 52 public
2995 1419 81 40 and

1736 1496 204 26 measures
1959 1485 107 38 must
2093 1482 47 37 be
2163 1479 196 53 proposed
2380 1479 78 38 and
2474 1478 176 52 adopted
2672 1483 41 33 to
2734 1486 172 45 prevent
2924 1481 70 40 the
3017 1495 41 25 re-

1735 1557 195 28 currence
1950 1543 47 39 of
2013 1556 43 26 so
2079 1543 135 52 trying
2232 1554 50 25 an
2304 1540 142 39 abuse.
2504 1539 144 40 Whilst
2678 1541 67 39 the
2764 1548 177 46 greatest
2956 1544 122 38 order

1735 1600 74 46 and
1821 1612 63 34 act
1892 1604 97 54 iVity
2008 1602 178 56 prevails
2205 1603 39 39 in
2259 1602 69 40 the
2342 1615 111 26 same
2464 1602 255 53 department
2732 1617 151 40 among
2897 1606 69 38 the
2986 1619 67 26 ene-

1736 1684 64 40 my
1819 1669 78 40 and
1911 1668 103 38 their
2023 1667 148 39 armies
2191 1676 70 28 are
2280 1664 250 53 abundantly
2550 1665 183 53 supplied
2753 1667 94 39 with
2870 1682 122 39 every
3017 1682 41 26 re-

1734 1731 163 54 quisite,
1926 1742 58 26 we
2003 1728 84 40 find
2120 1727 364 51 notwithstanding
2504 1727 70 39 the
2593 1733 90 34 vast
2712 1740 202 30 resources
2930 1730 50 39 of
3007 1731 72 39 the

1735 1799 191 47 country,
1944 1791 77 39 and
2041 1791 72 39 the
2133 1789 201 39 immence
2360 1802 107 27 sums
2485 1788 208 52 expended
2712 1787 64 41 for
2796 1791 67 39 the
2883 1805 193 39 purpose,

1735 1859 91 39 that
1864 1857 196 38 incessant
2088 1850 246 54 complaints
2369 1864 70 26 are
2467 1850 118 40 made
2622 1851 129 39 about
2780 1851 70 40 the
2888 1853 171 40 insuffici-

1735 1937 100 39 ency
1889 1920 77 40 and
2003 1909 259 61 irregularity
2311 1916 57 40 of
2395 1916 70 40 the
2504 1915 180 54 supplies
2717 1916 78 41 for
2838 1932 77 26 our
2966 1933 109 26 men.

1741 1993 216 38 However,
1985 1975 37 50 it
2037 1985 70 39 the
2127 1982 83 41 late
2229 1983 203 40 distresses
2452 1980 47 40 of
2522 1994 77 26 our
2615 1994 131 41 army,
2776 1983 189 52 together
2979 1985 99 39 with

1740 2053 152 39 former
1910 2044 198 50 disasters,
2139 2046 167 52 impress
2333 2046 71 38 the
2437 2044 272 52 insufficiency
2748 2044 51 40 of
2819 2059 78 27 our
2916 2055 163 44 present

1739 2115 321 50 arrangements,
2100 2120 59 27 we
2194 2107 133 41 would
2367 2107 50 38 be
2447 2105 171 40 inclined
2655 2111 44 33 to
2733 2106 103 41 bless
2870 2109 71 39 the
2970 2109 107 40 hand

1741 2176 129 39 which
1898 2173 70 39 has
1985 2170 174 41 afflicted
2180 2184 64 31 us;
2276 2169 79 39 and
2370 2169 35 39 if
2420 2169 69 39 the
2507 2169 263 39 amendment
2791 2170 50 39 be
2858 2170 221 54 complete,

1739 2239 67 39 the
1825 2235 131 41 battle
1969 2235 48 38 of
2041 2235 193 38 Corunna
2252 2230 123 41 offers
2412 2245 46 25 us
2487 2231 73 39 the
2595 2231 198 53 certainty
2815 2232 51 40 of
2887 2236 193 52 stopping

1742 2303 262 37 BONAPARTk;
2026 2296 38 38 in
2088 2295 73 39 the
2177 2307 138 28 career
2334 2293 51 41 of
2399 2293 59 39 his
2478 2293 200 40 fortunes.
2734 2293 118 41 After
2871 2295 70 41 the
2959 2303 124 34 event

1739 2362 50 41 of
1811 2361 92 39 that
1922 2357 253 40 memorable
2194 2355 145 48 battle,
2372 2356 70 39 the
2471 2362 268 47 counterpart
2757 2356 52 40 of
2830 2356 71 40 the
2919 2357 100 54 days
3034 2362 51 39 of

1740 2426 162 38 CRESCY
1942 2418 79 40 and
2041 2422 273 40 AtuNcounT,
2343 2430 63 26 we
2425 2415 144 40 should
2589 2417 176 52 explode
2784 2418 295 57 pusillanimity

1739 2485 63 39 for
1827 2494 97 27 ever
1943 2481 104 39 from
2072 2492 76 26 our
2165 2476 195 43 councils.
2419 2476 145 40 Shame
2583 2491 56 26 on
2659 2478 71 39 tho
2746 2478 169 54 feelings
2934 2481 50 39 of
3006 2481 72 40 the

1740 2543 236 45 individual,
2006 2542 93 38 who
2126 2539 132 40 would
2278 2551 93 27 now
2393 2541 260 39 recommend
2672 2541 164 39 caution
2858 2543 39 38 in
2920 2556 76 26 our
3014 2543 43 43 fu-

1741 2615 89 33 ture
1845 2604 250 53 operations,
2118 2614 47 26 or
2186 2600 135 40 advise
2344 2614 47 25 us
2407 2606 44 33 to
2472 2598 159 40 decline
2652 2601 69 60 the
2739 2609 159 34 contest
2928 2606 37 39 in
2982 2619 73 26 con-

1739 2683 197 43 sequence
1969 2669 47 39 of
2054 2668 71 39 the
2161 2668 180 48 enemy's
2379 2666 247 51 superiority
2650 2666 47 38 of
2727 2668 209 40 numbers.
2993 2672 89 39 The

1741 2735 72 39 last
1832 2730 180 57 glorious
2028 2728 133 40 battle
2178 2728 72 37 has
2277 2726 158 52 proved
2458 2726 90 39 that.
2568 2727 69 39 the
2652 2726 65 41 old
2741 2730 174 52 popular
2934 2732 145 54 adege,

1740 2800 46 48 of
1808 2810 78 25 one
1904 2796 267 45 Englishman
2190 2792 167 45 beating
2369 2791 113 37 three
2498 2789 266 48 Frenchmen,
2793 2791 31 40 is
2838 2793 155 40 neither
3013 2809 65 26 ex:

1737 2859 221 51 travagant
1975 2867 76 26 nor
2069 2849 321 56 impracticable.
2447 2852 37 37 It
2505 2862 93 40 may
2621 2851 51 39 be
2689 2852 185 40 criminal
2891 2859 43 35 to
2953 2857 129 40 foster

1740 2921 66 38 the
1841 2917 138 51 vanity
2002 2914 52 40 of
2076 2927 24 25 a
2119 2911 170 53 people;
2329 2911 77 40 but
2439 2924 60 27 we
2535 2911 123 40 know
2693 2920 74 33 not
2804 2916 128 41 under
2968 2920 112 40 what

1740 2987 103 34 term
1861 2978 50 41 of
1932 2976 254 40 abhorrence
2204 2979 45 33 to
2267 2973 211 52 designate
2496 2973 70 40 the
2576 2975 150 40 wretch
2748 2976 91 40 who
2858 2978 164 43 labours
3037 2986 43 35 to

1740 3045 99 38 raise
1873 3040 70 40 the
1963 3038 210 41 character
2193 3035 77 40 and
2291 3048 207 27 resources
2517 3035 52 40 of
2593 3037 71 40 the
2681 3051 144 41 enemy
2846 3045 43 34 at
2916 3043 70 40 the
3006 3057 47 28 ex-

1739 3117 124 43 pence
1884 3102 48 40 of
1954 3102 61 39 his
2034 3113 92 27 own
2163 3102 191 48 country.
2419 3100 91 37 Just
2532 3100 187 39 Heavens
2738 3104 7 34 !
2777 3102 110 40 what
2921 3117 51 27 an
3006 3119 48 27 au-

1736 3167 174 53 spicious
1929 3161 268 56 opportunity
2220 3159 32 39 is
2270 3159 154 39 offered
2444 3172 43 26 us
2504 3172 93 27 now
2626 3159 52 40 of
2687 3163 226 56 gratifying
2930 3180 51 26 an
3001 3168 52 40 ho-

1737 3239 81 32 nest
1839 3229 197 41 ambition
2055 3231 11 33 !
2095 3241 79 26 one
2209 3226 183 39 hundred
2424 3226 202 39 thousand
2647 3228 144 40 British
2822 3230 182 48 soldiers,
3034 3237 50 38 of

1736 3294 67 39 the
1824 3306 112 27 same
1952 3291 124 39 metal
2094 3304 43 26 as
2152 3289 116 39 those
2282 3289 91 38 that
2393 3288 150 53 fought
2563 3294 43 35 at
2627 3292 207 47 Corunna,
2846 3295 230 44 conducted

1739 3356 47 52 by
1805 3370 24 25 a
1846 3352 187 46 General,
2063 3351 84 40 like
2163 3351 67 38 the
2250 3350 102 40 hero
2373 3348 91 40 who
2484 3350 64 39 led
2577 3364 78 27 our
2687 3366 113 27 army
2836 3361 45 33 to
2920 3359 161 43 victory

1735 3432 51 25 on
1802 3417 90 39 that
1911 3415 203 44 occasion,
2134 3426 48 25 or
2204 3412 180 52 fighting
2405 3412 125 39 under
2550 3412 71 40 the
2637 3413 203 53 guidance
2859 3418 51 39 of
2924 3433 22 25 a
2968 3422 80 39 Wel-

1737 3480 135 50 lesley,
1894 3490 67 26 are
1996 3472 171 54 capable
2204 3472 47 39 of
2278 3472 217 53 snatching
2530 3472 111 41 from
2673 3476 70 40 the
2772 3478 135 40 brows
2937 3482 51 38 of
3004 3484 74 39 the

1737 3541 154 41 French
1909 3540 66 40 the
1995 3537 183 53 trophies
2197 3535 94 53 they
2313 3535 107 40 have
2439 3550 44 24 so
2518 3535 213 56 insolently
2769 3554 128 34 worn,
2922 3537 90 46 'and
3033 3561 45 24 so

1735 3604 176 52 unjustly
1938 3600 208 54 acquired.
2205 3600 85 37 Our
2307 3601 144 48 young
2470 3598 162 40 officers
2648 3612 67 26 are
2730 3604 158 52 worthy
2904 3606 50 37 of
2967 3606 111 41 their

1734 3672 190 46 country,
1954 3664 77 39 and
2052 3659 73 43 her
2163 3660 155 40 former
2355 3659 181 53 military
2575 3661 248 52 reputation,
2855 3666 79 40 and
2970 3669 107 43 have

1733 3728 217 54 supported
1971 3725 70 40 the
2061 3722 227 54 privations
2307 3720 79 40 and
2402 3720 176 53 fatigues
2600 3723 48 38 of
2661 3723 70 39 the
2745 3724 81 41 late
2845 3728 233 58 harrassing

1734 3796 164 39 retreat,
1928 3789 93 38 with
2046 3801 24 25 a
2085 3789 221 48 'constancy
2328 3784 80 40 and
2426 3796 195 40 courage,
2652 3785 128 40 which
2794 3790 159 41 excited
2973 3806 103 30 even

1734 3854 66 40 the
1819 3850 244 41 admiration
2088 3846 50 40 of
2147 3846 67 39 the
2233 3859 163 39 enemy.
2456 3847 72 38 We
2545 3847 107 39 have
2681 3848 229 56 invariably
2942 3861 112 35 enter-

1731 3915 133 40 tamed
1890 3913 78 39 this
1985 3909 167 53 opinion
2171 3907 47 39 of
2233 3908 69 39 the
2321 3905 131 43 moral
2474 3922 207 26 resources
2700 3909 47 39 of
2773 3924 78 27 our
2882 3922 171 40 country-

1733 3992 111 28 men;
1877 3976 74 39 and
1975 3974 33 39 if
2034 3986 78 26 our
2145 3972 283 39 Government
2450 3971 30 38 is
2497 3972 172 53 capable
2688 3973 51 40 of
2754 3976 187 54 wielding
2961 3980 115 41 them

1731 4045 41 34 to
1795 4039 103 40 their
1913 4035 72 41 full
2003 4039 159 40 extent,
2194 4046 59 25 we
2282 4031 92 54 niay
2396 4033 152 39 reckon
2570 4046 52 26 on
2646 4048 50 27 an
2715 4049 69 26 era
2804 4036 51 39 of
2867 4037 109 43 fame
2995 4043 79 39 and

1729 4102 243 54 prosperity,
2022 4094 244 58 wicqualled
2314 4097 40 41 in
2401 4095 70 44 the
2517 4097 139 48 annals
2693 4098 47 40 of
2783 4111 78 41 any
2904 4104 111 41 mode
3015 4104 28 41 r
3044 4104 28 41 n

1729 4165 162 56 peopie.

3283 2421 9 43 1

3300 3997 13 31 4
