3402 4429
234 146 162 58 JAN.
433 145 84 52 99.

235 280 100 52 city,
364 278 77 43 vitt
463 283 103 33 most
601 278 171 45 amiable
808 289 200 27 manners.
1069 279 57 37 lle
1148 278 209 45 concludes
1383 278 60 43 his
1468 279 66 41 Let-

234 338 64 32 ter
319 331 103 39 with
442 331 168 51 stating,
639 330 89 39 that
746 330 51 41 he
816 330 100 43 shall
935 328 151 41 remain
1107 335 44 38 at
1172 331 172 44 Madrid,
1374 331 37 38 in
1426 332 133 43 order,

240 386 51 50 by
314 385 61 37 his
397 383 197 40 influence
624 381 96 39 with
741 384 69 38 the
831 383 149 56 fruit:li
980 383 19 56 t
1028 387 44 40 to
1093 394 182 39 preserve
1294 381 131 52 public
1452 389 86 32 tran-

239 436 185 57 quillity.

294 490 89 38 The
405 491 126 47 Junta
563 487 104 41 have
683 485 208 54 published
909 485 78 40 this
1002 485 133 46 letter,
1165 487 285 52 accompanied
1469 485 93 40 with

239 540 74 41 the
328 547 202 45 strongest
546 546 125 34 terms
687 542 44 37 of
743 541 262 51 reprobation
1020 539 48 39 of
1080 539 66 43 the
1168 540 178 44 baseness
1365 540 74 39 and
1459 544 85 33 trea-

244 593 125 54 chery
392 594 48 45 of
456 595 70 37 the
541 594 150 41 writer.

294 648 79 38 'We
392 660 67 25 are
480 660 113 38 sorry
618 651 41 33 to
676 650 117 39 state,
814 643 89 48 that
918 644 67 41 the
1007 648 172 46 greatest
1196 644 175 41 ferment
1391 644 124 39 exists
1530 644 37 38 in

243 702 81 38 this
347 696 181 51 moment
549 700 37 37 in
605 700 201 41 Jamaica,
829 699 38 35 in
887 710 268 38 consequence
1176 697 46 38 of
1256 698 70 35 the
1359 700 209 35 Governor

246 754 183 51 refusing
451 759 39 34 to
507 751 162 52 comply
687 750 91 37 witli
802 764 24 24 a
853 756 157 45 request
1050 749 46 45 of
1127 750 66 39 the
1227 746 260 50 Legislature,
1527 754 41 32 to

246 806 187 39 institute
452 819 48 25 an
520 806 64 50 cil
583 806 21 50 j
605 806 86 50 uiry
715 802 167 43 n.iative
908 809 39 37 to
969 803 70 37 the
1057 801 117 43 death
1196 800 47 45 pf
1276 803 129 48 Major
1426 800 143 40 Darley

247 857 77 41 and
351 857 128 39 Lick.
503 857 109 44 Ellis,
637 857 91 43 who
744 856 76 37 had
841 855 98 38 been
960 854 210 39 murdered
1191 853 73 41 last
1289 856 105 47 May,
1428 855 143 50 during

246 914 71 38 the
339 911 154 51 mutiny
510 909 47 38 of
574 922 22 24 a
619 912 133 47 Negro
772 921 131 39 corps.
961 909 61 35 No
1056 901 209 44 Coroner's
1290 909 156 47 inquest
1478 907 71 37 hav-

246 966 71 50 ing
350 965 102 37 been
485 961 92 40 held
606 974 53 25 on
691 961 109 38 these
833 960 193 44 murders,
1055 959 66 38 the
1160 958 240 51 Legislature
1421 958 48 39 of
1501 958 70 38 the

249 1017 151 43 Island,
436 1029 51 31 on
526 1015 105 41 the:yr
666 1012 256 52 assembling,
951 1011 269 51 immediately
1261 1011 207 53 requested
1507 1011 66 38 the

249 1069 216 40 Governor
502 1072 44 34 to
581 1080 119 26 cause
736 1071 41 34 to
816 1067 50 38 be
899 1065 74 38 laid
1010 1065 136 38 before
1186 1064 31 38 it
1264 1063 131 52 copies
1424 1063 48 39 of
1506 1063 70 38 the

247 1122 181 51 military
464 1119 265 57 proceedings
759 1119 156 51 against
964 1117 70 44 the
1078 1117 164 47 mutinee;
1243 1117 20 47 .
1263 1117 43 47 s.
1348 1126 25 25 ••
1385 1116 94 40 This
1517 1129 40 25 re-

247 1180 119 48 quel.-t
412 1174 47 39 of
483 1174 69 39 the
596 1174 133 43 House
765 1170 51 52 Of
857 1169 203 54 Agenilly
1110 1170 118 51 being
1285 1168 194 39 indicated
1526 1168 47 51 by

249 1230 60 46 Lis
352 1230 128 39 Grace
509 1232 45 43 to
601 1226 70 38 the
705 1224 263 40 Commander
1005 1222 37 39 in
1081 1221 125 45 Chief,
1256 1220 320 51 Major-Genqal

252 1280 274 47 Carmichael,
580 1278 91 38 that
715 1278 136 44 ollicer
898 1276 156 48 refuwd
1098 1273 247 52 comp;iance
1388 1273 96 41 with
1532 1273 45 45 it,

250 1333 79 39 and
380 1331 233 54 prohibited
664 1329 51 44 all
759 1329 176 52 military
987 1341 162 39 persons
1194 1326 107 47 from
1359 1325 219 51 4ns%cring

250 1400 79 30 anv
352 1385 211 53 questions
582 1384 89 38 that
690 1383 70 41 the
784 1381 237 51 legislat4e
1042 1380 109 52 Body
1173 1380 129 47 might
1318 1384 70 45 put
1408 1384 43 32 to
1470 1380 106 37 them

252 1433 229 64 respe4inkr,
501 1439 71 38 the
604 1436 78 50 late
704 1436 169 50 mutiny.
931 1436 255 47 Whereupon
1206 1433 70 37 the
1307 1434 128 37 House
1456 1431 99 37 form-

252 1495 72 50 ing
348 1507 25 25 a
412 1489 196 44 General'
628 1491 254 40 Committee,
913 1486 167 40 ordered
1119 1487 65 37 the
1217 1485 176 51 Speaker
1415 1489 41 32 to
1478 1483 98 39 issue

252 1546 61 41 his
335 1548 190 41 warrant,
559 1543 201 51 requiring
798 1540 67 41 the
896 1540 235 39 attendance
1167 1535 47 40 of
1243 1539 132 46 Major
1410 1534 168 39 General

254 1597 255 53 Carmichael
527 1594 167 47 himself
707 1600 38 32 at
763 1594 67 37 the
852 1594 69 44 1)4
938 1593 32 51 qt
970 1593 17 51 .
999 1593 67 37 the
1088 1593 145 40 Ilouse.
1290 1589 105 39 With
1426 1589 78 46 this
1524 1600 39 25 re

253 1652 194 52 quisition
481 1650 70 38 the
583 1641 169 50 General
774 1645 155 40 refused
947 1643 269 53 compliance;
1248 1642 73 38 and
1345 1642 63 38 the
1430 1642 126 37 Gover-

254 1719 78 31 nor
352 1702 185 43 declared
561 1702 58 38 his
641 1700 148 52 perfect
809 1703 231 47 agreement
1059 1698 38 35 in
1117 1696 66 39 the
1204 1694 189 53 iiriticiple
1417 1693 47 39 of
1487 1693 93 38 such

257 1757 167 39 refusal.
482 1756 87 37 The
591 1766 274 38 consequence
883 1752 47 39 of
951 1750 79 40 this
1050 1762 74 25 was
1157 1746 87 51 that
1281 1759 26 25 a
1336 1748 149 38 motion
1506 1757 78 25 was

256 1809 159 40 carried
438 1822 100 26 new.
563 1822 87 25 can.
738 1806 106 39 That
870 1806 74 37 Mr.
969 1802 175 53 Speaker
1161 1801 51 43 do
1235 1800 99 43 issue
1363 1812 22 25 a
1411 1801 170 34 warrant

256 1869 44 33 to
322 1863 99 38 take
443 1864 137 46 Major
601 1858 170 48 General
793 1856 248 40 Carmichael
1061 1854 84 39 into
1165 1852 165 51 custody
1354 1851 46 39 of
1411 1851 70 38 the
1498 1853 65 34 Ser-

257 1920 129 46 geant
405 1919 41 33 at
465 1916 132 41 Arms,
618 1912 65 38 for
703 1924 24 25 a
743 1916 206 45 contempt
967 1911 91 37 that
1333 1905 83 38 The
1449 1904 135 37 hlonse

257 1980 85 26 was
361 1965 275 41 immediately
658 1965 226 52 prorogued
902 1980 9 28 ;
950 1961 78 39 and
1050 1959 76 48 this
1144 1970 181 27 measure
1346 1959 27 35 is
1393 1955 125 39 stated
1541 1959 41 33 to

257 2021 110 40 have
399 2017 159 41 thrown
580 2020 71 38 the
672 2017 126 47 Island
819 2017 84 38 into
922 2016 67 37 the
1007 2013 156 58 liqiliest
1182 2016 105 34 state
1302 2009 45 50 of
1359 2008 182 39 ferment.

681 2141 85 44 Slit
794 2140 137 37 JOHN
963 2138 210 38 MOOLtE.

307 2206 84 34 The
413 2205 133 35 Public
565 2215 66 25 are
648 2203 184 43 naturally
844 2202 156 33 anxious
1018 2206 38 27 to
1076 2200 106 32 know
1195 2207 37 21 as
1247 2205 106 34 many
1368 2191 219 47 particular

256 2264 41 22 as
319 2255 161 44 possible
497 2250 206 48 respecting
720 2252 105 34 those
837 2246 261 46 distingnisteed
1115 2246 208 38 characteks
1341 2241 119 34 which
1480 2239 105 33 claim

253 2293 109 43 their
391 2301 198 40 attention,
617 2298 67 34 and
712 2298 60 33 the
808 2296 178 34 lamented
1016 2293 65 34 fall
1109 2293 43 33 of
1173 2293 70 32 this
1260 2287 151 37 eminent
1434 2285 151 33 Cetteral

257 2354 97 30 must
371 2348 125 37 eicite
507 2359 25 24 a
549 2357 102 24 more
661 2346 86 40 than
765 2344 103 34 usual
888 2344 146 32 interest
1051 2341 87 33 with
1155 2339 129 41 regard
1302 2342 34 28 to
1354 2337 51 31 his
1423 2334 163 39 military

257 2405 144 31 career.
455 2396 59 38 Sir
533 2395 41 33 J.
599 2394 144 38 Moore,
768 2401 43 24 as
831 2401 53 22 we
906 2391 90 32 have
1015 2388 150 33 already
1183 2385 131 39 stated,
1348 2393 71 22 was
1444 2383 90 30 born
1550 2385 37 26 at

259 2443 195 44 Glasgow,
480 2443 71 33 and
588 2445 74 28 was
687 2440 59 35 the
775 2448 66 24 sou
870 2437 40 33 of
938 2438 64 32 Dr.
1033 2435 144 34 Moore.,
1196 2433 84 33 then
1298 2428 22 34 ei
1341 2427 194 47 physician
1554 2426 33 32 in

259 2491 84 38 that
361 2491 74 43 city
454 2503 8 31 ;
476 2489 66 39 hut
553 2486 220 35 afterwards
790 2486 132 32 known
937 2491 37 25 to
989 2483 61 33 the
1072 2481 115 33 world
1199 2481 46 41 by
1260 2486 191 31 numerous
1468 2474 124 32 works

259 2538 45 33 of
332 2538 206 41 Literature,
537 2538 19 41 -
575 2536 120 32 which
717 2535 89 35 rank
839 2532 71 33 him
930 2531 87 43 high
1036 2541 38 22 as
1091 2541 19 21 a
1133 2526 77 46 just
1227 2523 71 37 and
1315 2520 276 51 philosophical

260 2588 178 44 observer
455 2583 43 35 of
513 2584 135 43 human
661 2582 66 34 life
743 2581 71 38 and
834 2587 138 28 manners
972 2587 20 28 .
992 2587 20 28 ,
1030 2577 69 33 and
1116 2585 48 24 an
1186 2575 146 43 elegant
1343 2570 69 35 and
1429 2568 164 47 pleasing

262 2634 149 33 writer.
467 2634 69 33 Dr.
557 2631 133 33 Moore
709 2624 183 39 travelled
909 2626 87 37 with
1013 2626 61 32 the
1093 2624 72 32 late
1194 2622 116 35 Doe
1328 2619 43 34 of
1395 2616 198 35 Hamilton

260 2692 47 25 an
330 2681 63 34 the
407 2680 220 38 Continent;
654 2678 67 33 and
739 2687 44 22 on
814 2675 70 33 this
912 2676 168 35 occasion
1098 2672 44 32 be
1163 2680 73 24 was
1256 2665 265 45 accompanied
1546 2663 46 40 by

435 2727 15 34 -
450 2727 33 34 1(
599 2727 58 32 rds
674 2725 57 34 Sir
746 2724 22 33 J
1022 2725 32 26 h'
1098 2719 67 34 hail
1181 2718 80 33 thus
1274 2726 45 22 an
1332 2712 180 44 excellent
1530 2719 45 34 op-

262 2728 58 33 liis
337 2739 80 30 son,
433 2728 223 35 afterwards
674 2728 57 31 Sir
746 2728 40 30 J.
811 2728 144 31 Moore,
981 2731 28 22 w
1022 2728 45 22 tio
1098 2728 67 25 had
1181 2728 80 22 thus
1274 2728 45 20 an
1332 2728 180 19 excellent
1530 2728 67 25 op-
1615 2728 6 26 1
2065 2728 8 1 .:

261 2778 200 44 portunity
477 2774 41 44 of
540 2773 172 43 finishing
737 2772 54 33 his
824 2769 210 34 education,
1063 2767 67 32 and
1150 2764 194 45 acquiring
1358 2773 21 21 a
1394 2754 110 39 facili
1504 2754 18 39 t
1521 2754 19 39 y
1563 2760 32 28 in
1659 2752 78 32 not,
1753 2745 44 32 he
1809 2741 94 38 said,
1930 2741 11 14 '
1963 2735 215 43 I;eine:r.ber
2196 2741 57 22 me
2271 2735 34 25 to
2327 2728 126 33 him—
3240 2728 30 46 1

3224 2735 1 20 :

262 2820 65 39 the
347 2825 145 33 modern
506 2824 211 41 languages.
768 2818 156 34 General
948 2817 129 33 Moore
1098 2812 144 34 entered
1266 2813 40 31 th
1306 2813 20 31 e
1341 2807 59 35 ser
1400 2807 80 35 vice
1492 2805 103 33 eariv
1706 2794 28 15 ~
1761 2794 9 15 ,
1791 2792 15 33 1
1834 2789 17 33 f
1851 2789 34 33 ee
1885 2789 18 33 l
1933 2781 90 46 myse
2023 2781 46 46 lf
2085 2792 38 22 so
2143 2785 137 35 strong,
2304 2776 13 32 I
2342 2776 73 32 feat
2453 2771 17 35 I
2494 2769 93 37 shall
2609 2769 46 33 be
2672 2767 83 43 long
2770 2765 136 45 dying;
2911 2764 52 43 ---
2963 2764 18 43 I
3219 2758 33 14 ..„

3248 2771 4 7 .

3211 2778 8 4 -
3239 2776 5 7 .

263 2874 38 32 in
320 2872 85 40 life,
423 2868 66 45 and
508 2882 40 21 as
569 2872 43 31 he
630 2880 85 25 soon
733 2864 193 46 displziyed
948 2864 53 32 his
1018 2862 156 33 Militays
1198 2859 143 38 talents,
1361 2857 54 31 his
1429 2854 76 33 'rise
1525 2862 72 24 was
1657 2852 59 22 ant
1733 2841 33 32 in
1783 2842 99 39 great
1899 2830 112 48 pail.'
3215 2793 8 47 I
3239 2780 32 83 '-1

1161 2898 8 6 .

263 2921 128 47 rapid.
446 2920 41 44 In
507 2919 85 34 1801
617 2917 45 32 he
681 2926 72 26 was
770 2911 204 45 appointed
999 2909 152 35 Colonel
1170 2908 44 33 of
1235 2906 63 33 the
1315 2904 67 34 52.il
1402 2902 194 37 regiment,
1832 2885 84 31 then
1935 2875 162 39 thauLed
2118 2875 61 33 the
2198 2872 155 33 Doctors
2374 2867 58 34 for
2450 2864 97 34 their
2559 2862 200 35 attention.
3235 2833 21 46 ',)

265 2969 73 33 and
359 2978 81 24 rose
454 2966 38 39 'to
511 2968 65 31 the
596 2965 91 33 rank
718 2963 40 33 of
790 2959 302 47 Major-General
1126 2957 33 32 in
1195 2956 105 33 180.2.
1355 2950 149 33 Coisica
1757 2936 50 31 Ca
1815 2930 74 46 ptai
1899 2941 33 21 (I-
1949 2929 116 38 Percy
2076 2926 67 31 and
2166 2924 20 26 s
2194 2921 105 32 tanlio
2308 2928 44 32 pe
2372 2924 102 24 came
2489 2914 72 31 into
2578 2914 60 28 the
2652 2907 201 34 room—lie
2863 2907 22 45 s
2885 2907 22 45 p
2908 2907 24 45 o
2931 2907 24 45 k
2965 2917 20 22 e
3220 2864 51 73 .II

265 3017 67 33 the
353 3017 77 34 first
446 3022 103 26 scene
567 3014 37 32 in
634 3012 118 33 which
777 3009 44 33 he
856 3008 66 34 had
1023 3009 135 39 opnGrt
1167 3004 100 32 unity
1302 2999 40 32 of
1361 2996 163 41 shewing
1543 2994 54 32 his
1662 2983 128 40 kindly
1811 2989 34 22 to
1863 2976 105 38 both,
1985 2974 70 32 and
2075 2970 111 33 asked
2213 2968 112 39 Vevey
2347 2963 32 32 if
2392 2963 51 32 all
2474 2960 53 34 his
2548 2959 27 33 A
2585 2956 151 41 ides-de
2737 2956 21 41 s
2758 2956 110 41 Uautp
2891 2965 94 22 wen..
3200 2941 8 89 i

265 3064 172 44 military
458 3063 152 37 talents;
638 3059 17 37 L
654 3059 33 37 in
687 3059 18 37 d
728 3060 84 30 here
841 3050 43 39 wn
917 3053 106 39 rtliitly
1046 3053 183 32 occasions
1253 3050 43 31 he
1315 3044 194 46 displayed
1537 3043 57 31 his
1663 3031 43 34 we
1706 3030 137 35 ll—he
1861 3022 143 46 pressed
2026 3031 57 32 my
2098 3017 92 33 hand
2204 3017 94 32 close
2319 3019 37 26 to
2375 3009 54 34 his
2450 3007 94 43 body
2661 3004 34 33 in
2706 3015 22 20 a
2740 3004 69 33 few
2832 3004 157 33 minutes
3231 2988 37 38 ,4.

3200 3033 7 32 I

265 3112 176 45 personal
458 3112 163 41 bravery
648 3105 69 35 and
752 3106 96 41 good
880 3102 167 33 conduct.
1102 3100 56 32 Ile
1182 3109 70 22 was
1273 3102 85 26 next
1375 3097 77 30 sent
1469 3096 64 27 out
1560 3096 37 25 to
1659 3079 84 34 died
1756 3076 155 33 without
1929 3081 22 21 a
1962 3067 125 90 strog4le.,
2125 3067 13 90 !

265 3159 66 34 the
356 3159 100 34 Wesa
480 3157 137 41 Indies,
630 3156 33 33 in
683 3154 102 39 1795,
806 3151 111 34 under
935 3149 59 33 Sir
1010 3148 125 43 Ralph
1157 3142 281 38 Abercrombie,
1460 3138 136 38 where,
1851 3119 79 34 said
1964 3123 37 26 to
2030 3124 70 30 nie,
2135 3110 115 35 while
2275 3107 63 34 the
2368 3106 176 43 Surgeons
2574 3107 100 25 were
2696 3097 215 43 examining
2937 3096 54 34 his

269 3208 51 44 by
335 3207 58 35 his
415 3203 265 45 distinguished
710 3200 178 39 condo:a,•
905 3198 41 31 he
979 3194 177 45 acquired
1178 3194 59 32 the
1256 3191 71 32 full
1339 3185 207 34 confidence
1561 3183 41 32 of
1662 3172 191 37 wound-7'
1879 3167 93 34 I'OU
1994 3170 125 27 KNoW
2146 3159 15 33 I
2187 3165 118 26 OAvi;
2331 3155 372 32 ILWAICSWISDED
2718 3156 50 25 TO
2785 3154 79 28 0117
2893 3154 46 24 Vti
2952 3154 35 24 is

265 3256 86 34 that
367 3262 103 37 great
485 3252 172 40 General,
679 3249 79 33 who
776 3244 155 37 selected
953 3244 58 32 Sir
1025 3243 39 30 .1•
1085 3243 126 32 Moore
1231 3247 38 25 to
1284 3243 224 34 accompany
1526 3231 71 32 him
1776 3216 131 34 .'—:V,
1925 3213 59 33 far
2002 3221 39 22 as
2065 3209 14 33 1
2101 3217 67 22 can

2105 3253 99 35 laced
2205 3202 43 81 re
2248 3202 43 81 in
2290 3202 129 81 collec
2419 3198 71 33 this
2522 3196 30 32 is
2580 3206 115 32 every
2725 3193 103 44 thing
2850 3194 43 32 lie
2911 3191 79 33 said
3028 3191 4 97 •
3203 3209 18 8 -

3221 3250 34 53 sl;

3252 3206 2 13 •

267 3304 39 33 in
328 3302 57 33 his
419 3301 221 46 expedition
672 3304 35 26 to
741 3294 182 41 Holland,
950 3291 38 33 in
1018 3291 102 33 lifs9,
1150 3289 123 32 where
1294 3286 43 31 he
1357 3294 70 21 was
1444 3279 152 44 slightly
1659 3273 137 38 except
1811 3265 131 39 asking
1959 3266 34 26 to
2015 3259 44 32 be
2078 3247 309 56 paoea
2357 3206 30 33 t,

2392 3247 72 32 sier
2485 3248 151 40 posture
2642 3266 8 9 .
3203 3237 2 51 .
3249 3237 2 51 .

3201 3247 15 54 1
3216 3247 32 54 ..

266 3351 201 34 wounded.
521 3348 45 33 In
583 3348 63 32 the
663 3344 219 45 expedition
896 3347 35 28 to
948 3339 116 43 Egypt
1064 3339 24 43 ,
1109 3338 119 35 howev
1228 3338 73 35 er,
1320 3333 40 32 he
1380 3328 70 35 had
1467 3339 21 21 a
1502 3335 97 22 more
2104 3309 442 39 ii=iiiiiiiiiwaiw•;iwi
3168 3312 6 6 •
3226 3309 2 79 -
3243 3322 8 9 ,

265 3400 137 43 ample
415 3398 81 35 field
519 3397 59 32 for
594 3392 242 43 establishing
855 3390 52 33 his
926 3386 193 34 character
1131 3394 38 27 as
1188 3393 45 22 an
1246 3380 182 34 excellent
1447 3376 149 34 Officer.

1794 3365 644 69 'EXTRAORDINARY
2477 3363 141 48 GAZ
2631 3360 132 50 ETT
2774 3359 61 48 E.

270 3448 59 33 On
348 3446 78 33 that
445 3444 185 35 occasion.
665 3442 43 32 he
735 3433 235 40 commanded
989 3438 39 28 at
1059 3435 61 32 the
1139 3426 313 38 disembarkation
1470 3423 44 32 of
1537 3420 61 33 the

2246 3446 171 21 --iona—

261 3495 144 43 foreesi
420 3494 67 34 and
511 3493 54 33 his
585 3490 154 33 conduct
772 3495 77 31 was
883 3481 146 37 deemed
1050 3493 21 21 a
1091 3478 256 43 master-oiece
1365 3472 41 33 of
1436 3468 148 47 general

39 3470 1 117 .
39 3470 2 117 .
266 3543 106 44 ship,
391 3542 44 34 Of
459 3540 119 33 schielt
599 3548 90 24 cven
710 3539 211 39 Bonaparte
948 3527 150 37 himself
1122 3529 25 31 is
1165 3526 76 33 said
1261 3530 39 27 to
1320 3523 87 32 have
1429 3515 168 37 declared
1991 3489 25 41 D
2016 3489 25 41 o
2041 3489 130 41 wning
2174 3487 150 37 -Street,
2353 3482 96 33 Jan.
2477 3478 61 40 24,
2568 3476 21 35 1
2589 3476 64 35 809
2653 3476 21 35 .
3248 3470 5 117 •

269 3592 84 32 that
371 3592 27 32 it
420 3601 72 21 was
509 3587 148 43 worthy
691 3583 40 34 of
754 3583 63 33 the
850 3579 119 34 ablest
1004 3575 154 35 General
1187 3573 81 34 that
1283 3580 86 24 ever
1384 3567 111 33 lived.
1550 3563 48 33 At
1711 3557 81 34 The
1821 3556 25 33 H
1846 3556 25 33 a
1871 3556 50 33 n.
1945 3554 52 32 Cu
2007 3554 52 39 pt.
2082 3546 110 41 Hope
2204 3540 145 34 arrived
2369 3540 79 32 late
2466 3539 69 33 last
2548 3531 106 46 night
2678 3531 86 33 with
2785 3540 24 25 a
2826 3527 170 47 dispatch
3223 3527 2 103 .
3255 3527 2 103 .

3241 3565 4 7 •

270 3638 65 34 the
354 3639 117 32 hattle
504 3635 44 33 of
572 3632 247 38 Alexandria,
854 3627 158 35 General
1044 3624 129 34 Moore
1192 3630 71 25 was
1283 3615 191 38 wounded,
1494 3611 105 33 when
1622 3576 5 96 j
1662 3607 96 34 from
1780 3596 298 41 Lieut.-General
2095 3594 60 30 sir
2180 3588 118 34 David
2326 3587 132 38 I3aird,
2484 3591 37 26 to
2541 3580 98 37 Lord
2662 3579 174 34 Viscount
2854 3576 144 37 Castle-

269 3687 154 43 leading
441 3697 45 21 on
502 3686 63 33 the
581 3692 144 26 reserve
741 3678 91 34 with
853 3677 56 32 his
941 3673 103 38 usual
1075 3671 184 45 gallantry
1273 3679 11 28 ;
1311 3664 69 33 amid
1398 3674 44 20 on
1470 3660 56 33 his
1544 3667 57 24 re-
1663 3654 128 43 reagh,
1817 3660 66 24 one
1918 3646 41 34 of
1977 3647 18 31 h
1995 3647 18 31 i
2013 3647 19 31 s
2052 3635 43 48 Ma
2094 3635 21 48 j
2115 3635 65 48 est
2180 3635 21 48 y
2202 3635 44 48 's
2274 3634 20 46 p
2294 3634 104 46 rinci
2398 3634 21 46 p
2419 3634 43 46 al
2498 3628 227 37 Secretaries
2743 3624 45 35 of
2815 3624 123 43 State,
2961 3620 45 37 of

3201 3683 4 7 ,

3202 3630 4 6 .

270 3741 103 33 turn,
405 3735 54 32 his
491 3731 162 46 Majesty
686 3724 191 39 conferred
908 3733 99 35 owl
1032 3720 73 33 him
1135 3718 59 33 the
1214 3717 139 32 honour
1371 3711 40 33 of
1439 3705 172 44 Knight-,
1665 3702 122 34 which
1809 3699 60 34 the
1891 3691 195 43 following
2102 3689 27 33 is
2143 3698 24 22 a
2184 3694 110 33 copy.
2894 3689 2 89 .
3198 3711 6 9 .
3247 3689 2 89 '

270 3782 120 37 hood,
407 3782 67 32 and
493 3782 63 31 the
575 3778 122 34 Order
715 3777 43 31 of
781 3776 63 31 the
866 3772 109 34 Bath.
1032 3769 59 31 Sir
1107 3767 40 32 J.
1173 3765 129 33 Moore
1325 3770 71 22 was
1424 3758 34 32 in
1479 3754 122 35 active
2261 3739 71 33 His
2354 3733 194 48 Majesty's
2570 3731 96 44 Ship
2686 3730 66 81 Vill
2752 3730 84 81 lBo9e
2837 3728 19 33 de
2878 3726 124 43 Paris,

269 3831 145 34 4.ervice
432 3829 129 41 during
578 3828 132 33 almost
728 3824 60 32 the
810 3820 119 33 whole
958 3817 44 34 of
1031 3816 61 32 the
1111 3817 20 40 p
1131 3817 124 40 resent
1276 3819 91 24 war.
1420 3806 60 33 He
1506 3811 98 26 coin-
1761 3804 66 33 MY
1856 3802 85 33 Lon
1954 3807 40 25 n.
2380 3793 38 26 at
2443 3785 81 39 St-a,
2550 3781 90 34 Jan.
2667 3780 60 38 18,
2846 3801 9 8 .

270 3878 157 34 mantled
442 3885 38 26 at
495 3874 214 38 Shornrlill',
725 3872 34 33 in
780 3869 113 39 Kent,
909 3869 71 32 and
994 3861 219 38 afterwards
1230 3852 197 40 succeeded
1443 3848 157 39 General
1711 3853 59 44 By
1798 3852 61 32 the
1881 3847 102 33 much
2003 3837 182 40 lamented
2204 3834 109 37 death
2333 3831 43 35 of
2396 3826 405 40 Lieutenant-Gcneral
2820 3823 59 35 Sir
2893 3822 105 35 John

270 3926 91 35 Fox
384 3926 34 33 in
438 3926 59 33 the
515 3922 189 35 command
730 3919 43 33 of
796 3919 61 31 the
885 3922 125 35 troops
1029 3918 39 26 at
1101 3909 132 43 Sicily.
1287 3905 79 32 The
1381 3896 221 46 expedition
1637 3870 5 91 I
1664 3902 146 34 Moore,
1837 3898 87 33 who
1945 3893 63 32 fell
2039 3891 35 32 in
2092 3887 124 34 action
2238 3883 87 33 with
2350 3880 63 34 the
2444 3888 126 24 enemy
2591 3885 47 24 on
2659 3874 60 33 the
2740 3870 84 37 16th
2865 3872 81 32 inst.
2970 3870 31 33 it

270 3981 41 26 to
334 3974 171 39 Sweden,
521 3973 37 33 in
578 3970 122 33 which
729 3967 43 33 he
800 3961 254 38 commanded,
1089 3957 69 34 had
1185 3960 63 28 not
1272 3952 81 35 that
1367 3946 234 41 satisfactory
1638 3917 5 97 I
1664 3950 65 33 has
1749 3948 146 33 become
1916 3951 57 34 my
1988 3939 92 43 duty
2104 3940 38 28 to
2176 3933 130 33 inform
2327 3938 96 34 your
2444 3922 198 44 Lordship,
2670 3920 81 33 that
2769 3919 64 33 the
2858 3917 144 34 French

270 4023 118 32 result
406 4020 120 34 which
556 4030 79 22 was
669 4023 37 27 to
741 4017 44 31 he
819 4011 159 34 wished:
1007 4010 65 32 but
1091 4004 187 35 Ministers
1297 4000 92 33 have
1403 3992 196 43 UnifortnlY
1662 4006 106 27 army
1786 3990 176 38 attacked
1980 3987 66 33 the
2067 3980 141 39 British
2229 3986 129 34 *coatis
2379 3976 34 32 in
2441 3976 61 32 the
2522 3971 165 46 position
2707 3970 83 41 they
2817 3963 182 46 occupied

268 4069 193 41 declared,
480 4069 80 34 that
579 4067 74 33 this
686 4061 203 47 proceeded
909 4059 94 33 from
1035 4065 45 22 no
1109 4050 223 35 misconduct
1354 4045 187 34 whatever
1556 4048 46 24 on
1665 4048 34 30 in
1720 4044 97 32 front
1834 4039 43 33 of
1893 4038 188 33 Coranna,
2105 4037 39 26 at
2163 4029 116 32 about
2310 4031 78 27 two
2419 4019 146 38 o'clock
2601 4018 37 32 in
2672 4016 60 34 the
2750 4013 198 35 afternoon
2967 4012 43 34 of

39 4074 1 99 i
272 4117 58 34 his
348 4126 99 37 part.
500 4117 81 32 The
601 4111 240 35 transactions
869 4107 40 33 of
939 4107 60 32 the
1015 4111 104 33 army
1139 4100 34 32 in
1191 4097 115 45 Spain
1320 4102 61 25 arc
1402 4098 61 26 too
1482 4091 122 31 recent
1664 4093 81 33 that
1770 4089 86 43 day.
2585 4074 2 99 •
3227 4074 2 99 '

270 4173 41 27 to
330 4167 74 33 call
425 4165 56 34 for
497 4175 73 32 any
604 4157 287 46 recapitulation
909 4154 83 39 ;he
1026 4150 65 33 fell
1123 4152 91 30 most
1238 4140 202 47 gloriously
1470 4142 40 28 at
1543 4134 61 34 the
1714 4140 35 34 A
1767 4144 125 26 severe
1913 4128 146 38 wound,
2088 4122 124 37 which
2228 4117 210 46 compelled
2452 4126 54 24 me
2525 4119 37 30 to
2577 4110 83 47 quit
2681 4110 58 34 the
2760 4108 86 35 field
2862 4119 24 21 a
2902 4107 104 45 short

270 4220 89 37 post
376 4213 44 34 of
439 4214 152 43 danger,
618 4209 70 34 and
707 4209 33 33 in
757 4205 202 41 animating
979 4201 54 32 his
1068 4204 126 35 troops
1211 4199 39 27 to
1280 4191 100 33 those
1403 4183 202 39 exertions,
1641 4153 4 104 :
1667 4189 91 33 time
1778 4183 174 46 previous
1970 4183 35 27 to
2028 4176 60 33 the
2117 4172 70 34 fall
2207 4169 44 33 of
2267 4169 57 32 Sir
2341 4165 104 34 Join)
2469 4163 144 34 Moore,
2640 4159 144 40 obliges
2804 4167 56 21 me
2889 4161 39 28 to
3235 4153 4 104 j

2947 4165 57 24 re-

263 4261 51 47 by
340 4261 125 37 which
480 4272 24 26 a
515 4259 187 46 ‘omplete
716 4256 146 46 repulse
879 4250 44 38 of
935 4256 64 30 tue
1010 4256 145 34 enemy,
1168 4241 69 37 and
1250 4239 61 37 the
1323 4235 73 38 safe
1407 4231 200 39 embarka.
1638 4233 7 24 i
1667 4235 59 35 fer
1742 4243 91 26 your
1854 4225 184 52 Lurd4hip
2076 4222 59 34 fur
2154 4219 61 37 the
2237 4213 224 52 particulars
2479 4209 41 37 of
2536 4209 63 34 the
2615 4207 141 41 action,
2789 4204 120 33 wl)ich
2931 4212 74 25 was

1098 145 144 50 THE
1278 148 369 51 NATIONAL
1682 148 374 52 REGISTER.

2884 137 65 46 75

1624 283 74 35 Lion
1719 285 41 46 of
1770 296 64 24 our
1848 296 124 32 army,
2006 292 96 25 were
2130 279 163 37 secured.
2348 276 60 33 lie
2444 274 71 33 had
2546 278 63 39 put
2648 266 149 38 himself
2815 272 40 27 at
2891 266 61 32 the

1626 331 89 35 head
1735 332 43 35 of
1800 333 59 33 the
1876 312 57 63 4.2
1951 312 19 63 d
1989 312 172 63 regiment,
2202 328 33 32 iu
2263 325 109 32 order
2393 330 37 26 to
2448 325 155 39 support
2622 317 61 33 the
2704 315 98 43 right
2820 313 45 32 of
2889 312 64 31 the

1625 390 122 33 army,
1765 380 66 34 and
1852 378 69 35 had
1932 378 78 44 just
2031 376 151 34 finished
2202 386 22 21 a
2241 373 99 33 short
2357 369 144 35 address
2520 376 35 26 to
2587 365 58 32 his
2656 363 169 39 soldiers,
2846 371 26 21 w
2885 359 70 32 bets

1631 428 41 31 he
1693 437 76 30 was
1785 428 174 40 inortaliy
1980 423 175 37 wounded
2173 423 46 43 by
2245 431 22 22 a
2285 428 139 26 cwinou
2445 416 92 32 ball.
2590 412 32 35 1t;
2628 420 78 32 rota
2725 410 51 32 all
2794 409 80 32 that
2897 415 58 24 we

1630 472 91 33 have
1739 472 107 44 heard
1865 472 43 33 of
1925 472 58 35 tine
1998 472 193 33 character
2207 468 39 33 of
2258 468 56 31 Sir
2331 467 104 32 John
2451 463 146 37 Moore,
2617 459 44 32 he
2679 467 111 26 seems
2805 461 37 27 to
2859 454 97 33 have

1630 522 89 32 been
1737 533 22 22 a
1778 531 79 22 man
1874 519 228 43 exclusively
2122 514 155 35 devoted
2294 520 38 26 to
2349 511 63 34 the
2431 510 162 41 'military
2621 504 220 46 profession.
2898 498 60 34 lie

1632 578 72 22 was
1721 580 24 21 a
1761 569 181 43 complete
1958 566 148 38 soldier,
2141 562 69 34 and
2242 572 24 22 a
2293 561 106 37 strict
2454 557 6 26 i
2426 546 1 66 d
2428 562 294 37 ...sclemar_au,
2738 562 38 20 so
2792 550 84 37 that
2896 546 64 32 the!

1630 617 67 32 52d
1719 617 188 44 regiment,
1920 614 41 31 of
1980 612 118 34 which
2119 611 44 35 he
2186 620 71 27 was
2275 606 170 38 Colonel,
2459 605 66 31 and
2548 600 123 35 which
2693 599 43 31 he
2756 596 69 34 had
2845 594 112 34 under

1633 663 52 32 his
1703 663 184 35 command
1915 669 39 25 at
1985 658 231 35 Shorneliffe,
2249 666 72 25 was
2355 651 187 45 generally
2575 646 138 39 looleed
2740 656 48 33 up
2824 651 35 26 to
2878 653 40 22 as
2935 651 25 25 a

1631 712 118 30 ie.wlel
1770 712 33 31 in
1819 711 102 43 point
1941 707 41 37 of
2002 705 193 43 discipline
2220 703 66 35 and
2307 707 241 27 MalKll‘res.
2606 694 58 33 lie
2678 702 111 22 seems
2807 697 35 26 to
2867 690 93 31 have

1633 757 67 33 had
1720 759 51 33 all
1791 759 102 32 those
1910 757 145 34 talents,
2073 752 141 37 which,
2233 750 66 33 had
2319 751 43 28 he
2382 749 89 31 been
2485 742 162 44 destined
2670 746 35 25 to
2725 736 188 35 coramind
2933 746 25 20 a

1633 806 226 33 Continental
1879 804 112 40 Army
2022 810 94 34 upon
2135 809 22 24 a
2185 798 98 34 larte
2298 796 113 40 scale,
2427 793 67 33 mill
2512 803 21 21 a
2554 787 211 47 protracted
2787 784 176 43 warfare,

1638 853 119 33 would
1778 852 180 44 probably
1980 852 91 30 have
2086 844 128 46 placed
2233 844 70 40 him
2334 843 35 38 in
2391 841 61 32 the
2469 846 96 26 same
2580 834 93 34 rank
2694 831 89 34 with
2803 833 61 32 the
2883 830 74 33 first

1636 900 171 32 Generals
1822 898 44 33 of
1889 896 144 44 modern
2050 895 159 40 Europe.
2272 891 53 32 Ile
2347 899 74 21 was
2440 882 206 38 unmarried
2665 894 9 24 ;
2705 880 51 33 his
2777 879 144 33 mother
2935 879 28 31 is

1633 948 74 33 still
1723 947 112 40 alive,
1851 944 67 34 and
1933 954 27 21 re
1976 943 92 33 siles
2081 948 33 26 at
2132 940 178 35 Cobham,
2328 937 33 44 in
2379 938 45 30 Su
2433 944 44 24 rre
2477 944 14 24 ,
2491 944 15 24 .
2523 957 6 7 .
2559 933 79 37 One
2657 927 43 35 of
2709 927 52 34 his
2777 925 187 35 brothers,

1639 996 112 44 Capt.
1772 994 157 33 Graham
1951 991 145 45 Mpore,
2117 997 73 24 was
2210 983 244 43 Commodore
2481 980 43 32 of
2545 977 63 40 the
2634 977 83 31 fleet
2739 974 120 32 which
2876 981 94 27 con-.

1638 1042 119 44 voyed
1772 1042 59 38 the
1856 1041 120 41 Royal
2003 1023 141 56 ramily
2178 1033 43 32 of
2246 1030 176 43 Portugal
2456 1033 35 35 to
2525 1028 63 33 the
2619 1020 171 43 prazil,,
2822 1020 45 31 he
2896 1018 64 35 has

1636 1090 142 33 several
1812 1088 106 33 other
1951 1083 184 50 brnthers,
2169 1080 80 34 who
2278 1087 65 38 Ore
2376 1075 53 44 all
2463 1070 231 56 respectable
2722 1067 241 45 professional

1638 1147 22 31 n
1661 1147 24 31 w
1684 1147 47 31 a„

1685 1176 81 54 The
1783 1181 191 43 I.dlowing
1994 1176 211 45 ilteresting
2233 1175 156 35 account
2404 1165 56 38 'of
2469 1166 60 37 the
2545 1167 72 38 last
2637 1167 172 39 m.ametils
2830 1160 41 33 of
2895 1157 73 34 this

1642 1239 91 28 most
1761 1230 177 34 lamented
1959 1214 131 46 °dieser
2122 1224 30 32 is
2183 1222 105 43 given
2323 1221 47 40 by
2400 1226 67 22 one
2485 1214 43 35 of
2550 1214 54 33 his
2622 1217 92 39 most
2730 1204 243 39 confidential

1641 1280 206 38 attendant'
1859 1277 69 32 and
1942 1273 136 41 friends
2105 1269 77 43 (we
2209 1269 141 43 belieye
2367 1265 85 34 Col.
2476 1259 227 38 Anderson),
2719 1256 83 34 who
2824 1265 74 24 was
2919 1256 46 43 by

1642 1328 60 39 the
1716 1326 76 35 side
1809 1324 41 33 of
1864 1325 60 32 the
1945 1323 99 31 Hero
2068 1319 33 37 iii
2122 1317 53 47 lib
2196 1313 65 46 ;tist
2293 1318 189 39 mpineots,
2499 1309 67 47 and
2587 1318 24 21 w
2623 1307 52 38 ith
2693 1306 119 39 whom
2841 1303 45 32 he
2904 1302 41 33 de-

1644 1372 142 46 pm;ited
1802 1372 53 33 his
1874 1370 176 43 expiring
2070 1365 130 37 wishes

1742 1421 13 33 i
1778 1427 67 26 met
1867 1419 59 33 the
1943 1408 154 47 General
2109 1422 45 22 on
2172 1411 57 31 the
2241 1406 154 44 evening
2412 1402 44 43 of
2470 1404 58 33 the
2544 1401 84 46 16,th
2650 1400 144 43 instant,
2813 1408 39 21 as
2871 1406 96 24 some

1642 1470 149 39 soldiers
1809 1476 93 22 we're
1922 1463 167 40 bringing
2106 1459 71 32 hint
2196 1457 73 34 into
2291 1455 187 35 Connive,
2497 1448 204 47 supported
2721 1447 33 32 in
2773 1456 21 21 a
2813 1444 155 33 blanket

1646 1517 87 32 with
1754 1515 132 33 sashes.
1939 1511 58 33 lie
2019 1509 104 32 knew
2153 1515 54 32 me
2236 1500 266 40 immediately,
2533 1496 138 41 ihoogh
2695 1495 26 31 it
2743 1501 73 25 was
2832 1492 138 33 almost

1642 1564 93 33 dark
1752 1576 8 26 ;
1786 1559 177 46 squeezed
1976 1557 73 32 me
2049 1556 46 41 by
2113 1553 61 32 the
2194 1548 104 40 hand,
2314 1547 70 41 mid
2404 1546 91 38 said,
2557 1544 58 38 De
2635 1547 60 28 not
2709 1541 105 32 leave
2833 1538 137 34 me.*--

1648 1613 57 32 lle
1723 1610 116 44 spoke
1858 1615 38 26 to
1917 1607 57 31 the
1990 1611 168 34 surgeons
2178 1607 45 22 on
2243 1597 92 31 their
2352 1593 209 41 exeinieing
2578 1590 57 38 We;
2653 1587 228 40 wounil,bitt
2897 1594 73 24 was

1646 1661 31 32 in
1693 1658 86 41 sach
1796 1655 86 45 pain
1903 1654 44 32 he
1959 1651 106 46 fttilld
2083 1658 60 33 say
2161 1646 65 39 bat
2244 1645 109 31 little.
2407 1639 109 38 .ia.Cti'r
2528 1645 98 25 some
2647 1637 99 34 !hue,
2767 1635 41 31 he
2829 1630 143 37 seemed

1646 1717 85 31 ve.:y
1752 1704 155 40 aurin4s
1923 1706 37 33 to
1974 1697 117 45 speak
2117 1701 37 25 to
2174 1703 53 22 toe
2243 1703 8 21 :
2278 1689 83 40 and,
2389 1693 37 28 at
2458 1684 187 38 intervels,
2660 1682 197 45 expressed
2880 1681 92 31 pine.

1645 1753 71 33 self
1731 1763 39 20 as
1785 1752 89 34 fella
1883 1759 47 22 %Ns
1944 1744 139 34 :--The
2104 1743 76 32 first
2197 1740 102 41 thing
2315 1737 45 43 lie
2373 1726 111 41 asked
2504 1742 69 22 was
2659 1733 74 31 Are
2746 1729 58 31 the
2828 1728 143 34 French

1646 1804 64 30 l:ea
1719 1807 58 26 ten
1791 1794 203 35 ?'--which
2011 1791 137 43 ir.quiry
2173 1788 41 32 he
2229 1782 174 44 repeated
2418 1788 35 26 to
2465 1780 48 32 alt
2532 1778 100 32 those
2654 1778 41 31 he
2706 1776 76 32 Inc
2790 1786 30 22 w
2832 1786 38 22 as
2882 1775 91 43 they

1645 1847 145 38 eiaeced
1809 1845 59 33 the
1889 1851 116 25 room.
2034 1841 58 30 On
2109 1837 107 43 being
2229 1831 145 47 .insured
2395 1831 46 40 by
2461 1828 51 31 all
2532 1827 79 31 twat
2628 1825 59 31 the
2709 1822 141 40 French
2875 1832 97 22 were

1648 1898 145 30 beaten,
1813 1892 43 32 he
1878 1902 20 21 e
2215 1889 78 25 nor
2302 1889 21 22 F:
2341 1887 57 21 Tit
2412 1886 19 21 r;
2457 1876 84 32 Pee
2550 1881 20 24 P
2812 1880 25 22 es
2846 1878 123 25 LAND

1651 1954 25 24 W
1694 1954 72 22 11.1.
1785 1949 51 25 BE
1864 1932 298 44 SAT1S1:11:0-1
2193 1935 117 28 )101'.E
2344 1932 64 25 MY
2446 1928 165 32 COUN1:11
2626 1928 25 24 Y
2685 1928 113 33 wi4l.
2825 1926 54 25 1)0
2911 1925 27 26 M

1646 2001 19 24 J
1677 2000 20 26 U
1706 2000 43 27 41'
1775 1998 18 21 C
1802 1983 180 37 r.—YOU
2043 1975 38 38 ill
2094 1989 59 22 see
2169 1987 53 31 my
2238 1971 133 44 friends
2391 1981 39 22 as
2443 1980 84 20 sou.'
2536 1978 38 21 as
2588 1976 72 34 you
2681 1964 154 46 possiblv

1650 2039 61 37 tell
1731 2036 98 32 theta
1847 2041 109 33 evety
1978 2029 216 40 thing—say
2216 2030 37 22 to
2271 2031 56 31 my
2348 2014 309 41 mother'---litere
2676 2015 54 30 his
2751 1998 20 56 v
2771 1998 20 56 o
2791 1998 185 56 icelailtd

1649 2086 94 39 him)
1749 2085 57 27 --t
2082 2085 19 22 r
2228 2069 89 34 'wave
2336 2065 105 39 mud!
2458 2070 34 25 to
2515 2072 80 32 say,
2615 2060 63 32 but
2708 2065 128 27 cannot
2856 2062 60 37 get
2946 2057 30 32 it

1649 2131 168 39 out.—('
1832 2125 152 37 colonel
2004 2122 178 35 Graham,
2202 2117 65 37 end
2284 2124 64 24 are
2378 2112 51 32 all
2448 2121 57 32 toy
2524 2106 201 47 Aides,dc•
2725 2106 22 47 r
2747 2106 90 47 Camp
2861 2104 110 34 vtrll?

1700 2178 92 35 have
1819 2174 104 33 made
1956 2181 58 32 my
2054 2169 92 39 will,
2170 2165 71 44 4ind
2274 2161 93 40 have
2395 2154 244 45 remembered
2668 2164 57 34 my
2753 2159 170 27 servants.
2930 2167 46 8 —

1654 2228 184 32 Colborne
1852 2223 63 32 has
1930 2230 51 30 in\
2006 2230 20 19 w
2042 2216 53 38 ill,
2113 2209 69 38 And
2200 2209 50 34 all
2270 2220 56 31 my
2350 2215 117 35 p:oper
2471 2217 11 20 ,

1757 2270 122 44 Major
1902 2267 183 37 Colborne
2117 2259 76 44 (bis
2222 2258 90 41 print
2326 2254 7 32 i
2343 2255 60 43 pal
2434 2246 296 45 Aid-de-Camp)
2758 2246 87 33 then
2871 2254 103 26 came

1652 2322 77 31 into
1754 2319 63 33 the
1844 2311 198 38 rienn—lie
2065 2307 117 45 spoke
2210 2309 89 27 most
2320 2300 129 41 Lied!':
2469 2304 37 25 to
2533 2297 89 37 him,
2640 2295 69 33 and
2739 2294 81 33 then
2841 2293 80 33 said
2939 2297 38 28 to

1652 2378 54 28 suV
1719 2367 25 24 —
1743 2367 26 24 t
1791 2361 208 43 .Bemeedier
2019 2367 70 22 vou
2106 2366 46 32 go
2172 2359 195 32 to--,
2385 2346 70 32 and
2474 2346 60 32 tell
2554 2344 73 31 him
2648 2343 22 30 it
2695 2343 27 30 is
2740 2352 58 32 my
2817 2342 161 43 request,

1651 2415 67 35 and
1736 2414 76 33 that
1832 2412 21 31 I
1871 2409 126 39 expect
2013 2405 44 32 he
2079 2404 73 38 will
2174 2396 162 37 befriend
2359 2393 124 44 Major
2503 2391 187 43 Colborne
2692 2388 91 33 —he
2802 2387 65 34 has
2885 2388 91 31 heed

1654 2464 84 39 long
1757 2459 86 32 with
1866 2466 71 27 use.,
1967 2453 67 34 and
2067 2451 14 32 I
2117 2452 106 31 know
2246 2446 72 32 him
2349 2448 90 27 most
2469 2438 143 43 worthy
2631 2434 46 34 of
2699 2433 57 35 it.'
2807 2435 60 33 lie
2895 2433 86 34 then

1654 2511 109 41 again
1779 2504 115 37 asked
1928 2502 124 44 Major
2083 2496 185 33 Colborne
2306 2489 31 35 if
2359 2492 64 30 the
2454 2485 136 34 French
2613 2494 26 21 w
2652 2493 59 21 ere
2730 2484 130 31 beaten
2875 2493 11 26 ;
2904 2480 72 33 and

1654 2568 45 21 on
1720 2557 106 41 being
1841 2550 73 44 tolil
1933 2550 84 40 they
2034 2555 93 22 were
2144 2541 164 44 n‘1i;:1-ed
2326 2548 44 21 on
2380 2545 113 33 every
2513 2533 119 43 point,
2649 2530 44 33 he
2705 2529 141 35 said—'
2859 2529 25 31 it
2906 2528 72 35 wits

1655 2615 21 26 a
1702 2607 103 39 great
1821 2596 248 38 satisfaction,
2095 2593 34 32 in
2160 2590 54 33 his
2241 2589 65 33 last
2335 2589 187 32 moments,
2552 2585 38 27 to
2626 2581 102 31 know
2744 2578 20 32 h
2764 2578 21 32 e
2811 2576 24 33 h
2835 2576 24 33 a
2858 2576 25 33 d
2900 2575 79 34 bout

1656 2653 60 31 the
1736 2644 162 39 '',each.'

1807 2692 159 37 General
1996 2688 115 41 Paget
2134 2685 34 33 in
2187 2691 8 26 t
2207 2683 40 33 lie
2263 2691 98 25 room
2376 2676 138 35 r—On
2525 2683 60 35 my
2608 2672 130 45 telling
2751 2670 73 35 him
2844 2670 45 34 he
2907 2678 73 31 was

3268 2009 7 33 N
3299 2023 20 19 ,_~

3196 0 28 211 7
3224 0 30 211 .
3254 0 148 211 4%4i•
