3402 4429
1111 93 144 58 TIIE
1289 94 369 56 NATIONAL
1690 92 380 57 REGISTER;

252 223 116 39 force
387 229 43 32 to
451 223 91 39 bear
561 237 56 26 on
637 239 77 27 our
739 241 113 40 army
869 244 13 30 ;
911 229 77 39 and
1016 229 70 41 the
1110 229 180 54 glorious
1306 230 120 39 result
1444 229 50 39 of
1507 228 67 39 the

255 288 249 43 memorable
539 288 132 44 battle
705 294 48 39 of
769 295 203 47 Corunna,
1000 296 131 40 under
1162 296 51 40 all
1241 294 72 41 the
1345 295 206 40 inconveni-

256 371 118 27 ences
411 372 74 26 our
519 359 168 40 soldiers
713 359 195 44 laboured
943 364 141 46 under,
1129 361 77 41 will
1238 361 135 47 teach,
1413 369 45 34 at
1488 360 89 46 last,

259 426 70 39 the
346 432 168 46 country
535 428 79 40 and
633 428 71 40 the
738 429 185 48 Cabinet,
951 431 84 39 that
1054 431 71 39 the
1143 430 86 41 idea
1260 430 50 40 of
1323 444 73 26 our
1416 429 162 52 beating

261 495 70 39 the
353 494 149 41 French
520 509 51 25 on
592 495 105 40 their
711 509 105 33 own,
836 510 50 26 or
912 497 178 54 Spanish,
1120 511 45 26 or
1176 509 73 41 any
1266 496 124 43 ether
1402 496 177 54 ground,

265 563 31 38 is
311 568 74 33 not
404 575 43 26 so
477 561 246 48 chimerical,
754 576 43 26 as
816 565 72 38 has
919 565 97 39 been
1045 565 211 53 imagined.
1313 565 155 40 Almost
1499 561 86 43 half
1607 561 1 57 '

263 631 73 38 the
359 633 174 48 enemy's
552 631 112 39 force
685 631 38 39 in
750 632 118 51 Spain
901 632 77 39 had
996 633 107 39 been
1122 633 193 39 detached
1336 633 157 52 against
1507 632 76 39 this

265 697 170 40 handful
454 698 47 39 of
513 711 97 26 ours
626 713 11 30 ;
667 698 78 39 and
767 698 97 39 with
895 697 53 40 all
967 698 106 40 their
1103 698 177 53 celerity,
1311 699 272 53 impetuosity,

266 763 80 39 and
370 763 268 53 generalship,
667 763 94 52 they
780 777 106 26 were
906 763 144 40 unable
1064 769 43 34 to
1129 770 162 46 prevent
1318 777 73 26 our
1409 769 172 39 retreat;

266 830 96 46 and,
383 835 43 35 at
444 831 47 39 its
510 831 280 44 termination,
809 843 105 27 were
933 828 165 56 signally
1120 831 195 40 defeated.
1348 831 84 39 The
1448 835 137 48 tyrant

267 895 178 47 himself,
475 895 87 40 who
596 895 274 52 iiwnediately
906 895 104 43 after
1036 896 59 39 his
1113 896 143 40 arrival
1274 911 52 25 on
1345 896 67 38 the
1430 895 96 40 25th
1546 900 43 34 at

269 964 71 40 the
370 974 129 40 army,
529 961 79 41 had
630 963 208 39 witnessed
856 963 70 40 the
939 961 171 54 exploits
1137 961 47 40 of
1207 976 76 27 Our
1298 960 177 54 cavalry,
1514 960 72 39 and

263 1031 181 52 judging
461 1031 113 39 there
594 1043 104 27 were
717 1044 112 26 more
849 1025 124 45 blOws
989 1030 98 40 than
1102 1030 155 40 honour
1274 1035 44 35 to
1337 1030 50 39 be
1402 1028 187 53 acquired

270 1101 41 39 in
327 1098 198 53 directing
536 1097 71 40 the
620 1098 235 51 operations
881 1098 155 51 against
1052 1098 69 38 the
1139 1097 141 40 British
1296 1101 143 48 Army,
1457 1109 107 27 mean-

270 1168 41 56 ly
327 1167 104 40 stole
450 1178 111 41 away
580 1165 112 40 from
715 1165 67 40 the
795 1165 93 40 field
909 1165 50 40 of
971 1165 177 45 honour,
1168 1166 71 41 and
1253 1166 183 39 confided
1455 1169 45 35 to
1519 1176 74 27 one

273 1235 51 38 of
345 1234 60 39 his
436 1232 213 41 Subaltern
681 1233 164 39 ruffians
881 1232 70 40 the
983 1237 221 44 dangerous
1221 1232 89 40 task
1331 1233 46 39 of
1388 1232 158 52 driving
1566 1232 28 38 it

272 1293 91 46 Sato
384 1300 67 39 the
485 1311 79 27 sea.
625 1300 64 38 He
719 1298 96 45 had,
842 1303 45 34 at
913 1300 40 37 St
972 1299 102 38 Jean
1103 1298 155 46 d'Acre,
1287 1311 24 26 a
1338 1298 196 52 specimen
1554 1297 44 39 of

281 1369 72 40 the
385 1364 142 43 laurels
544 1370 45 34 to
609 1365 52 39 be
680 1364 146 56 gained
855 1364 39 43 in
931 1363 172 54 fighting
1117 1364 92 39 with
1228 1377 77 27 our
1315 1364 180 45 soldiers,
1522 1364 72 39 and

273 1435 73 45 the
366 1446 124 40 wary,
516 1433 182 52 cunning
736 1431 77 39 and
848 1429 174 53 dastarly
1061 1442 168 39 usurper
1246 1429 178 53 thought
1446 1431 31 37 it
1495 1429 103 39 safer

276 1507 46 34 to
369 1512 207 40 compose,
620 1496 130 41 under
783 1498 73 38 the
907 1507 116 26 name
1064 1494 50 39 of
1142 1493 209 47 Bulletins,
1396 1494 202 39 atrocious

276 1566 118 44 libels
430 1566 156 53 against
618 1578 78 27 our
731 1570 157 46 troops,
925 1561 96 39 than
1055 1566 46 34 to
1122 1560 98 54 fight
1237 1560 111 40 them
1390 1560 208 53 manfully.

282 1633 44 43 If
340 1632 81 40 this
451 1631 291 41 circumstance
774 1631 32 37 is
835 1633 76 34 not
945 1628 168 52 capable
1131 1626 46 40 of
1201 1626 300 53 extinguishing
1535 1628 67 39 the

282 1698 242 43 admiration
537 1691 19 46 .
556 1691 38 46 of
608 1696 196 40 domestic
826 1694 250 54 panegyrists
1095 1691 47 40 of
1155 1693 87 39 that
1263 1703 187 41 usurper,
1472 1690 76 41 and
1563 1693 46 39 of

281 1766 168 52 rousing
468 1762 66 41 the
568 1761 237 43 confidence
822 1761 80 40 and
933 1772 149 40 energy
1117 1759 50 39 of
1181 1759 197 39 Ministers
1395 1774 11 27 ;
1442 1770 57 26 we
1526 1755 79 40 will

282 1832 97 52 only
406 1844 70 39 say
502 1831 69 41 the
592 1830 223 39 inveterate
847 1825 190 53 stupidity
1061 1824 48 40 of
1133 1824 66 39 the
1218 1837 77 26 one
1325 1824 31 38 is
1376 1821 229 45 incurable;

282 1898 83 39 and
402 1898 87 38 that
521 1897 71 39 the
630 1894 124 40 latter
785 1906 71 26 are
887 1892 274 51 incompetent
1195 1896 43 33 to
1276 1889 230 40 administer
1540 1887 66 39 the

285 1962 138 41 affairs
437 1959 50 47 of
496 1959 78 40 this
592 1964 190 47 country.
828 1957 87 40 The
933 1957 94 39 base
1045 1956 221 40 detractors
1287 1954 48 40 of
1351 1967 73 26 our
1443 1965 142 40 co-ope-

282 2028 137 40 ration
439 2026 38 41 in
502 2029 177 52 support
696 2023 48 40 of
757 2021 255 41 continental
1031 2021 296 53 independence
1343 2033 65 26 are
1424 2016 183 45 silenced,

286 2094 67 43 for
367 2106 110 34 ever,
508 2093 51 52 by
594 2092 71 40 the
684 2091 158 52 victory
881 2094 44 33 at
958 2089 211 43 Corunna;
1200 2083 74 41 and
1294 2085 69 39 the
1381 2081 135 54 public
1533 2081 74 40 will

292 2159 53 41 be
364 2159 182 41 sensible.
575 2163 45 34 at.
647 2156 102 47 .last,
778 2156 92 39 that
893 2158 168 43 100,000
1089 2165 90 27 rum
1208 2150 48 40 of
1270 2148 96 40 such
1389 2147 154 45 mettle,
1571 2160 40 25 as

288 2223 311 60 triumphed.on
614 2223 71 47 the
703 2222 90 39 16th
814 2235 72 26 are
901 2225 71 34 not
990 2218 94 53 only
1106 2220 230 50 competent
1356 2219 40 34 to
1416 2213 110 39 resist
1545 2212 66 39 the

288 2290 189 39 invaders
491 2308 12 26 ;
533 2290 78 39 but
630 2294 44 35 to
693 2288 84 40 lash
801 2288 126 46 them,
946 2284 175 43 covered
1140 2283 93 40 with
1269 2283 135 39 shame
1423 2281 78 39 and
1520 2291 69 27 con-

283 2352 155 54 fusion,
468 2355 159 53 beyond
645 2355 71 39 the
736 2356 210 51 Pyrenees.

314 2453 6 6 .
343 2427 61 37 On
439 2421 265 52 Wednesday,
732 2420 71 39 the
835 2420 111 46 11th,
977 2418 67 40 the
1074 2430 115 40 army
1222 2412 174 41 reachtie
1411 2414 200 39 Corunna.

291 2494 63 37 On
372 2492 69 39 the
462 2489 106 46 12th,
599 2487 72 40 the
690 2484 357 53 advanced-guard
1067 2484 50 39 of
1127 2484 70 40 the
1218 2480 152 40 French
1396 2479 158 40 arrived
1574 2484 40 34 at

289 2562 217 41 Betauzos,
535 2570 25 26 a
579 2554 116 54 place
713 2554 129 39 about
868 2550 142 40 twelve
1043 2549 112 40 miles
1174 2549 105 40 from
1299 2550 202 38 Corunna.
1558 2548 58 37 On

291 2626 72 40 the
380 2622 168 52 evening
579 2620 51 41 of
654 2620 67 40 the
744 2619 111 47 14th,
885 2631 24 28 a
934 2616 183 40 hundred
1148 2615 72 39 sail
1244 2614 48 39 of
1313 2617 224 48 transports
1553 2623 66 27 en-
1632 2614 1 60 '

294 2692 115 41 tered
425 2692 70 39 the
523 2691 81 50 bay
639 2687 109 39 from
780 2687 130 52 Vigo;
943 2683 77 40 and
1056 2683 70 38 the
1150 2681 207 52 following
1377 2680 72 53 day
1475 2680 67 38 the
1563 2694 38 24 re-

294 2759 183 41 mainder
496 2756 176 41 arrived.
729 2757 56 50 By
822 2753 81 39 this
939 2753 96 38 tune
1071 2750 71 39 the
1172 2753 159 48 greater
1364 2752 91 47 part
1485 2746 48 39 of
1558 2746 65 39 the

295 2837 145 41 enemy
459 2823 200 56 appeared
692 2822 39 39 in
751 2820 70 39 the
842 2816 352 54 neighbourhood,
1222 2815 78 39 and
1330 2812 191 53 occupied
1557 2812 67 39 the

298 2896 188 51 adjacent
503 2891 185 53 heights;
718 2903 44 26 so
782 2888 93 40 that
907 2887 67 39 the
1007 2882 267 43 Commander
1305 2882 39 37 in
1365 2880 119 41 Chief
1507 2880 115 39 could

296 2978 57 27 no
371 2962 141 52 longer
529 2962 148 50 expect
694 2962 44 34 to
770 2955 195 40 continue
991 2952 71 39 the
1083 2948 299 46 embarkation,
1411 2948 129 39 which
1561 2948 43 38 be-

300 3046 83 40 gan
400 3044 54 27 on
474 3028 67 41 the
562 3026 115 44 14th,
705 3024 176 40 without
915 3019 270 52 interruption
1201 3033 12 28 ;
1244 3015 93 45 and,
1367 3015 38 39 in
1426 3015 102 45 fact,
1553 3027 72 26 our

300 3106 144 45 troops
463 3109 100 28 were
582 3091 201 54 engaged,
802 3089 151 52 during
983 3086 69 39 the
1074 3084 128 40 whole
1219 3085 47 38 of
1289 3083 89 39 that
1390 3084 94 51 day,
1514 3081 38 39 in
1572 3081 35 38 in-

301 3170 157 37 cessant
477 3161 235 41 ,kirmishes
730 3156 94 40 with
855 3155 70 38 the
944 3163 158 40 enemy.
1159 3150 110 51 They
1297 3148 196 46 declined,
1521 3146 80 40 how-

301 3244 115 33 'inter,
445 3243 22 25 a
488 3224 167 57 general
673 3224 286 53 engagement,
990 3231 40 25 as
1051 3216 106 39 their
1187 3215 196 39 intention
1404 3210 221 56 manifestly

306 3312 79 26 was
404 3304 43 34 to
481 3296 168 52 prevent
677 3305 74 26 our
771 3285 288 44 embarkation
1080 3281 60 39 till
1160 3280 104 39 their
1280 3280 128 38 entire
1427 3279 110 38 force
1556 3279 76 39 had

305 3363 176 47 arrived,
509 3360 118 39 when
646 3359 94 51 they
770 3353 182 52 thought
986 3346 240 43 themselves
1260 3346 152 39 certain
1450 3345 50 39 of
1520 3357 89 26 over-

307 3430 214 50 whelming
541 3439 78 26 our
654 3435 129 40 army.
842 3420 130 38 These
999 3416 152 51 having
1183 3411 256 52 accordingly
1478 3409 155 40 arrived

311 3496 126 41 i:nder
456 3494 66 40 the
550 3489 235 45 command,
816 3500 44 26 as
898 3485 31 39 it
959 3484 31 38 is
1019 3482 100 46 said,
1150 3480 47 40 of
1220 3480 117 43 .14170
1337 3480 39 43 T,
1406 3476 70 39 the
1494 3487 138 38 enemy

309 3578 103 28 were
431 3574 104 33 seen,
565 3556 116 56 early
696 3568 51 27 on
769 3555 69 39 the
861 3552 111 45 16th,
1002 3548 168 52 making
1188 3559 22 26 a
1228 3546 246 44 movement,
1504 3542 112 39 evinc-

307 3635 73 48 ing
398 3644 48 26 an
468 3627 198 40 intention
681 3628 43 37 to
739 3620 197 52 envelope
952 3630 73 30 our
1043 3628 112 31 men;
1187 3612 128 40 whilst
1332 3609 102 40 their
1450 3607 187 54 principal

307 3702 116 38 force
459 3709 77 27 was
567 3692 195 44 directed,
807 3690 204 41 however,
1051 3681 158 56 against
1254 3692 77 26 our
1368 3678 120 53 right.
1520 3678 119 50 wing,

311 3764 133 45 which
472 3777 81 26 was
589 3758 178 45 towards
804 3755 221 41 Encobras,
1057 3751 78 39 and
1155 3744 196 45 consisted
1371 3745 50 40 of
1450 3743 70 41 the
1553 3744 86 43 4th,

313 3836 92 45 42d,
437 3833 74 41 and
530 3830 97 40 50th
645 3828 231 53 regiments,
906 3820 237 54 composing
1174 3817 67 38 the
1269 3814 167 53 brigade
1467 3810 48 41 of
1540 3810 100 40 Lord

531 3901 240 38 Be:NITINCK.
831 3889 135 40 Under
985 3887 111 40 these
1117 3885 307 39 circumstances
1455 3879 59 39 Sir
1532 3876 109 40 liar,

314 3972 162 39 MOORE
495 3961 198 57 prepared
711 3966 41 33 to
767 3956 152 43 sustain
935 3966 50 28 an
1003 3953 283 52 engagement,
1315 3946 129 40 which
1461 3957 79 27 was
1558 3954 86 30 now

314 4037 170 40 become
504 4026 291 46 unavoidable.

369 4104 85 38 Our
472 4098 177 57 position
670 4107 80 28 was
783 4084 308 48 reconnoitered
1129 4083 52 52 by
1204 4077 176 45 Marshal
1402 4078 151 44 SovLT,
1583 4074 41 40 be-

317 4174 133 35 tween
485 4173 44 35 10
546 4163 80 44 and
652 4168 41 35 11
724 4156 163 48 o'clock
906 4156 43 40 in
978 4154 66 41 the
1070 4148 202 56 morning,
1302 4144 77 41 and
1409 4144 72 40 the
1509 4139 137 44 attack

2871 92 72 51 7S

1636 237 76 27 was
1723 224 353 52 notwithstanding
2095 237 25 27 a
2137 224 102 40 feint
2261 237 103 39 upon
2399 237 79 27 our
2496 222 73 39 left
2587 223 50 51 by
2656 235 25 25 a
2698 220 161 41 column
2878 220 83 39 and

1637 288 92 40 four
1748 291 129 51 pieces
1889 287 50 41 of
1951 286 193 57 artillery,
2159 289 116 41 made
2293 291 50 53 by
2359 288 70 43 the
2450 287 152 43 French
2621 300 112 39 upon
2751 298 73 28 our
2844 285 116 52 right

1638 353 117 53 wing,
1787 353 92 39 with
1913 359 117 47 great
2048 353 273 56 impetuosity,
2352 356 76 38 and
2447 353 164 41 resisted
2639 353 54 52 by
2709 364 74 27 our
2800 350 161 53 gallant

1641 423 137 47 troops
1807 418 92 39 with
1922 418 229 41 undaunted
2172 420 176 40 firmness
2368 420 76 39 and
2464 431 302 43 perseverance.
2828 418 32 37 It
2881 428 83 26 was

1641 483 206 39 obviously
1867 485 66 38 the
1951 484 136 54 design
2107 485 48 39 of
2167 487 70 39 the
2268 500 139 38 enemy
2428 490 46 33 to
2492 490 93 33 turn
2606 483 70 39 the
2709 483 109 52 right
2837 481 126 53 wing,

1643 548 73 39 and
1735 548 92 40 thus
1839 549 197 53 interpose
2055 549 181 43 between
2251 552 69 40 th
2337 563 111 40 army
2472 549 79 39 and
2572 548 70 39 the
2675 547 117 53 place
2811 547 50 39 of
2874 557 59 27 em-

1644 612 231 41 barkation.

1695 679 87 40 The
1800 680 132 39 heroic
1959 679 201 56 gallantry
2189 681 50 38 of
2259 693 89 27 men
2368 679 80 40 and
2467 678 158 41 officers
2644 676 221 43 frnstrated
2885 676 83 41 this

1644 749 174 51 attempt
1832 763 9 27 ;
1878 748 76 39 and
1974 748 356 52 notwithstanding
2348 748 110 38 their
2474 744 190 53 repeated
2687 744 152 43 elrorts,
2870 744 99 53 the/

1649 822 112 33 were,
1795 811 38 37 in
1853 822 117 41 every
1991 824 84 27 new
2096 813 155 45 attack,
2287 811 182 56 repulsed
2490 811 92 38 with
2603 816 119 46 great
2741 809 239 52 slaughter..

1649 876 51 38 At
1719 875 73 40 last
1812 887 107 31 some
1937 879 209 40 confusion
2166 879 217 51 appearing
2404 878 41 38 in
2464 878 106 41 their
2590 875 141 45 ranks,
2766 887 76 27 our
2880 887 93 27 men

1651 944 180 47 became,
1861 945 35 38 in
1930 946 106 38 their
2068 950 105 38 turn,
2206 945 70 37 the
2308 943 221 40 assailants.
2587 943 87 40 The
2708 941 149 53 charge
2895 953 79 28 was

1651 1010 116 39 made
1786 1009 91 40 with
1898 1009 67 40 the
1983 1011 174 51 bayonet
2172 1026 11 27 ;
2220 1009 78 40 and
2329 1023 53 26 on
2418 1010 93 45 this,
2545 1022 41 26 as
2613 1020 56 27 on
2700 1022 119 38 every
2856 1009 119 38 other

1652 1076 200 45 occasion,
1878 1075 70 40 the
1964 1089 141 38 enemy
2128 1089 102 25 were
2251 1081 69 33 not
2340 1075 91 40 able
2452 1081 45 34 to
2518 1077 109 38 resist
2660 1076 32 38 it
2720 1088 25 24 a
2772 1074 124 52 single
2916 1075 41 35 in-

1654 1146 118 34 stant.
1808 1143 44 37 In
1870 1142 77 38 this
1965 1141 155 46 attack,
2140 1140 146 52 during
2306 1141 130 38 which
2459 1141 70 39 the
2549 1137 129 41 whole
2699 1153 112 38 army
2832 1152 119 26 cover-

1655 1205 45 40 ed
1720 1205 112 40 itself
1845 1207 90 39 with
1957 1206 136 53 glory,
2113 1206 67 38 the
2200 1206 172 45 Guards,
2394 1206 30 39 it
2446 1206 30 38 is
2494 1205 99 45 said,
2616 1204 261 52 particularly
2900 1205 60 48 sig-

1657 1269 154 41 nalized
1828 1271 250 40 themselves.
2133 1270 89 41 The
2244 1272 148 38 French
2414 1284 103 26 were
2536 1285 44 24 so
2598 1267 242 52 completeV
2864 1273 94 34 rout-

1657 1336 61 47 ed,
1744 1337 77 39 and
1854 1337 73 39 fled
1958 1337 97 39 with
2087 1337 92 40 such
2211 1336 299 52 precipitation,
2548 1335 90 39 that
2674 1335 96 50 they
2806 1332 67 40 did
2909 1337 76 33 not

1658 1403 96 39 dare
1783 1416 213 40 re-appear
2024 1403 64 39 for
2119 1402 187 39 fourteen
2342 1402 122 39 hours
2496 1400 256 39 afterwards.
2810 1398 97 39 This
2928 1401 39 37 in-

1661 1468 125 40 terval
1814 1482 76 25 was
1922 1468 193 53 occupied
2144 1468 40 39 in
2212 1467 241 52 embarking
2481 1480 77 26 our
2587 1472 159 46 troops.
2802 1465 111 39 Thus
2933 1478 52 26 an

1661 1539 278 46 engagement,
1967 1533 132 39 where
2119 1532 66 40 the
2204 1533 198 51 desparity
2425 1532 48 39 of
2490 1532 191 39 numbers
2702 1543 103 27 were
2824 1541 44 26 so
2888 1540 100 39 very

1662 1598 285 46 considerable,
1983 1611 76 26 was
2074 1598 163 39 decided
2258 1598 53 52 by
2330 1598 71 39 the
2420 1594 231 43 irresistible
2693 1594 119 40 effect
2839 1594 48 43 of
2920 1594 70 39 the

1664 1664 145 39 British
1830 1664 191 52 bayonet,
2042 1664 39 39 in
2101 1664 73 39 less
2193 1664 98 39 than
2311 1663 115 39 three
2446 1663 139 44 hours,
2604 1662 110 39 from
2738 1664 77 34 two
2829 1658 162 40 o'clock

1664 1729 58 39 till
1743 1729 80 39 five
1843 1729 38 39 in
1898 1729 72 39 the
1989 1729 185 52 evening.

1716 1795 85 38 Our
1821 1793 89 47 loss,
1935 1807 54 26 on
2009 1794 67 39 the
2096 1794 203 39 occasion.
2333 1793 31 40 is
2393 1792 119 41 much
2536 1792 72 39 less
2629 1791 98 38 than
2748 1789 118 40 could
2887 1788 74 39 ha%
2972 1800 22 25 n

1665 1859 100 40 been
1783 1860 214 51 expected,
2019 1866 71 33 not
2107 1859 220 52 exceeding
2347 1859 37 39 in
2407 1859 125 39 killed
2554 1859 78 38 and
2652 1857 195 40 wounded
2868 1870 124 26 seven

1668 1925 178 40 hundred
1865 1938 90 27 men
1970 1944 11 27 ;
2011 1937 148 43 among
2178 1926 133 38 whom
2333 1938 67 27 are
2418 1924 152 40 several
2591 1924 255 44 officers,a
2867 1923 107 52 glori-

1668 2003 74 27 ous
1761 1993 76 38 and
1853 1991 278 40 incontestible
2150 1991 126 53 proof
2288 1991 48 39 of
2349 1991 106 39 their
2473 1990 171 52 bravery
2665 1993 9 35 I
2709 1991 44 37 In
2771 1989 66 38 the
2856 1988 120 52 begin-

1670 2057 96 53 ning
1779 2057 48 39 of
1835 2059 66 38 the
1919 2061 272 48 engagement
2204 2059 58 38 Sir
2277 2061 39 35 J.
2331 2061 159 35 Nlooas
2503 2055 182 40 received
2696 2055 70 40 the
2779 2055 97 39 fatal
2893 2055 109 39 blow

1670 2137 52 25 on
1742 2124 70 38 the
1831 2124 148 44 breast,
2006 2124 50 50 by
2089 2137 25 25 a
2144 2121 137 53 nearly
2303 2127 112 47 spent
2433 2134 162 27 cannon
2615 2120 98 39 ball.
2770 2120 58 39 Sir
2856 2121 145 38 DAVID

1676 2192 170 37 BAIRD'S
1865 2200 105 27 arms
2004 2202 77 25 was
2109 2190 93 39 shot
2220 2202 112 50 away
2355 2202 98 27 near
2485 2189 67 39 the
2570 2186 146 40 socket
2744 2185 48 53 by
2824 2198 25 26 a
2881 2185 120 40 chain

1670 2257 107 46 shot,
1807 2256 86 47 but,
1915 2255 94 39 with
2031 2255 285 52 inexpressible
2348 2256 200 52 pleasure,
2582 2257 64 37 we
2676 2264 210 27 announce
2911 2251 91 39 that

1675 2324 124 51 hopes
1817 2336 69 25 are
1903 2322 252 39 entertained
2183 2322 52 43 of
2270 2322 57 45 his
2347 2334 208 39 recovery.
2610 2319 92 40 The
2726 2315 216 43 command
2957 2316 50 39 of

1675 2388 66 39 the
1759 2401 113 39 army
1893 2387 97 40 then
2009 2387 200 40 devolved
2224 2400 53 27 on
2298 2382 327 44 Lieut.-General
2648 2385 139 43 Horn,
2811 2381 109 46 who,
2949 2394 53 25 no

1675 2452 78 41 this
1769 2452 175 40 arduous
1971 2453 189 39 occasion
2191 2452 208 52 di:-played
2428 2448 119 54 equal
2583 2450 190 50 bravery,
2805 2446 201 52 foresight

1677 2518 74 39 and
1774 2518 183 52 activity.
2015 2518 87 39 The
2120 2518 214 39 command
2363 2515 122 41 could
2504 2520 73 35 not
2603 2515 106 40 have
2730 2511 117 40 fallen
2867 2517 50 34 to
2937 2511 67 39 the

1677 2584 117 39 share
1815 2584 50 40 of
1884 2597 22 27 a
1923 2596 113 28 more
2059 2583 152 54 worthy
2232 2583 162 40 Officer.

1733 2712 86 39 The
1838 2715 222 48 transports
2080 2712 92 39 with
2207 2726 77 25 our
2310 2718 141 46 troops
2480 2708 106 40 from
2622 2707 203 45 Corunna,
2845 2718 60 28 we
2941 2718 69 28 are

1684 2779 125 52 happy
1832 2784 43 34 to
1893 2783 104 34 state
2017 2792 69 26 are
2101 2778 162 53 already
2290 2778 172 39 arrived.
2522 2776 159 39 Almost
2712 2772 51 40 all
2783 2773 67 39 the
2868 2773 144 39 letters

1684 2845 106 39 from
1811 2859 72 25 our
1900 2851 197 46 sea-ports
2118 2844 180 40 coincide
2320 2845 38 38 in
2376 2843 206 48 depicting
2603 2856 20 22 a
2646 2852 116 27 scee
2785 2838 48 41 of
2855 2841 159 39 distress

1685 2913 76 38 and
1794 2911 139 39 horror
1956 2910 295 53 inexpressible.
2309 2910 144 38 Whilst
2479 2921 58 26 we
2570 2921 43 26 so
2635 2907 189 52 cordially
2850 2919 137 40 sympa-

1688 2979 99 41 thise
1822 2979 38 38 in
1892 2979 69 38 the
1980 2976 209 52 sufferings
2224 2976 51 40 of
2301 2979 109 37 these
2443 2987 200 41 generous
2674 2974 171 44 victims,
2883 2986 59 26 we
2976 2987 43 24 :is

1690 3045 163 52 warmly
1872 3050 190 34 execrate
2081 3045 69 39 the
2166 3043 112 54 spirit
2297 3044 47 40 of
2361 3041 244 44 vacillation,
2623 3039 100 54 folly
2743 3040 74 39 and
2837 3053 169 39 lrocras-

1690 3112 187 44 tination,
1909 3111 131 39 which
2075 3110 190 41 rendered
2300 3110 66 39 the
2401 3110 215 39 exertions.
2640 3107 51 38 of
2721 3106 77 40 this
2830 3107 190 52 patriotic

1690 3178 105 40 band
1815 3177 221 52 absolutely
2060 3177 157 39 useless.
2272 3177 109 51 They
2404 3188 107 27 were
2542 3174 182 54 dragged
2756 3175 126 39 about
2914 3174 111 39 from.

1693 3260 76 25 one
1788 3246 187 52 province
1996 3244 46 38 of
2059 3246 116 52 Spain
2196 3248 43 34 to
2258 3248 170 34 another
2446 3257 11 30 ;
2505 3242 78 39 and
2624 3242 38 39 in
2699 3241 152 53 perfect
2877 3242 145 38 unison

1696 3313 91 40 with
1811 3313 66 40 the
1894 3324 289 40 consequences
2204 3309 48 40 of
2268 3311 67 38 the
2355 3308 130 40 battle
2513 3308 50 39 of
2589 3308 191 45 Vimiera,
2800 3307 93 52 they
2916 3320 105 26 were

1696 3379 184 41 ordered.
1911 3379 105 39 after
2036 3392 77 26 one
2144 3377 48 40 of
2220 3377 70 40 the
2315 3383 103 32 most
2446 3376 180 52 splendid
2660 3377 191 37 victories
2878 3374 38 39 in
2948 3387 79 26 our

1696 3446 152 45 annals,
1877 3451 41 33 to
1938 3444 185 39 abandon
2146 3444 67 39 the
2232 3456 115 27 scene
2367 3443 48 39 of
2432 3441 103 41 their
2552 3439 180 57 exploits
2747 3441 80 41 and
2857 3455 172 33 succesF,

1696 3515 78 40 and
1809 3517 44 34 to
1872 3513 53 52 fly
1957 3513 104 38 from
2098 3524 25 25 a
2153 3509 254 40 &malted
2440 3509 78 39 and
2556 3509 274 52 panic-struck
2867 3522 161 26 enemy.

1702 3583 99 39 How
1840 3579 151 54 galling
2023 3580 89 38 that
2146 3582 106 34 must
2283 3576 48 39 be
2365 3581 43 34 to
2435 3576 76 39 the
2545 3574 172 53 feelings
2759 3575 47 40 of
2841 3587 80 27 our
2950 3574 61 40 vic-

1702 3652 155 39 torious
1872 3653 266 46 countrymen
2159 3651 9 33 I
2226 3646 111 51 They
2355 3657 105 26 were
2472 3648 89 34 sent
2576 3647 44 34 to
2642 3643 71 40 the
2733 3643 220 40 Continent
2967 3641 67 39 for

1703 3718 67 39 the
1791 3728 171 43 purpose
1981 3715 48 37 of
2037 3713 161 50 fanning
2215 3711 69 39 the
2303 3711 71 39 last
2388 3711 129 39 flame
2532 3709 48 39 of
2591 3707 187 54 expiring
2792 3709 240 39 freedom--

1703 3800 25 25 a
1747 3783 158 40 mission
1925 3796 45 25 so
1991 3778 250 40 hoimurable
2275 3778 72 38 and
2368 3777 227 52 gratifying
2624 3781 44 35 to
2687 3777 143 38 British
2852 3775 181 46 soldiers,

1703 3853 98 52 they
1815 3862 116 41 gave,
1945 3849 39 38 in
2004 3861 116 39 every
2137 3844 260 54 opportunity
2418 3843 131 39 which
2570 3855 81 27 was
2668 3842 167 40 allowed
2855 3842 112 40 them
2991 3842 50 39 of

1704 3919 226 54 displaying
1967 3917 103 39 their
2095 3927 188 41 prowess,
2311 3913 70 40 the
2415 3917 106 34 most
2539 3909 128 53 signal
2704 3909 137 53 proofs
2858 3908 51 40 of
2930 3909 107 39 their

1707 3985 209 57 superiorit
1926 3998 21 27 y
1970 3993 98 30 over
2087 3983 66 39 the
2172 3993 138 40 enemy
2329 3998 11 27 ;
2369 3979 94 44 and,
2485 3978 111 40 when
2614 3978 106 39 their
2740 3978 169 40 services
2931 3991 109 27 were

1709 4059 105 35 most
1833 4051 183 53 urgently
2040 4049 206 54 requisite,
2276 4046 115 43 when.
2415 4045 106 40 their
2541 4043 188 53 example
2750 4044 76 40 and
2845 4057 195 39 presence

1709 4122 133 56 might
1872 4122 104 39 have
2004 4116 221 56 supported
2263 4115 69 40 the
2348 4113 200 56 drooping
2568 4111 135 56 spirits
2734 4110 50 43 of
2807 4124 76 28 our
2910 4110 128 48 allies,

247 91 161 58 SAN.
448 94 79 52 29.

3194 2465 2 12 i

3361 1792 39 148 I
