3422 4429
1075 105 146 54 TTIE
1259 105 378 56 NATIONAL
1671 107 380 52 REGISTER.

156 104 90 50 SG.

188 243 47 27 on
281 239 73 32 and
378 237 233 44 obstinately'
626 239 208 39 contested,
860 246 40 26 to
919 239 63 33 the
999 240 171 34 enclosed
1198 246 132 39 report
1343 240 43 34 of
1401 241 144 34 Lieut.-

175 285 85 34 Gen
273 286 79 33 oral
389 286 130 44 'lope,
548 285 89 34 who
665 286 202 34 succeeded
891 292 38 28 to
960 287 65 34 the
1057 289 194 33 command
1270 288 44 34 of
1338 288 63 34 the
1415 288 124 45 army:,

175 333 69 35 and
263 343 37 25 to
321 334 128 33 whose
478 334 141 43 ability
652 335 72 33 and
755 335 194 33 exertions
983 335 34 33 in
1045 335 187 34 direction
1254 335 43 34 of
1328 335 60 34 the
1401 335 141 34 ardent

177 381 84 37 zeal
280 383 72 33 and
374 383 306 43 unconquerable
702 381 131 34 valour
852 383 43 33 of
926 381 54 35 his
1002 383 196 45 Majesty';
1217 392 148 37 troops,
1390 384 30 35 h
1436 390 37 27 to
1492 384 46 33 he

178 430 226 38 attributed,
432 430 115 35 under
587 430 248 40 Providence,
863 432 63 33 the
961 442 143 25 success
1134 432 51 33 of•
1201 433 64 32 the
1297 432 89 44 day,
1413 431 123 34 which

182 478 221 33 terminated
424 477 35 33 in
478 480 61 32 the
570 480 190 43 complete
776 478 71 33 and
867 480 120 33 entire
1005 482 149 44 repulse
1173 480 72 34 and
1278 480 125 34 defeat
1421 480 41 33 of
1479 480 61 33 the

182 537 129 32 enemy
331 531 40 28 at
391 536 115 27 every
522 528 107 43 point
648 526 45 34 of
707 526 148 35 attack.

233 575 77 32 The
332 573 103 35 lion.
457 563 165 54 Captain
640 574 167 40 Gordon,
834 585 63 33 my
917 574 324 45 Aide-de-Camp,
1270 574 78 34 will
1369 575 91 33 have
1474 574 64 33 the

182 622 144 33 honour
345 621 45 34 of
398 622 208 44 delivering
622 622 73 33 this
712 622 191 44 dispatch,
937 622 69 34 and
1026 622 79 34 will
1121 625 44 31 he
1180 624 89 32 able
1285 628 38 27 to
1344 622 80 44 give
1443 632 97 35 your

185 669 188 46 Lordship
390 680 72 34 any
481 669 148 37 further
645 670 241 34 information
900 671 123 34 which
1044 681 84 33 may
1153 672 45 32 he
1217 671 184 44 required.

598 719 17 34 I
639 719 96 33 have
751 719 64 34 the
834 719 146 34 honour
997 724 39 28 to
1055 720 60 39 he,
1134 719 69 34 &c.
1271 718 12 1 -

973 767 50 33 D.
1055 767 164 40 BAIRN,
1252 767 235 34 Lieut.-Gen.

188 813 119 47 Right
325 815 106 35 Hon.
454 814 104 34 Lord
573 815 170 34 Viscount
763 811 254 46 Castlereagh.

647 876 72 34 His
736 875 195 48 Majesty's
948 876 81 45 ship
1052 875 213 35 Audacious
1289 876 53 33 off
1352 875 185 41 Corunna,

920 924 168 45 January
1113 924 57 43 IS,
1192 924 105 34 1809.

234 973 50 35 in
301 973 234 45 compliance
556 972 94 34 with
670 971 65 37 the
750 972 119 35 desire
889 972 195 33 contained
1104 972 35 33 in
1172 983 96 34 your
1294 971 220 34 communica-

191 1023 77 33 taut
287 1020 44 34 of
345 1022 216 45 yesterday,
593 1022 18 33 I
630 1020 104 33 avail
749 1019 138 47 myself
899 1019 44 34 of
952 1020 61 33 the
1031 1019 80 35 first
1123 1028 161 26 moment
1309 1020 13 32 I
1341 1020 93 32 have
1447 1019 91 33 been

191 1069 85 35 able
300 1074 39 30 to
360 1069 211 39 command,
599 1074 39 28 to
657 1068 115 34 detail
794 1075 38 27 to
850 1077 74 34 you
944 1067 61 34 the
1023 1077 236 25 occurrences
1283 1067 43 33 of
1335 1067 61 33 the
1415 1067 123 34 action

194 1117 125 34 which
340 1119 94 32 took
455 1117 105 44 place
580 1117 32 32 in
632 1116 97 34 front
749 1115 44 34 of
807 1119 174 31 Corunna
997 1126 45 22 on
1061 1114 63 34 the
1143 1115 86 34 16th
1251 1115 85 33 inst.

241 1165 34 37 It
294 1165 79 33 will
391 1166 45 32 be
456 1165 33 32 in
504 1174 98 35 your
613 1165 256 39 recollevion,
895 1163 80 33 that
992 1165 119 32 about
1128 1174 67 22 one
1212 1163 35 33 in
1266 1163 63 33 the
1343 1161 195 35 afternoon

191 1212 45 35 of
250 1213 78 35 that
345 1213 92 43 day,
450 1212 59 33 the
527 1222 149 33 enemy,
704 1212 84 34 who
809 1211 71 33 had
906 1211 37 33 in
974 1211 61 33 the
1055 1211 165 43 morning
1254 1209 167 34 received
1441 1209 78 33 rein-

194 1261 239 39 forcements,
456 1259 69 34 and
586 1260 46 33 ho
650 1257 70 37 had
744 1260 131 43 placed
893 1269 98 25 some
1010 1269 90 33 guns
1127 1258 35 33 in
1179 1258 102 33 front
1297 1256 45 35 of
1361 1257 60 34 the
1441 1256 97 45 right

191 1307 70 35 and
281 1307 70 34 left
370 1307 45 33 of
433 1307 52 33 his
502 1307 90 39 line,
621 1318 76 22 was
716 1306 178 34 observed
912 1311 39 28 to
981 1307 44 33 be
1046 1306 149 43 moving
1220 1311 129 38 troops
1374 1304 161 34 towards

195 1356 57 34 his
280 1355 71 34 left
370 1355 116 39 flank,
511 1355 70 33 and
609 1355 161 43 forming
807 1355 150 33 various
973 1355 165 33 columns
1156 1354 43 32 of
1227 1352 132 34 attack
1389 1357 40 30 at
1459 1354 81 32 that

194 1404 203 43 extremity
415 1403 41 32 of
469 1403 61 32 the
563 1408 128 38 strong
718 1402 70 32 and
808 1401 254 44 commanding
1081 1401 161 44 position
1263 1398 120 34 which
1415 1410 44 22 on
1478 1398 63 34 the

194 1452 170 44 morning
379 1450 46 33 of
433 1449 60 34 the
509 1449 83 34 15th
614 1449 45 34 he
680 1450 70 33 had
769 1450 116 33 taken
905 1449 34 33 in
958 1460 66 24 our
1042 1449 216 33 immediate
1273 1448 110 33 front.

242 1499 91 33 This
353 1496 204 35 indication
570 1496 44 33 of
630 1496 56 34 hie
706 1498 178 34 intention
913 1507 72 24 was
1004 1496 256 45 immediately
1277 1494 194 35 succeeded
1488 1494 48 44 by

195 1547 63 32 the
276 1545 109 46 rapid
398 1545 67 34 and
481 1544 223 35 determined
723 1545 131 33 attack
873 1544 124 35 which
1015 1545 45 33 he
1091 1544 102 33 made
1213 1554 102 34 upon
1358 1552 66 24 our
1441 1543 78 33 divi-

194 1594 78 34 sion
308 1594 124 33 which
456 1592 182 45 occupied
667 1594 63 31 the
757 1592 104 44 right
894 1591 44 34 of
965 1603 66 24 our
1068 1591 177 45 position.
1312 1580 79 44 The
1415 1594 123 27 events

194 1641 125 35 which
338 1641 175 34 occurred
547 1641 133 44 during
699 1642 79 32 that
798 1639 131 46 period
951 1639 40 33 of
1010 1639 64 33 the
1100 1639 123 33 action
1258 1648 73 35 you
1362 1646 64 26 are
1441 1636 96 44 fully

193 1689 222 44 acquainted
437 1688 102 35 with.
591 1688 85 34 The
693 1688 76 33 first
787 1688 107 33 effort
909 1688 41 32 of
979 1688 64 33 the
1070 1697 129 34 enemy
1225 1696 78 22 was
1320 1691 72 27 met
1406 1685 48 43 by
1475 1685 63 33 the

194 1730 242 45 Commander
451 1734 43 34 of
520 1736 64 32 the
611 1735 137 43 forces,
772 1735 70 34 and
862 1736 50 43 by
932 1734 181 45 yourself,
1139 1740 38 27 at
1198 1734 61 33 the
1284 1734 91 33 head
1404 1731 44 34 of
1478 1731 60 33 the

193 1785 71 38 Cd
280 1785 194 45 regiment,
496 1783 71 33 and
587 1783 63 34 the
674 1783 154 46 brigade
848 1782 113 34 under
991 1782 129 46 Major
1139 1781 161 35 General
1323 1780 94 35 Lord
1439 1780 97 34 Wm.

201 1833 200 35 lientinck.

242 1880 83 35 The
340 1880 141 43 village
498 1889 47 25 on
575 1889 96 34 your
697 1878 99 44 right
815 1880 150 33 became
979 1889 47 24 an
1049 1876 128 47 object
1193 1876 45 35 of
1251 1876 183 34 obstinate
1450 1885 66 25 con-

198 1933 83 32 test.
1422 1964 8 1 _
1482 1964 8 1 _

247 1976 19 35 .1
283 1976 139 33 lament
442 1977 35 32 to
503 1985 83 34 my,
605 1974 83 35 that
710 1985 86 24 soon
816 1972 102 37 after
937 1975 60 34 the
1016 1983 126 25 severe
1161 1971 132 34 wound
1320 1969 123 37 which
1472 1970 43 34 de-

196 2024 132 46 prived
350 2023 64 33 the
430 2033 100 35 army
560 2023 45 33 of
617 2033 98 34 your
731 2022 176 41 services,
935 2020 403 38 Lieutenant-General
1359 2019 57 33 Sir
1433 2019 103 33 John

200 2070 151 39 Aloore,
373 2070 83 33 who
475 2070 69 33 had
555 2070 83 46 just
651 2070 165 33 directed
843 2070 64 33 the
925 2075 94 30 most
1036 2070 89 33 able
1141 2067 241 47 disposition,
1401 2065 65 35 fell
1486 2066 48 44 by

195 2130 26 26 a
237 2118 255 37 cannon-shot.
544 2119 83 34 The
658 2125 143 37 troops,
820 2117 138 45 though
978 2124 63 27 not
1068 2113 275 47 unacquainted
1365 2113 91 34 with
1478 2113 60 34 the

196 2167 240 45 irreparable
449 2167 70 33 loss
539 2166 87 45 they
647 2166 71 33 had
744 2166 202 39 sustained,
964 2176 99 24 were
1076 2169 64 31 not
1156 2161 207 46 dismayed,
1395 2161 65 33 but
1485 2161 51 44 by

196 2215 61 37 the
275 2220 96 28 most
387 2213 224 34 determined
630 2215 158 44 bravery
810 2219 63 27 not
900 2215 86 43 only
1004 2212 169 45 repelled
1191 2220 113 33 every
1318 2215 156 39 attempt
1495 2207 45 33 of

196 2264 64 34 the
275 2272 131 33 enemy
429 2267 34 27 to
482 2262 85 43 gain
588 2261 158 45 ground,
767 2264 63 31 but
855 2261 167 45 actually
1043 2259 129 33 forced
1189 2259 76 33 him
1280 2264 39 27 to
1336 2256 129 41 retire,
1480 2257 38 33 al-

196 2310 139 43 though
358 2310 46 32 he
419 2308 69 34 had
502 2310 163 43 brought
684 2320 48 33 up
756 2308 98 35 fresh
873 2315 130 39 troops
1022 2308 34 34 in
1080 2310 177 41 support•
1273 2306 45 33 of
1332 2306 104 33 those
1460 2306 59 32 ori-

201 2357 141 46 ginally
361 2357 177 43 engaged.

246 2402 80 38 The
345 2417 148 32 euemy,
520 2404 138 45 finding
685 2402 154 34 himself
852 2404 113 34 foiled
984 2404 35 33 in
1041 2413 113 34 every
1180 2404 163 41 attempt
1368 2404 37 30 to
1430 2398 103 37 force

198 2452 63 35 the
280 2453 103 43 right
415 2451 41 34 of
469 2454 61 32 the
554 2452 187 40 Position,
758 2451 255 35 endeavoured
1042 2451 52 44 by
1115 2450 171 34 numbers
1310 2452 38 30 to
1372 2451 80 30 turn
1486 2447 45 33 it.

201 2500 34 35 A
247 2502 194 45 judicious
458 2500 70 33 and
555 2498 220 35 well-timed
795 2505 207 28 movement
1019 2499 125 33 which
1172 2507 79 24 was
1269 2496 103 34 made
1388 2496 47 44 by
1454 2494 54 33 Ma-

189 2546 253 47 jor-General
467 2548 130 44 Paget,
632 2546 90 34 with
743 2546 60 33 the
823 2557 159 31 reserve,
1005 2546 124 33 which
1162 2546 122 43 Corps
1311 2542 69 35 had
1402 2544 131 32 moved

196 2603 65 28 out
278 2596 46 34 of
338 2597 46 32 its
404 2597 261 34 Cantonments
679 2600 38 28 to
735 2600 158 39 support
914 2595 59 34 the
991 2596 26 33 R
1030 2594 77 44 ight
1134 2593 44 34 of
1199 2593 65 33 the
1287 2593 128 39 Army,
1446 2591 46 43 by
1512 2601 22 24 a

196 2644 178 44 rigorous
390 2644 125 33 attack
529 2669 9 14 ,
568 2642 174 35 defeated
769 2643 72 32 this
868 2644 195 32 intention.
1114 2642 80 33 The
1217 2639 317 44 Major-General,

195 2691 139 45 hating
354 2692 138 44 pushed
514 2692 165 33 forward
698 2691 63 33 the
785 2691 90 33 95th
899 2691 100 44 (rifle
1017 2688 148 45 corps),
1182 2688 71 34 and
1277 2688 51 33 lvt
1354 2687 181 33 battalion

196 2740 69 38 52d
285 2740 210 44 regiments,
510 2740 115 33 drove
646 2740 60 32 the
719 2748 129 33 enemy
872 2738 125 34 before
1017 2738 92 38 him,
1123 2737 67 34 and
1213 2738 34 31 in
1270 2735 53 33 his
1343 2735 104 41 rapid
1466 2734 67 32 and

188 2789 194 45 judicious
398 2787 178 41 advance,
595 2785 217 35 threatened
840 2786 64 34 the
932 2786 65 33 left
1018 2784 44 34 of
1078 2786 63 32 the
1167 2781 161 46 enemy's
1357 2781 175 46 position.

198 2837 87 34 This
306 2836 281 40 circumstance,
624 2833 92 34 with
746 2833 63 34 the
840 2833 164 46 position
1031 2831 44 34 of
1109 2831 235 34 Lieut.-(:en.
1374 2828 163 35 e'raser's

195 2884 162 34 division
379 2883 229 43 (calculated
632 2889 39 27 to
687 2882 84 44 give
788 2882 79 33 still
894 2881 142 34 further
1063 2880 163 44 security
1247 2885 39 26 to
1305 2877 61 33 the
1382 2875 98 45 right
1498 2876 41 35 of

195 2931 64 35 the
273 2931 115 45 line),
411 2930 151 34 induced
582 2930 64 34 the
663 2940 130 33 enemy
819 2934 38 30 to
876 2931 105 32 relax
1003 2928 57 34 his
1075 2928 105 33 etfart
1219 2927 35 31 in
1271 2926 78 32 that
1364 2931 165 38 quarter.

241 2980 110 45 They
371 2991 98 24 were
482 2979 180 34 however
671 2987 102 24 more
789 2975 164 47 forcibly
967 2975 165 34 directed
1146 2982 38 26 to
1191 2986 22 22 A%
1225 2973 85 33 arils
1328 2972 60 33 the
1401 2978 133 34 centre,

195 3027 126 34 Noliere
335 3030 90 43 they
445 3035 97 26 were
559 3027 111 43 again
687 3024 236 45 successfully
940 3024 151 34 resisted
1110 3024 50 44 by
1174 3022 64 33 the
1258 3020 149 43 brigade
1424 3019 113 34 under

195 3074 312 46 Major-General
534 3073 282 45 Manningliam,
847 3072 157 44 forming
1028 3072 64 33 the
1119 3070 64 34 left
1200 3069 44 33 of
1256 3078 92 35 Sour
1364 3067 174 40 division,

193 3124 73 35 and
278 3135 24 25 a
319 3130 91 39 part
423 3123 43 34 of
475 3124 79 32 that
572 3123 113 33 under
707 3120 302 46 Major-General
1043 3118 122 41 Leith,
1194 3115 159 45 forming
1365 3115 63 34 the
1441 3115 96 44 right

195 3172 46 34 of
254 3172 64 35 the
334 3172 163 34 division
521 3170 117 34 under
661 3180 61 34 my
749 3170 139 32 orders.
943 3167 113 46 Upon
1087 3167 63 33 the
1167 3164 83 40 left,
1276 3163 63 34 the
1355 3172 125 34 enemy
1499 3168 39 28 at

195 3220 78 35 first
291 3219 195 35 contented
506 3216 154 35 himself
686 3217 91 33 with
796 3227 46 24 an
860 3216 128 34 attack
1017 3224 99 34 upon
1135 3223 69 24 our
1217 3213 163 45 pique's,
1414 3209 123 35 which

195 3269 180 34 however
397 3268 34 32 in
449 3266 146 44 general
618 3265 224 34 maintained
863 3265 99 33 their
977 3262 157 46 ground.
1189 3260 158 44 Finding
1364 3257 174 34 however

195 3318 58 33 his
281 3317 129 33 efforts
430 3314 216 44 unavailing
676 3322 47 25 on
746 3313 64 33 the
837 3312 102 45 right
963 3309 70 35 and
1063 3314 139 34 centre,
1231 3307 47 34 he
1310 3306 138 34 seemed
1473 3305 44 34 de-

194 3363 183 37 termined
410 3369 39 28 to
480 3361 132 34 reader
648 3361 63 33 the
748 3361 131 33 attack
909 3369 100 37 upon
1050 3359 65 34 the
1141 3356 69 35 left
1245 3365 102 24 more
1383 3356 155 39 serious,

195 3413 72 34 and
293 3412 78 41 had
409 3407 198 38 succeeded
651 3410 37 32 in
732 3407 196 45 obtaining
972 3405 203 47 possession
1217 3403 46 37 of
1300 3402 61 37 the
1403 3402 135 43 village

194 3459 163 45 through
394 3459 123 33 which
555 3459 66 32 the
646 3464 106 37 great
785 3456 93 34 road
904 3459 39 30 to
974 3454 151 35 Madrid
1160 3462 138 37 passes,
1326 3449 69 34 and
1416 3449 122 34 which

194 3519 78 26 was
305 3507 164 38 situnted
500 3506 37 35 in
573 3504 105 40 front
710 3503 45 35 of
775 3503 84 35 that
893 3508 85 40 part
1009 3501 45 34 of
1082 3501 63 35 the
1170 3500 87 35 line.
1325 3498 109 33 From
1461 3497 73 34 this

221 3562 72 34 ost,
335 3556 195 40 however,
578 3553 47 35 he
676 3562 76 25 was
790 3561 92 26 soon
912 3548 193 48 expelled,
1149 3548 93 34 with
1286 3544 253 37 considerable

189 3569 91 77 foss,
306 3605 52 45 by
385 3613 26 26 a
437 3604 144 45 gallant
607 3601 135 35 attack
774 3599 46 35 of
840 3609 104 24 some
974 3596 211 48 companies
1226 3594 46 35 of
1304 3594 63 34 the
1395 3593 142 40 _second

190 3653 190 39 battalion
412 3651 85 38 14th
528 3648 216 46 Regiment,
769 3648 117 33 under
919 3646 124 35 Lieut.
1078 3646 84 34 Col.
1191 3643 191 39 Niccolls;
1403 3635 135 40 before

191 3702 76 37 Ave
278 3702 35 35 in
327 3700 67 37 the
422 3698 171 45 evening,
622 3707 58 24 we
707 3696 72 37 had
798 3700 65 28 not
880 3694 86 46 only
985 3692 239 44 successfully
1244 3690 164 45 repelled
1423 3699 113 34 every

189 3750 135 39 attack
338 3748 111 35 made
461 3756 100 37 upon
576 3746 66 33 the
661 3744 183 46 position,
872 3743 65 34 but
963 3742 67 34 had
1043 3741 137 45 gained
1192 3739 143 44 ground
1352 3738 35 34 in
1404 3739 133 33 almost

188 3798 58 34 al)
263 3797 143 45 points,
430 3795 71 37 and
516 3793 187 46 occupied
718 3803 25 24 a
759 3801 103 25 more
888 3789 168 37 forward
1080 3789 90 41 line,
1194 3788 90 34 than
1297 3793 39 27 at
1354 3785 61 34 the
1440 3796 76 24 com-

188 3850 230 31 mencement
436 3844 44 34 of
508 3843 65 34 the
587 3841 146 43 action,
758 3839 131 37 whilst
904 3839 64 34 the
991 3847 128 34 enemy
1147 3835 167 35 confined
1333 3834 53 33 his
1404 3844 113 34 opera-

188 3895 97 34 tions
295 3898 43 32 to
348 3904 30 26 a
389 3891 229 41 cannonade,
641 3891 76 33 and
736 3889 61 34 the
811 3888 69 33 tire
896 3886 43 35 of
950 3885 162 45 hislight
1127 3889 146 40 troops,
1300 3882 89 34 with
1408 3893 20 24 a
1441 3882 94 34 view

188 3948 43 31 to
242 3943 104 35 drlw
371 3943 59 34 off
444 3940 58 35 his
519 3940 112 35 other
645 3946 124 37 corps.
821 3934 54 37 At
891 3935 60 33 six
984 3934 64 34 the
1072 3933 107 44 tiring
1205 3931 162 45 entirely
1396 3930 142 38 ceased.

188 3992 84 35 The
286 3990 177 37 different
477 3987 176 46 brigades
671 3996 100 25 were
788 3981 263 38 re-assembled
1068 3991 47 24 on
1130 3981 63 33 the
1212 3978 144 46 ground
1372 3978 86 46 they
1475 3990 43 25 oc-

188 4039 136 41 c•inied
344 4039 38 34 in
412 4037 63 35 the
495 4036 187 44 morning,
704 4033 72 34 and
801 4033 66 34 the
880 4032 150 46 piquet&
1043 4030 76 34 and
1134 4028 191 37 advanced
1343 4035 113 39 posts,
1481 4037 39 24 re-

184 4088 125 38 sumed
330 4087 104 35 their
444 4084 163 47 original
625 4083 170 35 stations.

237 4134 350 44 Notwithstanding
612 4133 66 35 the
694 4129 158 35 decided
883 4128 72 35 and
973 4126 155 35 marked
1146 4123 234 47 superiority
1413 4123 124 34 which

185 4193 43 30 at
247 4185 74 38 this
346 4188 164 32 moment
529 4182 61 35 the
606 4180 195 47 gallantry
828 4176 46 38 of
886 4178 65 37 the
965 4180 136 43 troops
1117 4173 76 37 had
1207 4174 113 46 given
1335 4172 99 37 them
1449 4181 92 28 over

2662 102 159 52 JAN.
2856 102 71 48 2f)

2888 137 4 20 .
2929 137 18 19 .

1602 254 43 24 an
1658 255 144 35 enemy,
1834 247 83 32 who
1936 247 94 33 from
2052 247 54 33 his
2132 249 171 32 numbers
2334 247 71 34 and
2437 244 64 37 the
2518 241 260 44 commanding
2805 240 118 34 advan-

1604 289 96 46 tagei
1719 294 43 32 of
1778 295 56 32 his
1854 295 178 43 position,
2060 305 46 24 no
2133 295 117 33 doubt
2269 294 184 45 expected
2471 304 47 22 an
2537 304 87 31 easy
2646 291 164 41 victory,
2843 289 13 32 I
2877 289 66 32 did

1603 347 73 33 not,
1703 352 45 22 on
1765 343 202 45 reviewing
1983 344 52 32 all
2066 344 295 38 circumstances,
2387 341 175 34 conceive
2598 339 83 34 that
2706 338 17 33 I.
2741 335 130 37 should
2893 338 47 33 he

1604 390 202 33 warranted
1821 391 35 32 in
1871 391 195 44 departing
2079 390 92 35 from
2189 390 105 35 what
2315 391 14 33 I
2355 390 105 33 knew
2478 398 76 24 was
2572 389 61 32 the
2653 384 99 37 fixed
2765 386 69 32 and
2851 394 67 38 pre-

1604 435 99 35 vious
1733 438 285 34 determination
2042 438 44 34 of
2098 441 60 32 the
2178 439 76 33 late
2284 437 234 34 commander
2549 444 38 24 to
2624 433 197 33 withdraw
2854 432 2 40 -
2871 432 66 33 the

1599 494 102 34 army
1736 496 45 22 on
1814 488 61 33 the
1891 485 155 46 evening
2063 487 43 32 of
2119 487 61 33 the
2224 485 107 41 16th,
2353 485 57 33 for
2427 485 64 33 the
2511 493 162 35 purpose
2692 481 44 33 of
2763 480 152 32 embark
2928 495 12 6 -

1598 531 117 41 ation,
1741 533 65 33 the
1825 536 170 41 previous
2020 541 274 38 arrangements
2323 531 60 34 for
2419 531 124 34 which
2582 531 71 32 had
2672 528 152 43 already
2848 528 92 32 been

1602 580 100 33 made
1733 580 48 44 by
1804 580 54 34 his
1886 582 122 40 order,
2034 583 67 33 and
2120 593 98 24 were
2249 583 37 32 in
2313 581 76 34 fact
2415 580 59 34 far
2491 578 189 35 advanced
2698 583 38 26 at
2771 578 58 30 the
2841 583 76 25 com-

1600 635 219 27 mencement
1850 630 43 33 of
1923 630 59 33 the
2017 631 136 33 action.
2205 631 83 32 The
2317 635 128 39 troops
2465 627 143 45 quitted
2641 625 100 32 their
2777 622 163 44 position

1597 676 111 33 about
1730 683 57 26 ten
1806 681 39 28 at
1864 677 115 44 night,
2010 677 89 34 with
2118 689 21 24 a
2157 678 135 44 degree
2310 676 44 33 of
2368 676 111 34 order
2509 676 74 32 that
2607 674 61 31 did
2687 673 97 31 them
2803 672 135 31 credit.

1600 720 77 35 The
1701 724 124 33 whole
1843 725 44 33 of
1906 726 57 32 the
1982 726 172 33 artillery
2191 726 84 33 that
2303 722 184 38 remained
2504 719 267 39 tmembarked,
2802 718 137 41 having

1600 771 94 33 been-
1707 782 22 22 is
1744 772 198 39 ithdrawn,
1970 772 63 33 the
2065 780 124 39 troops
2217 772 178 33 followed
2418 772 33 33 in
2485 771 64 33 the
2565 770 110 33 order
2707 745 230 66 prescribed,

1598 817 67 34 and
1684 820 170 33 marched
1886 826 35 27 to
1950 821 99 33 their
2068 822 207 43 respective
2307 821 122 44 points
2450 819 44 33 of
2523 816 263 34 embarkation
2820 814 32 32 in
2872 813 66 33 the

1599 870 97 30 town
1711 867 73 34 and
1804 868 300 43 neighbourhood
2119 869 43 33 of
2178 870 189 32 Corunna.
2419 867 84 33 The
2530 868 148 41 piquets
2693 861 183 35 remained
2896 867 43 28 at

1600 911 96 38 their
1722 921 102 38 posts
1843 917 87 33 until
1952 917 71 34 five
2048 927 47 24 on
2128 917 61 33 the
2224 917 167 41 morning
2425 915 44 33 of
2492 915 61 32 the
2591 912 102 37 17th,
2722 911 104 33 when
2843 911 91 43 they

1603 971 92 24 were
1709 964 79 33 also
1811 965 221 33 withdrawn
2054 965 86 33 with
2165 965 144 34 similar
2323 964 139 39 orders,
2489 961 70 33 and
2581 961 164 33 without
2765 957 59 34 th.'
2843 969 67 21 rue-

1602 1020 54 33 my
1675 1010 133 44 having
1838 1012 214 34 discovered
2073 1013 58 33 the
2148 1018 224 28 movement.

1651 1058 51 44 By
1724 1058 63 34 the
1800 1059 217 33 unremitted
2035 1061 169 33 exertion
2218 1059 43 33 of
2282 1059 178 45 Captains
2486 1057 64 34 the
2570 1056 99 33 lion.
2687 1055 53 34 11.
2766 1054 168 39 Curzon,

1602 1106 196 40 Cossselin,
1820 1108 113 40 Boss,
1959 1109 167 40 Rainier,
2140 1109 139 39 Secret,
2300 1107 70 34 Haw
2369 1107 24 34 .
2405 1106 93 40 kins,
2523 1106 146 44 Dishy,
2689 1101 159 39 Carden,
2868 1101 71 33 and

1604 1154 235 41 Mackeozie,
1859 1144 40 44 of
1915 1157 60 32 the
1996 1156 77 34 Ros
2083 1156 33 33 al
2137 1156 126 44 Navy,
2285 1155 99 40 who,
2401 1154 35 33 in
2453 1162 203 35 pursuance
2670 1150 43 32 of
2728 1150 61 33 the
2811 1149 128 32 orders

1602 1200 41 34 of
1658 1201 99 34 Rear
1792 1204 164 32 Admiral
1975 1204 45 32 de
2036 1204 158 40 Courcv,
2217 1214 100 22 were
2335 1201 182 34 entrusted
2541 1200 89 32 with
2654 1198 61 32 the
2733 1196 139 33 service
2890 1196 47 33 of

1600 1248 216 45 embarking
1835 1252 60 32 the
1912 1261 103 33 army
2036 1263 9 26 ;
2072 1252 67 32 and
2176 1252 34 33 in
2241 1259 247 35 consequence
2510 1248 43 33 of
2584 1248 59 32 the
2660 1248 274 38 arrangements

1602 1298 99 33 made
1728 1298 51 45 by
1795 1294 286 39 Commissioner
2117 1300 150 40 Bowen,
2306 1299 113 43 Capt.
2444 1296 139 33 Bowen
2616 1294 70 33 amid
2721 1291 213 44 Shepherd,

1600 1345 74 32 and
1694 1345 60 34 the
1773 1346 110 33 other
1897 1346 137 45 Agents
2056 1346 56 33 for
2143 1354 220 37 transports,
2380 1345 60 33 the
2466 1343 120 33 whole
2602 1342 43 33 of
2655 1341 64 33 the
2732 1349 104 32 army
2857 1349 78 24 was

1600 1393 198 34 embarked
1821 1394 89 33 with
1929 1406 45 21 au
1991 1394 217 45 expedition
2230 1393 125 34 which
2392 1393 64 33 has
2478 1391 137 34 seldom
2634 1391 91 31 been
2745 1387 189 43 equalled.

1605 1440 98 33 With
1724 1441 61 34 the
1805 1442 198 45 exception
2030 1441 44 34 of
2088 1442 58 34 the
2176 1442 171 43 brigades
2373 1440 112 34 under
2511 1439 125 44 Major
2655 1434 177 37 Generals
2852 1435 84 32 11111

1600 1488 66 32 and
1701 1489 213 40 Beresford,
1941 1491 123 33 which
2087 1500 94 22 mere
2205 1489 163 33 destined
2400 1495 37 25 to
2473 1487 141 33 remain
2635 1496 45 21 on
2699 1487 124 35 shore,
2843 1483 94 32 moil

1603 1535 58 32 the
1678 1543 223 27 movements
1917 1537 45 33 of
1972 1537 61 33 the
2047 1548 128 33 enemy
2203 1537 131 34 should
2354 1535 150 34 become
2530 1533 183 40 manifest,
2733 1531 60 33 the
2810 1530 123 32 whole

1604 1592 70 24 was
1690 1583 117 35 afloat
1827 1585 124 33 before
1969 1586 202 43 day-light.

1646 1630 78 35 The
1743 1632 152 43 brigade
1926 1632 44 34 of
1997 1631 304 47 Major-General
2331 1630 211 40 Beresford,
2571 1628 124 35 which
2719 1636 76 24 was
2822 1626 94 33 alter-

1600 1680 119 44 nately
1741 1684 39 27 to
1795 1680 96 33 form
1919 1690 69 22 our
2006 1681 237 45 rear-guard,
2269 1680 180 44 occupied
2470 1678 61 33 the
2561 1678 85 33 land
2675 1676 98 33 front
2804 1672 43 33 of
2870 1672 63 33 the

1602 1731 96 27 town
1713 1726 45 33 of
1773 1727 196 40 Comma;
1996 1729 81 32 that
2096 1729 111 33 under
2228 1726 306 46 Major-General
2555 1726 80 33 Hill
2657 1734 77 24 was
2753 1720 183 37 stationed

1603 1774 33 32 in
1651 1783 142 24 reserve
1812 1786 46 22 on
1878 1775 58 32 the
1950 1782 241 38 prmuontory
2211 1776 33 33 hi
2275 1786 85 22 rear
2376 1774 45 33 of
2443 1774 61 33 the
2524 1780 115 26 town.

1646 1822 78 33 The
1733 1833 130 33 enemy
1879 1822 137 45 pushed
2031 1824 60 34 the
2108 1824 94 43 light
2216 1830 129 38 troops
2362 1821 163 34 towards
2539 1821 60 33 the
2614 1826 100 27 town
2728 1828 89 22 soon
2831 1817 103 34 after

1597 1869 103 44 eight
1716 1869 149 35 o'clock
1887 1871 33 32 in
1936 1872 65 32 the
2021 1872 163 43 morning
2197 1871 45 34 of
2255 1870 64 34 the
2340 1871 34 34 17
2386 1870 52 40 th,
2465 1870 71 32 and
2552 1869 143 41 shortly
2712 1866 98 33 after
2826 1876 89 22 occu-

1603 1918 80 43 pied
1701 1917 64 35 the
1795 1918 141 43 heights
1970 1918 45 35 of
2044 1920 54 33 St.
2128 1919 129 37 Lucia,
2290 1918 120 34 which
2441 1916 189 35 command
2667 1916 63 32 the
2754 1913 178 39 harbour.

1607 1964 66 34 But
1687 1967 330 45 notwithstanding
2043 1967 71 33 this
2132 1968 276 38 circumstance,
2432 1965 73 33 and
2525 1965 61 32 the
2607 1962 169 35 manifest
2790 1959 143 34 detects

1599 2013 43 33 of
1655 2014 65 45 the
1752 2014 119 44 place,
1899 2015 102 33 there
2035 2015 109 44 being
2158 2026 46 21 no
2222 2014 280 45 apprehension
2529 2011 77 33 that
2628 2016 59 28 the
2709 2009 222 43 rear-guard

1599 2060 105 37 could
1741 2063 45 32 be
1806 2061 139 43 forced,
1969 2063 72 33 and
2059 2063 59 33 the
2134 2062 223 45 disposition
2376 2061 43 34 of
2446 2061 65 33 the
2537 2057 203 46 Spaniards
2760 2066 142 35 appear-

1600 2109 58 43 ing
1690 2114 38 28 to
1762 2111 46 32 he
1833 2109 110 44 good,
1968 2109 66 33 the
2065 2109 266 41 embarkation
2376 2109 45 33 of
2466 2104 307 48 Major-General
2815 2105 28 31 It
2856 2104 73 32 ill's

1599 2157 150 45 brigade
1775 2169 79 22 was
1879 2157 231 37 commenced
2134 2158 70 34 and
2223 2156 210 46 completed
2465 2156 48 33 by
2533 2156 105 33 three
2660 2154 35 32 in
2725 2153 60 32 the
2816 2148 102 35 after-

1598 2215 115 31 noon;
1744 2204 237 46 Major-Gen.
2008 2205 210 41 Beresford,
2238 2206 93 31 with
2354 2205 79 33 that
2456 2203 80 34 zeal
2555 2202 70 34 and
2646 2200 142 43 ability
2807 2198 126 34 which

1599 2252 27 32 is
1643 2262 37 24 so
1700 2254 86 32 well
1804 2255 133 32 known
1952 2259 39 26 to
2006 2267 17 31 y
2034 2254 142 34 ourself
2183 2254 70 33 and
2274 2254 60 32 the
2352 2262 123 32 army,
2490 2252 132 40 having
2640 2248 98 45 fully
2757 2246 157 44 explain-

1596 2298 59 41 ed,
1680 2306 37 28 to
1736 2302 64 32 the
1830 2301 230 35 satisfaction
2079 2301 43 33 of
2135 2302 63 32 the
2219 2301 159 44 Spanish
2399 2300 208 34 Governor,
2641 2297 63 32 the
2733 2301 131 27 nature
2891 2293 45 33 of

1597 2357 66 22 our
1677 2355 223 34 movement,
1920 2350 71 33 and
2024 2349 133 41 having
2187 2349 105 33 made
2321 2357 111 33 every
2464 2344 176 46 previous
2656 2347 278 38 arrangement,

1600 2394 190 34 withdrew
1812 2395 54 34 his
1884 2407 106 33 corps
2008 2396 94 33 from
2125 2396 60 33 the
2207 2398 100 32 Land
2330 2395 115 34 !rout
2465 2393 43 38 of
2528 2393 61 33 the
2608 2398 104 26 town
2728 2399 89 24 soon
2830 2387 104 35 after

1596 2443 106 41 dark,
1720 2443 70 34 and
1813 2454 90 30 was,
1935 2444 92 34 with
2049 2445 50 32 all
2124 2444 63 32 the
2218 2456 25 20 w
2256 2443 143 33 minded
2426 2443 83 32 that
2529 2440 72 32 had
2630 2446 64 27 not
2724 2439 89 32 been
2839 2445 89 37 pre,

1597 2490 139 44 viously
1756 2491 360 43 moved,embarked
2137 2491 130 33 before
2280 2500 71 24 one
2366 2490 72 33 this
2453 2489 177 43 morning.

1644 2539 288 34 Circumstances
1965 2539 123 34 forbid
2118 2550 38 22 us
2173 2546 37 26 to
2245 2539 145 43 indulge
2411 2537 63 34 the
2510 2535 113 45 hope,
2650 2533 83 33 that
2754 2532 63 33 the
2831 2531 94 35 Vic,

1594 2590 85 41 tory
1702 2587 92 33 with
1817 2587 119 34 which
1962 2588 30 34 it
2010 2588 63 33 has
2091 2587 149 45 pleased
2277 2585 227 46 providence
2523 2589 37 28 to
2580 2593 130 25 crown
2731 2581 60 32 the
2809 2581 128 32 efforts

1597 2634 41 34 of
1645 2636 59 32 the
1721 2644 124 30 army,
1857 2644 64 25 can
1936 2636 44 33 be
1997 2635 172 34 attended
2185 2647 25 22 w
2223 2635 25 32 it
2257 2636 19 31 h
2297 2644 70 33 any
2385 2643 86 34 very
2485 2631 170 33 brilliant
2670 2637 267 34 consequences

1599 2687 35 28 to
1655 2683 116 33 Great
1805 2672 157 45 Britain.
2011 2683 37 33 It
2072 2683 27 33 is
2126 2682 156 34 clouded
2319 2683 47 32 by
2386 2681 64 32 the
2478 2681 72 32 loss
2569 2679 43 32 of
2623 2687 71 24 one
2709 2675 45 34 of
2773 2676 63 33 her
2852 2675 81 33 best

1597 2730 165 34 soldiers.
1819 2730 37 34 It
1876 2731 60 33 has
1954 2732 92 32 been
2061 2730 193 33 atchieved
2270 2735 38 26 at
2324 2730 61 32 the
2412 2727 239 34 termination
2666 2724 45 34 of
2728 2735 24 21 a
2770 2724 81 43 long
2864 2722 73 33 amid

1599 2777 207 44 barrassing
1844 2778 151 35 service.
2060 2779 79 32 The
2171 2778 176 44 superior
2386 2777 172 33 numbers
2597 2774 44 32 of
2680 2772 67 34 the
2786 2781 122 33 enemy
2924 2794 11 15 ,

1598 2831 61 28 not
1688 2826 71 33 less
1774 2828 87 32 than
1879 2825 59 34 the
1950 2826 125 33 actual
2099 2826 176 33 situation
2290 2824 44 33 of
2347 2824 73 34 this
2448 2833 125 32 army,
2596 2820 64 33 did
2680 2826 58 27 not
2758 2819 117 33 admit
2895 2820 41 34 of

1597 2883 71 34 any
1691 2872 208 45 advantage
1919 2874 109 43 being
2046 2874 133 45 reaped
2199 2872 96 33 from
2315 2881 152 25 success.
2523 2870 35 33 It
2577 2874 94 28 must
2691 2869 46 32 be
2757 2868 177 32 however

1599 2926 37 28 to
1656 2931 70 33 you
1746 2922 61 32 the
1825 2927 167 30 sweetest
2009 2920 193 34 reflection
2216 2921 80 33 that
2326 2920 60 33 the
2412 2920 116 33 lustre
2543 2919 41 32 of
2595 2920 64 31 the
2678 2915 141 34 British
2831 2923 104 30 arms

1600 2969 60 33 has
1680 2970 90 33 been
1783 2969 242 39 maintained,
2049 2969 132 34 amidst
2212 2978 107 33 many
2340 2967 335 43 disadvantageous
2693 2963 217 33 circumstan-

1597 3026 72 25 ces.
1717 3017 81 33 The
1817 3027 105 34 army
1952 3017 123 34 which
2106 3017 69 33 had
2191 3015 150 34 entered
2376 3014 133 45 Spain,
2533 3013 136 33 amidst
2701 3012 65 32 the
2797 3009 133 33 fairest

1598 3071 204 37 prospects,
1830 3064 70 35 had
1915 3076 43 22 no
1969 3074 132 24 sooner
2118 3063 236 45 eompleated
2374 3063 45 33 its
2424 3058 189 48 junetion,
2641 3060 91 33 than
2746 3058 124 44 owing
2889 3063 43 27 to

1600 3115 59 31 the
1676 3113 213 44 multiplied
1904 3113 171 33 disasters
2092 3113 79 33 that
2192 3111 193 44 dispersed
2412 3110 66 34 the
2494 3109 126 34 native
2635 3107 139 34 armies
2791 3106 143 33 around

1600 3170 52 31 us,
1682 3159 28 34 it
1729 3172 77 21 was
1824 3161 70 33 left
1910 3167 37 27 to
1967 3159 48 35 its
2030 3171 84 22 own
2131 3169 204 25 resources.

1645 3208 80 34 The
1753 3209 165 35 advance
1943 3207 45 34 of
2015 3208 63 34 the
2100 3208 136 37 British
2256 3219 110 33 corps
2382 3206 94 34 from
2504 3204 63 34 the
2601 3204 144 39 Duero,
2770 3200 167 35 afforded

1604 3255 57 33 the
1678 3256 80 34 hest
1775 3257 99 43 hope
1892 3256 80 34 that
1988 3256 63 33 the
2069 3255 113 34 South
2197 3255 44 33 of
2262 3256 119 45 Spain
2392 3255 115 43 might
2528 3255 44 32 be
2589 3250 182 40 relieved,
2799 3252 45 43 by
2863 3249 78 33 this

1599 3314 172 33 generous
1799 3306 111 33 effort
1924 3309 37 28 to
1991 3312 87 25 save
2096 3305 60 32 the
2174 3304 234 33 unfortunate
2425 3302 154 44 people,
2589 3301 83 33 also
2687 3296 167 35 afforded
2874 3296 64 33 the

1598 3361 124 34 enemy
1740 3353 64 34 the
1819 3351 246 47 opportunity
2083 3352 43 33 of
2150 3351 184 40 directing
2354 3361 111 33 every
2484 3350 109 33 effort
2611 3348 44 33 of
2670 3348 54 32 his
2743 3356 196 24 numerous

1600 3405 141 38 troops,
1767 3402 71 32 and
1857 3400 275 43 concentrating
2146 3400 51 33 all
2224 3400 58 33 his
2301 3399 187 45 principal
2509 3406 185 25 resources
2712 3394 60 34 for
2796 3394 60 34 the
2874 3394 45 33 de-

1598 3448 175 33 struction
1793 3448 45 33 of
1845 3448 59 33 the
1923 3448 86 44 only
2029 3449 144 40 regular
2191 3445 99 34 force
2309 3446 34 33 in
2362 3446 60 34 the
2441 3446 124 35 North
2585 3444 43 34 of
2642 3442 133 46 Spain.

1650 3496 86 34 You
1754 3506 66 25 are
1839 3496 84 35 well
1937 3506 130 25 aware
2087 3496 89 33 with
2196 3496 105 33 what
2316 3494 184 45 diligence
2522 3493 70 35 this
2608 3500 137 37 system
2766 3490 64 33 has
2845 3489 96 34 been

1600 3544 174 45 pursued.

1646 3592 119 34 These
1780 3591 280 34 circumstances
2085 3591 184 45 produced
2301 3589 63 37 the
2380 3591 178 43 necessity
2577 3589 44 33 of
2634 3586 111 46 rapid
2765 3585 70 38 awl
2855 3583 70 34 liar-

1600 3640 135 43 rinsing
1754 3640 180 40 marches,
1962 3640 124 33 which
2112 3640 67 34 had
2203 3638 222 38 diminished
2443 3638 61 34 the
2523 3639 184 39 numbers,
2735 3633 207 35 exhausted

1599 3689 61 34 the
1688 3689 183 41 strength,
1892 3687 67 34 and
1991 3689 182 44 impaired
2199 3689 64 32 the
2300 3689 217 44 equipment
2544 3685 43 34 of
2607 3686 63 33 the
2698 3693 122 33 army.
2875 3681 67 33 All

1602 3736 96 35 these
1713 3737 299 43 disadvantages,
2028 3736 71 34 and
2125 3736 104 34 those
2244 3744 105 26 more
2382 3733 255 44 immediately
2669 3729 172 38 attached
2861 3733 40 30 to
2921 3741 25 22 a

1599 3784 182 35 defensive
1799 3784 183 40 Position,
2013 3784 122 34 which
2165 3784 64 34 the
2259 3784 206 44 imperious
2496 3781 178 45 necessity
2707 3778 44 34 of
2767 3778 181 41 covering

1599 3837 61 31 toe
1678 3831 165 35 harbour
1859 3831 43 33 of
1912 3831 174 38 Corunna
2117 3831 60 35 for
2207 3844 22 21 a
2249 3833 92 33 time
2367 3831 71 33 had
2467 3829 175 35 rendered
2663 3826 279 46 indispposable

1600 3888 35 28 to
1652 3891 154 32 assume,
1827 3880 64 35 the
1906 3881 124 34 native
2047 3880 70 37 and
2135 3880 209 35 undaunted
2360 3880 132 33 valour
2507 3878 41 33 of
2568 3878 144 34 British
2727 3872 126 51 trulops
2870 3882 77 24 was

1600 3940 107 25 never
1723 3939 103 25 more
1841 3930 257 46 conspicuous,
2115 3930 70 33 and
2200 3935 94 27 must
2310 3928 92 33 have
2418 3926 187 35 exceeded
2623 3925 103 34 what
2744 3927 90 37 even
2848 3931 99 34 your

1600 3989 81 25 own
1693 3978 230 46 experience
1945 3977 44 34 of
2015 3978 84 34 that
2115 3977 214 35 invaluable
2347 3976 165 45 quality,
2530 3985 40 22 so
2588 3974 170 33 inherent
2774 3966 39 45 In
2830 3971 116 43 them,

1603 4037 80 35 may
1700 4026 94 34 have
1812 4026 130 44 taught
1967 4036 76 34 you
2072 4030 38 30 to
2137 4030 156 43 expect.
2339 4024 119 34 When
2477 4033 112 33 every
2609 4032 70 24 one
2699 4020 81 35 that
2792 4016 74 51 kad
2891 4028 50 25 an

1602 4075 244 46 opportunity
1865 4075 142 34 scented
2034 4081 39 30 to
2091 4074 60 35 vie
2167 4075 34 34 in
2223 4074 213 45 improving
2456 4072 44 41 it,
2518 4071 30 34 it
2568 4072 28 32 is
2613 4070 161 34 difficult
2791 4068 57 35 for
2865 4077 78 28 me,

1604 4124 33 33 in
1656 4123 151 45 making
1824 4123 73 34 this
1911 4128 145 41 report,
2074 4127 38 31 to
2130 4123 113 34 select
2262 4122 209 46 particular
2491 4121 178 33 instances
2687 4119 61 33 for
2767 4128 93 34 your
2878 4126 47 34 Nl-

1603 4170 216 47 probation.
1872 4170 79 37 The
1964 4180 112 38 corps
2093 4170 135 47 chiefly
2239 4170 165 46 engaged
2425 4178 98 27 were
2541 4168 63 37 the
2629 4167 184 46 Brigades
2832 4167 119 37 under

3216 396 14 13 F'

3221 793 7 12 2
