3402 4429
280 93 163 53 JAN.
485 93 90 50 21.

286 235 96 34 with
399 237 189 44 complete
602 248 151 25 success.
809 240 45 34 In
883 242 73 34 this
981 243 115 34 awful
1116 247 71 33 and
1215 248 210 46 interesting
1447 255 93 28 state
1570 250 45 33 he

286 282 76 34 haft
376 285 63 33 but
456 295 71 22 one
548 285 90 34 wish
656 287 219 44 remaining,
895 299 25 24 a
943 291 90 33 wish
1062 292 119 37 which
1208 305 111 27 every
1350 296 201 34 individual
1578 298 34 33 in

283 331 66 34 the
371 332 141 34 British
542 332 154 47 Empire
716 335 125 33 would
867 338 45 32 he
935 346 92 27 most
1043 350 111 34 eager
1169 343 70 33 and
1258 345 157 33 anxious
1441 351 37 27 to
1493 344 92 35 fulfil
1600 359 11 28 ;

285 380 32 31 it
350 389 87 32 sans,
465 380 81 34 that
566 381 63 33 the
646 381 141 34 service
807 384 45 33 he
881 384 72 35 had
985 387 206 41 performed
1218 392 116 43 might
1367 393 44 33 be
1436 393 149 34 acknow-

286 428 145 43 ledged,
448 428 71 33 and
534 429 154 34 marked
711 430 90 34 with
820 431 61 33 the
896 435 252 44 approbation
1165 437 45 34 of
1222 439 53 33 his
1292 445 168 28 country.
1513 439 40 33 If
1569 441 44 33 he

283 474 73 33 had
373 482 63 27 not
455 476 90 33 been
562 477 89 34 able
681 483 38 27 to
746 480 230 46 accomplish
1006 482 50 33 all
1088 484 79 34 that
1186 496 73 22 was
1276 487 180 45 expected
1473 500 11 27 ;
1512 487 32 34 if
1567 488 44 34 he

285 531 77 24 was
379 530 59 26 not
457 523 89 34 able
565 529 39 28 to
621 526 155 32 achieve
795 526 61 34 the
870 528 161 35 arduous
1045 531 80 33 task
1142 533 44 39 cif
1206 536 163 43 rescuing
1391 536 110 44 Spain
1514 535 93 34 from

283 570 65 33 the
365 570 174 44 Tyrant's
550 581 125 35 grasp,
698 573 61 33 the
782 574 119 34 blame
921 587 73 22 was
1018 583 61 28 not
1103 580 213 43 his---(ioud
1339 581 73 35 and
1435 585 175 32 incessant

282 628 61 33 cry
361 619 45 43 of
425 618 104 41 hear,
556 621 100 39 hear,
678 621 107 43 from
803 624 58 31 the
881 625 256 45 Opposition).
1193 630 178 37 Whether
1397 630 61 34 the
1482 635 124 28 extent

282 665 66 33 the
359 664 211 37 difficulties
591 672 39 30 to
648 669 44 33 he
713 672 248 43 surmounted,
989 683 41 22 or
1051 676 61 32 the
1131 687 148 25 manner
1294 680 34 31 in
1346 677 118 35 which
1487 679 27 33 it
1533 689 74 24 was

279 715 196 34 executed,
501 724 98 22 were
628 716 229 44 considered,
885 718 56 34 his
970 722 123 33 march
1123 724 76 35 into
1227 726 112 45 Spain
1369 726 123 33 would
1520 736 87 24 ever

281 759 94 33 rank
393 770 40 22 as
454 771 69 24 one
541 761 44 34 of
598 762 63 34 the
683 764 77 33 first
782 765 167 46 displays
965 768 43 32 of
1031 769 163 50 military
1222 775 85 34 skill
1337 774 70 33 and
1426 774 180 33 excellent

266 807 2 58 •
279 807 239 45 disposition.
573 809 37 34 It
635 820 77 25 was
741 816 61 28 not
822 813 58 32 for
900 822 97 26 want
1017 816 43 33 of
1076 826 201 39 transports
1307 821 84 34 that
1424 820 45 37 he
1487 822 98 32 deter-

280 855 122 34 mined
433 860 39 30 to
504 857 125 33 march
657 857 74 35 into
765 860 112 44 Spain
900 863 48 41 by
969 863 97 41 land,
1093 867 64 34 but
1173 880 39 24 as
1230 870 73 33 best
1320 868 207 35 calculated
1544 867 60 34 for

280 904 169 44 military
467 904 123 34 effect.
641 904 60 34 No
731 906 113 37 doubt
863 909 107 34 could
991 914 163 46 possibly
1175 918 45 33 be
1235 917 227 35 entertained
1479 915 44 35 of
1543 917 61 33 the

276 952 198 44 propriety
490 951 44 34 of
547 952 72 33 this
635 959 96 39 step,
758 954 59 34 for
834 956 31 33 if
888 958 63 32 the
969 969 104 30 army
1093 961 71 35 had
1183 967 90 32 been
1291 965 214 40 assembled,
1534 961 66 45 (by

278 1007 80 31 sea)
394 1000 34 31 in
450 1000 180 40 Gallicia,
657 1002 28 32 it
703 1007 94 28 must
824 1003 92 34 have
941 1006 90 34 been
1049 1009 194 47 destroyed
1261 1017 38 28 to
1317 1011 50 34 all
1393 1011 126 34 intents
1533 1002 69 43 and

279 1055 195 35 purposes,
501 1048 70 33 and
591 1048 169 35 rendered
782 1052 84 32 unfit
888 1054 58 32 for
961 1057 154 41 service,
1141 1058 94 34 from
1254 1058 58 34 the
1331 1059 208 34 barrenness
1564 1059 44 34 of

279 1093 63 34 the
370 1102 156 37 country
543 1094 70 34 and
647 1095 61 34 the
730 1103 97 28 want
844 1098 44 34 of
912 1111 110 34 every
1042 1113 189 39 necessary
1247 1116 183 24 resource.
1486 1107 115 38 When

278 1140 65 34 the
353 1140 171 46 junction
541 1143 69 32 had
630 1143 87 34 been
735 1144 142 37 formed
931 1147 53 34 ith
999 1149 60 35 the
1074 1154 109 33 other
1200 1155 158 33 division
1375 1152 44 33 of
1431 1153 65 35 the
1517 1156 64 34 Bri-

276 1191 72 32 tisu
367 1188 113 35 force,
511 1189 60 33 Sir
591 1191 100 34 John
711 1193 130 33 Moore
860 1196 148 33 learned
1036 1199 61 35 the
1113 1201 78 34 fate
1209 1201 43 34 of
1266 1202 60 33 the
1341 1201 115 34 allied
1468 1204 133 34 armies

279 1237 91 32 with
391 1248 28 21 w
430 1235 85 35 hich
530 1239 26 32 it
576 1248 72 22 was
661 1240 165 35 intended
840 1241 44 34 he
892 1243 132 34 should
1042 1246 92 35 have
1150 1248 255 46 co-operated.
1446 1248 59 34 He
1524 1261 76 24 was

274 1294 85 21 now
402 1286 198 33 convinced
619 1287 80 33 that
728 1289 28 32 it
790 1299 74 24 was
882 1291 215 43 impossible
1114 1294 60 35 for
1206 1298 76 32 him
1299 1302 37 30 to
1354 1294 104 35 stand
1479 1297 116 46 singly

274 1333 143 39 against
426 1333 2 57 •
446 1333 64 33 the
531 1333 168 33 imruense
716 1346 130 33 power
875 1339 41 32 of
935 1336 156 44 France,
1116 1344 67 32 and
1205 1343 263 46 relinquishing
1483 1354 113 37 every

273 1380 89 33 idea
377 1380 44 32 of
433 1389 38 24 so
493 1381 158 34 fruitless
669 1383 70 32 and
751 1384 203 43 dangerous
971 1398 24 21 a
1011 1390 217 41 resolution,
1254 1389 43 35 he
1315 1391 224 34 determined
1559 1398 37 27 to

274 1437 69 24 run
372 1428 58 33 the
464 1427 77 34 risk
562 1427 43 33 of
635 1431 149 43 making
811 1443 25 21 a
855 1433 182 44 powerful
1068 1436 184 35 diversion
1270 1439 34 33 in
1330 1439 135 33 favour
1480 1439 43 32 of
1535 1439 61 35 the

278 1475 157 44 Spanish
468 1475 103 34 force
605 1478 34 32 in
669 1479 63 32 the
759 1479 124 40 south,
902 1482 70 32 and
1002 1486 126 39 taking
1144 1487 63 33 the
1225 1486 135 34 chalice
1385 1486 43 33 of
1450 1486 124 35 attack-

278 1522 61 44 ing
359 1522 118 34 Soult.
530 1522 52 33 As
599 1524 58 34 far
673 1535 38 24 as
728 1526 63 34 the
809 1527 76 34 first
904 1533 85 41 part
1005 1532 43 33 of
1063 1533 69 33 this
1149 1534 84 43 plan
1252 1543 76 25 was
1341 1535 197 33 concerned
1556 1535 40 33 he

278 1581 76 22 was
371 1570 198 45 eminently
588 1574 206 33 successful.
852 1576 102 33 With
971 1581 128 41 regard
1117 1587 39 27 to
1176 1581 59 33 the
1261 1579 115 35 latter
1406 1587 85 38 part
1505 1594 9 26 ;
1539 1581 38 33 al-

278 1618 138 44 though
431 1618 265 44 disappointed
712 1622 34 32 in
768 1622 56 34 his
839 1624 128 43 design
983 1628 43 32 of
1041 1628 191 44 attacking
1247 1628 223 44 the'enemy,
1486 1630 111 34 under

276 1665 120 41 Soult,
416 1671 64 38 yet
498 1664 229 39 Providence
743 1680 96 33 gave
856 1670 74 34 him
944 1682 46 24 an
1004 1676 242 43 opportunity
1260 1674 43 35 of
1315 1674 149 44 leaving
1480 1682 37 27 to
1537 1675 61 34 the

270 1723 106 34 army
392 1723 44 22 an
446 1715 176 43 example
637 1714 46 34 of
692 1717 60 32 the
764 1721 161 39 greatest
943 1720 167 45 military
1123 1723 143 33 talents.
1289 1722 56 34 At
1356 1721 183 41 Cornana,
1553 1724 45 33 he

272 1761 72 33 had
361 1767 39 27 at
417 1760 124 44 length
559 1762 64 33 the
635 1762 229 35 satisfaction
882 1766 45 34 of
940 1768 109 45 being
1063 1769 87 34 able
1165 1774 38 28 to
1219 1774 97 30 meet
1328 1769 73 34 and
1420 1774 38 28 to
1474 1768 124 35 defeat

269 1818 47 25 an
334 1818 124 33 enemy
477 1807 56 33 his
548 1811 171 43 superior
738 1811 37 33 in
788 1822 112 25 every
911 1822 144 38 respect
1070 1818 64 32 but
1144 1817 38 33 in
1196 1817 177 44 bravery,
1388 1817 216 44 discipline,,

269 1856 73 34 and
357 1856 227 35 determined
600 1859 215 35 resolution.
872 1851 117 45 When
1023 1864 63 33 the
1115 1869 222 28 movements
1356 1861 46 34 of
1428 1874 45 22 an
1491 1874 102 34 army

270 1913 65 22 are
356 1913 37 22 so
413 1902 106 45 rapid
539 1915 39 22 as
596 1906 105 32 those
728 1905 45 34 of
798 1917 85 24 ours
909 1911 222 44 necessarily
1163 1920 115 32 were,
1302 1910 65 33 the
1398 1913 202 43 retreating

265 1959 107 34 army
389 1959 65 24 are
480 1954 208 41 compelled
706 1958 38 27 to
772 1954 109 34 leave
896 1955 137 37 behind
1046 1958 99 33 them
1163 1957 53 35 all
1234 1957 104 35 those
1352 1956 86 34 who
1455 1967 63 26 are
1535 1965 63 26 too

269 1998 106 38 weak
394 2003 39 27 to
448 1998 181 33 maintain
645 2000 63 32 the
723 2002 193 35 exertions
946 2004 171 44 required
1136 2003 60 35 for
1212 2006 64 33 the
1291 2004 157 44 celerity
1469 2004 41 34 of
1531 2006 64 33 the

262 2044 142 40 much,
424 2042 116 37 while
556 2047 61 32 the
631 2055 128 35 enemy
775 2059 45 22 on
834 2050 187 40 theother
1033 2052 93 34 hand
1141 2052 167 41 follows,
1320 2052 92 33 with
1430 2050 60 34 the
1507 2057 91 28 most

265 2099 128 37 strong
407 2091 72 34 and
494 2093 159 35 athletic
677 2094 44 34 of
742 2094 58 35 his
828 2096 135 37 forces.
1016 2099 39 34 It
1080 2108 78 25 was
1189 2100 81 33 thus
1298 2104 64 28 not
1394 2109 25 22 a
1450 2099 85 34 trial
1560 2099 45 34 of

265 2148 158 35 courage
441 2139 71 37 but
527 2140 44 34 of
595 2141 170 45 physical
782 2145 180 44 strength.
1015 2146 53 41 If,
1095 2146 99 34 after
1219 2147 53 33 all
1302 2147 90 37 this,
1420 2156 46 24 an
1489 2157 105 35 army

260 2187 110 34 could
383 2189 228 47 completely
625 2187 139 43 defeat,
780 2190 71 34 and
867 2193 158 34 embark
1039 2194 35 33 in
1087 2194 63 33 the
1163 2203 171 37 presence
1346 2193 46 34 of
1397 2204 21 22 a
1431 2194 169 45 superior

265 2236 119 40 force,
402 2235 128 37 which
546 2237 90 43 they
663 2236 74 34 had
752 2239 90 33 heat
869 2241 65 32 the
951 2241 74 44 day
1042 2241 131 33 before
1191 2254 12 24 ;
1230 2241 32 33 if
1281 2242 103 32 their
1400 2242 213 38 embitrka-,

266 2284 83 34 tion
367 2293 72 24 was
467 2293 39 25 so
537 2284 201 44 complete,
768 2285 84 34 that
876 2293 64 28 net
969 2298 24 22 a
1023 2289 116 43 single
1160 2287 180 35 wounded
1372 2298 94 31 man,
1493 2298 63 25 not
1574 2298 24 26 a

265 2331 115 43 single
396 2331 109 44 piece
523 2330 44 34 of
588 2330 191 47 artillery,
801 2343 45 24 or
859 2344 50 22 an
922 2335 136 35 article
1085 2335 43 37 of
1154 2335 65 33 the
1233 2340 158 40 capture
1408 2334 44 35 of
1473 2337 120 35 which

265 2379 65 33 the
344 2387 129 35 enemy
487 2379 111 33 could
625 2380 119 40 boast,
772 2391 100 25 were
896 2382 94 40 left;
1020 2382 28 34 it
1083 2392 74 25 was
1187 2383 217 43 impossible
1430 2388 38 28 to
1485 2383 110 45 deny,

267 2426 83 34 that
366 2426 85 33 such
470 2435 46 25 an
534 2426 272 35 atehievement
834 2430 141 33 ranked
1002 2430 104 34 with-
1121 2430 63 34 the
1215 2438 92 26 most
1333 2430 161 43 glorious
1515 2435 78 34 that

265 2483 91 25 ever
371 2473 162 35 adorned
552 2469 64 39 the
635 2471 139 38 British
798 2486 119 25 name.
971 2476 33 34 A
1037 2489 98 22 more
1153 2477 164 45 splendid
1338 2485 202 31 movement
1558 2481 43 33 of

266 2520 194 34 combined
477 2522 110 33 naval
617 2520 69 34 and
720 2523 169 46 military
906 2533 123 25 means
1056 2533 111 26 never
1196 2535 72 24 was
1297 2526 207 33 witnessed.
1558 2530 12 32 I
1583 2536 9 26 t

257 2568 171 45 justified
448 2570 247 34 Government
710 2571 45 33 of
767 2572 152 44 making
935 2583 64 22 use
1016 2571 44 35 of
1074 2572 100 33 these
1192 2580 77 26 two
1284 2577 126 38 strong
1424 2583 94 24 arms
1535 2575 58 35 for

269 2617 65 33 the
351 2616 184 35 salvation
565 2615 44 34 of
628 2616 61 34 the
707 2620 201 44 oppressed
930 2620 133 34 world.
1117 2620 80 33 The
1230 2620 124 34 Noble
1389 2621 94 33 I.ocd
1512 2633 64 24 con-

266 2663 132 34 cluded
417 2665 92 33 with
526 2665 163 44 maving,
707 2666 80 33 that
803 2676 47 24 an
868 2667 148 34 humble
1037 2667 157 34 Address
1209 2668 45 32 be
1278 2668 193 43 presented
1485 2675 37 27 to
1543 2670 52 33 his

269 2711 177 47 Majesty,
465 2712 84 35 that
572 2712 54 33 his
643 2712 161 47 Majesty
822 2713 131 35 should
977 2717 44 31 be
1033 2715 209 44 graciously
1261 2715 149 43 pleased
1431 2722 38 26 to
1489 2718 106 32 order

266 2772 25 22 a
311 2766 204 28 monument
533 2763 40 32 to
591 2759 45 35 be
648 2752 148 45 erected
813 2761 35 33 in
863 2761 189 43 gratitude
1068 2769 38 27 to
1126 2763 61 34 the
1206 2772 162 34 memory
1387 2761 45 33 of
1448 2763 125 35 Lieute-

265 2809 267 33 nant-General
552 2807 61 33 Sir
630 2807 100 35 John
759 2807 149 41 Moore,
941 2807 48 37 K.
1013 2809 44 35 B.
1090 2810 34 33 in
1153 2810 63 33 the
1230 2810 200 35 Cathedral
1449 2810 143 35 Church

266 2857 44 34 of
318 2859 51 32 St.
394 2855 141 41 Paul's,
550 2854 104 45 who,
669 2857 98 34 after
785 2857 135 44 having
935 2867 103 35 spent
1052 2867 46 25 an
1116 2858 229 34 honourable
1361 2858 69 32 and
1449 2859 125 33 merito-

267 2906 102 33 rious
386 2904 64 34 life
470 2906 35 33 in
523 2902 64 37 the
609 2906 143 35 service
776 2904 46 34 of
844 2904 54 34 his
922 2911 172 38 country,
1121 2906 81 39 fell,
1230 2906 136 43 deeply
1397 2906 194 41 lamented,

266 2965 47 21 on
332 2953 61 34 the
413 2952 84 34 16th
516 2952 45 33 of
583 2949 184 47 January,
785 2952 106 40 1809,
908 2959 40 28 at
969 2952 183 41 Corunna,
1175 2952 126 35 where
1328 2952 46 34 he
1390 2953 165 34 defeated
1573 2962 21 25 a

267 3009 90 26 very
374 3000 170 46 superior
575 2996 142 39 French
741 3009 124 35 army,
889 3001 72 34 and
993 3000 226 35 established
1250 3001 60 33 the
1336 3000 107 45 glory
1469 3001 44 34 of
1535 3001 59 34 the

273 3050 141 33 British
435 3047 169 47 military
622 3050 208 34 character.

315 3097 79 34 The
406 3096 170 46 question
595 3107 76 26 was
687 3106 80 26 now
790 3102 67 39 put
870 3097 48 45 by
939 3096 63 34 the
1020 3094 180 46 Speaker,
1227 3094 69 33 and
1315 3093 145 34 carried
1474 3094 102 34 unani-

265 3148 139 32 vanish
415 3170 8 9 .

321 3194 91 33 Lord
433 3193 332 38 CASTLEREAGH
782 3193 89 34 then
885 3189 133 37 moved
1035 3190 64 35 the
1116 3189 151 37 Thanks
1281 3189 43 33 of
1335 3189 64 34 the
1419 3188 123 37 House
1559 3195 35 27 to

266 3240 322 38 Lieut.-Generals
604 3244 58 32 Sir
679 3241 48 34 D.
754 3241 130 41 Baird,
915 3239 125 46 Hope,
1074 3237 221 40 M‘tienzie,
1318 3236 154 41 Frazer,
1501 3237 94 33 Lord

275 3291 34 28 w
322 3315 9 7 .
353 3291 200 38 Bentmck,
575 3291 47 35 R.
641 3287 132 46 Paget,
790 3289 71 33 amid
881 3286 319 47 Major-Generals
1228 3283 213 35 Beresford,
1463 3285 131 39 Come,

272 3338 273 45 Manningham,
570 3337 102 41 Hill,
703 3335 129 43 Ward,
861 3337 131 43 Leigh,
1011 3334 51 34 H.
1081 3332 116 41 Fane,
1218 3332 155 44 Disney,
1388 3331 70 35 and
1473 3332 120 40 Slade,

311 3386 84 34 hich
415 3396 77 25 was
508 3387 83 33 also
605 3383 145 38 carried
769 3384 268 43 unanimously.

315 3435 151 33 Thanks
497 3443 102 25 were
626 3433 84 33 then
728 3433 111 33 voted
865 3436 38 31 to
934 3431 65 34 the
1022 3428 165 39 Officers,
1221 3424 373 37 Non-commissioned

268 3482 168 43 Officers.,
449 3483 70 33 and
541 3480 177 41 Soldiers,
731 3480 63 35 for
810 3480 98 34 their
926 3480 159 41 bravery
1104 3477 71 34 and
1195 3474 200 35 resolution
1406 3474 190 46 displayed

270 3531 47 44 by
340 3531 96 33 them
454 3537 43 27 at
514 3530 63 34 the
592 3530 117 34 battle
726 3527 44 35 of
780 3527 182 37 Corunna.

321 3579 92 33 Lord
445 3579 331 37 CASTLERFAGH
804 3573 195 43 observed,
1033 3572 80 34 that
1128 3581 41 24 as
1185 3581 25 24 a
1222 3575 105 39 great
1359 3573 84 40 part
1470 3567 44 35 of
1534 3567 61 34 the

265 3635 137 26 success
418 3626 191 44 attending
625 3624 63 37 the
703 3622 261 37 embarkation
981 3620 44 35 of
1038 3621 59 32 the
1116 3627 126 35 troops
1259 3618 84 33 was
1343 3617 123 38 owing
1483 3622 35 26 to
1537 3617 61 32 the

267 3676 191 34 exertions
477 3674 44 33 of
534 3674 63 35 the
628 3672 126 46 Navy,
785 3671 46 39 he
848 3670 120 45 hoped
989 3670 59 34 the
1077 3666 125 38 House
1220 3665 123 35 would
1371 3672 107 37 agree
1506 3663 90 34 with

269 3722 77 37 him
367 3723 34 34 in
417 3733 26 24 a
459 3728 87 30 vote
566 3720 47 39 of
625 3720 133 35 thanks
772 3726 39 28 to
826 3716 171 38 Admiral
1020 3715 56 37 De
1091 3716 144 41 Courcy
1251 3713 70 37 and
1341 3710 58 39 Sir
1414 3711 33 35 S.
1470 3710 125 40 Hood,

270 3770 90 34 with
379 3770 61 35 the
459 3768 241 43 Officers-and
717 3767 89 38 !ten
830 3767 113 35 under
961 3765 98 35 their
1074 3761 206 44 command,
1307 3759 122 35 which
1447 3769 73 24 was
1535 3768 43 25 ac-

269 3819 190 46 cordingly
480 3817 139 47 agreed
637 3827 52 26 to.

431 3887 185 43 THANRS
639 3898 54 31 TO
720 3896 93 30 THR
839 3892 292 37 CONQUERORS
1157 3891 58 28 OF
1244 3887 214 30 TIMIERA.
1570 3932 6 1 _

334 3953 99 37 Lord
472 3953 332 40 CASTLEIIEACH
836 3950 83 41 said
954 3948 187 35 whatever
1182 3943 198 37 difference
1427 3939 45 35 of
1514 3938 64 47 opi-

270 4002 87 35 nion
389 4002 120 45 might
541 4002 102 35 exist
669 4011 38 26 as
741 4007 39 28 to
809 3999 74 34 the
900 3994 237 38 termination
1170 3990 45 38 of
1240 3990 63 37 the
1335 3989 196 45 campaign
1564 3989 35 32 in

273 4050 195 45 Portugal,
498 4051 31 40 it
563 4049 71 38 had
661 4046 122 39 added
811 4046 157 37 another
1018 4041 113 38 laurel
1176 4045 40 30 to
1248 4039 63 34 the
1346 4036 143 37 wreath
1519 4042 81 26 won

268 4104 41 28 at
343 4098 128 46 Egypt
500 4098 73 33 and
605 4098 129 33 Maida
746 4108 12 28 ;
800 4094 71 37 and
914 4093 139 44 though
1085 4089 60 35 the
1187 4093 145 39 present
1363 4085 117 44 might
1509 4083 92 33 have

272 4147 115 33 fallen
405 4148 106 33 short
530 4144 45 35 of
604 4147 61 33 the
684 4144 115 37 result
813 4139 182 48 expected
1015 4137 93 35 from
1127 4136 44 40 it,
1213 4140 64 41 yet
1307 4133 41 35 in
1375 4140 28 27 a
1437 4131 164 41 military

270 4195 107 45 point
407 4194 46 38 of
475 4195 102 37 view
613 4194 33 35 it
676 4202 74 27 was
774 4187 175 41 extellaa
961 4189 40 34 to
1025 4183 98 43 fame
1155 4183 50 47 by
1232 4178 109 40 none.
1393 4179 73 38 '.Chi
1481 4191 15 26 I
1508 4187 99 35 RIP-

1707 1520 78 35 The
1799 1522 156 41 original
1975 1520 139 34 motioa
2134 1531 72 24 was
2228 1527 67 39 put
2315 1522 71 33 and
2417 1521 162 38 carried,
2607 1520 87 33 w+•ith
2712 1530 22 22 a
2765 1519 116 44 single
2896 1517 81 34 dis.

1661 1570 142 44 sensing
1822 1569 103 33 voice
1942 1567 43 34 of
1997 1567 94 34 Lord
2111 1566 215 37 Folk:gone.

1707 1616 80 33 The
1801 1613 151 37 Thanks
1970 1615 43 34 of
2036 1616 61 32 the
2120 1616 122 34 House
2261 1626 97 24 were
2375 1615 84 33 then
2479 1616 106 31 voted
2607 1620 35 26 to
2665 1613 124 44 Major
2802 1613 176 40 Generals

1661 1661 175 45 Spencer,
1894 1662 98 39 Hill,
2048 1661 197 44 Ferguson,
2284 1669 37 27 to
2370 1659 389 46 Brigadier-General•
2789 1659 187 39 Ackland,

1662 1709 255 45 Nt4btingale,
1950 1709 116 41 Facie,
2083 1711 70 32 and
2176 1711 146 39 Bowes,
2348 1709 69 34 anti
2430 1719 34 24 to
2478 1709 59 33 the
2557 1710 106 31 other
2679 1709 155 33 01ticcas
2852 1706 45 33 of
2911 1708 64 32 the

1665 1756 131 44 Army.

1706 1804 80 34 The
1801 1804 126 34 House
1942 1813 100 24 came
2061 1808 37 27 to
2114 1814 24 24 a
2156 1804 210 41 resolution,
2393 1804 210 44 approviog
2621 1801 41 33 of
2676 1802 59 33 the
2747 1800 130 45 steady
2894 1800 77 34 dis•

1655 1850 142 45 eipline
1814 1851 69 32 and
1900 1851 131 32 valour
2047 1851 44 33 of
2104 1852 58 32 the
2176 1851 361 34 now.commi,sionetl
2564 1850 135 33 tinkers
2717 1852 72 30 aatt
2809 1850 165 43 privates

1659 1897 45 34 of
1716 1897 60 35 the
1789 1906 97 25 same
1903 1907 119 33 army.

3298 3976 50 19 =

3175 4285 51 32 ~w

279 720 196 28 executed,
501 724 98 22 were
628 720 229 39 considered,
885 720 56 32 his
970 722 123 33 march
1123 724 76 35 into
1227 726 112 45 Spain
1369 726 123 33 would
1520 736 87 24 ever
1656 720 60 31 'of
1727 720 61 32 the
1809 720 124 33 House
1952 728 37 26 tti
2008 720 63 33 the
2087 720 162 45 splendid
2267 723 124 33 action
2409 722 207 45 perforined
2636 729 43 24 on
2700 720 60 32 the
2776 720 99 31 17ib.
2904 720 85 32 The

281 759 94 33 rank
393 770 40 22 as
454 771 69 24 one
541 761 44 34 of
598 762 63 34 the
683 764 77 33 first
782 765 167 46 displays
965 768 43 32 of
1031 769 102 50 milit
1133 769 40 50 ar
1173 769 21 50 y
1222 775 85 34 skill
1337 774 70 33 and
1426 774 180 33 excellent
1669 775 124 35 enemy
1809 768 99 32 were
1919 767 125 35 driven
2060 767 93 35 from
2165 780 67 25 one
2246 769 43 32 of
2300 771 60 32 the
2376 775 176 37 strougest
2572 769 175 43 positions
2764 767 80 32 that
2856 775 22 24 a
2890 765 99 43 body
3276 776 19 35 e

266 807 2 58 •
279 807 239 45 disposition.
573 809 37 34 It
635 820 77 25 was
741 816 61 28 not
822 813 58 32 for
900 822 97 26 want
1017 816 43 33 of
1076 826 201 39 transports
1307 821 84 34 that
1424 820 45 37 he
1487 822 117 32 deters
1668 811 43 33 of
1724 821 125 37 troops
1864 813 105 35 could
1984 826 159 34 occupy,
2161 817 66 32 and
2248 826 43 25 an
2310 824 138 26 earteat
2466 817 107 43 given
2594 816 45 31 Of
2663 819 97 27 what
2783 821 72 24 was
2872 811 116 33 after-
3240 807 4 58 •
3275 822 7 41 .
3282 822 14 41 1.

280 855 122 34 mined
433 860 39 30 to
504 857 125 33 march
657 857 74 35 into
765 860 112 44 Spain
900 863 48 41 by
969 863 97 41 land,
1093 867 64 34 but
1173 880 39 24 as
1230 870 73 33 best
1320 868 207 35 calculated
1544 867 60 34 for
1670 862 116 32 wards
1804 862 163 34 realized
1987 862 34 32 in
2042 862 60 34 the
2122 852 178 46 immortal
2322 865 115 32 battle
2452 865 43 32 of
2506 865 63 32 the
2587 862 91 33 21st.
2712 861 57 32 lie
2792 860 135 33 wished
2946 863 41 28 to

280 904 169 44 military
467 904 123 34 elfeet.
641 904 60 34 No
731 906 113 37 doubt
863 909 107 34 could
991 914 163 46 possibly
1175 918 45 33 he
1235 917 227 35 entertained
1479 915 44 35 of
1543 917 61 33 the
1667 907 45 34 he
1728 907 180 46 perfectly
1928 908 229 45 understood,
2176 909 37 33 in
2229 911 61 34 the
2311 912 142 32 Motion
2470 911 44 32 he
2528 908 130 34 should
2676 909 93 31 have
2781 913 37 27 to
2837 906 149 39 submit,

3239 945 1 19 '
3249 952 7 12 r

3227 960 7 9 ,

276 952 198 44 propriety
490 951 44 34 of
547 952 72 33 this
635 959 96 39 step,
758 954 59 34 for
834 956 31 33 if
888 958 41 32 th
930 958 21 32 e
969 969 78 26 arm
1046 969 26 26 y
1093 961 24 35 h
1116 961 24 35 a
1140 961 24 35 d
1183 967 22 32 b
1206 967 67 32 een
1291 965 106 40 assem
1397 965 21 40 b
1419 965 43 40 le
1461 965 21 40 d
1482 965 22 40 ,
1534 961 44 45 (b
1578 961 22 45 y
1664 961 63 27 not
1744 961 37 27 to
1799 956 120 33 intend
1939 956 58 33 the
2016 957 54 44 sli
2070 957 18 44 g
2088 957 18 44 h
2106 957 19 44 t
2125 957 19 44 e
2144 957 19 44 s
2163 957 19 44 t
2206 958 59 44 dis
2265 958 59 44 res
2324 958 19 44 p
2343 958 40 44 ec
2383 958 20 44 t
2432 959 22 31 t
2454 959 91 31 owar
2545 959 46 31 ds
2626 957 59 32 Sir
2719 953 50 37 H.
2800 952 177 34 litirrard.
3224 937 50 151 11
3274 937 26 151 1

450 1002 30 31 G
278 1007 80 31 seat
394 1000 34 31 in
485 1000 144 40 allicia,
657 1002 28 32 it
703 1007 94 28 must
824 1003 92 34 have
941 1006 22 34 b
964 1006 67 34 een
1049 999 21 57 d
1070 999 150 57 estroye
1220 999 22 57 d
1261 1017 38 28 to
1317 1011 17 34 a
1333 1011 33 34 ll
1393 1011 18 34 i
1410 1011 18 34 n
1428 1011 18 34 t
1446 1011 73 34 ents
1533 1002 45 43 an
1578 1002 24 43 d
1667 1002 63 33 All
1746 1002 60 34 the
1826 1004 165 43 military
2010 1003 106 33 merit
2134 1005 41 32 of
2189 1005 52 34 thi
2241 1005 18 34 s
2280 1004 201 44 Campaign
2502 1015 73 22 was
2598 1004 57 31 Sir
2673 1002 47 35 A.
2741 996 242 47 Wellesle:,'s.

279 1055 195 35 purposes,
501 1048 70 33 and
591 1048 169 35 rendered
782 1052 84 32 unfit
888 1054 58 32 for
961 1057 154 41 service,
1141 1058 94 34 from
1254 1058 58 34 the
1331 1059 208 34 barrenness
1564 1059 44 34 of
1665 1044 60 38 He
1752 1049 197 35 concluded
1968 1050 47 43 by
2036 1051 143 44 moving
2192 1063 22 21 a
2235 1050 98 35 Vote
2347 1052 43 33 of
2402 1051 151 34 Thanks
2572 1058 39 24 to
2629 1050 56 33 Sir
2704 1050 47 31 A.
2773 1048 211 44 Welle4ley,

3235 1043 2 71 .
3268 1043 32 71 T.

279 1093 63 34 the
370 1102 156 37 country
543 1094 70 34 and
647 1095 61 34 the
730 1103 97 28 want
844 1098 44 34 of
912 1111 110 27 every
1042 1113 189 39 necessary
1247 1116 183 24 resource.
1486 1107 115 38 When
1662 1097 69 33 and
1741 1093 74 50 jthe
1835 1097 148 34 Officers
1993 1094 79 47 land
2092 1107 77 25 men
2185 1098 111 33 under
2314 1095 279 48 hisicominand,
2610 1096 56 33 fur
2683 1097 59 31 the
2760 1096 105 40 skiff,
2880 1094 106 33 disci-

3291 1131 7 5 .•
278 1140 65 34 the
353 1140 171 46 junction
541 1143 69 32 had
630 1143 87 34 beet!
735 1144 142 37 formed
893 1157 24 22 o
931 1147 53 34 ith
999 1149 60 35 the
1074 1154 21 33 o
1095 1154 44 33 th
1139 1154 44 33 er
1200 1155 39 33 di
1239 1155 19 33 v
1258 1155 20 33 i
1278 1155 20 33 s
1298 1155 20 33 i
1318 1155 40 33 on
1375 1152 21 33 o
1396 1152 22 33 f
1431 1153 43 35 th
1474 1153 22 35 e
1517 1156 20 34 B
1537 1156 21 34 e
1558 1156 43 34 i_
1664 1144 112 43 Wine,
1795 1144 70 33 and
1885 1144 155 44 bravery
2059 1144 193 45 displayed
2282 1156 46 22 on
2357 1147 60 33 the
2438 1143 83 37 17th
2556 1144 43 33 of
2615 1144 38 39 An
2653 1144 38 39 41
2691 1144 19 39 1
2709 1144 59 39 ,1.
2792 1144 33 30 HI
2842 1143 142 41 forcing

276 1191 72 32 tisti
367 1188 113 35 force,
511 1189 60 33 Sir
591 1191 100 34 John
711 1193 130 33 Moore
860 1196 148 33 learned
1036 1199 61 35 the
1113 1201 78 34 fate
1209 1201 43 34 of
1266 1202 60 33 the
1341 1201 115 34 allied
1468 1204 133 34 armies
1662 1191 60 33 the
1740 1189 142 37 French
1902 1198 112 38 posts,
2040 1192 70 32 and
2130 1204 43 21 on
2192 1194 58 32 the
2267 1194 93 38 21st,
2378 1201 38 24 at
2435 1195 58 31 the
2515 1191 117 33 battle
2650 1191 40 30 of
2709 1191 21 32 V
2743 1191 146 32 imiera.

279 1237 91 32 with
391 1235 124 35 which
530 1239 26 32 it
576 1248 72 22 Iva,
661 1240 165 35 intended
840 1241 44 34 he
892 1243 132 34 should
1042 1246 92 35 have
1150 1248 255 46 co-operated.
1446 1248 59 34 He
1524 1261 76 24 was
3293 1235 4 59 .
3253 1238 12 33 -f
3265 1238 6 33 l

1676 1235 2 48 .
1734 1237 48 34 Jr.
1804 1237 295 43 Wittanneau,
2124 1238 96 35 after
2237 1241 133 43 having
2382 1238 194 44 expressed
2598 1239 53 30 his
2670 1235 222 46 unqualified
2911 1245 69 34 ap-

274 1294 48 21 no
331 1296 28 20 w
402 1286 198 33 convinced
619 1287 80 33 that
728 1289 28 32 it
790 1299 74 24 was
882 1291 215 43 impossible
1114 1294 60 35 for
1206 1298 76 32 him
1299 1302 37 30 to
1354 1294 104 35 stand
1479 1297 116 46 singly
1662 1284 195 44 probation
1887 1285 46 33 of
1963 1287 59 32 the
2057 1296 159 35 proness
2235 1289 69 31 and
2337 1289 182 41 gallantry
2541 1286 43 32 of
2615 1285 56 32 Sir
2691 1287 47 30 A.
2767 1286 28 27 11
2811 1284 169 38 elicslev,
3240 1272 31 33 ..il
3348 1272 4 71 •.'

274 1333 143 39 against
426 1319 2 71 •
446 1333 64 33 the
531 1333 168 33 immense
716 1346 130 33 power
875 1339 41 32 of
935 1336 156 44 France,
1116 1344 67 32 and
1205 1343 263 46 relinquishing
1483 1354 113 37 every
1659 1333 242 33 nevertheless
1919 1342 79 25 rose
2016 1338 37 26 14
2074 1343 102 24 move
2209 1342 37 25 to
2267 1336 106 31 insert
2405 1336 32 31 in
2456 1336 60 31 the
2544 1333 152 34 motile',
2726 1319 252 53 immediately
3272 1354 9 22 4

273 1380 89 33 idea
377 1380 44 32 of
433 1389 38 24 so
493 1381 158 34 fruitless
669 1383 70 32 aud
751 1384 203 43 dangerous
971 1398 24 21 a
1011 1390 217 41 resolution,
1254 1389 43 35 he
1315 1391 224 34 determined
1559 1398 37 27 to
1659 1380 125 34 before
1796 1380 61 35 the
1876 1390 104 22 name
1996 1380 43 33 of
2054 1380 60 33 Sir
2134 1381 46 33 A.
2207 1380 209 45 Wellesley,
2443 1381 77 32 that
2542 1380 40 33 of
2598 1380 58 31 Sir
2679 1380 47 32 H.
2754 1377 176 33 Berrard.

3240 1406 2 48 .
3278 1406 117 48 :

274 1437 69 24 run
372 1428 58 33 the
464 1427 77 34 risk
562 1427 43 33 of
635 1431 149 43 making
811 1443 25 21 a
855 1433 22 44 p
878 1433 22 44 o
900 1433 45 44 we
945 1433 22 44 r
967 1433 70 44 ful
1068 1436 40 35 di
1108 1436 81 35 vers
1189 1436 20 35 i
1209 1436 43 35 on
1270 1439 17 33 i
1286 1439 18 33 n
1330 1439 22 33 f
1352 1439 112 33 avour
1480 1439 21 32 o
1501 1439 21 32 f
1535 1439 20 35 t
1556 1439 20 35 h
1576 1439 21 35 e
1707 1427 77 33 The
1804 1429 302 32 CHANCELLOR
2121 1426 41 34 of
2176 1428 59 34 the
2252 1430 275 38 .IXCHLIVILR
2549 1426 167 44 objected
2732 1424 193 43 decidedly
2942 1430 35 26 to
3294 1423 6 15 .

278 1475 157 44 Spanish
468 1475 103 34 force
605 1478 34 32 in
669 1479 63 32 the
759 1479 124 40 south,
902 1482 70 32 and
1002 1486 126 39 taking
1144 1487 63 33 the
1225 1486 135 34 chaace
1385 1486 43 33 of
1450 1481 148 40 attack-.
1659 1473 72 34 this
1750 1474 242 34 amendment.
3249 1456 41 52 il'e

278 1522 61 44 ins,;
359 1522 118 34 Soult.
530 1522 52 33 As
599 1524 58 34 far
673 1535 38 24 as
728 1526 63 34 the
809 1527 76 34 first
904 1533 85 41 part
1005 1532 43 33 of
1063 1533 69 33 this
1149 1534 84 43 plan
1252 1543 76 25 was
1341 1535 197 33 concerned
1556 1535 40 33 he
1707 1520 78 35 The
1799 1522 156 39 original
1975 1520 139 34 motion
2134 1531 72 24 was
2228 1527 67 39 put
2315 1522 71 33 and
2417 1521 162 38 carried,
2607 1520 87 33 with
2712 1530 22 22 a
2765 1519 116 44 single
2896 1517 81 34 tliis
3259 1543 6 7 .
3294 1517 2 60 ,

278 1581 76 22 was
371 1570 198 45 eminently
588 1574 206 33 successful.
852 1576 102 33 With
971 1581 128 41 regard
1117 1587 39 27 to
1176 1581 59 33 the
1261 1579 115 35 latter
1406 1587 85 38 part
1505 1594 9 26 ;
1539 1581 56 33 al-
1661 1570 142 44 senting
1822 1569 103 33 voice
1942 1567 43 34 of
1997 1567 94 34 Lord
2111 1566 215 37 Foiltstoue.
3256 1554 9 32 •i
3296 1554 2 71 •

3384 1592 7 5 ..

278 1618 138 44 though
431 1618 265 44 disappointed
712 1622 34 32 in
768 1622 56 34 his
839 1624 43 43 de
881 1624 21 43 s
902 1624 21 43 i
924 1624 21 43 g
945 1624 21 43 n
983 1628 21 32 o
1004 1628 21 32 f
1041 1628 106 44 attac
1147 1628 43 44 ki
1189 1628 43 44 ng
1247 1628 21 44 t
1269 1628 22 44 h
1291 1628 22 44 e
1313 1628 22 44 '
1336 1628 112 44 enemy
1448 1628 22 44 ,
1486 1630 44 34 un
1530 1630 22 34 d
1552 1630 45 34 er
1707 1616 80 33 The
1801 1613 151 37 Thanks
1970 1615 43 34 of
2036 1616 61 32 the
2120 1616 122 34 House
2261 1626 97 24 were
2375 1615 84 33 then
2479 1616 106 31 voted
2607 1620 35 26 to
2665 1613 124 44 Major
2802 1613 176 40 Generals
3335 1620 13 4 ..

276 1665 120 41 Soult,
416 1671 64 38 yet
498 1664 229 39 Providence
743 1680 96 33 gave
856 1670 74 34 him
944 1682 46 24 an
1004 1676 242 43 opportunity
1260 1674 43 35 of
1315 1674 149 44 leaving
1480 1682 37 27 to
1537 1675 61 34 the
1661 1661 175 45 Spencer,
1894 1662 98 39 Hill,
2048 1661 197 44 Ferguson,
2284 1669 37 27 to
2370 1659 389 46 Brigadier-Generals
2789 1659 187 39 Acaland,

3253 1706 4 6 •

270 1723 106 34 army
392 1723 44 22 an
446 1715 176 43 example
637 1714 46 34 of
692 1717 60 32 the
764 1721 161 39 greatest
943 1720 167 45 military
1123 1723 143 33 talents.
1289 1722 56 34 At
1356 1721 183 41 Comma,
1553 1724 45 33 he
1624 1706 5 59 '
1662 1709 255 45 Nightingale,
1950 1709 116 41 Few,
2083 1711 70 32 aud
2176 1711 146 39 Bowes,
2348 1709 69 34 and
2430 1719 34 24 to
2478 1709 59 33 the
2557 1710 106 31 other
2679 1709 155 33 ()dicers
2852 1706 45 33 of
2911 1708 64 32 the

272 1761 72 33 had
361 1767 39 27 at
417 1760 124 44 length
559 1762 64 33 the
635 1762 229 35 satisfaction
882 1766 45 34 of
940 1768 109 45 being
1063 1769 87 34 able
1165 1774 38 28 to
1219 1774 97 30 meet
1328 1769 73 34 and
1420 1774 38 28 to
1474 1768 124 35 defeat
1665 1756 131 44 Army.

269 1818 47 25 an
334 1818 124 33 enemy
477 1807 56 33 his
548 1811 171 43 superior
738 1811 37 33 in
788 1822 112 25 every
911 1822 144 38 respect
1070 1818 64 32 but
1144 1817 38 33 in
1196 1817 177 44 bravery,
1388 1817 216 44 discipline,,
1706 1804 80 34 The
1801 1804 126 34 House
1942 1813 100 24 came
2061 1808 37 27 to
2114 1814 24 24 a
2156 1804 210 41 resolution,
2393 1804 210 44 approving
2621 1801 41 33 of
2676 1802 59 33 the
2747 1800 130 45 steady
2894 1800 77 34 dise

269 1856 73 34 and
357 1856 227 35 determined
600 1859 215 35 resolution.
872 1851 117 45 When
1023 1864 63 33 the
1115 1869 222 28 movements
1356 1861 46 34 of
1428 1874 45 22 an
1491 1874 102 34 army
1657 1850 139 45 eipline
1814 1851 69 32 and
1900 1851 131 32 valour
2047 1851 44 33 of
2104 1852 58 32 the
2176 1851 361 34 non-commissioned
2564 1850 135 33 talkers
2717 1852 72 30 amt
2809 1850 165 43 privates

270 1913 65 22 are
356 1913 37 22 so
413 1902 106 45 rapid
539 1915 39 22 as
596 1906 105 32 those
728 1905 45 34 of
798 1917 85 24 ours
909 1911 222 44 necessarily
1163 1920 115 32 were,
1302 1910 65 33 the
1398 1913 202 32 retreatiae
1656 1897 48 38 of
1716 1897 60 35 the
1789 1906 97 25 same
1903 1907 119 33 army.
3292 1904 44 30 ~.-,-..

1556 1923 45 33 A

265 1959 107 34 army
389 1959 65 24 are
480 1954 208 41 compelled
706 1958 38 27 to
772 1954 109 34 leave
896 1955 137 37 behind
1046 1958 99 33 them
1163 1957 53 35 all
1234 1957 104 35 those
1352 1956 86 34 who
1455 1967 63 26 are
1535 1965 63 26 too
2023 1954 223 26 esracase
2274 1954 54 25 OF
2357 1954 85 25 THE
2473 1952 143 25 ARMY.

3256 1984 2 31 .
3360 1984 14 31 7
3374 1984 15 31 i

3396 2003 6 13 1

269 1998 106 38 weak
394 2003 39 27 to
448 1998 181 33 maintain
645 2000 63 32 the
723 2002 128 35 exerti
850 2002 21 35 o
872 2002 21 35 n
893 2002 22 35 s
946 2004 85 44 requ
1031 2004 21 44 i
1052 2004 43 44 re
1095 2004 22 44 d
1136 2003 20 35 f
1156 2003 40 35 or
1212 2006 43 33 th
1254 2006 21 33 e
1291 2004 39 34 ce
1330 2004 19 34 l
1349 2004 39 34 er
1388 2004 60 34 ity
1469 2004 20 34 o
1489 2004 21 34 f
1531 2006 43 33 th
1573 2006 21 33 e
1708 2003 24 35 L
1731 2003 50 35 or
1781 2003 25 35 d
1835 2006 30 34 C
1865 2006 296 34 ASTLEREAGH
2190 2016 74 24 rose
2264 2016 19 24 .
2336 2006 39 33 Il
2375 2006 20 33 e
2426 2006 59 33 wou
2485 2006 59 33 l.l
2574 2011 38 27 at
2631 2006 17 33 t
2648 2006 34 33 hi
2682 2006 18 33 s
2717 2004 25 44 d
2741 2004 25 44 a
2766 2004 26 44 y
2820 2008 65 31 ven
2885 2008 21 31 t
2907 2008 67 31 ure
3248 2006 20 33 '.
3268 1998 2 50 .
3283 1998 4 50 -
3400 1998 1 50 .

262 2044 142 40 much,
424 2042 116 37 while
556 2047 61 32 the
631 2055 128 35 enemy
775 2059 45 22 on
834 2050 187 40 the,other
1033 2052 93 34 hand
1141 2052 167 41 follows,
1320 2052 92 33 with
1430 2050 60 34 the
1507 2057 91 28 most
1659 2054 39 31 to
1717 2063 80 33 say,
1824 2052 83 34 that
1923 2063 44 22 no
1988 2054 170 44 Military
2176 2063 162 22 measure
2353 2053 66 32 had
2437 2063 89 22 ever
2544 2054 87 31 been
2668 2065 20 19 o
2717 2052 255 45 inueediately
3247 2043 11 47 L
3257 2043 12 47 .

265 2099 128 37 strong
407 2091 72 34 and
494 2093 159 35 athletic
677 2094 44 34 of
742 2094 58 35 his
828 2096 135 37 forces.
1016 2099 39 34 It
1080 2108 78 25 was
1189 2100 81 33 thus
1298 2104 64 28 not
1394 2109 25 22 a
1450 2099 85 34 trial
1560 2099 45 34 of
1658 2099 71 33 and
1744 2099 210 44 effectually
1975 2101 214 43 productive
2203 2112 9 21 _o
2213 2105 26 24 •
2254 2100 61 33 the

2329 2111 119 26 army,
2465 2111 40 22 ns
2526 2101 79 31 that
2622 2099 161 41 adopted
2807 2100 33 31 in
2864 2098 103 38 1807.

3265 2147 2 2 .

265 2148 158 35 courage
441 2139 71 37 but
527 2140 44 34 of
595 2141 170 45 physical
782 2145 180 44 strength.
1015 2146 53 41 If,
1095 2146 39 34 af
1134 2146 20 34 t
1154 2146 40 34 er
1219 2147 53 33 all
1302 2147 90 37 this,
1420 2156 46 24 an
1489 2157 26 35 a
1515 2157 79 35 rmy
1659 2146 79 34 The
1755 2148 151 33 number
1922 2147 21 33 o
1943 2147 22 33 f
1978 2157 25 24 m
2003 2157 25 24 e
2028 2157 26 24 n
2078 2143 22 39 a
2100 2143 45 39 ll
2145 2143 22 39 o
2167 2143 69 39 Wed
2252 2148 44 40 by
2319 2148 78 33 that
2426 2157 69 24 mea
2494 2157 22 24 s
2517 2157 70 24 ure
2608 2153 37 25 to
2665 2147 41 31 vo
2706 2147 43 31 lu
2748 2147 21 31 n
2770 2147 21 31 t
2791 2147 21 31 e
2812 2147 43 31 er
2872 2146 48 33 fr
2921 2146 24 33 o
2944 2146 25 33 m
3226 2139 4 53 .

3257 2164 11 13 .

260 2187 110 34 could
383 2189 228 47 completely
625 2187 139 43 defeat,
780 2190 71 34 aud
867 2193 158 34 embark
1039 2194 35 33 in
1087 2194 63 33 the
1163 2203 171 37 presence
1346 2193 46 34 of
1397 2204 21 22 a
1431 2194 169 45 superior
1659 2193 61 33 the
1750 2194 138 33 militia
1907 2194 76 33 into
2011 2194 59 33 the
2086 2194 90 44 line,
2207 2205 70 25 was
2306 2194 146 40 25,000,
2479 2194 44 33 of
2539 2193 120 34 which
2681 2204 24 21 s
2719 2193 83 32 hole
2820 2194 154 33 number
3249 2192 18 19 ;,,

3278 2203 18 18 '.

3257 2231 4 11 ,
3281 2231 2 11 .

265 2236 119 40 force,
402 2235 128 37 which
546 2237 90 43 they
663 2236 74 34 had
752 2239 90 33 heat
869 2241 65 32 the
951 2241 74 44 day
1042 2241 131 33 before
1191 2254 12 24 ;
1230 2241 32 33 if
1281 2242 103 32 their
1400 2242 85 38 embi
1485 2242 21 38 t
1506 2242 106 38 rka-,
1654 2238 107 37 'there
1780 2241 69 32 had
1866 2242 87 32 been
1967 2251 20 22 a
1997 2241 198 45 deficiency
2228 2241 41 32 of
2282 2241 83 44 only
2382 2243 21 31 8
2421 2241 124 33 00300
2562 2250 102 30 men;
2692 2241 60 32 the
2784 2244 84 32 rest,
2887 2249 86 25 con-
3247 2228 9 27 )

266 2284 83 34 tion
367 2293 72 24 was
467 2293 39 25 so
537 2284 201 44 complete,
768 2285 84 34 that
876 2293 64 28 net
969 2298 24 22 a
1023 2289 116 43 single
1160 2287 180 35 wounded
1372 2298 94 31 man,
1493 2298 63 25 not
1574 2298 24 26 a
1659 2288 110 44 isting
1788 2288 44 33 of
1839 2298 100 22 some
1956 2287 45 33 of
2020 2288 61 32 the
2100 2290 73 30 best
2190 2287 214 44 disciplined
2422 2289 66 30 and
2507 2294 90 25 most
2624 2287 168 32 effective
2807 2287 155 33 soldiers

3259 2310 9 41 n
3268 2310 11 41 t

265 2331 115 43 single
396 2331 109 44 piece
523 2330 44 34 of
588 2330 191 47 artillery,
801 2343 45 24 or
859 2344 50 22 an
922 2335 136 35 article
1085 2335 43 37 of
1154 2335 65 33 the
1233 2340 158 40 capture
1408 2334 44 35 of
1473 2337 120 35 which
1659 2333 34 35 in
1710 2335 60 32 the
1798 2335 155 38 service,
1980 2334 69 34 had
2067 2335 145 33 entered
2232 2336 74 32 into
2327 2335 60 31 the
2400 2334 87 39 title,
2513 2335 70 31 and
2603 2340 35 26 to
2659 2334 97 32 their
2770 2334 201 32 steadiness

265 2379 65 33 the
344 2387 129 35 enemy
487 2379 111 33 could
625 2380 119 40 boast,
772 2391 100 25 were
896 2382 70 34 left
980 2395 11 27 ;
1020 2382 28 34 it
1083 2392 74 25 was
1187 2383 217 43 impossible
1430 2388 38 28 to
1485 2383 110 45 deny,
1617 2379 1 50 .
1656 2382 70 33 aud
1752 2382 131 33 valour
1909 2383 63 32 the
1996 2388 152 37 cotunry
2186 2392 89 31 was,
2306 2392 45 21 no
2369 2381 129 39 doubt,
2528 2382 32 31 in
2575 2392 22 21 a
2615 2387 99 31 great
2735 2391 163 21 measure
2914 2381 56 32 in-
3278 2379 4 50 ,

267 2426 83 34 that
366 2426 85 33 such
470 2435 46 25 an
534 2426 272 35 atehievement
834 2430 141 33 ranked
1002 2430 91 34 with
1121 2430 63 34 the
1215 2438 92 26 most
1333 2430 161 43 glorious
1515 2435 78 34 that
1656 2430 132 41 depted
1820 2430 58 32 for
1907 2430 59 31 the
1989 2431 107 41 glory
2119 2430 117 33 which]
2265 2430 24 31 it
2313 2430 71 32 had
2418 2428 175 43 acquired
2626 2435 38 25 at
2696 2428 21 32 'V
2734 2428 130 32 indent
2896 2428 73 32 aad
3244 2420 26 28 41
3270 2420 14 28 .

3244 2443 50 33 1,-.1

265 2483 91 25 ever
371 2473 162 35 adorned
552 2469 64 39 the
635 2471 139 38 British
798 2486 119 25 name.
971 2476 33 34 A
1037 2489 98 22 more
1153 2477 164 45 splendid
1338 2485 202 31 movement
1558 2481 21 33 o
1579 2481 21 33 f
1656 2474 181 34 Corunna.
1858 2476 56 32 lie
1931 2466 159 41 allowed
2105 2476 80 33 that
2202 2477 58 32 the
2272 2476 85 32 levy
2378 2476 41 32 of
2435 2476 30 32 NI
2476 2476 112 38 ilitia,
2604 2476 33 32 in
2652 2476 106 32 older
2778 2481 37 25 to
2832 2474 141 44 supply
3250 2476 41 50 79,.

266 2520 194 34 combined
477 2522 110 33 naval
617 2520 69 34 and
720 2523 169 46 military
906 2533 123 25 means
1056 2533 44 26 ne
1100 2533 22 26 v
1122 2533 45 26 er
1196 2535 72 24 was
1297 2526 144 33 witness
1441 2526 20 33 e
1461 2526 43 33 d.
1558 2530 12 32 I
1583 2536 9 26 t
1658 2526 58 30 Ihe
1734 2526 104 40 place
1866 2522 41 34 of
1931 2524 149 39 28,000,
2109 2523 98 39 who,
2243 2523 45 44 by
2311 2512 61 41 the
2406 2522 71 32 frill
2498 2522 43 32 of
2559 2523 102 37 1507,
2682 2522 193 44 permitted
2907 2523 64 32 the

9 2576 15 31 •
43 2590 6 8 ,
257 2568 171 45 justified
448 2570 247 34 Government
710 2571 45 33 of
767 2572 152 44 making
935 2583 64 22 use
1016 2571 44 35 of
1074 2572 100 33 these
1192 2580 77 26 two
1284 2577 126 38 strong
1424 2583 94 24 arms
1535 2575 19 35 f
1554 2575 39 35 or
1659 2569 216 37 Volunteers
1894 2570 74 33 into
1998 2572 63 30 the
2078 2570 85 39 line,
2190 2570 142 44 pressed
2365 2570 116 41 heavy
2511 2580 45 21 on
2576 2569 61 31 the
2652 2576 152 35 country
2823 2580 11 28 ;
2863 2569 63 33 but
2943 2569 30 34 it
3255 2578 24 14 ..

269 2617 65 33 the
351 2616 184 35 salvation
565 2615 44 34 of
628 2616 61 34 the
707 2620 201 44 oppressed
930 2620 133 34 world.
1117 2620 80 33 The
1230 2620 124 34 Noble
1389 2621 94 33 Lord
1512 2633 41 24 eo
1553 2633 43 24 n-
1654 2619 145 33 shewed
1821 2619 98 32 what
1930 2619 60 32 the
2003 2624 151 34 country
2178 2627 72 24 was
2267 2628 27 19 w
2306 2619 65 32 hen
2383 2615 115 34 caned
2510 2627 44 21 on
2567 2616 59 33 for
2642 2617 184 31 exertion.
2880 2615 92 34 Par-
3235 2611 12 30 1,

266 2663 132 34 eluded
417 2665 92 33 with
526 2665 163 44 moving,
707 2666 80 33 that
803 2676 47 24 an
868 2667 148 34 humble
1037 2667 157 34 Address
1209 2668 45 32 be
1278 2668 193 43 presented
1485 2675 18 27 t
1502 2675 19 27 o
1543 2670 52 33 his
1655 2665 149 34 liament
1817 2666 70 32 had
1902 2665 195 32 demanded
2111 2665 132 39 43,000
2255 2665 136 32 militia
2404 2673 77 22 men
2500 2663 91 33 frma
2609 2665 107 31 (treat
2740 2661 141 35 Britain
2900 2663 71 33 and
3227 2646 38 77 l't

269 2711 177 47 Majesty,
465 2712 84 35 that
572 2712 54 33 his
643 2712 161 47 Majesty
822 2713 131 35 should
977 2717 44 31 be
1033 2715 209 43 graciously
1261 2715 149 43 pleased
1431 2722 38 26 to
1489 2718 106 32 order
1661 2712 141 34 Ireland
1819 2713 72 38 ;in
1926 2712 54 32 six
2017 2711 139 32 months
2185 2712 94 32 after
2308 2717 13 26 ;
2321 2717 13 26 .
2334 2717 52 26 :tat
2404 2709 149 33 demand
2571 2709 135 33 41.50
2713 2709 131 44 joined
2872 2709 98 33 their
3226 2741 6 14 .

266 2772 25 22 a
311 2766 204 28 monument
533 2763 40 32 to
591 2759 45 35 he
648 2752 148 45 erected
813 2761 35 33 in
863 2761 189 43 gratitude
1068 2769 38 27 to
1126 2763 61 34 the
1206 2772 162 27 memory
1387 2761 45 33 of
1448 2763 145 35 'Acute-
1656 2761 201 43 respective
1890 2758 203 44 regiments.
2165 2759 56 32 lie
2257 2758 210 37 concluded,
2502 2756 196 40 therefore,
2741 2757 50 44 by
2825 2757 148 45 moving

265 2809 267 33 nant-General
552 2807 61 33 Sir
630 2807 100 35 John
759 2807 149 41 Moore,
941 2807 48 37 K.
1013 2809 44 35 B.
1090 2810 34 33 in
1153 2810 63 33 the
1230 2810 200 35 Cathedral
1449 2810 143 35 Church
1655 2806 58 34 for
1730 2807 105 33 leave
1854 2811 37 28 to
1910 2806 104 41 bring
2031 2805 33 32 in
2083 2816 21 22 a
2125 2806 65 33 bill
2213 2812 35 26 to
2267 2806 109 32 allow
2398 2815 19 21 a
2431 2813 138 24 certatn
2593 2809 80 38 part
2691 2802 44 34 of
2747 2805 64 32 the
2826 2803 146 37 Militia

266 2857 44 34 of
318 2859 51 32 St.
394 2855 141 41 Paul's,
550 2854 104 45 who,
669 2857 98 34 after
785 2857 135 44 having
935 2867 103 35 spent
1052 2867 46 25 an
1116 2858 229 34 honourable
1361 2858 69 32 and
1449 2859 145 33 inerito.
1656 2855 43 33 of
1715 2855 112 33 Great
1845 2854 141 33 Britain
2003 2859 37 26 to
2056 2854 190 32 volunteer
2263 2854 74 32 into
2357 2854 59 31 the
2435 2854 145 41 re;ttier
2598 2859 118 33 army.

267 2906 102 33 rious
386 2904 64 34 life
470 2906 35 33 in
523 2902 64 37 the
609 2906 143 35 service
776 2904 46 34 of
844 2904 54 34 his
922 2911 172 38 country,
1121 2906 81 39 fell,
1230 2906 136 43 deeply
1397 2906 194 41 lamented,
1622 2897 5 52 •
1704 2903 73 32 Mr.
1806 2902 112 32 Tire
1928 2907 86 26 aEV
2050 2901 96 38 said,
2189 2900 41 32 he
2274 2900 106 32 made
2409 2909 98 22 .nine
2542 2898 250 32 observations
2824 2908 46 22 on
2904 2897 66 35 the

8 2961 19 87 I
266 2965 47 21 on
332 2953 61 34 the
413 2952 84 34 16th
516 2952 45 33 of
583 2949 184 47 January,
785 2952 106 40 1809,
908 2959 40 28 at
969 2952 183 38 Corunna.
1175 2952 126 35 where
1328 2952 46 34 he
1390 2953 165 34 defeated
1573 2962 21 25 a
1658 2955 142 40 present
1831 2949 184 39 occasion,
2052 2954 41 25 to
2127 2947 113 43 guard
2280 2946 146 33 himself
2457 2946 92 32 from
2582 2944 106 43 being
2714 2944 184 45 supposed
2931 2952 39 26 to
3007 2944 2 104 •

267 3009 90 37 Very
374 3000 170 46 superior
575 2996 142 39 French
741 3009 124 35 army,
889 3001 72 34 and
993 3000 226 35 established
1250 3001 60 33 the
1336 3000 107 45 glory
1469 3001 44 34 of
1535 3001 59 34 the
1656 3004 115 28 assent
1802 3000 35 30 to
1873 2996 60 32 the
1964 2994 231 45 proposition
2229 2996 78 30 that
2344 2993 54 32 his
2424 2991 188 45 Majesty's
2647 2991 185 41 Alinisters
2854 2991 69 34 had
2948 3002 25 24 a

3220 2766 34 331 I
3254 2766 35 331 I
3291 2763 2 334 '

273 3050 141 33 British
435 3047 169 47 military
622 3050 208 34 character.
1656 3045 107 32 claim
1781 3053 46 24 on
1856 3045 63 31 the
1950 3050 171 34 country,
2152 3048 37 26 to
2210 3041 92 32 have
2320 3051 24 22 a
2367 3040 139 33 further
2530 3038 102 33 force
2659 3038 130 44 placed
2807 3043 39 30 at
2874 3041 98 31 their

315 3097 79 34 The
406 3096 170 46 question
595 3107 76 26 was
687 3106 80 26 now
790 3102 67 39 put
870 3097 48 45 by
939 3096 63 34 the
1020 3094 180 46 Speaker,
1227 3094 69 33 and
1315 3093 145 34 carried
1474 3094 122 34 unani-
1657 3093 176 43 disposal,
1869 3089 157 34 without
2048 3089 130 41 having
2194 3087 77 33 first
2288 3089 196 32 accounted
2520 3085 59 33 for
2608 3085 63 33 the
2689 3094 81 34 way
2792 3085 35 33 in
2846 3097 27 22 w
2887 3089 86 32 hich

265 3148 158 32 sanisls.
1659 3142 81 31 thev
1763 3141 70 32 had
1848 3135 198 45 employed
2063 3137 76 31 that
2157 3137 150 41 already
2333 3133 182 33 entrusted
2536 3141 37 25 to
2593 3133 109 32 them.

321 3194 91 33 Lord
433 3193 332 38 CASTLEREAGH
782 3193 89 34 then
885 3189 133 37 moved
1035 3190 64 35 the
1116 3189 151 37 Thanks
1281 3189 43 33 of
1335 3189 64 34 the
1419 3188 123 37 House
1559 3195 35 27 to
1706 3176 109 44 After
1830 3185 142 33 several
1989 3184 180 33 Members
2187 3184 66 31 had
2271 3182 138 44 spoken
2431 3182 34 32 in
2481 3180 215 46 opposition
2717 3185 38 26 to
2785 3180 64 32 the
2878 3190 98 24 nice.

266 3240 322 38 Lieut.-Generals
604 3244 58 32 Sir
679 3241 48 34 D.
754 3241 130 41 Baird,
915 3239 125 46 Hope,
1074 3237 221 40 M‘tienzie,
1318 3236 154 41 Frazer,
1501 3237 94 33 Lord
1616 3227 7 83 f
1656 3244 96 31 sure,
1781 3234 69 33 and
1870 3243 45 21 on
1933 3231 235 43 theiptestion
2187 3230 106 43 being
2311 3236 66 38 put
2391 3227 57 35 for
2466 3230 104 31 lease
2584 3231 38 28 to
2635 3227 104 44 bring
2757 3227 39 34 iu
2809 3229 60 31 the
2890 3229 84 41 bill,

275 3291 57 32 W.
353 3291 200 38 Bentutck,
575 3291 47 35 R.
641 3287 132 46 Paget,
790 3289 71 33 and
881 3286 319 47 Major-Generals
1228 3283 213 35 Beresford,
1463 3285 131 39 Come,
1657 3293 21 24 a
1695 3281 161 34 division
1874 3279 90 34 took
1985 3280 123 41 place.

272 3338 273 45 Nianninghttm.
570 3337 102 41 Hill,
703 3335 129 43 Ward,
861 3337 131 43 Leigh,
1011 3334 51 34 H.
1081 3332 116 41 note,
1218 3332 155 44 Disney,
1388 3331 70 35 and
1473 3332 120 40 Slade,
1923 3326 76 34 For
2014 3325 60 33 the
2093 3324 151 39 motion,
2275 3321 256 46 77—Against
2551 3322 41 39 it,
2626 3321 60 34 20.
3278 3321 2 61 ,

3267 3344 1 27 •
3328 3344 54 27 aa

1706 3376 78 35 The
1804 3374 65 33 hill
1891 3384 74 22 was
1984 3373 84 32 then
2087 3373 81 31 read
2189 3383 21 22 a
2225 3374 73 30 firs
2320 3371 100 39 time,
2448 3369 69 34 and
2535 3369 156 33 ordered
2706 3371 38 32 to
2774 3369 46 34 be
2849 3372 83 31 read
2952 3381 25 24 a

273 3397 26 21 w
311 3386 84 34 hich
415 3396 77 25 was
508 3387 83 33 also
605 3383 145 38 carried
769 3384 268 43 unanimously.
3072 3416 8 7 .
3248 3410 37 32 H
3330 3420 18 20 ~.

315 3435 151 33 Thanks
497 3443 102 25 were
626 3433 84 33 then
728 3433 111 33 voted
865 3436 38 31 to
934 3431 65 34 the
1022 3428 165 39 Officers,
1221 3424 373 37 Nun-commissioned
1656 3425 130 34 second
1802 3425 91 32 time
1903 3422 45 33 oil
1965 3420 170 41 Tuesday
2153 3417 380 44 next.—Adjourned.

268 3482 168 43 Ogicers,
449 3483 70 33 and
541 3480 177 41 Soldiers,
731 3480 63 35 for
810 3480 98 34 their
926 3480 159 41 bravery
1104 3477 71 34 and
1195 3474 200 35 resolution
1406 3474 190 46 displayed
2401 3484 18 9 -

3240 3494 6 33 o
3246 3494 7 33 t
3307 3494 2 33 ,

3347 3516 6 4 ...

270 3531 47 44 by
340 3531 96 33 them
454 3537 43 27 at
514 3530 63 34 the
592 3530 117 34 battle
726 3527 44 35 of
780 3527 182 37 Corunna.
2109 3519 168 40 FRIDAY
2277 3519 28 40 ,
2331 3519 103 33 JAN.
2461 3516 40 35 27
2502 3516 21 35 .
3353 3519 8 12 e

321 3579 92 33 Lord
445 3579 331 37 CASYLERFAGH
804 3573 195 43 observed,
1033 3572 80 34 that
1128 3581 41 24 as
1185 3581 25 24 a
1222 3575 105 39 great
1359 3573 84 40 part
1470 3567 44 35 of
1534 3567 61 34 the
1965 3574 181 30 THANKS
2163 3578 52 24 TO
2245 3575 69 25 SIR
2335 3576 41 22 A.
2399 3569 269 30 WELLESLEY
3240 3531 1 84 '
3274 3560 12 35 t
3324 3531 17 65 i'
3340 3531 8 65 .
3348 3531 8 65 l
3357 3531 8 65 s
3365 3531 8 65 '
3373 3531 9 65 l

265 3635 137 26 success
418 3626 191 44 attending
625 3624 63 37 the
703 3622 261 37 embarkation
981 3620 44 35 of
1038 3621 59 32 the
1116 3627 126 35 troops
1259 3627 74 24 was
1343 3617 99 35 owin
1447 3628 19 26 g
1483 3622 35 26 to
1537 3617 61 32 the

1706 3634 79 35 The
1805 3631 183 46 Speaker,
2013 3628 213 45 addressing
2254 3626 149 34 himself
2415 3631 37 28 to
2480 3622 81 34 that
2582 3622 174 43 General,
2781 3627 202 34 eommuni..
3273 3602 9 33 I
3309 3602 1 74 '
3343 3620 27 22 ..•

3214 3643 2 30 -
3278 3643 1 30 •
3327 3643 18 27 a
3357 3648 13 24 s

267 3676 191 34 exertions
477 3674 44 33 of
534 3674 63 35 the
628 3672 126 46 Navy,
785 3671 46 39 he
848 3670 120 45 hoped
989 3670 59 34 the
1077 3666 125 38 House
1220 3665 123 35 would
1371 3672 107 37 agree
1506 3663 90 34 with
1659 3684 102 33 cited
1789 3689 37 26 to
1856 3681 74 32 him
1959 3679 61 33 the
2041 3677 132 34 thanks
2200 3676 44 33 of
2267 3676 61 33 the
2360 3674 123 33 House
2503 3672 38 33 in
2557 3671 126 46 nearly
2702 3671 65 35 the
2783 3672 200 47 following

269 3722 77 37 hits
367 3723 34 34 in
417 3733 26 24 a
459 3728 87 30 vote
566 3720 47 39 of
625 3720 133 35 thanks
772 3726 39 28 to
826 3716 171 38 Admiral
1020 3715 56 37 De
1091 3716 144 41 Courcy
1251 3713 70 37 and
1341 3710 58 39 Sir
1414 3711 33 35 S.
1470 3710 125 40 Hood,
1661 3739 119 27 terms.
3215 3720 31 9 '•
3261 3716 26 26 :,
3372 3719 19 14 ,'

3391 3758 4 1 .

270 3770 90 34 with
379 3770 61 35 the
459 3769 159 41 Qffieere
628 3768 72 35 and
717 3767 89 39 :gen
830 3767 113 35 under
961 3765 98 35 their
1074 3761 206 44 command,
1307 3759 122 35 which
1447 3769 73 24 was
1535 3768 64 25 ac-
1709 3780 12 14 ~
1721 3780 13 14 S
1753 3778 59 32 ir
1830 3774 143 37 Arthur
1994 3771 246 44 Wellesley—
3262 3757 41 48 -.1

2243 3768 109 37 After
2369 3767 60 35 the
2446 3771 125 28 events
2588 3765 44 33 of
2647 3767 63 35 the
2725 3767 72 34 last
2816 3777 105 34 year,
2952 3770 28 30 it
3315 3759 45 8 .._

22 3824 18 15 •,
269 3819 190 46 cordingly
480 3817 139 47 agreed
637 3827 52 26 to.
1661 3835 74 24 was
1750 3822 213 47 impossible
1981 3820 59 40 for
2057 3819 72 33 this
2150 3819 137 39 House,
2306 3827 46 25 on
2378 3817 45 32 its
2438 3814 234 44 assembling,
2698 3819 65 28 not
2794 3821 35 27 to
2862 3814 120 37 direct
3239 3814 1 56 .

1623 3860 2 53 ,
1659 3874 46 34 Its
1722 3873 145 33 earliest
1884 3868 178 35 attention
2083 3873 35 26 to
2139 3867 60 32 the
2213 3863 164 46 splendid
2395 3863 156 33 services
2571 3860 207 45 performed
2815 3863 34 33 in
2882 3862 98 34 Por-

431 3900 61 28 Tli
497 3899 119 31 ANXS
639 3898 54 31 TO
720 3896 93 30 THR
839 3892 292 37 CONQUERORS
1157 3891 58 28 OF
1244 3887 214 30 TIMIERA.

1659 3917 26 96 tu
1685 3917 13 96 l
1698 3917 13 96 g
1711 3917 13 96 v
1724 3917 13 96 a
1737 3917 13 96 (
1750 3917 13 96 l
1763 3917 27 96 )f
1791 3917 13 96 b
1804 3917 13 96 n
1817 3917 13 96 y
1830 3917 13 96 p
1843 3917 13 96 t
1856 3917 14 96 i
1870 3917 14 96 l
1884 3917 14 96 a
1898 3917 28 96 te
1926 3917 14 96 n
1941 3917 14 96 i
1955 3917 14 96 n
1969 3917 57 96 trmy
2047 3913 111 35 under
2174 3922 92 33 your
2285 3911 184 34 command
2485 3921 11 27 ;
2522 3915 72 27 and
2611 3908 130 34 amidst
2760 3909 83 33 that
2856 3908 80 34 diva
2936 3908 20 34 .
2956 3908 21 34 -

21 3938 2 64 •
330 3953 104 37 'Lord
472 3953 332 40 CAmenEactit
836 3950 83 41 said
954 3948 187 35 whatever
1182 3943 198 37 difference
1427 3939 45 35 or
1514 3938 64 47 opt
1578 3938 21 47 -
1896 3969 11 31 i
1974 3961 126 34 which
2117 3961 113 33 exists
2245 3970 46 24 on
2307 3960 133 33 almost
2456 3967 110 34 every
2596 3956 115 46 topic,
2737 3957 64 32 the
2819 3957 103 33 voice
2939 3967 26 26 0

270 4002 87 35 nion
389 4002 120 45 might
541 4002 102 35 exist
669 4011 38 26 as
741 4007 39 28 to
809 3999 74 34 ther
900 3994 237 38 termination
1170 3990 45 38 of
1240 3990 63 37 the
1335 3989 196 45 campaign
1564 3989 35 32 in
1659 3983 27 19 ''

1661 4016 61 33 the
1741 4013 143 46 public,
1903 4012 70 33 and
1991 4010 43 34 of
2047 4007 74 35 this
2134 4007 141 39 House,
2295 4007 64 33 has
2376 4007 86 32 been
2476 4003 213 35 unanimous
2721 4003 37 34 in
2786 4015 106 25 awar
2922 4017 56 33 ..I

273 4050 195 45 Portugal,
498 4051 31 40 it,
563 4049 71 38 had
661 4046 122 39 added
811 4046 157 37 another
1018 4041 113 38 laurel
1176 4045 40 30 to
1248 4039 63 34 the
1346 4036 143 37 wreath
1519 4042 81 26 won

1664 4069 34 28 to
1714 4071 96 37 your
1826 4056 265 47 distinguished
2100 4056 157 35 services
2274 4054 63 34 the
2353 4054 137 33 tribute
2507 4051 45 34 of
2567 4052 181 44 applause
2776 4050 73 34 and
2864 4054 109 41 ge.t.ti.
3240 4050 4 58 .

28 4088 7 7 ,
57 4087 1 12 .
3221 4087 5 12 .
3263 4088 14 11 ...
3312 4096 7 2 ..

268 4104 41 28 at
343 4098 128 46 Egypt
500 4098 73 33 and
605 4098 129 33 Maida
746 4108 12 28 ;
800 4094 71 37 and
914 4093 139 44 though
1085 4089 60 35 the
1187 4093 145 39 present
1363 4085 117 44 might
1509 4083 92 33 have

1661 4108 241 44 tude—(hear
1911 4106 14 33 I
1952 4108 86 31 hear
2053 4104 14 33 !
2078 4103 105 43 )-.lt
2202 4103 28 33 is
2246 4110 93 35 your
2360 4101 165 45 peculiar
2544 4100 125 45 praise
2685 4106 38 26 to
2754 4097 96 34 have
2885 4110 76 25 •:otig
3275 4108 14 4 ..
3317 4108 12 4 ..

272 4147 115 33 fallen
405 4148 106 33 short
530 4144 45 35 of
604 4147 61 33 the
684 4144 115 37 result
813 4139 182 48 expected
1015 4137 93 35 from
1127 4136 44 40 it,
1213 4140 64 41 yet
1307 4133 41 50 1a
1375 4140 28 27 a
1437 4131 164 41 military

1663 4157 151 35 mantled
1831 4160 64 31 out
1913 4153 85 46 only
2016 4152 61 35 the
2095 4150 169 41 iert:ces,
2290 4150 65 33 but
2369 4148 60 35 the
2447 4148 122 33 hearts
2582 4144 44 38 of
2639 4144 61 37 the
2718 4152 113 40 troop
2897 4148 63 35 nae
3221 4144 5 54 .
3272 4150 8 7 ,
3320 4150 9 5 ..

270 4195 107 45 point
407 4194 46 38 of
475 4195 102 37 view
613 4194 33 35 it
676 4202 74 27 was
774 4187 175 41 safely
961 4189 40 34 to
1025 4183 98 43 fame
1155 4183 50 47 by
1232 4191 72 27 1200
1304 4191 37 27 e•
1393 4179 73 38 '.Chi
3239 4173 33 67 .:*:.

3137 4248 2 56 .
3234 4248 2 56 .
3255 4248 14 52 i

2023 1954 223 26 EsracAsc
2274 1954 54 25 OF
2357 1954 85 25 THE
2473 1952 143 25 ARMY.

1708 2003 98 35 Lord
1835 2006 255 34 CASTLEREA
2104 2016 58 24 Gil
2190 2016 93 24 rose.
2336 2006 59 33 Ile
2426 2006 118 33 would
2574 2011 38 27 at
2631 2006 69 33 this
2717 2004 76 44 day
2820 2008 154 31 venture

1659 2054 39 31 to
1717 2063 80 33 say,
1824 2052 83 34 that
1923 2063 44 22 no
1988 2054 170 44 Military
2176 2063 162 22 measure
2353 2053 66 32 had
2437 2063 89 22 ever
2544 2054 87 31 been
2652 2065 37 19 so
2717 2052 255 45 inneediately

1658 2099 71 33 and
1744 2099 210 44 effectually
1975 2101 214 43 productive
2203 2105 37 28 to
2254 2100 61 33 the
2329 2111 119 32 army,
2465 2111 40 22 ns
2526 2101 79 31 that
2622 2099 161 41 adopted
2807 2100 33 31 in
2864 2098 103 38 1807.

1659 2146 79 34 The
1755 2148 151 33 number
1922 2147 44 33 of
1978 2157 76 24 men
2078 2147 158 34 allowed
2252 2148 44 40 by
2319 2148 78 33 that
2426 2157 161 24 measure
2608 2153 37 25 to
2665 2147 190 31 volunteer
2872 2146 97 33 from

1659 2193 61 33 the
1750 2194 138 33 militia
1907 2194 76 33 into
2011 2194 59 33 the
2086 2194 90 44 line,
2207 2205 70 25 was
2306 2194 146 40 25,000,
2479 2194 44 33 of
2539 2193 120 34 which
2681 2204 24 21 w
2719 2193 83 32 hole
2820 2194 154 33 number

1659 2241 102 34 there
1780 2241 69 32 had
1866 2242 87 32 been
1967 2251 20 22 a
1997 2241 198 35 deficiency
2228 2241 41 32 of
2282 2241 83 44 only
2382 2243 21 31 8
2421 2241 124 33 or9oo
2562 2250 77 22 men
2653 2254 11 26 ;
2692 2241 60 32 the
2784 2244 84 32 rest,
2887 2249 65 25 con-

1659 2288 110 44 isting
1788 2288 44 33 of
1839 2298 100 22 some
1956 2287 45 33 of
2020 2288 61 32 the
2100 2290 73 30 best
2190 2287 214 44 disciplined
2422 2289 66 30 and
2507 2294 90 25 most
2624 2287 168 32 effective
2807 2287 155 33 soldiers

1659 2333 34 35 in
1710 2335 60 32 the
1798 2335 155 38 service,
1980 2334 69 34 had
2067 2335 145 33 entered
2232 2336 74 32 into
2327 2335 60 31 the
2400 2334 87 39 line,
2513 2335 70 31 and
2603 2340 35 26 to
2659 2334 97 32 their
2770 2334 201 32 steadiue.s

1656 2382 70 33 and
1752 2382 131 33 valour
1909 2383 63 32 the
1996 2388 152 37 coutory
2186 2392 89 31 was,
2306 2392 45 21 no
2369 2381 129 39 doubt,
2528 2382 32 31 io
2575 2392 22 21 a
2615 2387 99 31 great
2735 2391 163 21 ineasnre
2914 2381 38 32 io-

1706 2430 83 41 pted
1820 2430 58 32 for
1907 2430 59 31 the
1989 2431 107 41 glory
2119 2430 117 33 which
2265 2430 24 31 it
2313 2430 71 32 had
2418 2428 175 43 acquired
2626 2435 38 25 at
2696 2428 21 32 1'
2734 2428 130 32 indent
2896 2428 73 32 :tad

1656 2474 181 34 Corunna.
1858 2476 56 32 Ile
1931 2476 159 32 allowed
2105 2476 80 33 that
2202 2477 58 32 the
2272 2476 85 44 levy
2378 2476 41 32 of
2476 2476 112 38 ilitia,
2604 2476 33 32 in
2652 2476 106 32 oidcr
2778 2481 37 25 to
2832 2474 141 44 supply

1676 2526 40 30 he
1734 2526 104 40 ith..ee
1866 2522 41 34 of
1931 2524 149 39 28,1)00,
2109 2523 98 39 who,
2243 2523 45 44 by
2311 2524 61 30 the
2406 2522 71 32 bill
2498 2522 43 32 of
2559 2523 102 37 1807,
2682 2522 193 44 permitted
2907 2523 64 32 the

1659 2569 216 37 Volunteers
1894 2570 74 33 into
1998 2572 63 30 the
2078 2570 85 39 line,
2190 2570 142 44 pressed
2365 2570 116 41 heavy
2511 2580 45 21 on
2576 2569 61 31 the
2652 2576 152 35 country
2823 2580 11 28 ;
2863 2569 63 33 but
2943 2569 30 34 it

1654 2619 145 33 shelved
1821 2619 98 32 what
1930 2619 60 32 the
2003 2624 151 34 country
2178 2627 72 24 was
2267 2628 27 19 w
2306 2619 65 32 hen
2383 2615 115 34 caned
2510 2627 44 21 on
2567 2616 59 33 for
2642 2617 184 31 exertion.
2880 2615 70 34 Par-

1655 2665 149 34 liament
1817 2666 70 32 had
1902 2665 195 32 demanded
2111 2665 132 39 .13,000
2255 2665 136 32 militia
2404 2673 77 22 men
2500 2663 91 33 from
2609 2665 9 28 (
2630 2665 86 31 ireat
2740 2661 141 35 Britain
2900 2663 71 33 and

1661 2712 141 34 Ireland
1819 2725 11 26 ;
1859 2713 32 32 in
1926 2712 54 32 six
2017 2711 139 32 months
2185 2712 94 32 after
2308 2717 78 26 ::mat
2404 2709 149 33 demand
2571 2709 135 33 41.50
2713 2709 131 44 joined
2872 2709 98 33 their

1656 2761 201 43 respective
1890 2758 203 44 regiments.
2165 2759 56 32 lie
2257 2758 210 37 concluded,
2502 2756 196 40 therefore,
2741 2757 50 44 by
2825 2757 148 45 moving

1655 2806 58 34 for
1730 2807 105 33 leave
1854 2811 37 28 to
1910 2806 104 41 bring
2031 2805 33 32 in
2083 2816 21 22 a
2125 2806 65 33 bill
2213 2812 35 26 to
2267 2806 109 32 allow
2398 2815 19 21 a
2431 2807 138 30 certain
2593 2809 80 38 part
2691 2802 44 34 of
2747 2805 64 32 the
2826 2803 146 37 Militia

1656 2855 43 33 of
1715 2855 112 33 Great
1845 2854 141 33 Britain
2003 2859 37 26 to
2056 2854 190 32 volunteer
2263 2854 74 32 into
2357 2854 59 31 the
2435 2854 145 41 regular
2598 2859 118 33 army.

1704 2903 73 32 Mr.
1806 2902 208 32 TIEltNI•ly
2050 2901 96 38 said,
2189 2900 41 32 he
2274 2900 106 32 made
2409 2909 98 22 .nine
2542 2898 250 32 observations
2824 2908 46 22 on
2904 2897 66 35 the

1658 2955 142 40 present
1831 2949 184 39 occasion,
2052 2954 41 25 to
2127 2947 113 43 guard
2280 2946 146 33 himself
2457 2946 92 32 from
2582 2944 106 43 being
2714 2944 184 45 supposed
2931 2952 39 26 to

1656 3004 115 28 assent
1802 3000 35 30 to
1873 2996 60 32 the
1964 2994 231 45 proposition
2229 2996 78 30 that
2344 2993 54 32 his
2424 2991 188 45 !',/:jesty's
2647 2991 185 41 Alinisters
2854 2991 69 34 had
2948 3002 25 24 a

1656 3045 107 32 claim
1781 3053 46 24 on
1856 3045 63 31 the
1950 3050 171 34 country,
2152 3048 37 26 to
2210 3041 92 32 have
2320 3051 24 22 a
2367 3040 139 33 further
2530 3038 102 33 force
2659 3038 130 44 placed
2807 3043 39 30 at
2874 3041 98 31 their

1657 3093 176 43 disposal,
1869 3089 157 34 withottt
2048 3089 130 41 having
2194 3087 77 33 first
2288 3089 196 32 accounted
2520 3085 59 33 for
2608 3085 63 33 the
2689 3094 81 34 way
2792 3085 35 33 in
2846 3097 27 22 ‘c
2887 3089 86 32 Irish

1659 3142 81 31 they
1763 3141 70 32 had
1848 3135 198 45 employed
2063 3137 76 31 that
2157 3137 150 41 already
2333 3133 182 33 entrusted
2536 3141 37 25 to
2593 3133 109 32 them.

1706 3185 109 34 After
1830 3185 142 33 several
1989 3184 180 33 Members
2187 3184 66 31 had
2271 3182 138 44 spoke,'
2431 3182 34 32 in
2481 3180 215 46 opposition
2717 3185 38 26 to
2785 3180 64 32 the
2878 3190 74 24 men-

1656 3244 96 31 sure,
1781 3234 69 33 and
1870 3243 45 21 on
1933 3231 235 43 thetptestion
2187 3230 106 43 being
2311 3236 66 38 put
2391 3227 57 35 for
2466 3230 59 31 lea
2551 3239 19 21 e
2584 3231 38 28 to
2635 3227 104 44 bring
2757 3227 39 34 iu
2809 3229 60 31 the
2890 3229 84 41 hill,

1657 3293 21 24 a
1695 3281 161 34 division
1874 3279 90 34 took
1985 3280 123 41 place.

1923 3326 76 34 For
2014 3325 60 33 the
2093 3324 151 39 motion,
2275 3321 256 46 77—Aptinst
2551 3322 41 39 it,
2626 3321 60 34 20.

1706 3376 78 35 The
1804 3374 65 33 hill
1891 3384 74 22 was
1984 3373 84 32 then
2087 3373 81 31 read
2189 3383 21 22 a
2225 3374 73 30 tirst
2320 3371 100 39 time,
2448 3369 69 34 and
2535 3369 156 33 ordered
2706 3371 38 32 to
2774 3369 46 34 be
2849 3372 83 31 read
2952 3381 25 24 a

1656 3425 130 34 second
1802 3425 91 32 time
1903 3422 45 33 oh
1965 3420 170 40 Tuesday
2153 3417 380 44 next.—Adjourned.

2109 3519 196 40 FItIDAY,
2331 3519 103 33 JAN.
2461 3516 61 35 '27.

1965 3574 181 28 THANKS
2163 3578 52 24 TO
2245 3576 69 24 SIR
2335 3576 41 22 .4.
2399 3569 269 30 WELLESLItY

1706 3634 79 35 The
1805 3631 183 46 Speaker,
2013 3628 213 45 addressing
2254 3626 149 34 himself
2415 3631 37 28 to
2480 3622 81 34 that
2582 3622 174 43 General,
2781 3627 177 34 communi-

1659 3684 102 33 cated
1789 3689 37 26 to
1856 3681 74 32 him
1959 3679 61 33 the
2041 3677 132 34 thanks
2200 3676 44 33 of
2267 3676 61 33 the
2360 3674 123 33 House
2503 3672 38 33 in
2557 3671 126 46 nearly
2702 3671 65 35 the
2783 3672 200 47 following

1661 3739 119 27 terms.

1753 3778 59 32 Sir
1830 3774 143 37 Arthur
1994 3768 358 47 Wellesley—After
2369 3767 60 35 the
2446 3771 125 28 events
2588 3765 44 33 of
2647 3767 63 35 the
2725 3767 72 34 last
2816 3777 105 34 year,
2952 3770 28 30 it

1661 3835 74 24 was
1750 3822 213 47 impossible
1981 3820 59 40 for
2057 3819 72 33 this
2150 3819 137 39 House,
2306 3827 46 25 on
2378 3817 45 32 its
2438 3814 234 44 assembling,
2698 3819 65 28 not
2794 3821 35 27 to
2862 3814 120 37 direct

1659 3874 46 34 its
1722 3873 145 33 earliest
1884 3868 178 35 attention
2083 3873 35 26 to
2139 3867 60 32 the
2213 3863 164 46 splendid
2395 3863 156 33 services
2571 3860 207 45 performed
2815 3863 34 33 in
2882 3862 98 34 Por.

1661 3920 99 43 tugal
1778 3920 47 41 by
1843 3917 63 33 the
1922 3926 104 32 army
2047 3913 111 35 under
2174 3922 92 33 your
2285 3911 184 34 command
2485 3921 11 27 ;
2522 3915 72 27 and
2611 3908 130 34 amidst
2760 3909 83 33 that
2856 3908 102 34 div:r-

1659 3969 71 45 sity
1749 3964 44 35 of
1801 3964 154 48 opinion
1974 3973 30 21 w
2014 3961 86 34 hich
2117 3961 113 33 exists
2245 3970 46 24 on
2307 3960 133 33 almost
2456 3967 110 34 every
2596 3956 115 46 topic,
2737 3957 64 32 the
2819 3957 103 33 voice
2939 3967 26 26 •

1661 4016 61 33 the
1741 4013 143 46 public,
1903 4012 70 33 and
1991 4010 43 34 of
2047 4007 74 35 this
2134 4007 141 39 House,
2295 4007 64 33 has
2376 4007 86 32 been
2476 4003 213 35 unanimous
2721 4003 37 34 in
2786 4015 106 25 away

1664 4069 34 28 to
1714 4071 96 37 your
1826 4056 431 47 distinguishedserviees
2274 4054 63 34 the
2353 4054 137 33 tribute
2507 4051 45 34 of
2567 4052 181 44 applause
2776 4050 73 34 and
2864 4054 109 41 ge.tti.

1661 4106 265 46 tude—(hear!
1952 4108 86 31 hear
2053 4103 130 43 !)-.lt
2202 4103 28 33 is
2246 4110 93 35 your
2360 4101 165 45 peculiar
2544 4100 125 45 praise
2685 4106 38 26 to
2754 4097 96 34 have
2885 4110 76 25 •:oog

1663 4157 151 35 manded
1831 4160 64 31 out
1913 4153 85 46 only
2016 4152 61 35 the
2290 4150 65 33 but
2369 4148 60 35 the
2447 4148 122 33 hearts
2582 4144 44 38 of
2639 4144 61 37 the
2718 4152 113 40 troop
2897 4148 63 35 ilk

1174 96 145 56 THE
1354 98 374 54 NATIONAL
1763 100 374 53 REGISTER.

1222 163 9 11 4

1676 246 133 45 rierity
1826 246 137 37 flowed
1985 247 96 37 from
2106 260 70 24 our
2192 250 76 34 free
2300 252 253 39 constitution,
2582 248 120 35 which
2734 249 203 41 implanted
2956 249 37 31 in

1676 293 59 35 the
1768 294 112 35 minds
1894 293 46 37 of
1950 305 112 35 every
2095 296 143 46 subject
2268 298 77 34 that
2372 298 139 34 natural
2544 295 240 35 enthusiastic
2817 304 175 33 courage,

1676 340 120 35 which
1817 341 174 34 rendered
2006 344 65 34 the
2089 345 280 44 inexperienced
2396 345 172 46 superior
2595 352 38 26 to
2666 343 61 33 the
2747 346 92 30 most
2859 340 131 34 skilful

1675 389 41 32 of
1731 398 65 25 our
1828 389 219 37 eueuties.—
2086 393 69 41 hey
2189 392 156 45 proved,
2370 394 78 33 that
2481 398 98 27 meet
2614 390 122 35 where
2770 399 54 21 we
2852 387 138 41 would,

1672 436 111 33 under
1799 435 220 46 advantages
2035 448 43 24 or
2094 439 289 45 disadvantages,
2412 439 167 33 whether
2604 439 34 33 in
2667 437 177 43 infantry,
2874 437 33 31 iu
2931 445 40 21 ar-

1674 483 142 43 tillery,
1844 493 39 26 as
1904 485 89 33 was
1993 484 124 34 :hewn
2144 493 38 26 at
2215 487 133 33 Vituiei
2432 497 44 25 or
2504 485 37 33 in
2574 485 168 43 cavalry,
2759 496 38 20 as
2828 487 60 28 the
2921 483 71 32 last

1672 531 191 43 campaign
1884 531 35 33 in
1949 533 115 43 Spain
2088 539 93 28 most
2196 533 189 46 decidedly
2405 534 168 38 evinced,
2598 534 61 32 the
2688 530 137 34 British
2976 539 19 24 r

1671 578 107 33 could
1799 578 175 33 maintain
1996 581 61 33 the
2074 591 97 24 same
2186 582 223 44 superiority
2430 592 89 22 over
2535 589 69 25 our
2621 579 86 33 foes.
2764 578 58 32 Ile
2841 578 61 32 did
2923 581 69 28 not

1656 622 107 35 `wish
1775 630 38 28 to
1822 630 102 28 enter
1937 628 76 32 into
2021 637 24 24 a
2054 630 206 41 particular
2269 630 70 32 and
2352 627 285 35 circumstantial
2648 626 111 33 detail
2774 624 44 32 of
2826 625 56 32 Ike
2894 634 73 21 cam-

1671 672 107 43 paign
1795 672 34 32 in
1847 672 195 45 kortugal,
2061 679 64 28 but
2141 676 26 32 it
2181 676 117 32 would
2316 677 41 32 be
2378 676 115 45 unjust
2510 681 63 26 not
2593 680 35 26 to
2641 673 69 32 call
2730 673 64 31 the
2807 669 182 38 attentiou

1670 716 46 35 of
1727 719 61 33 the
1809 716 124 38 /louse
1952 728 37 26 to
2008 720 63 33 the
2087 720 162 45 splendid
2267 723 124 33 action
2409 722 207 45 performed
2636 729 43 24 on
2700 719 60 33 the
2776 716 99 35 17ib.
2904 718 85 34 The

1669 775 124 35 enemy
1809 768 99 32 were
1919 767 125 35 driven
2060 767 93 35 from
2165 780 67 25 one
2246 769 43 32 of
2300 771 60 32 the
2376 775 176 37 strougcst
2572 769 175 43 positions
2764 767 80 32 that
2856 775 22 24 a
2890 765 67 34 bod
2965 774 25 34 y

1668 811 43 33 of
1724 821 125 37 troops
1864 813 105 35 could
1984 826 159 34 occupy,
2161 817 66 32 and
2248 826 43 25 ail
2310 824 138 26 eariwst
2466 817 107 43 given
2594 816 45 31 of
2663 819 97 27 what
2818 821 37 24 as
2872 811 97 33 after-

1670 862 116 32 wards
1804 862 163 34 realized
1987 862 34 32 in
2042 862 60 34 the
2122 852 178 46 iriftnortal
2322 865 115 32 battle
2452 865 43 32 of
2506 865 63 32 the
2587 862 91 33 21st.
2712 861 57 32 lle
2792 860 135 33 wished
2946 863 41 28 to

1667 907 45 34 he
1728 907 180 46 perfectly
1928 908 229 45 understood,
2176 909 37 33 in
2229 911 61 34 the
2311 912 142 32 Motion
2470 911 44 32 he
2528 908 130 34 should
2676 909 93 31 have
2781 913 37 27 to
2837 906 149 39 submit,

1664 961 63 27 not
1744 961 37 27 to
1799 956 120 33 intend
1939 956 58 33 the
2016 957 165 44 slightest
2206 958 197 44 disrespect
2432 959 159 31 towards
2626 957 59 32 Sir
2719 953 50 37 H.
2800 952 177 34 littrrard.

1667 1002 63 33 All
1746 1002 60 34 the
1826 1004 165 43 military
2010 1003 106 33 merit
2134 1005 41 32 of
2189 1005 70 34 this
2280 1004 201 44 Campaign
2502 1015 73 22 was
2598 1004 57 31 Sir
2673 1002 47 35 A.
2741 996 242 47 Wellesle:,'s•

1665 1044 60 38 He
1752 1049 197 35 concluded
1968 1050 47 43 by
2036 1051 143 44 moving
2192 1063 22 21 a
2235 1050 98 35 Vote
2347 1052 43 33 of
2402 1051 151 34 Thanks
2572 1058 39 24 to
2629 1050 56 33 Sir
2704 1050 47 31 A.
2773 1048 211 44 Wellesley,

1662 1097 69 33 and
1741 1093 74 50 jthe
1835 1094 236 47 Olfieersiand
2092 1107 77 25 men
2185 1098 111 33 under
2314 1095 279 48 hisleommand,
2610 1096 56 33 fur
2683 1097 59 31 the
2760 1096 105 40 skiil,
2880 1094 89 33 disci-

1664 1144 112 43 pline,
1795 1144 70 33 and
1885 1144 155 44 bravery
2059 1144 193 45 displayed
2282 1156 46 22 on
2357 1147 60 33 the
2438 1143 83 37 17th
2556 1144 43 33 of
2615 1144 154 39 An,zust,
2792 1144 33 30 in
2842 1143 142 41 forcing

1662 1191 60 33 the
1740 1189 142 37 French
1902 1198 112 38 posts,
2040 1192 70 32 and
2130 1204 43 21 on
2192 1194 58 32 the
2267 1194 93 38 21st,
2378 1201 38 24 at
2435 1195 58 31 time
2515 1191 117 33 battle
2650 1191 40 30 of
2709 1191 21 32 V
2743 1191 146 32 imiera.

1709 1237 73 34 Mr.
1804 1237 295 43 SVHITUREAU,
2124 1238 96 35 after
2237 1241 133 43 having
2382 1238 194 44 expresFed
2598 1239 53 30 his
2670 1235 222 46 unmodified
2911 1245 46 34 ap-

1662 1284 195 44 probation
1887 1285 46 33 of
1963 1287 59 32 the
2057 1296 159 35 prowess
2235 1289 69 31 and
2337 1289 182 41 gallantry
2541 1286 43 32 of
2615 1285 56 32 Sir
2691 1287 47 30 A.
2767 1286 28 27 11
2811 1286 78 30 gale'
2903 1284 77 38 lev,

1659 1333 242 33 nevertheless
1919 1342 79 25 rose
2016 1338 37 26 to
2074 1343 102 24 move
2209 1342 37 25 to
2267 1336 106 31 insert
2405 1336 32 31 in
2456 1336 60 31 the
2544 1333 152 34 motion,
2726 1319 252 53 onnottliateiy

1659 1380 125 34 before
1796 1380 61 35 the
1876 1390 104 22 name
1996 1380 43 33 of
2054 1380 60 33 Sir
2134 1381 46 33 A.
2207 1380 209 45 Wellesley.
2443 1381 77 32 that
2542 1380 40 33 of
2598 1380 58 31 Sir
2679 1380 47 32 H.
2754 1377 176 33 13rirrard.

1707 1427 77 33 The
1804 1429 302 32 CitANCCLLOR
2121 1426 41 34 of
2176 1428 59 34 the
2252 1430 275 38 kACkiLyilkAt
2549 1426 167 44 objected
2732 1424 193 43 decidedly
2942 1430 35 26 to

1659 1473 72 34 this
1750 1474 242 34 amendment.

3281 0 120 73 NM

3228 119 31 28 4.A
