3425 4543
351 106 357 107 THE
830 107 892 119 NATIONAL
1835 109 935 117 REGISTER.

1702 338 5 5 .
1772 338 6 5 .

1098 343 113 53 Our
1234 346 132 56 Zing,
1393 352 333 47 eataitution.
1749 356 89 40 anti
1865 348 167 51 tato.

996 506 432 69 SUNDAY,
1491 511 308 57 APRIL
1845 509 81 64 16,
1980 506 157 59 1809.

198 501 110 57 No.
335 501 90 57 68.

418 676 376 45 .POLITICAL
827 677 481 52 DISQUISITION.

630 833 187 26 NUMBER
849 831 253 28 SIXTY-SIX.

429 921 154 51 LARD
613 921 265 40 VISCOUNT
900 925 417 64 CASTLERLAGII:

381 1028 120 39 Infamy
514 1033 81 26 must
607 1029 105 30 attich
725 1028 184 31 somewhere
922 1037 40 21 on,
973 1029 52 31 the
1036 1037 128 24 accuser
1175 1039 35 20 or

252 1121 39 44 It
309 1120 99 41 does
435 1120 141 40 attach
596 1117 182 53 strongly
801 1115 80 43 and
902 1119 189 52 indelibly
1111 1126 44 34 to
1178 1121 69 40 the
1267 1134 167 38 persons
1460 1120 92 41 who

201 1179 106 57 !lave
324 1183 167 44 merited
514 1182 31 39 it
559 1198 12 24 :
604 1180 96 45 and,
720 1179 84 39 like
826 1180 241 40 the•harbed
1085 1194 150 33 arrow,
1263 1183 71 39 the
1355 1196 113 26 more
1494 1182 40 40 ef-

201 1243 107 72 forts
327 1258 70 27 are
418 1244 117 39 made
552 1250 45 33 to
617 1248 162 33 extract
800 1243 48 46 it,
879 1243 70 39 the
969 1243 123 39 faster
1113 1245 31 38 it
1173 1244 139 47 sticks,
1343 1247 70 39 the
1440 1258 116 28 more

201 1302 209 45 incurable
423 1307 30 39 it
470 1307 159 39 renders
646 1306 69 37 the
730 1304 144 40 wound
888 1312 100 41 4--r,
1005 1305 156 41 17aeret
1175 1309 157 38 lethalis

207 1369 74 48 Let
302 1370 67 48 the
386 1368 203 40 infamous
617 1367 57 52 fly
698 1367 104 39 from
831 1365 91 40 that
954 1371 254 48 community
1241 1369 105 40 their
1378 1369 178 41 conduct

207 1420 73 51 has
308 1430 272 47 dishonoured
601 1444 11 30 ;
645 1429 76 45 and
755 1431 87 37 into
880 1428 206 41 whatever
1119 1428 130 41 haunt
1281 1444 24 25 a
1337 1431 217 39 distracted

178 1491 5 57 -
206 1494 250 40 conscience,
475 1491 78 39 and
574 1491 72 39 the
661 1492 261 44 exacrations
933 1491 54 39 of
998 1491 107 39 their
1124 1491 325 43 fellow-citizens
1465 1508 90 39 may

200 1556 119 51 drive
339 1556 131 46 them,
500 1554 96 53 they
618 1567 118 39 carry
761 1554 98 39 with
894 1553 113 53 them
1031 1569 47 24 an
1114 1556 285 53 excruciating
1434 1558 123 52 sting,

204 1616 131 41 which
358 1616 79 40 will
456 1612 144 43 *render
618 1615 176 41 solitude
814 1615 259 41 intolerable.
1130 1618 99 38 This
1244 1618 32 38 is
1289 1619 67 38 the
1375 1618 181 52 triumph

204 1678 52 52 of
270 1678 241 40 retributive
524 1678 154 52 justice
697 1695 12 28 ;
736 1678 77 40 and
840 1693 58 25 we
915 1678 91 40 bow
1028 1680 118 39 down
1169 1680 38 39 in
1228 1672 132 54 silent,
1384 1689 151 45 respect-

204 1740 60 41 ful
286 1740 269 48 admiration,
588 1746 41 34 at
651 1734 70 46 the
736 1740 292 53 dispensations
1056 1742 51 39 of
1134 1735 286 56 that'Powta,
1452 1744 106 46 who,

208 1801 252 54 ultimately,
482 1804 191 39 however
690 1802 158 53 slowly,
869 1817 125 39 never
1013 1804 92 39 fails
1121 1809 44 34 to
1180 1804 138 40 detect
1336 1805 223 41 dishonour

206 1864 78 53 and
312 1870 43 34 to
374 1864 111 40 clear
506 1866 236 38 innocence.
798 1864 91 41 The
919 1878 187 28 menaces
1139 1866 77 45 and
1253 1866 142 40 insults
1429 1867 128 40 which

206 1936 107 31 were
331 1928 91 39 Weld
443 1933 74 33 out
539 1933 44 33 to
608 1929 76 39 Mr.
707 1924 211 50 WARDLE,
948 1928 106 40 have
1077 1928 119 40 made
1235 1943 53 24 no
1319 1929 236 51 impression

204 2000 54 26 on
280 2000 22 27 a
317 1988 141 40 bosom
475 1989 141 40 armed
637 1991 96 38 with
751 1990 221 53 integrity;
1005 1990 74 40 but
1100 1991 96 52 they
1230 1977 105 53 have
1367 1993 167 39 reverbe-

206 2048 116 59 rated
343 2052 93 45 with
458 2049 157 41 tenfold
639 2049 183 43 violence
842 2065 53 26 on
917 2049 72 41 the
1017 2065 164 39 persons
1202 2052 91 40 who
1311 2053 77 39 had
1409 2054 69 39 the
1498 2060 41 34 at-

206 2111 150 53 trocity
379 2118 44 37 to
458 2119 84 35 cast
570 2115 131 39 them.
757 2115 90 57 The
878 2127 116 27 more
1013 2128 58 26 we
1093 2111 139 51 reflect
1252 2130 52 26 on
1328 2117 80 39 this
1429 2118 130 38 entire

203 2158 195 63 business,
428 2176 71 39 the
527 2189 117 27 more
669 2172 60 44 We
748 2189 70 27 are
839 2177 231 40 astonished
1097 2178 77 39 and
1207 2169 229 60 indignant.
1472 2179 87 39 The

203 2246 183 45 persons,
424 2236 94 41 who
539 2250 104 28 were
681 2244 107 34 most
814 2239 117 52 noisy
966 2239 77 39 and
1076 2239 305 53 brow-heating
1410 2254 53 26 on
1491 2241 70 40 the

203 2293 214 52 occasion,
446 2298 92 40 who
566 2298 214 53 expressed
809 2300 72 39 the
909 2306 181 46 greatest
1123 2301 257 52 indignation
1411 2306 44 35 at
1491 2303 70 40 the

204 2357 90 40 idea
317 2357 52 41 of
394 2355 22 43 a
439 2372 144 40 person
607 2361 97 51 high
726 2361 37 38 in
785 2362 119 39 office
932 2359 123 56 being
1084 2362 130 54 guilty
1239 2363 50 39 of
1302 2365 255 52 corruption,

206 2432 50 26 or
274 2421 268 44 connivskoet,
568 2420 113 40 lave
710 2422 128 39 added
860 2422 213 53 hypocrisy
1097 2430 45 33 to
1165 2424 215 48 insolence,
1409 2427 128 39 effron-

198 2484 98 50 tery
318 2486 46 34 to
383 2477 198 54 falsebOod
581 2477 22 54 .
604 2477 22 54 ;
658 2481 65 40 for
754 2487 91 46 they
876 2484 117 40 knew
1015 2484 73 39 but
1109 2489 72 34 too
1204 2486 104 47 well,
1339 2487 87 39 that
1450 2502 106 33 men,

206 2541 131 52 filling
351 2542 72 40 the
441 2543 159 53 highest
619 2545 219 40 ostensible
857 2546 230 45 situations,
1119 2545 106 40 have
1247 2542 99 46 been
1367 2548 130 53 guilty
1514 2551 48 38 of

2649 500 185 56 PRICE
2858 501 93 58 94.

1616 656 106 41 vicei
1748 661 105 39 Lord
1884 663 227 39 CLANCART
2120 673 24 25 T
2180 660 71 37 has
2285 659 190 38 rendered
2505 661 67 33 the
2601 657 189 50 corintry,
2790 656 2 51 ,
2824 663 129 34 Hn.ctl

1613 720 119 39 could
1762 722 144 40 induce
1939 722 60 39 his
2020 728 146 46 patron
2190 728 41 31 to
2263 719 276 50 compromise
2574 717 176 40 himself,
2779 719 178 51 degrade

1615 782 67 38 the
1706 783 197 45 Ministet,
1931 784 74 38 and
2035 784 146 39 vicila'e
2200 785 66 35 the
2283 782 291 41 Constitution,
2606 780 37 37 in
2665 780 118 37 order
2798 787 41 32 to
2861 794 71 38 pro-

1615 855 97 28 cure
1742 844 81 39 him
1852 857 21 26 a
1894 852 85 33 seat
1997 846 40 38 in
2061 844 262 39 Parliament.
2383 843 40 39 IF
2444 842 50 39 he
2524 840 51 40 be
2606 852 24 26 a
2662 840 226 39 Nobleman
2911 839 52 39 of

1615 905 96 41 such
1750 909 266 47 conspicuous
2048 908 119 37 merit
2194 902 77 41 and
2302 904 213 52 integrity,
2546 904 30 39 it
2597 902 132 39 would
2759 901 197 52 certainly

1617 967 50 39 be
1685 969 178 51 possible
1876 972 46 35 to
1943 961 119 58 enjoy
2083 969 67 39 the
2172 966 151 41 benefit
2343 966 50 40 of
2408 967 60 37 his
2489 964 146 39 talents
2657 963 73 39 ankl
2756 970 131 33 virtue
2919 965 39 38 in

1617 1026 67 46 the
1704 1030 163 43 Senate,
1894 1030 174 37 without
2088 1039 193 40 pursu.ng
2302 1039 44 27 do
2373 1028 109 52 dang
2487 1041 19 21 e
2512 1037 93 28 rous
2637 1026 77 37 and
2743 1028 191 50 reprehen-

1617 1088 99 40 sible
1737 1102 24 25 a
1793 1102 141 28 course
1959 1102 44 26 as
2033 1089 71 38 has
2139 1091 96 38 been
2262 1089 165 41 chosen.
2484 1088 87 39 The
2603 1085 175 44 electors
2810 1087 48 37 of
2885 1085 72 40 the

1619 1149 145 40 United
1779 1150 206 53 Kingdom
2006 1162 71 28 are
2104 1156 72 34 wit
2194 1163 43 27 so
2256 1150 227 40 indifferent
2502 1154 43 35 to
2565 1160 20 27 a
2606 1148 154 53 display
2777 1147 50 39 of
2838 1154 122 47 great

1618 1211 202 53 qualities,
1837 1225 44 27 as
1899 1217 45 34 to
1956 1211 202 41 overlook
2171 1212 109 39 them
2302 1214 39 37 in
2359 1211 70 41 the
2441 1224 90 27 case
2551 1214 41 37 of
2616 1213 78 35 tf.;l
2709 1202 248 47 Nobleman.

1620 1276 77 38 But
1719 1273 37 40 if
1770 1274 50 39 he
1840 1276 210 51 happened
2069 1280 40 33 to
2127 1285 151 40 possess
2297 1287 53 25 no
2370 1274 120 39 other
2507 1274 228 50 pretension
2757 1277 45 35 to
2820 1287 44 24 so
2881 1273 60 39 dis-

1622 1335 229 53 tinguished
1881 1349 50 26 au
1961 1336 176 45 honour,
2169 1337 96 35 than
2298 1348 26 26 a
2352 1335 146 39 servile
2520 1335 287 51 acquiescence
2831 1337 37 35 in
2891 1333 71 40 the

1623 1398 116 39 views
1765 1398 52 39 of
1841 1397 69 40 the
1943 1398 185 40 Minister
2146 1397 93 38 svho
2261 1397 234 52 patronized
2516 1390 198 45 tiini—ne
2743 1407 94 40 may
2858 1397 99 39 then

1622 1459 104 40 have
1744 1472 112 27 some
1877 1457 87 41 idea
1984 1459 48 39 of
2048 1461 67 35 the
2133 1454 237 56 magnitude
2383 1460 77 37 and
2474 1457 154 52 danger
2647 1457 48 40 of
2711 1459 69 38 the
2799 1457 161 46 abuses,

1620 1522 131 39 which
1769 1522 174 53 degrade
1963 1521 70 40 the
2047 1521 341 47 administration,
2407 1521 73 38 and
2498 1532 159 27 menace
2673 1514 67 44 the
2756 1532 208 30 existence

1620 1581 50 41 of
1683 1584 70 40 the
1770 1591 189 44 country.
2017 1584 74 39 We
2112 1584 123 40 never
2254 1583 249 41 entertained
2524 1577 22 44 a
2572 1594 91 39 very
2685 1584 162 37 exalted
2868 1587 71 46 opi-

1623 1648 90 39 nion
1737 1646 50 39 of
1805 1646 102 40 Lord
1924 1649 343 47 CASTAA.REAGWS
2302 1643 227 54 principles,
2561 1644 78 38 aid
2673 1646 117 41 have,
2825 1646 116 38 there-

1622 1708 104 46 fore,
1744 1720 124 30 never
1881 1710 99 37 been
1997 1710 119 37 much
2140 1701 249 46 astonished.
2408 1720 73 25 nor
2500 1707 92 38 evil-
2613 1706 200 39 offended.
2830 1713 40 32 at
2891 1707 73 39 the

1625 1779 90 44 part
1736 1770 51 39 he
1805 1765 73 45 has
1894 1769 217 52 uniform)y
2138 1768 145 54 payed
2307 1763 38 45 in
2365 1769 136 52 pub!ic
2641 1768 74 37 but
2732 1780 57 26 we
2810 1774 132 45 regret-

1625 1833 81 45 ted,
1739 1832 77 39 and
1833 1830 263 45 condemned,
2126 1831 78 39 and
2226 1839 104 45 wept
2354 1833 37 35 in
2409 1831 163 43 silence.
2601 1827 17 41 O
2617 1827 17 41 ,
2634 1827 67 41 .:er
2730 1834 69 34 tne
2830 1832 112 47 preju-

1624 1890 106 45 dice's
1744 1894 78 39 and
1839 1894 204 52 obstinacy
2065 1893 126 39 which
2215 1894 65 39 obi
2291 1893 122 39 ruded
2430 1891 39 39 lii
2507 1891 196 51 Lordship
2720 1891 83 37 into
2823 1902 24 27 a
2862 1889 106 40 rank

1626 1958 50 40 he
1710 1958 47 43 is,
1783 1958 38 37 in
1852 1969 53 26 no
1928 1969 78 27 one
2026 1968 126 33 sense,
2183 1955 194 52 qualified
2408 1959 41 33 to
2485 1954 70 39 fill.
2611 1955 74 37 We
2715 1964 123 27 never
2859 1965 111 26 were

1624 2019 167 40 dazzled
1812 2019 52 52 by
1887 2019 65 39 the
1980 2019 239 52 splendour,
2248 2031 72 25 nor
2342 2017 167 40 amazed
2536 2015 39 39 at
2603 2015 341 52 the-comprehen-

1624 2081 171 39 siveness
1822 2080 52 40 of
1900 2080 58 39 his
1990 2082 141 51 genius
2146 2096 11 26 ;
2190 2081 74 38 but
2283 2092 61 27 we
2368 2079 67 39 did
2458 2083 86 37 not,
2572 2083 43 33 at
2636 2078 71 39 the
2725 2074 109 43 same
2854 2079 117 43 time,

1623 2143 201 40 entertain
1846 2143 89 39 that
1950 2141 293 52 contemptible
2258 2141 138 39 notion
2430 2141 47 38 of
2494 2141 57 38 his
2572 2138 203 54 prudence
2797 2139 76 39 and
2896 2153 50 26 un-

1624 2204 275 52 derstanding,
1928 2216 41 28 as
1989 2209 44 33 to
2054 2204 118 38 think
2204 2204 48 37 he
2285 2203 132 40 Avouid
2450 2203 139 51 betray
2621 2203 97 38 such
2752 2203 222 50 ignorance

1624 2267 76 39 and
1721 2265 210 53 contempt
1948 2267 51 39 of
2014 2265 66 40 the
2104 2267 299 45 Constitution,
2433 2278 43 26 as
2497 2264 50 40 he
2564 2261 237 43 manifested
2820 2264 152 53 during

1624 2329 87 39 that
1734 2328 202 40 infamous
1948 2323 273 44 transaction.

1674 2391 61 43 Tit
1736 2392 139 57 *base
1893 2391 93 39 herd
2009 2391 50 38 of
2074 2391 176 51 i;arking
2270 2388 211 44 wretches,
2513 2387 91 39 who
2624 2386 142 54 cringe
2781 2385 76 41 and
2880 2399 92 43 wag

1623 2457 44 34 to
1683 2466 124 40 every
1828 2465 91 27 man
1939 2453 91 37 who
2049 2452 70 38 tins
2143 2452 69 38 the
2230 2451 122 38 distri!
2352 2451 17 38 -
2368 2451 124 38 ;otiott
2513 2448 47 40 of
2574 2447 241 41 tninisterial
2833 2448 142 40 loaiTe

1623 2515 77 39 and
1723 2515 132 41 fishes,
1874 2515 100 38 halve
1996 2515 98 51 kept
2118 2528 71 38 up,
2209 2512 65 39 for
2290 2524 132 41 years,
2448 2525 48 24 an
2519 2512 219 51 unceasing
2756 2511 66 39 din
2843 2510 132 43 about

3247 2089 20 41 ,1

3350 680 37 70 Yr
3405 680 15 70 4

206 2571 129 21 saitiug
353 2571 70 11 IMO
441 2571 159 25 1116111:31.
619 2571 145 12 USICUSI
774 2571 64 14 MC
857 2571 230 20 SILUiLLRHIS,
1119 2571 73 14 iia%
1204 2571 21 14 c
1248 2571 98 17 'men
1367 2571 130 31 gouty
1514 2571 44 18 Of
2817 2574 6 6 .
3282 2582 7 14 ‘

1708 2574 588 40 e
2296 2577 236 48 conspiracy
2552 2572 158 53 against
2730 2574 69 39 the
2815 2580 162 34 inst:tu-

202 2604 73 53 the
289 2611 177 46 grossest
488 2604 298 54 malpractices.
844 2608 90 39 The
956 2621 143 26 reason
1120 2607 32 40 is
1175 2609 138 53 tinaliy
1335 2624 28 26 c
1363 2624 30 26 o
1393 2624 30 26 m
1422 2624 30 26 e
1467 2619 90 40 out,
1623 2575 70 39 the
1740 2576 177 38 xistence
1946 2575 48 38 of
2010 2588 22 24 a
2049 2576 231 50 dangerous

1625 2643 105 32 done
1750 2637 50 39 of
1809 2636 71 40 the,
1897 2641 187 34 country.
2141 2636 125 39 Their
2281 2635 188 39 clamour
2491 2635 69 38 his
2581 2636 99 39 been
2704 2640 72 33 too
2792 2634 181 52 severely

202 2666 94 53 why
313 2668 98 39 such
433 2681 24 25 a
477 2666 159 48 horrid,
670 2668 195 53 stunning
894 2669 80 52 yell
1010 2683 78 26 was
1108 2670 102 52 kept
1241 2685 60 39 up,
1344 2673 113 39 when
1487 2674 47 40 th
1534 2674 24 40 e

202 2730 120 50 torch
345 2728 50 40 of
410 2730 178 39 investi
588 2731 113 38 ation
719 2744 76 25 was
811 2732 182 39 brouht
1015 2746 97 25 near
1131 2733 72 39 the
1222 2733 76 39 den
1320 2733 47 39 of
1388 2737 234 53 corrup
1622 2699 268 45 condemned,
1909 2699 76 39 and
2001 2699 105 38 their
2121 2699 141 39 advice
2280 2696 299 52 inadvertently
2594 2695 171 53 sl:ghied
2784 2713 8 21 :
2823 2699 31 37 It
2876 2696 100 39 dues

557 2724 360 58 g
918 2732 625 51 g
1543 2758 14 8 -

1625 2760 307 41 unfortunately
1952 2760 120 45 exist,
2104 2760 77 39 and
2215 2766 43 39 tts
1178 2773 1129 25 so
2308 2571 14 309 1
2354 2759 202 51 alarming
2587 2772 50 25 an
2667 2763 155 40 extent,
2852 2772 44 26 as
2927 2764 45 34 to
206 2791 103 39 lion.
365 2791 89 40 The
472 2792 172 39 hideous
660 2791 158 56 ghastly
842 2800 177 44 spectre's
1039 2793 50 40 of
1093 2796 248 50 jaeobinism
1364 2799 77 37 and
1461 2804 96 34 Con-
2006 2571 5 309 ,

3287 2823 9 6 -

1626 2823 99 38 raise
1746 2836 97 28 very
1854 2820 227 54 justifiable
2100 2823 131 38 doubt
2233 2835 17 24 s
2269 2820 131 39 about
2421 2820 67 41 the
2511 2820 246 52 prole..bility
2780 2820 47 38 of
2839 2822 133 39 res:st-

201 2854 163 52 spiracy
386 2867 105 26 were
520 2854 56 39 let
596 2854 128 47 loose,
746 2859 41 34 to
810 2856 141 52 terriry
974 2856 67 40 the
1064 2856 96 40 bold
1180 2855 250 44 adventurer
1452 2861 104 41 from
1626 2885 6 7 •
1714 2885 31 39 it

1625 2885 40 38 in
1667 2898 26 14 e•
1765 2898 152 26 success
1941 2898 21 25 u
2029 2911 9 11 •
1894 2884 46 38 ••f
1969 2883 25 40 ll
2099 2885 111 40 They
2235 2877 105 46 were
2368 2882 133 64 partly
2526 2883 35 38 in
2593 2882 69 39 the
2687 2888 123 33 sweet
2828 2898 12 27 ;
2871 2884 100 52 they
3253 2898 38 53 *',

203 2916 285 52 approaching
509 2916 142 45 ;—the
672 2916 103 52 light
789 2917 189 40 reflected
994 2931 52 39 on
1065 2931 77 27 one
1157 2933 144 45 recess,
1317 2922 132 53 might
1470 2923 87 41 illu-

6 2919 4 78 .
35 2946 13 34 4
1628 2919 206 69 wrtnessed
1852 2931 72 54 the
1936 2936 65 50 ma
2004 2946 250 46 chinations;
1998 2927 13 9 -
2290 2946 94 51 they
2407 2944 105 40 ware
2531 2933 216 64 emPloyed
2766 2957 41 25 as
2828 2944 69 39 the
2913 2959 61 25 se-

206 2982 111 38 mine
330 2981 73 41 the
420 2989 149 33 secrete
588 2982 52 41 of
656 2983 69 39 the
744 2988 94 35 rest.

1625 3009 178 45 condary
1837 3015 167 46 agents;
2036 3008 73 40 but
2135 3004 96 46 they
2261 3006 171 53 artliilly
2452 3005 216 47 concealed
2695 3006 48 40 its
2774 3005 203 54 tendency

43 3043 1 78 •
260 3043 106 39 Who
387 3057 71 26 are
478 3058 89 26 now
594 3045 71 39 the
697 3046 291 53 conspirators,
1018 3047 69 40 the
1100 3048 348 51 jacobins;—the
1468 3065 91 27 ene-
1626 3073 76 38 and
1724 3073 180 37 authors.
1963 3070 89 39 The
2080 3069 128 39 alarm
2237 3081 80 26 was
2337 3069 242 51 reprobated
2615 3067 52 53 by
2691 3065 70 43 the
2781 3067 196 53 thinking
3270 3043 5 78 •

206 3105 103 40 plies
322 3105 51 40 of
386 3107 71 39 the
478 3107 167 40 Throne
666 3107 78 39 and
763 3107 154 53 people
935 3111 14 35 ?
990 3111 103 38 Who
1116 3112 237 39 undermine
1372 3113 70 40 the
1457 3117 104 38 Con-
1628 3135 74 38 and
1734 3133 159 46 honest,
1932 3146 44 25 as
2011 3131 94 44 only
2135 3130 282 52 contribtit;rg
2452 3136 43 33 to
2532 3130 137 39 excite
2709 3124 268 59 unnecessary

206 3163 208 53 ititution,
443 3168 78 41 and
550 3170 281 40 contaminate
859 3171 51 39 its
943 3178 106 32 most
1070 3172 99 39 vital
1201 3178 139 47 parts?
1398 3177 165 39 Answer
1628 3197 163 39 anxiety
1811 3211 12 30 ;
1856 3194 122 40 whilst
2004 3194 69 39 the
2088 3194 275 53 conspirators
2386 3187 105 45 were
2503 3191 178 53 beeping
2694 3191 145 52 faggot
2863 3219 33 24 i
2897 3204 80 26 wont

206 3228 93 40 that
311 3230 204 51 question,
533 3243 66 40 my
619 3231 107 40 Lord
741 3231 309 41 CASTLEREAGII
1070 3239 9 33 !
1102 3248 83 38 you
1204 3248 69 25 are
1285 3235 113 41 silent
1416 3253 11 28 ;
1448 3239 113 52 quite
3344 3228 4 63 .

1629 3259 80 43 fars-
1709 3259 32 43 ,,
1741 3259 50 43 0t,
1822 3257 145 39 addincr
1985 3257 79 37 ode
2086 3256 109 53 pitch
2219 3250 130 43 barre!
2365 3261 43 34 to
2427 3256 191 43 another,
2642 3253 100 51 until
2761 3265 110 30 some
2888 3265 90 27 mo-

1670 3292 52 19 ts,
1942 3291 22 19 n

206 3291 278 51 chop-fallen!
542 3296 83 38 Not
647 3308 24 24 a
690 3295 261 52 subterfuge,
981 3302 70 33 not
1072 3311 105 26 even
1198 3309 25 26 a
1241 3299 220 52 sophistry,
1492 3307 71 33 not

3260 3262 18 130 .i

1628 3321 94 38 dern
1744 3322 91 51 Guy
1857 3321 111 37 Faux
1997 3318 143 40 should
2169 3318 50 38 be
2241 3317 124 45 found
2400 3322 43 33 to
2474 3320 61 35 set
2557 3315 74 40 fire
2653 3322 41 33 to
2718 3317 67 39 the
2817 3315 163 40 noblest
3352 3190 71 280 1

207 3364 25 38 a
252 3352 129 52 single
396 3354 110 39 word
527 3359 44 35 at
591 3369 105 39 your
711 3358 236 45 command,
966 3363 56 34 .to
1038 3361 204 38 extricate
1263 3367 81 46 yOu
1367 3361 106 40 from
1495 3366 69 33 the

1631 3392 239 33 monument
1886 3397 92 27 ever
1997 3383 158 41 erected
2179 3384 50 52 by
2252 3384 125 39 thew
2383 3381 128 39 Aion
2528 3381 78 39 and
2639 3381 132 38 *galas
2792 3381 47 39 of
2865 3394 111 39 ages.

206 3415 209 51 dilemma.
478 3417 99 39 How
592 3417 175 41 abashed
782 3418 98 41 does
896 3433 24 26 a
939 3420 21 52 g
960 3420 22 52 u
983 3420 90 52 ilty
1089 3422 254 40 conscience.
1365 3436 46 25 or
1429 3423 135 39 rather
3361 3415 1 58 •
3392 3415 2 58 .

1633 3448 27 38 A
1684 3446 123 40 select
1839 3446 237 39 cominit!ee
2107 3446 47 39 of
2178 3445 116 40 those
2329 3444 195 39 wretches
2551 3449 60 33 sat
2644 3448 43 34 at
2718 3443 259 40 Gloucest;Ts
3263 3443 4 44 .
3293 3443 4 44 ,
3415 3443 2 44 .

206 3474 209 43 detection
437 3477 39 39 in
495 3490 20 26 a
537 3480 144 44 crime,
702 3481 143 39 render
865 3483 71 40 the
956 3489 104 32 most
1082 3484 265 52 unblushing,
1369 3485 69 39 the
1459 3491 103 33 most
1633 3508 33 52 pl
1667 3508 17 52 a
1683 3508 66 52 r.-,
1749 3508 18 52 ;
1801 3508 169 40 ;mother
1994 3513 81 34 met
2106 3508 37 38 in
2178 3506 386 40 Leadenhhil-street
2589 3521 9 30 ;
2631 3519 25 26 a
2678 3493 122 53 third',
2836 3507 37 38 is:
2911 3506 70 40 the
3287 3535 19 14 ..

206 3536 171 43 callous.
432 3540 97 40 You
552 3541 78 40 will
653 3555 91 26 now
761 3556 115 38 grow
893 3544 171 39 sensible
1078 3550 45 33 to
1144 3546 72 39 the
1235 3549 112 37 truth
1371 3547 76 39 and
1466 3561 97 48 pro-
2713 3570 78 37 Da
2806 3536 5 76 i
2819 3581 28 31 s,

1635 3572 164 52 vicinity
1822 3570 50 39 of
1889 3572 346 51 llampton-court
2256 3585 11 25 ;
2301 3568 77 39 and
2404 3568 161 50 Iteiiiiig
2598 3568 79 39 and
2819 3581 28 31 s,
2881 3568 100 38 with
3276 3569 33 52 '4'
3413 3591 9 132 :

39 3625 22 132 _.,
207 3600 150 53 priety,
389 3601 191 51 however
600 3604 215 43 insensible
837 3612 43 33 to
902 3606 70 40 the
993 3608 169 51 beauty,
1194 3608 50 39 of
1267 3607 70 41 the
1367 3609 200 52 adar,—
3288 3617 7 44 i
3295 3617 7 44 t
3302 3617 7 44 i
3402 3619 13 22 ~

3394 3648 26 7 ~.

1633 3633 105 39 their
1755 3632 122 40 noblc,'
1897 3634 226 44 associates,
2141 3630 157 41 formed
2321 3643 25 26 a
2362 3630 154 39 foorth.
3296 3630 5 48 .
3392 3630 2 48 .

43 3678 15 27 ,:
208 3664 30 20 44
262 3660 98 41 That
379 3664 164 48 honesty
565 3669 33 37 is
618 3670 65 35 the
709 3671 84 46 hest
1046 3670 90 39 The
1170 3671 262 51 negoeiation
1466 3672 96 38 with

206 3698 19 6 •-
1685 3689 46 38 In
1749 3685 187 53 listening
1967 3691 43 33 to
2037 3685 69 41 the
2140 3685 223 51 iniquitous
2383 3681 214 53 proposals
2615 3680 50 40 of
2688 3694 21 26 a
2730 3679 248 54 despicable,

3399 3686 9 15 •

3386 3705 2 5 •

3262 3694 47 52 4:
3330 3715 39 40 „H.
3369 3715 53 40 1...

43 3710 21 19 ~.

43 3729 22 31 4
210 3719 142 41 Recline
352 3719 21 41 ,
393 3724 70 40 has
484 3726 197 40 excluded
704 3741 76 28 von
800 3728 66 40 for
885 3743 112 32 ever,
1019 3730 132 41 unless
1172 3745 25 25 a
1214 3732 231 52 reyolation
1467 3733 99 40 take
3269 3746 40 12 ..
3325 3719 5 65 •
3400 3735 9 25 i

210 3719 163 56 Reding
1633 3749 126 51 needy
1799 3749 262 45 adventurer,
2112 3748 135 39 whom
2285 3744 110 41 Lord
2435 3746 311 39 CA4TLEREA6II
2781 3744 201 40 confesses

3296 3777 13 17 ,4

207 3781 119 53 place
356 3785 39 39 in
426 3785 80 41 this
539 3794 195 48 country,
762 3791 111 40 from
904 3793 150 39 official
1076 3796 182 39 honours
1278 3795 76 41 and
1376 3797 187 40 rewards.
1633 3811 157 39 neither
1811 3816 45 35 to
1877 3811 102 39 have
2000 3809 119 41 heard
2143 3809 58 41 of,
2218 3821 72 27 nor
2309 3819 107 33 seen,
2448 3806 267 53 before,—of
2725 3819 24 26 a
2769 3806 217 39 scouldrel
3270 3791 28 31 t,i
3299 3791 11 31 ,
3328 3795 28 39 o
3357 3795 59 39 fi

60 3826 6 32 1
66 3826 6 32 1

213 3842 150 43 Should
385 3849 94 40 such
502 3862 50 28 an
566 3857 123 34 event
711 3863 141 34 occur,
885 3855 32 39 it
932 3854 32 39 is
983 3855 233 52 impossible
1231 3862 44 34 to
1293 3857 145 40 fore:.el
1457 3859 109 39 what
2966 3895 12 11 •

1633 3876 79 35 and
1731 3876 109 34 rank
1865 3875 202 46 imposter,
2096 3883 43 26 as
2173 3870 51 39 he
2254 3868 32 40 is
2313 3868 295 53 emphatically
2641 3866 126 43 ealled
2781 3865 71 54 'by
2894 3867 69 39 Mr
3237 3839 45 58 ,ii,•

3242 3873 6 40 i
3399 3875 19 12 l'

209 3905 105 41 rank
335 3920 81 40 you
441 3922 91 41 may
555 3911 59 41 fill
635 3913 40 40 in
698 3914 67 43 the
787 3928 89 27 new
896 3915 119 40 order
1037 3917 48 39 of
1103 3918 161 51 th;er,;•s;
1297 3919 65 40 for
1382 3920 30 39 it
1435 3921 31 39 is
1488 3932 71 28 un-
1636 3935 286 45 LvsniNc.Tos,
1974 3933 172 39 another
2180 3930 171 43 dabbler
2392 3930 38 39 in
2471 3930 67 39 the
2595 3928 202 40 infamous
2837 3930 141 40 barter
3242 3900 4 80 1
3276 3900 2 80 i
3315 3900 54 56 to.
3370 3900 19 56 ,

3242 3934 2 32 ,
3327 3934 54 32 40.
3417 3934 4 32 •

204 3952 195 57 'deniable
417 3971 89 40 that
520 3976 178 52 nothing
718 3989 72 26 can
811 3978 242 47 contribute.
1072 3993 46 25 so
1139 3980 275 56 efficaciously
1434 3987 43 34 to
1498 3981 71 40 the
3314 3957 86 46 ‘.41(1,

3334 3994 27 35 P
3373 4004 26 18 '-

1633 3997 50 38 of
1706 3996 243 51 writerships
1981 3994 67 40 for
2081 3999 106 35 seats
2215 3994 38 39 in
2285 3989 364 48 Parliameut,—in
2683 3991 126 50 doing
2839 4002 45 27 30
2917 3991 64 41 his
3272 4033 6 8 ,
3313 4028 17 22 I

201 4026 246 51 .subversion
469 4032 50 50 of
535 4033 296 52 Government,
866 4039 77 41 and
961 4046 43 33 to
1032 4048 191 45 promote
1244 4043 71 40 the
1345 4044 159 50 designs
1522 4045 51 37 of
1636 4058 200 53 Lordlhip
1854 4058 156 47 chewed
2031 4057 158 41 neither
2207 4055 66 44 the
2293 4054 156 53 dignity
2464 4051 50 43 of
2528 4054 69 39 the
2613 4056 117 43 Peer,
2750 4056 66 38 the
2832 4052 150 41 discre-
3239 4080 8 12 ,
3288 4054 34 40 I

210 4087 71 39 the
300 4095 163 53 cnettly,
493 4093 98 43 than
613 4096 71 43 the
722 4098 283 53 malpractices
1036 4115 83 39 Sou
1155 4103 107 44 have
1302 4106 102 39 been
1439 4106 125 40 found

211 4154 128 54 guilty
363 4157 60 40 of.

261 4215 34 39 It
320 4221 133 39 would
474 4230 72 33 not
562 4222 53 44 be
634 4226 119 40 amiss
772 4232 43 37 to
831 4230 171 56 enquire
1025 4231 111 44 Ivilat
1150 4233 317 57 extraordinary
1487 4248 80 30 ler-

304 4280 59 50 oe
374 4278 72 69 ll`
448 4285 130 56 --tie.
608 4287 215 54 Ldp.'''.

2413 4179 48 41 of
2477 4180 159 39 triderst
2726 4182 84 48 ing,
2826 4181 41 37 to
2883 4191 100 26 con-

1636 4183 123 40 What
1775 4183 152 46 inanity
1949 4182 52 40 of
2007 4181 164 54 feelincr,
2186 4194 43 25 as
2251 4182 85 39 well
2354 4179 64 57 as
2515 4179 32 57 .
2578 4179 32 57 .
2644 4179 74 57 and

1637 4246 79 43 fide
1733 4246 40 41 in
1794 4246 71 44 the
1883 4246 214 43 discretion
2117 4243 50 44 of
2185 4245 98 50 such
2315 4257 25 27 a
2366 4243 136 43 fedols
2519 4246 11 33 I
2559 4247 45 35 to
2642 4243 115 40 listen
2789 4241 98 40 with
2908 4252 72 40 pa-

2244 4324 33 4 -
2431 4305 234 38 --

3060 4354 18 27 i
3120 4369 17 17 •
3193 4106 17 21 i
3211 4129 7 8 ,

3125 4124 2 175 .
3131 4261 8 11 .
3172 4232 45 67 /
3231 4124 44 60 1

2975 4209 196 288 /.
3217 4191 26 28 'IF

3370 4414 4 5 •

3356 4455 6 7 .
3410 4260 11 17 :

3260 578 11 28 ;.1
