3425 4441
219 48 65 51 24

227 184 138 41 ticuce
386 183 78 40 and
485 185 293 51 complacency
800 187 45 37 to
867 183 72 39 the
961 188 213 34 overtures
1201 180 50 39 of
1276 193 21 26 a
1324 193 109 33 man,
1455 178 132 40 whom

226 237 54 40 he
296 236 145 41 should
464 237 104 40 have
589 229 223 48 iustruceed
833 235 71 40 the
922 239 178 38 ATTOMY
1111 235 111 39 LY-C
1235 248 50 25 EN
1294 249 51 24 Llt
1357 247 15 24 A
1372 247 33 24 4.
1426 239 44 33 to
1492 244 96 39 pro-
1625 235 8 46 I

229 296 156 39 secute,
407 291 78 38 had
513 291 52 39 he
585 304 77 39 any
689 295 156 47 respect
863 291 131 38 either
1015 292 65 38 for
1101 288 60 39 his
1181 300 91 27 own
1293 286 227 43 character,
1541 296 46 26 or

188 330 116 106 411te
319 343 175 52 sanctity
514 343 51 39 of
583 343 61 39 his
663 343 340 43 office,—afibrds
1036 353 51 27 an
1109 340 203 51 alarming
1331 337 137 54 proof,
1498 335 91 40 that

209 389 2 58 •
283 410 21 24 e
328 404 219 43 frequency
573 394 50 40 of
635 396 70 39 the
723 396 190 51 example
932 392 74 41 has
1017 394 125 39 taken
1161 406 111 39 away
1296 393 106 38 from
1426 390 71 39 the
1511 389 54 39 cri-

234 446 189 54 minality
445 449 79 38 and
546 450 188 38 baseness
759 448 48 39 of
835 449 30 38 ti
925 449 155 38 action.
1137 446 157 46 Crimes
1326 443 159 53 against
1519 442 70 38 the

236 506 112 38 State
367 515 69 26 are
456 515 115 27 more
591 502 190 44 heinotoi,
797 513 41 27 as
857 502 96 50 they
974 514 67 25 are
1059 511 111 27 more
1185 498 215 40 'extensive
1422 496 35 38 in
1481 495 107 38 their

237 567 319 43 consequences,
575 555 98 39 than
696 555 159 52 private
878 553 374 43 misdemeanours;
1284 556 69 47 yet
1372 550 37 38 in
1431 549 159 53 private

239 607 70 41 life
341 622 24 25 a
399 621 93 26 man
524 607 48 40 of
593 620 195 27 common
823 605 296 54 respectability
1148 604 135 39 would
1312 604 48 39 be
1393 602 123 52 ready
1548 605 41 34 to

208 691 11 4 -
240 660 91 41 sink
357 661 87 39 into
465 661 70 40 the
553 674 94 27 very
669 660 137 44 earth,
834 658 135 40 would
990 659 149 40 almost
1156 659 145 50 expire
1319 656 96 39 with
1436 656 155 41 shame,

274 715 92 44 rief,
383 715 77 39 and
482 715 233 45 confusion,
746 728 107 26 were
874 713 51 38 he
944 710 185 43 detected
1150 710 37 39 in
1209 723 76 38 any
1309 709 25 39 fl
1339 713 148 46 agrant
1506 707 64 38 vio-

244 746 129 61 lation

396 767 48 39 of
459 767 60 39 his
539 771 293 47 engagements
852 764 77 40 and
946 764 157 43 duties;
1135 777 47 25 or
1204 762 213 41 convicted
1427 762 48 38 of
1491 767 74 39 tam-

244 821 144 51 pering
412 820 98 38 with
534 834 24 24 a
585 823 169 48 sharper
782 823 44 34 to
852 816 175 41 defraud
1046 830 47 26 or
1114 819 133 48 injure
1267 814 60 40 his
1348 815 243 52 employers.

243 873 92 39 'Che
359 873 185 38 Minister
561 874 91 38 who
671 872 144 39 abuses
834 870 61 40 his
917 876 246 46 patronage,
1191 868 78 40 and
1292 873 189 34 converts
1504 868 30 38 it
1554 872 40 32 to

244 925 72 41 the
338 926 154 50 injury,
507 926 139 40 rather
665 925 99 39 than
781 924 168 45 benefit,
971 922 48 40 of
1031 924 69 38 the
1117 927 130 39 State,
1261 922 31 38 is
1312 921 128 53 guilty
1465 920 47 39 of
1527 919 70 39 the

246 983 178 47 grossest
446 977 198 41 violation
665 977 50 39 of
729 981 105 35 trust
849 993 12 27 ;
896 976 195 52 tramples
1113 989 111 40 upon
1245 976 71 39 the
1337 979 106 34 most
1461 972 133 40 sacred

247 1037 318 46 engagements;
588 1030 191 44 defrauds
791 1030 59 38 his
865 1029 249 53 employers,
1136 1029 79 39 and
1235 1028 231 40 debauches
1486 1028 111 38 them

250 1084 52 44 by
327 1085 59 38 his
406 1085 190 51 example
613 1083 162 44 ;—such
794 1096 25 26 a
843 1082 201 47 ftlinister,
1077 1095 58 26 we
1155 1082 106 39 have
1294 1095 52 25 no
1380 1080 219 39 hesitation

249 1143 44 34 to
315 1152 86 31 say,
436 1139 31 37 is
498 1142 67 34 ten
588 1135 202 41 thousand
806 1135 119 39 times
958 1149 115 26 more
1097 1134 187 43 criminal
1310 1134 98 39 than
1431 1146 24 27 a
1483 1131 93 53 pick-

250 1191 155 52 pocket
426 1204 47 26 or
494 1189 305 53 highwayman,
815 1196 116 32 more
950 1188 216 53 deserving
1186 1188 50 39 of
1250 1186 255 41 abhorrence
1525 1185 74 39 and

252 1243 403 53 punishment.—His
674 1241 255 40 misconduct
941 1241 139 41 greets
1098 1241 191 47 millions,
1310 1240 78 40 and
1411 1241 28 39 is
1455 1237 73 43 felt
1540 1238 63 40 for

255 1294 154 45 several
429 1294 278 52 generations.

314 1349 130 39 These
477 1359 71 26 are
576 1350 190 43 maxims,
803 1346 132 39 which
965 1354 154 34 cannot
1139 1348 52 38 be
1219 1351 73 34 too
1311 1343 228 56 frequently
1560 1358 47 26 or

257 1406 44 34 to
351 1398 175 54 forcibly
550 1401 229 39 inculcated
808 1402 38 37 in
875 1414 80 26 our
998 1403 100 38 time
1115 1416 12 28 ;
1161 1398 113 40 when
1309 1400 69 45 the
1413 1411 97 39 very
1546 1410 59 27 re-

255 1457 113 35 Verse
389 1455 48 37 of
454 1455 111 38 them
583 1467 109 26 seem
716 1457 44 35 to
798 1453 188 54 regulate
1020 1452 69 41 the
1124 1453 194 44 conduct,
1341 1452 77 39 and
1436 1452 85 39 bias
1540 1450 66 39 the

253 1506 220 53 principles
493 1506 48 39 of
556 1505 138 54 pubic
716 1519 107 26 men.
882 1507 89 39 The
987 1512 128 34 surest
1135 1507 191 38 restraint
1357 1518 53 31 on
1429 1518 9 38 t
1455 1502 152 40 °Utica'

255 1559 259 53 delinquincy
533 1559 32 38 is
581 1561 172 50 severity
774 1558 48 39 of
837 1560 177 52 popular
1033 1559 167 52 opinion
1220 1576 9 26 ;
1263 1558 77 39 and
1361 1558 69 38 the
1450 1556 157 53 highest

259 1611 208 53 clemency
489 1618 43 32 to
557 1612 67 38 the
644 1615 255 51 community
924 1612 32 39 is
967 1615 151 48 justice
1139 1617 43 34 to
1204 1610 215 40 offenders.
1476 1609 131 45 Strict,

257 1664 246 44 inexorable
526 1664 267 53 impartiality
806 1664 59 40 'on
887 1665 80 40 this
983 1664 100 40 head
1106 1667 31 35 is
1155 1664 162 53 equally
1341 1661 210 41 beneficial
1569 1667 40 33 to

257 1719 72 38 the
345 1719 233 51 governing
599 1719 79 39 and
700 1719 71 39 the
790 1719 211 51 governed
1018 1719 96 45 ;—it
1135 1719 133 51 places
1297 1730 90 25 men
1414 1716 37 37 in
1474 1728 136 38 power

260 1783 52 26 on
330 1770 105 39 their
451 1770 151 52 guard;
620 1770 176 39 reminds
817 1773 110 37 them
948 1770 236 52 incessantly
1208 1770 48 39 of
1280 1769 105 39 their
1401 1769 116 50 duty,
1531 1769 4 53 •
1546 1781 44 25 ac-

261 1825 240 50 companies
523 1824 129 45 them,
681 1837 43 26 as
755 1837 22 25 a
807 1835 141 26 severe
964 1825 74 38 hut
1059 1822 130 43 useful
1211 1822 184 40 Monitor
1411 1850 11 17 ,
1452 1820 163 40 teaches

263 1876 116 40 them
402 1876 234 45 discretion,
669 1876 35 39 if
720 1876 31 39 it
770 1881 152 33 cannot
951 1877 146 52 inspire
1124 1877 111 38 them
1264 1876 97 39 with
1393 1874 132 41 virtue
1541 1890 13 28 ;
1585 1874 30 37 is

265 1941 56 31 lan
340 1928 200 39 infallible
562 1929 187 38 antidote
769 1930 161 50 against
948 1930 70 38 the
1041 1930 138 51 poison
1195 1928 51 39 of
1261 1941 151 41 power,
1433 1928 77 38 and
1528 1939 65 38 pre-

266 1988 122 32 vents
405 1981 119 39 those
546 1981 150 39 violent
719 1983 246 52 sanguinary
987 1981 274 45 convulsions,
1281 1980 124 40 which
1428 1983 164 35 counter-

270 2039 85 40 act,
378 2035 76 38 and
472 2040 86 34 cast
578 2033 76 46 off,
680 2035 73 39 the
771 2036 209 38 excessive
998 2035 78 39 and
1106 2033 231 52 enfeebling
1356 2033 194 39 humours
1576 2033 46 38 of

272 2087 185 52 despotic
476 2092 293 47 governments
788 2088 74 39 anti
880 2088 170 40 vitiated
1072 2088 301 38 constitutiona.
1430 2085 97 38 This
1547 2096 46 26 un-

275 2138 204 53 relenting
511 2140 170 52 severity
705 2145 45 33 to
784 2140 203 40 offenders
1005 2143 31 38 is
1054 2153 26 27 a
1098 2141 137 39 sacred
1256 2141 97 50 duty
1383 2139 67 38 the
1485 2137 135 52 public

275 2205 89 26 owe
385 2197 41 33 to
445 2192 109 39 their
574 2194 231 45 associates,
834 2207 44 25 as
896 2194 87 39 well
999 2206 43 27 as
1056 2206 237 32 successors,
1324 2194 38 35 in
1380 2192 117 38 Mike
1515 2207 9 27 ;
1556 2190 65 39 for

278 2246 31 37 it
326 2257 103 26 were
452 2244 295 51 unjustifiable,
777 2259 104 26 even
913 2246 244 44 barbarous,
1187 2245 94 40 they
1302 2242 141 41 should
1475 2244 48 38 be
1554 2243 44 38 de-

278 2297 141 51 prived
449 2302 40 33 ot
526 2298 236 40 confidence
793 2298 97 52 they
919 2311 123 27 never
1071 2297 203 41 forfeited.
1326 2300 89 35 Too
1436 2294 161 54 unquali-

280 2350 79 38 tied
392 2365 24 24 a
446 2350 182 46 distrust,
656 2355 73 35 too
759 2352 378 51 undiscriminating
1163 2365 25 26 a
1207 2349 190 53 jealousy
1430 2348 47 39 of
1499 2361 122 39 every

283 2417 92 24 ROM
416 2404 135 38 vested
583 2404 97 39 with
718 2417 53 26 an
806 2405 215 39 ostensible
1055 2404 293 53 employment,
1385 2407 107 34 must
1530 2401 74 39 ulti-

281 2454 149 53 mately
451 2469 123 26 ensue
591 2472 11 26 ;
635 2456 77 39 and
746 2456 69 40 the
843 2469 276 39 consequence
1155 2457 30 38 is
1220 2454 285 47 unavoidable,
1533 2454 90 39 that

281 2507 73 39 the
376 2507 143 52 people
539 2507 80 39 will
640 2507 118 46 look,
777 2507 94 40 with
891 2522 24 25 a
927 2510 176 51 jealous,
1124 2509 144 39 hostile
1284 2507 132 52 spirit,
1437 2513 43 32 to
1498 2519 123 39 every

285 2572 187 26 measure
489 2559 50 39 of
552 2567 272 45 government
839 2577 11 31 ;
881 2562 78 39 and
980 2562 93 40 thus
1090 2564 69 37 the
1191 2565 120 46 great
1328 2559 86 39 link
1435 2559 48 38 of
1499 2559 122 39 union

287 2611 48 39 be
356 2611 213 47 dissolved,
600 2614 128 38 which
759 2627 74 26 can
865 2614 122 39 alone
1018 2615 143 39 render
1179 2616 70 37 the
1276 2611 253 53 community
1561 2626 40 26 re-

283 2666 161 51 spected
464 2665 171 45 abroad,
666 2666 78 39 and
765 2667 176 52 tranquil
961 2667 79 40 ai,d
1062 2680 241 41 prosperous
1323 2670 40 33 at.
1383 2667 133 37 home.

343 2718 72 39 We
432 2718 52 39 do
506 2722 70 33 not
596 2722 226 35 remember
843 2733 48 25 an
917 2721 177 38 instance
1126 2719 38 39 in
1196 2720 70 38 the
1286 2719 150 51 history
1459 2718 50 38 of
1533 2717 91 46 this,

288 2784 47 26 or
357 2784 77 38 any
455 2771 120 38 other
595 2777 191 47 country,
819 2773 135 39 where
973 2778 223 47 symptoms
1215 2772 50 38 of
1279 2786 24 24 a
1326 2785 110 25 more
1454 2771 149 51 danger-

287 2836 76 26 ous
381 2822 289 40 fermentation
690 2825 105 38 have
817 2826 239 40 manifested
1077 2824 256 46 themselves,
1363 2824 97 39 than
1480 2837 70 26 arc
1569 2824 38 37 vi-

283 2875 105 40 sible
407 2875 35 39 ia
464 2876 80 38 this
561 2882 182 34 moment
767 2878 37 38 in
826 2880 126 39 Great
984 2880 164 39 Britain.
1204 2878 91 38 The
1323 2877 161 53 highest
1509 2875 115 40 reach

288 2928 50 39 of
356 2929 131 39 virtue,
506 2930 78 37 and
609 2944 22 21 a
644 2931 145 46 isdom,
810 2930 48 39 of
872 2930 266 40 conciliation
1165 2930 206 52 tempered
1401 2928 96 39 with
1518 2929 89 39 firm-

286 2993 103 32 ne4s,
405 2994 67 26 are
488 2981 298 51 indispeasible,
800 2983 260 52 imperiously
1077 2991 145 45 urgent
1237 2986 39 37 in
1286 2982 116 40 order
1419 2989 43 32 to
1478 2988 151 32 restore

286 3032 107 40 calm
425 3034 76 39 and
521 3035 252 40 confidence.
830 3038 135 38 Those
993 3038 91 38 who
1111 3050 70 26 are
1202 3035 164 40 zealous
1393 3034 78 40 and
1487 3034 142 39 ardent

291 3087 39 38 in
353 3089 67 38 the
436 3087 207 39 detection
664 3089 50 38 of
728 3089 156 45 abuses,
905 3094 110 35 must
1033 3091 50 38 be
1103 3089 188 40 cautious
1310 3089 89 39 that
1419 3089 104 39 their
1543 3087 85 40 veal

291 3139 52 40 be
374 3143 72 34 not
465 3142 256 51 transported
750 3146 44 33 to
811 3141 322 54 intemperance;
1165 3142 109 39 their
1294 3141 89 39 love
1402 3141 48 39 of
1463 3139 165 46 reform,

292 3197 45 34 to
372 3206 22 26 a
424 3195 158 50 passion
613 3193 63 39 for
710 3196 116 35 inno%
839 3195 126 39 ation.
1023 3196 144 39 Public
1194 3195 224 39 discontent
1449 3193 31 39 is
1508 3194 118 48 easily

291 3244 229 45 fomented,
562 3246 73 38 but
663 3247 206 44 confined,
913 3249 99 38 with
1049 3254 183 34 extreme
1264 3246 214 52 &faculty,
1517 3246 92 38 with-

296 3298 38 38 in
381 3299 79 38 due
511 3298 170 40 bounds.
769 3300 41 39 if
848 3301 31 38 it
917 3302 119 38 reach
1074 3304 78 39 and
1195 3300 106 39 swell
1342 3307 41 30 to
1421 3314 24 22 a
1480 3301 151 41 certain

291 3350 145 52 height
454 3367 11 28 ;
485 3351 78 39 -the
583 3351 193 54 ordinary
797 3354 172 39 barriers
998 3361 148 32 cannot
1166 3356 168 39 restrain
1354 3356 26 34 it
1517 3365 91 25 over-

291 3404 116 38 flows
424 3404 77 39 and
526 3405 143 39 effaces
689 3418 122 38 every
834 3412 109 33 trace
961 3407 50 39 of
1035 3407 70 39 the
1130 3407 155 38 former
1315 3410 314 44 amine:valetas.

291 3459 280 50 Intemperate
606 3458 78 38 :11141
716 3458 155 40 violent
904 3458 241 40 resolutions
1183 3459 78 38 will
1296 3458 162 44 thwart,
1491 3463 40 32 et
1566 3459 67 37 the

292 3523 116 26 same
445 3510 115 45 time,
592 3524 119 38 every
750 3513 237 39 reasonable
1022 3519 188 46 prospect
1246 3513 48 37 of
1324 3511 305 45 amelioration;

292 3563 80 38 and
392 3563 187 45 sensible,
599 3576 44 26 as
664 3563 89 39 well
775 3578 41 26 as
837 3565 208 40 moderate
1077 3579 106 32 men,
1214 3565 80 39 will
1318 3563 120 40 recoil
1459 3563 103 39 ('coin
1584 3576 46 26 an

294 3617 296 52 undertaking,
609 3615 149 45 which,
781 3617 112 39 ilnot
915 3618 146 53 calmly
1089 3620 76 38 and
1185 3617 214 54 prudently
1419 3617 213 52 managed,

292 3681 94 40 may
410 3669 50 39 be
480 3669 243 52 productive
745 3670 48 38 of
807 3671 215 45 disorders,
1041 3672 64 39 far
1123 3684 115 26 more
1256 3672 228 44 dangeroes
1505 3676 43 33 to
1569 3671 65 37 11:e

288 3733 126 27 cause
436 3724 50 35 of
519 3723 200 44 freedom,
741 3723 97 39 thaa
859 3723 70 39 the
957 3724 142 39 abases
1134 3724 130 39 which
1285 3737 89 25 now
1397 3723 236 38 undermine

288 3775 72 39 the
377 3775 283 39 constitution.
720 3776 86 37 The
840 3776 163 47 highest
1025 3777 201 52 prudence
1257 3777 77 38 and
1361 3782 156 45 temper
1550 3789 84 27 are,

285 3829 227 43 therefore,
552 3827 234 54 -essentially
809 3831 176 51 reqesiie
1002 3847 65 28 ;----
1083 3830 66 39 the
1183 3830 109 44 wild,
1332 3829 302 51 impracticable

287 3882 180 39 reveries
498 3882 52 37 of
583 3882 69 38 the
676 3882 222 43 visionary,
935 3896 44 25 as
1002 3898 21 21 a
1035 3880 51 41 ell
1108 3896 41 25 as
1186 3883 70 38 the
1283 3882 194 43 frenzied,
1509 3883 104 37 disor-

283 3935 189 53 ganising
495 3938 178 50 projects
686 3934 51 40 of
750 3935 66 39 the
831 3937 276 52 demagegae,
1129 3943 105 33 must
1251 3938 48 38 be
1315 3935 159 53 equally
1495 3935 116 40 avoid-

283 3989 48 40 ed
356 3990 38 38 in
417 4002 122 38 every
565 3993 178 47 attempt
765 3989 174 39 towards
969 3989 176 39 rational
1166 3989 164 39 reform.

431 4056 63 25 efs
514 4041 126 39 ehieh
665 4041 150 39 seldom
848 4041 69 39 fall
941 4048 40 32 to
1005 4043 67 38 the
1093 4041 60 41 lot
1172 4042 50 38 of
1233 4041 227 46 humanity,
1480 4055 67 27 are
1566 4054 45 27 rc-

281 4109 156 26 cessiry
480 4096 38 38 iii
555 4095 69 38 the
656 4108 34 25 in
744 4095 27 44 i•
771 4095 83 44 4111.,
926 4096 53 37 ho
1007 4094 133 39 Nl'ollll
1176 4095 116 51 bring
1322 4095 77 38 this
1419 4097 72 37 cris
1491 4097 18 37 i
1508 4097 19 37 s
1548 4100 40 33 to
1611 4108 24 24 a

282 4152 210 39 ft/ChM/AC
528 4148 102 44 16S!:e
644 4163 9 28 ;
663 4174 9 7 •
715 4148 282 52 titeaequally
1023 4147 196 43 11111:011!'e
1237 4153 43 35 to
1302 4147 66 44 the
1382 4149 189 41 deinandi
1593 4149 41 39 of

295 4369 5 17 •
328 4375 7 11 •

1111 45 150 50 THE
1297 40 380 53 NATIONAL
1714 40 387 54 REGISTER.

1654 176 70 40 the
1757 177 164 53 people,
1954 177 77 39 and
2065 178 71 40 the
2169 178 188 40 interests
2375 180 47 39 of
2441 180 70 39 the
2529 189 135 30 crown
2681 175 324 48 ;—Who,know

1656 239 43 30 to
1719 230 104 53 yield
1843 231 92 39 with
1958 231 175 52 dignity,
2163 231 78 39 and
2267 239 44 32 to
2331 233 116 38 resist
2467 231 170 39 without
2643 230 24 52 -
2667 230 221 52 provoking
2911 231 74 37 irri-

1655 288 128 34 tation
1802 283 159 45 ;—who
1981 287 142 48 enjoy,
2154 298 39 25 i❑
2215 283 69 39 the
2302 283 138 39 fullest
2461 296 196 33 measure,
2680 283 69 39 the
2769 283 235 39 confidence

1655 335 51 40 of
1727 335 70 40 the
1813 337 156 52 public,
1990 338 79 38 and
2089 348 70 28 are
2179 335 159 54 worthy
2357 339 91 39 that
2469 340 40 35 of
2533 339 69 37 the
2620 335 389 52 sovereign;--who

1657 402 150 39 possess
1824 402 53 26 no
1897 389 204 41 sinecures
2115 406 11 28 ;
2158 390 104 40 have
2277 391 211 50 tampered
2511 391 38 37 in
2567 402 52 26 no
2640 389 366 40 unconstitutional

1659 442 167 52 jobbing
1844 457 12 30 ;
1887 443 133 39 whose
2057 443 128 39 hands
2222 456 69 26 are
2326 444 125 43 clew,
2481 443 77 38 and
2593 444 235 50 reputation
2861 441 118 40 unsul-

1658 494 73 40 lied
1752 496 159 43 ;—who
1933 498 110 37 unite
2060 502 119 45 great
2194 496 145 40 talents
2359 498 93 37 with
2469 509 22 25 a
2507 495 125 40 sound
2657 496 315 54 ►,nderstanding
2991 511 13 30 ;

1658 548 157 45 liberal,
1845 548 337 53 comprehensive
2204 550 118 38 views
2347 550 94 38 with
2466 547 191 56 practical
2679 547 244 53 kn►►wledge
2937 556 71 37 ;-•--

1659 617 25 22 w

1697 602 52 38 ho
1770 602 91 40 love
1883 604 103 38 their
2007 608 174 47 country
2207 602 181 59 ardently
2409 621 9 27 ;
2443 604 77 37 and
2541 602 142 50 betray
2706 615 54 24 no
2780 601 85 39 bias
2880 609 43 31 to
2957 602 53 38 he

1659 656 249 39 institutions
1942 656 48 39 of
2015 656 72 45 her
2115 661 116 45 grelt
2267 654 178 53 political
2469 656 100 39 rival
2589 654 105 45 ;—►f
2708 653 94 41 such
2825 667 92 27 men
2940 664 71 31 arc

1661 715 43 33 to
1735 707 48 39 be
1824 709 143 45 found,
1996 712 92 46 They
2109 722 69 25 arc
2211 709 170 52 capable
2401 710 47 37 of
2469 709 197 43 restoring
2683 706 255 53 tra.•►yciliity
2965 713 45 33 to

1662 762 67 40 the
1749 765 126 44 State,
1905 762 77 39 and
2006 761 326 52 re-establishing
2354 762 65 38 the
2441 761 300 51 indepeAdence
2761 759 50 40 of
2828 761 182 51 Europe.

1722 892 196 39 POLICY
1948 891 69 39 OF
2044 891 111 39 THE
2187 891 255 39 CAPTURE
2474 891 66 38 OF
2572 885 371 45 MARTINIQUE.

723 4352 11 7 .
759 4329 26 30 r•

1711 1016 81 35 The
1824 1017 162 45 popular
2013 1017 185 34 attention
2228 1015 65 35 has
2310 1017 93 32 been
2434 1015 227 45 powerfully
2691 1011 185 38 attracted
2889 1016 41 31 to
2948 1009 66 37 the

1667 1080 154 39 rapture
1847 1074 45 34 of
1918 1074 246 45 Martinique,
2190 1083 40 22 as
2246 1072 210 33 announced
2480 1072 34 33 in
2533 1072 61 33 the
2619 1071 298 40 Extraordinary
2939 1068 51 33 Ga-

1668 1135 104 38 ulle,
1801 1131 122 33 which
1941 1131 78 33 will
2040 1131 44 33 he
2101 1129 110 35 found
2231 1129 33 34 in
2283 1128 69 34 full
2367 1129 35 33 in
2417 1128 159 34 another
2595 1135 85 37 part
2696 1128 41 32 of
2751 1137 70 22 our
2841 1126 124 45 Paper
2968 1140 47 9 —

1669 1188 78 34 The
1767 1187 136 46 people
1916 1198 65 24 are
1997 1187 139 34 seldom
2158 1196 128 33 wrong
2298 1185 35 34 in
2355 1185 100 33 their
2469 1183 148 45 general
2639 1183 151 45 feeling.
2844 1182 170 34 Thereis

1668 1245 207 44 something
1893 1245 34 32 in
1946 1244 64 33 the
2028 1250 129 27 nature
2174 1243 44 34 of
2233 1243 72 33 this
2323 1243 229 45 acquisition
2572 1241 124 34 which
2715 1240 90 33 calls
2824 1238 58 34 for
2902 1248 90 33 pecu-

1670 1303 73 34 liar
1757 1300 288 35 consideration.
2079 1302 34 32 It
2126 1302 28 32 is
2173 1300 91 33 with
2281 1300 143 33 nations
2443 1309 39 24 as
2503 1298 90 33 with
2616 1294 400 37 individuals—There

1672 1362 30 33 is
1717 1370 24 22 a
1752 1358 162 44 seeming
1930 1358 69 34 and
2011 1368 48 22 an
2080 1363 187 39 apparent
2283 1355 113 45 good,
2422 1355 72 33 and
2511 1355 33 33 in
2567 1354 59 33 the
2644 1354 151 43 variety
2810 1350 44 34 of
2878 1350 136 33 human

1670 1416 156 40 actions,
1852 1414 70 35 and
1951 1414 100 35 their
2078 1413 211 34 unforeseen
2308 1413 148 40 results,
2484 1411 27 34 it
2531 1411 27 33 is
2575 1409 161 46 possible
2752 1415 39 27 to
2805 1406 150 37 sneered
2972 1413 43 26 to

1672 1483 67 25 our
1754 1474 96 39 ruin,
1878 1472 71 33 and
1967 1472 156 45 acquire
2138 1478 38 26 to
2194 1481 65 22 our
2278 1470 85 33 loss.

1726 1531 64 33 I.et
1812 1530 28 33 it
1857 1534 63 28 not
1941 1530 45 32 be
2000 1530 86 32 here
2104 1528 96 39 said,
2228 1530 77 32 that
2326 1538 52 22 we
2398 1539 25 21 n
2435 1527 52 33 ith
2497 1526 85 34 hold
2598 1525 92 33 from
2707 1533 69 24 our
2793 1522 112 33 brave
2927 1530 72 35 rap-

1675 1594 74 27 tors
1773 1589 61 32 the
1859 1587 122 44 praise
1998 1585 81 34 that
2100 1586 28 33 is
2145 1586 70 32 due
2233 1593 35 25 to
2285 1585 98 33 their
2415 1584 169 45 personal
2607 1581 174 34 heroism.
2838 1580 100 32 With
2961 1589 40 24 re-

1674 1649 103 40 spect
1795 1651 37 27 to
1848 1646 98 31 them
1962 1642 105 34 there
2085 1652 67 24 can
2169 1643 44 32 he
2228 1642 64 33 but
2311 1652 66 22 one
2399 1642 169 44 opinion.
2621 1641 57 32 On
2693 1639 87 37 this,
2796 1646 39 25 as
2846 1648 45 21 on
2906 1645 115 33 every

1676 1703 106 33 other
1804 1700 187 41 occasion,
2016 1700 89 43 they
2139 1698 94 33 have
2263 1698 224 33 maintained
2524 1698 59 33 the
2616 1696 211 44 reputation
2854 1693 44 33 of
2923 1693 102 33 their

1676 1754 308 45 country,—they
2003 1754 94 34 have
2114 1754 116 33 added
2244 1754 157 34 another
2413 1755 117 32 laurel
2546 1762 38 24 to
2598 1765 69 21 our
2679 1752 163 34 national
2865 1762 20 18 w
2901 1760 59 21 Iva
2968 1748 35 33 th
3014 1774 9 15 ,

1676 1812 69 32 and
1763 1811 216 45 augmented
2000 1812 63 32 the
2091 1822 89 33 yenr
2186 1813 51 31 ral
2269 1812 107 33 stool.
2400 1822 28 20 w
2438 1811 52 33 ith
2511 1809 99 34 their
2628 1820 84 24 own
2733 1807 206 35 individual
2961 1815 39 22 ac-

1678 1869 207 46 quisilloes.
1943 1869 34 33 It
1997 1879 73 24 was
2091 1869 61 33 the
2173 1869 119 45 praise
2311 1869 45 33 of
2367 1869 61 33 the
2444 1869 143 33 ancient
2611 1869 190 43 Spartans,
2817 1865 76 31 that
2910 1871 117 34 every

1680 1935 81 25 man
1781 1926 181 43 imagined
1983 1925 54 33 his
2055 1932 161 35 country
2230 1936 37 21 as
2288 1925 24 32 it
2335 1933 99 25 were
2452 1925 193 32 embodied
2668 1923 34 34 in
2722 1920 162 34 himself.
2939 1919 38 33 It
2996 1918 31 34 is

1680 1984 150 43 equally
1853 1984 60 32 the
1932 1982 282 34 characteristic
2243 1982 122 44 praise
2383 1978 45 35 Of
2448 1981 250 45 Englishmen,
2727 1981 80 31 that
2826 1978 85 43 they
2933 1974 94 46 fight

1681 2053 39 21 as
1741 2041 30 33 if
1788 2040 60 34 the
1870 2040 142 33 honour
2029 2039 44 34 of
2085 2039 64 33 the
2166 2047 152 37 country
2342 2039 117 33 rested
2481 2050 45 21 on
2544 2039 99 32 their
2662 2036 204 34 individual
2884 2034 142 33 efforts.

1684 2100 30 32 A
1735 2102 154 38 country
1910 2104 91 26 must
2019 2096 219 44 necessarily
2255 2096 154 33 become
2422 2102 104 35 great
2550 2106 24 20 n
2588 2095 83 32 here
2686 2104 106 32 every
2819 2091 207 34 individual

1684 2156 80 34 thus
1783 2154 181 34 identifies
1982 2154 154 33 him-ell'
2146 2156 34 32 in
2203 2156 61 32 her
2278 2154 165 33 interests
2463 2153 71 33 and
2554 2153 34 32 in
2607 2152 63 32 her
2683 2151 124 43 glory.

1734 2211 69 35 But
1828 2213 60 33 the
1913 2213 104 32 merit
2039 2211 190 43 o:'!irtvint
2245 2210 194 44 acquired,
2466 2210 69 33 rind
2557 2209 61 33 the
2639 2207 107 33 value
2761 2205 45 34 of
2820 2206 60 32 the
2898 2202 109 46 acqui-

1683 2271 126 40 sition,
1834 2280 64 24 are
1918 2277 9 25 t
2117 2269 164 32 different
2298 2267 307 39 considerations,
2623 2264 69 33 and
2711 2265 33 32 in
2758 2262 104 45 point
2882 2259 44 33 or
2937 2259 93 37 fact,

1685 2331 141 39 retpeet
1843 2336 85 32 very
1949 2326 168 32 different
2137 2326 154 44 parties.
2327 2324 83 32 The
2428 2324 109 32 merit
2556 2321 44 33 of
2613 2322 60 32 the
2691 2326 176 38 conquest
2881 2317 150 41 belongs

1685 2391 38 27 to
1740 2383 64 33 the
1827 2383 112 41 Army
1961 2382 71 33 and
2053 2380 243 44 Navy--The
2314 2379 129 45 plliev
2464 2380 44 32 of
2530 2379 26 33 it
2585 2378 149 43 belJngs
2758 2383 37 25 to
2815 2375 61 31 the
2900 2372 110 34 Minis-

1685 2447 85 28 ters.
1825 2437 112 46 Upon
1967 2438 73 33 this
2072 2439 105 43 point
2200 2437 43 33 of
2256 2437 63 33 the
2336 2437 188 45 queAlon,
2552 2434 203 40 therefore,
2783 2443 57 22 we
2872 2430 91 33 wish
2995 2439 35 24 to

1685 2498 91 33 oiler
1789 2507 102 22 501110
1907 2494 270 34 observations.

1734 2554 35 35 A
1786 2559 174 38 conquest
1978 2561 67 25 can
2068 2552 87 43 only
2187 2550 45 33 be
2258 2549 174 34 valuable
2448 2546 124 35 either
2590 2548 48 44 by
2662 2546 44 33 its
2725 2545 171 34 absolute
2913 2552 45 24 or
2975 2551 60 24 re•

1687 2611 116 34 lative
1820 2610 346 45 importnnee,—by
2189 2617 97 24 some
2313 2607 110 34 value
2456 2606 120 33 which
2610 2606 60 32 has
2704 2604 35 33 in
2772 2602 112 41 itself,
2911 2611 44 21 or
2983 2600 50 45 by

1688 2668 204 41 something;
1911 2667 120 33 which
2054 2667 25 31 it
2104 2666 143 32 derives
2275 2663 96 33 front
2409 2673 14 22 t
2458 2663 209 43 particular
2692 2666 97 28 state
2820 2657 46 33 of
2896 2657 137 43 thiugs.

1694 2725 124 35 Under
1837 2725 63 32 the
1913 2725 67 32 last
2003 2724 103 44 point
2124 2721 45 34 of
2185 2722 110 34 view,
2326 2721 59 32 the
2407 2727 89 25 most
2518 2721 131 31 barren
2667 2718 91 33 rock
2779 2726 80 34 may
2880 2717 156 32 become

1691 2783 41 33 of
1746 2781 156 34 relative
1920 2783 244 44 iinportance.
2223 2778 116 34 Malta
2365 2779 162 41 perhops
2545 2778 27 30 is
2590 2787 44 21 an
2655 2776 176 39 example
2850 2773 35 32 in
2904 2772 102 44 point
3022 2783 13 25 ;

1694 2841 119 33 Malta
1843 2839 143 34 neither
2011 2846 125 37 grows
2167 2846 102 28 corn,
2296 2846 67 22 nor
2392 2833 97 34 feeds
2516 2833 130 40 cattle,
2673 2833 110 43 equal
2805 2837 38 27 to
2867 2830 64 33 her
2950 2841 86 21 own

1693 2898 350 44 consumption,—it
2075 2903 92 25 must
2196 2893 145 44 always
2362 2894 45 32 he
2426 2893 202 44 supported
2652 2893 47 40 by
2722 2888 207 44 England..
2962 2887 79 34 But

1696 2957 133 33 Alatut,
1858 2957 132 31 barren
2026 2955 32 31 in
2235 2952 69 33 and
2336 2950 187 33 therefore
2557 2949 35 34 in
2619 2960 46 21 an
2683 2947 172 34 absolute
2876 2946 106 43 point
3001 2944 46 33 of

1696 3015 92 33 view
1818 3014 44 33 of
1885 3024 46 24 no
1965 3012 122 37 value,
2114 3021 157 22 a.ssanies
2298 3019 20 22 a
2353 3008 158 32 relative
2531 3007 71 43 imp
2611 3017 33 21 o;
2657 3013 104 25 twice
2779 3017 39 20 as
2837 3014 67 21 one
2923 3002 43 33 of
2979 3002 66 37 the

1696 3076 90 32 hula
1799 3074 89 33 arks
1912 3070 43 33 of
1982 3071 60 32 the
2078 3069 293 37 Mediteranean,
2396 3066 72 32 :Ind
2502 3065 110 32 under
2628 3064 100 32 these
2764 3061 282 34 circunislanees

1700 3141 71 24 teas
1789 3130 61 33 the
1872 3133 167 39 pretext,
2062 3125 32 34 if
2108 3130 63 30 not
2192 3125 61 33 the
2271 3122 122 35 actual
2411 3132 123 30 Cause,
2561 3120 43 33 of
2616 3120 60 33 the
2692 3119 351 34 recommencement

1696 3188 43 33 of
1752 3188 59 33 the
1830 3196 91 24 war.

1743 3244 80 33 The
1844 3243 109 34 value
1967 3241 44 33 of
2026 3241 33 33 'AI
2068 3240 185 44 artiolipte
2269 3243 90 27 toat
2375 3237 43 30 h'
2435 3235 100 34 rated
2554 3244 98 34 npoa
2666 3233 100 33 these
2787 3230 162 47 Itrincipl
2994 3244 51 14 --

1700 3302 110 33 What
1833 3302 27 32 is
1880 3300 57 34 it's
1956 3299 172 33 ith-elate
2148 3296 105 33 ya!ae
2269 3296 11 32 ?
2340 3296 32 30 W
2391 3296 61 30 hat
2486 3295 26 28 is
2543 3293 27 32 it
2602 3293 59 30 %%01
2661 3293 14 30 -
2675 3293 46 30 itt
2753 3291 32 32 in
2807 3288 123 34 it.:elf?
2986 3288 58 31 Or

1698 3361 98 32 Nvhiit
1828 3360 27 32 is
1878 3358 59 32 it's
1968 3357 157 32 relative
2148 3354 136 32 %aim.?
2395 3356 60 27 hat
2478 3348 107 34 other
2615 3348 122 44 points
2756 3346 43 34 of
2812 3348 233 41 importance

1697 3418 84 32 does
1802 3417 25 32 it
1848 3420 154 39 protnoti.
2002 3420 18 39 ,
2039 3423 41 21 or
2102 3410 209 35 f;!cilitate?
2373 3409 97 33 Does
2502 3409 25 32 it
2554 3418 19 20 f`
2583 3418 14 20 X
2609 3407 57 43 pel
2692 3406 59 31 the
2776 3403 141 35 French
2944 3402 100 33 from

1700 3475 59 32 the
1783 3472 99 33 West
1907 3471 135 39 Indies,
2057 3469 67 33 and
2144 3469 34 33 in
2197 3480 39 21 co
2254 3468 126 38 doitiz,
2402 3467 86 32 does
2509 3467 25 31 it
2556 3462 213 44 materially
2792 3465 169 39 promote
2983 3457 61 33 the

1702 3530 133 33 wealth
1857 3528 69 35 and
1945 3536 204 24 commerce
2169 3524 44 33 of
2230 3523 167 39 Inland

1747 3588 115 40 Now,
1894 3585 86 33 with
2000 3589 143 38 re:Tect
2159 3587 38 28 to
2218 3583 44 31 it.
2280 3582 169 33 absol'ite
2467 3581 120 35 value.
2606 3575 229 43 Martinique
2901 3583 20 20 a
2937 3580 111 34 stigar

1700 3644 130 39 island,
1857 3643 70 33 and
1950 3643 89 33 ..vith
2062 3641 59 33 the
2135 3640 202 44 exception
2355 3638 43 33 of
2414 3638 190 37 Jamaica,
2626 3645 43 24 ev
2678 3633 106 34 ere&
2796 3643 41 21 eV
2845 3641 63 32 ery

2927 3628 118 33 irinnd

1701 3703 33 32 in
1752 3711 66 24 our
1841 3699 217 47 pot-,cion.
2114 3699 53 33 Its
2194 3696 130 35 antimil
2349 3696 180 45 proitticc,
2559 3694 33 33 in
2611 3702 110 34 ,•tzgar
2748 3689 72 33 and
2846 3692 107 31 C01:01
2954 3692 18 31 1
2972 3692 19 31 ,
3018 3684 31 35 if

1703 3757 280 48 proporliounte
2006 3763 37 26 to
2065 3757 43 32 its
2128 3754 210 45 magtii:arl:•.
2370 3754 69 33 and
2467 3751 174 46 fertility.
2700 3749 33 32 it
2765 3746 65 33 has
2848 3744 91 32 hero
2960 3742 89 33 well

1700 3816 175 52 olr,cr‘cti
1894 3816 47 41 by
1963 3815 81 31 tho'
2046 3824 20 21 e
2130 3811 44 33 ho
2194 3811 92 33 have
2322 3809 148 34 written
2500 3820 44 21 on
2572 3807 59 32 Ow
2669 3806 13 33 1
2682 3806 13 33 1
2695 3806 70 33 ,.est
2800 3801 103 38 Indic'
2903 3801 18 38 ,
2921 3801 18 38 ,
2966 3798 84 34 that

1698 3874 60 33 the
1783 3870 142 37 l'ret:cl4
1946 3870 53 33 VIII
2026 3870 6 33 i
2041 3876 58 26 vat
2108 3870 58 32 it):1
2189 3870 60 32 11:1••
2655 3862 37 33 th
2699 3874 18 19 a
2724 3867 12 27 t
2756 3859 44 35 of
2815 3859 61 32 the
2898 3850 123 48 I.:lnglis
3021 3850 14 48 ,
3035 3850 14 48 '

1706 3931 183 38 Plaaters,
1913 3927 70 34 and
2015 3934 81 26 that
2127 3925 184 34 therentre
2333 3922 64 34 the
2433 3922 139 33 l'roncli
2608 3918 13 35 i
2621 3918 13 35 ,
2634 3918 106 35 1,111;h4
2769 3927 65 21 arty
2865 3913 184 43 infinitely

1701 3999 73 22 ttior,
1774 3999 12 22 -
1786 3999 13 22 !
1818 3986 234 45 productive.
2113 3986 30 32 It
2167 3983 77 33 will
2265 3989 58 26 not
2347 3979 33 35 th
2380 3979 17 35 ,
2396 3979 137 35 .-refore
2567 3978 45 32 he
2643 3981 63 27 too
2737 3976 247 39 extravagant
3005 3979 48 25 au

1700 4045 184 37 e.“iraate,
1915 4045 21 30 it
1961 4054 56 21 we
2034 4042 91 33 take
2147 4041 61 33 the
2228 4039 130 33 annual
2382 4036 163 45 rrinlace
2575 4032 21 34 o
2596 4032 22 34 f
2643 4043 13 34 .
2656 4043 27 34 04
2683 4043 14 34 ,
2698 4043 14 34 ;
2712 4043 14 34 :
2726 4043 14 34 t
2740 4043 28 34 r,
2802 4035 40 33 co
2842 4035 40 33 tt
2882 4035 20 33 o
2902 4035 43 33 o,
2978 4025 74 34 anti

1701 4106 107 33 other
1830 4101 163 35 colotii:;1
2013 4098 163 46 prodnee
2196 4103 34 27 at
2254 4096 249 43 Mar*.itatine,
2520 4098 35 30 at
2575 4093 111 33 about
2713 4087 185 37 911e•-fOUrl
2908 4085 18 33 h
2948 4082 107 38 atilt

2576 4168 4 5 •

1700 4162 77 34 that
1796 4160 25 35 i>
1845 4157 115 38 raised
1983 4157 35 35 in
2039 4157 60 34 the

686 1571 67 40 rity
774 1571 48 26 of
837 1571 177 41 popular
1033 1571 167 40 opinion
1220 1576 9 26 ;
1263 1571 77 26 and
1361 1571 69 25 the
1450 1571 157 38 highest

1675 1594 74 27 tors
1773 1589 61 32 the
1859 1587 122 44 praise
1998 1585 81 34 that
2100 1586 28 33 is
2145 1586 70 32 due
2233 1593 35 25 to
2285 1585 98 33 their
2415 1584 169 45 personal
2607 1581 174 34 heroism.
2838 1580 100 32 With
2961 1589 59 24 re-

686 1615 213 51 immunity
924 1612 32 39 is
967 1615 151 48 justice
1139 1617 43 34 to
1204 1610 215 40 offenders.
1476 1609 131 45 Strict,
1633 1609 2 57 ,

686 1664 74 39 ialit
772 1670 33 46 y
806 1664 59 40 'on
887 1665 80 40 this
983 1664 100 40 head
1106 1667 50 37 i
1155 1664 162 53 equally
1341 1661 210 41 beneficial
1569 1667 40 33 to

1674 1649 103 40 spect
1795 1651 37 27 to
1848 1646 98 31 them
1962 1642 105 34 there
2085 1652 67 24 can
2169 1643 44 32 he
2228 1642 64 33 but
2311 1652 66 22 one
2399 1642 169 44 opinion.
2621 1641 57 32 On
2693 1639 87 37 this,
2796 1646 39 25 av
2846 1648 45 21 °a
2906 1645 115 33 every

1120 1680 17 22 s

700 1719 71 39 the
790 1719 211 51 governed
1018 1719 96 45 ;—it
1135 1719 133 51 places
1297 1730 90 25 men
1414 1716 37 37 in
1474 1728 136 38 power
1676 1703 106 33 either
1804 1700 187 41 occasion,
2016 1700 89 43 they
2139 1698 94 33 have
2263 1698 224 33 maintained
2524 1698 59 33 the
2616 1696 211 44 reputation
2854 1693 44 33 of
2923 1693 102 33 their

686 1770 110 39 ninds
817 1773 110 37 them
948 1770 236 44 incessantly
1208 1770 48 39 of
1280 1769 105 39 their
1401 1769 116 50 duty,
1531 1748 4 71 •
1546 1781 65 25 ac-
1676 1754 308 45 country,—they
2003 1754 94 34 have
2114 1754 116 33 added
2244 1754 157 34 another
2413 1755 117 32 laurel
2546 1762 38 24 to
2598 1765 69 21 our
2679 1752 163 34 national
2865 1762 20 18 a
2901 1748 123 41 reath,

686 1837 38 26 as
755 1837 22 25 a
807 1835 141 26 severe
964 1825 74 38 but
1059 1822 130 43 useful
1211 1822 184 40 Monitor
1411 1850 11 17 ,
1452 1820 163 40 teaches
1676 1812 69 32 and
1763 1811 216 45 augmented
2000 1812 63 32 the
2091 1813 146 43 gt`ltrrili
2269 1812 107 33 stock
2400 1811 90 33 with
2511 1809 99 34 their
2628 1820 84 24 uwu
2733 1807 206 35 individual
2961 1815 64 22 ac-

686 1876 65 39 fit
770 1881 152 33 cannot
951 1877 146 52 inspire
1124 1877 111 38 them
1264 1876 97 39 with
1393 1874 132 41 virtue
1541 1874 73 44 ;is
1678 1869 207 46 quisitioas.
1943 1869 34 33 It
1997 1879 73 24 was
2091 1869 61 33 the
2173 1869 119 45 praise
2311 1869 45 33 of
2367 1869 61 33 the
2444 1869 143 33 ancient
2611 1869 190 43 Spartans,
2817 1865 76 31 that
2910 1871 117 25 every

686 1933 63 33 etc
769 1930 161 50 against
948 1930 70 38 the
1041 1930 138 51 poison
1195 1928 51 39 of
1261 1941 151 41 power,
1433 1928 77 38 and
1528 1939 86 38 pre-
1637 1915 6 52 I
1680 1935 81 25 man
1781 1926 181 43 imagined
1983 1925 54 33 his
2055 1932 161 35 country
2230 1936 37 21 as
2288 1925 24 32 it
2335 1933 99 25 were
2452 1925 193 32 embodied
2668 1923 34 34 in
2722 1920 162 34 himself.
2939 1919 38 33 It
2996 1918 32 34 is

686 1985 9 34 t
719 1983 246 52 sanguinary
987 1981 274 45 convulsions,
1281 1980 124 40 which
1428 1983 187 35 counter-
1639 1970 5 65 I
1680 1984 150 43 equally
1853 1984 60 32 the
1932 1982 282 34 characteristic
2243 1982 122 44 praise
2383 1978 45 35 of
2448 1981 123 45 Englis
2578 1981 120 39 hmen,
2727 1981 80 31 that
2826 1978 85 43 they
2933 1974 96 46 fight

686 2035 67 39 the
771 2036 209 38 excessive
998 2035 78 39 and
1106 2033 231 52 enfeebling
1356 2033 194 39 humours
1576 2033 46 38 of
1641 2029 5 56 I
1681 2053 39 21 as
1741 2041 30 33 if
1788 2040 60 34 the
1870 2040 142 33 honour
2029 2039 44 34 of
2085 2039 64 33 the
2166 2047 152 37 country
2342 2039 117 33 rested
2481 2050 45 21 on
2544 2039 99 32 their
2662 2036 204 34 individual
2884 2034 142 33 efforts.

686 2092 83 35 tints
788 2088 74 39 anti
880 2088 170 40 vitiated
1072 2088 301 38 constitutiona.
1430 2085 97 38 This
1547 2096 69 26 on-
1684 2100 30 32 A
1735 2102 154 38 country
1910 2104 91 26 must
2019 2096 236 44 necessarily
2255 2096 154 33 become
2422 2102 104 35 great
2550 2106 24 20 st
2588 2095 83 32 here
2686 2104 106 32 every
2819 2091 207 34 individual

705 2145 45 33 to
784 2140 203 40 offenders
1005 2143 31 38 is
1054 2153 26 27 a
1098 2141 137 39 sacred
1256 2141 97 50 duty
1383 2139 67 38 the
1485 2137 135 52 public
1684 2156 80 34 thus
1783 2154 181 34 identifies
1982 2154 154 33 himself
2146 2156 34 32 in
2203 2156 61 32 her
2278 2154 165 33 interests
2463 2153 71 33 and
2554 2153 34 32 in
2607 2152 63 32 her
2683 2151 124 44 glory.

690 2194 116 45 tales,
834 2207 44 25 as
896 2194 87 39 well
999 2206 43 27 as
1056 2206 237 32 succesaors,
1324 2194 38 35 in
1380 2192 117 38 (Alice
1515 2207 9 27 ;
1556 2190 65 39 for

686 2244 61 46 oe,

777 2259 104 26 even
913 2246 244 44 barbarouc,

1187 2245 94 40 they

1302 2242 141 41 should
1475 2244 48 38 be
1554 2243 65 38 de-
1734 2211 69 35 But
1828 2213 60 33 the
1913 2213 104 32 merit
2039 2211 190 43 o!'llaving
2245 2210 194 44 acquired,
2466 2210 69 33 and
2557 2209 61 33 the
2639 2207 107 33 value
2898 2215 20 24 a
2761 2205 45 34 of
2820 2206 60 32 the
2924 2202 104 46 cqui-

1683 2277 126 34 sition,
1834 2280 64 24 arc
1918 2277 74 25 to
2011 2280 85 32 very
2117 2269 164 32 different
2298 2267 307 39 considerations,
2623 2264 69 33 and
2711 2265 33 32 in
2758 2262 104 45 point
2882 2259 44 33 or
2937 2259 74 37 fact
3012 2259 19 37 ,

686 2310 76 28 !rice
793 2298 97 45 they
919 2311 123 27 never
1071 2297 203 41 forfeited.
1326 2300 89 35 Too
1436 2294 183 54 unquali-

686 2365 43 26 uo
759 2352 378 51 undiscriminating
1163 2365 25 26 a
1207 2349 190 53 jealousy
1430 2348 47 39 of
1499 2361 122 39 every
1938 2176 426 150 w
2365 2176 855 150 l•

1685 2337 52 25 re
1843 2336 85 32 very
1949 2326 34 32 di
1993 2326 25 32 ff
2019 2331 98 26 erent
2137 2326 154 44 parties.
2327 2324 83 32 The
2428 2324 109 32 merit
2556 2321 44 33 of
2613 2322 60 32 the
2691 2326 176 38 conquest
2881 2317 151 41 belenti„.s

718 2417 53 26 an
806 2405 215 39 ostensible
1055 2404 293 53 employment,
1385 2407 107 34 must
1530 2401 92 39 ulti-
1685 2391 38 27 to
1740 2383 64 33 the
1827 2383 112 41 Army
1961 2382 71 33 and
2053 2380 191 44 Navy--T
2254 2381 43 31 he
2314 2379 129 45 p2liey
2464 2380 44 32 of
2530 2379 26 33 it
2585 2378 149 43 Wangs
2758 2383 37 25 to
2815 2375 61 31 the
2900 2372 131 34 Minis-

686 2456 26 39 id
746 2456 69 40 the
843 2469 276 39 consequence
1155 2457 30 38 is
1220 2454 285 47 unavoidable,
1533 2454 90 39 that
1685 2447 85 28 tors.
1825 2437 112 46 Upon
1967 2438 73 33 this
2072 2439 105 43 paint
2200 2437 43 33 of
2256 2437 63 33 the
2336 2437 188 45 question,
2552 2434 203 40 therefore,
2783 2443 57 22 we
2872 2430 91 33 wish
2995 2439 37 24 LO

686 2507 72 46 ok,
777 2507 94 40 with
891 2522 24 25 a
927 2510 176 51 jealous,
1124 2509 144 39 hostile
1284 2507 132 52 spirit,
1437 2513 43 32 to
1498 2519 123 39 every
1685 2498 91 33 oiler
1789 2507 102 22 some
1907 2494 270 34 observations.
3204 2494 5 66 1

686 2567 163 41 "'anent;
881 2562 78 39 and
980 2562 93 40 thus
1090 2564 69 37 the
1191 2565 120 46 great
1328 2559 86 39 link
1435 2559 48 38 of
1499 2559 122 39 union
1734 2554 35 35 A
1786 2559 174 38 conquest
1978 2561 67 25 can
2068 2552 87 43 only
2187 2550 45 33 be
2258 2549 174 34 valuable
2448 2546 124 35 either
2590 2548 48 44 by
2662 2546 44 33 its
2725 2545 171 34 absolute
2913 2552 45 24 or
2975 2551 60 24 re.
3202 2545 7 8 '

686 2614 41 38 ch
759 2627 74 26 can
865 2614 122 39 alone
1018 2615 143 39 render
1179 2616 70 37 the
1276 2611 253 53 community
1561 2626 60 26 re-
1687 2611 116 34 lative
1820 2610 346 45 importance,—by
2189 2617 97 24 some
2313 2607 110 34 value
2456 2606 120 33 which
2610 2606 60 32 has
2704 2604 35 33 in
2772 2602 112 41 itself,
2911 2611 44 21 or
2983 2600 50 45 by
3198 2603 13 33 t.

686 2666 58 39 ind
765 2667 176 52 tranquil
961 2667 79 40 arid
1062 2680 241 41 prosperous
1323 2670 40 33 at.
1383 2667 133 37 home.
1688 2668 204 41 somethimt;
1911 2667 120 33 which
2054 2667 25 31 it
2104 2666 143 32 derives
2275 2663 96 33 front
2401 2673 22 22 a
2458 2663 209 43 particular
2692 2666 97 28 state
2820 2657 46 33 of
2896 2657 137 43 things.

686 2722 136 35 ember
843 2733 48 25 an
917 2721 177 38 instance
1126 2719 38 39 in
1196 2720 70 38 the
1286 2719 150 51 history
1459 2718 50 38 of
1533 2717 91 46 this,
1694 2725 124 35 Under
1837 2725 63 32 the
1913 2725 67 32 last
2003 2724 103 44 point
2124 2721 45 34 of
2185 2722 110 34 view,
2326 2721 59 32 the
2407 2727 89 25 most
2518 2721 131 31 barren
2667 2718 91 33 rock
2779 2726 80 22 may
2880 2717 156 32 become

686 2777 100 47 lacy,
819 2773 135 39 where
973 2778 223 47 sylliptollai
1215 2772 50 38 of
1279 2786 24 24 a
1326 2785 110 25 more
1454 2771 172 51 danger-
1691 2783 41 33 of
1746 2781 156 34 relative
1920 2783 244 44 iinpartunce.
2223 2778 116 34 Malta
2365 2779 162 41 perhaps
2545 2778 27 30 is
2590 2787 44 21 an
2655 2776 176 39 example
2850 2773 35 32 ill
2904 2772 102 44 point
3022 2783 13 25 ;

690 2825 105 52 have:
817 2826 239 40 manifested
1077 2824 256 46 themselves,
1363 2824 97 39 than
1480 2837 70 26 arc
1569 2824 57 37 vi-
1694 2841 119 33 Malta
1843 2839 143 34 neither
2011 2846 125 37 grows
2167 2846 102 28 corn,
2296 2846 67 22 nor
2392 2833 97 34 feeds
2516 2833 130 40 cattle,
2673 2833 110 43 equal
2805 2837 38 27 to
2867 2830 64 33 her
2950 2841 86 21 own

686 2882 57 34 ant
767 2878 37 38 in
826 2880 126 39 Great
984 2880 164 39 Britain.
1204 2878 91 38 The
1323 2877 161 38 highest
1509 2875 115 40 reach
3422 2875 1 44 .

1693 2898 350 44 consamption,—lt
2075 2903 92 25 must
2196 2893 145 44 always
2362 2894 45 32 be
2426 2906 13 20 s
2445 2904 18 19 u
2470 2902 77 34 ppo
2554 2893 74 33 rted
2652 2893 47 40 by
2722 2888 207 44 England..
2962 2887 79 34 But

686 2931 103 46 dont,
810 2930 48 39 of
872 2930 266 40 conciliation
1165 2910 203 72 tempered
1368 2910 25 72 b
1393 2910 104 72 with
1518 2929 110 39 firm-
3419 2910 4 72 ,

686 2983 99 45 ;Ude,
800 2983 260 52 imperiously
1077 2991 145 45 urgent
1237 2986 39 37 in
1286 2982 116 40 order
1419 2989 43 32 to
1478 2988 151 32 restore
1696 2957 117 33 Malut
1824 2981 6 8 ,
1858 2957 132 31 barren
2026 2955 32 31 in
2094 2952 113 40 it:,elf,
2235 2952 69 33 and
2336 2950 187 33 therefore
2557 2949 35 34 in
2619 2960 46 21 an
2683 2947 172 34 absolute!
2876 2946 106 43 point
3001 2944 47 33 of
3418 2943 5 92 ,

1696 3015 92 33 view
1818 3014 44 33 of
1885 3024 46 24 no
1965 3012 122 37 value,
2114 3021 157 22 assumes
2298 3019 20 22 al
2353 3008 158 46 relative
2531 3007 113 43 impot
2657 3013 104 25 ;mice
2779 3017 39 20 as
2837 3014 67 21 one
2923 3002 43 33 of
2979 3002 66 37 the

686 3048 86 27 !nee.
830 3038 135 38 Those
993 3038 91 38 who
1111 3050 70 26 are
1202 3035 142 40 zealou
1350 3048 17 24 s
1393 3034 78 40 and
1487 3034 142 39 ardent
3415 3046 8 24 o

686 3089 27 38 if
728 3089 156 45 abuses,
905 3094 110 35 must
1033 3091 50 38 be
1103 3089 188 40 cautious
1310 3089 89 39 that
1419 3089 104 39 their
1543 3087 85 40 veal
1696 3076 90 32 hula
1799 3074 89 33 arks
1912 3070 43 33 of
1982 3071 60 32 the
2078 3069 293 37 Mediteranean,
2396 3066 72 32 :Ind
2502 3065 110 32 under
2628 3064 100 32 these
2764 3061 282 34 circumsainees
3198 3083 12 28 I
3413 3103 9 25 I

686 3142 35 38 rd
750 3146 44 33 to
811 3141 322 54 intemperance;
1165 3142 109 39 their
1294 3141 89 39 love
1402 3141 48 39 of
1463 3139 165 46 reform,
1700 3141 71 24 was
1789 3130 61 33 the
1872 3133 167 39 pretext,
2062 3125 32 34 if
2108 3130 63 30 not
2192 3125 61 33 the
2271 3122 122 35 actual
2411 3132 123 30 cause,
2561 3120 43 33 of
2616 3120 60 33 the
2692 3119 351 34 recommencemeut
3195 3119 4 76 .
3226 3119 4 76 .
3412 3159 11 24 t

710 3196 116 35 innov
839 3195 126 39 alien.
1023 3196 144 39 Public
1194 3195 224 39 discontent
1449 3193 31 39 is
1508 3194 17 38 (
1654 3193 6 32 I
1696 3188 43 33 of
1752 3188 59 33 the
1830 3196 91 24 war.

3413 3219 9 24 I

686 3247 182 44 onlined,
913 3249 99 38 with
1049 3254 183 34 extreme
1264 3246 214 52 difficulty,
1517 3246 115 38 with-
1743 3244 80 33 The
1844 3243 109 34 value
1967 3241 44 33 of
2026 3240 210 44 Martilliiitu
2236 3240 18 44 -
2269 3243 90 27 inta.t
2375 3237 43 30 he
2435 3235 100 34 rated
2554 3244 98 34 nivel
2666 3233 100 33 these
2787 3230 259 47 principleei--..

686 3288 1 54 •
769 3300 41 39 if
848 3301 31 38 it
917 3302 119 38 reach
1074 3304 78 39 and
1195 3300 106 39 swell
1342 3307 41 30 to
1421 3314 24 22 a
1480 3301 151 41 certain
1700 3302 110 33 What
1833 3302 27 32 is
1880 3300 57 34 it's
1956 3299 172 33 ab-elate
2148 3296 105 33 vase
2269 3296 11 32 ?
2340 3296 32 30 W
2391 3296 61 30 hat
2486 3295 26 28 is
2543 3293 27 32 it
2602 3302 22 20 55
2637 3301 53 21 or:
2702 3293 19 30 hi
2753 3291 32 32 in
2807 3288 123 34 itmlf?
2986 3288 58 31 Or

686 3365 90 40 nary
797 3354 172 39 barriers
998 3361 148 32 cannot
1166 3356 168 39 restrain
1354 3356 26 34 it
1400 3353 98 41 ;--it
1517 3365 113 25 over-
1698 3361 98 32 what
1828 3360 27 32 is
1878 3358 74 32 it's-
1968 3357 157 32 relative
2148 3356 106 31 saint.
2272 3354 12 31 ?
2344 3352 32 32 V,
2395 3356 60 27 hat
2478 3348 107 34 other
2615 3348 122 44 points
2756 3346 43 34 of
2812 3348 234 41 importance
3407 3325 13 31 t

689 3418 122 38 every
834 3412 109 33 trace
961 3407 50 39 of
1035 3407 70 39 the
1130 3407 155 38 former
1315 3410 314 44 arrant:a-meats.
1697 3418 20 32 d
1717 3418 64 32 oes
1802 3417 25 32 it
1896 3420 24 39 a
1919 3420 73 39 nta
2002 3423 78 24 aor
2102 3410 38 35 fa
2140 3410 19 35 c
2159 3410 152 35 ilitate?
2373 3409 97 33 Does
2502 3409 25 32 it
2554 3407 112 43 expel
2692 3406 59 31 the
2776 3403 141 35 French
2944 3402 100 33 from
3409 3390 14 33 F

686 3446 1 56 I
716 3458 155 40 violent
904 3458 241 40 resolutions
1183 3459 78 38 will
1296 3458 162 44 thwart,
1517 3463 14 32 I.
1566 3459 67 37 the
3210 3446 5 56 :
3405 3446 18 20 0

1700 3475 59 32 the
1783 3472 99 33 West
1907 3471 135 39 ladies,
2057 3469 67 33 and
2144 3469 34 33 in
2197 3480 39 21 so
2254 3468 109 34 (lulu,!
2372 3491 8 14 ,
2402 3467 86 32 dues
2509 3467 25 31 it
2556 3462 213 44 materially
2792 3465 169 39 promote
2983 3457 64 33 the

686 3524 25 38 7y
750 3513 237 39 reasonable
1022 3519 188 46 prospect
1246 3513 48 37 of
1324 3511 305 45 amelioration;
1702 3530 66 33 wea
1768 3530 22 33 l
1791 3530 22 33 t
1813 3530 22 33 h
1857 3528 45 35 an
1902 3528 24 35 d
1945 3536 204 24 efflomerce
2169 3524 21 33 o
2190 3524 22 33 f
2230 3523 37 34 i;
2267 3523 18 34 o
2284 3523 56 34 .ri
2340 3523 38 34 ao
2378 3523 19 34 d
2413 3524 11 33 ?
3402 3501 21 24 n

3217 3527 2 6 '

2288 3553 19 14 :.
3217 3539 2 28 '

686 3563 66 39 tell
775 3578 41 26 as
837 3565 208 40 moderate
1077 3579 106 32 men,
1214 3565 80 39 will
1318 3563 120 40 recoil
1459 3563 103 39 front
1584 3576 46 26 an
3230 3561 2 50 .
3406 3561 8 20 '
3415 3561 8 20 3

1747 3588 115 40 Now,
1894 3598 21 20 a
1932 3585 48 33 kit
2000 3589 143 38 re:Tect
2159 3587 38 28 to
2218 3583 44 31 its
2280 3582 169 33 absolute
2467 3581 120 35 value,
2606 3575 229 43 Martinique
2855 3572 27 33 ig,
2901 3583 20 20 a
2937 3580 111 34 sogaf
3211 3572 5 57 ,

686 3617 72 44 ich,
781 3617 34 38 if
822 3622 71 33 not
915 3618 146 53 calmly
1089 3620 76 38 and
1185 3617 214 54 prudently
1419 3617 213 44 maniered,
1700 3647 6 14 ,
1804 3644 7 17 ,

1700 3646 14 32 '
1714 3645 58 38 sum
1772 3645 19 38 ,
1791 3645 39 38 o,
1857 3643 70 33 and
1950 3643 89 33 :rich
2062 3641 59 33 the
2135 3640 202 44 exception)
2355 3638 43 33 or
2414 3638 190 37 Jamaien,
2626 3633 158 35 exceeds
2796 3641 112 32 every
2927 3628 118 33 islaild

686 3681 37 25 re
745 3670 48 38 of
807 3671 215 45 disorders,
1041 3672 64 39 far
1123 3684 115 26 more
1256 3672 228 44 dangerous
1505 3653 37 56 tj
1541 3653 18 56 '
1559 3653 74 56 llie

1701 3703 33 32 in
1910 3719 11 13 s
1926 3713 31 19 e

1967 3699 92 33 sion.
2194 3696 130 35 annual
2114 3699 53 33 las
2349 3696 180 45 prodace,
2559 3694 33 33 in
2611 3702 110 34 sugar
2748 3689 72 33 and
2846 3692 144 31 cot:oa,
3018 3684 31 35 if

686 3736 32 31 e,
741 3723 97 39 thaw
859 3723 70 39 the
957 3724 142 39 abases
1134 3738 28 22 vi•
1173 3724 91 39 kith
1285 3737 89 25 'tow
1397 3723 236 38 undermine
3235 3728 13 21 ie

1703 3757 280 48 proportiounte
2006 3763 37 26 to
2065 3757 43 32 its
2128 3754 210 45 magiii:ada
2370 3754 69 33 and
2467 3751 174 46 fertility.
2700 3749 33 32 it
2765 3746 65 33 has
2848 3744 91 32 hero
2960 3742 89 33 well

720 3776 86 37 The
840 3776 163 47 ICeghest
1025 3777 201 52 prudence
1257 3777 77 38 and
1361 3782 156 45 temper
1550 3789 84 27 are.

686 3828 99 53 'tally
809 3831 176 51 requsile
1002 3847 65 28 ;----
1083 3830 66 39 tle
1183 3830 109 44 wild,
1332 3829 302 51 impracticable
1700 3819 123 32 oti,ery
1833 3816 41 52 ad
1894 3816 47 41 by
1963 3815 103 31 those
2089 3811 84 34 who
2194 3811 92 33 havo
2322 3822 27 21 w
2361 3809 109 34 Tilton
2500 3820 44 21 on
2572 3807 59 32 Ow
2669 3806 96 33 ,lest
2800 3801 98 38 Indie
2898 3801 20 38 ,
2919 3801 20 38 ,
2966 3798 84 34 that

686 3882 211 43 visionary,
935 3896 44 25 as
1002 3880 84 41 well
1108 3896 41 25 as
1186 3883 70 38 the
1283 3882 194 43 frenzied,
1509 3883 124 37 disor-
1672 3883 7 45 E
1698 3874 60 33 the
1783 3870 142 37 :'reach
1946 3870 220 33 cultivation
2189 3870 60 32 has
2268 3867 33 34 :3
2313 3879 25 20 sx
2348 3878 66 32 ays
2439 3863 185 35 exceeded
2655 3862 80 33 that
2756 3859 44 35 of
2815 3859 61 32 the
2898 3850 151 48 English

686 3934 51 40 of
750 3935 66 39 the
831 3937 276 52 dcmagogae,
1129 3943 105 33 must
1251 3938 48 38 be
1315 3935 159 53 equally
1495 3935 138 40 avoid-
1706 3931 183 38 Plaaters,
1913 3927 70 34 acid
2015 3934 81 26 that
2127 3925 184 34 therefore
2333 3922 64 34 the
2433 3922 139 33 French
2608 3918 132 35 isbauls
2769 3927 65 21 are:
2865 3913 184 43 infinitely

686 3993 57 47 lit
765 3989 174 39 towards
969 3989 176 39 rational
1166 3989 164 39 reform.
1701 3999 98 22 inure
1818 3986 234 45 productive.
2113 3986 30 32 It
2167 3983 77 33 will
2265 3989 58 26 not
2347 3979 187 35 tlierefore
2567 3978 45 32 he
2643 3981 63 27 too
2737 3976 247 39 extravagant
3005 3979 48 25 an

686 4041 129 39 el:lom
848 4041 69 39 fall
941 4048 40 32 to
1005 4043 67 38 the
1093 4041 60 41 lot
1172 4042 50 38 of
1233 4041 227 46 humanity,
1480 4055 67 27 are
1566 4054 67 27 rc-
1674 4076 6 17 ,
1700 4045 184 37 estimate,
1915 4043 30 32 if
1961 4054 56 21 we
2034 4042 91 33 take
2147 4041 61 33 the
2228 4039 130 33 annual
2382 4036 15 45 !
2398 4036 15 45 i
2413 4036 17 45 t
2430 4036 116 45 -ad:tee
2575 4032 44 34 of
2643 4043 125 34 .:agar,
2802 4035 143 33 coque,
2978 4017 74 43 twit
3385 4055 35 24 ar

686 4095 168 44 imisirv,
888 4096 91 37 who
1007 4094 133 39 would
1176 4095 116 50 bring
1322 4095 77 38 this
1419 4097 72 37 cris
1491 4097 18 37 i
1508 4097 19 37 s
1548 4100 40 33 to
1611 4108 24 24 a
1672 4093 136 60 lother
1830 4103 72 33 colt
1944 4101 48 32 iI
2013 4098 163 46 produce

742 4150 25 19 ~
815 4140 9 8 •
947 4148 11 21 .
958 4148 12 21 1

1023 4152 63 19 ...,
1156 4147 6 7 .
1320 4093 28 78 .
1433 4093 28 78 •
1489 4093 27 78 •
1636 4093 5 78 .
1905 4113 32 21 )I,
1958 4123 17 8 •.
2196 4103 34 27 at
2256 4126 8 5 _
2346 4126 39 20 ..
2430 4109 6 30 1
2492 4119 11 18 ,
3393 4093 30 34 hi

715 4157 90 30 Atea
835 4157 162 43 equally
1023 4153 196 37 alteutoe
1237 4153 43 35 to
1302 4152 66 39 the
1382 4149 189 41 demands
1593 4152 39 37 ot
1700 4162 77 34 that
1845 4157 115 38 raked
1983 4157 35 35 in
2039 4157 60 34 the
2126 4155 151 45 I.,:•g!ish
2296 4152 148 38 ialandi•
2787 4161 6 5 .
3405 4152 18 22 o

2828 4222 6 6 .
2868 4204 18 27 a
2941 4217 17 7 -
2972 4196 30 39 _•.
3001 4196 9 39 -
3011 4196 11 39 .
3021 4196 11 39 -
3032 4196 11 39 i
3389 4192 33 27 tiv

2196 4272 1 30 :
2283 4272 4 30 -
2302 4276 30 18 •••
2350 4272 59 30 -•-•
2465 4272 11 18 4
2502 4272 2 30 •
2569 4276 46 26 ~;-•

2614 4350 28 17 •11.
2639 4276 18 25 •••
2678 4260 8 13 '

2696 4350 14 14 IF
2706 4267 64 31 :.:;;.
2830 4260 2 104 •
2859 4265 33 37 .t•
2910 4266 17 14 a
2973 4260 17 26 1

1180 4299 4 28 •
1734 4319 9 8 .

686 4329 1 43 •
723 4329 63 31 .O'
857 4329 5 43 .
918 4333 19 21 4
1009 4346 6 6 .
1033 4345 6 1 -
1129 4329 4 43 •
1284 4329 4 43 .
1306 4329 5 43 -
1426 4341 14 4 -
1646 4341 8 5 -
2430 4358 63 13 ....

2497 4329 9 7 '
2538 4326 54 30 4

2568 4351 15 15 ,L
2593 4359 6 5 .
2692 4322 38 26 •..
2740 4316 4 51 •
2760 4331 47 19 4.,.
2829 4316 21 39 .•

2854 4315 65 43 1r

2505 4359 17 8 ..
2544 4343 38 25 -
2694 4343 38 25 •
2807 4343 112 25 al.

2623 43 217 52 APRIL
2885 45 79 53 16.

3207 350 6 18 r

3207 393 6 35 i

3215 707 6 32 i

3200 953 7 93 i
