3425 4441
231 117 100 53 254
1130 115 150 52 THE
1317 106 381 57 NATIONAL
1736 103 383 54 REGISTER.
2654 100 165 52 APRI

720 261 131 74 Cbc
876 262 239 76 papa.

490 433 151 7 -----
653 419 71 27 The
736 418 115 35 Pulpit,
870 420 63 26 and
948 422 13 26 1
976 428 89 19 name
1077 419 20 27 it
1111 418 81 30 filled

487 467 91 27 NVitti
592 467 116 26 !wit-Inn
720 474 73 25 .we,
813 467 66 27 that
891 467 67 27 hids
973 475 47 18 ;vie
1033 467 66 27 %veil
1115 467 117 28 lieware

491 511 92 30 With
594 511 83 28 what
694 511 96 28 hire
806 513 9 26 I
830 513 92 26 touch
937 513 67 28 that
1018 513 67 35 holy
1097 511 103 34 thing!

489 559 102 32 There
602 557 87 28 stand
690 557 18 28 ,
722 559 53 28 the
789 567 45 19 ine
844 567 112 24 ..‘eager
969 557 35 28 of
1013 559 98 33 truth;
1131 560 85 28 there
1226 556 105 28 stands

491 605 70 28 The
573 606 117 34 Legate
702 604 35 27 of
748 604 51 28 the
814 604 170 28 Skies!—ii
1024 604 102 28 Theme
1139 605 45 26 di%
1194 604 57 31 ine,

489 652 58 30 His
559 652 87 30 office
656 652 119 33 balCred,
794 652 45 26 hi.
852 652 182 28 eredentiabi
1044 647 335 31 clean-170%1'MM

485 768 282 40 LECTURES
797 769 67 37 ON
900 767 115 38 TIIE
1046 767 165 38 Lrruß
1222 764 30 37 G

231 839 233 38 Commenced
480 839 187 41 February
679 839 59 32 the
754 836 98 40 11th,
872 835 73 34 and
957 846 45 21 on
1026 835 125 32 March
1170 835 57 32 the
1239 833 80 34 `?l+t
1342 828 246 41 Terminated,

591 913 66 35 By
681 913 50 35 G.
749 911 70 35 AN
831 911 162 34 DIU,NV
1006 909 73 41 LS,
1113 909 107 33 D.D.

878 981 58 25 or

389 1041 65 34 Sr.
480 1036 217 38 JAMES's
722 1033 243 39 CHURCH,
993 1043 46 24 IN
1070 1030 357 37 PICCIDILLY.

287 1111 428 46 APPREHENSIVE
735 1106 51 43 of
813 1104 259 41 innovation,
1102 1103 369 52 notwithstanding
1491 1102 92 51 they

231 1180 105 30 were
369 1166 211 40 solicitous
609 1162 69 39 for
716 1159 288 41 reformation,
1041 1157 67 39 the
1152 1157 239 39 Reformers
1427 1155 51 38 of
1519 1155 66 38 the

234 1220 162 41 Church
430 1218 51 40 of
506 1213 187 56 England
730 1213 69 41 did
841 1218 73 32 not
947 1209 122 39 effect
1108 1209 107 39 what
1243 1209 215 39 otherwise
1488 1207 93 52 they

233 1273 136 54 might
397 1272 107 39 have
546 1265 319 54 accomplished.
926 1264 123 51 Many
1074 1261 224 40 illustrious
1333 1261 249 44 characters,

234 1322 353 52 communicating
625 1320 143 40 within
804 1318 70 38 the
928 1315 94 52 pale
1069 1316 50 38 of
1152 1316 50 38 its
1261 1315 321 41 establishment,

233 1380 124 46 have,
386 1389 79 41 age
501 1375 109 39 after
639 1385 93 39 age,
764 1370 206 54 regretted
994 1369 67 37 the
1084 1367 340 53 incompleteness
1442 1367 50 39 of
1517 1367 67 38 the

233 1434 230 52 protestant
483 1426 270 43 reformation
771 1441 11 27 ;
811 1422 78 40 and
913 1422 52 38 of
980 1421 112 38 these
1111 1434 112 25 some
1241 1422 105 35 have
1367 1419 215 53 propoed,

233 1491 48 35 at
298 1483 168 39 various
484 1482 133 43 times,
639 1483 46 34 to
702 1479 146 38 review
865 1474 77 40 and
958 1474 144 38 a:iend
1121 1487 76 25 our
1208 1472 185 40 national
1413 1472 167 52 liturgy.

233 1541 43 37 it
292 1537 32 39 is
340 1543 74 33 not
433 1532 215 56 probable,
680 1531 203 43 however,
913 1528 93 38 that
1025 1526 78 38 this
1123 1539 183 27 measure
1338 1524 132 40 would
1491 1537 91 26 now

233 1590 54 40 be
304 1587 241 54 productive
573 1585 52 39 of
656 1584 72 39 the
754 1583 252 50 advantages
1039 1579 126 38 which
1200 1579 30 38 it
1269 1592 80 25 was
1381 1577 200 53 supposed

230 1654 107 28 were
353 1646 44 33 to
418 1641 54 39 be
498 1637 167 41 derived
694 1636 112 40 from
828 1633 44 39 it.
934 1632 157 39 Almost
1119 1632 70 38 the
1218 1643 112 30 same
1350 1631 209 39 considera-

231 1695 110 41 tions
359 1693 135 40 which
528 1688 176 43 induced
742 1688 51 39 its
826 1685 208 53 primitive
1068 1684 217 38 reformers
1304 1688 45 33 to
1370 1684 120 38 avoid
1513 1684 69 38 the

230 1753 184 37 extreme
429 1744 53 40 of
504 1742 261 45 innovation,
795 1752 105 27 seem
935 1743 45 34 to
1015 1737 139 52 apply,
1194 1739 93 37 with
1309 1737 120 51 equal
1452 1736 126 44 force,

233 1806 48 35 at
299 1800 80 40 this
396 1799 100 51 day,
516 1802 44 33 to
575 1796 73 39 the
667 1792 250 43 ceremonies
935 1789 81 40 and
1029 1789 204 47 discipline
1245 1789 50 38 of
1304 1802 78 26 our
1400 1789 180 39 national

229 1853 172 40 church.
462 1851 152 38 Crown
635 1848 98 38 with
763 1846 50 40 its
831 1844 161 54 growth
1012 1843 73 39 and
1107 1841 288 52 strengthened
1416 1843 93 39 with
1533 1843 48 38 its

230 1905 204 54 strength,
457 1904 31 38 it
507 1915 177 40 appears
703 1897 137 56 highly
865 1894 209 52 ineligible
1094 1900 44 33 to
1154 1896 128 38 shake
1300 1896 118 38 those
1441 1894 135 39 habits

231 1959 83 39 and
339 1956 213 41 affections
572 1957 56 50 by
658 1952 132 40 which
811 1952 69 38 the
901 1948 145 54 people
1062 1948 47 38 of
1126 1948 78 38 this
1222 1952 191 46 country,
1434 1948 148 52 during

231 2026 28 26 a
275 2009 157 43 critical
454 2008 227 40 succession
702 2006 52 39 of
776 2017 107 38 ages,
906 2006 109 35 have
1033 2002 97 37 been
1155 1998 224 53 uniformly
1410 2000 170 39 induced

231 2070 50 34 to
309 2063 139 54 prefer
481 2061 77 39 and
595 2062 163 51 protect
793 2057 67 39 the
896 2053 242 43 established
1178 2053 171 51 religion
1388 2053 51 39 of
1478 2054 105 38 their

231 2117 265 41 forefathers.
553 2117 38 37 It
621 2113 31 38 is
689 2108 131 53 rarely
850 2106 177 56 possible
1056 2112 44 33 to
1120 2106 53 39 do
1207 2105 110 40 whit
1336 2118 63 26 we
1416 2105 76 41 call
1515 2107 70 39 the

227 2171 112 40 best.
394 2165 312 44 Communities,
742 2176 54 27 no
834 2161 72 40 less
935 2161 102 39 than
1072 2159 72 40 the
1175 2157 247 41 individuals
1454 2158 128 40 which

231 2224 111 41 form
363 2220 132 40 them.
530 2223 109 34 must
669 2215 156 41 submit
856 2220 43 33 to
930 2228 65 26 see
1025 2211 105 39 their
1156 2211 143 39 wishes
1336 2210 155 40 lirnted
1531 2212 51 52 by

233 2280 158 40 events,
426 2272 79 40 and
547 2271 111 40 their
689 2268 233 56 operations
951 2265 314 39 circumscribed
1300 2265 44 43 b‘
1390 2264 190 52 ordinary

234 2326 322 57 computations.
615 2326 87 38 Our
720 2322 231 43 reformers,
970 2316 246 52 resembling
1237 2319 37 37 in
1297 2317 80 38 this
1393 2331 76 25 our
1487 2317 71 38 law-

229 2383 155 56 givers,
407 2392 92 39 may
522 2388 188 40 say,—as
728 2374 69 39 did
819 2372 135 46 Solon,
971 2370 115 39 when
1100 2369 52 40 he
1167 2383 79 25 was
1258 2369 128 39 asked
1403 2370 180 38 whether

231 2439 57 39 be
304 2434 80 43 had
406 2433 123 52 given
547 2431 72 38 the
639 2428 222 39 Athenians
878 2425 72 40 the
974 2422 89 41 best
1087 2422 52 39 of
1163 2422 97 39 laws
1384 2424 73 38 We
1476 2435 105 38 gave

231 2490 116 41 them
379 2487 72 40 the
487 2481 91 43 best
609 2481 52 39 of
680 2479 117 41 those
816 2478 250 40 institutions
1087 2476 92 39 that
1201 2474 93 53 they
1320 2474 135 40 would
1476 2476 105 39 have

233 2538 204 46 received.

291 2593 174 54 Enough
495 2593 31 40 is
544 2603 93 28 now
658 2584 233 58 suggested,
912 2582 163 54 though
1096 2595 115 27 more
1233 2580 133 53 might
1385 2580 52 40 be
1457 2580 124 53 urged

234 2655 46 38 to
301 2648 67 41 the
386 2659 116 30 same
520 2643 136 53 point,
674 2648 46 34 to
735 2640 159 54 explain
909 2639 72 39 the
993 2649 141 27 causes
1146 2636 47 38 of
1205 2635 110 38 what
1333 2647 120 38 many
1469 2634 115 52 pious

230 2702 152 59 people
403 2699 145 53 regard
565 2711 45 25 as
628 2695 156 40 defects
804 2695 34 35 in
855 2705 80 27 our
958 2692 168 50 Liturgy
1143 2705 11 28 ;
1186 2689 78 38 and
1286 2693 43 33 to
1348 2687 124 45 chew,
1493 2688 90 45 that

235 2764 46 34 to
295 2756 128 41 efface
441 2753 107 38 from
570 2754 32 35 it
624 2750 98 38 such
744 2746 165 45 defects,
941 2743 56 53 by
1028 2743 237 50 explaining.
1297 2739 172 40 difficult
1491 2753 69 39 por-

231 2811 110 46 tions
359 2806 53 41 of
433 2807 50 46 it,
504 2805 51 39 by
576 2802 216 51 obviating
819 2797 231 50 objections
1067 2794 117 39 made
1205 2800 44 32 to
1270 2797 44 43 it,
1337 2793 79 38 and
1439 2793 45 52 by
1514 2806 45 27 en-

231 2862 163 53 forcing
410 2858 72 41 the
500 2856 247 43 ordinances
764 2851 129 41 which
917 2862 71 26 are
1011 2848 215 40 contained
1250 2846 38 38 in
1311 2846 45 44 it,
1378 2859 43 25 as
1442 2844 85 39 well
1545 2859 40 24 as

227 2913 240 59 displaying
490 2910 69 41 the
576 2906 267 44 excellencies
878 2902 137 39 which
1050 2901 163 38 abound
1256 2898 261 52 throughout
1538 2898 46 44 it,

231 2969 187 53 requires
429 2975 61 34 no
504 2972 203 40 gammon
729 2957 180 45 teacher,
927 2957 77 37 but
1035 2967 77 25 one
1140 2967 25 22 vs
1178 2954 69 43 ho,
1281 2950 119 40 while
1439 2952 146 50 tanglit

230 3022 59 61 by
317 3018 135 48 truth,
485 3018 33 40 is
568 3014 90 43 also
680 3009 198 66 perfectly
922 3007 246 58 acquainted
1200 3019 27 25 Ns
1240 3005 58 39 ith
1338 3004 246 52 theological

235 3073 270 45 distinctions.

287 3150 87 41 The
394 3146 90 43 first
501 3144 51 43 of
560 3145 72 41 the
647 3143 124 43 series
790 3141 48 41 of
852 3141 195 39 Lectures
1065 3150 47 27 on
1136 3139 61 37 the
1217 3137 195 46 Liturgy,
1440 3139 48 45 by
1509 3133 73 40 Dr.

237 3206 239 41 Indrewes,
504 3198 50 43 of
568 3198 131 40 which
717 3200 15 38 I
755 3208 65 28 am
841 3194 131 41 about
993 3197 45 34 to
1058 3190 141 54 speak,
1228 3201 83 27 mas
1332 3191 69 37 the

542 3273 309 34 COMMINATION
875 3270 191 28 AGAINST
1083 3267 191 27 SINNERS.

291 3335 158 52 Sunddy
467 3333 206 48 Evening,
703 3331 209 46 February
932 3327 66 39 the
1020 3322 344 50 lgth.—Perhars
1395 3320 31 38 it
1455 3320 132 52 ought

234 3394 48 40 to
301 3389 52 45 be
373 3386 213 54 premised,
607 3386 118 37 when
749 3385 11 35 I
784 3394 64 26 am
868 3379 189 50 entering
1077 3386 111 43 upon
1208 3376 71 38 the
1302 3373 287 52 performance

237 3446 53 41 of
304 3445 79 40 this
400 3446 93 50 part
513 3439 52 40 of
576 3451 69 39 my
665 3435 112 45 task,
806 3435 105 45 that,
939 3432 210 38 whatever
1176 3441 80 26 was
1281 3429 73 37 Me
1388 3428 201 39 atte:dion

235 3498 97 57 paid
353 3496 52 56 by
430 3506 66 28 me
513 3497 44 34 to
575 3493 73 39 the
667 3490 178 48 subjects
872 3485 51 40 of
951 3485 112 39 these
1098 3481 222 40 soccesiive
1349 3480 240 46 d'vourscs,

239 3557 20 38 I
280 3552 104 40 have
403 3544 198 45 retained,
634 3542 220 52 excepting
874 3539 112 39 what
1015 3548 183 39 memory
1230 3547 92 25 may
1349 3533 240 50 reproduce,

296 3605 117 51 ehing
432 3611 115 30 more
572 3598 100 39 than
693 3608 115 26 some
834 3593 113 39 short
969 3594 117 35 notes
1106 3591 47 35 of
1178 3587 52 39 ail
1259 3589 91 35 that
1383 3585 67 40 fell
1479 3586 110 39 from

383 3656 143 39 ninettt
560 3648 201 54 preacher
791 3646 133 39 whose
958 3643 189 52 opinions
1181 3643 31 37 it
1248 3641 28 35 is
1311 3640 171 37 become
1520 3652 32 24 m
1552 3652 32 24 y

381 3719 56 28 ice
455 3711 46 35 to
523 3703 207 41 examine.
788 3702 18 38 I
840 3702 122 41 trust,
990 3694 287 43 nevertheless,
1309 3692 86 38 that
1431 3692 50 37 he
1515 3684 73 46 will

416 3769 139 32 reason
578 3762 45 34 to
643 3767 144 28 accuse
817 3765 61 26 me
907 3752 50 37 of
987 3748 152 51 having
1161 3745 202 40 mis!akeii
1394 3744 59 39 hi;
1483 3744 99 51 posi•

387 3814 79 39 and
480 3811 85 40 that
583 3821 103 28 even
705 3821 43 25 as
767 3811 45 33 to
831 3804 148 44 words,
994 3802 133 38 where
1150 3800 26 39 it
1200 3798 131 39 shrill.
1337 3811 14 24 ,
1351 3811 14 24 ,
1365 3811 14 24 ,
1380 3811 14 24 ,
1394 3811 30 24 in
1446 3811 145 39 proper

394 3872 17 34 ,
411 3872 35 34 at
472 3866 59 39 his
552 3862 149 41 words,
731 3861 30 37 it
784 3857 78 40 will
892 3857 51 39 be
961 3854 206 43 confessed
1192 3852 89 39 !hilt
1312 3855 9 35 I
1362 3852 163 38 listened
1550 3856 40 32 lo

399 3922 41 38 th
461 3920 66 39 the
547 3913 219 43 solicittult±
783 3917 43 34 to
843 3909 131 40 which
994 3908 51 39 he
1059 3908 7 37 i
1078 3921 9 21 4
1109 3904 272 52 iroFspetr:oly

420 3976 106 37 must
559 3970 53 38 be
639 3966 117 41 often
785 3961 260 44 recollected,
1072 3960 37 37 in
1144 3958 267 51 excelpaiion
1447 3957 50 38 Of
1524 3970 37 25 TII

423 4028 90 38 that
557 4028 46 33 to
643 4019 117 40 stand
804 4018 39 38 in
889 4013 188 41 crowded
1117 4013 210 40 chnrehez,
1359 4010 234 38 some!imei

386 4080 59 40 !ed
467 4078 106 40 from
594 4075 70 38 the
686 4072 148 53 pulpit,
863 4068 78 41 and
961 4068 235 40 sometimes
1218 4064 133 38 where
1371 4064 93 40 duo:
1479 4076 15 25 s
1524 4076 70 25 are

385 4146 34 34 12:
439 4131 84 47 anti
539 4127 188 52 shutting
743 4129 43 34 at
806 4135 102 43 you;
921 4120 125 45 back,
1080 4119 27 39 is
1126 4126 70 31 not
1214 4117 67 40 the
1304 4122 107 33 most
1430 4115 163 51 eligible

397 4200 39 26 In
457 4185 64 40 for
540 4182 70 40 the
633 4191 193 41 purposes
853 4174 50 40 of
928 4173 200 41 retentive
1150 4170 184 51 hearing.
1396 4173 194 37 DICORVC-

367 4253 51 27 IeS
437 4238 97 44 ruck
555 4248 43 26 as
618 4234 130 46 these,
780 4230 93 43 with
901 4239 119 40 many
1043 4239 128 32 wort:,
1204 4235 69 28 arc
1294 4222 106 39 what
1426 4222 168 43 thc.ser.

1656 3480 89 39 ther
1766 3480 129 39 touier
1913 3480 69 37 the
2011 3476 149 51 Gospel
2196 3476 97 39 than
2316 3474 129 40 under
2478 3472 72 39 the
2588 3474 109 41 Law,
2735 3469 137 52 blessin
2872 3469 20 52 i

1657 3533 106 38 cleat)
1801 3533 48 38 or
1872 3531 180 52 cursing,
2091 3530 31 37 it
2160 3543 91 35 may
2274 3541 104 25 seem
2420 3526 222 53 surprisieg
2665 3523 87 39 «hv
2777 3535 57 24 we
2854 3522 41 37 sh

1655 3586 158 51 delight
1847 3585 34 38 in
1917 3598 76 32 any
2019 3582 189 51 religious
2225 3594 236 27 ceremony.
2498 3579 130 38 which
2665 3578 37 37 in
2724 3576 69 38 the
2812 3574 83 40 leas!

1657 3652 116 38 pears
1793 3644 44 32 to
1860 3637 171 39 militate
2066 3635 162 46 aoinst
2259 3634 70 39 the
2366 3631 189 45 merciful
2574 3630 276 52 dispensation
2874 3643 21 24 u

1658 3691 126 39 which
1827 3690 30 39 it
1893 3691 28 37 is
1959 3702 78 27 tint-
2069 3689 183 51 glorious
2285 3686 202 53 privileTe
2517 3690 43 33 to
2598 3691 27 17 •°
2646 3683 94 45 live,
2763 3693 126 27 move.

1657 3744 105 39 have
1798 3756 78 26 our
1896 3743 122 50 being
2119 3741 261 52 Christianity
2422 3738 201 39 furnishes
2661 3736 70 39 the
2766 3735 87 38 best

2829 100 44 52 I,
2926 104 78 50 16.

1654 249 262 38 mon-hearer
1937 248 96 40 feels
2059 244 165 41 himself
2238 244 253 52 continually
2513 244 209 51 subjected
2746 249 58 39 to,
2835 244 38 39 in
2897 246 80 38 mix-

1654 301 69 52 ing
1739 302 97 38 with
1856 304 69 38 the
1944 300 207 40 extensive
2170 299 322 52 congregations
2510 296 50 39 of
2572 296 83 39 this
2674 304 94 32 met:
2781 296 146 52 opolis.

1710 354 197 40 Rowland
1929 353 97 46 Hill,
2041 353 201 39 eccentric
2261 366 43 24 as
2319 353 31 37 is
2370 352 70 40 the
2458 348 167 54 general
2640 348 103 53 style
2763 351 45 38 of
2826 351 59 38 his
2908 364 70 26 san-

1654 407 58 39 tit(
1728 420 170 39 gnome,
1913 420 100 26 once
2026 406 128 53 justly
2170 405 233 43 remarked,
2426 404 201 50 referring
2647 407 44 33 to
2708 404 69 37 the
2794 409 210 45 mysteries

1656 459 125 39 which
1804 472 67 26 are
1893 458 315 53 acknowledged
2231 465 44 32 to
2295 458 273 39 characterise
2589 457 190 38 revealed
2809 456 193 50 religion,

1700 514 85 38 that
1807 514 113 38 there
1942 517 28 34 is
1989 511 97 40 such
2109 526 24 25 a
2153 511 116 48 thing
2291 524 40 25 as
2352 510 161 50 getting
2526 524 44 24 os
2582 522 44 25 er
2880 511 117 43 Now,

1654 565 34 39 if
1698 567 79 37 this
1796 567 51 37 be
1867 570 89 34 true
1976 565 48 39 of
2052 565 145 39 Divine
2228 562 247 41 Revelation
2506 562 122 45 itself,
2662 563 31 37 it
2715 561 155 54 applies
2898 563 98 38 with

1654 617 77 40 still
1752 632 113 27 more
1881 619 125 44 force,
2037 617 97 39 with
2153 630 50 26 an
2226 617 145 39 almost
2401 615 230 39 irresistible
2652 617 129 45 force,
2812 620 41 34 to
2875 628 123 40 many

1654 670 47 38 of
1715 672 117 38 those
1853 674 113 47 pious
1985 676 183 45 systems,
2202 669 136 40 creeds
2370 669 77 38 and
2470 681 184 39 prayers,
2688 666 141 40 drawn
2846 669 54 52 by
2921 669 53 39 hu-

1656 737 89 25 man
1765 738 139 26 reason
1923 724 104 38 from
2041 728 73 34 4he
2131 736 162 25 sources
2307 720 50 39 of
2365 720 137 40 divine
2516 720 188 39 wisdom.
2761 723 35 37 It
2818 720 30 39 is
2864 723 112 39 there-

1654 777 85 37 fore
1760 778 135 39 oftner
1915 776 125 40 found
2060 776 129 39 easier
2211 782 44 33 to
2274 780 70 46 get
2372 785 102 26 over
2499 774 70 38 the
2591 772 228 39 difficulties
2841 774 135 52 insepa-

1654 829 111 40 rable
1783 829 109 41 from
1915 830 112 38 those
2039 834 184 44 systems,
2244 828 98 39 than
2359 833 44 34 to
2422 826 161 53 explain
2598 826 112 39 them
2727 842 12 28 ;
2771 826 77 41 and
2869 827 129 39 hence

1654 887 30 32 it
1703 883 193 52 happens,
1928 882 76 39 that
2003 882 20 39 -
2132 882 129 40 wisest
2278 881 257 51 expounders
2565 880 48 37 of
2637 878 250 53 theological
2909 880 67 40 for-

1654 935 206 44 mularies,
1889 935 172 40 anxious
2082 940 43 33 to
2145 935 52 38 do
2216 947 115 27 more
2352 934 97 39 than
2463 932 182 53 enough,
2675 931 230 53 frequently
2923 946 48 26 ex-

1651 990 93 45 cite,
1766 990 53 51 by
1840 989 69 39 the
1924 1002 133 27 excess
2078 987 50 39 of
2139 989 105 39 their
2264 986 103 47 zeal,
2398 986 149 39 almost
2567 999 44 26 as
2640 998 120 39 many
2781 985 150 40 doubts
2953 1000 44 26 as

1652 1042 103 38 their
1776 1041 162 40 wisdom
1959 1054 202 39 appeases.

1704 1094 151 53 Highly
1879 1107 41 26 as
1944 1097 13 34 [
1985 1101 156 45 respect
2159 1094 71 38 the
2246 1091 176 40 abilities
2443 1091 78 40 and
2542 1090 304 53 acquirements
2861 1085 48 40 of
2924 1087 73 39 the

1651 1154 156 46 present
1824 1152 149 35 Rector
1985 1148 48 38 of
2048 1152 54 33 St.
2121 1149 187 41 James's,
2326 1147 79 38 and
2422 1146 31 38 it
2469 1157 111 26 some
2593 1144 102 39 time
2708 1144 106 38 since
2829 1140 169 40 became

1651 1214 61 25 me
1731 1200 190 40 sincerely
1946 1206 41 32 to
2007 1213 164 39 express
2198 1214 66 30 my
2282 1200 169 51 opinion
2485 1196 48 39 of
2559 1196 103 45 him,
2694 1200 13 35 1
2744 1200 150 35 cannot
2923 1207 72 40 say

1649 1254 89 39 that
1759 1253 58 39 his
1838 1253 80 40 late
1936 1253 211 52 parochial
2185 1256 185 37 Lectures
2407 1264 52 25 on
2489 1261 78 27 our
2601 1250 169 52 Liturgy
2802 1247 191 53 properly

1649 1307 175 39 satisfied
1845 1319 111 25 sonic
1985 1307 48 37 of
2057 1306 118 39 those
2194 1305 180 52 scruples
2391 1305 53 52 by
2470 1302 130 39 which
2626 1315 117 39 many
2769 1300 230 53 legitimate

1648 1359 195 39 believers
1861 1372 70 26 are
1952 1358 74 39 still
2052 1359 171 39 induced
2245 1364 43 34 to
2319 1358 144 39 demur
2494 1361 44 34 to
2559 1354 155 40 certain
2741 1354 188 52 portions
2947 1352 54 39 of

1648 1413 66 39 the
1726 1411 236 40 Occasional
1981 1414 143 38 Cffices
2143 1411 211 41 contained
2376 1411 38 38 in
2438 1409 69 39 the
2555 1408 122 40 Book
2706 1408 50 38 of
2772 1410 223 34 COMMOD-

1651 1468 178 48 Prayer.'
1889 1467 71 38 Dr.
2019 1466 194 44 ndrewes,
2229 1463 158 46 indeed,
2408 1461 158 41 seemed
2590 1457 263 54 particularly
2877 1470 94 26 unsa-

1648 1518 228 52 tisfactory,
1905 1518 190 43 however
2117 1519 227 51 ingenious,
2374 1519 39 37 in
2430 1517 61 38 his
2507 1513 181 40 solution
2709 1513 48 39 of
2772 1513 69 37 the
2854 1512 119 53 objec-

1646 1571 103 39 tions
1761 1586 44 24 so
1818 1570 113 40 often
1946 1573 124 51 urged
2091 1574 157 51 against
2261 1571 67 38 the
2341 1570 119 39 office
2476 1569 50 39 of
2536 1569 285 37 Culmination
2837 1569 159 46 against

1645 1625 163 38 Sinners
1824 1641 12 28 ;
1869 1624 143 46 which,
2044 1628 162 47 though
2246 1624 74 39 last
2340 1623 43 39 in
2411 1633 78 27 our
2525 1618 189 54 spiritual
2738 1618 255 46 ordinances,

1646 1677 155 39 formed
1825 1677 67 39 the
1911 1680 157 48 subject
2087 1678 48 39 of
2153 1680 60 37 his
2233 1678 83 39 first
2339 1675 165 40 lecture.
2564 1676 37 35 Is
2619 1672 31 39 it
2669 1669 175 56 possible
2861 1676 43 33 to
2926 1682 46 26 ac-

1646 1730 242 47 knowledge
1907 1730 70 40 the
1997 1731 156 40 Justice
2169 1731 50 39 of
2233 1731 67 38 the
2319 1730 143 38 Curses
2476 1726 219 39 contained
2714 1726 38 38 in
2772 1723 79 39 this
2867 1722 129 43 Office

1644 1783 51 39 of
1720 1783 71 39 the
1822 1783 175 46 Church,
2026 1783 178 40 without
2239 1781 197 53 implying
2464 1776 317 41 condemnation
2812 1782 45 34 to
2894 1789 74 26 our-

1644 1835 124 40 selves
1783 1840 13 33 ?
1856 1837 103 39 Well
1975 1835 133 52 might
2128 1835 31 40 it.
2174 1837 50 39 be
2245 1834 197 44 retorted,
2458 1845 109 39 upon
2583 1828 100 43 each
2706 1830 50 39 of
2770 1830 116 39 those
2898 1830 94 38 who

1638 1890 89 50 join
1752 1891 38 37 in
1807 1889 79 39 this
1905 1891 176 43 Service,
2178 1891 81 37 Out
2280 1889 46 39 of
2343 1887 115 38 thine
2479 1898 87 26 own
2593 1881 143 47 mouth
2759 1881 77 39 will
2856 1884 15 37 1
2893 1894 74 25 con-

1646 1942 116 39 demn
2145 1944 31 35 is
2191 1942 69 39 the
2280 1954 111 30 man,
2406 1954 48 25 or
2473 1938 70 39 the
2562 1948 177 32 %vomits,
2761 1935 87 39 that
2863 1933 129 39 liveth

1646 1996 76 38 and
1743 1994 158 40 sinneth
1922 2001 69 33 not
2009 2000 13 33 ?
2082 1995 151 41 Should
2267 1994 30 38 it
2326 1995 52 37 be
2404 1993 154 45 shown,
2588 1991 54 51 by
2665 2001 79 40 any
2772 1985 154 56 felicity_
2948 1985 52 40 of

1645 2046 281 54 explanation,
1965 2049 87 38 that
2076 2061 58 26 we
2164 2049 54 38 do
2246 2052 72 33 not
2349 2046 237 51 imprecate,
2620 2043 117 48 using
2757 2040 78 39 this
2854 2041 138 44 office,

1648 2114 51 26 on
1719 2100 222 45 ourselves,
1978 2102 67 38 the
2073 2104 259 47 punishment
2348 2099 80 38 doe
2448 2104 44 32 to
2512 2098 70 38 the
2609 2092 312 53 transgressions
2940 2093 53 38 of

1649 2156 144 40 which,
1822 2167 115 25 more
1967 2167 45 25 or
2044 2154 85 45 less,
2169 2166 118 28 every
2314 2148 222 41 individual
2561 2154 109 33 must
2691 2148 94 37 here
2805 2159 91 28 own
2919 2145 72 40 the

1648 2207 276 41 commission,
1954 2206 78 40 still
2053 2207 176 39 another
2248 2203 228 56 perplexity
2498 2215 159 26 occurs.
2717 2200 40 38 If
2767 2197 92 53 only
2876 2198 119 39 those

1649 2259 90 38 who
1760 2272 70 25 are
1850 2259 170 40 without
2043 2259 56 38 sin
2124 2272 69 26 arc
2213 2265 45 32 to
2274 2263 81 33 cast
2378 2257 71 37 the
2470 2256 90 39 first
2578 2258 117 34 stone
2717 2257 41 34 at
2776 2251 221 45 °Tenders,

1650 2311 130 39 where
1802 2306 18 56 i
1838 2306 19 56 3
1874 2306 54 56 the
1964 2313 84 38 soul
2072 2313 87 38 that
2181 2324 74 26 can
2280 2310 92 39 with
2396 2319 77 43 any
2497 2308 109 38 truth
2629 2306 227 40 denounce,
2885 2317 44 25 as
2963 2306 32 37 it

1649 2379 116 31 were,
1783 2378 111 39 upon
1907 2365 60 39 his
1984 2365 321 43 fellow-sinners,
2328 2363 70 38 the
2412 2362 123 39 Curse
2550 2360 48 38 of
2614 2359 71 39 the
2702 2361 92 35 Law
2810 2356 50 39 of
2871 2357 89 38 God
2979 2361 13 32 ?

1650 2421 54 48 By
1717 2419 187 46 avowing
1920 2418 69 38 the
2002 2418 150 51 justice
2161 2417 51 39 of
2224 2417 66 40 the
2306 2428 136 26 curses
2456 2412 164 45 recited,
2636 2412 37 38 in
2691 2412 67 38 the
2773 2411 197 38 ('ommina-

1648 2476 83 34 lion
1967 2472 177 43 Sinners,
2181 2483 72 30 we,
2289 2469 208 41 however,
2536 2465 54 38 do
2623 2461 190 52 virtually
2837 2461 161 39 conkss

1648 2523 207 40 ourselves
1867 2524 229 38 obnoxious
2114 2530 41 31 to
2171 2523 110 38 them
2301 2537 12 27 ;
2331 2520 52 39 by
2399 2532 77 26 our
2494 2520 221 41 rintett,we
2730 2516 70 44 do,
2817 2513 117 40 think
2952 2526 47 26 as

1650 2590 57 25 we
1728 2590 110 31 may,
1859 2577 171 38 confirm
2047 2575 110 41 them
2180 2572 229 56 personally
2430 2589 12 26 ;
2473 2572 93 43 and,
2598 2583 47 25 so
2666 2568 228 52 confessing
2916 2567 80 39 and

1649 2629 247 50 confirming
1932 2629 126 43 them,
2096 2629 52 39 do
2197 2641 59 24 we
2301 2631 89 39 not,
2435 2626 40 39 in
2519 2623 99 46 fact,
2669 2620 172 53 implore
2876 2620 120 39 those

1649 2681 307 40 denunciations
2001 2681 129 39 which
2180 2694 58 25 we
2271 2679 159 40 declare
2479 2676 207 40 ourselves
2719 2680 33 53 to
2752 2680 17 53 .
2887 2673 110 39 have

1652 2741 103 32 most,
1789 2735 247 53 righteously
2070 2734 189 40 deserved
2381 2732 131 38 Theic
2546 2743 69 25 are
2654 2732 73 34 not
2761 2730 234 47 imaginary

1651 2789 145 50 things.
1869 2789 130 52 Every
2031 2789 133 52 parish
2206 2789 124 50 priest
2360 2785 261 48 experiences
2659 2781 71 37 the
2766 2779 231 38 reluctance

1654 2841 92 39 with
1776 2841 131 39 which
1930 2841 60 39 his
2011 2841 273 53 parishioners
2303 2852 70 25 are
2402 2833 182 50 brought
2604 2841 45 32 to
2670 2832 202 39 celebrate
2891 2844 106 27 even

1654 2894 67 39 the
1757 2894 149 39 annual
1945 2894 90 39 obv.
2035 2894 22 39 ,
2057 2894 135 39 rvance
2207 2893 52 39 of
2291 2891 66 39 the
2379 2888 243 40 established
2692 2884 308 40 Commutation

1655 2948 167 48 Againq
1859 2949 187 37 Sinners.'
2105 2944 116 40 Plain
2259 2944 128 39 minds
2437 2946 152 35 cannot
2631 2943 118 34 enter
2785 2937 87 39 into
2926 2937 73 39 the

1651 3000 135 40 sided'
1798 3002 53 38 ies
1873 3001 47 39 of
1945 2998 254 51 theologiam
2199 2998 26 51 ;
2258 3000 93 39 are%
2393 2995 37 39 if

2452 2994 20 51 .
2472 2994 120 51 joined
2617 2991 96 39 with
2730 2991 97 39 kind
2846 2991 151 44 hearts,

1652 3054 97 39 take
1770 3054 125 40 alarm
1916 3059 43 32 at
1977 3053 69 38 the
2083 3058 158 32 custom
2267 3051 46 38 of
2339 3047 234 52 religiously
2608 3043 244 52 assembling
2881 3048 93 46 toge-

1652 3107 105 46 ther,
1779 3115 41 32 at
1838 3106 126 40 stated
1988 3107 130 44 times,
2143 3105 64 41 for
2224 3106 70 38 the
2313 3115 194 40 purpose,
2522 3113 44 26 as
2593 3099 94 51 they
2711 3096 135 45 think,
2862 3097 48 37 of
2922 3097 51 39 im-

1654 3162 211 50 precating
1903 3171 231 38 vengeance
2169 3171 52 25 en
2267 3154 260 45 themselves,
2556 3151 77 40 and
2670 3149 259 53 denouncing
2968 3151 34 39 it

1654 3215 156 50 against
1832 3214 103 38 their
1954 3211 156 40 fallible
2126 3210 378 39 fellow-creatures.
2559 3204 91 40 The
2724 3201 163 54 general
2907 3216 69 26 sen-

1655 3274 133 32 tences
1809 3265 48 47 cif
1870 3268 124 37 god's
2013 3265 163 44 cursing
2193 3262 159 52 against.
2382 3259 243 52 impenitent
2870 3255 25 39 I

1655 3321 66 50 ink;
1740 3322 70 37 the
1832 3325 105 33 most
1959 3318 137 51 trving
2117 3317 165 53 portion
2304 3315 47 39 of
2382 3314 69 39 the
2472 3315 161 50 present
2686 3314 216 34 Commma

1658 3376 164 48 Against
1845 3373 187 41 Sinners,'
2053 3384 84 31 arc,
2156 3370 31 39 it
2206 3369 79 39 will
2309 3369 48 39 he
2378 3366 144 46 found,
2539 3363 196 43 collected
2756 3361 146 54 prineit

1658 3426 102 39 From
1781 3428 70 37 the
1873 3425 73 41 Old
1969 3428 252 39 Testament,
2281 3423 63 37 To
2365 3433 63 32 us,
2447 3418 226 45 therefore,
2704 3415 91 40 who
2833 3415 52 39 liv

1657 3802 183 46 mentary
1863 3809 52 25 on
1941 3800 322 35 neuteronomv.

1711 3853 14 35 1
1749 3852 104 39 have
1876 3852 97 37 been
1995 3847 213 41 unnsuallv
2230 3844 169 53 explicit
2435 3857 53 26 on
2528 3843 71 39 the
2626 3842 120 40 Office
2772 3840 48 39 of
2835 3840 63 39 Cal

1657 3907 137 35 ngtign
1820 3904 149 45 chain'
2008 3906 32 37 .*
2040 3906 15 37 ,
2055 3906 131 37 illners,
2220 3900 172 38 because
2420 3898 33 38 it
2473 3896 32 39 is
2520 3909 48 26 an
2591 3896 118 39 office
2730 3893 128 41 which
2878 3907 46 26 nt

1661 3957 204 38 Members
1885 3953 48 40 of
1957 3956 69 38 the
2046 3953 162 39 Church
2232 3953 48 38 of
2306 3950 188 53 England
2524 3950 248 52 disapprove
2789 3963 12 28 ;
2831 3947 76 39 an:

1657 4022 119 27 cause
1796 4011 31 35 it
1845 4009 96 38 does
1961 4012 71 34 not
2052 4006 130 40 strike
2202 4019 80 31 me,
2301 4018 43 26 as
2362 4011 41 32 at
2421 4003 52 39 all
2497 4002 295 52 indispensftble
2810 4000 84 39 cith

1659 4064 67 37 the
1744 4061 196 53 prosperit
1952 4074 19 38 y
1985 4074 46 25 or
2043 4061 168 51 security
2233 4059 47 39 of
2293 4054 372 45 thisecclesiastical
2680 4052 257 40 establishme

1662 4117 30 37 It
1717 4116 27 39 is
1769 4128 89 25 now
1892 4111 103 40 little
2015 4113 111 45 used,
2166 4111 77 40 and
2283 4111 78 40 sill
2398 4111 76 38 less
2500 4107 215 41 olwrved.
2774 4109 72 38 Let
2868 4121 34 24 it'

1657 4170 124 39 strive
1802 4167 65 39 for
1886 4170 149 34 straws.
2095 4165 163 41 Instc:id
2275 4163 48 43 of
2347 4163 171 50 wishing
2541 4169 41 34 to
2619 4161 195 39 reinstate
2841 4157 53 41 the

1657 4222 207 53 gulntions
1885 4220 48 44 of
1951 4220 65 48 the
2039 4234 26 8 ••
2086 4220 208 51 primitive
2559 4215 151 53 meetly
2732 4214 150 56 asthey

236 3617 15 31 t
359 3614 15 80 m
374 3614 33 80 ng

239 3614 28 87 th
267 3614 14 87 o
281 3614 15 87 e
296 3614 15 87 t
317 3614 24 31 h

344 3614 12 83 e
356 3614 12 83 i

236 3723 158 85 cdo

292 3711 38 91 ov
330 3711 19 91 n
348 3711 59 91 ine

237 3819 131 43 Cons;
387 3828 20 25 a

240 3878 47 37 to
306 3881 102 41 repel'

239 3922 84 46 him
346 3924 61 38 wit

239 3977 85 52 Spli
359 3976 31 39 it

239 4029 142 45 faults,

239 4084 169 44 distance

241 4136 167 54 opening'

240 4189 168 45 aituatiol

242 4239 165 50 Diancies

3196 63 20 203 li
3216 63 11 203 ,

3224 500 15 65 i

3193 844 64 412 I~

2882 1629 111 35 ►nces,

2882 1684 21 25 o
2926 1682 69 26 ac-

2882 1722 113 43 Mice

2894 1789 99 26 our-

2898 1830 94 38 who

2893 1894 99 25 cun-

2882 1933 110 39 iveth

2882 1993 44 47 Ity
2948 1985 52 40 of

2882 2039 110 46 Iffice,

2882 2105 39 26 ns
2940 2093 53 38 of

2882 2159 14 24 n
2919 2145 72 40 the

2882 2198 113 39 those

2885 2317 44 25 as
2963 2306 32 37 it

2882 2357 78 38 C;od
2979 2361 13 32 ?

2882 2412 112 37 whirr-

2882 2461 116 38 micss

2882 2513 52 39 iik
2952 2526 47 26 as

3249 2565 2 2 •

2916 2567 80 39 and

2882 2620 115 39 those

2887 2673 110 39 have

2882 2730 113 47 Mary

2882 2784 116 33 lance

2891 2844 106 27 even

2882 2889 118 35 attoit

2926 2937 73 39 the

2882 2996 116 38 carts,

2882 3048 115 46 toge-
3285 3054 6 7 •

2882 3097 28 37 if
2922 3110 76 26 mi-

2882 3162 47 40 ng
2968 3151 34 39 it

2882 3201 5 41 I
2907 3216 91 26 scum

2882 3255 115 41 Form-

2882 3309 115 39 ation

2882 3363 118 53 ipally

2882 3429 31 25 ie
2935 3430 66 25 ra-

2882 3482 19 24 it
2901 3482 9 24 ,
2941 3469 59 39 in-

2884 3501 22 19 t,

2882 3522 119 41 hould

2882 3579 30 35 st
2930 3589 72 38 all-

2882 3630 120 38 under

2921 3681 79 39 and

2885 3746 118 27 com-

2882 3853 44 26 )7n
2931 3854 33 25 In
2970 3844 33 34 1-

2882 3907 119 39 many

2882 3947 27 39 id
2931 3947 72 39 be-

2882 4002 60 38 her
2961 4006 45 33 to

2882 4058 122 34 ment.

2882 4119 30 26 Lis
2933 4110 76 35 not

2882 4170 31 28 le
2944 4170 63 27 re•

2904 4222 57 30 we
2968 4222 15 27 r
2988 4221 28 30 •
3028 4221 5 39 ,
