3425 4441
1148 48 93 52 lIE
1278 40 376 61 NATIONAL
1691 32 381 72 itEttStElt.

259 40 171 63 nut
472 51 17 48 1

210 198 149 50 Urgent
379 196 37 38 in
437 195 119 40 order
573 198 47 34 to
638 195 96 52 give
759 207 117 34 more
898 193 119 41 effect
1048 200 45 35 to
1113 196 280 48 negociations
1417 196 129 40 which

210 247 270 44 11,g0NAPARTi
501 247 215 41 continues
728 253 43 33 to
785 259 116 40 carry
925 259 52 26 on
997 247 93 39 with
1106 250 163 37 Austria
1285 265 11 27 ;
1325 254 43 33 tc,
1384 252 165 37 conLrai

211 292 45 46 at
278 301 67 37 the
358 313 112 26 same
490 304 113 40 time;
625 306 211 40 accounts,
863 313 43 27 so
930 298 163 40 artfully
1126 300 221 40 circulated
1372 302 177 52 through

211 356 72 34 the
306 352 177 41 medium
511 353 47 39 of
591 354 71 38 the
684 352 149 39 French
852 343 306 61 papers,--4hat
1176 360 76 31 our
1271 360 281 44 government,

208 402 288 44 disheartened
531 407 51 50 by
604 405 72 39 the
698 404 172 39 reveries
889 404 201 40 sustained
1120 405 149 53 during
1287 407 70 37 the
1389 407 162 50 Spanish

211 454 248 65 Campaign;
501 457 71 41 has
611 456 241 41 abandoned
891 468 122 41 every
1046 455 145 41 future
1235 457 135 47 eTort,
1410 458 40 40 in
1495 459 39 38 fa-

211 522 110 37 vour
350 514 44 34 of
423 511 70 39 the
522 508 376 46 Peninhuln;—and
935 509 131 39 above
1094 508 51 41 all
1192 514 45 35 to
1281 515 61 47 try
1387 517 48 33 to
1482 513 70 38 im-

210 557 112 58 Preso
359 563 54 39 efts
454 559 69 44 the
559 563 213 51 Spaniards
816 562 69 38 the
911 562 204 52 inefficacy
1147 561 48 39 of
1221 575 78 27 our
1328 563 227 41 assistance.

210 615 132 39 which
380 617 31 38 is
443 617 240 39 insufficient
711 620 45 34 to
789 620 159 46 prbtect
981 615 193 50 Portugal
1209 617 157 51 against
1395 620 24 33 it
1441 619 112 37 small

211 680 86 47 par'
322 670 45 37 of
389 670 69 38 the
474 671 183 50 enemy's
676 669 128 39 force'.
861 665 106 40 That
989 666 77 39 this
1096 667 32 39 is
1156 667 72 40 the
1261 669 132 50 object
1415 670 52 38 of
1487 670 67 38 the

210 722 243 51 expedition
474 722 32 39 ig
524 728 201 46 apparent
743 736 13 27 ;
785 720 66 39 for
870 732 44 26 as
933 723 97 35 soon
1058 731 43 27 as
1126 733 59 25 we
1202 719 99 39 take
1323 728 85 32 Into
1424 723 109 38 consi-

214 772 188 40 deration
424 775 69 38 the
508 769 291 44 fermentation
820 772 128 39 which
969 772 123 39 exists
1107 771 38 40 in
1167 772 187 46 Gallicia,
1372 772 69 39 the
1461 787 69 39 cap-

211 817 161 47 ture-of
402 829 71 50 Vigg
478 842 41 28 o,
549 828 71 46 the
652 830 253 34 movements
924 823 77 40 and
1020 827 155 38 success
1195 826 50 39 of
1260 826 207 45 RoisANS.,
1489 828 66 38 the

215 869 270 50 unsubdued
485 879 111 52 spirit
619 878 50 39 of
684 881 67 35 the
770 878 223 45 Astnrians,
1028 879 67 38 the
1127 878 112 39 force
1260 878 210 53 organised
1505 879 45 52 by

215 930 182 40 Dlarstial
420 935 268 40 BERESFORD;
719 930 77 39 and
829 930 72 40 the
938 930 174 52 position
1148 932 240 38 maintained
1426 932 47 41 by
1498 933 58 37 Sir

216 981 190 44 lioniaT
426 985 257 37 Witgoiv—it
717 983 30 39 is
777 981 247 52 impossible,
1045 983 111 44 then;
1172 989 45 33 to
1232 985 120 50 deny,
1380 981 89 40 that
1491 984 65 40 the

214 1035 97 56 plan
334 1038 48 35 of
407 1037 237 51 operation::
674 1038 171 50 pursued
879 1036 50 52 by
961 1038 136 35 SOULT
1117 1037 27 35 is
1166 1036 227 39 hazardous
1420 1036 38 38 in
1489 1037 66 38 the

215 1093 201 34 extreme.
475 1088 151 40 Should
666 1091 165 38 CUESTA
873 1090 50 37 be
959 1087 91 39 able
1088 1093 44 34 to
1169 1088 106 52 keep
1317 1091 69 37 Vic
1385 1091 92 37 Tort
1517 1090 35 37 in

215 1137 148 50 bheck,
402 1141 78 38 and
519 1147 170 46 prevent
726 1142 80 37 him
837 1140 106 39 from
985 1141 226 45 advancing
1231 1155 52 25 on
1320 1142 70 39 the
1410 1142 83 38 side
1513 1143 48 35 of

256 1191 269 46 stremadura,
568 1195 69 38 the
683 1193 193 39 Situation
922 1192 48 39 Of
999 1196 133 35 SOULT
1172 1193 183 40 becomci
1390 1201 136 32 oncom-

217 1246 138 51 monly
379 1246 247 52 dangerous;
659 1248 76 37 and
767 1260 20 24 a
822 1251 144 35 retreat
989 1246 206 39 doubtful.
1253 1248 221 37 Whatever
1509 1247 46 38 be

217 1293 73 44 the
308 1305 122 33 event
464 1299 48 39 of
542 1302 204 39 CUESTA'S
772 1299 155 45 efforts,
944 1298 159 39 assisted
1124 1299 51 51 by
1209 1298 70 39 the
1299 1299 253 39 detachment

217 1342 131 48 kvhich
389 1348 174 44 General
606 1354 266 41 BERESieRD,
914 1352 71 39 has
1020 1351 162 52 already
1221 1356 86 34 sent
1349 1351 102 45 him,
1488 1351 69 39 the

219 1393 116 51 force
369 1406 124 38 under
529 1406 165 39 Viciva
732 1411 104 33 must
875 1404 120 40 suffer
1028 1401 276 56 coniiide6bly
1336 1404 105 38 from
1478 1417 74 39 any

219 1459 274 48 engagement
534 1456 132 40 which
711 1469 92 39 may
839 1457 102 39 take
983 1454 115 53 place
1134 1454 178 41 litween
1359 1457 81 37 him
1480 1457 76 39 and

219 1509 72 38 the
320 1509 165 50 Spanish
526 1509 190 39 General.
774 1509 170 39 General
983 1509 252 39 BERESFORO
1276 1509 91 39 will,
1401 1522 59 26 we
1491 1522 66 26 arc

217 1559 241 48 Convinced,
480 1556 103 46 omit
602 1563 188 53 nothing,
980 1561 289 52 distingniOied
1302 1561 254 52 professional

217 1610 164 56 talents,
430 1619 118 46 great
586 1615 90 39 zeal
711 1615 76 39 And
827 1613 227 53 enterprize
1088 1625 73 27 can
1195 1615 136 44 effect,
1442 1615 117 39 order

216 1665 47 39 to
283 1672 136 46 annoy
448 1671 175 41 Vietdii;
644 1667 78 40 and
755 1672 45 34 to
833 1668 159 52 impede
1010 1667 58 38 his
1090 1667 152 39 march.
1302 1667 85 39 The
1413 1668 120 38 Portu-

217 1714 139 64 guese,
393 1720 113 39 when
539 1720 87 45 welt
646 1719 241 47 conducted,
927 1733 41 25 as
1010 1731 57 25 we
1096 1719 105 39 have
1232 1722 91 37 Seen
1355 1720 38 38 in
1416 1720 67 38 the
1505 1720 35 38 in-

216 1775 139 38 stance
389 1774 48 37 of
454 1775 59 38 Sir
536 1768 184 44 110iiEitT
750 1775 202 37 WiLSON'S
976 1770 150 52 legion,
1148 1785 69 25 are
1235 1772 109 51 good
1367 1772 165 39 soldiers
1548 1791 11 24 ;

217 1824 78 53 and
319 1837 57 26 we
394 1827 65 38 lee
482 1838 57 27 no
557 1830 162 43 reason;
742 1826 90 54 why
852 1825 96 52 they
986 1824 152 39 should.
1159 1825 105 52 deny
1289 1825 84 38 that
1393 1825 142 39 charac-

217 1877 78 44 ter,
313 1878 115 41 when
448 1878 97 53 they
566 1892 72 26 are
653 1878 239 51 organized,
911 1877 79 39 and
1010 1877 180 41 directed
1207 1877 48 51 by
1276 1890 45 25 so
1336 1876 220 54 intelligent

219 1941 52 26 an
304 1930 141 41 officer
478 1944 43 25 as
541 1932 174 38 General
738 1933 262 37 lkitasponoi
1058 1920 73 47 We
1150 1942 83 32 are,
1258 1929 219 44 therefore,
1496 1929 61 39 far

216 1972 110 47 from
358 1983 256 52 Suhicrihing
650 1989 45 34 to
730 1983 69 39 the
834 1982 252 53 deipondent
1106 1982 287 52 anticipations
1421 1982 50 39 of
1485 1996 77 26 our

219 2039 350 48 Cotemporariest
598 2039 79 37 and
697 2049 70 26 are
794 2047 93 40 very
922 2035 64 38 far
1006 2034 105 39 from
1128 2035 260 52 abandoning
1407 2036 70 37 the
1488 2048 45 25 ex-

219 2087 226 52 pectation,
496 2091 90 38 that
633 2091 71 38 the
742 2089 156 40 _British
933 2088 113 38 force
1072 2100 97 26 near
1204 2088 161 45 Lisbon,
1402 2088 157 52 though

219 2141 246 51 amounting
501 2147 44 34 to
578 2141 97 40 only
717 2145 142 37 rl,OOO
891 2154 105 30 men,
1020 2140 76 38 will
1119 2140 51 38 be
1191 2139 92 40 able
1302 2147 43 32 to
1367 2143 193 35 maintain

216 2183 109 48 their
343 2189 176 57 grimnd,
540 2196 103 38 until
665 2194 69 39 the
749 2193 196 52 expected
959 2193 332 39 reinforcements
1307 2193 132 38 arrive
1457 2193 103 38 from

219 2244 84 39 this
332 2252 193 46 country.
581 2248 90 38 The
707 2246 235 51 expedition
976 2259 27 22 vs
1016 2246 89 37 hich
1136 2245 122 38 sailed
1292 2246 106 38 from
1436 2248 124 44 Cove,

217 2291 112 45 must
366 2298 103 39 have
508 2298 171 40 reached
710 2298 142 39 Lisbon
874 2298 94 51 long
1003 2297 138 39 before
1162 2300 137 37 SOULT
1318 2298 118 39 COU:d
1460 2298 102 39 have

219 2352 260 47 approached
511 2352 92 39 that
641 2352 79 51 city
738 2366 11 28 ;
780 2352 96 44 and,
904 2352 141 50 joined
1084 2355 41 33 to
1159 2350 71 38 the
1266 2349 112 40 force
1397 2350 162 52 already

216 2400 132 47 there,
372 2417 78 25 was
471 2417 112 27 more
602 2404 99 39 than
720 2404 209 51 _adennatc
951 2409 44 32 to
1011 2404 94 52 give
1131 2405 161 37 Vltava
1313 2417 25 25 a
1357 2417 123 26 warm
1502 2417 40 26 re-

217 2451 182 54 ception,
420 2456 39 39 in
481 2460 91 35 case
592 2456 51 39 he
661 2456 222 39 advanced.

278 2507 69 39 We
367 2515 151 45 regret;
539 2509 78 39 and
640 2524 47 24 so
705 2509 96 38 does
827 2520 124 38 every
973 2519 93 27 man
1087 2505 137 41 whose
1248 2504 235 43 sentiments
1504 2520 58 26 we

2865 32 34 66 Q
2900 32 67 66 44

1616 183 237 52 interesting
1880 185 223 39 fact—that
2143 185 39 38 in
2215 185 210 52 Portugal,
2472 198 41 24 as
2556 183 86 38 well
2680 196 43 26 as
2769 184 37 37 in
2839 181 124 53 Spaid

1616 235 76 37 and
1726 235 152 40 several
1912 236 119 39 other
2065 239 222 44 cocutries,
2315 242 91 44 they
2435 239 105 38 have
2565 236 169 38 evinced
2765 247 24 26 a
2816 235 142 50 steady

1616 285 172 54 loyalty,
1834 288 77 38 and
1945 289 256 39 unalter►►blc
2239 292 252 37 attachment
2522 294 44 34 to
2611 288 106 38 their
2748 292 172 47 country
2940 296 14 34 ;

1615 340 130 39 whilst
1765 340 69 39 the
1854 341 175 38 conduct
2049 343 45 37 of
2109 343 71 38 the
2207 345 143 46 higher
2369 345 142 35 classes
2541 340 71 38 has
2633 341 99 38 been
2754 338 203 40 infa►nous

1617 391 63 38 for
1698 391 50 40 its
1768 391 270 47 indifference,
2068 406 48 26 or
2137 394 202 51 revolting
2357 394 65 37 for
2453 394 48 38 its
2522 393 171 52 perfidy.
2750 392 85 38 The
2869 391 65 39 for-

1617 456 99 32 mer,
1747 445 91 38 who
1870 446 103 38 have
2003 446 320 52 co►nparatively
2346 445 105 39 little
2481 450 41 34 to
2556 444 99 41 lose,
2687 443 130 40 whose
2832 444 106 39 situa-

1618 498 100 44 tion,
1748 498 256 52 apparently,
2026 498 31 38 is
2076 503 72 33 not
2169 498 119 38 much
2311 496 155 41 altered
2487 498 47 51 by
2557 509 25 26 a
2602 497 158 51 change
2787 495 47 40 of
2851 509 80 26 mas-

1617 553 94 41 ters,
1743 547 105 40 have
1866 548 191 54 Willingly
2079 550 97 39 shed
2198 550 103 39 their
2321 549 123 40 blood
2466 548 61 40 for
2546 548 80 40 this
2647 549 115 46 little,
2783 549 77 39 and
2881 549 52 39 ob-

1615 600 189 53 stivately
1838 600 122 54 dung
1995 608 44 33 to
2076 604 275 43 instructions,
2394 601 130 39 which
2555 601 195 51 betrayed
2784 613 24 25 a
2845 606 112 48 step.

1618 653 200 51 motherly
1839 656 171 51 severity
2031 660 45 32 to
2092 656 129 39 them.
2276 656 89 38 The
2382 653 104 47 rich,
2515 653 78 39 and
2630 654 73 37 the
2737 652 135 46 noble,
2901 666 59 27 on

1617 703 66 40 the
1702 707 206 50 contrary,
1938 706 92 40 who
2052 709 174 50 possess
2225 719 45 26 so
2309 718 120 41 many
2456 704 209 40 exclusive
2695 705 265 53 advantages,

1619 756 148 39 besides
1786 758 70 39 the
1869 758 344 53 preponderating
2225 758 200 39 influence
2440 758 145 51 arising
2603 756 107 40 from
2730 757 65 39 the
2816 770 116 28 move-

1617 808 91 40 able
1728 810 77 38 and
1839 811 269 39 immoveable
2130 816 196 48 property
2365 810 50 39 of
2443 810 69 39 the
2537 814 193 47 country,
2759 810 103 39 have
2882 823 77 28 run

1617 865 43 34 to
1681 868 107 32 meet
1821 862 67 39 the
1916 863 110 38 yoke
2047 865 128 38 which
2207 876 81 26 was
2311 855 202 61 prepared
2529 861 65 41 for
2611 862 137 46 them;
2778 862 77 40 and
2876 863 61 39 dis-

1616 915 143 48 gusted
1779 926 100 27 even
1909 915 70 38 the
2008 915 200 47 invaders,
2250 917 51 52 by
2339 917 106 39 their
2481 913 200 54 servility;
2713 915 242 47 cowardice,

1618 966 74 37 and
1711 967 196 38 baseness.

1669 1019 89 39 The
1775 1019 235 52 Dispatches
2022 1020 105 39 from
2143 1019 268 53 Spain,which
2430 1019 103 39 have
2549 1018 178 40 likeivise
2741 1019 98 41 beep
2854 1018 104 54 pub=

1618 1067 120 43 Lshed
1762 1072 34 37 in
1820 1084 48 26 an
1889 1074 332 48 ExtraordinarN
2237 1076 178 41 Gazelle,
2435 1072 162 39 contain
2619 1084 52 26 an
2686 1080 171 32 account
2875 1072 52 39 of
2936 1085 26 27 a

1618 1122 150 50 ;;ullant

1788 1124 138 40 attack

1948 1126 117 39 made
2086 1127 50 50 by
2156 1126 70 39 the
2241 1126 167 52 Spanish
2430 1126 190 41 Patriots,
2652 1126 219 51 supported
2906 1127 53 51 by

1619 1180 78 33 two
1719 1176 143 39 British
1900 1178 183 51 frigates,
2115 1191 105 39 upon
2254 1180 67 37 the
2359 1178 152 39 French
2544 1178 187 52 garrison
2770 1178 38 39 in
2835 1179 119 51 Vigo.

1620 1227 84 39 The
1740 1241 162 32 enemy,
1932 1231 240 50 amounting
2206 1235 43 33 to
2288 1235 116 41 1,500
2438 1243 89 26 men
2565 1230 78 39 and
2678 1233 52 34 50
2776 1230 183 48 Officers,

1620 1291 99 27 were
1739 1281 223 52 compelled
1987 1289 44 32 to
2050 1281 208 39 surrender
2280 1285 198 50 prisoners
2510 1281 48 39 of
2585 1294 98 33 war,
2715 1286 43 34 to
2778 1281 50 40 be
2859 1294 76 28 con-

1620 1331 124 52 veyed
1780 1338 43 34 to
1846 1335 197 51 England,
2073 1335 124 38 where
2197 1335 26 38 -
2236 1335 94 53 they
2352 1346 67 26 are
2456 1341 44 32 to
2536 1335 155 38 remain
2728 1333 99 41 until
2862 1333 100 54 duly

1619 1385 252 52 exchanged.
1931 1388 86 38 The
2035 1387 176 52 military
2232 1387 111 39 chest
2355 1387 77 39 and
2452 1393 76 33 450
2546 1385 138 40 horses
2706 1385 64 40 fell
2789 1387 85 40 into
2891 1388 71 40 the

1620 1436 125 38 hands
1765 1439 50 38 of
1839 1437 65 40 the
1924 1439 228 46 assailants;
2183 1437 145 48 which,
2357 1442 189 48 together
2563 1440 94 38 with
2681 1440 67 38 the
2760 1447 106 32 arms
2881 1440 81 41 and

1620 1491 272 39 ammunition
1923 1492 124 39 found
2070 1493 37 38 in
2147 1492 69 39 the
2246 1495 129 50 place,
2406 1504 103 26 were
2543 1491 201 40 delivered
2766 1493 48 51 by
2836 1491 122 54 Capt.

1623 1543 265 39 MACKISLAY
1909 1548 43 34 to
1982 1545 70 38 the
2082 1545 149 39 Officer
2267 1543 285 52 Commanding
2585 1544 70 39 the
2687 1546 161 50 Spanish
2882 1548 77 37 Pa=

1623 1593 132 40 [riots.
1814 1594 141 40 Whilst
1975 1598 71 37 the
2069 1597 149 39 French
2252 1610 102 25 were
2372 1596 259 51 embarking,
2662 1597 38 37 in
2734 1610 223 38 pursuance

1622 1646 48 38 of
1693 1646 70 39 the
1783 1648 291 53 Capitulation,
2106 1649 262 39 information
2393 1661 80 26 was
2502 1646 181 40 received
2704 1650 85 38 that
2807 1663 21 24 a
2854 1651 105 39 rein=

1622 1698 224 40 fin-cement
1881 1713 79 26 was
1988 1701 279 52 approaching
2298 1702 105 38 from
2426 1703 106 48 Tuy,
2559 1700 195 40 detached
2790 1702 66 39 for
2887 1703 74 40 the

1623 1765 175 39 purpose
1812 1752 48 39 of
1876 1753 196 52 relieving
2091 1755 67 37 the
2177 1754 209 51 garrison;
2417 1753 94 52 they
2533 1765 104 27 were
2655 1753 189 47 attacked
2861 1755 102 41 with

1623 1802 66 39 the
1707 1809 177 46 greatest
1903 1805 200 53 gallantry
2125 1807 51 51 by
2198 1807 69 38 the
2290 1806 191 44 Patriots;
2511 1805 76 39 and
2607 1805 143 53 totally
2772 1807 159 41 routed.

1674 1856 99 39 This
1807 1856 253 53 intelligence
2076 1860 28 38 is
2121 1860 48 38 of
2186 1859 67 38 the
2270 1857 426 53 highestjmportance
2726 1860 35 35 in
2781 1860 67 39 the
2868 1867 96 45 prey

1622 1913 85 33 sent
1727 1915 104 33 state
1851 1912 48 35 of
1926 1910 209 52 Portugal,
2166 1911 77 38 and
2267 1911 31 38 is
2314 1923 25 27 a
2355 1923 87 26 new
2460 1911 122 51 proof
2597 1910 89 38 that
2702 1909 66 41 the
2783 1912 115 51 spirit
2917 1913 51 39 of

1624 1961 69 38 the
1714 1962 214 50 Spaniards
1942 1963 31 38 is
1991 1969 72 33 not
2088 1963 154 40 broken
2259 1963 135 46 down,
2417 1976 43 25 as
2476 1962 69 43 has
2565 1961 97 40 been
2679 1962 181 54 foolishly
2882 1964 83 40 and

1625 2013 248 54 maliciously
1892 2016 224 50 imagined;
2148 2016 74 38 and
2242 2029 57 26 we
2313 2021 146 46 expect
2480 2020 40 33 to
2533 2014 98 39 hear
2648 2014 38 39 in
2700 2027 22 26 a
2735 2026 93 43 very
2846 2016 118 41 short

1625 2069 112 39 time,
1759 2067 90 39 that
1869 2068 69 38 the
1957 2068 222 40 Gallicians
2179 2068 21 40 .
2200 2068 112 40 alone
2335 2068 77 38 will
2432 2065 106 41 have
2556 2067 211 51 organised
2794 2080 25 27 a
2844 2069 117 39 force

1623 2119 239 53 sufficiently
1880 2132 219 44 numero4
2120 2127 41 32 to
2179 2111 176 48 contend
2383 2119 255 52 successfully
2665 2120 92 38 with
2779 2121 67 39 the
2864 2133 77 28 ease-

1626 2184 79 37 my,
1728 2172 76 39 and
1825 2172 115 52 expel
1972 2173 111 40 them
2114 2173 105 39 from
2246 2176 86 37 that
2355 2173 220 52 important
2608 2171 233 52 province...
2871 2174 89 40 The

1623 2236 155 26 success
1796 2225 126 39 which
1942 2226 70 39 the
2029 2226 181 52 Marquis
2233 2228 189 38 ROMANA
2453 2225 73 39 has
2542 2224 193 40 obtained
2763 2224 37 40 in
2828 2228 130 46 Leon,

1625 2275 73 38 will
1720 2287 188 28 encrease
1939 2277 71 39 the
2041 2291 152 39 energy
2215 2280 50 38 of
2278 2280 69 38 the
2368 2280 200 43 Patriots;
2598 2277 96 45 and,
2715 2277 155 53 though
2893 2280 63 39 his

1625 2326 78 40 late
1724 2335 231 34 movement
1987 2342 170 40 appears
2190 2328 227 54 extremely
2451 2328 241 45 hazardous,
2725 2342 58 25 we
2813 2329 124 40 antici-

1624 2385 92 46 pate
1737 2381 69 39 the
1835 2388 105 33 most
1961 2382 210 40 beneficial
2207 2381 119 41 result
2354 2382 109 38 from
2484 2382 59 39 his
2559 2383 283 50 co-operatioa
2878 2381 81 41 and

1616 2434 188 47 junction
1826 2434 94 39 with
1943 2435 71 38 the
2031 2435 222 39 Asturians.
2304 2433 255 41 Surrounded
2582 2446 43 26 as
2643 2434 51 38 he
2714 2435 30 38 is
2761 2448 52 25 on
2831 2447 126 41 every

1622 2485 83 39 side
1726 2485 50 51 by
1795 2486 70 39 the
1892 2498 165 43 enemy,
2091 2489 69 39 the
2191 2487 231 40 mountains
2440 2487 77 39 and
2537 2486 207 40 fastnesses
2761 2487 48 40 of
2837 2490 98 38 Astu-

1723 2535 125 43 -fiord
1870 2539 35 38 h;
2326 2539 53 39 shy
2426 2538 45 41 id
2492 2541 48 39 he
2569 2538 50 40 be
2648 2536 138 43 forced
2893 2543 69 37 act

3361 718 61 116 I

3233 1283 6 37 i

3243 1356 12 19 6'

3404 2242 19 38 rb

3220 465 18 52 je
3237 465 9 52 t

2015 2543 11 1 _
3281 2543 8 4 ,

1625 2543 73 33 rias
1719 2543 130 34 afford
1870 2543 80 35 him
1971 2554 25 37 a
2015 2554 92 26 sure
2126 2545 169 40 retreat,
2326 2543 145 37 should
2492 2543 48 37 he
2569 2543 50 35 be
2648 2543 138 35 forced
2816 2544 45 35 to
2893 2543 69 37 act
3254 2543 4 47 •
3273 2554 13 14 -,

217 2554 106 45 have
356 2559 123 40 heard
496 2575 52 26 on
570 2563 71 37 the
660 2562 202 44 occasion,
894 2561 89 38 that
1003 2561 70 38 the
1098 2559 221 52 departure
1339 2559 47 39 of
1397 2561 60 38 Sir
1479 2563 83 35 AR-

1623 2603 50 25 on
1695 2589 70 40 the
1783 2590 204 41 defensive
1993 2620 12 12 .
2061 2594 79 38 But
2169 2591 59 40 his
2257 2604 187 40 presence
2463 2596 43 34 at
2524 2590 69 40 the
2611 2591 103 39 head
2743 2591 50 40 of
2817 2606 24 25 a
2861 2590 79 54 very
2940 2590 20 54 .

220 2609 119 41 ifteß
354 2614 260 40 WiLLESLET
631 2614 74 38 has
722 2613 97 41 been
836 2627 44 25 so
898 2613 96 39 lona
1013 2611 196 40 deferred.
1269 2613 87 39 The
1375 2624 189 40 presence

969 2646 24 19 ry
1624 2642 278 41 considerable
1928 2644 113 39 force
2060 2644 109 39 Must
2189 2657 116 26 ronse
2323 2657 123 38 every
2471 2643 167 53 particle
2660 2644 50 39 of
2733 2644 228 51 patriotism

215 2665 54 39 laf
283 2661 90 43 that
394 2666 188 45 General-,
604 2668 79 38 and
717 2667 69 38 the
817 2667 112 38 force
948 2666 326 52 accompanying
1302 2665 100 45 him,
1426 2665 130 40 would

1625 2695 128 40 which
1775 2696 120 39 exists
1916 2696 38 39 in
1975 2696 70 39 the
2065 2696 202 39 Northern
2298 2701 90 47 part
2409 2695 25 40 o
2434 2695 25 40 f
2485 2696 67 39 the
2587 2698 224 38 Peninsula.
2870 2698 90 40 The
3281 2695 4 53 ,

217 2764 136 58 tugal,
376 2772 94 38 with
502 2773 63 38 far
593 2778 167 45 greater
790 2771 281 52 precipitation
1093 2770 98 39 than
1217 2770 96 52 they
1335 2771 161 38 entered
1518 2771 44 40 it.

216 2721 78 34 riot
314 2717 94 53 only
441 2731 138 27 secure
608 2720 164 44 Lisbon,
806 2719 74 39 but
911 2718 119 52 expel
1067 2720 69 37 the
1166 2721 146 48 enemy
1333 2717 106 39 from
1465 2720 97 37 Por-

1630 2747 148 39 French
1817 2753 70 35 are
1924 2748 139 53 placed
2078 2761 122 30 ,once
2228 2758 115 33 more
2375 2748 39 40 in
2461 2761 22 26 a
2519 2748 269 52 predicament
2828 2748 131 40 which

1628 2800 150 52 proved
1795 2815 44 26 so
1859 2802 112 39 fatal.
1994 2803 45 38 to
2070 2802 111 39 them
2217 2799 76 41 last
2319 2804 200 48 Summer.
2576 2802 113 51 They
2711 2815 66 26 are
2796 2802 162 41 divided

220 2823 221 47 hlowever,
474 2825 71 40 the
565 2825 137 39 affairs
720 2824 47 40 of
795 2824 90 39 that
922 2823 196 52 kingdom
1139 2836 71 26 are
1230 2822 65 40 far
1313 2823 106 39 from
1443 2824 119 48 being

1628 2855 85 37 into
1735 2852 116 40 small
1870 2856 135 51 corps,
2039 2855 247 38 surrounded
2321 2855 50 51 by
2393 2868 51 25 an
2466 2854 216 39 infuriated
2704 2854 256 52 population,
217 2876 228 51 desperate,
475 2877 77 40 and
574 2878 37 38 if
628 2877 201 40 Ministers
856 2874 155 54 display
1033 2875 202 53 prudence
1256 2874 76 41 and
1367 2878 196 51 proMpti-
3268 2906 12 12 i.

1628 2906 209 52 acquiring
1856 2919 113 27 more
1989 2909 77 35 and
2091 2920 115 26 more
2233 2907 69 38 the
2331 2906 132 41 habits
2483 2906 46 39 of
2542 2906 229 52 discipline;
2802 2906 78 40 and
2901 2911 63 34 wb
3035 2917 14 28 I
3050 2917 14 28 -
3064 2917 15 28 :

216 2924 118 50 fade,
356 2930 70 38 the
443 2936 167 45 greater
635 2935 92 41 part
745 2930 50 39 of
810 2930 69 39 the
900 2931 181 47 enemy's
1101 2941 133 31 army',
1254 2928 128 40 which
1404 2928 72 39 has
1495 2943 67 37 pc-

1629 2957 155 52 predict
1805 2961 28 35 it
1854 2959 66 39 the
1936 2960 148 51 linemy
2117 2959 148 40 adhere
2298 2965 41 33 to
2375 2959 106 39 their
2502 2965 156 45 present
2686 2957 157 40 divided
2865 2959 96 52 plan
3067 2976 14 22 .!

219 2980 187 40 netrated
441 2989 85 32 into
549 2981 214 54 Po4ugali
801 2996 92 38 may
924 2982 107 39 have
1061 2981 69 40 the
1159 2981 163 40 honour
1341 2980 47 41 of
1403 2976 163 59 Visiting

1629 3009 47 39 of
1691 3011 247 51 operations,
1959 3011 94 53 they
2076 3012 77 39 will
2176 3013 150 38 sustain
2347 3025 20 25 a
2391 3011 213 51 repetition
2626 3009 50 39 of
2689 3011 66 38 the
2776 3011 189 40 disasters

219 3033 72 41 the
315 3035 146 39 British
484 3037 154 38 shores.

1629 3063 77 39 and
1727 3064 200 51 disgraces
1944 3063 132 40 which
2113 3064 188 39 followed
2336 3064 103 39 their
2471 3061 80 40 firia
2574 3074 20 27 a
2598 3064 222 51 ggression.
2880 3066 85 37 No:-

244 3087 74 38 We
332 3100 70 26 are
415 3089 170 39 reduced
601 3096 43 32 to
654 3089 70 39 the
737 3080 154 60 painful
905 3078 194 61 necessity
1113 3085 51 40 of
1169 3086 215 52 recording
1395 3086 172 39 another
2598 3094 53 20 est,

2657 3115 204 53 desultory
2884 3117 80 40 and

216 3137 230 43 detestable
464 3141 191 52 example
671 3142 51 38 of
736 3143 211 37 treachery
966 3145 41 33 to
1028 3141 69 37 the
1116 3152 118 39 many
1256 3139 129 39 which
1407 3138 104 40 have
1527 3139 47 38 of
1631 3117 115 50 thing
1767 3129 73 26 can
1864 3117 48 38 be
1929 3130 44 25 so
1993 3117 247 40 deStructive
2275 3122 44 34 to
2357 3117 112 39 them
2506 3129 41 25 as
2568 3116 70 38 the
2657 3115 69 39 des

1631 3169 200 51 irregular
1858 3169 161 39 attacks
2053 3168 94 53 they
2179 3182 67 27 are
2267 3180 89 27 now
2374 3168 174 52 exposed
2581 3175 58 32 to.
2696 3168 119 39 Their
2833 3175 222 46 strap=•
3073 3174 12 38 I
3269 3182 17 33 .1

219 3190 84 41 late
322 3193 273 40 dishonoured
618 3194 70 39 the
711 3195 177 38 conduct
907 3193 50 39 of
976 3193 115 39 those
1110 3198 43 33 to
1169 3191 132 39 whom
1317 3191 67 39 the
1403 3191 165 40 defence

215 3244 53 39 Of
285 3246 106 39 their
404 3242 172 46 country
599 3260 83 24 was
694 3237 219 48 enti:usted.
963 3247 103 37 Gen.
1082 3247 44 37 B.
1150 3247 149 37 FnEftE
1319 3246 249 43 D'ANDPAD,
1606 3226 6 46 1
1629 3221 106 51 filers
1752 3222 78 39 will
1848 3222 46 38 be
1913 3228 69 33 cut
1998 3227 44 33 to
2061 3223 158 52 pieces;
2250 3222 104 40 their
2375 3227 111 47 pests
2506 3220 78 39 will
2606 3222 50 38 be
2674 3222 273 48 overpowered
2947 3222 25 48 .
2972 3222 26 48 '
3019 3229 24 11 -
3076 3228 12 17 '

1632 3273 73 39 :Id
1730 3279 73 47 put
1822 3279 41 34 to
1893 3274 66 39 the
1989 3274 146 46 sword,
2165 3274 76 39 and
2275 3273 106 40 their
2414 3275 203 43 nninhers,
2649 3272 244 43 formidable
2924 3282 45 33 ai

216 3293 96 43 '4,vlio
330 3299 269 39 commanded
622 3299 69 39 the
712 3302 255 48 Portuguese
994 3304 141 45 troops
1166 3296 202 39 stationed
1406 3309 53 26 on
1502 3296 66 39 the

1607 3315 5 80 ,
1632 3335 7 27 i
1651 3328 73 50 hey
1748 3339 91 40 may
1872 3326 48 38 he
1945 3331 43 34 at
2020 3332 175 48 present,
2226 3325 77 40 will
2340 3327 47 40 be
2408 3340 97 25 soon
2528 3326 168 39 thinned
2717 3327 47 52 by
2789 3327 182 41 uninters
3032 3344 60 32 ,-,,!
3213 3315 4 80 .
3255 3315 12 40 t

217 3350 195 39 frontiers
446 3350 50 39 of
521 3350 189 47 Callicia,
749 3352 77 39 had
861 3351 99 39 been
994 3350 183 39 detected
1211 3350 52 39 of
1286 3361 48 27 an
1368 3348 201 40 infamous

1632 3381 143 51 milted
1796 3379 77 40 and
1891 3380 233 52 harrassing
2383 3379 5 53 '
3083 3402 12 17 ,

214 3405 129 48 'comp
364 3415 96 40 racy
480 3410 41 33 to
541 3403 198 41 facilitate
758 3405 69 38 the
842 3409 191 34 entrance
1046 3403 52 39 of
1111 3403 69 40 the
1198 3407 145 47 enemy
1363 3403 89 38 into
1475 3403 93 38 Por-

2143 3379 167 41 service.

25 3467 22 13 ...,
219 3455 130 52 tugal,
409 3456 89 39 The
516 3458 177 50 enraged
717 3457 144 52 people
892 3462 90 33 tore
1018 3454 81 39 him
1139 3454 169 53 literally
1346 3459 43 34 to
1422 3454 146 52 pieces,
2206 3449 187 18 --,...---
3256 3385 7 83 1

1684 3487 76 38 We
1794 3483 22 41 h
1822 3498 22 27 a
1850 3485 24 38 v
1876 3497 21 26 e
1926 3485 182 39 received
2138 3484 162 40 further
2333 3484 9 39 i
2348 3497 22 26 n
2378 3490 13 33 t
2393 3482 196 54 elligence
2617 3482 110 41 from
2764 3484 207 47 Americai

217 3519 45 27 iis
295 3521 99 26 soon
433 3521 43 27 as
504 3508 59 41 his
591 3510 260 40 treasonable
888 3511 158 50 project
1082 3507 76 39 had
1200 3508 99 38 been
1320 3506 247 41 discovered.

1632 3537 180 53 through
1845 3539 67 39 the
1941 3539 178 39 medium
2141 3537 50 40 of
2219 3539 69 38 the
2320 3540 26 37 A
2356 3550 78 25 mer
2446 3539 8 37 i
2459 3550 72 26 can
2554 3549 143 39 papers
2718 3537 125 40 which
2867 3539 109 40 have
3045 3536 12 25 •
3057 3536 12 25 t
3069 3536 26 25 .'
3129 3547 13 8 -'
3256 3543 14 43 4

234 3561 150 40 :everal
406 3562 191 39 Generals
626 3575 106 26 were
757 3561 267 52 complicated
1054 3561 37 38 in
1126 3560 78 38 this
1224 3559 217 40 diabolical
1474 3573 96 26 con-
3203 3559 2 59 •
3254 3589 9 28 1
3263 3589 20 28 ..

1632 3591 175 39 arrived.
1863 3591 112 52 They
1998 3591 163 39 contain
2185 3592 78 38 Mr.
2287 3591 234 39 MADISON'S
2535 3591 86 39 first
2637 3591 168 51 Speech,
2824 3604 165 26 as-•

216 3622 178 44 iap:racy,
425 3615 77 39 aud
533 3615 99 39 such
656 3627 41 27 as
717 3617 168 51 escaped
906 3615 70 37 the
1003 3617 89 48 just
1116 3612 92 53 fury
1233 3613 51 38 of
1313 3613 69 39 the
1408 3612 161 53 people,

1632 3656 132 26 cessor
1781 3648 45 34 to
1848 3644 77 38 Mr.
1946 3646 244 37 JEFFERSON
2223 3643 38 39 in
2283 3643 69 39 the
2381 3643 252 51 Presidency.
2692 3643 97 39 This
2818 3645 152 50 Speech
3076 3666 20 9 •,

216 3665 109 40 have
346 3669 100 39 been
464 3674 87 33 sent
572 3669 201 52 prisoners
789 3673 43 33 to
853 3669 162 38 Lisbon.
1071 3666 109 39 That
1205 3661 129 44 brave
1351 3666 77 39 and
1452 3666 115 38 meri-

1633 3697 69 38 has
1721 3709 54 26 no
1788 3697 117 38 other
1924 3694 224 52 particular
2167 3694 113 46 trait,
2298 3694 96 39 than
2413 3709 22 25 a
2456 3694 193 46 whining,
2670 3694 301 41 methodistical
3056 3718 7 11 .
3304 3720 26 15 ..,
3348 3694 1 52 .
3376 3712 19 13 .4r.

217 3719 159 41 torious
394 3720 157 46 officer,

572 3720 185 46 .General
780 3723 86 37 Bra
876 3733 177 31 ESFORD,
1084 3719 71 39 has
1187 3719 102 39 been
1328 3717 240 53 appointed,

1631 3754 110 41 cant,
1763 3748 125 39 which
1911 3748 87 46 has,
2024 3749 38 38 in
2091 3746 103 44 fact,
2220 3748 291 52 distinguished
2544 3746 64 40 for
2634 3761 115 25 some
2769 3762 116 37 years
2901 3750 72 39 the
3040 3759 47 26 ....'

217 3768 53 53 by
292 3772 70 39 the
384 3774 168 39 PituicE
569 3774 34 39 R
615 3787 154 32 EGENT,
801 3770 311 41 Field-Marshal
1131 3771 79 40 and
1231 3771 274 40 Commander
1532 3772 37 39 in

30 3828 11 7 -
60 3828 7 21 1
217 3823 124 41 Chief
363 3826 52 39 of
436 3826 70 40 the
529 3828 253 51 Portuguese
798 3826 146 39 for-es.
1632 3817 24 22 o
1659 3802 38 39 ffi
1702 3802 77 40 cial
1801 3802 239 39 documents
2062 3796 210 58 publ)shed
2295 3800 37 40 in
2354 3802 92 37 that
2463 3806 189 46 country.
2711 3802 28 37 It
2765 3802 43 40 is,
2836 3802 136 40 there-
3056 3814 6 8 •
3089 3815 9 11 '

274 3878 87 40 The
404 3878 159 52 private
594 3878 139 41 letters
768 3878 198 44 descrihr,
1015 3889 60 27 we
1109 3888 72 28 are
1212 3888 116 41 sorry
1372 3881 44 35 to
1452 3881 135 41 slate,'
1632 3854 106 48 fore,
1766 3857 72 35 not
1870 3867 94 39 very
1998 3852 237 54 particular,
2269 3866 43 26 as
2343 3853 196 52 referring
2570 3857 41 33 to
2633 3854 214 43 America;
2880 3855 91 47 but,
3181 3852 4 78 .
3221 3852 2 78 .

1632 3906 230 41 contrasted
1894 3905 96 40 with
2022 3907 69 39 the
2124 3898 182 61 patical
2341 3906 187 52 morality
2546 3907 48 37 of
2624 3907 174 47 Europe,
2819 3913 156 35 cannot

216 3924 77 44 'not
337 3931 39 38 in
420 3931 67 38 the
535 3933 109 39 Most
681 3932 207 52 flattering
924 3931 181 45 colours,
1152 3930 71 39 the
1263 3934 107 34 state
1411 3931 52 38 of
1502 3930 70 39 the

1635 3959 67 40 fail
1736 3966 43 34 to
1809 3958 189 43 occasion
2035 3972 26 27 a
2091 3965 110 35 stare
2231 3964 45 35 at
2306 3959 48 39 its
2385 3958 170 41 afflicted
2585 3958 79 40 and
2698 3965 136 33 extras
2846 3965 129 38 a,ane
3257 3958 4 45 1

217 3983 177 50 popular
445 3984 184 53 feelings,
676 3999 25 25 o
700 3999 25 25 r
777 3984 69 40 the
892 3983 283 53 organization
1222 3981 52 39 of
1319 3981 69 39 the
1435 3981 137 53 public
2871 3993 26 27 P
2941 3981 4 56 ,
2969 4013 7 5 .
3313 4000 11 24 3
3376 3981 2 56 .

1632 4012 117 54 garb.
1800 4012 5 54 ,
2135 4049 7 5 .
2543 4012 4 54 .
3257 4012 4 54 .
3369 4012 4 54 .
3406 4012 1 54 .

219 4033 128 40 force.
428 4035 76 41 We
541 4043 109 34 must
684 4039 70 46 do,
785 4036 208 44 however,
1023 4036 70 39 the
1114 4035 151 51 juslite
1286 4033 43 41 to
1357 4036 69 38 the
1459 4033 116 52 great
2375 4033 4 52 .

1354 4088 70 39 the
1454 4085 102 41 lowei
1556 4085 21 41 .

1641 4108 26 7 ..
1685 4063 89 43 The
1804 4057 216 48 American
2060 4064 209 53 Embargo
2306 4077 80 28 was
2422 4062 183 56 repealed
2636 4076 54 27 on
2725 4064 70 40 the
2833 4069 60 37 Ist
2927 4065 57 43 of

220 4085 124 53 body,
380 4102 46 24 or
464 4102 43 26 as
534 4090 99 41 they
667 4103 70 27 are
765 4089 233 53 commonly
1026 4088 305 45 denominated,

1636 4119 159 41 Mara:
1851 4117 98 41 This
1969 4116 260 57 intelligence
2244 4122 31 37 is
2294 4116 327 46 communicated
2640 4119 39 40 iti
2701 4116 138 43 letters
2859 4119 118 47 frOin

15 4144 19 9 ..,

215 4140 102 39 cN.;;;
353 4141 51 38 of
433 4142 70 41 the
533 4139 169 58 iieuple,
743 4141 53 54 Ity
834 4139 255 58 inentioritng
1119 4142 71 40 the
1219 4140 243 44 ittSttlittive
1498 4137 78 44 aiid
3417 4137 4 59 •

3236 4219 41 85 4:

3226 4291 35 69 ii
