3425 4441
163 104 240 54 -APRIL
446 105 72 47 16.

190 235 139 34 otfu•ers
348 235 44 34 of
407 235 157 33 Chelsea
594 235 176 41 Hospital
801 235 69 31 had
902 240 61 27 omit
1000 233 263 46 remonstrated
1293 233 141 41 against
1465 235 59 30 the

188 281 164 48 project,
378 283 84 33 that
480 283 61 39 the
572 281 195 45 physician
783 281 70 32 and
887 291 154 30 surgeon
1062 280 70 33 had
1152 276 61 37 nut
1231 279 171 34 declared
1427 278 97 34 their

185 332 315 41 disapprobation
511 328 43 41 of
562 331 60 32 the
640 327 98 45 plan.
759 328 80 32 The
856 327 98 35 Hon.
976 327 155 33 Baronet
1144 326 197 34 concluded
1361 337 25 22 w
1397 326 52 33 ith
1461 326 43 33 oh-

184 378 163 41 urviug,
373 378 84 34 that
477 378 43 33 he
534 376 198 37 conceived
754 374 63 34 the
844 380 136 33 matter
998 386 21 22 a
1038 385 96 24 mere
1139 372 90 46 job,
1252 376 69 32 and
1341 372 184 34 therefore

193 425 46 33 he
262 424 136 33 wished
418 424 60 33 for
494 425 59 32 the
575 423 221 45 production
815 423 40 33 of
873 423 63 40 the
961 431 137 40 proper
1116 423 211 34 documents
1341 425 39 28 to
1395 423 130 32 enable

185 476 64 32 the
274 470 124 44 Hope
417 480 39 26 to
475 472 93 34 form
586 483 24 21 a
617 470 194 46 judgment
830 481 99 34 upon
948 474 63 30 the
1026 468 157 45 subject,
1240 469 40 35 If
1307 470 53 31 his
1385 470 138 32 motion

189 529 79 24 was
285 520 162 34 acceded
468 528 52 32 to,
550 520 44 33 he
611 517 129 35 should
757 519 185 46 probably
963 516 185 34 hereafter
1172 516 73 34 feel
1261 517 27 33 it
1306 516 53 38 his
1376 515 91 46 duty
1487 523 35 25 to

187 567 132 33 follow
341 568 26 39 it
386 565 112 46 ttpby
519 567 171 40 another,
704 566 136 41 calling
853 566 176 33 evidence
1046 570 37 28 to
1097 565 64 39 the
1176 562 74 41 Bar
1264 562 44 38 of
1317 563 61 33 the
1400 562 124 37 House

188 620 38 26 to
239 614 100 33 skew
357 615 60 35 the
442 615 253 43 impropriety
715 612 45 34 of
780 613 65 33 the
863 613 85 43 plan
973 614 80 32 that
1072 621 76 25 was
1160 621 79 25 now
1267 613 33 32 in
1312 613 209 33 executioo.

188 660 64 35 lie
270 663 84 34 then
376 665 146 38 waved,
542 664 80 32 that
640 663 105 33 there
762 660 45 33 be
833 660 77 33 laid
930 659 124 38 before
1074 660 64 33 the
1165 659 124 34 House
1318 670 22 22 a
1356 670 98 32 copy
1483 659 44 33 of

187 709 65 34 the
278 710 188 40 %Warrant,
490 710 111 33 dated
621 710 61 34 the
702 709 81 35 11th
798 706 44 33 of
857 707 149 40 March,
1025 706 104 41 1809,
1155 706 93 34 from
1261 706 63 33 the
1338 706 181 38 Treasury

185 762 40 27 to
246 757 61 33 the
326 758 135 43 Survey
474 769 41 21 or
536 757 159 33 General
730 755 43 34 of
793 755 64 33 the
873 757 139 32 Crown
1031 755 129 39 Lands,
1185 754 181 45 directing
1382 752 74 33 him
1485 759 38 30 to

187 814 162 39 prepare
369 806 65 33 the
448 807 97 32 lease
565 803 43 33 of
622 803 139 33 certain
777 802 102 33 lands
895 810 40 25 at
957 802 170 40 Chelsea,

237 854 79 32 The
335 854 60 33 Cif
442 862 21 25 N
472 861 137 26 CELL°
621 861 22 24 ft
665 850 43 33 of
720 849 63 34 the
806 849 276 47 Excnri4rEll
1102 849 94 41 said,
1222 848 81 35 that
1320 848 104 39 there
1443 856 79 27 was

183 900 158 43 pe►thing
359 901 191 32 whatever
569 900 34 32 in
622 899 64 32 the
705 899 224 32 transaction
944 896 130 34 'which
1107 896 45 34 he
1183 898 66 33 had
1280 899 60 31 the
1356 895 167 44 slightest

188 957 30 21 ev
229 946 52 37 ish
296 947 130 38 should
446 948 44 31 be
502 946 213 39 concealed.
765 946 14 40 (
793 946 113 40 Hear,
935 946 86 32 hear
1033 946 14 32 !
1058 946 14 39 )
1123 946 61 33 He
1204 945 109 40 conl.l
1329 950 77 35 not,
1420 946 78 32 how-

182 1004 105 33 ever,
309 996 85 43 help
410 994 144 44 saying,
573 994 80 37 that
666 993 63 33 the
749 992 100 34 lion.
872 992 161 34 Baronet
1049 992 144 34 viewed
1211 1003 112 32 every
1335 998 57 27 act
1410 991 44 33 of
1461 991 61 33 the

187 1041 249 35 Government
457 1041 45 34 of
516 1043 60 32 the
596 1045 157 39 country
771 1051 28 22 w
811 1042 53 33 ith
883 1052 39 21 so
931 1038 150 45 jealous
1098 1042 70 39 and
1186 1051 39 20 so
1245 1038 201 45 jaandieed
1476 1050 44 21 an

183 1098 71 32 eye
274 1095 9 33 (
302 1089 103 33 Loud
423 1090 90 32 cries
531 1089 46 39 u/'
594 1089 118 41 Hear,
741 1089 85 39 hear
836 1089 14 32 !
865 1087 13 41 )
907 1089 81 33 th:►t
1002 1098 111 35 every
1133 1089 105 39 thing
1257 1089 54 35 his
1329 1085 194 43 Alts;est''s

177 1135 200 39 .I%linisters
407 1136 79 44 did,
529 1144 76 24 was
638 1136 191 37 construed
859 1136 46 44 by
938 1135 73 33 him
1046 1134 76 41 into
1154 1147 24 22 a
1209 1135 85 46 job.
1352 1135 59 33 Ile
1439 1144 84 24 con,

185 1182 144 35 sidered
363 1183 65 33 the
462 1183 139 33 motion
630 1183 136 44 merely
789 1194 39 24 as
861 1193 69 25 one
948 1183 207 39 calculated
1186 1189 38 27 to
1243 1185 106 34 catch
1368 1195 21 24 a
1423 1181 99 33 little

187 1237 146 39 present
352 1231 237 46 popularity,
615 1231 48 44 by
680 1231 253 45 complaining
951 1231 45 35 of
1006 1241 21 22 a
1041 1234 191 40 grievance
1254 1233 119 33 which
1394 1233 71 34 bad
1476 1239 45 24 no

187 1278 204 40 existence.
465 1278 202 39 Ministers,
703 1279 126 34 before
869 1278 87 44 they
993 1280 210 40 sanctioned
1240 1279 63 38 the
1337 1289 104 35 grant
1483 1291 38 26 to

191 1326 83 37 Cal.
295 1325 164 41 Gordon,
484 1325 69 32 had
581 1328 106 34 matie
706 1337 138 34 proper
857 1328 183 44 Idquiries
1058 1337 45 26 on
1122 1330 64 33 the
1202 1329 152 47 subject.
1413 1330 110 37 After

185 1375 233 43 vindicating
433 1375 64 40 the
516 1374 152 33 conduct
685 1374 43 33 of
742 1376 63 32 the
823 1375 116 34 Lords
956 1376 300 43 Commissioners
1274 1377 41 32 of
1325 1376 61 35 the
1402 1378 94 34 Trea-

185 1431 86 33 sury
293 1428 157 33 at,soine
480 1422 139 41 length,
637 1421 64 33 the
722 1421 110 43 Right
857 1422 98 34 lion.
980 1424 215 39 Gentleman
1211 1426 196 34 concluded
1429 1428 91 32 with

184 1468 210 48 observing,
409 1469 81 33 that
507 1468 44 32 lie
567 1468 135 33 should
720 1469 106 40 make
841 1481 47 22 no
906 1469 188 46 objection
1106 1480 37 26 to
1159 1474 63 32 the
1235 1472 138 35 motion
1387 1480 39 27 at
1440 1483 63 34 pre-

184 1521 78 35 opt
278 1517 129 35 before
420 1517 63 34 the
500 1514 124 35 House
639 1528 11 26 ;
679 1518 61 32 but
758 1517 31 33 if
803 1518 64 34 the
880 1520 102 40 lion,
1006 1518 161 37 Baronet
1180 1520 130 34 should
1329 1520 110 34 make.
1446 1532 73 35 any

185 1565 139 33 motion
347 1565 59 33 for
426 1574 149 33 persons
593 1564 109 40 being
720 1565 118 33 called
853 1571 39 28 to
909 1565 63 34 the
990 1565 76 34 Bar
1083 1573 38 27 to
1139 1569 84 44 give
1240 1570 99 33 their
1350 1570 170 43 opinions

183 1622 41 31 as
239 1617 39 30 to
296 1611 60 33 the
373 1617 221 28 correctness
609 1610 43 34 of
666 1611 61 34 the
736 1610 193 47 judgment
943 1612 45 43 or
996 1613 60 37 the
1081 1617 111 40 CrQw
1199 1628 21 31 t!
1248 1618 201 43 Surveyor,
1478 1617 44 33 he

182 1658 131 44 should
331 1658 198 46 decidedly
544 1656 128 51 oWeet
690 1663 38 31 to
750 1658 43 41 it.

235 1709 74 32 Sir.
343 1709 45 33 F.
412 1709 93 34 Bea
515 1709 106 33 nr:er
643 1709 142 44 replied
800 1713 41 30 at
868 1719 99 30 some
999 1709 122 45 length
1143 1716 37 34 to
1200 1710 61 35 the
1286 1711 235 34 observation

185 1756 45 33 of
244 1757 60 33 the
333 1756 223 37 Chancellor
580 1756 43 33 of
635 1756 63 34 the
722 1755 237 46 Exchequer,
985 1759 69 38 and
1076 1769 99 27 some
1189 1759 43 34 of
1245 1761 60 32 the
1324 1761 197 43 preceding

185 1806 198 44 Speakers.
441 1804 61 34 He
519 1805 94 43 said,
641 1805 46 34 he
704 1804 142 38 viewed
866 1802 57 38 his
946 1805 193 45 Majesty's
1157 1807 188 38 Ministers
1363 1807 91 33 with
1476 1818 45 21 no

175 1852 206 46 jaundiced
410 1861 99 35 eye;
536 1852 45 33 he
615 1852 187 43 respected
823 1852 97 33 them
938 1863 40 24 as
997 1854 104 32 much
1133 1865 40 25 as
1191 1865 72 33 any
1281 1858 109 30 other
1410 1856 90 33 Mini-

184 1905 91 32 sters
291 1913 13 27 ;
330 1900 65 33 but
429 1900 44 37 he
494 1910 72 24 was
587 1902 115 43 ready
723 1905 37 26 to
784 1900 272 44 acknowledge
1082 1902 79 33 that
1191 1903 44 32 he
1259 1902 144 34 viewed
1424 1903 97 33 their

184 1948 155 34 conduct
361 1948 89 33 with
469 1957 24 26 a
511 1945 155 46 jealous
698 1946 309 46 eye.—Nothing
1030 1950 63 39 lint
1117 1950 53 33 his
1191 1950 91 44 duty
1310 1949 58 34 led
1393 1949 76 34 him
1485 1955 38 27 to

185 1995 124 41 notice
327 1996 60 32 the
406 1994 157 45 subject,
582 1996 72 32 nod
689 1996 103 31 when
810 1996 63 31 the
898 1995 213 34 documents
1131 2007 98 24 were
1248 1997 76 33 laid
1336 2001 104 40 'upon
1461 1996 60 34 the

184 2042 116 43 table,
330 2042 45 39 he
391 2042 133 35 should
552 2042 187 44 probably
757 2041 70 33 feel
865 2041 26 35 it
924 2041 146 35 further
1090 2043 54 34 his
1166 2046 92 44 duty
1277 2049 38 27 to
1333 2046 73 38 call
1426 2044 71 33 Gen-

184 2091 133 38 tlemen
338 2094 38 28 to
404 2089 63 32 the
490 2092 81 39 bar,
602 2089 33 33 in
656 2091 110 35 order
782 2091 81 32 that
883 2088 61 33 the
967 2089 125 34 House
1110 2092 116 40 might
1253 2091 102 34 form
1371 2101 47 25 an
1437 2093 64 44 opi-

182 2137 87 37 nion
287 2147 46 22 on
347 2137 60 41 the
424 2135 141 45 sul►jec•t
586 2137 94 48 from
702 2135 59 33 the
778 2138 261 35 examination
1054 2138 45 34 of
1111 2139 198 34 witnesses.

231 2185 81 33 The
333 2185 146 43 Motion
514 2196 74 30 was
613 2181 137 50 agreed
776 2191 54 33 to,
855 2185 72 33 and
947 2186 65 33 the
1031 2196 132 35 papers
1178 2187 155 37 ordered
1358 2187 156 34 accord•

633 2288 211 31 ADMIft4L
873 2289 213 30 HARVEY.

234 2340 74 34 Mr.
333 2340 181 38 ROSPRT
535 2339 74 35 WA
622 2349 56 24 Pin
709 2340 161 43 brought
904 2352 50 34 up
980 2353 24 22 a
1042 2341 145 45 Report
1214 2341 93 35 from
1329 2341 63 38 the
1411 2342 112 35 [Ards

182 2387 301 39 Commissioners
514 2387 44 33 of
583 2388 63 32 the
679 2387 229 45 Admiralty,
938 2389 207 44 intimating
1170 2389 80 39 that
1285 2392 99 34 their
1411 2392 92 33 Lord-

182 2437 103 43 ships
313 2435 70 33 had
402 2434 162 45 thought
592 2435 26 32 it
637 2435 219 43 expedient,
883 2437 35 34 in
937 2446 248 34 consequence
1202 2437 46 33 of
1259 2439 63 33 the
1339 2447 167 35 represen-

184 2484 137 41 tations
343 2483 107 34 made
465 2490 37 30 to
519 2484 98 32 :hem
635 2484 47 31 by
707 2483 169 34 Admiral
900 2485 94 33 Lord
1013 2485 190 39 thimbier,
1220 2485 243 40 Cillmander
1489 2485 34 33 in

187 2531 118 40 Chief
325 2531 45 32 of
402 2531 57 39 his
496 2529 191 45 Majesty's
724 2531 102 43 ships
849 2531 54 44 off
922 2531 220 43 Rochefust,
1169 2537 40 27 to
1228 2535 109 31 order
1354 2544 25 22 a
1408 2535 27 33 C
1441 2544 44 22 on
1491 2541 33 30 yt

188 2578 154 35 Martial
367 2583 37 31 to
433 2580 46 38 be
502 2577 81 38 held
621 2576 59 34 for
709 2576 61 33 the
789 2580 86 32 trial
911 2578 45 33 of
981 2578 292 37 Rear-Admiral
1293 2581 151 45 Harvey
1466 2580 60 35 for

184 2626 138 35 breach
351 2626 44 35 of
424 2627 109 41 duty,
557 2627 71 41 and
657 2624 71 33 had
748 2626 241 45 accordingly
1017 2627 115 40 issued
1152 2627 97 34 their
1281 2636 157 26 warrant
1467 2628 59 33 for

185 2674 54 34 his
287 2673 289 45 apprehension.
643 2672 59 34 Ile
730 2673 94 39 said,
856 2674 291 41 Rear-Admiral
1180 2674 154 45 Horsey
1369 2676 109 43 being
1504 2687 22 21 a

188 2722 165 32 Member
381 2720 44 33 of
450 2720 74 35 this
557 2720 241 33 Honourable
823 2721 138 44 [louse,
990 2721 61 32 the
1080 2721 112 33 Lords
1226 2724 301 41 Commissioners

183 2769 155 41 thought
370 2770 26 32 it
433 2760 211 43 incionbent
669 2779 45 21 on
733 2769 97 33 them
852 2774 34 27 to
919 2769 132 34 inform
1081 2771 60 31 the
1165 2771 124 33 House
1315 2771 44 40 of
1382 2772 86 33 such
1504 2781 24 22 a

185 2817 224 44 proceeding
426 2817 144 44 against
587 2828 69 22 one
689 2816 46 33 of
762 2818 44 31 its
827 2818 196 39 !Members,
1050 2818 67 39 and
1141 2822 37 28 to
1196 2819 169 31 transmit
1387 2830 24 21 a
1427 2830 97 33 copy

183 2863 43 33 of
242 2864 53 32 his
314 2864 268 39 commitment,
600 2863 69 41 and
690 2864 61 32 the
767 2865 109 31 order
894 2864 58 32 for
970 2863 149 43 holding
1133 2864 63 32 the
1217 2868 118 32 Court
1357 2865 167 34 Martial.

231 2911 78 33 The
330 2913 110 33 order
455 2913 71 32 and
543 2911 60 32 the
621 2910 265 43 commitment,
905 2923 40 21 as
971 2911 164 33 directed
1165 2917 38 27 to
1222 2913 61 33 the
1305 2914 161 33 Marshal
1487 2913 43 34 of

184 2959 60 34 the
269 2960 227 41 Admiralty,
521 2969 73 24 was
621 2961 86 32 then
728 2960 208 43 presented,
961 2960 72 33 and
1062 2960 132 41 having
1214 2961 92 33 been
1326 2961 103 39 read,
1452 2973 74 21 was

185 3007 150 39 ordered
350 3013 38 26 to
403 3008 45 32 he
467 3007 78 33 laid
562 3018 46 21 on
630 3007 59 32 the
707 3007 112 32 table.
874 3007 83 33 The
985 3007 87 32 trial
1100 3007 30 32 is
1152 3008 208 46 appointed
1383 3014 37 26 to
1439 3009 87 33 take

185 3054 104 44 place
309 3065 46 32 on
374 3056 182 43 Moaday,
576 3054 63 38 the
658 3054 76 33 first
749 3053 45 33 of
811 3056 86 43 May
918 3061 105 33 next,
1041 3059 39 28 at
1098 3052 255 46 Portsmouth,
1389 3054 87 47 Adj.

710 3207 187 46 A.11E111(
896 3207 20 46 1
917 3207 64 46 ..1
980 3207 21 46 1

185 3354 73 27 MR.
283 3340 224 41 mAulsow's
547 3351 256 33 swavervaAt.
829 3346 176 38 SPEEER,
1036 3351 244 27 DELIVERED
1310 3352 145 31 MARCII
1485 3343 40 41 41

620 3404 56 26 AT
707 3404 177 26 TivKLyK
914 3394 191 37 O'CLOCK.

231 3465 333 40 WasmacTost,
594 3464 168 34 ITaacH
796 3463 38 40 4,
1077 3463 210 46 Unwilling
1319 3470 40 28 to
1391 3464 133 45 depart

180 3513 98 40 from
293 3514 197 43 examples
526 3513 43 32 of
583 3511 61 33 the
676 3515 96 31 most
806 3515 152 31 revered
993 3513 213 44 authority,
1235 3515 18 33 I
1273 3515 102 32 avail
1395 3515 136 43 myself

182 3561 44 33 of
240 3561 63 33 the
320 3561 155 33 occaion
495 3570 83 24 now
596 3560 208 44 presented,
831 3567 39 27 to
900 3570 158 33 express
1076 3560 60 32 the
1165 3561 184 43 profound
1372 3563 132 41 impres-

180 3609 79 32 sion
280 3608 104 33 made
398 3619 46 22 on
462 3619 73 28 sue,
556 3608 44 43 by
624 3607 65 33 the
705 3608 73 32 call
793 3607 45 33 of
850 3618 59 34 my
928 3614 157 37 country
1106 3614 37 25 to
1159 3609 63 33 the
1234 3609 151 39 station,
1406 3617 37 25 to
1463 3609 61 34 the

183 3654 119 34 duties
319 3654 43 33 of
378 3657 122 33 which
527 3656 15 34 I.
576 3665 58 25 am
656 3657 117 32 about
800 3660 37 27 to
857 3654 133 44 pledge
1010 3654 148 45 myself,
1186 3657 50 43 by
1264 3658 61 32 the
1344 3661 89 28 most
1465 3669 39 22 so-

182 3703 96 33 lemn
292 3703 44 33 of
341 3704 197 34 sanctions.
570 3704 47 33 So
633 3702 267 46 distinguished
915 3704 141 43 apark
1072 3700 45 35 of
1128 3704 207 34 confidence
1349 3704 155 46 proceed-

184 3750 60 41 ing
263 3750 94 33 from
389 3751 60 34 the
476 3751 213 33 deliberate
705 3751 71 33 and
797 3749 164 47 tranquil
981 3750 157 45 suffrage
1162 3750 45 34 of
1226 3763 24 22 a
1269 3751 78 34 free
1364 3752 67 33 and
1452 3752 57 33 vir-

183 3802 106 30 tuous
307 3800 141 40 nation,
477 3798 143 39 would,
638 3798 117 34 under
769 3809 71 34 any
860 3802 296 37 circumstances,
1175 3800 93 34 have
1287 3801 235 33 commanded

182 3854 58 33 my
267 3847 189 41 gratitude
484 3848 70 32 and
570 3847 196 40 devotion,
797 3856 39 25 as
869 3844 85 37 well
986 3856 43 25 as
1054 3846 98 34 tilled
1188 3857 58 24 me
1279 3848 93 33 with
1406 3847 119 37 awful

181 3901 97 24 sense
296 3894 44 32 of
350 3895 61 33 the
426 3900 93 28 trust
539 3901 38 26 to
596 3896 45 31 he
656 3894 182 35 assumed.
868 3894 128 37 Under
1007 3894 65 34 the
1087 3894 146 34 various
1245 3895 279 37 circumstanees

184 3939 125 35 which
338 3944 86 41 give
445 3944 171 43 peculiar
648 3945 201 43 solemnity
882 3951 35 25 to
953 3941 61 34 the
1041 3943 168 44 existing
1228 3943 150 45 period,
1415 3944 13 34 1
1452 3945 71 33 feel

183 3986 81 34 that
299 3990 90 33 both
407 3991 63 33 the
488 3990 143 34 honour
647 3991 71 33 and
743 3992 63 32 the
831 3990 283 46 responsibility
1141 3990 159 34 allotted
1319 3996 37 30 to
1375 4002 57 24 me
1459 4002 66 28 are

184 4033 275 48 inexpressibly
478 4038 207 34 enhanced.

286 4083 81 34 The
387 4093 145 37 present
555 4088 182 34 situation
759 4084 45 34 of
820 4083 63 37 the
900 4085 120 34 world
1042 4084 31 37 is
1090 4084 126 43 Weed
1237 4085 163 37 without
1417 4096 24 26 a

304 4141 12 26 ;
340 4134 71 32 and
439 4134 79 33 that
539 4134 44 32 of
612 4144 69 24 our
709 4139 156 39 country
902 4133 66 35 full
990 4134 45 34 of
1048 4134 224 38 difficulties.
1324 4135 84 34 The
1426 4146 80 35 pres-

181 4183 81 34 sure
278 4178 45 43 yf
347 4180 99 46 these
467 4187 56 45 Wo
522 4187 28 45 k
567 4181 28 35 is
630 4181 63 35 the
724 4191 102 33 more
841 4181 170 48 leverdy
1041 4181 76 48 kit
1140 4183 86 44 tieca
1226 4183 18 44 .
1244 4183 53 44 ust
1431 4183 98 41 Moo

99 2889 5 17 '
183 2889 34 7 0111
242 2889 53 7 111.,
314 2889 11 8 1.
325 2889 6 8 -
337 2889 96 7 tttttttt
441 2889 6 7 i
456 2889 7 7 I
471 2889 91 7 viirin
572 2889 11 14 ,
600 2889 69 7 °ine
692 2889 59 7 Cllr
767 2889 34 7 lu
811 2889 56 7 IICI
895 2889 50 7 WI
970 2889 84 8 !mufti
1063 2889 50 17 IT'
1134 2889 61 7 inc
1217 2889 78 11 vAni
1303 2889 7 9 I
1310 2889 7 9 -
1324 2889 11 9 l
1357 2889 76 11 Mill
1444 2889 79 11 tial.

1591 2889 128 33 served
1739 2896 39 25 to
1794 2889 64 33 the
1886 2889 133 38 Strifes,
2044 2889 67 32 and
2127 2890 35 28 to
2178 2889 60 28 the
2259 2889 150 39 people,
2435 2895 39 20 as
2491 2889 146 37 equally
2661 2889 263 38 incorporated
3309 2889 2 39 i

231 2911 78 33 The
330 2913 110 33 order
455 2913 71 32 and
543 2911 60 32 the
621 2910 265 43 commitment,
905 2923 40 21 as
971 2893 164 52 directed
1165 2917 38 27 to
1222 2913 61 33 the
1305 2914 161 33 Marshal
1487 2913 44 34 of
1593 2915 7 7 '

184 2959 60 34 the
269 2960 227 41 Admiralty,
521 2969 73 24 was
621 2961 86 32 then
728 2960 208 43 presented,
961 2960 72 33 and
1062 2960 132 41 having
1214 2961 92 33 been
1326 2961 103 39 read,
1452 2973 74 21 was
1594 2935 110 41 with,
1719 2935 69 34 and
1805 2935 174 34 essential
1996 2941 39 27 to
2056 2935 60 33 the
2128 2942 138 25 success
2284 2930 44 33 of
2339 2933 58 31 the
2411 2931 146 41 general
2572 2934 131 40 system
2718 2936 78 32 ;to
2807 2927 118 37 avoid

185 3007 150 39 nr4ered
350 3013 38 26 to
403 3008 45 32 he
467 3007 78 33 laid
562 3018 46 21 on
630 3007 59 32 the
707 3007 112 32 table.
874 3007 83 33 The
985 3007 87 32 trial
1100 3007 30 32 is
1152 3008 208 46 appointed
1383 3014 37 26 to
1439 3009 87 33 take
1594 2985 60 32 the
1685 2983 172 43 slightest
1883 2981 240 34 interference
2140 2980 93 40 with
2264 2980 60 32 the
2347 2979 117 38 rights
2487 2975 44 33 of
2546 2976 223 40 conscience,
2796 2987 45 22 or
2859 2981 64 30 the

1593 3031 182 34 functions
1791 3030 47 34 of
1848 3032 170 40 religion,
2044 3039 39 22 so
2118 3027 129 43 wisely
2272 3026 197 39 exempted
2503 3024 96 33 from
2626 3025 91 33 civil
2743 3021 183 47 jurisdic-

185 3054 104 44 place
309 3065 46 32 on
374 3056 182 43 Mooday,
576 3054 63 38 the
658 3054 76 33 first
749 3053 45 33 of
811 3056 86 43 May
918 3061 105 33 next,
1041 3059 39 28 at
1098 3052 255 45 Portsmouth.
1389 3054 87 47 Adj.
3320 3013 8 69 1

1594 3079 74 32 tion
1684 3091 9 26 ;
1722 3086 39 25 to
1782 3086 174 37 preserve
1972 3078 33 32 in
2022 3076 99 35 their
2147 3074 66 33 full
2243 3084 133 32 energy
2406 3078 35 26 th
2446 3084 20 20 e
2484 3074 103 32 other
2606 3072 161 41 salutary
2791 3072 132 44 provi-

633 3144 93 22 ......
726 3144 15 22 1
742 3144 31 22 .,
772 3144 15 22 4
788 3144 296 22 .,....,............
1591 3124 96 35 sions
1706 3125 33 34 in
1759 3124 136 35 behalf
1904 3124 45 34 of
1977 3126 146 43 private
2148 3123 66 33 and
2238 3122 165 45 persoint
2425 3119 131 44 riglos,
2582 3120 70 31 and
2682 3118 44 32 of
2741 3118 63 34 the
2829 3118 99 35 free.
3322 3137 7 33 i

22 3167 5 51 ,
104 3178 6 12 A
1591 3174 83 33 dam
1697 3174 44 34 of
1756 3174 64 34 the
1840 3183 122 34 press;
1993 3178 35 26 to
2044 3174 155 31 observe
2219 3177 180 34 economy
2420 3168 34 32 in
2489 3167 123 43 public
2628 3168 296 43 expenditures;

710 3208 135 39 34.311;
852 3209 33 35 It
892 3207 92 38 1e..il
987 3228 14 25 1
1546 3202 30 26 a

1556 3228 76 38 ,to
1644 3222 159 33 liberate
1813 3227 12 27 t
1833 3222 44 32 he
1894 3220 128 44 public
2033 3228 187 25 resources
2236 3219 46 33 by
2302 3214 285 34 anbonourable
2602 3214 135 39 dischar
2737 3214 19 39 ;
2756 3214 39 39 :e
2806 3213 45 35 of
2864 3215 64 33 the

3272 3241 5 8 .
3317 3241 2 8 ,

74 3272 7 24 A

1592 3269 128 45 public
1739 3269 129 38 debts;
1885 3273 39 33 to
1945 3268 96 44 keep
2062 3267 128 33 within
2203 3268 64 31 the
2283 3265 177 43 requisite
2479 3261 112 33 limits
2607 3272 21 22 a
2639 3261 171 45 standing
2826 3261 103 34 mili-

770 3286 175 21 ---tooot---

185 3354 73 27 an.
283 3340 224 41 mAutsow's
547 3351 256 33 INAUDDRAL
829 3346 176 39 SPEECH,
1036 3351 244 27 DELIVERED
1310 3352 145 31 mitaca
1485 3343 41 43 4,
1592 3324 86 37 tary
1697 3315 119 40 force,
1830 3317 144 43 always
1987 3313 280 41 remembering,
2285 3313 72 31 that
2379 3321 44 21 an
2435 3311 124 32 armed
2576 3308 69 33 and
2666 3311 144 31 trained
2826 3309 102 34 mili-
3314 3292 14 18 ..

620 3404 56 26 AT
707 3404 144 26 Trrsa.v
862 3405 22 24 E
914 3394 191 37 o'cLoest.
1592 3370 54 28 tut
1659 3374 26 22 is
1701 3365 63 33 the
1778 3364 137 39 firmest
1930 3363 175 34 bulwark
2117 3360 41 33 of
2170 3359 230 44 Republican
2420 3360 282 37 (;.Averinnents;
2717 3357 80 33 that
2811 3357 115 34 with-
3295 3353 24 50 !'•

1591 3418 64 27 out
1672 3411 167 41 standing
1856 3411 133 33 armies
2015 3411 99 33 their
2130 3409 139 41 liberty
2288 3417 64 24 can
2387 3415 111 24 never
2517 3406 43 31 lie
2591 3405 33 31 in
2642 3407 139 37 danger
2797 3417 12 27 ;
2841 3416 84 31 nor,

231 3465 333 41 W4swisfaTost,
594 3464 37 32 M
643 3472 119 26 ARCH
796 3463 38 40 4,
1077 3463 210 46 Unwilling
1319 3470 40 28 to
1391 3464 133 45 depart
1592 3458 91 35 with
1701 3459 103 44 large
1819 3457 207 40 onesolafe;
2043 3463 39 27 to
2096 3462 168 39 promote
2282 3457 46 39 by
2347 3452 213 35 authorised
2572 3463 119 21 menus
2704 3450 163 46 friendly
2889 3459 41 28 to

180 3513 98 40 from
293 3514 197 43 examples
526 3513 43 32 of
583 3511 61 33 the
676 3515 96 31 most
806 3515 152 31 revered
993 3513 213 44 authority,
1235 3515 18 33 I
1273 3515 102 32 avail
1395 3515 136 33 m‘self
1590 3508 244 43 agriculture,
1864 3514 38 26 to
1932 3504 291 38 manufactures,
2249 3502 70 33 and
2331 3506 102 28 exit.,
2444 3502 58 31 nal
2520 3509 40 24 its
2593 3509 24 20 %%
2652 3498 22 33 l)
2708 3509 40 22 as
2770 3501 159 34 internal

182 3561 44 33 of
240 3561 63 33 the
320 3561 155 33 occaion
495 3570 83 24 now
596 3560 208 44 presented,
831 3567 39 27 to
900 3570 158 33 express;
1076 3560 60 32 the
1165 3561 184 43 profound
1372 3563 154 41 impres.
1589 3565 202 25 commerce
1806 3559 77 28 :to
1903 3552 124 39 favor,
2039 3553 35 34 in
2092 3553 80 34 like
2190 3559 162 28 manner,
2372 3549 63 32 the
2452 3548 257 33 advancement
2731 3552 35 27 of
2783 3548 144 34 science
3304 3548 1 57 ,

180 3609 79 32 slim
280 3608 104 33 made
398 3619 46 22 on
462 3619 73 28 me,
556 3608 44 43 by
624 3607 65 33 the
705 3608 73 32 call
793 3607 45 33 of
850 3618 59 34 my
928 3614 157 37 country
1106 3614 37 25 to
1159 3609 63 33 the
1234 3609 151 39 station,
1406 3617 37 25 to
1463 3609 61 34 the
1587 3602 72 35 and
1677 3604 64 33 the
1756 3600 175 35 diffusion
1951 3600 41 33 of
2022 3599 240 35 information
2280 3607 39 24 as
2337 3596 60 33 the
2417 3598 78 31 best
2528 3594 181 46 aliment
2708 3600 37 26 to
2779 3600 81 27 true
2878 3595 50 34 li-
3283 3604 48 32 ~4

183 3654 119 34 duties
319 3654 43 33 of
378 3657 122 33 which
527 3656 15 34 I
576 3665 58 25 am
656 3657 117 32 about
800 3660 37 27 to
857 3654 133 44 pledge
1010 3654 148 45 myself,
1186 3657 50 43 by
1264 3658 61 32 the
1344 3661 89 28 most
1465 3669 58 22 so-
1590 3653 107 41 herty
1715 3656 78 35 ;to
1824 3659 113 32 carry
1965 3659 46 22 on
2031 3646 64 35 the
2128 3646 214 33 benevolent
2367 3644 104 46 plans
2502 3643 119 34 which
2642 3641 96 35 have
2767 3643 92 32 been
2885 3654 40 21 so
3296 3639 34 30 --•!

182 3703 96 33 lemo
292 3703 44 33 of
341 3704 197 34 sanctions.
570 3704 47 33 So
633 3702 267 46 distinguished
915 3704 22 43 a
938 3704 24 43 i
961 3704 94 43 mark
1072 3700 45 35 of
1128 3704 207 34 confidence
1349 3704 176 46 proceed-
1589 3698 280 43 meritoriously
1898 3696 155 46 applied
2083 3700 39 26 to
2159 3694 63 32 the
2251 3691 256 35 conservation
2536 3687 44 34 of
2603 3698 69 25 our
2711 3690 216 44 aboriginal

184 3750 60 41 ing
263 3750 94 33 from
389 3751 60 34 the
476 3751 213 33 deliberate
705 3751 71 33 and
797 3749 164 47 tranquil
981 3750 157 45 suffrage
1162 3750 45 34 of
1226 3763 24 22 a
1269 3751 78 34 free
1364 3752 67 33 and
1452 3752 74 33 vit..
1589 3745 224 44 neighbours
1831 3744 99 34 from
1959 3744 61 33 the
2052 3741 242 44 degredation
2321 3738 70 34 and
2421 3737 266 34 wretchedness
2721 3737 44 32 of
2789 3749 139 32 sA,vage
3321 3763 11 26 ,I

3328 3746 6 17 A

3298 3765 2 2 •

183 3802 106 30 Nous
307 3800 141 40 nation,
477 3798 143 39 would,
638 3798 117 34 under
769 3809 71 34 any
860 3802 296 37 circumstalleci,
1175 3800 93 34 have
1287 3801 235 33 commanded
1590 3793 80 41 life,
1690 3798 37 28 to
1743 3802 22 25 a
1786 3790 272 47 participation
2075 3788 47 35 of
2133 3787 65 37 the
2215 3789 287 44 improvements
2515 3784 43 35 of
2569 3783 120 35 which
2709 3784 64 33 the
2792 3785 136 34 human
3321 3787 11 32 t

182 3854 58 33 my
267 3847 189 41 gratitude
484 3848 70 32 and
570 3847 196 40 devotion,
797 3856 39 25 as
869 3844 85 37 well
986 3856 43 25 as
1054 3846 98 34 tilled
1188 3857 58 24 me
1279 3848 93 33 with
1406 3847 119 37 awful
1589 3841 97 34 mind
1701 3841 70 33 and
1791 3848 164 26 manners
1972 3848 66 25 are
2055 3835 224 53 susceptible
2297 3835 34 33 in
2348 3843 22 24 a
2383 3833 178 38 civilized
2588 3839 110 28 state.
2754 3831 51 34 As
2817 3831 58 34 far
2885 3846 8 21 i
2896 3843 13 25 I
2909 3844 17 21 A
3291 3831 4 57 .
3339 3831 1 57 .

60 3891 15 90 I
181 3901 97 24 sense
296 3894 44 32 of
350 3895 61 33 the
426 3900 93 28 trust
539 3901 38 26 to
596 3896 45 31 he
656 3894 182 35 assumed.
868 3894 128 37 Under
1007 3894 65 34 the
1087 3894 146 34 various
1245 3895 279 37 circumstances
1589 3888 210 35 sentiments
1811 3887 71 33 and
1898 3886 198 34 intentions
2126 3882 87 39 such
2231 3893 41 31 rot
2290 3882 98 39 these
2407 3892 69 31 can
2500 3879 63 37 aid
2593 3880 65 33 the
2678 3879 200 37 fulfilment
2888 3880 46 34 of
3306 3887 14 53 !-

184 3939 125 35 which
338 3944 86 41 give
445 3944 171 43 peculiar
648 3945 201 43 solemnity
882 3951 35 25 to
953 3941 61 34 the
1041 3943 168 44 existing
1228 3943 150 45 period,
1415 3944 13 34 1
1452 3945 71 33 kel
1590 3947 61 35 my
1667 3935 109 45 duty,
1802 3935 91 44 they
1912 3933 80 35 will
2011 3934 45 32 he
2075 3943 27 26 a
2117 3940 169 28 resource
2306 3927 122 45 which
2446 3933 89 30 cann
2535 3933 45 30 ot
2597 3926 67 34 fail
2680 3937 74 25 me.
3298 3873 6 14 ,

3288 3900 28 85 ,'l
3317 3900 11 85 ,

183 3986 81 34 that
299 3990 90 33 both
407 3991 63 33 the
488 3990 143 34 honour
647 3991 71 33 and
743 3992 63 32 the
831 3990 283 46 responsibility
1141 3990 159 34 allotted
1319 3996 37 30 to
1375 4002 57 24 me
1459 4002 66 26 are

1698 3992 35 34 It
1753 3992 31 34 is
1814 4002 61 24 my
1902 3991 97 45 good
2035 3989 162 43 fortune,
2231 3994 209 34 moreover,
2466 3993 37 24 to
2539 3983 93 34 have
2666 3981 66 35 the
2767 3984 92 45 patio
2896 3985 37 33 in

184 4033 275 48 inexpressibly
478 4038 207 34 enhanced.

1593 4041 124 35 which
1740 4039 17 34 I
1776 4050 59 24 am
1848 4045 39 30 to
1912 4037 102 35 tread
2042 4037 142 45 lighted
2200 4037 47 44 by
2267 4035 195 44 examples
2477 4031 44 34 of
2535 4031 206 33 illustrious
2756 4033 178 43 services,

182 4100 6 15 1
286 4083 81 34 The
387 4093 145 37 present
555 4088 182 34 situation
759 4084 45 34 of
820 4083 63 37 the
900 4085 120 34 world
1042 4084 31 37 is
1090 4084 126 43 ifideed
1237 4085 163 37 without
1417 4096 24 26 2
1457 4096 70 37 pn-
1590 4088 241 45 successfully
1847 4087 175 34 rendered
2037 4087 41 39 in
2096 4084 65 40 the
2178 4089 93 35 most
2287 4083 126 44 trying
2430 4080 209 35 difficulties
2655 4078 48 44 by
2725 4078 109 35 those
2849 4076 22 38 -
2871 4076 67 38 who
3294 4013 26 22 ~,

3295 4063 21 31 ''.

133 4124 2 57 ,
184 4128 104 34 mliel
304 4141 12 26 ;
340 4134 71 32 and
439 4134 79 33 that
539 4134 44 32 of
612 4144 69 24 our
709 4139 156 39 country
902 4133 66 35 full
990 4134 45 34 of
1048 4134 224 38 difficulties.
1324 4135 84 34 The
1426 4146 100 35 pre,-
1593 4139 94 39 twe
1706 4126 176 50 taiirched
1896 4134 130 37 before
2043 4144 73 31 me.
2169 4131 57 44 (If
2246 4133 104 34 those
2368 4128 45 38 of
2434 4140 58 33 my
2511 4124 213 37 immediate
2743 4128 198 43 prederea-

125 4182 15 44 4,
181 4183 81 34 SlArc
278 4178 45 43 gf
347 4180 99 46 these
467 4187 63 45 too
529 4187 21 45 k
567 4181 28 35 is
630 4181 63 35 the
724 4191 102 33 More
841 4181 170 48 IsTereli
1041 4181 76 48 ftq
1140 4183 157 44 tleCa.Ust
1325 4182 87 51 OM
1589 4194 59 41 'or
1648 4194 20 41 ;
1687 4183 32 37 it
1733 4182 122 47 might
1879 4182 93 44 least
1989 4183 157 40 tteeonae
2160 4191 57 31 me
2236 4181 89 33 here
2341 4185 38 30 to
2398 4174 191 51 speak—l
2615 4186 103 35 may,
2735 4174 1 61 .
2748 4175 180 37 however

128 4226 6 31 1
133 4226 7 31 1

128 4259 11 47 I
3294 4168 11 5 ..

1076 98 148 52 THE
1260 99 377 54 NATIONAL
1672 103 383 50 REGISTER.

2820 102 98 50 245

1590 236 109 34 falter
1717 249 99 33 upon
1835 250 40 22 us
1891 246 38 27 at
1946 250 22 22 a
1989 244 155 28 moment
2163 239 103 33 when
2285 239 163 33 national
2472 236 211 45 prosperity
2705 237 110 41 being
2836 242 84 32 at;

1591 285 126 44 height
1731 293 64 26 not
1813 287 126 33 before
1949 287 180 39 attained,
2143 287 61 32 the
2216 291 158 28 contrast
2391 285 170 41 remitting
2580 283 93 33 from
2693 285 227 45 thischange

1592 331 63 34 has
1690 334 90 31 been
1809 333 172 33 rendered
2006 334 60 31 the
2085 343 100 22 more
2205 333 170 43 striking.
2430 331 126 34 Under
2580 332 63 32 the
2654 332 132 41 benign
2807 332 92 34 influ-

1589 389 87 25 ence
1700 378 45 34 of
1770 389 71 25 our
1870 380 235 44 ftepublican
2139 379 237 39 inmitutions,
2411 379 69 32 aid
2506 378 60 33 the
2598 379 252 32 maintenance
2875 378 47 35 of

1592 436 111 33 peace
1726 428 89 34 %%ill*
1830 429 51 32 all
1900 430 157 37 nations,
2087 426 122 33 whilst
2226 438 38 21 SII
2404 424 44 33 of
2469 425 96 32 theta
2585 436 98 22 were
2699 425 216 43 engagedsin

1591 475 136 41 bloody
1746 476 70 32 and
1838 475 168 34 wasteful
2039 483 110 31 wars,
2176 476 60 31 the
2265 474 106 32 fruits
2389 472 45 31 of
2447 484 21 20 a
2487 470 72 45 just
2588 472 126 43 policy
2735 483 94 24 were
2848 483 43 25 en-

1580 517 117 45 joyed
1720 522 34 32 in
1772 533 46 21 an
1838 522 203 38 unrivaJled
2072 523 146 39 growth
2239 521 43 32 of
2304 530 67 24 our
2391 520 167 33 faculties
2575 521 69 30 mot
2665 529 249 25 resources.—

1596 566 130 37 Proofs
1743 568 44 33 of
1817 568 71 34 this
1905 579 98 24 uere
2033 579 81 22 seen
2143 568 34 32 in
2207 568 61 32 the
2290 568 280 40 improvements
2589 565 44 33 of
2657 566 254 43 agriculture;

1591 613 32 33 in
1658 617 61 32 the
1749 615 191 34 successful
1977 614 228 46 enterprizes
2223 613 44 34 of
2278 621 203 27 commerce
2497 625 11 27 ;
2537 613 33 33 in
2589 613 63 32 the
2670 624 175 34 progress
2872 614 46 34 of

1589 663 267 35 manufactures
1874 665 67 33 and
1975 663 113 35 useful
2112 669 77 28 arts
2204 673 11 30 ;
2248 669 37 26 to
2311 664 63 31 the
2395 660 158 32 increase
2571 659 41 33 of
2631 661 59 31 the
2712 660 126 44 public
2858 672 38 24 re-

1590 718 143 32 venues,
1759 711 71 33 and
1850 711 61 33 the
1930 719 60 25 use
2008 711 107 33 made
2132 710 44 33 of
2190 710 25 32 it
2237 710 34 31 in
2291 709 175 41 reducing
2491 707 61 33 the
2570 706 126 44 public
2711 707 103 40 debt,
2841 707 71 34 and

1589 756 34 33 in
1641 758 63 32 the
1723 758 171 33 valuable
1911 758 124 33 works
2052 757 67 33 and
2137 757 293 33 establishments
2444 764 110 34 every
2576 764 26 22 w
2615 755 86 34 here
2717 756 176 44 multiply-

1589 803 60 44 ing.
1665 815 89 22 over
1773 804 61 33 the
1852 806 81 33 face
1950 806 43 32 of
2002 815 65 21 our
2081 804 97 34 land.

1685 850 35 34 It
1741 854 27 31 is
1787 861 22 24 a
1828 853 168 43 precious
2009 852 202 38 reflection,
2231 849 77 34 that
2328 849 63 34 the
2406 848 191 34 transition
2607 848 98 33 from
2719 848 74 34 this
2807 860 85 37 pro!
2893 860 21 37 ,

1590 907 131 33 perous
1737 899 189 34 condition
1946 899 45 33 of
2001 908 70 25 our
2082 905 171 33 countrv,
2269 905 37 26 to
2322 898 61 32 the
2401 907 103 22 scene
2518 895 123 35 which
2661 896 65 33 has
2745 896 58 34 for
2812 907 102 27 some

1589 946 86 33 time
1690 947 91 33 been
1799 946 210 44 distressing
2027 957 56 25 us.
2093 947 27 32 is
2138 952 61 26 not
2212 946 223 40 chargeable
2452 956 45 21 on
2515 953 70 34 any
2606 946 308 32 unwarrantable

1590 992 128 40 views,
1739 1003 79 31 nor,
1835 1004 40 24 as
1933 1000 105 33 trust,
2065 1004 47 21 on
2128 1004 70 33 any
2218 993 234 32 involuntary
2478 998 120 26 errors
2634 991 34 33 in
2695 991 63 33 the
2779 991 136 35 Public

1586 1039 185 43 Councils,
1830 1041 194 44 Indulging
2052 1051 45 22 no
2124 1043 162 41 passions
2319 1037 122 34 which
2472 1044 158 39 trespass
2647 1050 47 22 on
2714 1039 60 32 the
2794 1039 118 43 rights

1587 1097 43 21 or
1646 1089 61 32 the
1728 1096 129 32 repose
1883 1089 44 34 of
1949 1090 107 31 other
2078 1088 158 37 nations,
2254 1088 26 32 it
2301 1088 63 33 has
2382 1088 89 31 been
2490 1088 63 32 Ow
2570 1094 80 26 true
2666 1085 107 44 glory
2793 1087 44 32 of
2850 1089 63 33 the

1590 1134 136 34 United
1746 1135 118 33 States
1883 1139 37 32 to
1933 1134 180 34 cultivate
2133 1146 113 33 peace
2265 1135 43 41 by
2331 1134 193 43 observing
2533 1133 157 46 justice,
2708 1134 71 34 and
2799 1141 37 26 to
2850 1144 44 24 en-

1586 1181 84 34 title
1684 1181 221 34 themselves
1922 1188 37 26 to
1977 1183 61 31 the
2056 1188 137 38 respect
2213 1181 43 33 of
2275 1181 61 32 the
2355 1181 141 32 nations
2506 1187 37 26 at
2557 1191 94 28 war,
2670 1181 48 43 by
2735 1179 181 47 fulfilling

1589 1227 96 35 their
1702 1230 143 34 neutral
1861 1230 224 41 obligations
2107 1240 24 21 w
2144 1230 51 32 ill;
2219 1228 59 32 the
2296 1235 89 25 most
2404 1228 215 44 scrupulous
2639 1228 248 44 importialitN
2901 1252 11 9 .

1687 1276 38 35 If
1743 1278 106 33 there
1866 1278 45 33 be
1936 1279 163 32 candour
2117 1278 33 30 in
2169 1277 63 32 the
2252 1276 130 40 world,
2402 1276 60 33 the
2481 1274 98 34 truth
2598 1273 46 34 of
2667 1277 103 32 these
2794 1286 102 24 asser-

1587 1323 92 34 tions
1696 1324 78 34 will
1792 1329 64 30 not
1872 1324 47 34 be
1937 1324 231 46 questioned,
2220 1323 202 44 Posterity,
2440 1329 37 27 at
2489 1324 105 39 least,
2610 1322 81 35 will
2711 1324 48 37 do
2767 1322 146 47 justice

1586 1377 38 26 to
1643 1370 113 38 them.

1680 1420 92 34 This
1791 1419 338 45 nnexceptinnable
2147 1426 128 27 course
2293 1416 105 34 could
2421 1421 61 28 not
2500 1417 98 33 avail
2615 1417 144 44 against
2777 1417 64 34 the
2857 1417 58 35 in.

1579 1466 137 39 Justice
1741 1468 70 32 and
1840 1467 167 37 violence
2031 1466 45 33 of
2096 1467 63 32 the
2181 1465 223 43 Bellivrent
2425 1465 163 33 Powers.
2644 1467 45 33 In
2708 1465 98 35 their
2825 1475 87 33 rage

1585 1513 141 41 against
1741 1513 91 34 each
1848 1514 124 37 other.
1983 1522 43 24 or
2039 1512 174 47 impelled
2228 1513 47 43 by
2288 1522 102 24 more
2401 1512 112 33 direct
2529 1513 168 39 motives,
2711 1513 206 45 principles

1586 1559 43 33 of
1636 1561 148 34 retaliat
1793 1563 60 31 ion
1869 1563 91 32 have
1974 1561 90 33 been
2081 1558 229 39 introduced,
2326 1559 151 45 equally
2490 1564 169 30 contrary
2673 1566 37 26 to
2730 1560 185 33 universal

1587 1617 125 27 reason
1731 1610 70 33 and
1819 1607 292 43 acknowledged
2131 1609 90 33 law.
2259 1606 98 34 How
2378 1607 85 40 lung
2480 1605 96 34 their
2590 1607 190 44 arbitrary
2796 1606 120 34 edicts

1590 1656 77 33 will
1687 1657 45 32 be
1748 1656 211 40 continued,
1980 1657 34 32 in
2031 1655 97 45 spite
2145 1655 44 33 of
2198 1657 59 31 the
2276 1654 314 39 demonstrations,
2609 1656 81 32 that
2704 1662 59 26 not
2779 1664 91 24 even
2887 1664 27 24 a

1589 1709 150 37 pretext
1755 1703 61 34 for
1833 1703 94 33 them
1950 1702 63 34 has
2031 1703 91 32 been
2137 1702 109 44 given
2262 1701 50 44 by
2331 1702 63 32 the
2411 1701 135 33 United
2565 1703 131 35 States,
2711 1702 67 33 and
2794 1700 43 35 of
2852 1702 63 33 the

1587 1750 72 33 fair
1672 1750 71 33 and
1763 1753 132 32 liberal
1912 1755 178 40 attempts
2107 1754 39 28 to
2165 1749 129 38 induce
2326 1760 22 22 a
2375 1747 210 34 revocation
2616 1748 41 33 of
2683 1750 115 39 them,
2828 1759 67 24 can-

1589 1805 59 27 not
1668 1800 45 32 be
1729 1799 247 44 anticipated.

1677 1846 178 41 Assuring
1874 1844 136 45 myself
2021 1845 96 39 that,
2130 1844 111 34 under
2251 1853 112 34 every
2376 1841 222 37 vicissitude,
2613 1843 65 34 the
2691 1841 227 37 determined

1587 1891 109 44 spirit
1719 1892 71 33 and
1809 1893 124 33 united
1946 1891 164 40 councils
2127 1891 43 33 of
2181 1891 61 34 the
2263 1891 124 33 nation
2405 1902 25 20 w
2443 1891 39 32 ill
2497 1891 44 32 he
2559 1890 228 45 safe-guards
2804 1899 37 25 to
2868 1891 48 33 its

1590 1937 142 35 honour
1752 1939 72 34 and
1851 1941 45 32 its
1923 1939 171 39 essential
2113 1938 180 40 interests,
2326 1937 12 33 I
2368 1937 126 45 repair
2517 1944 37 26 to
2572 1937 59 33 the
2653 1943 80 39 post
2748 1937 167 44 assigned

1590 1996 70 32 me,
1682 1988 89 32 with
1793 1998 46 21 no
1860 1988 107 35 other
1987 1987 314 41 discouragement
2328 1984 87 34 than
2437 1996 27 19 w
2476 1985 60 32 hat
2565 1984 139 44 springs
2731 1984 94 33 from
2852 1995 63 33 my

1590 2043 83 25 own
1693 2035 229 43 inadequacy
1942 2039 38 33 to
2008 2035 45 33 its
2081 2035 87 43 high
2189 2034 130 33 duties.
2375 2029 39 35 If
2441 2029 86 35 Ido
2548 2042 58 22 nut
2631 2030 81 35 sink
2730 2033 111 33 under
2855 2034 64 33 the

1594 2081 136 44 weight
1743 2081 44 34 of
1802 2081 72 34 this
1891 2083 94 43 deep
2000 2081 228 39 conviction,
2248 2081 27 32 it
2302 2081 28 31 is
2348 2080 155 32 because
2526 2079 14 33 l
2559 2080 70 33 find
2644 2091 98 22 some
2758 2083 161 40 support

1592 2128 33 33 in
1644 2139 24 22 a
1681 2131 267 33 consciousness
1967 2128 44 33 of
2027 2130 65 33 the
2118 2138 190 34 purposes,
2326 2126 69 33 and
2412 2137 25 22 a
2452 2127 206 33 confidence
2678 2127 34 32 in
2731 2126 63 33 the
2815 2126 80 45 prin-

1589 2177 132 43 ciples,
1742 2174 123 43 which
1891 2177 15 33 I
1928 2177 107 43 bring
2054 2176 90 33 with
2164 2185 56 22 me
2239 2176 73 31 into
2331 2173 72 33 this
2421 2173 156 33 arduous
2590 2173 154 33 service.

1685 2224 54 33 To
1756 2224 151 34 cherish
1928 2233 113 37 peace
2057 2222 72 35 and
2147 2222 158 43 friendly
2328 2222 223 33 intercoorse
2569 2219 89 34 with
2682 2222 51 32 all
2758 2219 161 40 nations,

1592 2270 132 45 haying
1740 2272 287 43 correspondent
2057 2269 259 45 dispositions;
2344 2275 38 27 to
2409 2268 175 34 maintain
2600 2268 143 34 sincere
2770 2274 128 28 neutra-

1592 2317 66 44 lity
1675 2319 164 34 towards
1861 2315 223 46 Belligerent
2107 2316 154 35 Nations
2275 2328 11 26 ;
2313 2322 38 26 to
2365 2315 124 45 prefer
2507 2315 33 33 in
2554 2315 48 33 all
2617 2326 100 22 eases
2732 2315 187 33 amicable

1590 2367 200 33 discussion
1814 2368 71 32 and
1905 2366 214 40 reasonable
2151 2363 315 33 accommodation
2497 2361 44 33 of
2567 2361 230 41 differences,
2825 2368 35 27 to
2896 2372 26 25 a

1590 2412 162 35 decision
1769 2413 45 33 of
1834 2413 99 34 them
1965 2414 46 43 by
2035 2424 47 22 an
2100 2413 137 43 appeal
2259 2420 37 25 to
2315 2420 94 25 arms
2424 2421 12 26 ;
2461 2415 39 25 to
2528 2409 157 33 exclude
2706 2408 141 41 foreign
2864 2409 37 32 in-

1593 2460 135 44 trigues
1743 2460 72 34 and
1848 2459 143 46 foreign
2027 2459 240 46 partialities,
2291 2467 38 24 to
2362 2456 197 45 degraliog
2593 2464 38 24 to
2647 2457 51 33 all
2720 2457 200 41 countries,

1590 2509 70 32 and
1694 2518 40 24 so
1772 2507 150 40 baneful
1967 2515 37 26 to
2042 2507 76 34 free
2161 2517 83 21 ones
2259 2517 12 26 ;
2309 2510 39 27 to
2375 2503 115 34 foster
2528 2516 25 21 a
2591 2504 112 43 spirit
2743 2504 44 33 of
2822 2504 81 33 inde-

1593 2555 197 44 pendence,
1813 2562 63 27 too
1904 2555 80 45 just
2011 2561 38 27 to
2078 2555 129 33 invade
2232 2556 60 31 the
2321 2551 118 43 rights
2472 2550 43 33 of
2533 2550 137 40 others,
2701 2557 63 26 too
2799 2550 123 46 proud

1593 2610 37 25 to
1668 2603 194 35 surrender
1902 2613 70 24 our
2011 2613 103 28 own,
2165 2607 63 27 too
2278 2598 131 34 literal
2451 2603 38 28 to
2532 2598 144 43 indulge
2719 2598 202 45 unworthy

1594 2649 209 45 prejudices
1838 2652 200 39 ourselves,
2069 2648 71 34 and
2181 2654 66 27 too
2288 2646 168 35 elevated
2499 2654 57 25 not
2596 2650 38 28 to
2678 2644 91 34 look
2810 2648 111 32 done

1592 2708 98 33 upon
1726 2698 98 34 them
1869 2700 35 31 in
1946 2699 124 32 others
2089 2709 9 25 ;
2139 2700 38 28 to
2204 2694 87 34 hold
2326 2695 61 31 the
2422 2695 107 31 anion
2557 2693 41 33 of
2637 2692 64 34 the
2737 2696 117 30 States
2881 2702 43 24 as

1594 2747 59 32 the
1683 2746 96 33 basis
1796 2746 46 32 of
1867 2746 99 32 their
1985 2754 115 35 peace
2117 2743 67 34 and
2206 2741 197 45 floppiness
2420 2753 9 25 ;
2461 2750 35 22 to
2517 2748 152 35 !rapport
2689 2741 64 33 4he
2786 2741 118 31 consti-

1594 2792 117 37 tution
1731 2792 124 35 which
1877 2793 30 33 is
1924 2793 61 33 the
2002 2796 141 31 cement
2156 2790 45 34 of
2207 2791 61 32 the
2288 2791 125 37 lotion,
2426 2799 40 22 as
2481 2789 84 32 well
2585 2790 33 31 in
2631 2786 43 33 its
2687 2787 236 41 limitations,

1593 2851 40 24 as
1663 2841 34 33 in
1729 2842 45 33 its
1804 2841 222 33 authorities
2041 2852 11 26 ;
2079 2844 38 27 to
2137 2842 143 40 respect
2314 2837 61 33 the
2408 2836 116 43 riglrts
2538 2836 67 32 and
2622 2835 224 33 authorities
2865 2844 39 25 re-

1591 2889 128 33 served
1739 2896 39 25 to
1794 2889 64 33 the
1886 2889 133 38 States,
2044 2888 67 33 and
2127 2890 35 28 to
2178 2888 60 30 the
2259 2884 150 44 people,
2435 2895 39 20 as
2491 2882 146 44 equally
2661 2882 263 45 incorporated

1594 2935 110 41 with,
1719 2935 69 34 and
1805 2936 155 33 essentiu
1970 2935 8 33 I
1996 2941 39 27 to
2056 2935 60 33 the
2128 2942 138 25 success
2284 2930 61 33 oft
2356 2933 40 31 he
2411 2931 146 41 general
2572 2934 157 40 system;
2758 2936 38 25 to
2807 2927 118 37 avoid

1594 2985 60 32 the
1685 2983 172 43 slightest
1883 2981 240 34 interference
2140 2980 93 40 with
2264 2980 60 32 the
2347 2979 117 38 rights
2487 2975 44 33 of
2546 2976 223 40 conscience,
2796 2987 45 22 or
2859 2981 64 30 the

1593 3031 182 34 functions
1791 3030 47 34 of
1848 3032 170 40 religion,
2044 3039 39 22 so
2118 3027 129 43 wisely
2272 3026 197 39 exempted
2503 3024 96 33 from
2626 3025 91 33 civil
2743 3021 163 47 jurisdic-

1594 3079 99 38 tion;
1722 3086 39 25 to
1782 3086 174 37 preserve
1972 3078 33 32 in
2022 3076 99 35 their
2147 3074 66 33 full
2243 3084 133 32 energy
2406 3078 60 26 the
2484 3074 122 32 otloq
2606 3072 161 41 salutary
2791 3072 111 44 provi-

1591 3124 96 35 sions
1706 3125 33 34 in
1759 3124 136 35 behalf
1904 3124 45 34 of
1977 3126 146 43 private
2148 3123 66 33 and
2238 3122 165 45 personil
2425 3119 131 44 rights,
2582 3120 70 31 and
2682 3118 44 32 of
2741 3118 63 34 the
2829 3118 80 35 free-

1591 3174 83 33 dom
1697 3174 44 34 of
1756 3174 64 34 the
1840 3183 122 34 press;
1993 3178 35 26 to
2044 3174 155 31 observe
2219 3177 180 34 ectmonly
2420 3168 34 32 in
2489 3167 123 43 ',oldie
2628 3168 296 43 expenditures;

1593 3228 38 27 to
1644 3222 159 33 liberate
1813 3227 12 27 t
1833 3222 44 32 he
1894 3220 128 44 nubile
2033 3228 187 25 resources
2236 3219 46 33 by
2302 3215 177 33 anbonati
2486 3214 100 33 rattle
2602 3214 122 39 dischar
2724 3214 18 39 ;
2741 3214 53 39 :,e
2806 3213 45 35 tif
2864 3215 64 33 the

1592 3269 128 45 public
1739 3269 129 38 debts;
1885 3273 39 33 to
1945 3268 96 44 keep
2062 3267 128 33 within
2203 3268 64 31 the
2283 3265 177 43 requisite
2479 3261 112 33 limits
2607 3272 21 22 a
2639 3261 171 45 standing
2826 3261 83 34 mili-

1592 3324 86 37 tary
1697 3315 119 40 force,
1830 3317 144 43 always
1987 3313 280 41 remembering,
2285 3313 72 31 that
2379 3321 44 21 au
2435 3311 124 32 armed
2576 3308 69 33 and
2666 3311 144 31 trained
2826 3309 81 34 mili-

1592 3365 54 33 tia
1658 3364 27 33 is
1701 3365 63 33 the
1778 3364 137 39 firmest
1930 3363 175 34 bulwark
2117 3360 41 33 of
2170 3359 230 44 Republican
2420 3360 282 37 (f.tveruments;
2717 3357 80 33 that
2811 3357 92 34 with-

1591 3418 64 27 out
1672 3411 167 41 standing
1856 3411 133 33 armies
2015 3411 99 33 their
2130 3409 139 41 liberty
2288 3417 64 24 can
2387 3415 111 24 never
2517 3406 43 31 he
2591 3405 33 31 in
2642 3407 167 37 clanger;
2841 3416 84 31 nor,

1592 3458 91 35 with
1701 3459 103 44 large
1819 3469 102 27 ones,
1931 3457 94 40 safe;
2043 3463 39 27 to
2096 3462 168 39 promote
2282 3457 15 39 b
2297 3457 15 39 y
2313 3457 15 39 ,
2347 3452 154 35 auohnrif
2500 3452 19 35 ,
2519 3452 40 35 ed
2572 3463 119 21 menus
2704 3450 163 46 friendly
2889 3459 41 28 to

1590 3508 244 43 agriculture,
1864 3514 38 26 to
1932 3504 291 38 manufactures,
2249 3502 70 33 and
2331 3511 45 22 es
2386 3506 47 28 let
2444 3502 58 31 nal
2520 3509 40 24 as
2593 3498 81 33 w.•it
2708 3509 40 22 as
2770 3501 159 34 internal

1589 3565 202 25 commerce
1806 3566 9 21 :
1843 3559 40 28 to
1903 3552 124 39 favor,
2039 3553 35 34 in
2092 3553 80 34 like
2190 3559 162 28 manner,
2372 3549 63 32 the
2452 3548 257 33 advancement
2731 3552 35 27 of
2783 3548 144 34 science

1587 3602 72 35 and
1677 3604 64 33 the
1756 3600 175 35 diffusion
1951 3600 41 33 of
2022 3599 240 35 information
2280 3607 39 24 as
2337 3596 60 33 the
2417 3598 78 31 best
2528 3594 167 44 aliment.
2708 3600 37 26 to
2779 3600 81 27 true
2878 3595 33 34 li-

1590 3653 107 41 berty
1715 3660 12 31 ;
1753 3656 40 27 to
1824 3659 113 32 carry
1965 3659 46 22 on
2031 3646 64 35 the
2128 3646 214 33 benevolent
2367 3644 104 46 plans
2502 3643 119 34 which
2642 3641 96 35 have
2767 3643 92 32 been
2885 3654 40 21 so

1589 3698 280 43 meritoriously
1898 3696 155 46 applied
2083 3700 39 26 to
2159 3694 63 32 the
2251 3691 256 35 conservation
2536 3687 44 34 of
2603 3698 69 25 our
2711 3690 216 44 aboriginal

1589 3745 224 44 neighbours
1831 3744 99 34 from
1959 3744 61 33 the
2052 3741 242 44 degredation
2321 3738 70 34 and
2421 3737 266 34 wretchedness
2721 3737 44 32 of
2789 3749 139 32 si.vage

1590 3793 80 41 life,
1690 3798 37 28 to
1743 3802 22 25 a
1786 3790 272 47 participation
2075 3788 47 35 of
2133 3787 65 37 the
2215 3789 287 44 improvements
2515 3784 43 35 of
2569 3783 120 35 which
2709 3784 64 33 the
2792 3785 136 34 bunion

1589 3841 97 34 mind
1701 3841 70 33 and
1791 3848 164 26 manners
1972 3848 66 25 are
2055 3835 224 53 susceptible
2297 3835 34 33 in
2348 3843 22 24 a
2383 3833 178 38 civilized
2588 3839 110 28 state.
2754 3831 51 34 As
2817 3831 58 34 far
2885 3843 40 25 :Ls

1589 3888 210 35 sentiments
1811 3887 71 33 and
1898 3886 198 34 intentions
2126 3882 87 39 such
2231 3893 41 31 as
2290 3882 98 39 these
2407 3892 69 31 can
2500 3879 63 37 aid
2593 3880 65 33 the
2678 3879 200 37 fulfilment
2888 3880 46 34 of

1590 3947 61 35 my
1667 3935 109 45 duty,
1802 3935 91 44 they
1912 3933 80 35 will
2011 3934 45 32 he
2075 3943 27 26 a
2117 3940 169 28 resource
2306 3927 122 45 which
2446 3933 133 30 cannot
2597 3926 67 34 fail
2675 3937 79 39 me.

1698 3992 35 34 It
1753 3992 31 34 is
1814 4002 61 24 my
1902 3991 97 45 good
2035 3989 162 43 fortune,
2231 3994 209 34 moreover,
2466 3993 37 24 to
2539 3983 93 34 have
2666 3981 66 35 the
2767 3984 92 45 patio
2896 3985 37 33 in

1593 4041 124 35 which
1740 4039 17 34 I
1776 4050 59 24 am
1848 4045 39 30 to
1912 4037 102 35 tread
2042 4037 142 45 lighted
2200 4037 47 39 by
2267 4035 195 44 examples
2477 4031 44 34 of
2535 4031 206 33 illustrious
2756 4033 178 43 services,

1590 4088 241 45 successfully
1847 4087 175 34 rendered
2037 4087 41 39 in
2096 4084 65 40 the
2178 4089 93 35 umst
2287 4083 126 44 trying
2430 4080 209 35 difficulties
2655 4078 48 44 by
2725 4078 109 35 those
2849 4080 90 34 who

1593 4139 94 39 have
1706 4135 176 40 marched
1896 4134 130 37 before
2043 4144 28 31 to
2072 4144 14 31 t
2086 4144 31 31 e.
2169 4131 57 44 Of
2246 4133 104 34 those
2368 4128 45 38 of
2434 4140 58 33 my
2511 4124 213 37 immediate
2743 4128 198 43 prederea.

1589 4194 59 41 'or
1648 4194 20 41 ;
1687 4183 32 37 it
1733 4182 122 47 might
1879 4182 93 44 least
1989 4183 157 40 t,teconte
2160 4191 57 31 me
2236 4181 89 33 here
2341 4185 38 30 to
2398 4174 191 51 speak—i
2615 4186 103 35 may,
2735 4174 1 61 •
2748 4175 180 37 however

31 1662 12 12 4
