3425 4441
1055 52 149 51 THE
1243 47 385 54 NATIONAL
1695 44 386 53 REGISTER.

174 189 50 39 be
243 190 191 46 pardoned
464 193 57 33 for
548 200 64 27 not
630 194 243 45 suppressing
891 194 65 34 the
971 194 222 45 sympathy,
1214 193 92 34 with
1330 191 122 34 which
1473 201 58 32 my

175 237 111 34 heart
301 237 30 34 is
348 239 87 40 full,
457 240 37 34 in
514 240 61 35 the
604 241 79 35 rich
706 241 144 34 reward
881 240 45 35 he
943 239 131 48 enjoys
1090 242 34 34 in
1144 241 61 34 the
1225 239 253 37 benedictions
1498 239 41 33 of

176 296 26 22 a
221 286 156 35 beloved
398 294 177 39 country,
592 288 209 46 gratefully
819 288 194 35 bestowed
1026 289 61 37 fn.
1103 288 152 35 exalted
1273 288 149 34 talents,
1437 287 80 33 zeal-

177 334 123 45 ously'
313 334 180 41 devoted,
526 337 162 44 through
715 350 24 21 a
763 337 86 43 long
874 347 145 31 career,
1048 343 41 28 to
1119 337 60 33 the
1205 337 266 34 advancement
1499 335 35 32 01

180 383 50 33 its
250 381 145 47 highest
429 384 152 33 interest
617 386 72 32 and
720 384 215 46 happiness.
993 384 73 35 But
1088 384 64 34 the
1179 394 129 25 source
1339 389 40 27 to
1415 381 120 34 which

183 429 22 34 I
231 430 94 34 look
357 429 61 35 for
444 431 63 34 the
528 433 63 33 aid
621 433 126 33 which
767 433 110 34 alone
893 443 69 25 can
980 433 141 45 supply
1148 443 60 33 my
1228 430 254 38 deficiencies,
1511 430 28 31 b

181 477 39 34 in
239 476 64 35 the
322 478 207 34 well-tried
561 481 237 43 intelligence
823 481 72 34 and
925 481 124 35 virtue
1068 481 44 33 of
1131 491 63 32 my
1215 478 324 40 fellow-citizens,

178 526 74 33 and
289 526 35 33 in
343 527 64 32 the
424 528 168 34 counsels
620 527 46 34 of
681 528 104 33 those
806 530 237 41 represented
1081 528 98 35 them
1201 527 34 34 in
1267 527 60 34 the
1348 526 110 34 other
1476 526 43 33 de-

180 578 213 40 partments
423 575 209 34 associated
670 575 35 34 in
728 575 61 35 the
821 587 85 24 care
933 573 45 37 of
994 579 61 32 the
1087 576 163 34 national
1276 575 165 34 interest.
1496 574 44 33 In

180 621 106 34 these
300 632 61 35 my
380 622 213 34 confidence
614 624 98 40 will,
739 624 112 34 under
869 635 116 33 every
1004 624 195 44 difficulty,
1230 624 44 33 he
1284 624 79 33 best
1384 621 156 44 placed;

180 673 93 31 next
287 674 37 28 to
341 670 84 34 that
455 670 126 35 which
611 683 57 24 we
689 671 93 35 have
811 673 51 33 all
894 673 92 33 been
1015 670 229 46 encouraged
1277 677 39 26 to
1338 670 71 34 feel
1431 671 33 32 in
1480 670 60 32 the

180 717 276 45 guardianship
487 719 71 33 and
593 719 184 43 guidance
819 718 45 35 of
892 719 84 35 that
1007 719 195 43 Almighty
1235 718 137 40 Being,
1417 729 25 22 m
1457 717 84 32 hose

180 774 138 37 power
348 768 184 44 regulates
557 768 63 33 the
656 768 144 45 destiny
820 767 45 33 of
889 767 324 34 nations—whose
1243 767 176 43 blessings
1450 765 93 33 have

183 813 94 33 been
296 823 39 22 so
352 815 291 44 conspicuously
673 814 191 45 diTenAed
885 820 38 28 to
957 816 74 33 this
1049 814 113 44 rising
1183 815 207 44 Republic,
1415 813 69 33 and
1506 819 38 27 to

182 861 128 33 whom
331 872 58 22 we
406 872 66 25 are
509 862 120 35 bound
664 870 38 25 to
735 865 149 32 address
914 874 70 24 our
1016 863 138 33 devout
1186 862 194 43 gratitude
1409 860 56 34 for
1483 859 60 35 the

183 918 100 35 past.
309 918 40 24 ns
367 909 87 35 well
474 921 38 22 as
531 921 67 24 our
617 911 145 34 fervent
789 911 275 46 supplications
1080 909 72 38 r.nd
1175 911 80 33 best
1269 911 119 45 hopes
1406 908 59 35 for
1483 908 60 34 the

556 1082 322 40 MIDDLESEX
912 1082 267 40 MEETING.

234 1195 193 43 Tuesday,
455 1205 176 38 pursuant
650 1205 40 27 to
712 1198 60 34 the
793 1198 182 34 Sheriff's
997 1198 318 44 Advertisement,
1341 1209 22 25 a
1382 1199 165 44 Meeting

185 1243 50 34 of
249 1244 63 34 the
335 1245 248 35 Freeholders
615 1246 46 33 of
694 1246 209 35 Middlesex
930 1250 96 32 *Awl(
1054 1248 107 44 place
1185 1253 40 30 at
1254 1250 63 33 the
1346 1247 200 40 Mermaid.

185 1290 208 37 Hackney.

240 1339 31 33 A
296 1341 97 33 little
410 1341 99 33 after
526 1351 70 22 one
611 1339 170 41 o'clock.
797 1341 76 35 Mr.
895 1342 143 34 Sheriff
1052 1343 116 34 Smith
1186 1343 87 40 read
1292 1348 39 28 to
1346 1342 65 35 the
1429 1343 96 34 Meet-

187 1387 70 44 ing
274 1387 60 34 the
354 1389 221 41 regnisition
594 1400 45 22 on
661 1389 124 33 which
810 1389 86 44 they
919 1390 70 34 had
1010 1390 89 35 been
1117 1391 119 34 called
1258 1391 182 41 together.

291 1447 27 21 r.
340 1436 158 33 Tutinell
531 1436 83 34 then
643 1439 234 33 rose.—The
904 1437 138 34 friends
1076 1439 45 33 of
1141 1439 66 33 the
1240 1439 112 34 Duke
1371 1437 45 34 of
1431 1439 115 34 York

184 1483 300 35 acknottleticed
506 1485 81 33 that
606 1485 109 33 there
735 1485 71 33 hal
839 1486 91 33 been
947 1496 102 26 cross
1071 1487 226 34 misconduct
1326 1486 72 34 and
1420 1492 128 38 strong

180 1531 122 41 au,,eit
301 1531 17 41 .
318 1531 71 41 inns
407 1531 46 32 of
465 1543 105 24 cum,
581 1533 106 43 ption
702 1533 191 43 attachiag
913 1539 39 28 to
974 1534 98 37 him;
1100 1534 71 33 and
1192 1535 116 33 unless
1329 1534 64 32 the
1411 1534 136 44 people

187 1589 100 21 were
320 1579 144 33 cordial
494 1580 37 32 in
559 1579 195 40 enfor;-ing
782 1580 97 34 their
905 1581 215 34 conviction
1139 1589 39 26 to
1196 1593 22 22 a
1235 1586 151 38 greater
1403 1587 143 32 extent,

185 1626 109 33 there
312 1628 107 33 could
443 1629 46 31 be
509 1637 44 24 nn
569 1628 99 45 hope
685 1628 45 32 of
745 1629 167 43 rescuing
930 1629 61 32 the
1007 1636 158 35 country
1183 1629 97 33 from
1312 1629 63 33 the
1391 1629 154 43 dangers

187 1674 85 33 that
288 1674 230 33 surrounded
537 1675 46 35 it.
637 1675 61 34 No
719 1675 133 33 reform
873 1676 109 34 enttld
1004 1687 87 22 ever
1111 1677 87 33 take
1221 1678 107 41 place
1349 1687 97 25 were
1462 1688 89 21 col..

185 1721 157 44 ruption
366 1722 165 34 allowed
552 1728 39 28 to
607 1724 139 32 remain
765 1730 33 28 at
822 1723 59 33 the
898 1724 100 37 head,
1012 1724 44 32 of
1070 1726 60 32 the
1148 1726 107 33 chief
1269 1726 123 33 offices
1420 1724 43 33 of
1483 1726 61 33 the

191 1769 118 33 State.
365 1770 83 31 The
484 1770 70 34 old,
554 1770 18 34 -
600 1772 150 33 rewanl
793 1772 126 43 public
950 1772 158 43 spirited
1139 1783 80 22 men
1252 1773 112 33 could
1402 1773 143 34 receive

189 1825 97 32 was,
318 1817 37 34 in
391 1818 65 33 the
498 1818 137 38 thanks
676 1819 71 32 and
785 1819 256 45 approbation
1080 1820 45 32 of
1161 1831 24 22 a
1227 1820 165 43 grateful
1434 1831 94 24 colon-

190 1872 57 25 tr%
261 1889 8 14 ,
296 1865 87 32 such
407 1876 77 20 was
504 1865 61 33 the
586 1866 148 34 reward
754 1873 37 27 to
811 1866 125 35 which
960 1869 71 32 511..
1058 1867 152 34 Wardle
1231 1878 77 24 was
1325 1869 223 34 entitled.—

193 1909 64 37 Me
269 1912 79 33 also
369 1912 215 35 considered
609 1915 72 33 Mr.
707 1913 120 43 Bync,
860 1925 70 21 one
959 1915 43 33 of
1028 1916 99 32 their
1153 1917 331 39 representatives,
1508 1926 40 22 as

189 1959 159 34 enti:led
369 1968 39 25 to
430 1972 19 20 a
471 1961 144 33 similar
643 1962 105 33 mark
771 1961 41 33 of
831 1962 273 33 consideration
1123 1962 94 34 from
1237 1963 56 33 his
1309 1963 137 40 having
1462 1974 65 34 sup-

193 2007 135 45 ported
348 2007 73 34 Mr.
448 2008 151 33 Wardle
620 2009 94 34 with
750 2008 56 33 hk
831 2017 99 31 vote,
958 2010 70 32 and
1064 2021 71 22 was
1162 2021 105 33 sorry
1289 2013 45 32 he
1354 2011 107 34 could
1488 2019 58 26 not

193 2053 74 37 add
289 2054 60 32 the
364 2066 107 26 name
490 2054 44 34 of
548 2056 99 34 their
666 2056 109 33 other
809 2057 167 32 Member
1004 2059 94 41 (Mr.
1134 2059 188 43 Mellish),
1344 2070 37 22 .w
1393 2059 84 34 kith
1505 2059 44 33 he

196 2102 128 33 would
347 2102 94 34 have
461 2104 94 32 done
587 2105 91 32 with
713 2105 167 43 pleasure
901 2111 37 26 to
960 2105 54 33 his
1036 2112 85 27 vote
1152 2105 45 33 of
1214 2107 152 39 thanks,
1397 2106 67 34 had
1486 2112 63 28 not

196 2148 59 34 his
272 2150 156 33 conduct
451 2157 64 37 put
536 2152 28 31 it
582 2158 61 27 out
666 2151 44 33 of
725 2152 53 32 his
795 2163 128 32 power
943 2157 39 30 to
999 2153 48 33 do
1071 2165 54 24 so.
1176 2153 63 35 He
1270 2154 203 34 concluded
1499 2156 51 43 by

195 2197 154 43 moving
364 2209 22 21 a
403 2199 116 40 string
533 2198 44 32 of
592 2199 248 35 Resolutions.

246 2243 81 33 The
347 2244 77 34 first
445 2245 217 35 Resolution
686 2257 72 22 was
777 2254 35 26 to
836 2246 58 33 the
909 2246 197 45 following
1322 2249 102 34 That
1440 2249 25 33 it
1486 2248 65 35 Ita4

193 2291 90 41 long
301 2293 91 32 been
409 2303 24 22 a
451 2300 135 26 matter
598 2294 46 33 of
660 2294 128 44 public
803 2297 204 41 notoriety,
1036 2307 83 22 now
1140 2303 69 37 put
1228 2296 145 43 beyond
1388 2307 24 24 a
1433 2297 117 33 doubt

196 2340 45 43 by
265 2339 65 33 the
341 2340 73 34 late
438 2340 171 45 Inquiry,
630 2342 81 32 that
731 2343 130 33 abuses
881 2343 94 32 have
1006 2344 144 32 existed
1183 2344 35 33 in
1240 2346 61 33 the
1320 2344 146 45 highest
1486 2346 45 33 de-

196 2393 206 38 partments
420 2387 45 34 of
480 2388 61 33 the
904 2392 99 32 That
1026 2392 59 32 the
1102 2391 92 33 facts
1215 2392 123 34 which
1362 2393 93 33 have
1481 2402 45 34 ap-

196 2434 139 45 peared
367 2437 34 33 in
422 2435 64 34 the
504 2446 128 25 course
653 2437 44 37 of
713 2437 60 33 the
793 2438 74 33 late
893 2438 174 43 Inquiet,
1091 2450 65 22 are
1183 2439 97 44 fu:ly
1299 2440 176 34 sufficient
1513 2446 38 27 to

197 2481 133 44 satisfy
363 2483 72 33 this
468 2483 162 41 Meeting
660 2483 45 33 of
732 2486 60 32 the
817 2487 93 32 aeces
911 2487 19 32 ,
930 2487 38 32 it
979 2498 14 24 v
1024 2486 44 33 of
1095 2486 146 34 further
1269 2487 178 45 inquiries
1474 2489 78 33 into

197 2530 132 43 punlic
348 2532 33 31 au
402 2542 93 25 uses.
526 2532 190 34 wherever
733 2533 85 44 they
839 2544 65 24 are
924 2542 37 24 to
981 2535 44 32 he
1363 2538 47 31 3,1
1437 2537 112 33 Reso•

196 2577 124 34 lution
339 2581 167 32 contains
520 2589 25 22 a
561 2580 102 33 Vote
680 2581 44 32 of
738 2581 152 33 Thanks
911 2589 38 25 to
976 2582 67 33 Mr.
1068 2582 176 39 Wardle;
1270 2584 71 32 and
1361 2590 28 26 •t
1398 2584 44 33 he
1469 2584 83 35 4th,

198 2633 41 26 to
260 2627 60 31 Sir
344 2624 41 33 F.
413 2626 174 41 Burdett,
609 2626 96 34 Lord
730 2627 220 40 Folkstone,
976 2629 69 34 Mr.
1064 2629 241 43 Whitbread,
1322 2630 72 34 and
1408 2631 59 34 the
1482 2637 69 28 rest

200 2673 47 32 of
270 2672 61 33 the
359 2673 61 34 1'27
448 2674 185 37 Mrint)ers
656 2674 85 34 who
762 2675 106 35 voted
892 2675 91 35 with
1007 2678 72 33 Mr.
1103 2678 332 46 Wurdle.—They
1457 2689 96 25 were

197 2720 56 34 all
272 2721 136 40 agreed
428 2727 54 27 to.

252 2770 28 31 'F
366 2770 65 32 6th
468 2770 111 41 being
609 2773 84 41 put,
728 2770 78 33 Mr.
844 2771 217 35 Waithman
1093 2771 169 45 objected
1291 2779 39 28 to
1357 2776 81 33 that
1466 2781 87 39 part

200 2815 126 34 which
348 2816 109 33 voted
475 2816 133 34 thanks
631 2825 38 27 to
692 2818 71 33 11r.
1068 2822 102 32 tho:e
1205 2822 84 32 who
1322 2823 106 33 voted
1501 2823 52 33 ith

200 2863 93 37 him,
320 2862 58 33 as
378 2863 237 35 ioconsi-tent
639 2865 93 34 with
754 2867 63 32 the
835 2867 138 33 former
989 2877 83 22 vote
1087 2868 45 33 of
1146 2869 136 34 thanks
1300 2876 39 26 to
1356 2870 63 34 the
1435 2871 104 33 Misfit-

219 2910 59 45 ity
295 2910 44 34 of
352 2910 81 39 125,
449 2913 143 43 against
615 2913 124 33 which
759 2913 87 45 they
867 2914 74 34 had
961 2916 124 34 voted.
1141 2917 57 32 He
1220 2916 69 33 had
1305 2919 110 34 other
1431 2917 105 43 objec-

195 2966 17 26 t
233 2969 76 24 uni.
363 2960 126 33 There
511 2959 70 34 had
600 2960 94 34 been
715 2967 63 26 too
796 2962 106 33 much
922 2963 176 44 splitting
1117 2963 43 33 of
1174 2965 116 41 hair'',
1325 2966 71 34 and
1428 2978 44 22 an
1500 2973 38 26 at-

197 3011 124 40 tempt
346 3007 46 33 of
405 3009 141 32 certain
565 3008 228 35 individuals
813 3014 38 28 to
868 3011 128 34 snatch
1018 3011 61 32 the
1109 3013 105 31 merit
1235 3011 96 35 from
1355 3014 71 34 Mr.
1450 3014 80 33 War-

198 3054 96 34 t:llc.:
313 3054 128 39 hands,
456 3065 41 24 ::s
515 3056 87 44 they
622 3057 72 32 had
707 3056 94 34 done
823 3058 34 31 in
878 3057 61 34 the
951 3069 83 24 case
1054 3058 43 32 of
1111 3059 93 33 Lord
1227 3060 188 41 Melville,
1436 3063 120 38 wlwn,

198 3103 143 44 thong')
364 3103 99 33 their
491 3104 231 34 conscience:
746 3105 119 33 would
885 3111 64 28 not
976 3106 116 33 allow
1114 3107 102 33 them
1232 3115 37 26 to
1286 3119 48 32 go
1356 3110 63 32 the
1436 3110 119 41 length

454 3152 117 35 ithed,
605 3163 38 22 so
674 3152 145 34 neither
853 3154 125 33 would
999 3155 89 44 they
1106 3165 47 33 go
1175 3155 61 33 the
1260 3155 125 45 length
1419 3156 44 38 of
1478 3159 65 32 Mr

213 3198 40 31 \V
265 3198 33 32 hi
308 3198 48 31 tbi
367 3198 102 32 ead's
497 3204 70 27 npo
578 3200 58 32 ion

263 3248 89 31 t'alt
376 3254 86 34 part
497 3246 43 33 of
562 3246 63 33 the
648 3247 219 35 Resolution
898 3248 187 44 thanking,
1103 3250 69 33 Mr.
1199 3250 167 41 Banke',
1393 3253 69 34 /ix.
1486 3265 73 22 was

202 3294 69 33 wit
291 3301 155 30 ,orlwo,
472 3296 70 30 awl
560 3298 60 28 Ow
646 3295 269 35 Itesolutionas
933 3298 178 33 amended
1131 3305 64 38 put
1212 3299 70 32 and
1302 3302 162 33 carried.

267 3344 69 28 ri+e
359 3344 61 32 Ith
457 3343 220 33 Resolution
694 3344 111 41 being
824 3350 80 39 put,
940 3345 71 32 Mr.
1046 3345 105 44 Byng
1178 3350 204 41 expressed
1416 3350 151 33 himself

357 3389 191 40 gratified,
568 3392 80 31 that
670 3390 56 34 his
745 3393 151 32 conduct
921 3392 67 34 had
1005 3399 71 27 met
1098 3393 59 34 the
1176 3396 259 43 approbation
1449 3397 41 33 of
1508 3397 53 33 his

206 3439 275 37 l'on•iituents,
510 3437 125 34 which
671 3443 90 31 next
783 3445 38 28 to
849 3439 80 34 that
959 3439 44 33 Of
1028 3442 54 32 his
1101 3452 84 22 own
1207 3444 145 32 honour
1380 3444 71 35 and
1476 3456 65 24 con-

201 3487 162 34 science.
383 3495 89 25 •was
489 3487 63 33 the
569 3487 146 33 deare4
736 3491 37 28 to
793 3487 89 34 him.
937 3487 64 34 lie
1018 3489 215 34 considered
1256 3491 155 34 himself
1429 3504 38 21 as
1486 3501 76 26 sent

203 3539 41 30 to
283 3533 231 35 Parliament
535 3539 37 27 to
591 3542 60 25 net
669 3533 60 33 for
748 3535 112 41 them,
887 3535 72 34 and
980 3534 34 34 if
1030 3537 44 33 he
1093 3537 156 33 ditfered
1269 3539 96 33 from
1387 3539 96 34 their
1502 3553 61 26 ge,

204 3583 105 33 Leral
333 3586 211 32 -e.iwoent,
574 3582 45 32 he
640 3583 126 32 would
790 3582 93 34 have
899 3585 237 33 surrendered
1163 3596 24 21 a
1207 3592 89 28 trust
1317 3586 46 35 he
1382 3586 65 35 felt
1470 3589 69 32 him-

202 3641 27 21 la
244 3630 12 33 I
304 3630 141 35 unable
462 3634 40 30 to
519 3635 176 27 execute.
750 3631 60 33 Ile
831 3631 122 45 hoped
979 3637 38 27 to
1036 3632 76 34 live
1135 3638 39 30 to
1192 3644 60 22 see
1266 3634 64 33 the
1348 3635 90 34 time
1459 3637 105 33 when

203 3679 66 33 the
281 3677 178 38 duration
477 3676 47 33 of
539 3677 98 33 t:ieir
648 3677 107 33 (Mice
776 3679 123 33 would
917 3679 47 33 be
980 3689 40 25 so
1043 3679 104 35 short
1166 3681 81 34 that
1266 3693 46 22 no
1336 3692 211 35 representa-

202 3728 81 33 tive
314 3728 109 32 could
441 3726 86 41 long
544 3731 58 27 art
626 3728 35 31 in
691 3725 119 34 direct
834 3726 275 34 contradiction
1127 3735 37 26 to
1181 3730 64 32 the
1261 3730 158 45 opinion
1444 3733 44 32 of
1512 3733 54 33 his

204 3775 274 37 Constituents.
536 3772 84 34 The
643 3774 104 33 lion.
770 3774 221 35 Gentleman
1009 3777 206 43 proceeded
1230 3784 39 26 to
1286 3790 84 32 say,
1398 3775 85 40 that
1512 3781 54 32 his

202 3831 92 25 vote
313 3833 51 22 wa
364 3833 26 22 s
417 3826 64 30 the
502 3822 111 32 re-ult
641 3820 47 34 of
710 3833 22 22 a
754 3820 187 41 thorough
961 3823 255 35 examination
1235 3826 45 33 of
1293 3826 65 35 the
1376 3828 190 40 evidence,

200 3870 74 39 lind
295 3870 84 34 that
399 3870 45 33 he
456 3868 128 38 would
604 3869 21 34 h
643 3880 59 25 ive
723 3870 91 33 been
827 3870 187 43 degraded
1032 3872 33 31 in
1082 3872 56 33 his
1153 3883 87 22 own
1253 3875 172 44 opinion,
1454 3878 111 33 could

204 3920 48 35 he
273 3920 97 32 have
390 3919 185 33 hesitated
592 3930 20 21 a
628 3925 163 27 momcia
810 3930 99 33 upon
928 3918 44 34 it.
1029 3918 41 34 If
1084 3920 61 32 the
1160 3920 156 46 Inquiry
1335 3924 118 34 ended
1479 3937 18 18 •
1513 3926 52 33 ith

201 3970 66 34 the
283 3967 73 35 resi
370 3969 148 35 ;nation
544 3965 46 35 of
607 3966 64 34 the
693 3965 249 35 Commander
969 3966 35 34 in
1032 3966 125 43 Chief,
1196 3970 27 33 it
1258 3971 124 38 would
1409 3972 51 33 be
1470 3972 46 37 of
1527 3983 40 25 as

198 4017 18 35 -
216 4017 89 35 rifle
322 4026 64 25 use
402 4026 41 24 as
469 4016 63 32 the
555 4015 185 33 dismissal
772 4015 44 33 of
844 4015 98 33 Lord
973 4012 195 43 Melville;
1196 4019 65 32 but
1289 4017 51 37 he
1368 4019 123 45 hoped
1522 4020 45 35 he

200 4067 144 33 looked
361 4063 168 35 forward
562 4068 38 30 to
630 4063 104 33 what
754 4061 63 37 the
833 4062 116 45 spirit
977 4061 45 34 of
1036 4063 60 32 the
1126 4063 182 48 Country,
1339 4063 124 41 which
1491 4081 74 24 was

196 4126 90 27 uuw
304 4113 149 46 excited
452 4113 21 46 )
504 4111 125 38 would
646 4110 50 38 do
715 4116 39 32 to
768 4120 201 41 procured
987 4110 144 37 radical
1152 4113 150 39 reform.
1403 4110 2 51 •
1468 4110 2 51 •

2598 43 216 53 APRIL
2858 45 79 51 16.

1648 194 80 34 The
1744 195 85 43 7th,
1847 196 81 43 Bth,
1945 198 70 34 and
2028 198 66 35 9th
2109 200 255 39 Resolutions,
2375 200 193 41 censuring
2582 198 206 40 Ministers,
2803 198 70 33 rind
2885 207 47 25 ex-

1605 243 159 44 pressing
1780 244 66 34 the
1865 247 176 45 uecessity
2072 247 46 35 of
2138 259 24 26 a
2194 249 300 44 rarliatnentary
2518 246 171 44 Reform,
2717 246 86 34 thca
2822 246 131 46 passed

1604 291 273 47 unanimously.

1654 357 126 46 Major
1809 360 236 44 Cartwright
2078 361 193 37 addressed
2304 364 64 35 the
2399 363 181 39 Meeting,
2613 365 44 28 to
2679 357 136 37 inform
2839 358 116 40 them,

1606 407 80 34 that
1704 409 139 41 though
1861 409 99 34 their
1980 416 143 39 present
2148 412 222 35 resolutions
2391 419 92 27 went
2505 410 135 33 merely
2662 416 43 26 try
2720 418 22 24 a
2761 406 136 35 reform
2911 406 51 35 of

1607 456 59 35 the
1685 456 136 35 Offices
1837 456 45 34 of
1893 457 118 40 State,
2044 469 24 24 a
2087 459 222 44 requisition
2341 468 37 26 to
2406 461 169 37 consider
2594 456 40 34 of
2648 458 53 32 tilt
2701 458 14 32 ,
2732 467 119 22 means
2869 455 45 33 of
2927 467 27 22 a

1615 504 298 46 Parliamentary
1933 506 157 34 Reform
2112 519 76 24 was
2218 510 35 33 in
2285 509 59 33 the
2367 520 103 22 room
2500 513 38 28 to
2567 507 146 33 receive
2731 504 224 40 signatures.

1613 555 27 31 A
1662 553 164 41 Meeting
1841 559 40 28 at
1911 556 61 33 the
1997 556 137 34 Crown
2158 559 71 33 and
2255 559 150 33 Anchor
2422 559 149 33 Tavern
2593 553 124 34 would
2737 553 90 32 take
2844 552 113 44 place

1609 602 73 33 this
1696 601 73 44 day
1788 601 200 43 fortnight,
2006 605 57 32 for
2080 605 64 33 the
2161 617 96 22 saute
2275 617 176 34 purpose,
2466 605 128 33 where
2611 602 64 33 the
2685 600 130 34 dinner
2828 598 128 34 would

1610 652 44 31 be
1672 651 115 33 under
1805 650 65 33 the
1894 651 183 34 direction
2096 652 43 34 of
2150 653 84 45 fifty
2252 656 194 40 stewards,
2464 653 100 33 from
2583 646 220 43 Edinburgh
2825 646 34 35 in
2893 645 65 34 the

1615 699 136 40 North,
1769 704 39 27 to
1827 699 135 43 Surrey
1983 700 33 32 in
2039 702 60 32 the
2112 702 141 41 South;
2280 703 98 33 from
2398 703 61 33 the
2479 703 159 32 Eastern
2655 698 131 34 Coasts
2802 694 41 34 of
2861 694 74 43 Eng-

1610 748 83 33 land
1711 754 39 25 to
1770 748 64 33 the
1858 749 167 32 Western
2040 749 131 34 Coasts
2191 751 35 33 in
2245 751 138 35 Wales.
2422 751 50 33 At
2490 748 65 35 the
2577 745 128 45 period
2726 743 63 34 the
2805 743 152 44 deepest

1610 796 122 43 gloom
1752 796 159 33 covered
1932 797 60 31 the
2011 797 174 41 political
2207 800 148 33 horison
2383 798 45 34 of
2448 796 72 37 this
2538 801 172 33 country,
2730 791 69 34 and
2818 801 45 22 no
2880 790 52 34 Mi-

1612 842 111 33 nister
1744 853 45 24 or
1809 844 169 33 Member
1994 846 45 32 of
2057 844 228 37 Parliament
2306 847 110 35 could
2434 846 85 45 give
2544 855 22 22 a
2587 842 97 43 hope
2712 840 44 33 Of
2769 839 189 43 safety,—

1617 891 231 35 Providence
1879 892 189 45 produced
2104 893 155 35 Colonel
2339 895 105 38 trdle,
2471 898 38 30 to
2536 892 162 34 animate
2732 887 64 34 the
2825 886 138 46 public

1613 938 112 40 mind,
1769 944 40 28 to
1854 940 96 33 raise
1984 943 64 32 the
2089 943 129 43 public
2249 944 126 43 spirit.
2443 944 83 33 The
2568 938 171 43 Speaker
2769 935 84 33 then
2893 944 45 25 en-

1613 986 98 34 tered
1746 987 80 34 into
1866 998 25 24 a
1919 989 226 34 calculation
2177 997 40 27 to
2243 991 122 40 chew,
2407 991 80 34 that
2515 987 32 34 if
2572 989 59 33 the
2667 986 190 43 pineemen
2883 983 77 38 and

1615 1035 208 45 pensioners
1851 1035 35 34 in
1917 1037 63 33 the
2016 1037 129 35 House
2181 1038 44 34 of
2249 1039 196 34 Commons
2476 1035 104 46 (78),
2607 1035 71 34 and
2718 1028 239 38 one-seventh

1613 1081 43 35 of
1694 1081 63 35 the
1802 1084 110 33 naval
1955 1087 70 33 and
2065 1087 170 40 military
2264 1088 145 32 officers
2443 1087 70 33 had
2569 1085 89 32 been
2711 1087 65 26 nut
2817 1080 44 33 of
2895 1078 66 33 the

1613 1131 182 43 question,
1817 1131 63 34 the
1902 1133 110 34 Duke
2030 1133 45 33 of
2092 1133 145 37 York's
2256 1133 138 35 friends
2417 1133 122 34 would
2559 1133 92 32 have
2669 1130 93 32 been
2792 1129 33 32 in
2843 1139 24 24 a
2885 1126 50 33 mi-

1615 1179 118 45 nority
1755 1179 46 33 of
1814 1179 97 34 nine.
1965 1181 190 35 Ministers
2171 1182 115 44 ought
2307 1189 38 27 to
2380 1182 45 33 he
2446 1179 195 46 punished,
2657 1179 72 32 and
2751 1175 86 43 they
2859 1185 102 24 were

1613 1237 81 24 now
1723 1226 198 44 punishing
1954 1230 111 33 them.
2119 1231 63 33 He
2211 1231 202 33 concluded
2437 1232 51 43 by
2517 1226 219 44 expressing
2764 1224 56 33 his
2843 1224 120 43 hopes

1615 1274 79 34 that
1710 1274 107 34 there
1840 1276 120 33 would
1989 1278 46 32 he
2065 1289 21 21 a
2115 1278 69 34 full
2218 1279 158 43 me:sting
2392 1284 38 27 at
2448 1277 65 34 the
2542 1276 136 34 Crown
2698 1272 71 33 and
2794 1270 172 40 Anchor,.

1611 1322 70 34 and
1701 1332 22 24 a
1739 1323 142 44 speedy
1902 1328 158 40 meeting
2079 1325 44 33 of
2134 1326 60 33 the
2212 1326 211 34 Middlesex
2456 1323 246 37 Freeholders
2721 1317 242 44 there-after,

1612 1382 45 22 on
1672 1370 61 35 the
1750 1370 149 46 subject
1915 1372 43 33 of
1969 1383 24 24 a
2009 1374 156 34 Reform
2192 1374 35 34 in
2248 1374 243 34 Parliament.

1661 1434 74 33 Mr.
1754 1435 187 34 Clarkson
1959 1436 96 39 said,
2086 1437 63 32 the
2171 1437 164 40 Meeting
2363 1436 71 34 had
2460 1435 96 34 done
2580 1433 142 46 justice
2750 1435 41 31 to
2820 1440 69 24 one
2915 1428 51 34 or

1613 1480 98 37 their
1729 1482 345 44 Representatives,
2091 1485 45 33 he
2154 1495 80 22 now
2257 1485 119 33 called
2391 1495 45 22 on
2456 1483 98 34 them
2570 1488 37 27 to
2626 1481 46 33 do
2680 1479 143 46 justice
2838 1485 38 26 to
2894 1478 67 33 the

1615 1530 118 33 other.
1788 1531 63 33 lie
1869 1531 85 34 then
1971 1532 136 38 stated,
2132 1533 83 32 that
2235 1532 72 34 Mr.
2330 1532 151 34 Mellish
2512 1531 72 33 had
2604 1528 109 34 voted
2734 1527 60 33 for
2815 1526 65 34 the
2895 1535 43 22 ac-

1612 1577 132 45 quitthl
1766 1577 48 34 of
1826 1578 63 34 the
1911 1580 112 33 Duke
2048 1580 45 33 of
2113 1580 113 34 York
2246 1590 46 24 on
2321 1580 63 33 the
2401 1580 152 43 charges
2574 1577 43 34 of
2640 1576 222 44 corruption
2885 1572 73 35 and

1611 1626 241 39 connivance,
1870 1628 70 33 and
1956 1629 220 40 contended,
2194 1628 80 34 that
2300 1629 33 32 in
2352 1638 39 22 so
2407 1629 126 40 doing,
2554 1628 45 33 he
2617 1625 71 33 had
2709 1629 61 30 not
2790 1623 92 33 done
2903 1620 58 34 his

1612 1674 104 41 duty,
1734 1683 38 24 as
1793 1684 46 22 no
1850 1683 69 24 MR*
1936 1674 109 34 could
2065 1676 86 33 read
2173 1676 61 33 the
2250 1676 177 34 evidence
2448 1675 159 34 without
2627 1674 115 43 being
2758 1668 202 38 couvineed

1615 1720 78 34 that
1707 1720 105 34 there
1834 1733 73 22 was
1925 1733 100 31 gross
2039 1724 220 43 corruption
2274 1724 12 33 ?

1661 1783 71 34 Mr.
1756 1783 158 44 Rentir.y
1941 1796 71 21 was
2034 1785 117 44 proud
2179 1791 38 28 to
2233 1785 131 34 second
2381 1786 72 33 this
2474 1783 239 40 Itesolution,
2730 1781 71 37 and
2820 1778 138 38 wished

1619 1831 67 34 'lr.
1709 1832 152 35 Mellish
1881 1838 38 28 to
1938 1833 44 32 he
2002 1832 112 34 heard
2135 1835 33 31 iii
2190 1834 56 33 his
2261 1834 167 33 defence.

1663 1896 72 33 Mr.
1756 1894 168 40 Mellish,
1945 1906 98 33 upon
2062 1896 61 33 the
2143 1896 156 44 grounds
2319 1896 44 33 of
2382 1897 119 41 amplit
2518 1894 139 45 justice
2678 1897 39 30 to
2735 1891 78 34 him
2831 1889 67 35 and
2921 1896 41 26 to

1616 1942 231 43 themselves,
1869 1943 46 33 IP)
1949 1944 41 32 t`d
2011 1943 85 43 they
2122 1944 124 34 would
2277 1945 84 32 °ice
2381 1944 73 33 him
2473 1955 21 22 a
2515 1944 143 43 patient
2679 1943 152 39 hearing
2850 1938 35 34 in
2906 1937 59 34 his

1615 2001 84 22 own
1711 1990 164 35 defence.
1931 1991 57 33 JIB•
2009 1991 177 34 candidly
2217 1993 280 40 acknowledged
2518 1993 46 31 he
2581 1988 183 45 expected
2783 1987 73 33 this
2875 1990 89 28 vote

1617 2037 43 34 of
1669 2048 148 24 censure
1837 2040 124 33 would
1984 2041 44 31 he
2052 2046 80 35 put,
2150 2039 70 34 and
2238 2039 67 33 had
2326 2050 103 22 come
2440 2046 38 26 to
2498 2039 64 33 the
2581 2039 164 41 Meeting
2761 2041 37 26 to
2816 2033 81 39 fart
2915 2033 48 39 it,

1616 2095 56 30 as,
1691 2083 31 35 if
1739 2087 45 32 he
1802 2086 71 35 had
1893 2087 92 32 staid
2002 2098 131 32 away,
2150 2087 28 33 it
2198 2087 115 44 might
2334 2088 45 32 be
2404 2087 78 33 said
2504 2088 44 32 he
2568 2096 76 26 was
2659 2082 175 35 ;rimmed
2846 2081 45 34 of
2907 2079 58 34 his

1616 2134 171 34 conduct.
1843 2135 60 34 He
1923 2135 123 33 would
2062 2140 61 28 not
2147 2134 103 34 wade
2269 2135 159 39 through
2456 2135 66 33 the
2541 2134 154 32 minutes
2719 2131 45 33 of
2787 2131 178 33 evidence

1618 2187 37 27 to
1672 2183 100 33 chew
1791 2192 47 24 on
1860 2183 99 33 what
1980 2183 159 43 grounds
2158 2183 56 33 his
2232 2189 84 27 vote
2339 2183 67 33 had
2430 2183 222 44 proceeded,
2670 2183 65 30 but
2756 2177 122 34 would
2897 2176 67 33 tell

1618 2229 98 32 them
1734 2241 22 22 a
1770 2229 109 45 plain
1899 2235 120 38 story,
2049 2238 38 25 to
2107 2241 133 33 prove,
2259 2230 80 34 that
2357 2230 112 33 while
2489 2230 103 32 their
2607 2224 292 48 representative
2919 2223 46 32 he

1619 2277 70 33 had
1707 2277 109 33 acted
1848 2277 34 34 in
1902 2276 84 34 such
2006 2288 24 22 a
2060 2287 148 24 manner
2233 2287 39 24 as
2291 2283 39 27 to
2347 2287 129 26 ensure
2493 2280 65 31 the
2575 2274 257 46 approbation
2850 2270 44 35 of
2908 2270 58 33 his

1618 2335 81 22 own
1719 2324 141 34 breast.
1877 2326 71 33 and
1967 2326 81 32 that
2081 2326 45 32 he
2152 2324 67 34 had
2237 2335 91 24 ever
2344 2326 93 33 done
2456 2326 57 32 his
2530 2326 107 37 duty.
2693 2321 43 35 if
2764 2320 45 33 he
2833 2328 76 25 was
2941 2328 26 22 a

1619 2372 191 44 placeman
1830 2383 46 22 or
1890 2383 24 21 a
1933 2373 209 44 pensioner,
2166 2383 41 21 or
2229 2372 70 35 had
2319 2385 72 31 any
2409 2372 274 46 expectations,
2709 2379 46 24 or
2781 2367 71 33 had
2874 2367 93 35 been

1618 2420 145 37 bribed.
1782 2420 163 44 directly
1971 2431 44 21 or
2033 2420 216 43 iudirectly,
2280 2421 87 33 then
2392 2419 128 35 indeed
2551 2419 45 34 he
2615 2418 124 34 would
2761 2415 93 34 have
2872 2414 93 32 been

1618 2467 210 41 miserable,
1848 2467 65 33 but
1942 2469 45 33 he
2004 2467 216 45 challenged
2246 2479 74 30 any
2342 2479 80 24 man
2443 2474 146 39 present
2608 2473 37 28 to
2669 2473 133 26 accuse
2833 2463 72 33 him
2926 2460 46 33 of

1616 2516 86 33 such
1723 2516 138 44 thing,
1879 2525 41 22 or
1941 2522 37 26 to
1993 2512 69 46 ioty
2082 2516 79 34 that
2181 2515 45 34 he
2242 2516 70 34 had
2329 2523 61 27 not
2408 2517 145 34 always
2567 2511 308 44 conscientiously
2894 2509 74 34 and

1618 2563 196 44 diligently
1833 2563 171 34 attended
2024 2569 37 27 to
2079 2563 54 33 his
2148 2565 294 41 parliamentary
2458 2563 135 37 d►sties,
2606 2574 39 21 as
2656 2558 197 38 connected
2874 2556 102 35 with.

1620 2613 97 32 their
1744 2613 315 44 representation.
2115 2611 43 34 If
2185 2611 43 33 he
2258 2613 157 33 differed
2437 2611 91 34 with
2557 2611 94 32 them
2678 2619 45 25 on
2750 2619 25 22 a
2793 2604 172 47 political

1619 2657 156 46 subject,
1793 2660 28 32 it
1839 2668 76 24 was
1932 2659 61 33 the
2015 2659 93 33 head
2128 2659 44 33 of
2185 2659 54 34 his
2259 2660 151 34 offence.
2465 2659 61 35 Ile
2549 2659 71 33 had
2639 2655 130 41 voted,
2785 2654 100 34 after
2904 2653 44 33 be-

1620 2707 59 43 ing
1696 2712 35 27 at
1770 2707 57 32 his
1865 2713 80 37 post
1964 2707 132 41 during
2126 2706 63 34 the
2215 2706 124 35 whole
2369 2706 260 44 investigation
2647 2705 38 33 in
2704 2704 65 34 the
2783 2702 126 34 House
2926 2699 50 35 of

1619 2756 210 39 COIIIIIIOIIA,
1851 2757 80 31 that
1951 2754 60 33 the
2031 2754 111 34 Duke
2157 2754 45 34 of
2219 2756 113 34 York
2352 2765 78 24 was
2458 2754 148 34 neither
2617 2752 124 44 guilty
2756 2750 46 34 of
2815 2759 161 33 corrup•

1622 2803 76 32 Lion
1716 2813 41 22 or
1780 2803 242 41 connivance,
2052 2802 71 34 and
2154 2802 57 34 his
2236 2804 157 44 opinion
2415 2813 73 25 was
2520 2800 193 37 unaltered
2732 2805 43 28 at
2794 2797 72 35 this
2893 2807 52 24 mo-

1620 2854 110 30 ment.

1672 2913 69 33 Mr.
1757 2911 214 34 Waithman
1993 2913 144 44 replied
2157 2917 38 28 to
2215 2913 63 34 the
2295 2913 73 34 last
2389 2914 185 45 Speaker,
2589 2913 84 33 who
2691 2910 71 35 had
2785 2908 64 46 (he
2867 2907 103 40 said)

1623 2961 165 33 received
1809 2972 40 21 as
1869 2961 143 44 patient
2029 2970 24 22 a
2076 2960 152 41 hearing
2246 2972 39 22 as
2302 2972 74 34 any
2396 2972 69 24 one
2483 2960 115 34 under
2615 2960 54 33 his
2686 2959 288 33 circumstances

1622 3008 106 34 could
1750 3014 157 38 expect,
1933 3007 144 43 though
2118 3008 44 33 he
2189 3009 182 40 regretted
2408 3011 44 33 he
2484 3008 71 34 had
2591 3015 63 27 not
2688 3009 93 31 been
2807 3004 168 35 allowed

1622 3056 184 44 complete
1824 3056 175 38 latitude,
2027 3066 39 22 :ts
2083 3066 113 33 every
2216 3057 104 41 thing
2354 3057 44 33 he
2431 3057 110 34 could
2574 3065 64 27 sav
2665 3060 97 28 must
2791 3054 47 34 be
2867 3061 106 25 more

1623 3104 142 44 against
1783 3104 91 33 than
1892 3103 58 34 for
1965 3103 92 34 him.
2114 3103 59 34 lie
2193 3104 84 33 then
2294 3104 187 46 produced
2500 3116 21 21 a
2544 3104 66 33 hill
2622 3102 193 37 addressed
2829 3103 47 43 by
2895 3102 76 33 Mr.

1629 3152 145 34 :Mellish
1792 3158 40 27 to
1853 3152 61 32 the
1933 3150 247 35 Freeholders
2200 3151 44 33 of
2262 3152 206 34 Middlesex
2483 3159 39 26 at
2544 3152 61 34 the
2617 3152 67 33 last
2706 3150 175 41 election,
2898 3148 77 34 and

1625 3198 226 34 commented
1869 3210 94 34 upon
1983 3198 28 34 it
2026 3203 37 30 at
2078 3209 98 24 some
2190 3200 139 45 length,
2347 3200 219 44 concluding
2581 3200 90 34 with
2686 3209 46 24 ex
2744 3197 159 45 pressing
2919 3196 58 33 his

1628 3248 129 44 hopes,
1776 3247 85 33 that
1879 3248 60 32 the
1961 3247 149 45 County
2133 3249 120 32 would
2274 3257 112 25 never
2405 3250 45 32 be
2467 3249 119 43 guilty
2606 3247 43 33 of
2669 3259 24 21 a
2712 3246 202 44 repetition
2934 3243 48 34 of

1628 3295 96 33 their
1734 3294 98 45 folly
1848 3296 35 32 in
1898 3295 219 43 re-electing
2135 3295 90 33 hint.
2282 3296 43 33 In
2340 3296 73 33 this
2428 3296 84 34 bill.
2531 3295 150 40 besaid,
2859 3293 117 33 know

1629 3343 60 33 the
1703 3343 96 44 folly
1815 3343 44 34 of
1871 3341 239 47 professions,
2130 3344 11 33 I
2163 3344 78 33 will
2261 3344 110 34 make
2543 3344 106 44 (they
2665 3344 111 32 could
2791 3348 63 27 not
2867 3340 111 34 catch

1630 3391 73 33 him
1720 3389 126 35 there)
1950 3399 72 35 you
2044 3389 96 35 have
2157 3403 83 21 seen
2257 3392 143 40 enough
2420 3392 43 33 of
2478 3392 97 33 them
2595 3393 34 32 in
2649 3392 74 32 hint
2745 3391 12 32 I
2776 3394 144 40 oppose

1630 3438 167 43 ►tteaning.
1824 3439 61 32 Sir
1907 3438 41 33 F.
1978 3438 170 40 Burdett,
2172 3451 24 20 rs
2211 3439 45 32 ho
2276 3439 129 43 fought
2435 3442 60 32 the
2522 3442 136 32 battles
2676 3439 45 34 of
2739 3438 64 34 the
2823 3436 152 45 people.

1633 3487 58 33 Ile
1709 3485 69 34 had
1800 3487 154 45 pledged
1988 3487 151 33 himself
2160 3494 38 26 to
2216 3495 158 38 support
2394 3489 60 32 the
2474 3488 268 40 Constitution,
2760 3487 72 34 and
2857 3484 35 33 in
2909 3485 47 32 do-

1632 3534 60 44 ing
1708 3535 73 32 this
1819 3536 45 31 he
1897 3534 69 32 had
1985 3536 86 33 only
2099 3535 206 44 supported
2334 3536 45 33 its
2404 3536 234 43 corruption.
2693 3535 63 34 Ile
2776 3533 119 43 hoped
2915 3531 67 33 the

1632 3582 116 34 Cnunt
1792 3582 44 34 of
1847 3582 204 33 ,Middlesex
2070 3583 122 33 would
2210 3583 34 33 in
2256 3582 122 35 future
2391 3585 129 33 follow
2539 3585 59 33 the
2611 3583 178 44 example
2800 3581 43 33 of
2857 3580 99 33 West-

1632 3631 163 38 minster,
1807 3631 71 32 and
1893 3632 92 31 elect
2003 3631 181 45 patriotic
2198 3633 327 43 representatives,
2538 3631 78 35 free
2626 3631 96 34 from
2733 3631 52 33 all
2807 3628 182 45 personal:

1629 3689 45 24 ex
1684 3689 128 33 pence,
1846 3678 69 32 and
1948 3679 201 34 concluded
2181 3679 50 43 by
2262 3680 150 43 moving
2441 3691 45 24 au
2512 3679 250 40 amendment,
2797 3678 81 33 that
2898 3677 76 33 Mr.

1637 3725 146 34 Mellish
1806 3736 77 24 was
1902 3728 196 43 unworthy
2122 3728 98 33 their
2245 3728 227 35 confidence.
2528 3729 60 33 Ile
2616 3729 111 34 could
2757 3731 65 30 not
2850 3724 133 38 forfeit

1633 3774 100 34 what
1753 3774 44 33 he
1818 3783 110 24 never
1946 3774 198 45 possessed.

1680 3835 73 33 ]llr.
1773 3835 187 35 Clarkson
1972 3836 164 44 adopted
2154 3836 60 33 the
2228 3837 231 34 amendment
2477 3837 188 46 proposed
2682 3837 52 45 by
2748 3835 209 37 Mr.Waith-

1633 3883 93 33 maul
1747 3883 72 33 and
1833 3883 61 33 the
1918 3885 219 34 Resolution
2157 3895 77 25 was
2252 3886 144 44 passed.

1680 3945 80 33 The
1778 3945 154 37 Sheriffs
1952 3958 24 21 is
2028 3957 20 24 e
2067 3948 103 40 then,
2198 3959 46 24 on
2267 3948 65 33 the
2350 3950 138 33 motion
2504 3948 46 34 of
2563 3950 71 34 Mr.
2652 3948 181 39 Tuffnell,
2850 3951 112 34 unani-

1633 3993 139 39 mothisi
1804 3994 164 48 thanli.ed
1988 3996 58 33 for
2074 3996 102 33 their
2190 3997 280 33 constitutional
2502 3997 184 34 readiness
2706 3997 37 33 in
2760 3998 138 44 calling
2919 3999 66 33 the

1635 4042 182 46 Meeting,
1831 4042 69 33 and
1920 4042 98 35 their
2039 4044 191 45 impartial
2251 4045 157 35 conduct
2422 4045 135 44 during
2574 4044 61 35 the
2644 4045 77 47 day
2738 4057 12 31 ;
2778 4045 59 35 for
2858 4046 125 37 which

1632 4090 87 47 they
1737 4090 187 48 severally
1944 4094 172 35 returned
2138 4093 151 44 thanks,
2315 4094 73 34 and
2400 4093 223 50 adjourned.

168 48 103 48 246

0 2060 106 484 I
