3425 4441
365 107 217 58 APRIL
613 107 76 52 16.

2042 48 4 7 •

2988 19 11 24 t

2859 113 32 13 ma

2953 96 159 54 -14$

94 794 11 22 ,

83 981 7 86 I

1247 111 145 54 THE
1427 112 379 51 NATIONAL
1844 109 381 56 REGISTER.

410 261 83 35 The
508 260 183 45 question,
719 259 202 43 therefore,
956 263 44 41 is,
1037 263 167 37 whether
1219 266 87 34 such
1330 278 45 22 an
1393 265 168 35 addition
1579 272 37 27 to
1635 265 64 35 the

361 318 106 33 stock
495 317 162 44 already.
674 317 34 33 in
735 318 64 32 the
815 319 144 34 market
978 320 30 33 is
1024 331 22 24 a
1065 321 102 46 thing
1185 327 37 28 to
1243 324 44 32 be
1307 322 151 39 wished,
1492 333 45 22 or
1564 322 112 43 depre-

357 374 126 34 cated.
539 374 41 33 In
595 374 64 33 the
676 374 67 33 last
759 374 142 34 Session
920 376 41 34 of
979 376 243 43 Parliament,
1253 380 61 33 the
1335 381 87 33 time
1433 380 44 32 of
1488 380 65 33 the
1573 379 125 34 House

361 441 79 24 was
467 430 111 33 taken
596 441 51 33 up
667 430 92 35 frota
780 432 74 44 day
874 441 38 26 to
928 432 71 45 day
1024 436 91 33 with
1136 435 59 34 the
1220 437 220 44 complaints
1457 437 43 33 of
1513 437 65 33 the
1599 437 97 33 West

363 487 136 35 Indian
517 488 223 43 Merchants,
754 490 72 33 and
842 490 31 33 it
891 496 73 28 was
980 498 40 27 at
1038 493 122 43 length
1178 493 150 34 deemed
1346 504 188 34 necessary
1548 500 40 27 to
1605 493 72 34 faci-

360 546 112 34 litate
488 544 61 33 the
568 547 257 44 consumption
844 547 41 33 of
900 557 107 34 sngar
1022 549 53 44 by
1088 550 178 45 allowing
1284 552 26 32 it
1328 552 33 32 in
1380 552 61 33 the
1457 552 239 33 Distilleries.

360 604 84 34 The
464 604 74 44 glut
561 604 34 32 in
609 604 63 39 the
692 604 146 34 market
856 615 73 24 was
944 617 40 22 so
1002 612 104 37 great
1126 608 78 33 that
1230 617 110 34 sugar
1359 618 72 24 was
1450 608 151 33 become
1617 618 61 32 per-

359 659 119 43 fectly
511 659 223 35 unsaleable.
789 661 83 33 The
892 672 135 34 poorer
1046 661 169 34 Piaaters
1244 673 97 22 were
1370 663 141 40 rained,
1544 663 70 34 and
1638 664 60 33 the

361 715 128 35 richer
510 726 96 24 were
634 717 87 45 only
750 717 156 35 enabled
935 724 37 28 to
997 720 170 33 continue
1198 720 97 33 their
1323 719 141 34 culture
1483 730 99 34 upon
1602 719 98 34 their

361 774 144 35 former
521 774 159 44 savings.

409 830 130 35 Under
554 831 85 33 such
667 842 24 22 a
716 835 96 30 state
837 831 43 35 of
900 833 293 45 circumstances,
1220 833 64 35 the
1307 835 226 33 Parliament
1552 831 146 35 deemed

361 885 106 37 itself
480 887 119 34 called
620 898 99 35 upon
738 895 35 27 to
795 891 200 44 interpose,
1015 891 70 35 and
1098 902 40 22 as
1153 902 57 22 we
1230 892 93 33 have
1338 891 126 34 before
1480 891 96 38 sail,
1589 901 90 32 open-

357 943 50 34 ed
437 944 64 34 the
533 943 224 37 Distilleries
780 951 38 28 to
839 946 60 35 the
917 948 317 45 Sugar-growers.
1285 948 92 34 This
1411 958 72 24 was
1511 958 24 22 a
1560 948 141 33 serious

359 1002 203 44 departure
582 1002 93 34 from
696 1003 203 45 principles
918 1005 168 34 hitherto
1098 1005 146 35 deemed
1264 1004 262 37 fundamental.
1581 1004 39 34 It
1639 1004 61 33 has

357 1058 151 45 always
523 1058 165 34 hitherto
707 1061 87 41 been
807 1063 25 56 a
831 1063 25 56 z
856 1063 129 56 maxim
1002 1069 35 28 to
1056 1063 132 34 favour
1200 1064 65 33 the
1289 1062 149 45 English
1460 1063 217 40 Corp-grow-

358 1126 60 24 ers
435 1116 38 34 in
491 1114 214 46 preference
723 1122 37 30 to
778 1119 66 33 the
865 1119 161 46 Foreign
1045 1120 313 35 Planters—This
1375 1126 131 34 system
1525 1130 78 22 was
1617 1129 81 22 now

357 1172 98 34 done
472 1183 125 33 away,
632 1173 72 34 and
732 1174 64 35 the
824 1175 152 34 Farmer
994 1178 72 34 and
1091 1178 149 34 Planter
1258 1183 69 39 put
1344 1188 45 21 on
1406 1187 22 22 a
1456 1176 110 33 level.
1619 1176 80 33 The

356 1231 176 46 quantity
552 1230 41 34 of
599 1231 164 35 colonial
795 1233 168 45 produce
981 1234 35 34 in
1045 1235 64 33 the
1129 1235 143 33 market
1290 1244 39 24 so
1348 1233 59 34 far
1434 1233 187 34 exceeded
1641 1234 60 33 the

356 1287 159 33 demand
531 1299 39 21 as
587 1294 65 27 not
669 1289 90 45 only
776 1294 41 27 to
823 1289 138 45 justify
980 1293 66 32 but
1067 1298 39 28 to
1122 1292 145 45 require
1287 1292 72 33 this
1377 1300 77 24 new
1475 1296 152 38 system.

412 1345 43 34 In
469 1345 86 33 such
576 1356 20 24 a
609 1351 96 28 state
723 1346 44 33 of
781 1346 137 44 things,
943 1348 32 35 is
1002 1350 27 33 it
1057 1358 189 25 necessary
1269 1354 39 28 to
1325 1359 65 33 say
1406 1346 110 50 pitch
1534 1358 40 22 as
1587 1354 37 27 to
1641 1348 63 33 the

359 1411 196 35 necessary
573 1413 267 35 consequences
853 1403 44 35 of
908 1416 81 24 new
1006 1406 162 34 colonial
1182 1411 204 39 conquests.
1426 1403 43 35 If
1482 1406 60 33 the
1557 1406 144 33 market

360 1460 47 33 be
424 1460 157 45 already
595 1461 157 44 glutted,
789 1461 105 35 what
922 1463 79 33 will
1028 1465 47 32 he
1095 1463 45 33 its
1153 1469 96 27 state
1271 1463 104 33 when
1398 1473 40 25 so
1465 1462 105 34 much
1597 1462 85 33 addi-

360 1517 118 35 tional
501 1518 158 45 produce
684 1519 30 34 is
731 1518 150 37 thrown
904 1519 78 34 into
1011 1520 87 41 it,—
1110 1520 104 34 when
1230 1520 65 33 the
1311 1519 243 44 competition
1581 1519 45 33 of
1643 1519 61 34 the

354 1574 132 35 sellers
500 1576 30 33 is
544 1576 215 41 augmented
780 1576 53 45 by
852 1587 46 24 an
914 1577 208 34 additional
1142 1578 132 40 island,
1286 1577 70 34 and
1376 1576 231 41 one-fourth,
1620 1586 64 35 per-

358 1629 97 48 haps
472 1643 70 24 one
557 1632 91 41 half,
667 1633 27 33 is
712 1633 119 33 added
850 1639 40 27 to
908 1645 67 22 our
991 1633 158 45 already
1165 1635 165 46 bursting
1346 1631 246 35 warehouses.

409 1689 126 37 There
557 1690 28 33 is
596 1690 159 34 another
772 1690 273 35 consideration
1064 1691 46 34 of
1122 1701 97 24 some
1241 1690 243 44 importance.
1538 1689 85 34 The
1638 1698 43 25 an-

359 1746 86 34 nual
467 1747 162 45 produce
656 1744 45 35 of
728 1747 230 45 Martinique
978 1747 46 43 is,
1049 1757 40 24 as
1127 1757 57 24 we
1211 1747 94 34 have
1331 1747 94 40 said,
1459 1757 90 33 very
1569 1750 132 39 great;

359 1804 69 32 but
445 1804 47 33 its
509 1804 120 34 actual
648 1804 104 34 stock
775 1815 46 22 on
840 1804 93 34 hand
956 1805 28 34 is
1003 1805 106 33 much
1129 1811 157 33 greater.
1342 1804 109 34 From
1472 1804 61 32 the
1551 1804 152 43 efficacy

357 1858 50 34 of
416 1860 64 33 the
495 1861 146 41 general
661 1860 187 34 bkckade
867 1861 45 33 of
937 1861 60 33 the
1029 1861 144 33 French
1196 1861 154 39 Islands,
1384 1861 47 44 by
1457 1861 63 32 the
1551 1860 151 43 English

358 1915 176 40 cruisers,
568 1915 58 34 the
661 1917 168 34 Planters
857 1917 46 34 of
934 1918 226 44 Martinique
1180 1918 91 32 have
1298 1918 91 33 been
1409 1917 133 34 unable
1565 1922 37 27 to
1620 1917 83 32 send

361 1971 102 34 their
480 1972 107 34 stock
604 1980 37 27 to
660 1974 287 46 market--they
964 1974 96 35 have
1080 1976 89 32 been
1181 1975 208 44 compelled
1407 1981 37 27 to
1460 1981 98 26 store
1574 1974 41 40 it,
1635 1972 70 34 and

361 2027 33 35 it
426 2028 28 34 is
481 2035 80 34 not,
598 2031 180 45 perhaps,
806 2037 67 28 too
895 2031 104 35 much
1036 2037 39 28 to
1106 2043 80 33 say,
1212 2031 83 34 that
1316 2031 63 33 the
1413 2031 239 33 warehouses
1671 2031 33 32 in

363 2085 231 46 Martinique
614 2094 90 28 must
728 2091 189 43 probably
935 2091 146 33 contain
1098 2089 61 33 the
1179 2089 163 44 produce
1361 2088 45 33 of
1426 2087 100 41 four,
1557 2087 87 43 five,
1665 2099 41 21 or

356 2143 64 33 six
439 2153 122 34 years.
615 2145 64 33 All
702 2146 71 33 this
789 2147 176 44 quantity
985 2146 78 34 will
1088 2156 83 25 now
1192 2146 46 34 be
1261 2146 183 40 released,
1470 2145 71 34 and
1561 2146 142 43 poured

360 2197 80 37 into
465 2199 66 34 the
560 2202 151 43 English
730 2203 334 34 market.—What
1082 2207 96 28 must
1204 2204 45 31 be
1270 2202 64 32 the
1361 2202 201 34 inevitable
1578 2212 106 22 conse-

357 2257 266 43 quence?—lf
648 2259 105 33 there
781 2270 77 24 was
891 2259 129 33 before
1041 2270 22 22 a
1082 2257 97 45 glut,
1206 2259 78 33 will
1313 2265 63 27 not
1394 2259 86 33 such
1499 2270 24 22 a
1543 2258 163 45 produce

358 2311 154 34 become
528 2326 81 22 now
625 2316 100 33 little
742 2317 123 34 better
883 2319 89 32 than
989 2328 24 22 a
1033 2317 100 33 weed
1154 2316 148 34 ?—The
1333 2315 139 38 Dutch,
1500 2316 28 33 it
1548 2315 28 32 is
1607 2315 98 39 said,

358 2370 178 44 annually
555 2370 90 34 burn
663 2372 103 33 their
780 2373 135 44 spices,
943 2379 38 26 to
1002 2378 155 39 prevent
1182 2383 44 21 an
1244 2370 322 34 over-abundance
1586 2372 37 33 in
1642 2373 64 32 the

361 2426 163 35 market.
578 2427 211 45 Something
804 2430 44 32 of
872 2430 63 32 the
961 2439 98 24 same
1095 2430 87 32 kind
1212 2430 77 33 will
1328 2439 80 22 now
1446 2430 45 32 he
1507 2437 195 37 necessary

361 2481 92 33 with
472 2490 143 38 respect
635 2491 38 27 to
702 2485 63 33 the
787 2486 149 41 English
959 2485 172 35 Colonial
1160 2485 177 44 produce.
1393 2485 131 43 What,
1551 2485 38 33 in
1609 2485 96 41 fact,

361 2537 32 33 is
407 2545 35 26 to
464 2541 150 33 become
631 2541 44 34 Of
690 2542 63 33 the
768 2543 146 44 surplus
928 2543 14 33 ?
996 2543 130 43 Every
1144 2554 67 21 one
1230 2543 38 33 in
1289 2542 56 35 his
1372 2554 190 31 eagerness
1583 2548 38 26 to
1638 2541 63 34 sell

363 2595 78 34 will
469 2598 221 43 necessarily
718 2598 198 34 under-sell
935 2598 175 40 another,
1143 2598 60 33 the
1232 2609 190 33 necessary
1454 2608 252 35 consequence

361 2659 91 28 must
464 2654 61 40 be,
552 2655 81 34 that
648 2656 66 33 the
733 2661 149 38 greater
901 2661 83 39 part
1003 2655 44 34 of
1064 2656 100 33 them
1182 2656 77 33 will
1281 2657 45 31 he
1346 2656 142 34 ruined.

411 2709 130 35 Under
557 2712 139 33 certain
715 2713 280 34 circumstances
1015 2712 132 45 plenty
1168 2712 28 33 is
1215 2713 94 31 lobe
1332 2712 154 40 wished,
1506 2712 63 33 but
1592 2712 115 33 under

360 2767 143 39 others,
534 2769 28 33 it
582 2769 27 33 is
622 2770 155 44 equally
795 2770 149 33 ruinous
958 2769 89 33 both
1063 2774 41 27 to
1124 2769 63 34 the
1211 2769 151 33 Planter
1376 2769 70 33 and
1467 2776 37 26 to
1524 2769 64 33 the
1607 2769 76 33 Pub-

361 2826 67 34 lic.
485 2828 38 33 It
554 2828 27 33 is
615 2828 149 34 ruinous
788 2833 38 28 to
855 2828 64 34 the
953 2828 169 39 Planter,
1162 2828 154 33 because
1346 2828 64 32 the
1439 2828 103 44 price
1573 2826 44 33 of
1642 2828 65 32 the

361 2881 126 37 whole
522 2884 30 33 is
575 2882 111 47 jured
728 2884 51 45 by
811 2890 66 28 too
905 2890 103 37 great
1035 2895 24 22 a
1085 2885 161 43 surplus.
1304 2885 138 40 Every
1442 2894 67 25 one
1530 2884 80 33 will
1631 2885 73 41 buy

360 2946 41 28 at
420 2940 56 34 his
494 2952 86 22 own
600 2943 102 41 price
718 2942 122 34 where
855 2942 106 33 there
977 2952 65 22 are
1068 2952 103 24 more
1193 2942 83 32 who
1294 2948 96 26 want
1413 2947 37 27 to
1470 2941 64 34 sell
1557 2941 90 33 than
1663 2941 43 33 he

364 3004 116 28 wants
513 3004 41 28 to
588 2999 191 44 buy—and
823 2999 77 34 this
934 2999 190 34 excessive
1165 2999 215 34 abundance
1423 2999 27 33 is
1491 2998 214 44 ultimately

360 3056 155 45 equally
535 3056 180 46 injurious
733 3061 37 28 to
789 3056 63 35 the
874 3056 146 40 Public,
1057 3057 155 33 because
1248 3057 60 32 the
1339 3056 213 33 abundance
1570 3056 47 33 of
1639 3067 67 22 one

360 3120 128 26 season
516 3115 77 32 will
624 3115 45 34 he
698 3115 215 44 invariably
934 3113 177 34 followed
1144 3115 46 43 by
1212 3115 63 32 the
1292 3115 161 43 scarcity
1474 3115 43 32 of
1531 3113 178 33 others—

361 3178 111 34 many
488 3171 80 33 will
596 3171 169 34 abandon
784 3182 22 24 a
835 3171 224 34 cultivation
1082 3170 125 34 which
1243 3171 87 44 they
1365 3175 135 31 cannot
1531 3171 176 34 continue

406 3226 122 37 ithout
549 3227 61 35 the
630 3234 176 39 prospect
819 3228 46 35 of
878 3230 98 32 ruin.

411 3283 115 45 Upon
544 3285 99 34 these
657 3287 311 41 considerations,
994 3295 56 25 we
1070 3291 92 28 must
1186 3295 110 34 panne
1315 3283 130 35 before
1465 3295 56 25 we
1538 3285 171 34 consider

361 3340 64 32 the
442 3346 176 40 conquest
644 3343 45 33 of
713 3343 231 45 Martinique
961 3354 39 21 as
1018 3354 22 21 a
1072 3343 110 43 thing
1198 3343 43 33 of
1265 3352 76 33 any
1362 3343 129 43 public
1509 3343 129 39 value,
1665 3353 44 22 or

364 3398 169 43 political
556 3399 240 44 importance.
849 3400 57 33 To
926 3410 53 31 us,
999 3400 145 40 indeed,
1168 3410 93 32 upon
1284 3399 63 34 the
1367 3400 74 33 first
1469 3409 239 34 appearance

361 3454 45 32 of
420 3452 76 45 thin
496 3452 19 45 g
515 3452 39 45 s,
589 3456 27 33 it
641 3467 113 24 seems
780 3456 128 34 rather
926 3469 22 21 a
965 3461 175 41 conquest
1168 3456 87 33 than
1276 3467 45 22 an
1339 3456 240 46 acquisition.
1638 3456 69 33 We

361 3519 66 24 are
437 3521 115 34 open,
569 3511 188 43 however,
777 3519 37 27 to
829 3513 227 39 conviction,
1070 3513 72 34 and
1165 3513 32 32 if
1212 3511 59 34 the
1289 3511 100 34 \Vest
1410 3511 107 34 India
1534 3511 172 34 Planters

365 3575 60 24 are
441 3568 180 41 satisfied,
647 3579 57 24 we
716 3568 96 35 shall
833 3569 97 34 have
948 3569 152 44 nothing
1121 3569 142 33 farther
1284 3578 34 25 to
1336 3580 79 33 say.

1457 3617 17 34 1
1486 3626 20 24 N
1517 3624 138 27 DICUS.

633 3723 322 50 IMPERIAL.•
986 3722 455 47 PARLIAMENT.

785 3831 176 41 HOLE
996 3833 69 38 OF
1093 3831 190 40 LORDS.

827 3953 170 48 Frideg,
1026 3954 125 47 april
1174 3956 59 39 14.

413 4015 94 37 Lord
527 4018 126 37 Arca
663 4030 51 25 LA
724 4028 58 28 Nt)
801 4020 143 34 wished
961 4026 38 27 to
1019 4020 112 33 make
1149 4030 100 24 some
1279 4020 273 40 observations,
1579 4018 128 37 which

366 4064 122 34 would
507 4067 86 34 tend
614 4074 37 27 to
669 4069 185 34 elucidate
872 4069 64 33 the
950 4067 141 46 subject
1116 4068 45 32 of
1183 4069 64 33 the
1269 4067 143 35 motion
1433 4067 206 46 postponed
1661 4068 47 44 by

369 4110 56 34 his
442 4111 122 37 Noble
586 4114 151 44 Friend,
768 4117 97 34 Lord
891 4117 118 41 Grey,
1044 4121 35 27 to
1104 4115 139 44 Friday
1265 4120 105 31 next.
1424 4115 59 34 He
1505 4116 123 34 would
1649 4121 63 28 not

381 4168 73 35 on;
468 4170 146 37 occupy
635 4165 60 32 the
711 4165 184 34 attention
922 4163 46 33 of
983 4165 61 33 the
1063 4161 146 43 Howe,
1234 4162 67 34 and
1320 4173 43 25 as
1382 4160 58 38 his
1456 4165 257 33 observations

366 4209 102 32 were
487 4212 249 45 unexpected,
765 4212 46 35 he
830 4211 125 37 would
974 4217 60 30 not
1050 4212 151 44 require
1218 4209 120 37 either
1355 4221 46 25 an
1419 4211 228 39 immediate,
1672 4221 43 26 or

1759 274 22 22 a
1798 265 65 33 full
1883 270 145 31 ansiyer
2046 273 37 30 to
2100 278 74 32 any
2193 266 45 33 of
2254 265 208 34 them-from
2469 263 18 33 -
2486 263 57 33 the
2561 261 125 37 Noble
2706 261 193 34 Secretary
2920 256 45 34 of
2978 257 120 39 State,

1762 314 115 32 unless
1910 315 57 33 his
1998 314 183 44 Lordship
2210 313 109 34 found
2352 309 152 34 himself
2525 309 184 46 perfectly
2728 312 210 39 conyeleut
2970 309 40 28 to
3037 304 71 33 the

1762 361 80 32 task
1861 373 45 21 on
1933 374 39 21 so
1998 363 98 33 short
2117 372 22 22 a
2159 363 123 32 notice
2295 369 39 24 as
2349 361 60 31 the
2443 361 154 40 present,
2652 356 80 34 The
2752 356 73 35 first
2849 352 137 35 related
3002 357 39 28 to
3056 361 48 22 an

1760 409 132 32 article
1910 409 191 34 contained
2131 410 35 32 in
2203 409 58 32 the
2289 413 123 27 treaty
2439 405 44 33 of
2505 405 161 33 alliaoce
2686 402 200 37 concluded
2907 399 110 37 with,
3056 398 46 33 he

1762 455 103 32 could
1885 457 163 41 scarcely
2065 468 64 33 say
2161 456 118 32 whom
2296 467 9 26 ;
2339 451 59 35 for
2428 458 40 27 at
2486 452 60 33 the
2604 461 80 24 o.ne
2689 456 37 26 nt
2748 462 25 20 %%
2877 454 24 27 it
2919 446 72 33 had
3009 446 94 33 beet'

1760 502 141 43 signed,
1928 515 71 22 our
2030 514 104 25 army
2169 511 74 25 was
2272 511 46 24 on
2353 502 63 33 the
2446 500 100 44 point
2568 498 44 33 of
2626 497 221 39 evacuating
2878 495 131 44 Spain,
3035 491 67 35 the

1765 549 176 43 Supreme
1959 552 116 33 Junta
2106 561 100 24 were
2224 548 206 45 dispersed,
2460 546 69 33 and
2554 544 208 34 Ferdinand
2787 542 99 34 VII.
2910 549 34 25 in
2975 540 130 34 whose

1763 604 102 41 name
1880 599 31 33 it
1932 609 73 22 was
2019 599 215 37 concluded,
2259 594 187 35 remained
2472 604 24 25 a
2523 592 167 45 prisoner
2706 592 33 31 in
2761 591 59 32 ihr
2833 589 119 33 'hands
2970 586 46 35 of
3037 587 66 32 the

1769 643 157 40 Frerch,
1954 647 219 33 uncrowned
2207 645 69 34 and
2313 643 185 45 hopeless,
2550 640 80 34 The
2659 638 135 34 article
2826 635 44 33 of
2898 634 122 34 which
3056 632 50 34 he

1765 693 230 41 complained
2017 694 117 33 hound
2156 694 73 33 this
2246 694 125 31 nation
2391 696 39 28 to
2460 689 151 34 acknoo
2626 686 105 43 ledge
2772 681 206 35 Ferdinand
2998 677 106 38 VII.

1766 737 52 32 his
1856 741 111 37 heirs,
1997 751 40 21 or
2061 739 133 34 lawful
2230 748 201 26 successors
2461 735 211 45 (ascending
2699 733 61 32 the
2778 731 129 34 throne
2928 728 91 34 with
3040 726 65 37 the

1763 793 144 26 consent
1935 788 43 33 of
1997 789 59 33 the
2074 787 156 46 Spanish
2250 787 152 39 nation)
2419 794 40 24 as
2489 784 61 33 the
2568 782 86 43 wily
2678 781 215 41 Sovereigns
2911 775 44 34 of
2970 775 132 45 Spain.

1770 831 54 34 Ile
1844 833 169 45 objected
2034 842 35 27 to
2087 837 61 32 the
2167 834 138 34 former
2319 839 103 39 part,
2447 829 170 43 adikely
2641 834 39 27 to
2700 826 148 34 involve
2878 824 60 32 the
2963 821 141 37 British

1766 880 242 35 Government
2026 883 104 43 again
2150 883 37 32 in
2205 883 48 33 all
2277 881 60 33 the
2353 879 210 34 intricacies
2582 875 44 34 of
2656 873 175 37 Bourbon
2849 872 128 45 policy
2991 882 12 27 ;
3030 869 73 34 and

1765 933 39 26 to
1822 930 60 31 the
1898 930 128 39 latter,
2042 941 37 21 as
2093 927 208 37 ultimately
2319 928 148 40 tending
2477 931 38 30 to
2528 922 273 40 acknowledge
2815 919 143 40 Joseph
2980 917 100 34 Bona-

1767 984 104 33 parte
1886 979 63 30 the
1968 977 126 33 lawful
2120 977 99 40 King
2237 977 43 32 of
2295 974 132 44 Spain,
2456 974 35 33 in
2507 983 83 24 case
2609 972 44 33 he
2670 969 131 33 should
2832 973 37 26 at
2906 967 72 31 last

2994 969 22 37 .
3017 969 90 37 meet

1768 1024 89 35 with
1879 1024 61 33 the
1954 1026 254 41 approbation
2222 1023 45 34 of
2283 1025 50 31 his
2348 1033 79 21 n-w
2443 1019 171 46 subjects.
2666 1017 83 35 The
2761 1023 86 26 next
2862 1012 243 34 observation

1767 1072 136 33 related
1924 1080 38 25 to
1981 1084 20 20 a
2021 1072 157 44 promise
2198 1072 103 33 made
2320 1072 48 35 by
2386 1069 63 33 the
2465 1068 123 35 Noble
2608 1068 195 31 Secretary
2824 1062 44 32 of
2884 1063 116 35 State,
3021 1061 83 32 that

1766 1119 63 33 the
1846 1117 122 34 fullest
1990 1120 234 34 information
2237 1119 128 35 should
2385 1119 45 32 he
2448 1116 76 34 laid
2543 1113 128 35 before
2691 1111 60 34 the
2773 1111 141 38 House,
2928 1117 46 24 on
2987 1115 119 33 every

1769 1166 100 44 point
1890 1167 45 32 of
1945 1167 60 33 the
2029 1167 73 33 late
2117 1166 215 44 eampaigat:
2388 1165 77 34 Yet
2483 1173 69 24 one
2572 1161 45 34 of
2631 1161 46 33 its
2696 1165 90 27 most
2810 1161 204 39 oaportant
3032 1153 74 35 and

1767 1213 234 35 unfortunate
2013 1221 133 31 events,
2176 1214 63 33 the
2255 1211 191 35 surrender
2458 1209 45 33 of
2513 1209 60 33 the
2593 1208 183 45 squadron
2794 1212 39 26 at
2859 1202 146 40 Ferrol,
3028 1209 79 25 was

1765 1263 208 33 illustrated
2007 1261 84 34 only
2122 1263 46 32 by
2207 1267 74 26 two
2314 1261 124 32 letters
2451 1259 93 33 from
2568 1256 168 34 Admiral
2761 1254 53 32 Dc
2837 1252 149 43 Courcy
3002 1260 8 22 :
3040 1248 67 35 the

1766 1320 67 22 one
1856 1310 169 41 advising
2052 1311 57 30 Sir
2135 1309 124 33 David
2294 1307 111 33 Baird
2435 1313 37 25 to
2504 1311 142 37 protect
2666 1304 103 31 those
2798 1300 71 41 shit
2887 1311 30 26 s,
2942 1298 71 33 and
3043 1297 65 32 the

1766 1359 107 33 other
1886 1357 139 44 stating
2059 1358 97 32 their
2185 1358 72 32 loss
2274 1355 70 32 and
2363 1355 98 31 their
2476 1354 168 37 number,
2696 1349 71 34 His
2807 1346 182 43 Lordship
3022 1344 83 34 also

1768 1404 137 37 wished
1925 1404 80 33 that
2024 1414 22 24 a
2063 1413 98 26 more
2179 1404 163 32 detailed
2361 1406 151 28 :recount
2541 1398 43 33 of
2609 1398 61 33 the
2699 1397 110 32 lesser
2835 1393 187 34 sustained
3053 1393 52 43 by

1767 1463 67 22 our
1848 1462 107 24 army
1977 1454 34 31 in
2041 1452 107 45 Spain
2165 1452 132 33 should
2319 1452 46 32 he
2383 1447 198 46 prodored.
2608 1456 38 22 as
2666 1444 78 33 that
2767 1442 120 33 which
2911 1441 69 33 had
3009 1440 96 32 beets

1766 1501 105 41 given
1894 1509 73 24 was
1985 1499 187 35 evidently
2190 1506 201 26 evronenus
2407 1506 43 22 or
2469 1494 227 34 insufficient.
2750 1489 189 45 Upwards
2952 1487 44 33 of
3008 1487 25 45 -
3033 1487 74 45 top

1768 1559 77 22 own
1866 1558 96 24 were
1976 1546 288 43 acknowledged
2285 1551 38 28 to
2339 1544 96 33 have
2454 1541 184 45 perished,
2670 1550 41 22 or
2726 1539 89 33 been
2839 1537 116 33 taken
2968 1535 48 40 by
3038 1535 66 32 the

1766 1606 128 33 enemy
1909 1607 12 26 ;
1946 1597 65 32 but
2039 1606 24 22 a
2083 1594 105 33 strict
2213 1591 256 37 examination
2498 1589 43 33 of
2561 1589 64 33 the
2648 1584 143 46 subject
2820 1583 119 35 would
2968 1592 133 35 prove,

1768 1643 79 34 that
1871 1648 38 28 at
1941 1642 91 34 least
2069 1642 132 38 10,000
2222 1641 133 32 British
2379 1637 172 35 warriors
2570 1635 70 34 had
2667 1635 89 32 been
2786 1629 171 38 snatched
2985 1639 117 33 away

1768 1690 93 34 from
1881 1690 99 33 their
1998 1697 167 34 country.
2219 1688 83 37 The
2321 1689 66 32 last
2409 1684 165 34 remarks
2601 1683 45 33 he
2668 1681 120 34 woald
2810 1680 109 32 make
2939 1687 97 24 were
3053 1688 51 24 on

1770 1739 72 34 Mr.
1866 1736 145 35 Frere's
2031 1744 74 25 two
2124 1737 128 33 letters
2277 1739 38 30 to
2336 1735 58 33 Sir
2420 1733 102 33 John
2545 1731 144 38 Moore,
2715 1728 70 33 and
2805 1729 60 31 the
2885 1726 220 43 'mysterious

1766 1787 70 32 and
1854 1785 174 34 offensive
2048 1795 157 27 message
2225 1791 38 26 to
2285 1780 118 35 which
2425 1780 90 34 they
2532 1778 162 39 alluded,
2720 1775 69 34 and
2820 1775 61 33 the
2911 1776 126 30 nature
3064 1770 46 35 of

1770 1843 24 22 o
1808 1834 84 33 Welt
1915 1833 56 31 his
1993 1830 191 46 Majesty's
2209 1831 188 33 Ministers
2414 1827 69 34 had
2504 1833 58 27 not
2596 1830 61 39 yet
2685 1822 171 35 unfidded
2887 1825 38 30 to
2956 1819 125 34 Podia-

1769 1886 106 28 melit.
1932 1880 57 34 lie
2009 1879 61 34 did
2100 1887 58 27 not
2181 1886 98 37 press
2300 1878 60 32 the
2385 1876 125 34 Noble
2541 1876 193 38 Secretary
2753 1870 59 33 for
2828 1880 46 22 an
2891 1876 157 32 answer,
3076 1864 37 35 if

1770 1929 44 31 he
1834 1939 97 22 were
1950 1933 61 27 not
2029 1929 178 41 prepared
2223 1938 11 27 ;
2263 1926 64 32 hut
2347 1931 61 35 yet
2432 1923 44 32 he
2494 1919 159 46 thought
2669 1919 60 34 the
2748 1915 141 46 subject
2904 1916 203 44 important

1766 1976 142 43 enough
1930 1983 39 26 to
1984 1977 146 32 deserve
2147 1975 54 33 his
2219 1971 198 35 attention.

1817 2034 78 33 The
1919 2031 89 34 Earl
2027 2031 43 33 of
2086 2031 53 33 Lis
2139 2031 19 33 -
2171 2041 50 24 en
2235 2039 81 25 Poo
2326 2039 21 24 it.
2376 2026 120 34 would
2516 2029 77 35 not,
2617 2028 39 30 at
2680 2022 63 35 the
2763 2024 143 41 present
2935 2020 176 38 moment,

1768 2080 83 43 give
1870 2092 71 32 any
1959 2089 144 24 answer
2133 2086 35 27 to
2196 2081 64 30 the
2289 2074 256 37 observations
2563 2072 106 34 made
2699 2073 46 40 by
2779 2070 57 32 the
2858 2066 123 34 Noble
3000 2065 110 33 Lord

1769 2128 106 40 They
1897 2138 99 24 were
2016 2137 97 25 mere
2130 2133 135 27 matter
2282 2124 44 34 of
2347 2127 209 34 argument,
2581 2119 69 35 and
2678 2117 124 37 would
2831 2113 184 46 probably
3035 2113 72 32 find

1767 2186 22 22 a
1813 2176 105 45 place
1939 2177 34 32 in
1991 2176 61 33 the
2065 2174 200 33 discussion
2282 2172 156 33 relative
2456 2176 37 27 to
2511 2167 269 48 theeampaign
2793 2165 33 31 in
2842 2163 131 45 Spain,
2987 2160 87 34 whit
3087 2161 21 30 it

1773 2224 117 32 would
1912 2224 90 33 take
2017 2223 104 44 place
2134 2232 46 22 on
2196 2220 142 43 Friday
2355 2223 105 30 next.

1818 2280 96 33 Lord
1937 2281 93 32 Gar.
2040 2289 25 24 y
2083 2278 59 33 did
2164 2284 61 27 not
2245 2277 90 34 look
2355 2285 46 22 on
2417 2274 63 32 the
2499 2269 252 37 observations
2773 2278 22 20 o
2811 2265 83 33 hielt
2917 2265 66 32 had
3018 2267 90 30 heeo

1769 2328 106 34 made
1889 2339 39 22 as
1948 2337 99 22 mere
2072 2331 132 28 matter
2222 2326 45 34 of
2284 2327 204 40 argument.
2518 2319 67 34 and
2617 2317 181 44 regretted
2822 2317 76 27 that
2923 2314 80 41 'ley
3030 2311 35 32 a:
3065 2311 18 32 e
3083 2311 18 32 i

1768 2382 60 27 not
1848 2375 92 34 been
1956 2374 203 35 answered.
2213 2370 216 46 Objecting,
2458 2379 40 22 as
2528 2367 41 34 he
2598 2366 79 38 did,
2706 2370 38 26 to
2766 2365 61 30 the
2888 2360 33 32 h.
2921 2360 50 32 31•
3048 2361 64 28 tags

1769 2430 118 37 treaty
1907 2419 44 38 of
1964 2422 158 33 alliance
2148 2419 198 35 concluded
2370 2417 91 40 with
2481 2415 63 33 :be
2559 2413 188 35 shadows,
2764 2418 59 24 not
2843 2413 59 26 too
2923 2417 188 33 teresea-

1769 2471 132 35 Wives
1932 2469 45 34 of
2006 2479 128 33 power
2147 2480 9 26 ;
2194 2467 76 33 still
2306 2466 41 32 he
2378 2463 161 41 thought
2572 2461 63 32 the
2653 2458 135 34 article
2809 2456 149 43 poiated
2979 2460 59 24 out
3061 2454 50 33 by

1770 2519 54 32 his
1863 2518 120 33 Noble
2010 2516 128 33 Friend
2172 2513 156 34 entitled
2362 2520 39 26 to
2434 2520 44 24 an
2509 2507 182 34 increased
2722 2505 150 44 polio')
2978 2502 136 33 hhele.

1775 2565 207 33 Ferdinand
2006 2563 98 35 VII.
2127 2572 74 26 was
2215 2557 293 44 acknowledged
2537 2556 35 33 in
2601 2556 27 32 it
2657 2554 61 32 the
2746 2552 86 40 only
2855 2548 197 41 Sovereign
3072 2551 39 28 of

1770 2614 128 44 Spain.
1955 2611 85 33 Had
2070 2610 80 34 dual
2181 2611 56 32 his
2259 2606 193 47 Majesty's
2476 2604 183 34 Ministers
2676 2598 181 35 admitted
2884 2598 60 32 the
2970 2594 142 45 justice

1770 2661 44 32 of
1835 2657 247 47 Bonaparte's
2102 2657 194 45 roeeedivg
2296 2657 21 45 -
2317 2657 44 45 s:
2393 2653 70 34 had
2481 2653 87 43 they
2601 2646 211 38 sanctiored
2830 2647 60 31 the
2910 2642 119 35 forced
3056 2653 39 26 re
3094 2653 20 26 r

1770 2709 180 40 signation
1970 2707 45 33 of
2042 2707 61 33 the
2131 2705 90 40 aged
2243 2705 70 32 and
2335 2702 231 33 unfortunate
2588 2696 158 35 Charles
2772 2695 11 32 I
2797 2693 72 32 V.:
2928 2691 46 32 As
2996 2696 33 26 to
3050 2688 65 34 the

1770 2758 109 31 losses
1899 2754 183 34 sustained
2109 2756 46 32 by
2176 2763 69 22 oar
2263 2761 120 27 army,
2407 2750 43 32 he
2477 2746 181 41 certainly
2680 2741 154 41 thought
2856 2738 87 43 they
2965 2740 146 40 greatly

1769 2803 183 34 exceeded
1981 2803 64 33 the
2070 2807 146 26 amount
2238 2799 109 41 given
2378 2798 34 32 in
2446 2794 63 35 the
2545 2798 139 28 returns
2712 2800 46 21 on
2790 2789 60 32 the
2883 2786 113 33 table.
3051 2783 64 38 Be

1773 2851 138 33 wished
1930 2857 38 26 to
1988 2850 93 32 have
2098 2859 45 21 an
2161 2854 157 28 account
2337 2844 43 34 of
2394 2844 102 34 those
2515 2838 181 35 sustained
2718 2838 48 41 by
2781 2845 67 22 our
2867 2841 129 34 troops
3012 2831 102 33 since

1773 2898 85 35 they
1891 2898 71 33 had
1995 2896 152 34 reached
2177 2906 70 24 our
2277 2904 85 21 own
2395 2891 144 34 shores.
2594 2883 215 38 Exhausted
2832 2881 91 33 with
2953 2880 161 43 fatigue,

1770 2947 67 33 and
1864 2946 135 34 wasted
2019 2944 47 33 by
2086 2944 156 39 disease,
2269 2950 113 24 every
2406 2939 76 32 day
2499 2937 98 33 since
2622 2934 99 34 their
2743 2939 119 25 retort)
2884 2927 60 33 the
2968 2926 146 34 funeral

1772 2995 72 33 hell
1869 2993 66 35 hail
1956 2991 115 35 tolled
2086 3001 86 24 over
2189 2989 102 33 their
2306 2996 162 33 corpses.
2520 2983 119 33 These
2657 2991 97 24 were
2773 2979 63 31 the
2850 2983 267 35 consequences

1770 3043 45 32 of
1830 3043 61 33 the
1916 3043 77 33 late
2029 3038 204 45 imprudent
2269 3035 71 33 and
2375 3030 228 38 ill-directed
2629 3027 196 44 campaien
2844 3037 9 24 ;
2883 3022 102 33 these
3018 3030 100 25 were

1772 3091 110 32 losses
1899 3090 41 32 of
1956 3087 123 33 which
2099 3097 45 24 no
2160 3083 259 45 computation
2443 3090 74 25 was
2535 3079 106 44 given
2661 3076 35 34 in
2717 3076 61 32 the
2800 3081 135 34 papers
2954 3079 76 22 now
3054 3069 43 34 be-

1772 3136 83 35 fore
1872 3137 61 34 the
1954 3136 141 34 House.
2830 3170 7 1 _
2856 3170 7 1 _
2911 3170 19 1 _

1824 3193 93 34 Lord
1941 3193 120 34 BUCK
2072 3198 106 26 INGII
2222 3197 79 24 Mill
2313 3195 73 24 Inc
2411 3182 119 35 called
2564 3190 97 35 upon
2681 3178 63 33 the
2765 3175 125 37 Noble
2911 3174 198 39 Secretary

1770 3248 39 27 to
1828 3242 145 33 declare
1996 3239 165 33 whether
2180 3239 107 31 there
2369 3231 89 33 fisted
2478 3241 72 31 any
2571 3227 137 39 ground
2737 3223 45 34 of
2791 3221 190 46 objection
3001 3226 37 26 to
3060 3221 61 31 Sir

1770 3291 104 32 John
1890 3286 219 40 Craddock,
2134 3283 120 34 which
2275 3278 190 48 appeared
2497 3283 39 26 to
2557 3276 44 33 be
2621 3272 152 46 implied
2794 3272 43 41 hy
2861 3270 61 33 the
2939 3268 161 43 appoint-

1773 3344 94 27 ment
1886 3335 44 33 of
1944 3337 60 32 Sir
2023 3335 47 32 A.
2098 3331 195 34 Wellesley
2316 3335 35 26 to
2367 3327 60 34 the
2443 3322 104 37 chief
2561 3320 190 38 command
2771 3319 33 33 in
2828 3314 191 45 hortugol.

1818 3385 81 33 The
1920 3384 85 33 Earl
2027 3381 44 32 of
2088 3380 41 33 Li
2140 3389 21 24 v
2173 3386 144 26 citron
2329 3385 20 22 t.
2368 3372 182 35 admitted
2577 3370 61 33 the
2657 3377 163 28 courage
2836 3366 70 33 and
2921 3363 139 40 ability
3080 3357 45 35 of

1774 3435 58 32 Sir
1857 3432 99 32 John
1976 3428 213 38 Craddock,
2225 3426 73 31 and
2334 3419 209 37 vindicated
2580 3418 60 34 the
2673 3415 279 45 appointment,
2980 3420 45 24 on
3056 3410 65 33 the

1770 3481 137 45 ground
1928 3477 44 34 of
1985 3478 59 32 his
2065 3472 191 46 Alaje..it)'s
2277 3469 248 46 prerogative.

2152 3628 177 40 fIOCSF.
2362 3625 66 40 OF
2459 3620 280 43 COMMONS.

2233 3749 194 46 Tue.7ilay,
2461 3744 123 48 April
2606 3745 59 35 11.

1826 3826 58 35 Nu
1903 3823 164 35 business
2086 3819 41 37 of
2143 3820 244 44 intportance.

2191 3934 268 47 IVednesday,
2489 3930 128 47 April
2650 3931 60 35 12.

1824 4009 74 35 Mr.
1918 4007 203 37 Alderman
2133 4005 54 35 Co
2198 4013 24 22 NI
2233 4010 52 28 nr:
2306 3997 189 50 presented
2513 4007 24 24 a
2559 3994 164 37 Petition
2740 3994 96 33 from
2857 3990 63 35 the
2935 3985 208 47 Worship,

1778 4057 54 35 ful
1852 4059 61 32 the
1935 4056 197 43 Company
2153 4052 41 33 of
2212 4052 184 35 Butchers
2422 4046 41 34 of
2489 4046 64 33 the
2584 4044 80 43 Ca:,
2699 4043 44 33 cif
2778 4042 167 38 London,
2980 4036 163 45 praying

1778 4106 144 43 against
1941 4106 59 33 the
2021 4100 165 37 removal
2212 4098 45 35 of
2284 4096 210 37 Sinith6eld
2513 4091 154 37 Market
2673 4107 57 19 .--
2739 4090 105 35 Read
2852 4114 8 17 ,
2890 4088 73 33 and
2981 4081 163 43 ordered

1781 4160 41 31 to
1841 4153 51 34 lie
1913 4162 46 25 um
1978 4152 65 34 the
2061 4150 118 33 table.

1834 4202 89 35 Cant
1932 4198 137 50 pbell's
2091 4196 165 38 Divorce
2378 4202 30 25 yr
2415 4201 40 25 ag
2469 4191 90 35 read
2570 4199 26 26 a
2613 4186 103 37 third
2733 4188 89 34 time
2842 4183 70 38 and
2929 4179 152 53 passed.

354 1597 132 13 petters
500 1597 30 12 is
544 1597 215 28 augmeinea
781 1597 51 24 uy
852 1597 46 14 an
914 1597 83 14 Haw
1006 1597 8 13 i
1023 1597 99 14 tonal
1142 1597 132 21 isiann,
1286 1597 70 14 arm
1376 1597 231 20 nue-iourtn,
1620 1597 85 25 per-
1766 1606 128 22 enemy
1909 1607 12 26 ;
1946 1597 65 32 but
2039 1606 24 22 a
2083 1597 105 31 strict
2213 1597 256 31 examinatian
2498 1597 43 25 of
2561 1597 64 25 the
2648 1597 143 32 subject
2820 1597 119 21 would
2968 1597 133 31 prove,
3392 1599 6 891 t
3398 1599 12 891 .,

358 1629 97 48 haps
472 1643 70 24 one
557 1632 91 41 half,
667 1633 27 33 is
712 1633 119 33 added
850 1639 40 27 to
908 1645 67 22 our
991 1633 158 45 already
1165 1635 165 46 bursting
1346 1631 246 35 warehouses.
1768 1643 79 34 that
1871 1648 38 28 at
1941 1642 91 34 least
2069 1642 132 38 10,000
2222 1641 133 32 British
2379 1637 172 35 warriors
2570 1635 70 34 had
2667 1635 89 32 been
2786 1629 171 38 snatched
2985 1639 117 33 away

409 1689 126 37 There
557 1690 28 33 is
596 1690 159 34 another
772 1690 273 35 consideration
1064 1691 46 34 of
1122 1701 97 24 some
1241 1690 243 44 importance.
1538 1689 85 34 The
1638 1698 64 25 an-
1768 1690 93 34 from
1881 1690 99 33 their
1998 1697 167 30 country.
2219 1688 83 37 The
2321 1689 66 32 last
2409 1684 165 34 remarks
2601 1683 45 33 he
2668 1681 120 34 woald
2810 1680 109 32 make
2939 1687 97 24 were
3053 1688 51 24 on
3385 1597 25 715 tl
3410 1597 13 715 .

3384 1724 31 13 i,

359 1746 86 34 nual
467 1747 162 45 produce
656 1744 45 35 of
728 1747 230 45 Martinique
978 1747 46 43 is,
1049 1757 40 24 as
1127 1757 57 24 we
1211 1747 94 34 have
1331 1747 94 40 said,
1459 1757 90 26 very
1569 1750 132 39 great;
1770 1739 72 34 Mr.
1866 1736 145 35 Frere's
2031 1744 74 25 two
2124 1737 128 33 letters
2277 1739 38 30 to
2336 1735 58 33 Sir
2420 1733 102 33 John
2545 1731 144 38 Moore,
2715 1728 70 33 and
2805 1729 60 31 the
2885 1726 220 43 'mysterious
3415 1736 8 15 1

359 1804 69 32 but
445 1804 47 33 its
509 1804 120 34 actual
648 1804 104 34 stock
775 1815 46 22 on
840 1804 93 34 hand
956 1805 28 34 is
1003 1805 106 33 much
1129 1811 157 33 greater.
1342 1804 109 34 From
1472 1804 61 32 the
1551 1804 152 39 efficacy
1766 1787 70 32 and
1854 1785 174 34 offensive
2048 1795 157 27 message
2225 1791 38 26 to
2285 1780 118 35 tchich
2425 1780 90 43 they
2532 1778 162 39 alluded,
2720 1775 69 34 and
2820 1775 61 33 the
2911 1776 126 30 nature
3064 1770 46 35 of
3396 1770 4 73 ,
3415 1770 1 73 •

1993 1830 191 46 \lajecty's
2209 1831 188 33 Ministers
2414 1827 69 34 had
2504 1833 58 27 nni
2596 1830 61 39 yet
2685 1822 171 35 unfelded
2887 1825 38 30 to
2956 1819 150 34 Parini-
3386 1805 33 51 ii;

357 1858 50 34 of
416 1860 64 33 the
495 1861 146 41 general
661 1860 187 34 blnekade
867 1861 45 33 of
937 1861 60 33 the
1029 1861 144 33 French
1196 1861 154 39 Islands,
1384 1861 47 44 by
1457 1861 63 32 the
1551 1860 151 43 English
1808 1834 84 33 hid)
1915 1833 13 81 h
1928 1833 14 81 i
1942 1833 14 81 i
1956 1833 14 81 i
1994 1833 4 81 '
2009 1881 19 31 d
2036 1879 6 32 i
2050 1881 20 32 d
2104 1833 2 81 '
2541 1876 193 32 Secretary
2753 1870 59 33 for
2828 1880 46 22 an
2891 1876 157 32 answer,
3076 1864 37 35 if
3386 1869 6 30 i

358 1915 176 40 cruisers,
568 1915 58 34 the
661 1917 168 34 Planters
857 1917 46 34 of
934 1918 226 44 Martinique
1180 1918 91 32 have
1298 1918 91 33 been
1409 1917 133 34 unable
1565 1922 37 27 to
1620 1917 83 32 send
1769 1889 7 71 I
1776 1889 7 71 l
1783 1889 7 71 l
1791 1889 7 71 i
1798 1889 8 71 t
1806 1889 8 71 e
1814 1889 8 71 •
1827 1886 6 74 t
1833 1886 7 74 i
1840 1886 7 74 l
1847 1886 7 74 v
1854 1886 7 74 t
1867 1907 11 52 .
1878 1907 11 52 e

1893 1939 38 22 re
1950 1892 19 69 n
1969 1892 20 69 e
1989 1892 40 69 at
2041 1938 50 21 ire
2100 1886 11 74 l
2111 1886 11 74 i
2121 1886 11 74 l
2132 1886 11 74 l
2143 1886 22 74 ot
2165 1886 22 74 re
2187 1886 12 74 l
2199 1886 24 74 :l
2223 1886 12 74 i
2235 1886 12 74 r
2246 1886 12 74 ‘
2258 1886 12 74 h
2270 1886 12 74 s
2283 1926 65 32 but
2348 1931 60 26 vet
2424 1876 12 79 i
2435 1876 24 79 ht
2459 1876 24 79 le
2483 1876 35 79 tho
2518 1876 13 79 .
2532 1919 122 46 thought
2669 1919 35 34 th
2709 1930 20 24 e
2713 1907 7 6 .
2748 1915 141 46 subject
2904 1916 203 44 importaut

361 1971 102 34 their
480 1972 107 34 stock
604 1980 37 27 to
660 1974 287 46 market--they
964 1974 96 35 have
1080 1976 89 32 been
1181 1975 208 44 compelled
1407 1981 37 27 to
1460 1981 98 26 store
1574 1974 41 40 it,
1635 1972 70 34 and
1766 1976 142 43 enough
1930 1983 39 26 to
1984 1977 120 32 deserv
2106 1938 20 69 e
2126 1938 21 69 i
2147 1975 54 33 his
2219 1961 198 46 attention.

361 2027 33 35 it
426 2028 28 34 is
481 2035 80 34 not,
598 2031 180 45 perhaps,
806 2037 67 28 too
895 2031 104 35 much
1036 2037 39 28 to
1106 2043 80 33 say,
1212 2031 83 34 that
1316 2031 63 33 the
1413 2031 239 33 warehouses
1671 2031 33 32 in
1817 2034 78 33 The
1919 2031 89 34 Earl
2027 2031 43 33 of
2086 2031 72 33 !AY
2171 2041 50 24 en
2235 2039 112 25 POOL
2376 2026 120 34 Would
2516 2029 77 35 not,
2617 2028 39 30 at
2680 2022 63 35 the
2763 2024 143 41 present
2935 2020 176 38 moment,

363 2085 231 46 Martinique
614 2094 90 28 must
728 2091 189 43 probably
935 2091 146 33 contain
1098 2089 61 33 the
1179 2089 163 44 produce
1361 2088 45 33 of
1426 2087 100 41 four,
1557 2087 87 43 five,
1665 2099 41 21 or
1768 2080 83 43 give
1870 2092 71 24 any
1959 2089 144 24 answer
2133 2086 35 27 to
2196 2081 64 30 the
2289 2074 256 37 observations
2563 2072 106 34 made
2699 2073 46 40 by
2779 2078 8 22 t
2796 2070 20 32 h
2818 2080 18 19 e
2858 2066 123 34 Noble
3000 2065 110 33 Lord

356 2143 64 33 six
439 2153 122 34 years.
615 2145 64 33 All
702 2146 71 33 this
789 2147 176 44 quantity
985 2146 78 34 will
1088 2156 83 25 now
1192 2146 46 34 be
1261 2146 183 40 released,
1470 2145 71 34 and
1561 2146 142 43 poured
1769 2128 106 40 They
1897 2138 99 24 were
2016 2137 97 25 mere
2130 2133 135 27 matter
2282 2124 44 34 of
2347 2127 209 34 argument,
2581 2119 69 35 and
2678 2117 124 37 would
2831 2113 184 46 probably
3035 2113 72 32 find

360 2197 80 37 into
465 2199 66 34 the
560 2202 151 43 English
730 2203 334 34 market.—What
1082 2207 96 28 must
1204 2204 45 31 be
1270 2202 64 32 the
1361 2202 201 34 inevitable
1578 2212 128 22 conse-
1767 2186 22 22 a
1813 2176 105 45 place
1939 2177 34 32 in
1991 2176 61 33 the
2065 2174 200 33 discussion
2282 2172 156 33 relative
2456 2176 37 27 to
2511 2167 269 48 thecampaigo
2793 2165 33 31 in
2842 2163 131 45 Spain,
2987 2160 87 34 whit
3087 2161 21 30 it

357 2267 142 33 (pence
513 2257 110 34 I—lf
648 2259 105 33 there
781 2270 77 24 was
891 2259 129 33 before
1041 2270 22 22 a
1082 2257 97 45 glut,
1206 2259 78 33 will
1313 2265 63 27 nut
1394 2259 86 33 such
1499 2270 24 22 a
1543 2258 163 45 produce
1773 2224 117 32 wolild
1912 2224 90 33 take
2017 2223 104 44 place
2134 2232 46 22 on
2196 2220 142 43 Friday
2355 2223 105 30 next.

528 2326 81 22 now
625 2316 100 33 little
742 2317 123 34 better
883 2319 89 32 than
989 2328 24 22 a
1033 2317 100 33 weed
1154 2316 148 34 ?—The
1333 2315 139 38 Dutch,
1500 2316 28 33 it
1548 2315 28 32 is
1607 2315 98 39 said,
1818 2280 96 33 Lord
1937 2281 93 32 Gar,
2040 2289 25 24 y
2083 2278 59 33 did
2164 2284 61 27 not
2245 2277 90 34 look
2355 2285 46 22 on
2417 2274 63 32 the
2499 2269 252 37 observations
2773 2278 22 20 w
2811 2265 83 33 Welt
2917 2265 21 32 h
2939 2265 22 32 i
2961 2265 22 32 d
3018 2267 67 30 h•a
3085 2267 22 30 m

358 2311 154 34 become

1769 2328 106 34 ,Trade
1889 2339 39 22 as
1948 2337 99 22 mere
2072 2331 132 28 matter
2222 2326 45 34 of
2284 2327 204 40 argument.
2518 2319 67 34 and
2617 2317 181 44 regretted
2822 2317 76 27 that
2923 2314 80 41 tiwy
3030 2311 18 32 h
3047 2311 18 32 l
3065 2311 35 32 ,l

358 2370 178 44 annually
555 2370 90 34 burn
663 2372 103 33 their
780 2373 135 44 spices,
943 2379 19 26 t
961 2379 19 26 o
1002 2378 21 39 p
1023 2378 111 39 reven
1134 2378 22 39 t
1182 2383 44 21 an
1244 2382 22 22 o
1266 2370 300 34 ver-abundance
1586 2372 37 33 in
1642 2373 64 32 the
1768 2382 60 27 not
1848 2375 92 34 been
1956 2374 203 35 answered.
2213 2370 216 43 Objecting,
2458 2379 40 22 as
2528 2367 41 34 he
2598 2366 79 38 did,
2706 2370 38 26 to
2766 2365 61 30 the
2852 2360 118 32 ..kit-It•
2991 2357 43 31 ..r
3048 2361 51 28 ttve
3099 2361 13 28 ,

361 2426 163 35 market.
578 2427 211 45 Something
804 2430 44 32 of
872 2430 63 32 the
961 2439 98 24 same
1095 2430 87 32 kind
1212 2430 77 33 will
1328 2439 80 22 now
1446 2430 45 32 he
1507 2437 195 37 necessary
1769 2430 118 32 treaty
1907 2419 44 38 of
1964 2422 158 33 alliance
2148 2419 198 35 concluded
2370 2417 91 40 with
2481 2415 63 33 she
2559 2413 188 35 shadows,
2764 2418 59 24 not
2843 2413 59 26 tn..
2923 2419 6 19 I
2941 2417 170 33 ere-i.e.

3369 2430 4 19 ,
3402 2430 12 18 s

361 2481 92 33 with
472 2490 143 38 respect
635 2491 38 27 to
702 2485 63 33 the
787 2486 149 41 English
959 2485 172 35 Colonial
1160 2485 177 44 produce.
1393 2485 131 43 What,
1551 2485 38 33 in
1609 2485 96 41 fact,
1769 2471 132 35 wives
1932 2469 45 34 of
2006 2479 151 33 power;
2194 2467 76 33 still
2306 2466 41 32 he
2378 2463 161 41 thought
2572 2461 63 32 the
2653 2458 135 34 article
2809 2456 149 43 poiinea
2979 2460 59 24 alit
3061 2454 50 41 by

361 2537 32 33 ii
407 2545 35 26 to
464 2541 150 33 become
631 2541 44 34 of
690 2542 63 33 the
768 2543 175 44 surplus?
996 2543 130 34 Every
1144 2554 67 21 tune
1230 2543 38 33 in
1289 2542 56 35 his
1372 2554 190 31 eagerness
1583 2548 38 26 to
1638 2541 63 34 sell
1770 2519 54 32 his
1863 2518 120 33 Noble
2010 2516 128 33 Friend
2172 2513 156 34 entitled
2362 2520 39 26 to
2434 2520 44 24 an
2509 2507 182 34 increasea
2722 2505 150 44 portion
2900 2502 45 32 or
2978 2502 136 33 lihtne.

1775 2565 207 33 Ferdinand
2006 2563 98 35 VII.
2127 2572 74 24 was
2215 2557 293 44 acknowledged
2537 2556 35 33 in
2601 2556 27 32 it
2657 2554 61 32 the
2746 2552 86 40 only
2855 2548 197 41 Sovereign
3072 2551 39 28 of

363 2595 78 34 will
469 2598 221 38 necessarily
718 2598 198 34 under-sell
935 2598 175 40 another,
1143 2598 60 33 the
1232 2609 190 33 necessary
1454 2608 252 35 consequence

669 2594 5 64 •
1809 2624 74 21 nin
1770 2615 35 43 Si
1834 2614 24 32 i*
1891 2639 7 7 .
1955 2611 85 33 Had
2070 2610 80 34 then
2181 2611 56 32 his
2259 2606 193 47 .Majesty's
2476 2604 183 34 Ministers
2676 2598 181 35 admitted
2884 2598 60 32 the
2970 2594 142 45 justice

361 2659 91 28 must
464 2654 61 40 be,
552 2655 81 34 that
648 2656 66 33 the
733 2661 149 38 greater
901 2661 83 39 part
1003 2655 44 34 of
1064 2656 100 33 them
1182 2656 77 33 will
1281 2657 45 31 he
1346 2656 142 34 mined.
1770 2661 44 32 of
1835 2657 247 47 Bonaparte's
2102 2657 259 45 rrneeetlivg:
2393 2653 70 34 had
2481 2653 87 43 they
2601 2646 154 38 sane:int
2754 2646 19 38 -
2773 2646 39 38 ea
2830 2647 60 31 the
2910 2642 119 35 forced
3056 2653 39 26 re
3094 2653 20 26 r

411 2709 130 35 Under
557 2712 139 33 certain
715 2713 280 34 circumstances
1015 2712 132 45 plenty
1168 2712 28 33 is
1215 2718 35 26 to
1261 2713 48 31 be
1332 2712 154 40 wished,
1506 2712 63 33 hut
1592 2712 115 33 under
1770 2709 180 40 signatinn
1970 2707 45 33 of
2042 2707 61 33 the
2131 2705 90 40 aged
2243 2705 70 32 and
2335 2702 231 33 unfortunate
2588 2696 158 35 Charles
2772 2695 11 32 I
2797 2693 72 32 V.:
2928 2691 46 32 /V-
2996 2696 33 26 to
3050 2688 65 34 the

360 2767 143 39 others,
534 2769 28 33 it
582 2769 27 33 is
622 2770 155 44 equally
795 2770 149 33 ruinous
958 2769 89 33 both
1063 2774 41 27 to
1124 2769 63 34 the
1211 2769 151 33 Planter
1376 2769 70 33 end
1467 2776 37 26 to
1524 2769 64 33 the
1607 2769 100 33 Pub-
1727 2738 5 76 I
1770 2758 109 31 losses
1899 2754 183 34 sustained
2109 2756 46 40 by
2176 2763 69 22 oar
2263 2761 120 32 army,
2407 2750 43 32 he
2477 2746 181 41 certainly
2680 2741 154 41 thought
2856 2738 87 43 they
2965 2740 146 40 greatly

361 2826 67 34 lic.
485 2828 38 33 It
554 2828 27 33 is
615 2828 149 34 ruinous
788 2833 38 28 to
855 2828 64 34 the
953 2828 169 39 Planter,
1162 2828 154 33 because
1346 2828 64 32 the
1439 2828 103 44 price
1573 2826 44 33 of
1642 2828 65 32 the
1769 2803 183 34 exceeded
1981 2803 64 33 the
2070 2807 146 26 amoant
2238 2799 109 41 given
2378 2798 34 32 in
2446 2794 63 35 the
2545 2798 139 48 returns
2712 2800 46 21 on
2790 2789 60 32 the
2883 2786 113 33 table.
3051 2783 64 38 11e
3356 2813 6 7 ,

1773 2851 138 33 wished
1930 2857 38 26 to
1988 2850 93 32 have
2098 2859 45 21 an
2161 2854 157 28 account
2337 2844 43 34 a
2394 2844 102 34 those
2515 2838 181 35 sustained
2718 2838 48 41 by
2781 2845 67 22 our
2867 2841 129 34 troops
3012 2841 102 24 since

361 2881 126 37 whole
522 2884 30 33 is
575 2882 111 47 jured
728 2884 51 45 by
811 2890 66 28 too
905 2890 103 37 great
1035 2895 24 22 a
1085 2885 161 43 surplus.
1304 2885 122 40 Every
1442 2894 67 25 one
1530 2884 80 33 will
1631 2885 73 41 buy
1773 2898 85 35 they
1891 2898 71 33 had
1995 2896 152 34 reached
2177 2906 70 24 our
2277 2904 85 21 own
2395 2891 144 34 shores.
2594 2883 215 38 Exhausted
2832 2881 91 33 with
2953 2880 161 43 fatigue,

360 2946 41 28 at
420 2940 56 34 his
494 2952 86 22 own
600 2943 102 41 price
718 2942 122 34 where
855 2942 106 33 there
977 2952 65 22 are
1068 2952 103 24 more
1193 2942 27 32 w
1220 2942 27 32 h
1247 2942 28 32 o
1294 2948 96 26 want
1413 2947 37 27 to
1470 2941 64 34 sell
1557 2941 90 33 than
1663 2941 43 33 he
1770 2947 67 33 and
1864 2946 135 34 wasted
2019 2944 47 33 by
2086 2944 156 39 disease,
2269 2950 113 24 every
2406 2939 76 32 day
2499 2937 98 33 since
2622 2934 99 34 their
2743 2939 119 25 return
2884 2927 60 33 the
2968 2926 146 34 funeral

364 3004 116 28 wants
513 3004 41 28 to
588 2999 191 44 buy—and
823 2999 77 34 this
934 2999 190 34 excessive
1165 2999 215 34 abundance
1423 2999 27 33 is
1491 2998 214 34 ultimately
1772 2995 72 33 bell
1869 2993 66 35 had
1956 2991 115 35 tolled
2086 3001 86 24 over
2189 2989 102 33 their
2306 2996 162 33 corpses.
2520 2983 119 33 These
2657 2991 97 24 were
2773 2979 63 31 the
2850 2983 267 35 consequences

360 3056 155 45 equally
535 3056 180 46 injurious
733 3061 37 28 to
789 3056 63 35 the
874 3056 146 40 Public,
1057 3057 155 33 because
1248 3057 60 32 the
1339 3056 213 33 abundance
1570 3056 47 33 of
1639 3067 67 22 one

1770 3043 45 32 of
1830 3043 61 33 the
1916 3043 77 33 late
2029 3038 204 45 imprudent
2269 3035 71 33 and
2375 3030 228 38 ill-directed
2629 3027 196 44 camintien
2844 3037 9 24 ;
2883 3022 102 33 these
3018 3030 100 25 were

360 3120 128 26 season
516 3115 77 32 will
624 3115 45 34 he
698 3115 215 34 invariably
934 3113 177 34 followed
1144 3115 46 31 by
1212 3115 63 32 the
1292 3115 161 43 scarcity
1474 3115 43 32 of
1531 3113 178 33 others—
1737 3069 2 89 •
1772 3091 110 32 losses
1899 3090 41 32 of
1956 3087 123 33 which
2099 3097 45 24 no
2160 3083 259 45 computation
2443 3090 74 25 was
2535 3079 106 44 given
2661 3076 35 34 in
2717 3076 61 32 the
2800 3081 135 34 papers
2954 3079 63 22 nos
3054 3069 64 34 be-

3413 3094 4 21 -1

1772 3136 83 35 fore
1872 3137 61 34 the
1954 3136 141 34 House.
3369 3136 4 35 .

144 3170 2 43 •
361 3178 111 34 many
488 3171 80 33 will
596 3171 169 34 abandon
784 3182 22 24 a
835 3171 224 34 cultivation
1082 3170 125 34 which
1243 3171 87 34 they
1365 3175 135 31 cannot
1531 3171 176 34 continue

1824 3193 93 34 Lord
1941 3193 237 34 BucKINGII
2191 3198 17 24 A
2222 3197 79 24 Still
2313 3195 73 24 Inc
2411 3182 119 35 called
2564 3190 97 35 upon
2681 3178 63 33 the
2765 3175 125 37 Noble
2911 3174 198 39 Secretary
3406 3174 4 53 i

363 3236 30 22 w
406 3226 122 37 ithout
549 3227 61 35 the
630 3234 176 39 prospect
819 3228 46 35 of
878 3230 98 32 ruin.
1770 3248 39 27 to
1828 3242 145 33 declare
1996 3239 165 33 whether
2180 3239 107 31 there
2314 3231 144 35 e::isted
2478 3241 72 31 any
2571 3227 137 44 around
2737 3223 45 34 of
2791 3221 190 46 objection
3001 3226 37 26 to
3060 3221 61 31 ale

411 3283 115 45 Upon
544 3285 99 34 these
657 3287 311 41 considerations,
994 3295 56 25 we
1070 3291 92 28 must
1186 3295 110 34 palm*
1315 3283 130 35 before
1465 3295 56 25 we
1538 3285 171 34 consider
1770 3291 104 32 John
1890 3286 219 40 Craddock,
2134 3283 120 34 which
2275 3278 142 48 appear
2417 3278 48 48 ed
2497 3283 39 26 to
2557 3276 44 33 be
2621 3272 43 46 im
2663 3272 21 46 p
2685 3272 89 46 lied
2794 3272 21 41 b
2816 3272 21 41 y
2861 3270 61 33 the
2939 3268 22 43 a
2961 3268 45 43 pp
3006 3268 116 43 oint-

3378 3267 7 17 4

361 3340 64 32 the
442 3346 176 40 conquest
644 3343 45 33 of
713 3343 231 45 Martinique
961 3354 39 21 as
1018 3354 22 21 a
1072 3343 110 43 thing
1198 3343 43 33 of
1265 3352 76 33 any
1362 3343 129 43 public
1509 3343 129 39 value,
1665 3353 44 22 or
1773 3344 94 27 meat
1886 3335 44 33 of
1944 3337 60 32 Sir
2023 3335 47 32 A.
2098 3331 195 41 Wellesley
2316 3335 35 26 to
2367 3327 60 34 the
2443 3322 104 37 chief
2561 3320 190 38 command
2771 3319 33 33 in
2828 3314 191 45 Portugal.

1818 3385 81 33 The.
1920 3384 85 33 Earl
2027 3381 44 32 of
2088 3380 261 33 [AYE:krone
2368 3372 182 35 admitted
2577 3370 61 33 the
2657 3377 163 30 courage
2836 3366 70 33 and
2921 3363 139 40 ability
3080 3357 45 35 of

364 3398 169 43 political
556 3399 240 44 importance.
849 3400 57 33 To
926 3410 53 31 us,
999 3400 145 40 indeed,
1168 3410 93 32 upon
1284 3399 63 34 the
1367 3400 74 33 first
1469 3409 239 34 appearance

361 3454 45 32 of
420 3452 133 45 things,
589 3456 27 33 it
641 3467 113 24 seems
780 3456 128 34 rather
926 3469 22 21 a
965 3461 175 41 conquest
1168 3456 87 33 than
1276 3467 45 22 an
1339 3456 240 46 acquisition.
1638 3456 69 33 We
1774 3435 58 32 Sir
1857 3432 99 32 John
1976 3428 213 38 Craddock,
2225 3436 58 21 ant
2730 3428 13 32 1

2287 3426 12 31 I
2334 3419 209 37 vindicated
2580 3418 60 34 the
2673 3415 279 45 rii»uintment,
2980 3420 45 24 on
3056 3410 65 33 the

361 3519 66 24 are
437 3521 115 34 open,
569 3511 188 43 however,
777 3519 37 27 to
829 3513 227 39 conviction,
1070 3513 72 34 and
1165 3513 32 32 if
1212 3511 59 34 the
1289 3511 100 34 \Vest
1410 3511 107 34 India
1534 3511 172 34 Planters
1770 3481 137 45 ground
1928 3477 44 34 of
1985 3478 59 32 his
2065 3475 154 44 Majestv
2242 3485 14 19 s
2277 3469 248 46 prerogative.

365 3575 60 24 are
441 3568 180 41 satisfied,
647 3579 57 24 we
716 3568 96 35 shall
833 3569 97 34 have
948 3569 152 45 nothing
1121 3569 142 33 farther
1284 3578 34 25 to
1336 3580 79 34 say.

5 3602 5 28 r
172 3602 5 28 ,
1739 3602 6 14 I

1457 3617 17 34 I
1486 3626 20 24 N
1517 3625 22 26 D
1547 3624 72 27 ICT
1625 3625 30 26 S.
2152 3628 177 43 fIOUSF.
2362 3625 66 40 OF
2459 3621 120 41 COM
2580 3620 161 41 MONS.
3129 3600 31 9 ,_

3366 3553 4 222 •
3381 3553 20 222 1

1168 3679 92 13 .....
2979 3666 4 26 •
3046 3666 6 4 .
3073 3666 2 26 .
3128 3666 4 26 .

5 2907 9 891 5
150 2907 12 891 i
162 2907 13 891 (
175 2907 13 891 '
189 3736 28 25 !,
633 3723 322 50 IMPERIAL
986 3723 294 46 PARLIAM
1291 3722 150 45 ENT.
2356 3707 107 20 .........
2464 3707 12 20 m
2476 3707 72 20 ....—.
2567 2907 2 891 .
3133 3698 7 11 .

5 3771 11 32 i
2233 3749 194 46 Tuesday,
2461 3744 123 48 April
2606 3745 59 35 11.
3052 3744 4 59 •
3141 3744 2 59 ,

202 3802 14 17 ,
943 3795 171 22 —....m.--

5 3831 13 28 t
785 3831 176 41 HOUSE
996 3833 69 38 OF
1093 3831 190 40 LORDS.
1585 3819 4 54 .
1826 3826 58 35 Nu
1903 3823 164 35 business
2086 3819 41 37 of
2143 3820 244 45 importance.
3144 3819 4 54 .

5 3875 14 41 li
960 3906 157 11 ----
2366 3875 175 33 --asio.--•

196 3930 8 17 k
213 3937 6 8 ..

5 3930 17 73 Y
827 3953 170 50 Fridey,
1026 3954 125 47 april
1174 3956 60 39 14,
2191 3934 268 47 Wednesday,
2489 3930 128 47 April
2650 3931 60 35 12.

5 4007 20 25 ti

5 4045 22 40 d
413 4015 94 37 Lord
527 4018 167 37 Avrtr..A.
694 4022 59 32 we
755 4028 81 28 ND
837 4020 152 34 wished
991 4026 66 27 to
1058 4020 142 33 make
1201 4030 142 24 some
1344 4020 259 40 observations,
1604 4018 103 37 which

1824 4009 74 35 Mr.
1918 4007 203 37 Alderman
2133 4005 54 35 Co
2198 4013 24 22 m
2233 4012 22 26 n

359 4064 129 34 -would
507 4067 86 34 tend
614 4074 18 27 t
632 4074 19 27 o
669 4069 40 34 el
709 4069 41 34 uc
750 4069 104 34 idate
872 4069 64 33 the
1778 4057 54 35 ful
1852 4059 61 32 the
1935 4056 197 43 Company
2153 4052 41 33 of
2212 4052 184 35 Butchers
2422 4046 41 34 of
2489 4046 64 33 the
2584 4044 85 43 City
2699 4043 44 33 of
2778 4042 24 38 L
2802 4042 24 38 o
2825 4042 24 38 n
2849 4042 96 38 don,
2980 4036 21 44 g
3001 4036 86 44 enet
3393 4033 9 70 1

950 4067 141 46 subject
1116 4068 45 32 of
1183 4069 64 33 the
1269 4067 143 35 motion
1433 4067 206 46 postponed
1661 4068 47 33 by
2264 4010 21 26 e:
2306 3997 189 50 presented
2513 4007 24 24 a
2559 3994 164 37 Petition
2740 3994 96 33 from
2857 3990 63 35 the
2935 3985 182 47 Worship
3117 3985 26 47 ,

5 4042 26 117 11
369 4110 56 34 his
442 4111 122 37 Noble
586 4114 151 44 Friend,
768 4117 97 34 Lord
891 4117 118 41 Grey,
1044 4121 35 27 to
1104 4115 139 44 Friday
1265 4120 105 31 next.
1424 4115 59 34 He
1505 4116 123 34 would
1649 4121 63 28 not
3116 4042 27 45 .4

1778 4106 144 43 against
1941 4106 59 33 the
2021 4100 165 37 removal
2212 4098 45 35 of
2284 4096 210 37 Smith6eld
2513 4090 347 40 Market.—Read,
2890 4088 73 33 and
2981 4085 118 34 ordere
3100 4045 12 103 n
3113 4045 2 103 0

381 4168 73 35 on;
468 4170 146 37 occupy
635 4165 60 32 the
711 4165 184 34 attention
922 4163 46 33 of
983 4165 61 33 the
1063 4161 146 43 Howe,
1234 4162 67 34 and
1320 4173 43 25 as
1382 4160 58 38 his
1456 4165 257 33 observations
1781 4160 41 31 to
1841 4153 51 34 lie
1913 4162 46 25 on
1978 4152 65 34 the
2061 4150 118 33 table.

366 4209 102 32 were
487 4217 208 39 unexpecte
698 4212 21 35 d
722 4237 14 21 ,
765 4212 21 35 h
793 4224 19 24 e
830 4222 84 25 wou
917 4211 39 37 ld
974 4221 43 25 no
1023 4217 12 27 t
1050 4221 89 34 requ
1146 4212 7 31 i
1161 4221 40 25 te
1218 4220 18 26 e
1241 4212 7 31 i
1257 4218 11 27 t
1273 4209 19 34 h
1297 4219 41 27 er
1355 4221 46 25 an
1419 4212 7 31 i
1434 4221 91 25 mme
1527 4211 34 35 di
1567 4218 79 32 ate,
1672 4221 44 26 or
2316 4194 43 38 T.

14 4256 6 7 .
917 4211 39 37 ld

2378 4201 78 26 was
2469 4191 90 35 read
2570 4199 26 26 a
2613 4186 103 37 third
2733 4188 89 34 time
2842 4183 70 38 and
2929 4179 152 53 passed.

3314 4322 38 5 ..._

2942 4335 119 12 ---
