3425 4441
219 59 98 48 244

718 217 53 33 Cd
783 226 48 24 1.0
846 226 84 27 CL
958 226 137 27 OGLE.

279 268 102 35 Lord
402 270 236 39 FOLKSTON
650 285 21 25 E
691 278 234 41 represented
948 279 74 33 him
1042 289 39 22 as
1098 283 64 28 not
1180 279 89 44 only
1285 276 122 46 guilty
1426 272 43 37 of
1481 270 104 37 fraud

231 318 37 32 in
287 317 56 34 his
356 328 190 33 accounts,
573 326 40 31 at
632 333 24 22 a
669 322 133 46 period
822 324 104 34 when
947 326 43 31 he
1010 327 175 32 obtained
1201 337 24 24 a
1243 327 111 32 letter
1371 322 45 34 of
1441 321 143 34 service

231 363 63 35 for
311 366 64 34 the
394 367 139 45 raising
548 369 44 33 of
606 380 21 22 a
647 370 100 44 levy,
764 372 61 32 but
841 373 78 32 also
935 373 45 33 of
991 372 148 46 forgery
1157 374 33 32 in
1208 373 61 34 the
1284 372 161 44 receipts
1461 379 25 22 w
1499 369 84 34 high

233 412 47 34 he
295 424 98 31 gave
409 426 51 24 on
472 416 80 34 that
573 417 175 34 business.
780 420 58 32 To
857 420 100 33 there
976 422 155 45 charges
1143 420 180 41 officially
1343 418 86 37 filed
1443 417 141 44 against

233 458 77 38 him
331 462 48 41 by
403 462 64 32 the
487 464 170 37 Attornev
657 464 21 37 ,
678 464 171 37 (ieneral
870 468 35 33 in
930 468 105 41 1801,
1050 469 43 38 he
1111 469 71 35 had
1204 468 155 45 pleaded
1371 472 61 27 not
1446 463 139 45 guilty,

233 508 66 33 but
318 508 227 38 afterwards
567 523 25 21 w
605 513 157 34 ithdrevr
778 515 77 34 that
872 516 102 44 plea,
993 519 69 32 and
1082 515 260 45 consequently
1361 513 106 34 stood
1487 522 99 33 upon

231 556 73 35 the
317 556 145 45 footing
474 559 45 34 of
534 559 66 34 full
622 572 89 24 copy
719 563 128 33 iction.
904 565 71 33 Not
987 566 257 41 withstanding
1259 562 74 35 this
1352 562 61 33 the
1429 560 157 45 pending

235 605 248 45 proceedings
501 608 148 43 against
663 609 72 34 hint
759 621 26 21 w
796 621 61 22 ere
875 614 292 41 unaccountably
1188 611 176 46 stopped,
1381 608 71 35 and
1472 609 26 32 it
1514 618 73 22 was

239 651 96 34 with
357 652 64 35 the
454 656 93 33 view
580 656 47 33 of
643 658 248 45 astertaining
909 660 59 34 the
991 670 146 26 reasons
1154 659 58 34 for
1228 670 39 24 so
1286 658 113 43 doing
1419 657 80 33 that
1525 654 60 34 the

239 700 130 35 Noble
403 703 96 33 Lord
519 703 109 35 made
646 705 54 33 his
718 710 141 40 present
880 709 157 39 motion,
1064 709 162 38 naniels,
1302 706 99 33 That
1421 706 103 31 there
1544 704 45 32 he

239 748 77 34 laid
338 749 133 35 before
496 751 61 34 the
582 752 125 34 House
724 764 22 22 a
764 764 92 34 cop
878 756 43 32 of
934 756 60 32 the
1017 755 239 34 information
1274 755 85 33 filed
1376 754 35 33 in
1429 752 56 33 his
1505 752 54 33 Ma-

231 794 142 47 jesty's
394 797 116 35 Court
527 800 44 33 of
589 794 129 50 King's
741 800 120 35 Bench
880 803 48 32 by
948 803 64 33 the
1035 801 379 45 Attorney-General,
1444 800 141 44 against

239 842 105 37 John
364 846 117 50 Ogle,
506 848 85 44 Esq.
614 849 34 32 in
669 849 60 32 the
744 854 90 38 year
854 842 67 53 1540
938 842 18 53 a
972 842 34 53 or
1028 849 105 43 ISOI,
1163 848 171 46 together
1351 848 93 35 with
1465 859 45 24 an
1528 859 40 24 ac-

241 899 115 27 count
374 892 46 35 of
433 895 61 33 the
511 905 224 37 consequent
755 892 97 48 legal
872 899 240 44 proceedings
1131 895 188 35 therein.''

292 939 79 35 Mr.
393 940 100 37 Yon
506 952 59 26 at;
578 944 70 33 and
667 943 60 34 the
744 941 94 38 Cit.t
852 956 19 22 N
881 956 111 25 CELL
992 956 28 25 O
1033 950 21 30 k
1075 945 44 34 of
1133 946 60 34 the
1215 946 282 38 Eicra-.QvEtt
1517 943 72 34 had

240 994 50 27 net
304 985 195 50 objection
516 997 40 28 to
585 992 61 33 the
669 992 117 33 Noble
809 990 125 37 Lord's
954 993 138 34 motion
1111 993 59 34 for
1189 993 61 33 the
1273 992 158 45 Papers.
1483 991 105 44 '['hey

244 1037 207 34 contended
477 1038 84 34 that
592 1039 60 34 the
672 1041 92 33 bond
797 1042 41 32 of
872 1035 161 41 MAIM.
1063 1042 123 33 which
1209 1042 86 34 Col.
1319 1041 96 44 Ogle
1435 1038 71 34 had
1530 1048 40 24 en-

244 1084 104 33 tered
371 1085 79 33 into
469 1085 58 34 for
542 1087 63 33 the
621 1087 295 35 reimbursement
935 1089 46 33 of
996 1089 63 34 the
1074 1089 128 45 public
1217 1094 146 38 Money,
1382 1088 70 32 and
1469 1087 120 33 which

246 1137 38 28 at
322 1139 146 38 present
482 1134 148 33 existed
647 1141 35 26 at
704 1134 63 34 the
803 1135 87 34 War
917 1136 133 41 Mire,
1081 1148 73 24 was
1180 1147 24 24 a
1222 1135 217 35 reasonable
1452 1134 141 40 ground

244 1179 182 35 whetena
445 1186 39 28 Id
502 1186 73 31 test
589 1192 24 24 a
630 1185 209 41 suspension
857 1183 44 33 of
915 1183 146 34 further
1082 1183 255 47 proceetlings.
1390 1181 91 37 This
1496 1181 97 34 bond

247 1237 79 25 was
350 1228 215 44 equivalent
592 1234 39 28 to
657 1241 71 21 any
746 1231 72 33 tine
849 1232 119 32 which
996 1232 61 33 the
1085 1233 118 34 Court
1237 1231 45 34 of
1310 1230 130 43 King's
1470 1228 122 34 Bench

246 1284 90 37 may
364 1276 157 44 impose,
544 1277 72 33 and
652 1279 122 33 would
794 1280 45 32 be
869 1278 198 35 cimverted
1101 1285 38 31 to
1169 1279 107 35 other
1311 1283 181 43 purpuse3
1509 1277 85 34 than

250 1322 126 35 would
406 1324 64 32 the
490 1324 86 34 fine-
592 1325 162 44 imposed
775 1326 50 44 by
844 1326 78 34 that
943 1329 133 33 Court.

298 1370 84 35 The
406 1371 119 34 Noble
552 1372 128 34 Lord's
693 1374 143 33 motion
865 1380 71 30 Was
956 1376 91 33 then
1065 1381 64 39 put
1148 1375 69 33 ;tad
1232 1372 135 45 agreed
1387 1378 56 28 to:

298 1419 99 34 Lord
415 1419 298 37 FOI:Kr.s-roNy:
729 1421 86 34 then
843 1422 145 34 further
1007 1424 128 33 moved
1157 1422 59 33 for
1235 1423 63 33 the
1317 1420 226 46 produCtion
1559 1420 44 34 Of

247 1467 89 35 such
351 1467 128 33 letter.
496 1467 94 33 from
614 1465 157 38 Colonel
793 1470 96 43 Ogle
907 1478 35 27 to
960 1472 65 33 the
1048 1467 91 38 War
1165 1470 117 34 Office
1315 1480 41 22 as
1389 1468 141 35 related
1560 1475 35 26 to

250 1515 53 32 his
322 1514 242 43 apptiention
588 1514 60 35 for
664 1528 22 21 a
707 1518 209 34 settlement
934 1517 46 35 of
1004 1518 56 34 his
1077 1524 176 31 accounts
1270 1518 72 33 and
1359 1518 59 32 the
1436 1526 162 24 answers

241 1561 165 33 thereto.:

296 1611 77 32 Air.
412 1609 96 35 Yon
519 1613 26 31 x
556 1615 38 35 r!,
625 1613 201 43 proposed,
860 1623 39 25 as
927 1624 47 24 an
1003 1615 193 33 6mendent
1225 1617 39 31 to
1302 1612 89 41 thls,
1423 1616 41 31 to
1509 1611 87 41 add,

249 1657 28 21 44

296 1658 72 34 and
387 1659 80 33 also
485 1658 52 34 all
559 1659 64 32 the
645 1662 236 45 proceedings
896 1661 46 34 of
956 1662 64 33 the
1042 1662 90 35 War
1146 1662 133 41 Office;
1299 1661 93 33 with
1411 1659 185 34 reference

250 1708 39 31 to
309 1706 87 33 Col.
417 1706 130 39 Ogle's
561 1719 39 20 ar

301 1754 60 33 Sit
376 1753 41 34 J.
446 1753 85 34 Neu
546 1762 89 37 port
663 1755 130 33 moved
814 1753 57 38 ror
886 1768 24 24 a
932 1766 100 38 copy
1052 1757 44 34 of
1111 1756 61 35 the
1193 1759 162 32 %vafrant
1374 1754 226 45 appointing

254 1801 193 34 Beach:tuft
464 1801 102 39 Hill,
591 1801 89 46 Esq.
698 1809 38 27 to
749 1805 63 32 tle
826 1805 104 34 office
943 1805 45 32 of
1007 1800 190 50 inspector
1213 1804 159 35 General
1383 1804 45 33 of
1444 1804 154 40 Excise,

248 1845 61 38 for
330 1848 78 34 that
431 1856 81 39 part
533 1848 45 34 of
592 1850 61 33 the
674 1851 135 33 United
831 1850 188 46 kingdom
1036 1852 118 35 tailed
1176 1851 164 35 Ireland:
1394 1847 81 38 The
1498 1850 97 34 lion.

291 1902 130 28 ltonet
445 1896 138 34 wished
600 1903 38 27 to
658 1898 109 33 know
788 1900 97 33 what
904 1900 111 34 could
1044 1900 129 34 entitle
1195 1911 24 24 a
1235 1910 83 25 man
1339 1898 85 34 who
1447 1909 74 22 was
1535 1909 43 22 no-

252 1948 53 31 tot
317 1944 37 33 io
358 1956 20 24 u
381 1944 58 44 4y
454 1945 120 41 gdilty
591 1941 46 38 cif
650 1946 276 45 trral-practices
951 1948 38 34 in
1005 1958 47 24 an
1071 1946 155 37 Wainr
1244 1948 120 41 oflice,
1391 1954 37 27 to
1448 1956 124 37 promo-

253 1994 81 32 tion
353 1993 45 33 of
406 2002 44 25 .so
468 1991 289 34 extraordinary
772 2007 22 20 a
814 1988 103 40 kind.

304 2040 78 33 Mr.
407 2039 131 37 Foster
554 2040 72 33 and
653 2042 72 33 Mr,
749 2042 148 35 Croker
922 2043 94 33 both
1037 2043 94 34 horse*
1156 2043 202 43 testimony
1377 2046 38 30 to
1437 2041 60 34 the
1517 2042 61 32 abi-

255 2087 71 44 lity
346 2088 71 34 and
436 2087 69 34 dist
514 2087 185 44 i7ignis:ied
718 2092 159 40 activity
898 2091 45 33 of
964 2092 86 33 that
1067 2092 150 33 Officer.
1273 2091 43 33 If
1331 2091 45 33 he
1395 2091 92 33 took
1509 2089 90 40 freF,

256 2137 27 32 ft
301 2145 77 25 was
396 2141 61 28 not
476 2137 39 32 at
531 2147 25 22 a
572 2137 87 32 time
680 2137 102 34 %%hell
803 2139 26 32 it
847 2148 70 22 was
928 2146 25 26 a
970 2139 149 43 general
1141 2138 170 46 practice
1330 2144 38 27 to
1385 2137 47 33 do
1447 2147 40 24 so
1504 2150 12 26 ;
1544 2137 58 33 for

255 2183 142 43 though
418 2189 172 39 contrary
611 2189 40 27 to
667 2185 60 32 the
754 2186 86 35 Act,
874 2186 27 33 it
938 2196 77 25 WaS
1043 2183 213 38 warranted
1274 2186 47 43 by
1352 2185 63 32 the
1431 2190 168 28 extreme

254 2235 163 39 poverty
437 2225 47 38 of
502 2230 61 34 the
595 2231 168 34 salaries.
817 2231 117 37 Tree
971 2235 72 33 had
1071 2235 87 33 been
1178 2235 97 33 since
1303 2232 136 41 raised,
1465 2230 70 35 and
1553 2242 45 24 no

253 2278 148 33 further
415 2287 135 25 excuse
568 2280 109 33 could
697 2290 83 22 now
855 2282 58 41 ist,
941 2282 66 33 but
1043 2281 105 35 there
1176 2287 73 28 Was
1267 2281 185 44 certainly
1468 2289 46 25 an
1531 2289 45 24 ex-

252 2334 86 26 cise
354 2331 39 27 at
412 2336 24 22 a
454 2326 137 33 former
604 2327 148 41 prriod.

302 2374 60 33 Si'r
397 2373 44 35 J.
470 2373 188 44 Newport
689 2375 138 34 offered
861 2385 99 26 some
994 2376 256 34 otrervations
1283 2376 35 32 in
1339 2378 136 44 rep/3';
1499 2375 98 34 after

253 2421 131 35 *hitt)
402 2424 61 32 the
481 2422 144 33 motion
645 2432 72 25 was
738 2433 80 35 pot,
839 2425 66 33 and
926 2425 138 43 agreed
1083 2422 341 46 to.----Adjoutnetfi

690 2554 83 39 Thu
780 2559 66 32 rsl
943 2556 124 47 .4pril

678 2633 118 25 Lunt,
826 2634 7 19 I
883 2630 280 26 STLEttIIAGII.

301 2674 103 43 tort!
420 2682 273 35 AlitC7/11/41.1)
715 2685 242 33 11AN:111'0N
994 2693 78 22 mse
1101 2689 38 27 to
1172 2683 85 44 give
1289 2685 141 39 notice,
1455 2681 80 34 that
1564 2682 33 33 in

250 2734 254 41 enosequence
522 2732 43 32 of
581 2731 61 34 the
661 2732 105 33 dick
800 2739 79 24 tyre.
895 2731 79 32 that
997 2731 70 32 had
1088 2732 90 32 heti)
1196 2732 107 32 made
1320 2732 34 32 in
1376 2732 61 31 the
1456 2731 138 44 Report

250 2777 46 34 of
330 2779 61 32 the
428 2777 86 35 East
549 2779 106 34 India
673 2779 236 37 Committee,
939 2778 45 32 he
1012 2778 145 41 should,
1186 2791 46 22 On
1269 2785 220 26 toamorrow
1509 2777 71 33 se'n-

248 2825 120 43 bight,
396 2826 141 33 submit
568 2833 39 26 to
627 2829 61 32 the
712 2829 126 32 !louse
855 2836 22 22 a
896 2826 141 32 motion
1058 2829 207 41 respecting
1281 2826 65 34 the
1363 2836 124 28 same;
1514 2826 84 40 and,

248 2883 40 24 as
308 2874 64 33 the
387 2874 222 33 disclosures
632 2882 96 26 were
746 2874 44 33 of
802 2887 40 19 so
862 2874 229 33 valurninnu:,
1111 2884 22 22 a
1152 2877 144 38 nature,
1328 2874 43 33 he
1396 2874 156 40 thought
1571 2872 24 34 it

247 2929 196 37 necessary
470 2921 193 45 distinetry
683 2929 39 26 to
741 2927 110 33 state,
879 2921 77 33 that
977 2931 46 21 on
1044 2921 80 33 that
1142 2922 71 44 day
1235 2922 46 32 he
1298 2922 132 32 should
1450 2921 70 33 call
1538 2921 63 33 the

248 2970 185 34 attention
454 2968 43 34 of
520 2969 64 34 the
751 2974 40 28 to
809 2969 80 33 that
920 2976 84 38 part
1036 2970 233 44 exclusively
1294 2969 159 43 relating
1474 2975 35 27 to
1538 2969 59 33 the

247 3018 161 33 conduct
425 3018 44 33 of
485 3013 96 38 Lord
599 3018 259 41 Castlereagh.

302 3065 99 33 Lord
420 3058 193 43 OSsulstim
632 3065 128 34 moved
780 3064 59 32 for
854 3076 44 21 an
922 3063 158 34 Address
1102 3070 37 28 to
1159 3064 54 33 his
1235 3063 177 46 Majesty,
1443 3063 157 46 praying

248 3112 83 34 that
350 3115 107 32 there
477 3116 44 31 he
539 3115 78 32 laid
634 3111 130 35 before
780 3112 64 33 the
861 3112 125 33 House
999 3122 24 22 a
1043 3120 48 24 rot
1102 3123 61 22 urn
1182 3112 43 33 of
1238 3112 51 33 all
1315 3112 143 35 Places,
1480 3112 118 39 Posts,

248 3161 72 33 And
343 3161 136 33 Offices
511 3159 84 34 held
630 3161 252 43 itnitTediattly
902 3159 94 33 from
1018 3161 61 31 the
1098 3161 152 37 Criwn,
1280 3159 170 34 whether
1469 3161 131 35 during

249 3208 178 45 pleasure
455 3219 45 24 or
530 3208 97 45 good
665 3208 226 38 behaviour,
917 3217 44 21 or
998 3208 47 44 by
1081 3209 201 37 reversion,
1310 3217 44 22 or
1388 3217 71 35 any
1492 3208 107 32 other

249 3259 145 37 tenure,
425 3255 70 35 and
524 3256 118 40 what,
674 3255 165 34 whether
873 3256 35 32 in
943 3256 65 32 the
1045 3255 117 33 !finite
1192 3255 247 43 I)epartment
1468 3266 41 21 or
1537 3254 64 33 the

249 3304 196 40 Colonies,
471 3305 172 40 together
661 3304 91 33 with
774 3305 60 31 the
853 3309 146 33 nature,
1017 3305 109 37 dutv,
1148 3304 69 32 and
1235 3302 157 34 salaries
1408 3302 44 32 of
1466 3304 59 33 the
1544 3313 39 22 re-

247 3351 172 45 spective
436 3351 151 43 Offices,
619 3352 70 33 and
715 3352 61 32 the
803 3350 118 34 duties
946 3350 47 34 of
1011 3350 110 33 .their
1142 3351 146 33 several
1312 3350 239 35 institutions.

249 3398 188 35 Ordered.

1545 4191 60 34 Me

446 3468 171 26 CIIIMSE
674 3465 503 28 rtostsynt:..coLovr,r,
1199 3467 204 26 cottooN,

296 3523 65 35 ,ir
389 3522 206 35 FRANCIS
612 3523 132 35 Ilr,
745 3527 92 32 aorrr,
865 3520 15 43 t
880 3520 15 43 ,
895 3520 92 43 eeisaz
1012 3531 22 21 a
1065 3520 120 34 Noble
1209 3520 96 33 Lord
1338 3520 33 33 in
1402 3520 54 33 his
1476 3513 122 52 'Anse,

246 3572 213 46 expressed.
472 3581 24 24 a
515 3572 92 33 wiih
627 3576 38 28 to
686 3570 110 33 know
828 3568 93 33 from
951 3569 81 32 that
1071 3568 122 34 Noble
1231 3568 112 38 Lord,
1372 3567 34 34 if
1427 3567 97 34 hat
1559 3569 43 32 he

247 3620 76 34 had
340 3620 115 33 heard
474 3618 91 35 with
587 3624 143 38 resport
750 3624 38 26 to
808 3617 63 33 the
888 3615 164 45 disposal
1072 3615 44 34 of
1130 3615 60 34 the
1214 3615 126 45 public
1362 3621 182 39 property
1565 3621 37 28 to

244 3678 48 25 an
314 3666 208 35 individual
554 3677 77 24 was
652 3664 155 35 founded
829 3664 35 34 in
883 3663 98 34 fact.-
1030 3660 81 37 The
1129 3663 269 33 circomstance
1419 3663 45 33 he
1480 3663 122 33 allnd-

244 3716 46 33 eil
308 3722 38 28 to
369 3724 77 25 was
464 3716 73 32 this
552 3726 11 22 :
594 3715 47 33 he
669 3712 70 34 had
758 3711 223 34 understood
1002 3710 79 34 that
1098 3722 22 22 a
1141 3712 151 43 portion
1311 3710 46 33 of
1383 3710 61 34 the
1462 3711 139 44 gronod

244 3764 207 44 belonging
472 3769 38 27 to
541 3762 164 34 Chelsea
735 3758 204 45 Hospital,.
960 3758 79 45 !yin
1046 3770 20 13 ,*
1098 3759 111 43 along
1243 3758 69 33 the
1342 3758 100 34 hank
1473 3756 44 35 of
1543 3759 60 33 the

243 3803 123 50 niver
366 3803 24 50 .
390 3803 174 50 Thames,
591 3809 71 35 and
684 3807 248 47 partkuturly
948 3806 209 34 calculated
1179 3806 58 34 for
1256 3807 61 32 the
1331 3807 61 32 air
1406 3807 70 32 and
1495 3816 107 24 exer-

241 3861 77 35 eise
335 3860 46 35 of
397 3860 63 33 the
478 3859 229 46 pensioners,
736 3855 72 34 had
829 3857 89 31 been
937 3854 118 45 lately
1071 3853 195 46 consigned
1286 3863 90 24 over
1395 3859 38 31 to
1453 3854 64 33 the
1544 3866 59 24 use

241 3908 73 37 and
327 3905 449 58 posseisito,9f..WonV
797 3902 165 34 Gordon,

400 3952 41 51 jr
598 3944 96 118 tiot
693 3944 216 118 ATT7slid,
926 3950 81 34 that
1028 3948 46 34 he
1089 3950 122 33 stotild
1227 3954 224 31 to-morrow
1468 3950 135 34 submit

304 4002 71 38 me/
669 4000 17 9 '

242 4009 41 32 to
685 4000 11 25 1
696 4000 12 25 '

733 4006 57 28 ,un
811 3989 242 64 (6.,subjeet..

324 4052 59 35 Le:
411 4052 41 30 J.;
674 4069 11 14 ,
754 4041 384 65 Ifooiti,\Committee
1162 4055 47 25 on
1233 4045 63 35 the
1320 4042 118 39 Local`,
1461 4046 142 34 Militia

794 4107 34 37 ;re
850 4107 17 44 '1

345 4142 27 31 11
802 4179 6 5 .
857 4141 5 47 ,
918 4150 22 28 n
944 4146 43 31 at
1022 4152 40 22 as
1091 4147 107 38 many
1217 4142 182 37 rOuntirs,
1419 4147 63 28 not
1509 4141 93 35 from

269 4141 70 64 *;)
619 4163 7 19 ,
626 4163 17 19 41

909 4193 12 25 '
924 4191 293 37 scircumstances
1235 4189 70 35 bad
1328 4198 63 26 not
1410 4192 91 34 been
1519 4191 84 35 aMe

396 4252 41 31 gf..
787 4244 24 40 --
810 4244 73 40 `/i'/
883 4244 13 40 .

406 4319 34 51 .;%
567 4337 56 39 %;!,
643 4335 89 43 4!P';,.

1111 67 148 52 THE
1294 56 381 63 NATIONAL
1715 50 381 59 REGISTER.

2637 44 221 60 APRIL
2887 52 80 54 16.
2967 44 2 63 .

1646 200 38 30 to
1697 194 187 44 complete
1903 194 97 34 their
2015 194 170 39 number,
2207 194 41 32 he
2263 194 122 33 would
2406 200 161 37 propose
2587 190 79 33 that
2687 189 64 33 the
2769 190 61 33 old
2848 191 143 45 bounty

1646 242 128 33 should
1795 242 44 33 he
1858 241 195 35 continued
2073 241 59 37 till
2154 240 64 37 the
2232 240 73 35 first
2333 240 45 35 of
2391 241 170 43 January
2582 244 104 34 next,
2706 237 141 34 instead
2868 236 44 34 of
2927 239 64 33 the

1651 291 83 33 10th
1753 289 45 34 of
1814 291 106 44 May,
1941 300 39 24 as
1995 288 135 35 before
2150 288 183 35 intended.
2386 287 96 37 This
2496 285 123 37 would
2636 285 85 45 give
2741 286 87 33 time
2850 285 59 34 for
2926 285 66 37 the

1646 338 228 45 completion
1892 337 45 33 of
1957 337 61 34 the
2036 341 133 41 quotas
2202 337 34 33 in
2268 346 116 37 every
2413 340 169 41 quarter,
2613 340 41 28 at
2680 332 64 35 the
2761 333 63 37 Hid
2845 334 144 45 bounty

1649 386 86 45 paid
1756 387 46 41 by
1821 386 61 33 the
1902 378 143 52 public.
2096 384 92 35 This
2209 394 73 25 was
2298 384 136 45 agreed
2454 390 56 27 to.

1700 433 92 34 Lord
1815 429 237 47 Castlereagh
2070 426 89 40 Olen
2177 430 187 47 proposed
2382 431 79 34 that
2491 429 63 34 the
2572 429 221 45 Yeomanry
2816 422 176 51 Cavalry

1650 482 152 33 Officers
1818 477 131 37 should
1971 481 92 34 rank
2079 481 102 34 after
2202 482 60 33 the
2284 480 111 35 Luta!
2417 471 142 44 Militia
2575 476 154 37 Officers
2748 481 41 30 aS
2807 477 104 34 Mose
2924 475 66 37 did

1646 529 99 35 after
1763 529 59 33 the
1844 528 162 44 Regular
2021 528 161 35 Militia.

1698 578 79 33 The
1794 578 125 33 clause
1939 586 72 25 was
2029 574 136 46 agreed

1701 625 142 45 Report
1864 624 184 40 received,
2061 618 72 39 and
2141 614 157 44 ordered
2313 624 39 34 fri
2365 615 50 47 lie
2431 614 148 43 timber
2588 618 215 39 considefed
2820 624 50 31 on
2884 618 81 38 Mon-

1649 673 92 45 day,
1755 672 69 35 and
1843 676 39 31 to
1900 672 45 34 be
1959 670 454 48 printed.Adjourned.

2104 790 168 53 Friday,
2302 794 124 48 April
2453 791 60 40 14;

1702 859 30 40 A
1756 870 79 27 twit
1853 861 87 37 *tit
1958 867 32 31 it
1995 872 39 26 as
2052 862 156 35 ordered
2228 862 57 34 for
2316 859 338 48 Etlinburghshite,
2681 860 37 33 in
2735 859 64 33 the
2829 867 103 25 room
2952 855 44 37 of

1652 913 64 35 the
1739 913 112 43 Right
1872 912 97 34 Hon:
1994 912 143 34 Rotwrt
2158 911 176 33 Saunders
2354 911 165 39 Dundas,
2536 909 85 34 who
2640 908 98 33 Since
2830 905 164 34 electiou

1656 961 67 34 had
1746 960 177 44 accepted
1941 960 63 33 the
2030 959 104 35 (Alice
2169 958 43 35 of
2228 957 115 35 Chief
2357 959 198 44 Secretary
2577 961 37 30 to
2637 956 66 34 the
2722 954 98 34 Lord
2844 954 126 34 Lieute-

1654 1016 85 28 nant
1757 1009 41 34 of
1815 1009 14 34 1
1839 1007 141 35 Maud.

2056 1074 169 33 tREACII
2255 1081 50 26 OP
2335 1074 246 32 PRIVILEGE.

1706 1133 58 40 Sir
1779 1134 152 40 Charles
1951 1131 210 45 Hamilton,
2196 1135 175 45 previous
2400 1139 37 30 to
2458 1135 148 44 moving
2621 1134 61 33 the
2711 1123 124 45 arde'r
2861 1129 45 37 of
2930 1131 67 34 the

1661 1188 99 44 Day,
1781 1187 78 34 that
1883 1185 131 34 Daniel
2036 1185 131 33 Butler
2181 1185 44 33 be
2237 1182 117 35 called
2374 1191 37 25 to
2430 1182 59 34 the
2512 1182 87 39 Bar,
2619 1182 203 43 proceeded
2844 1187 37 27 to
2900 1179 104 35 state'

1657 1237 63 33 the
1735 1237 276 35 circumstances
2033 1232 124 34 which
2177 1231 150 34 induced
2350 1231 73 32 him
2444 1235 38 27 to
2499 1231 146 32 trouble
2666 1230 64 33 the
2748 1231 130 32 House
2901 1230 93 32 with

1657 1296 24 24 a
1708 1283 201 46 complaint
1951 1280 143 44 agniust
2120 1280 80 33 that
2230 1277 217 34 ingividual.
2502 1274 87 37 Had
2616 1287 70 32 any
2714 1277 167 44 apology
2903 1276 93 33 been

1659 1331 119 39 made,
1807 1331 43 32 he
1877 1329 129 35 should
2026 1328 94 33 have
2146 1326 151 34 suffered
2317 1325 61 34 the
2399 1330 133 28 matter
2550 1330 35 27 to
2604 1323 92 45 drop
2713 1336 12 25 ;
2756 1325 61 31 but
2848 1329 63 27 not
2929 1326 64 34 the

1658 1378 164 45 slightest
1839 1378 164 45 apology
2026 1375 67 34 had
2115 1376 89 33 been
2222 1374 151 34 offered.
2427 1370 126 37 About
2575 1374 103 32 three
2696 1370 146 35 o'clock
2870 1370 34 34 lii
2931 1371 64 33 the

1658 1428 191 34 afternoon
1867 1426 45 33 of
1937 1421 230 45 Wednesday
2189 1422 84 40 last,
2298 1433 22 22 a
2339 1426 145 30 servant
2505 1421 35 32 in
2558 1420 119 44 livery
2700 1419 161 38 brought
2885 1428 22 22 a
2927 1419 53 31 let-

1662 1481 54 27 ter
1743 1481 37 27 to
1800 1474 54 34 his
1885 1473 128 40 house;
2044 1470 193 35 addressed
2256 1475 37 27 to
2313 1469 65 33 Sit
2399 1468 39 33 J.
2459 1469 41 33 C.
2528 1467 213 38 Hamilton,
2764 1467 105 33 Bart.
2935 1466 63 32 lit

1662 1522 139 45 opened
1832 1522 26 33 it
1878 1512 270 51 inadvertently
2172 1518 154 34 without
2359 1518 157 40 looking
2533 1522 40 27 at
2603 1515 61 33 the
2691 1514 201 38 direction,
2920 1513 74 33 and

1662 1570 107 34 found
1783 1570 60 33 the
1863 1573 161 40 purport
2042 1567 43 33 of
2101 1567 28 33 it
2150 1571 39 28 to
2207 1566 43 33 he
2268 1576 22 22 a
2307 1564 154 34 demand
2480 1544 43 52 of
2541 1574 47 21 an
2608 1563 289 33 inconsiderable
2914 1570 78 25 sur*

1661 1618 44 33 of
1711 1629 129 32 money
1856 1617 71 33 due
1946 1622 37 30 to
2001 1625 100 22 some
2120 1622 146 38 persons
2280 1611 44 34 of
2339 1613 58 32 the
2413 1622 103 24 name
2529 1611 44 33 of
2588 1609 124 35 Walsh
2725 1610 72 33 anti
2819 1609 69 33 Co.
2941 1610 56 33 As

1662 1668 44 32 he
1723 1664 106 35 found
1850 1663 64 35 the
1930 1665 110 32 letter
2056 1662 66 33 did
2143 1668 60 26 not
2220 1670 151 24 concern
2395 1659 91 40 him,
2507 1659 43 33 he
2568 1668 74 25 was
2657 1657 187 45 speaking
2875 1661 37 28 to
2939 1655 61 34 his

1661 1719 144 28 servant
1832 1717 37 28 to
1887 1713 142 32 deliver
2048 1709 28 34 it
2096 1710 94 33 back
2212 1709 106 40 again
2339 1713 37 26 to
2394 1708 60 31 the
2476 1713 130 38 person
2639 1708 85 31 sVho
2745 1706 70 33 had
2837 1704 159 41 brought

1663 1762 43 41 it,
1722 1762 69 33 and
1809 1759 66 35 tell
1896 1759 74 33 him
1990 1757 45 34 he
2046 1756 72 34 had
2134 1757 104 33 made
2256 1766 24 22 a
2291 1754 172 41 mistake,
2483 1753 104 34 when
2602 1753 131 33 Butler
2747 1753 73 32 and
2837 1750 142 34 another
2979 1750 21 34 .

1662 1820 80 24 man
1757 1807 130 35 rushed
1907 1807 76 33 into
2002 1806 61 33 the
2082 1815 104 22 room
2209 1804 120 33 where
2348 1802 45 33 he
2414 1812 74 24 was
2503 1802 143 41 sitting,
2665 1801 70 32 and
2754 1800 78 34 told
2854 1799 73 33 him
2947 1798 46 34 he

1667 1869 72 22 was
1752 1856 97 38 their
1861 1856 180 44 prisoner,
2095 1853 59 34 Ile
2169 1850 198 35 demanded
2383 1857 37 26 to
2439 1860 59 22 see
2517 1850 63 33 the
2590 1860 19 21 a
2619 1847 165 45 u.thfurity
2805 1857 46 24 on
2872 1845 126 34 which

1663 1906 84 44 they
1759 1903 126 40 acted#
1899 1903 69 32 and
1993 1902 128 33 Butler
2135 1898 183 46 produced
2339 1909 24 22 a
2376 1897 86 34 writ
2477 1896 165 34 directed
2653 1896 143 44 against
2817 1896 60 32 Sir
2893 1894 106 33 Join:

1662 1954 149 33 Charles
1843 1949 204 34 liarairton.
2112 1948 60 33 Ile
2203 1945 249 44 immediately
2483 1944 194 45 perceived
2713 1944 81 32 that
2830 1942 63 33 the
2913 1951 85 24 men

1665 2011 94 22 were
1775 1997 125 44 acting
1916 1997 111 34 under
2039 2007 26 25 a
2081 1995 172 40 Mistake,
2280 1994 69 33 and
2370 1993 181 34 infattned
2574 1993 92 33 them
2686 1990 45 33 of
2761 1990 94 35 their
2872 2000 102 32 error
2974 2000 21 32 {

1664 2048 129 44 telling
1809 2046 116 39 them,
1941 2050 39 28 at
1998 2046 63 32 the
2078 2054 99 24 same
2194 2042 103 38 time,
2330 2041 83 34 that
2444 2040 45 33 he
2515 2050 73 21 was
2606 2050 25 22 a
2650 2039 168 33 Member
2846 2037 45 33 of
2920 2036 80 35 this

1668 2096 137 40 [rause,
1830 2093 72 38 and
1918 2092 181 45 referring
2118 2091 98 34 them
2233 2096 38 27 to
2293 2089 56 33 his
2365 2087 180 35 Soricitot
2559 2087 57 33 for
2635 2086 97 34 their
2748 2085 248 34 satisfaction.

1667 2144 130 34 Butler
1813 2140 165 41 insisted,
1998 2139 193 39 however,
2211 2137 80 35 that
2316 2137 45 33 he
2385 2137 133 33 should
2536 2146 48 32 go
2606 2134 91 35 with
2721 2134 116 40 them,
2858 2132 70 33 and
2957 2139 43 26 as

1664 2191 86 44 they
1770 2190 79 34 said
1872 2189 86 44 they
1985 2192 92 30 must
2096 2197 61 24 use
2179 2185 99 34 force
2297 2184 33 33 if
2359 2183 45 35 he
2430 2183 158 40 refused,
2619 2183 43 33 he
2678 2180 194 35 consented
2895 2186 38 27 to
2950 2185 52 37 go

1665 2239 89 33 with
1775 2238 97 33 them
1905 2242 35 28 to
1974 2235 53 34 his
2050 2232 222 41 Solicitor's,
2298 2231 70 34 and
2402 2231 105 34 when
2542 2230 86 44 they
2650 2229 70 34 had
2746 2235 63 35 got
2828 2238 39 22 as
2885 2228 58 33 far
2957 2236 46 25 as

1667 2287 32 34 V
1706 2287 176 44 igo-lane,
1910 2284 85 40 they
2016 2282 89 33 both
2127 2293 63 22 ran
2223 2290 111 32 away
2352 2278 96 34 from
2469 2278 91 41 him,
2588 2276 67 35 and
2678 2277 45 32 he
2738 2287 77 22 saw
2833 2285 46 22 no
2898 2281 105 27 more

1661 2334 45 33 of
1719 2335 110 32 them.
1885 2331 59 34 He
1958 2330 128 34 moved
2108 2330 80 33 that
2212 2328 132 33 Daniel
2367 2326 133 35 Butler
2519 2327 45 32 he
2584 2326 117 33 called
2722 2330 38 26 to
2774 2323 63 34 the
2863 2322 87 34 Bar.

1715 2381 130 35 Daniel
1881 2379 128 34 Butler
2028 2378 111 44 being
2154 2375 117 35 called
2293 2378 50 38 in,
2374 2375 61 33 the
2454 2374 169 44 Speaker
2641 2372 94 39 said,
2765 2372 80 32 that
2858 2381 21 22 a
2898 2370 104 33 coritsi

1663 2431 116 44 plaint
1801 2428 71 34 had
1894 2428 89 32 been
2006 2424 190 46 preferred
2215 2424 124 43 againt
2357 2421 74 34 him
2451 2422 45 31 of
2510 2432 24 22 a
2562 2431 98 32 gross
2680 2418 184 34 violation
2881 2418 44 33 of
2940 2418 64 33 the

1663 2477 201 45 privileges
1897 2476 41 33 of
1961 2473 59 34 the
2046 2473 142 38 House,
2211 2470 69 33 and
2298 2470 113 33 asked
2445 2470 73 32 him
2548 2467 99 34 what
2667 2467 43 31 he
2728 2466 72 32 hail
2817 2472 37 26 to
2872 2476 65 33 say
2961 2465 41 32 in

1659 2524 242 34 extenuation
1932 2522 43 33 of
2004 2520 53 33 his
2078 2519 170 33 conduct.
2302 2517 132 34 Btuler
2469 2515 57 45 pre
2525 2515 19 45 -
2544 2515 113 45 sented
2678 2525 24 22 a
2720 2524 132 34 paper,
2876 2523 24 21 w
2914 2512 92 33 hick

1663 2572 44 33 he
1729 2582 70 22 vas
1828 2570 142 34 desired
1991 2575 37 28 to
2049 2568 102 34 read.
2206 2567 60 33 He
2293 2565 78 34 said
2394 2565 45 34 he
2453 2564 106 34 could
2580 2568 61 30 not
2661 2561 103 41 read,
2791 2571 65 22 nor
2870 2561 61 33 did
2955 2562 52 32 he

1664 2621 107 32 know
1791 2620 44 32 its
1846 2623 177 30 contents.

1710 2668 58 33 Sir
1800 2668 63 32 Cit
1874 2678 19 22 A
1907 2676 22 24 a
1941 2674 65 24 I.ns
2049 2665 240 33 HAMILTON
2322 2659 144 37 desired
2497 2659 83 34 that
2611 2657 43 34 he
2675 2657 116 41 might
2819 2656 45 34 be
2881 2654 103 38 asked
2983 2654 21 38 .

1665 2717 165 33 whether
1852 2714 43 33 he
1917 2713 67 33 had
2004 2718 63 27 not
2099 2711 252 34 endeavoured
2383 2717 35 26 to
2438 2719 35 22 *a
2483 2706 85 44 tisfy
2589 2706 71 33 him
2683 2706 79 32 that
2784 2705 44 32 he
2851 2714 73 22 was
2939 2705 69 32 not

1664 2765 61 31 the
1744 2774 130 34 person
1893 2761 209 44 mentioned
2126 2760 33 32 in
2181 2758 58 33 the
2264 2759 85 32 writ
2365 2758 11 31 ?
2407 2763 37 26 to
2469 2754 122 34 which
2614 2753 142 34 Butler
2756 2752 189 34 aiwvered
2959 2752 47 32 he

1664 2811 85 32 hall.
1804 2811 60 32 Ile
1885 2819 74 24 was
1980 2809 84 33 then
2076 2807 164 33 directed
2259 2810 39 30 to
2315 2804 216 35 withdraw.

1709 2859 79 32 The
1917 2867 131 24 NcEct
2061 2864 57 25 OR
2139 2855 44 32 of
2199 2854 60 33 the
2294 2854 57 33 EN
2362 2864 20 22 C
2431 2861 81 31 Egu
2523 2849 70 37 nit,
2622 2848 33 34 in
2680 2859 25 21 a
2718 2848 104 34 short
2842 2845 156 45 speech,

1662 2907 220 33 condemned
1915 2906 61 32 the
2006 2903 155 34 conduct
2181 2901 40 34 of
2241 2900 60 34 the
2327 2901 125 33 officer
2472 2910 34 21 in
2524 2908 89 32 very
2629 2907 126 24 severe
2771 2901 135 33 terms;
2931 2893 77 34 and

1663 2954 143 37 moved,
1824 2954 80 31 that
1923 2953 48 44 by
1990 2952 182 41 arresting
2189 2960 45 22 an
2251 2947 247 35 Honourable
2515 2946 167 33 Member
2696 2944 43 33 of
2752 2942 83 33 that
2856 2943 143 40 House,

1663 3005 44 32 he
1726 3000 70 35 had
1824 3005 90 28 been
1931 3000 118 43 guilty
2068 2998 45 34 of
2124 3009 24 21 a
2167 2996 131 34 breach
2330 2996 43 33 of
2387 2996 61 33 the
2467 2992 184 47 privilege
2681 2992 41 32 of
2748 2989 81 34 th:it
2865 2992 125 32 House

1663 3050 78 33 The
1781 3048 139 34 notion
1950 3048 106 40 being
2091 3045 161 40 caroled,
2284 3044 61 34 the
2370 3043 122 43 Right
2524 3043 102 33 Bon.
2663 3041 216 32 (icnileman
2914 3034 99 38 next

1664 3097 144 41 moved,
1825 3096 81 33 that
1920 3096 59 32 the
1998 3094 168 44 Speaker
2186 3092 45 32 he
2246 3091 167 34 directed
2430 3098 35 25 to
2487 3090 90 32 iLsne
2598 3087 54 34 his
2673 3092 159 32 %%arrant
2846 3092 39 27 to
2904 3096 102 24 con,

1663 3146 66 32 mit
1748 3146 58 32 the
1825 3143 100 44 body
1945 3142 45 32 of
2017 3144 27 33 I)
2052 3142 97 32 :girl
2176 3142 128 32 Butler
2333 3145 41 27 to
2391 3139 60 33 the
2469 3136 161 45 custody.
2654 3135 44 34 of
2712 3137 60 32 the
2794 3135 152 45 Keeper
2963 3131 47 38 of

1667 3194 54 32 his
1740 3189 194 48 Majesty's
1954 3190 124 45 prison
2096 3189 43 34 of
2154 3189 197 43 Newgate.
2405 3184 184 37 Ordered.

1951 3273 200 26 CIIELFCA
2177 3272 219 26 1103PrTAL
2418 3270 119 26 T.AND
2556 3269 163 26 GRANT.

1715 3328 58 34 Sir
1796 3327 70 34 FR
1866 3334 20 27 .A
1900 3333 89 28 !icts
2014 3327 89 34 BUR
2117 3335 104 24 Dr.FT
2241 3324 94 40 said,
2365 3322 43 34 he
2424 3321 67 35 felt
2507 3332 22 22 a
2550 3319 256 35 considerable
2824 3307 185 54 ditclif:'y

1667 3376 33 33 in
1721 3377 231 40 introducing
1970 3376 61 33 the
2057 3372 142 45 subject
2219 3378 35 27 to
2276 3371 60 35 the
2357 3371 142 41 Rouse,
2528 3369 98 34 from
2644 3369 60 33 the
2734 3365 274 45 impossibility

1665 3424 45 33 of
1730 3424 210 43 describing
1956 3422 34 34 in
2013 3424 119 31 words
2156 3420 98 33 what
2280 3416 174 48 required
2489 3424 38 28 to
2561 3417 45 32 be
2631 3428 83 22 seen
2743 3422 39 26 to
2804 3416 44 32 he
2877 3413 132 33 under.

1664 3472 118 33 stood.
1835 3472 63 33 Ile
1916 3470 123 34 would
2050 3471 226 38 endeavour,
2304 3468 193 39 however,
2523 3470 39 28 to
2576 3464 155 45 explain
2747 3469 37 26 to
2800 3464 63 32 the
2877 3462 130 33 House

1668 3520 60 33 the
1748 3530 143 22 reasons
1923 3519 118 33 which
2065 3513 228 48 principally
2329 3513 176 46 impelled
2543 3513 79 33 hint
2647 3519 40 27 to
2706 3510 131 45 object
2869 3516 39 26 to
2939 3508 66 33 the

1665 3574 104 37 grant
1786 3566 122 34 which
1930 3566 69 33 had
2011 3567 94 32 been
2117 3566 151 34 model()
2283 3563 152 34 Colonel
2453 3561 165 34 Gordon.
2650 3559 80 34 The
2746 3559 105 44 piece
2872 3556 41 33 of
2926 3554 89 35 land

1667 3615 155 34 allotted
1843 3621 38 27 to
1899 3614 152 34 Colonel
2069 3612 171 40 Gordon,
2267 3620 72 24 was
2356 3621 22 22 a
2399 3611 70 33 tine
2485 3608 171 46 spacious
2672 3608 109 44 piece
2794 3604 44 34 of
2854 3605 157 41 gWaud,

1665 3665 216 40 contiguous
1903 3667 37 28 to
1959 3661 61 34 the
2049 3660 117 40 river,
2191 3659 73 34 and
2291 3659 65 33 the
2372 3658 168 34 erection
2571 3656 41 34 of
2636 3666 22 22 a
2696 3656 113 33 house
2843 3663 102 34 upon
2980 3652 31 33 it

1670 3711 120 33 would
1809 3710 98 45 spoil
1924 3722 22 21 a
1963 3719 80 34 mag
2047 3709 148 34 nificent
2211 3711 190 41 prospect:
2424 3706 81 33 The
2516 3703 176 35 ~ituation
2711 3702 45 33 of
2765 3703 63 32 the
2846 3697 169 50 project]

1667 3759 44 32 ed
1943 3768 73 24 was
2035 3755 136 35 behind
2189 3755 151 35 Colonel
2362 3752 183 34 Gordon's
2563 3751 128 39 house,
2717 3749 97 35 from
2837 3748 122 33 which
2980 3745 33 34 It

1672 3817 72 22 was
1763 3813 37 26 to
1814 3808 44 33 be
1878 3807 81 33 shut
1974 3810 65 30 nut
2057 3806 50 44 by
2121 3815 24 22 a
2160 3804 87 33 wall
2267 3803 102 43 eight
2387 3800 70 35 feet
2476 3800 182 45 highiand
2675 3798 64 34 the
2756 3798 111 33 house
2885 3794 131 35 woul*

1662 3855 233 44 .completely
1918 3856 181 40 intercept
2120 3853 26 32 it
2158 3850 92 34 from
2272 3849 60 34 the
2352 3852 115 32 river.
2493 3849 52 33 An
2559 3846 263 44 intinnaryihe
2838 3841 183 45 thought

1669 3905 111 39 ought
1798 3911 37 26 to
1856 3905 46 32 be
1918 3901 144 34 erected
2078 3901 32 31 in
2127 3900 63 33 the
2206 3905 91 26 most
2314 3898 83 43 airy
2413 3896 180 34 situation
2606 3896 78 32 that
2700 3893 109 33 could
2826 3894 44 33 be
2885 3891 135 40 found,

1668 3950 71 34 and
1759 3960 91 22 tome
1869 3950 107 34 could
1997 3951 44 32 be
2057 3950 128 32 better
2203 3947 56 33 for
2277 3946 85 33 such
2383 3957 22 21 a
2425 3944 168 43 building
2611 3945 89 31 than
2719 3941 63 34 the
2802 3941 117 33 banks
2937 3937 81 34 ofm

1671 3998 112 40 river,
1814 3998 124 33 where
1956 4009 21 22 a
1996 3997 99 34 fresh
2117 4003 131 26 stream
2268 3994 44 33 of
2323 3993 60 34 air
2404 3993 27 33 is
2448 3993 133 32 almost
2598 3991 146 44 always
2763 3996 39 27 to
2820 3989 45 33 he
2884 3983 132 39 loupe:

1675 4046 26 34 t.
1711 4055 35 25 ut
1778 4048 33 32 in
1827 4046 63 33 the
1917 4050 144 40 present
2076 4045 162 33 instance
2256 4043 25 32 it
2301 4041 142 35 seemed
2461 4050 39 24 as
2520 4039 33 33 if
2568 4038 63 34 the
2644 4037 130 46 public
2794 4036 125 45 utility
2940 4039 84 30 wog'

1672 4101 35 27 to
1726 4096 45 32 he
1788 4094 191 33 sacrificed
2000 4100 44 28 to'
2066 4091 144 46 gratify
2228 4101 25 24 a
2277 4091 135 43 private
2412 4091 20 43 -
2454 4087 222 39 individual,
2705 4085 145 43 (Hear,
2870 4085 87 31 hear
2978 4081 45 45 !).

1668 4144 72 33 and
1762 4143 43 32 he
1822 4142 107 32 could
1951 4149 60 26 not
2026 4141 85 44 help
2128 4139 227 40 considering
2376 4139 25 32 it
2418 4147 39 24 as
2474 4146 22 24 a
2525 4135 90 34 rank
2627 4133 91 46 job,
2748 4134 104 44 (loud
2870 4133 89 33 cries
2970 4126 54 52 ay'

1667 4191 124 44 Hear,
1807 4189 126 45 hear!)
1962 4191 81 34 The
2063 4188 99 35 lion.
2189 4187 162 37 Baronet
2372 4185 203 50 expreiksed
2594 4183 35 34 hi
2673 4182 165 47 burinhe
2856 4179 81 38 that
2959 4179 71 45 the
3045 4179 5 56 -

3367 2949 56 34 the

3366 3045 57 44 pia

3360 3345 57 26 KR

3343 4120 80 34 ratio

3338 4174 50 35 514
3387 4174 33 35 r,

141 4100 18 17 r
177 4100 8 17 1

3228 2767 7 125 i
3236 2767 26 35 7
3262 2767 1 125 '

3228 2870 1 13 1
