3425 4441
1043 115 145 50 THE
1230 110 378 53 NATIONAL
1646 103 381 57 REGISTER,

151 241 256 44 Charleston,
442 243 129 37 which
600 243 122 38 reach
743 248 44 31 to
806 244 71 37 the
902 244 90 37 19th
1028 242 72 38 ult.
1165 244 117 35 Front
1312 242 109 38 these
1443 253 54 24 we

155 295 111 39 learn
291 295 91 39 that
400 294 72 39 the
495 295 203 39 .President
733 293 72 39 has
841 294 231 39 sanctioned
1106 307 22 27 a
1157 295 91 45 13t11,
1286 296 41 48 b)
1408 292 87 39 hicl.

149 348 148 38 vessels
339 361 106 26 were
491 347 215 54 permitted
754 352 45 35 to
846 350 174 50 proceed
1064 347 107 40 after
1217 352 71 33 the
1332 346 89 38 litth
1457 351 40 33 to

149 400 99 41 stir+
270 404 132 37 States
435 415 45 25 as
511 415 69 26 arc
612 406 70 35 not
719 402 235 38 considered
989 413 44 26 as
1059 400 235 48 belligerent
1315 416 11 27 ;
1359 398 138 44 bonds,

149 454 155 40 double
345 456 70 38 the
472 454 91 38 ;due
605 455 51 37 of
697 456 70 35 the
795 468 125 37 cargo
950 455 122 50 being
1098 455 85 38 first
1230 455 137 41 given,
1410 451 83 39 that

150 507 77 39 the
250 508 106 51 ships
389 507 78 38 will
501 511 70 33 nut
599 508 171 52 proceed
806 511 40 33 to
876 508 125 38 Great
1036 508 168 44 Britain,
1252 519 48 25 or
1330 508 168 39 France,

152 560 106 39 their
272 560 181 39 colonies
472 560 77 38 and
563 560 228 52 dependent
811 562 142 37 State:.
1016 563 27 35 A
1064 565 94 33 most
1182 557 306 50 extraordinar)

152 612 158 39 feature
334 612 37 39 in
394 613 81 38 this
501 612 71 39 Bill
602 613 45 45 is,
678 612 92 39 that
803 612 170 39 Holland
996 613 30 37 is
1046 611 231 40 considered
1305 625 41 24 as
1365 625 48 24 an
1439 609 35 37 in-

154 666 231 52 derendent
409 671 129 39 State,
552 666 74 37 and
645 664 288 53 conscquently
957 672 72 31 not
1050 664 185 39 included
1257 665 37 37 in
1309 664 67 39 the
1393 664 80 38 Non-

155 720 260 38 intercourse
446 722 92 35 Act.
570 719 124 38 which
729 731 81 25 was
843 724 40 32 to
912 722 103 35 IniVe
1033 718 67 38 the
1121 716 119 40 effect
1260 718 46 37 of
1336 719 83 35 Law
1446 730 51 24 un

154 772 189 38 the'22oth
369 771 73 39 ult.
504 775 33 34 it
560 771 30 38 is
608 784 93 38 very
725 770 196 52 probable
941 771 86 38 that
1055 774 80 34 Mr..
1149 772 69 35 MA
1230 785 52 22 OD
1292 784 92 22 M.SON
1407 768 94 45 will,

154 823 40 40 in
217 826 112 45 time,
346 823 152 39 extend
521 823 76 38 tYs
618 823 148 39 favour
787 827 43 34 to
849 827 53 34 VI
913 824 97 50 ',lei,
1029 827 145 41 Route,
1198 823 78 40 and
1300 824 200 48 Tuscany,

154 878 132 39 which
309 891 85 32 arc,
437 882 43 33 at
506 876 110 45 least,
647 891 41 24 as
710 876 267 51 independent
1059 875 189 46 Holland,
1280 875 74 37 and
1375 886 124 39 every

154 937 122 34 outer
296 934 110 35 State
429 930 123 51 along
570 933 65 37 the
653 932 139 37 Cords
813 930 48 37 of
885 931 69 38 the
973 930 326 38 Mediterranean
1320 928 74 38 and
1409 925 76 41 .Bal-

155 984 71 45 tie,
256 984 226 39 connected
503 984 111 44 with,
644 997 48 24 or
711 984 286 50 occupiedobv,
1031 983 65 39 the
1110 996 161 39 enemy.
1330 981 96 38 This
1444 981 38 37 in-

154 1037 156 51 sulting
332 1036 209 52 partiality
565 1042 41 33 to
639 1038 156 38 France
817 1036 27 37 is
866 1036 71 39 but
956 1043 70 32 too
1046 1036 198 43 obvioas;
1278 1035 72 38 but
1365 1049 22 24 a
1410 1032 90 40 firm

154 1089 230 39 adherence
419 1095 45 32 to
497 1101 74 26 our
591 1088 149 39 Orders
759 1088 39 37 in
821 1088 183 46 Council,
1036 1088 31 39 is
1093 1088 202 39 sufficient
1315 1093 41 33 to
1376 1098 98 27 coun-

154 1147 131 34 teract
306 1142 50 38 its
377 1142 155 40 effects.
586 1141 87 39 The
702 1140 210 53 following
941 1140 117 40 letter
1077 1140 185 40 contains
1283 1140 70 39 the
1376 1139 106 54 parti-

156 1195 215 40 culars:—

794 1244 28 22 is
852 1251 231 38 Charleston,
1116 1250 125 33 March
1265 1247 56 41 IS,
1348 1246 104 35 1809.

304 1307 98 45 hope
433 1317 71 24 our
520 1305 306 34 administration
848 1304 77 35 will
960 1305 94 34 have
1082 1312 143 39 temper
1243 1305 70 34 and
1333 1304 170 45 patience

150 1364 45 25 as
211 1362 39 26 to
279 1365 182 22 measures
481 1355 207 43 respecting
713 1352 73 33 this
806 1358 175 39 country,
1011 1352 120 34 which
1153 1358 93 28 must
1265 1352 66 33 fall
1354 1352 34 32 in
1408 1351 92 35 with

156 1414 71 22 our
244 1404 131 40 views,
405 1401 33 33 if
449 1403 86 43 they
557 1401 85 44 only
661 1406 61 28 act
745 1401 92 33 with
859 1401 233 33 moderation
1111 1401 92 33 with
1227 1400 126 44 regard
1375 1408 37 25 to
1441 1400 61 33 the

156 1452 145 33 Orders
330 1450 37 33 in
394 1449 172 39 Council,
595 1459 39 22 as
670 1449 90 41 they
797 1460 84 32 may
904 1454 156 38 operate
1089 1459 45 22 on
1170 1448 197 33 American
1401 1447 103 44 ships

155 1498 125 34 bound
317 1504 37 27 to
376 1498 167 34 Holland
572 1495 99 44 (now
703 1495 175 34 declared
914 1494 87 35 here
1032 1505 46 24 an
1097 1495 242 45 independent
1370 1495 130 41 spate).

158 1545 67 34 Let
244 1556 69 22 our
343 1545 169 35 c•ruizers
535 1545 116 44 speak
689 1544 71 33 and
791 1544 152 33 endorse
977 1544 98 33 their
1106 1553 150 34 papert,
1285 1544 63 32 hut
1380 1543 117 33 allow

154 1592 69 35 the
247 1593 103 44 ships
381 1599 38 26 to
457 1591 157 45 proceed
650 1602 50 25 on
735 1591 100 33 their
865 1602 161 33 voyage.
1088 1591 79 33 The
1201 1590 126 34 Berlin
1359 1590 143 33 Decree

155 1641 81 34 will
268 1641 84 33 then
372 1641 20 32 d
409 1651 11 21 )
441 1641 98 33 their
556 1638 175 40 business,
758 1638 72 34 and
856 1639 174 32 condemn
1051 1637 97 35 them
1178 1649 40 22 as
1243 1637 94 45 good
1367 1637 136 45 prizes,

152 1688 73 34 and
259 1688 63 33 the
351 1697 248 35 consequence
619 1687 81 34 will
720 1688 46 33 he
790 1697 25 22 a
842 1687 231 34 declaration
1102 1687 43 33 of
1157 1696 78 24 war
1256 1688 46 41 by
1330 1687 171 33 America

151 1735 146 45 against
335 1735 161 40 France,
533 1734 69 33 and
630 1744 48 22 an
704 1734 163 34 alliance
902 1734 93 33 with
1033 1734 116 33 Great
1182 1734 159 33 Britain.
1401 1734 98 43 Pray

152 1783 184 35 inculcate
372 1783 73 32 this
478 1782 167 33 doctrine
661 1793 11 25 ;
718 1780 60 35 for
821 1781 44 33 be
896 1781 150 33 assured
1080 1793 20 21 a
1134 1781 98 44 good
1269 1780 209 34 understand-

156 1832 63 41 ing
239 1832 89 32 stith
347 1839 8 24 t
366 1832 53 32 hi:
438 1837 155 38 country
614 1830 28 33 is
663 1828 45 35 of
726 1834 105 39 great
849 1838 249 37 consequence
1114 1835 35 26 to
1175 1828 177 43 England.
1409 1828 89 34 You

154 1878 83 34 will
268 1890 58 22 see
358 1879 47 35 by
437 1879 65 33 the
531 1877 201 34 American
762 1877 155 44 Papers,
947 1877 73 34 Mr.
1050 1874 230 38 .Maddison's
1309 1877 189 40 inaugural

156 1926 163 44 Speech,
348 1926 72 33 aml
450 1928 63 32 the
540 1925 141 33 clauses
697 1924 61 34 for
776 1924 138 43 raking
930 1924 63 33 the
1017 1920 211 47 Embargo;
1260 1933 71 34 you
1354 1924 93 39 will,
1462 1923 43 33 of

155 1984 135 24 course
313 1985 61 22 see
405 1974 87 34 that
526 1972 163 34 Holland
717 1972 30 33 is
778 1971 211 33 considered
1016 1982 46 22 an
1085 1971 247 45 independent
1354 1981 143 34 power,

155 2022 142 45 thon4ll
334 2033 56 21 we
418 2022 113 34 know
566 2022 64 32 she
666 2021 28 32 is
720 2021 261 43 substantially
1020 2021 111 32 under
1167 2021 63 32 the
1259 2019 188 34 dominion
1466 2017 44 34 of

157 2067 148 39 France
322 2081 8 21 :
361 2068 209 40 therefore,
596 2067 32 39 if
645 2078 57 24 we
717 2066 149 34 enforce
883 2066 63 34 the
966 2068 136 33 Orders
1120 2067 37 33 in
1185 2066 156 34 Council
1372 2076 44 22 on
1435 2066 71 32 this

155 2119 128 44 point,
308 2118 71 33 awl
405 2126 112 33 carry
539 2115 34 33 in
592 2115 99 33 their
709 2114 124 41 trade,
857 2114 105 34 there
983 2115 77 34 will
1089 2118 45 32 be
1152 2125 26 24 a
1205 2113 234 35 declaration
1457 2114 44 32 of

156 2173 84 25 war
273 2167 149 43 against
446 2163 165 44 England
631 2164 71 33 and
722 2164 112 33 union
856 2163 89 34 with
974 2161 150 35 France.
1183 2161 28 33 11
1212 2161 28 33 ,,
1240 2161 15 33 t
1286 2159 34 34 if
1341 2171 54 24 we
1426 2171 79 33 pass

154 2212 103 35 them
274 2212 70 34 and
377 2207 90 46 only
485 2211 151 35 endorse
660 2210 99 33 their
793 2220 149 33 papers,
971 2211 28 32 it
1035 2210 77 33 will
1133 2203 45 40 Se
1224 2197 21 57 J
1286 2209 41 33 tit
1358 2209 60 33 for
1447 2210 61 32 the

159 2259 164 41 French,
352 2259 72 33 and
444 2261 63 31 the
521 2265 172 37 contrary
716 2257 79 33 will
813 2258 45 32 be
882 2257 60 35 the
957 2258 105 35 effect
1074 2269 60 22 —a
1296 2256 50 32 ith
1367 2256 142 33 France

155 2306 74 34 and
249 2308 211 43 friendship
501 2307 90 31 with
631 2306 182 43 England.
870 2307 64 33 Let
965 2316 69 22 our
1052 2306 190 34 Ministers
1263 2303 165 34 consider
1446 2304 60 33 the

156 2355 188 45 quetion,
376 2354 123 33 which
517 2353 77 33 will
614 2353 46 33 be
679 2362 102 24 more
797 2352 167 44 advan:ag
964 2352 20 44 -
984 2352 85 44 enus
1084 2352 54 35 for
1157 2353 103 34 their
1278 2356 152 39 country

211 2452 103 41 Two
335 2451 262 52 Gottenburg
617 2447 118 41 mails
755 2451 157 39 arrived
928 2464 50 24 on
998 2450 268 53 Wednesday.
1323 2448 113 54 They
1457 2450 51 40 do

157 2510 79 37 mot
265 2504 174 41 confirm
472 2504 71 38 the
573 2504 279 51 expeetatioos
870 2503 129 39 which
1025 2516 105 26 were
1152 2503 128 39 raised
1303 2502 35 39 in
1369 2516 111 26 come-

158 2570 158 38 queuee
335 2557 52 39 of
415 2556 70 39 the
504 2556 233 52 opposition
757 2556 237 39 manifested
1015 2556 52 52 by
1083 2557 65 38 the
1174 2555 270 40 Dalecarliaus
1465 2561 41 33 to

159 2614 72 35 the
252 2610 314 38 dethronement
579 2608 272 39 ofGustavus.
908 2608 86 39 The
1015 2608 150 39 faction
1183 2608 128 39 which
1330 2608 180 52 brought

162 2665 94 38 that
317 2667 124 34 event
478 2668 45 32 to
568 2674 48 25 an
656 2661 119 44 issue,
811 2661 190 38 continae
1049 2668 41 31 to
1124 2660 145 52 guard,
1310 2660 92 39 with
1437 2662 70 38 the

159 2721 182 46 greatest
360 2715 191 51 severity,
573 2713 65 38 the
656 2712 177 54 deposed
866 2714 216 51 Sovereign
1101 2731 11 26 ;
1143 2714 76 39 and
1256 2713 86 38 that
1372 2713 137 40 unfo••

162 2773 145 34 tunate
350 2766 202 43 Monarch
592 2766 70 39 has
683 2766 103 39 been
806 2767 189 38 removed
1029 2767 103 37 from
1154 2767 59 37 his
1235 2766 79 38 late
1333 2765 155 40 confine-

152 2826 122 34 -went
305 2825 46 33 to
387 2819 72 40 the
496 2818 129 40 Castle
654 2818 50 39 of
729 2818 250 52 Gripsholm,
1011 2833 43 24 as
1085 2833 22 24 a
1129 2819 115 53 place
1267 2818 47 38 of
1346 2824 162 45 greater

163 2874 194 52 security.
420 2874 63 39 lie
504 2874 30 37 is
554 2871 154 39 treated
730 2872 96 38 with
847 2874 96 35 such
980 2874 190 37 nifinnviri
1193 2871 193 52 severity,
1423 2871 87 39 that

162 2927 53 40 lie
230 2927 32 39 is
281 2933 72 33 aot
371 2937 103 28 even
497 2923 165 41 allowed
687 2929 41 33 to
748 2924 156 40 receive
925 2927 70 37 the
1023 2928 89 35 visit
1130 2927 45 35 of
1191 2927 60 37 his
1270 2939 143 38 spouse
1434 2927 76 37 and

162 2979 198 41 children.
396 2980 123 39 From
536 2978 78 38 this
627 2989 187 28 measure
827 2991 57 25 we
906 2989 69 28 are
989 2978 169 44 inclined
1181 2983 43 33 to
1246 2975 157 41 believe
1421 2979 89 38 that

163 3045 115 30 some
298 3033 159 51 project
488 3032 31 38 is
539 3031 38 38 in
596 3030 202 52 agitation
819 3037 43 33 to
878 3031 159 60 voilide
1058 3032 66 38 the
1144 3044 191 39 supreme
1365 3031 123 39 autho-

164 3085 80 52 rity
283 3084 250 52 exclusively
567 3087 43 34 to
638 3084 72 38 the
744 3083 180 45 QUEEN;
973 3097 22 25 a
1029 3097 181 26 measure
1248 3083 130 40 which
1419 3097 91 32 may

161 3137 239 40 contribute
420 3142 44 33 to
484 3133 215 45 conciliate
720 3136 146 39 Russia
886 3136 76 39 and
989 3138 162 43 France,
1183 3150 43 24 as
1244 3136 71 39 she
1333 3136 30 38 is
1400 3137 113 39 sis!er

161 3197 48 35 to
246 3191 69 38 the
350 3191 195 38 EMPRESS
562 3184 50 43 or
635 3189 178 46 Russia,
843 3188 74 39 and
956 3189 150 38 related
1144 3190 50 53 by
1233 3188 204 53 marriage
1470 3197 41 31 to

167 3243 195 41 Madame
383 3244 116 38 BONA
511 3254 151 27 PARTE.

217 3296 89 39 The
328 3298 124 47 Army
470 3293 48 39 of
543 3294 279 52 Adlersparre,
852 3294 130 38 which
1002 3292 86 41 first
1107 3293 167 40 evinced
1294 3307 20 25 a
1338 3294 112 51 spirit
1470 3295 48 37 of

159 3347 223 44 rebellion,
426 3345 73 40 has
528 3346 156 39 arrived
715 3352 44 33 at
793 3346 256 45 Stockholm,
1083 3347 80 37 and
1206 3346 183 39 received
1416 3347 97 38 with

159 3407 169 52 greater
348 3399 249 44 distinction,
627 3399 99 39 than
750 3400 32 38 if
800 3403 31 35 it
850 3400 77 38 had
948 3398 257 56 succes..fully
1230 3398 198 43 defended
1447 3399 70 41 the

157 3462 183 45 country
361 3454 162 53 against
541 3451 161 51 foreign
725 3454 197 38 invasion.

213 3554 163 45 Official
410 3553 227 53 dispatches
670 3566 109 26 were
819 3552 182 41 received
1032 3566 53 26 on
1123 3553 252 53 Wednesday
1407 3553 109 40 from

157 3611 256 52 Martinique
446 3608 80 38 and
565 3606 104 40 from
706 3607 137 51 Spain.
900 3607 116 51 They
1056 3619 216 27 announce
1307 3606 66 39 the
1411 3613 100 32 mosi

158 3663 185 56 pleasing
385 3659 272 53 intelligence.
736 3660 89 39 The
852 3658 154 40 former
1046 3658 100 40 refer
1183 3665 46 33 to
1267 3661 71 35 the
1372 3672 120 39 opera-

158 3719 111 39 tions
305 3715 51 41 of
369 3728 83 26 our
470 3726 115 39 army
606 3712 150 51 during
775 3713 70 38 the
878 3713 107 48 siege
1005 3711 48 38 of
1080 3715 98 37 Fort
1202 3712 208 46 Bourbon,
1440 3712 77 39 and

157 3776 48 35 to
239 3770 70 39 the
335 3765 272 56 capitulation
646 3767 50 39 of
720 3767 91 39 that
849 3767 226 52 important
1114 3770 104 47 post.
1280 3768 25 37 A
1305 3768 25 37 .
1354 3767 167 39 Gazette

163 3823 335 47 Extraordinary
531 3821 70 38 has
638 3821 103 39 been
780 3819 209 53 published
1019 3819 239 53 containing
1289 3819 69 39 the
1396 3820 100 51 parti-

156 3875 208 43 culars-of
389 3886 52 28 an
471 3873 255 52 expedition,
757 3873 129 38 which
917 3873 98 38 does
1042 3872 118 53 equal
1191 3872 163 39 honour
1372 3875 41 35 to
1444 3886 77 26 our

159 3944 117 39 army
305 3927 83 41 and
419 3939 107 39 navy
548 3943 9 21 :
591 3928 35 38 It
664 3924 78 40 will
780 3926 48 38 be
859 3938 92 27 seen
990 3926 38 38 in
1059 3924 176 40 another
1256 3931 91 46 part
1367 3925 50 39 of
1443 3938 77 26 our

159 3997 142 40 paper.
358 3981 78 39 We
465 3980 105 39 have
594 3992 53 26 on
683 3979 80 38 this
793 3978 206 46 occasion,
1030 3977 175 39 another
1232 3977 123 52 proof
1375 3977 53 39 of
1452 3977 70 40 the

159 4035 267 43 tremendous
437 4032 139 50 effects
592 4033 51 39 of
656 4046 80 26 our
749 4031 181 52 artillery
946 4049 11 28 ;
990 4030 126 40 which
1135 4031 70 38 has
1222 4043 92 26 now
1331 4031 188 52 acquired

158 4107 21 24 a
216 4087 169 45 decided
420 4087 255 53 superiority
711 4098 100 26 over
844 4088 90 37 that
973 4084 50 39 of
1052 4097 118 38 every
1212 4083 122 40 other
1361 4083 157 57 4►eople.

161 4142 15 41 1
176 4142 15 41 7
191 4142 81 41 ,itil
292 4140 128 56 lately
442 4140 92 39 that
554 4140 50 40 of
617 4140 70 39 the
711 4140 150 39 French
883 4140 72 38 has
972 4139 99 39 been
1088 4137 176 40 vaunted
1283 4150 41 25 as
1343 4137 69 39 the
1434 4139 85 39 best

163 4200 37 39 in
226 4201 190 50 Europe;
446 4193 78 44 but
546 4206 57 30 we
622 4194 109 40 have
751 4193 100 43 btu
874 4191 165 43 murud
1061 4192 50 52 by
1139 4204 93 27 men
1253 4189 191 56 qualified
1476 4196 43 37 to

2571 97 219 50 APRIL
2837 99 74 47 16.

1561 235 142 51 jadge,
1734 234 76 39 zind
1846 234 91 38 who
1965 234 102 39 have
2100 230 206 39 witnessed
2326 231 70 37 the
2414 228 137 40 effects
2570 230 48 37 of
2647 229 269 46 both,--that

1565 301 94 25 ours
1695 288 44 44 is,
1781 287 37 38 in
1859 299 119 26 every
2015 298 128 31 sense,
2181 283 124 51 vastly
2341 283 187 51 superior
2559 287 44 33 to
2637 283 91 37 that
2765 281 50 40 of
2846 282 71 38 the

1563 347 161 46 enemy.
1781 340 111 38 With
1915 352 22 25 a
1958 328 102 48 little
2091 350 288 39 perseverance
2399 348 52 25 on
2481 348 78 26 our
2578 334 96 46 side,
2705 337 77 38 and
2818 335 96 40 with

1569 393 202 39 Ministers
1796 391 170 56 capable
1995 390 78 39 and
2105 387 167 56 upright
2304 387 163 53 enough
2502 393 45 33 to
2577 400 174 40 manage
2779 389 117 39 effica-

1566 448 145 51 cious!)
1752 446 78 38 and
1857 442 338 53 conscientiously
2228 442 67 40 the
2315 441 111 58 affair
2445 441 19 58 4
2483 441 37 58 of
2544 443 66 38 the
2630 446 195 47 country,
2855 455 60 26 we

1565 513 65 25 see
1658 513 51 26 no
1742 511 142 27 reason
1906 503 44 33 to
1978 496 131 39 doubt
2139 496 76 39 but
2231 508 119 39 every
2375 495 154 39 branch
2551 495 50 38 of
2627 508 78 26 our
2726 496 185 51 Military

1573 554 266 50 Department
1872 563 93 41 may
1998 550 48 38 be
2081 548 159 41 carried
2272 554 43 32 to
2347 560 24 26 a
2402 547 151 52 degree
2590 546 48 40 of
2670 547 241 52 perfection,

1567 606 129 38 NVIIICII
1726 604 136 51 would
1894 605 144 40 ecuder
2066 617 78 27 our
2179 600 178 53 Military
2380 613 44 26 as
2454 599 301 54 plepuderaut
2776 614 43 26 as
2838 613 79 28 our

1569 660 133 50 Navy.

1622 774 87 39 The
1728 774 115 53 point
1860 771 52 41 of
1926 770 196 54 principal
2153 771 163 39 interest
2352 775 43 34 at
2427 775 158 46 present
2621 769 34 39 is
2675 769 236 40 Rochefort

1567 827 197 45 harhour,
1778 827 107 39 from
1904 827 162 38 whence
2085 824 152 51 tidings
2251 822 48 40 of
2315 822 69 40 the
2399 829 180 46 greatest
2598 828 183 34 moment
2819 834 92 41 may

1571 883 47 34 be
1632 879 106 53 daily
1757 879 211 53 expected.
2027 878 90 39 The
2138 876 78 40 last
2246 876 137 39 letters
2417 876 129 41 which
2574 876 104 40 have
2717 876 99 39 been
2849 887 43 27 re-

1569 932 137 39 ceived
1743 932 107 39 from
1883 932 79 39 thet
1980 943 24 28 a
2056 944 105 27 were
2197 931 181 51 brought
2412 928 50 53 by
2494 931 69 39 the
2594 932 209 46 Tonnant,
2833 930 78 39 and

1569 998 111 25 some
1698 985 50 38 of
1761 986 110 38 them
1894 998 67 25 are
1981 984 50 39 of
2044 997 45 26 so
2111 983 83 40 late
2213 997 22 25 a
2255 983 93 40 date
2369 996 41 26 as
2426 985 69 38 the
2507 984 72 39 Bth
2602 985 167 38 instaipt.
2826 983 87 39 The

1570 1037 151 40 French
1744 1037 92 39 fleet
1869 1037 78 39 had
1978 1042 74 34 not
2081 1042 43 33 at
2146 1037 87 38 that
2270 1036 97 39 time
2389 1036 99 39 been
2528 1036 193 41 attacked
2760 1036 50 52 by
2835 1049 79 26 our

1569 1090 220 52 squadron,
1826 1089 64 40 for
1911 1097 106 32 want
2042 1089 50 38 of
2122 1090 70 38 the
2212 1088 215 43 asiistance
2443 1088 50 39 of
2507 1088 69 39 the
2593 1089 223 53 fire-ships,
2846 1089 66 38 for

1570 1144 132 38 whose
1722 1142 167 45 arrival,
1910 1156 44 25 as
1982 1143 70 38 the
2080 1155 144 38 enemy
2248 1153 100 26 were
2370 1140 148 56 hourly
2538 1142 307 50 endeavouring
2865 1147 46 33 to

1570 1196 31 51 f;
1600 1204 37 31 et
1661 1196 156 39 tarther
1835 1196 39 37 in
1893 1194 132 40 shore.
2083 1192 182 43 Admiral
2288 1194 197 39 Gambier
2505 1193 96 46 had,
2620 1195 31 38 it
2681 1195 31 38 is
2727 1195 102 45 said,
2852 1206 40 27 re-

1567 1248 137 40 salved
1726 1254 44 33 to
1791 1248 94 39 wait
1905 1261 56 26 no
1989 1247 163 54 longer,
2183 1247 73 40 but
2275 1259 79 25 was
2373 1260 109 40 upon
2504 1247 69 39 the
2593 1246 117 53 point
2735 1247 51 38 of
2800 1260 90 26 coin-

1570 1303 184 51 nivecing
1775 1302 59 39 his
1853 1302 235 52 operaroas
2117 1302 94 38 with
2246 1299 67 40 the
2339 1313 141 27 means
2498 1299 130 41 which
2663 1300 51 40 he
2744 1299 167 53 already

1571 1354 213 53 possessed.
1843 1356 44 37 In
1906 1355 118 39 order
2054 1361 43 32 to
2113 1354 144 53 supply
2280 1352 69 39 the
2370 1354 170 39 absence
2556 1351 47 41 of
2627 1352 164 54 regular
2819 1352 76 41 fire-

1569 1408 120 52 ships,
1706 1408 70 39 the
1791 1406 213 52 following
2024 1413 237 47 transports,
2280 1406 67 40 the
2367 1406 209 46 Hercules,
2595 1407 69 39 the
2680 1408 150 44 Ocean,
2848 1406 70 39 the

1571 1460 162 53 Apollo,
1752 1460 78 39 and
1854 1460 70 39 the
1945 1460 124 48 Sally,
2088 1473 104 26 were
2220 1459 136 53 fitting
2378 1465 76 34 out
2474 1460 39 38 in
2533 1473 24 25 a
2577 1470 169 28 manner
2767 1472 149 40 proper

1570 1514 64 37 for
1656 1513 84 38 that
1757 1513 156 39 service
1930 1530 11 27 ;
1971 1512 77 39 and
2078 1512 70 39 the
2171 1518 102 33 most
2293 1512 227 52 important
2539 1525 104 26 news
2665 1525 110 40 may,
2794 1524 43 27 as
2856 1524 61 28 we

1566 1567 84 37 said
1672 1565 156 46 before,
1847 1566 51 37 he
1910 1565 107 53 daily
2039 1565 196 53 expected
2254 1564 105 40 from
2381 1565 91 39 that
2491 1570 183 48 quarter.

1622 1622 115 50 Upon
1757 1617 67 40 the
1847 1619 158 50 subject
2034 1618 50 38 of
2099 1619 70 37 the
2191 1619 185 51 unhappy
2405 1617 234 41 differences
2657 1617 131 39 which
2807 1616 107 41 have

1569 1671 115 39 there
1703 1671 125 39 taken
1850 1670 130 53 place,
2019 1684 59 26 we
2096 1670 100 39 shall
2219 1671 162 50 subjoin
2417 1670 69 40 the
2504 1670 213 53 following
2735 1670 158 53 particu-

1569 1724 78 39 lars
1667 1723 129 40 which
1819 1724 105 38 have
1948 1736 118 26 come
2096 1728 43 34 to
2172 1737 76 26 our
2267 1723 242 53 knowledge
2526 1740 8 22 :
2569 1727 34 35 It
2631 1726 30 35 is
2694 1724 102 45 said,
2825 1723 90 40 that

1570 1791 107 39 upon
1701 1778 107 39 Lord
1824 1778 248 40 Cochrane's
2091 1778 163 51 joining
2280 1776 69 39 the
2375 1778 112 44 fleet,
2507 1775 182 44 Admiral
2719 1776 189 40 Gambiei

1569 1844 104 37 gave
1693 1831 151 46 orders,
1867 1830 91 40 that
1972 1843 24 25 a
2016 1831 115 46 boat,
2147 1831 131 39 boat's
2297 1843 120 33 crew,
2438 1828 77 40 and
2536 1843 50 26 an
2598 1831 157 44 officer,
2769 1828 145 41 should

1571 1883 188 53 instantly
1783 1884 48 39 be
1854 1883 196 52 provided
2083 1884 54 51 by
2158 1894 124 41 every
2315 1883 92 52 ship
2438 1884 128 38 under
2584 1881 60 40 his
2662 1881 216 40 command
2898 1897 13 28 ;

1572 1936 69 39 the
1659 1936 129 39 whole
1807 1936 50 38 of
1872 1936 69 39 the
1961 1948 91 27 men
2083 1935 120 53 being
2224 1936 183 52 required
2437 1939 44 35 to
2507 1935 229 40 volunteer.
2800 1936 117 48 Upon

1572 1989 206 51 receiving
1798 1988 113 39 these
1930 1989 154 45 orders,
2104 1988 181 39 Admiral
2285 1988 25 52 -
2310 1988 155 52 Harvey
2489 1989 208 39 addressed
2717 1988 63 39 his
2797 1988 123 52 ship's

1572 2054 219 39 company,
1811 2040 97 47 and,
1928 2040 107 39 after
2053 2042 155 51 stating
2222 2040 66 39 the
2317 2047 146 33 nature
2492 2040 50 40 of
2563 2040 128 46 them,
2712 2040 204 46 declared,

1574 2094 89 38 that
1684 2094 48 38 he
1753 2092 169 41 himself
1945 2092 37 40 in
2011 2093 61 39 his
2092 2107 90 25 own
2205 2106 141 38 person
2369 2093 276 46 volunteered,
2668 2094 76 38 and
2764 2092 152 40 invited

1574 2159 41 25 as
1636 2159 120 39 many
1778 2159 44 25 as
1839 2145 124 40 chose
1980 2151 44 33 to
2044 2145 138 39 follow
2200 2146 59 39 his
2274 2147 188 51 example
2480 2164 12 26 ;
2524 2147 37 38 in
2578 2158 275 40 consequence
2874 2145 53 39 of

1576 2199 128 38 which
1739 2198 71 40 the
1843 2203 161 46 greater
2036 2204 93 45 part
2159 2198 50 39 of
2235 2199 59 39 his
2311 2198 157 40 officers
2502 2200 78 38 and
2611 2211 92 26 men
2739 2197 182 40 enrolled

1576 2251 241 40 themselves
1835 2250 122 51 along
1980 2251 96 38 with
2095 2252 98 39 him.
2249 2255 34 37 A
2304 2249 66 43 list
2389 2251 50 39 of
2450 2251 110 39 these
2575 2251 120 53 being
2709 2250 210 51 conveyed

1576 2310 43 32 to
1646 2306 69 37 the
1736 2303 234 44 Caledonia,
2000 2304 106 39 Lord
2143 2306 228 38 Gambier's
2389 2303 209 53 flag-ship,
2626 2303 64 40 his
2722 2302 196 52 Lordship

1576 2357 30 38 is
1628 2369 41 27 r:
1672 2357 143 52 ported
1848 2361 43 34 to
1925 2356 104 39 have
2061 2356 148 46 stated,
2237 2356 90 40 that
2359 2356 113 40 these
2494 2369 103 27 were
2616 2361 73 33 not
2706 2354 213 56 generally

1573 2409 70 40 the
1663 2408 96 40 kind
1776 2408 50 39 of
1835 2407 234 43 volunteers
2086 2411 50 38 he
2157 2411 154 38 wanted
2327 2426 12 28 ;
2359 2422 45 25 as
2424 2408 109 41 Lord
2549 2408 210 41 Cochrane
2777 2421 81 25 was
2877 2414 44 32 to

1573 2463 215 39 command
1811 2460 71 40 the
1902 2461 254 52 expedition,
2186 2463 50 38 of
2259 2477 22 21 IA
2294 2463 92 43 Web
2418 2463 283 52 appointment
2720 2461 52 39 he
2793 2461 130 48 (Lord

1576 2515 214 50 Gambier)
1808 2515 79 39 had
1907 2512 167 41 himself
2094 2529 115 26 some
2226 2528 138 28 reason
2394 2520 44 34 to
2459 2515 222 54 complain,
2711 2515 213 39 iaasmuch

1576 2582 43 25 as
1637 2569 32 39 it
1687 2568 158 39 seemed
1880 2574 44 33 to
1952 2567 174 43 indicate
2160 2569 91 39 that
2280 2569 118 39 there
2431 2582 80 25 was
2546 2581 53 26 no
2620 2568 150 39 Officer
2802 2568 37 38 in
2862 2567 63 40 his

1576 2614 92 46 fleet
1689 2621 46 41 fit
1755 2626 44 37 to
1822 2620 98 40 take
1941 2621 154 52 charge
2117 2621 52 39 of
2194 2621 69 39 the
2280 2623 178 41 service;
2490 2621 77 39 but
2584 2621 92 39 that
2695 2619 230 53 Admiralty

1576 2673 150 39 Orders
1744 2678 45 34 to
1812 2673 80 39 this
1923 2673 119 40 effitct
2060 2673 79 39 had
2166 2673 97 39 been
2285 2675 201 44 received,
2519 2673 148 46 which,
2696 2673 51 39 of
2761 2685 157 33 course,

1577 2727 48 37 lie
1645 2731 105 33 must
1770 2726 123 51 obey.
1924 2727 223 50 Hereupon
2170 2727 178 38 Admiral
2374 2728 163 48 Harvey
2554 2726 31 39 is
2602 2725 131 40 stated
2756 2731 43 33 to
2815 2725 106 39 have

1576 2778 211 53 expressed
1804 2778 70 43 the
1892 2784 181 46 greatest
2088 2779 328 47 dissatisfaction,
2434 2777 78 41 and
2532 2785 44 33 to
2596 2777 104 40 have
2720 2777 206 40 bestowed

1580 2844 110 38 upon
1726 2831 105 39 Lord
1871 2831 197 40 Gambier
2101 2831 167 40 himself
2294 2832 177 52 epithets
2499 2831 51 40 of
2581 2832 119 38 other
2735 2829 195 53 qualities

1577 2887 103 39 than
1698 2884 115 39 those
1833 2883 130 41 which
1987 2885 51 38 he
2057 2885 72 37 has
2148 2883 162 40 evinced
2334 2887 38 37 in
2404 2884 59 38 his
2484 2883 242 54 profession,
2756 2883 97 39 such
2885 2895 43 26 as

1577 2940 168 44 ./esuist,
1776 2937 226 47 Methodist,
2033 2937 79 39 and
2156 2939 313 47 Psalm-singer;
2499 2937 78 39 and
2614 2936 52 40 all
2689 2936 79 39 this
2799 2936 37 37 in
2858 2936 70 37 the

1579 3000 187 38 presence
1785 2988 51 40 of
1846 2991 170 50 Captain
2041 2989 193 45 Bedford,
2248 2991 48 39 of
2311 2991 69 38 the
2395 2989 235 43 Caledonia,
2661 2989 93 38 who
2774 2987 155 40 desired

1579 3047 43 34 to
1644 3041 119 39 know
1785 3041 37 39 if
1837 3043 32 39 it
1887 3056 79 27 was
1983 3048 138 34 meant
2151 3043 91 39 that
2262 3044 77 39 this
2360 3041 110 54 reply
2490 3041 142 40 should
2653 3044 51 37 be
2722 3043 207 51 conveyed

1580 3100 41 33 to
1641 3096 67 39 the
1729 3096 273 40 Commander
2023 3097 37 37 in
2079 3094 143 47 Chief;
2254 3102 41 34 to
2313 3094 129 40 which
2464 3096 70 40 the
2551 3094 118 41 other
2688 3106 242 41 answering,

1580 3148 39 39 in
1650 3148 66 40 the
1740 3148 96 40 heat
1856 3148 51 39 of
1917 3149 176 51 passion,
2124 3149 40 39 in
2183 3149 70 39 the
2272 3149 259 46 affirmative,
2561 3148 70 40 the
2649 3148 254 40 communica-

1580 3201 85 39 tion
1684 3201 262 52 accordingly
1985 3201 105 40 took
2127 3201 130 53 place,
2285 3201 79 39 and
2383 3201 71 39 the
2474 3201 118 39 letter
2611 3201 67 40 for
2714 3214 24 26 a
2777 3202 150 38 Court-

1584 3253 161 39 Martial
1781 3266 80 27 was
1887 3253 70 40 the
1980 3253 139 40 result.
2178 3254 72 39 We
2280 3267 70 27 are
2368 3253 229 47 extremely
2617 3267 113 39 sorry
2752 3253 67 40 for
2846 3266 81 40 any

1580 3319 243 27 occurrence
1843 3306 52 39 of
1917 3306 78 39 this
2013 3312 149 34 nature
2178 3307 38 38 in
2237 3306 69 40 the
2324 3307 113 44 fleet,
2466 3299 150 52 which,
2636 3306 292 43 nevertheless,

1581 3359 189 51 proceeds
1791 3358 110 40 from
1922 3372 24 25 a
1964 3358 152 54 feeling
2148 3364 105 41 most
2272 3358 305 43 characteristic
2609 3359 48 38 of
2673 3359 70 39 the
2763 3359 27 38 (r
2790 3358 141 40 eneral

1581 3411 117 53 spirit
1719 3410 50 40 of
1794 3411 71 40 the
1887 3410 146 40 British
2057 3424 125 41 navy,
2212 3412 178 44 namely,
2420 3425 22 24 a
2476 3411 176 54 jealousy
2676 3412 51 40 of
2756 3390 137 69 honour,
2893 3390 20 69 r
2913 3390 20 69 '

1583 3477 51 26 an
1667 3464 145 40 ardent
1830 3464 131 40 desire
1980 3471 44 32 to
2044 3467 52 38 be
2131 3467 39 38 in
2191 3464 69 40 the
2281 3456 122 50 midst
2418 3464 51 41 of
2478 3467 171 52 danger,
2681 3465 129 40 which
2842 3464 90 47 has,

1583 3516 189 53 perhaps,
1804 3517 39 39 in
1865 3517 69 39 the
1967 3522 164 45 present
2160 3517 193 46 instance,
2374 3519 161 39 broken
2569 3522 76 37 out
2563 3516 4 53 -
2663 3517 89 40 into
2770 3531 25 25 a
2828 3517 105 40 little

1584 3570 198 52 irregular
1802 3569 46 40 fit
1865 3569 51 40 of
1925 3567 151 56 spleen,
2109 3572 74 39 but
2202 3572 130 39 which
2352 3583 60 27 we
2431 3572 80 40 still
2532 3572 105 52 hope
2657 3569 81 41 will
2769 3569 167 43 involve

1583 3637 107 26 none
1708 3625 50 38 of
1773 3624 69 39 the
1861 3625 150 51 parties
2029 3624 228 40 concerned
2283 3625 39 39 in
2340 3637 79 40 any
2443 3625 155 39 serious
2615 3635 312 39 consequences.

1638 3678 204 38 Accounts
1863 3676 182 40 received
2067 3677 209 52 yesterday
2296 3683 120 39 state,
2445 3677 91 39 that
2567 3677 105 39 Lord
2704 3677 228 44 Cochrane,

1584 3729 96 40 with
1703 3729 59 40 his
1783 3728 113 40 usual
1920 3725 201 57 vigilance
2150 3729 78 40 and
2259 3730 300 52 promptitude.
2593 3729 219 52 observing
2845 3729 91 39 that

1584 3782 71 39 the
1672 3784 150 50 Enemy
1846 3795 106 26 were
1969 3783 183 52 erecting
2176 3783 37 39 in
2237 3785 152 48 Basque
2412 3783 139 38 Roads
2572 3795 22 26 a
2616 3784 163 50 battery
2800 3788 44 33 to
2865 3795 47 25 an-

1585 3848 81 39 noy
1695 3848 79 26 our
1804 3834 110 52 ships
1932 3834 35 39 in
1990 3835 109 39 their
2118 3836 234 51 operations
2370 3836 161 50 against
2552 3836 65 39 the
2637 3836 151 37 French
2819 3848 94 39 slim-

1584 3888 122 47 dror,
1726 3887 273 51 immediately
2020 3887 195 43 attacked
2237 3888 45 46 it,
2303 3888 194 44 and,with
2520 3893 80 33 two
2619 3887 98 51 long
2737 3892 178 57 24-poun-

1585 3943 106 45 ders,
1722 3940 102 54 kept
1847 3954 54 38 up
1917 3940 96 40 such
2037 3954 24 25 a
2082 3943 92 46 fire,
2194 3941 87 39 that
2311 3941 31 39 it
2365 3954 81 25 was
2470 3940 175 52 speedily
2666 3940 268 39 demolished.

1586 3996 91 39 The
1694 4007 143 39 enemy
1870 3993 105 40 have
1993 3992 79 41 had
2091 3994 69 39 the
2178 3996 165 38 caution
2365 3999 45 33 to
2432 3993 105 53 keep
2559 4006 25 26 a
2610 3994 98 38 boat
2735 3994 206 39 stationed

1584 4048 111 40 close
1714 4052 45 35 to
1779 4046 70 39 the
1867 4046 135 40 cables
2028 4046 52 40 of
2104 4048 52 39 all
2178 4046 104 41 their
2300 4046 125 54 ships,
2456 4054 43 33 to
2520 4051 168 50 prevent
2718 4046 123 54 being
2855 4059 65 27 sur-

1589 4101 129 53 prised
1739 4101 52 52 by
1811 4114 81 26 our
1910 4100 157 53 gallant
2085 4104 99 35 tars.

1641 4153 87 41 The
1746 4153 208 53 squadron
1974 4153 45 41 of
2039 4152 185 43 Admiral
2259 4153 255 46 Duckworth
2542 4153 32 43 is
2598 4153 163 43 arrived
2784 4157 40 35 at
2845 4152 93 54 Ply,

1586 4206 165 43 mouth.

1824 1944 33 30 if
1872 1944 69 31 the
1961 1948 91 27 men
2083 1944 120 44 being
2224 1944 183 43 required
2437 1944 44 31 to
2507 1944 229 31 volunteer.
2800 1944 117 40 Upon

1824 1988 87 39 hese
1930 1989 154 45 orders,
2104 1987 162 40 Admiral
2265 1987 24 40 -
2301 1990 164 50 Harvey
2489 1989 208 39 addressed
2717 1988 63 39 his
2797 1988 123 52 ship's

1824 2040 84 39 and,
1928 2040 107 39 after
2053 2042 155 50 stating
2222 2040 66 39 the
2317 2047 146 33 nature
2492 2040 50 40 of
2563 2040 128 46 them,
2712 2040 204 46 declared,

1824 2092 98 40 nself
1945 2092 37 40 in
2011 2093 61 39 his
2092 2099 113 33 own
2205 2106 141 38 person
2369 2093 276 46 volunteered,
2668 2094 76 38 and
2764 2092 152 40 invited

1839 2145 124 40 chose
1980 2151 44 33 to
2044 2145 138 39 follow
2200 2146 59 39 his
2274 2147 188 51 example
2480 2164 12 26 ;
2524 2147 37 38 in
2578 2158 275 40 consequence
2874 2145 53 39 of

1843 2203 161 46 greater
2036 2204 93 45 part
2159 2198 50 39 of
2235 2199 59 39 his
2311 2198 157 40 officers
2502 2200 78 38 and
2611 2211 92 26 men
2739 2197 182 40 enrolled

1835 2250 122 51 along
1980 2251 96 38 with
2095 2252 98 39 him.
2249 2255 34 37 A
2304 2249 66 43 list
2389 2251 50 39 of
2450 2251 110 39 these
2575 2251 120 53 being
2709 2250 210 51 conveyed

1824 2303 146 44 !donia,
2000 2304 106 39 Lord
2143 2306 228 38 Gambier's
2389 2303 209 53 flag-ship,
2626 2303 64 40 his
2722 2302 196 52 Lordship

1848 2361 43 34 to
1925 2356 104 39 have
2061 2356 148 46 stated,
2237 2356 90 40 that
2359 2356 113 40 these
2494 2369 103 27 were
2616 2361 73 33 not
2706 2354 213 56 generally

1824 2407 246 43 'volunteers
2086 2411 50 38 he
2157 2411 154 38 wanted
2327 2426 12 28 ;
2359 2422 45 25 as
2424 2408 109 41 Lord
2549 2408 210 41 Cochrane
2777 2421 81 25 was
2877 2414 44 32 to

1824 2460 58 40 the
1902 2461 254 52 expedition,
2186 2463 50 38 of
2259 2463 126 43 %IWO)
2418 2463 283 52 appointment
2720 2461 52 39 he
2793 2461 130 48 (Lord

1824 2515 64 39 lad
1907 2512 167 41 himself
2094 2529 115 26 some
2226 2528 138 28 reason
2394 2520 44 34 to
2459 2515 222 54 complain,
2711 2515 213 39 laasmuch

1824 2568 21 38 !d
1880 2574 44 33 to
1952 2567 174 43 indicate
2160 2569 91 39 that
2280 2569 118 39 there
2431 2582 80 25 was
2546 2581 53 26 no
2620 2568 150 39 Officer
2802 2568 37 38 in
2862 2567 63 40 his

1824 2620 97 40 take
1941 2621 154 52 charge
2117 2621 52 39 of
2194 2621 69 39 the
2280 2623 178 41 service;
2490 2621 77 39 but
2584 2621 92 39 that
2695 2619 230 53 Admiralty

1824 2673 69 39 this
1923 2673 119 40 effect
2060 2673 79 39 had
2166 2673 97 39 been
2285 2675 201 44 received,
2519 2673 148 46 which,
2696 2673 51 39 of
2761 2685 157 33 course,

1824 2739 70 38 ley.
1924 2727 223 50 Hereupon
2170 2727 178 38 Admiral
2374 2728 163 48 Harvey
2554 2726 31 39 is
2602 2725 131 40 stated
2756 2731 43 33 to
2815 2725 106 39 have
3222 2706 31 78 11
3253 2706 31 78 °1

1824 2778 50 43 he
1892 2784 181 46 greatest
2088 2779 328 47 dissatisfaction,
2434 2771 90 47 and
2532 2785 44 33 to
2596 2777 104 40 have
2720 2777 206 40 bestowed

1824 2831 7 39 I
1871 2831 197 40 Gambier
2101 2831 167 40 himself
2294 2832 177 52 epithets
2499 2831 51 40 of
2581 2832 119 38 other
2735 2829 195 53 qualities

1833 2883 130 41 which
1987 2885 51 38 he
2057 2885 72 37 has
2148 2883 162 40 evinced
2334 2887 38 37 in
2404 2884 59 38 his
2484 2883 242 54 profession,
2756 2883 97 39 such
2885 2895 43 26 as
3272 2908 6 6 •

1824 2937 178 47 'ethodist,
2033 2937 79 39 and
2156 2939 313 47 Psalm-singer;
2499 2937 78 39 and
2614 2936 52 40 all
2689 2936 79 39 this
2799 2936 37 37 in
2858 2936 70 37 the
3265 2949 24 17 ...,

1824 2988 12 40 f
1846 2991 170 50 Captain
2041 2989 193 45 Bedford,
2248 2991 48 39 of
2311 2991 69 38 the
2395 2989 266 43 Caledonia,
2661 2989 93 38 who
2774 2987 155 40 desired

1824 3041 1 54 '
1837 3043 32 39 it
1887 3056 79 27 was
1983 3048 138 34 meant
2151 3043 91 39 that
2262 3044 77 39 this
2360 3041 110 54 reply
2490 3041 142 40 should
2653 3044 51 37 be
2722 3043 207 51 conveyed

1824 3096 178 39 inlander
2023 3097 37 37 in
2079 3094 143 47 Chief;
2254 3102 41 34 to
2313 3094 129 40 which
2464 3096 70 40 the
2551 3094 118 41 other
2688 3106 242 41 answering,

1824 3154 12 32 t
1856 3148 51 39 of
1917 3149 176 51 passion,
2124 3149 40 39 in
2183 3149 70 39 the
2272 3149 259 46 affirmative,
2561 3148 70 40 the
2649 3148 281 40 communica-

1824 3201 123 52 lingly
1985 3201 105 40 took
2127 3201 130 53 place,
2285 3201 79 39 and
2383 3201 71 39 the
2474 3201 118 39 letter
2611 3201 67 40 for
2714 3214 24 26 a
2777 3202 150 38 Court-
3256 3201 2 53 •

1824 3266 38 27 as
1887 3253 70 40 the
1980 3253 139 40 result.
2178 3254 72 39 We
2280 3267 70 27 are
2368 3253 229 47 extremely
2617 3267 113 39 sorry
2752 3253 67 40 for
2846 3266 81 40 any

1824 3299 1 52 u
1843 3306 52 39 of
1917 3306 78 39 this
2013 3312 149 34 nature
2178 3307 38 38 in
2237 3306 69 40 the
2324 3307 113 44 fleet,
2466 3299 150 52 which,
2636 3306 292 43 nevertheless,

1824 3371 77 27 rom
1922 3372 24 25 a
1964 3358 152 54 feeling
2148 3364 105 41 most
2272 3358 305 43 characteristic
2609 3359 48 38 of
2673 3359 70 39 the
2763 3359 27 38 (r
2790 3358 141 40 eneral

1824 3412 41 39 he
1887 3410 146 40 British
2057 3424 125 41 navy,
2212 3412 178 44 namely,
2420 3425 22 24 a
2476 3411 176 54 jealousy
2676 3412 51 40 of
2756 3390 400 69 honour,
3156 3390 57 69 r
3213 3390 58 69 '
3270 3439 15 4 -•

1830 3464 131 40 desire
1980 3471 44 32 to
2044 3467 52 38 be
2131 3467 39 38 in
2191 3464 69 40 the
2281 3456 122 50 midst
2418 3464 51 41 of
2478 3467 171 52 danger,
2681 3465 129 40 which
2842 3464 90 47 has,

1824 3531 19 25 n
1865 3517 69 39 the
1967 3522 164 46 present
2160 3517 193 46 instance,
2374 3519 161 39 broken
2569 3522 76 37 out
2663 3517 89 40 into
2770 3531 25 25 a
2828 3517 105 40 little

1824 3569 25 40 it
1865 3569 51 40 of
1925 3568 151 54 spleen,
2109 3572 74 39 but
2202 3572 130 39 which
2352 3583 60 27 we
2431 3572 80 40 still
2532 3572 105 52 hope
2657 3569 81 41 will
2769 3569 167 43 involve

1824 3638 18 25 e
1861 3625 150 51 parties
2029 3624 228 40 concerned
2283 3625 39 39 in
2340 3637 79 40 any
2443 3625 155 39 serious
2615 3635 312 39 consequences.

1824 3690 19 25 .s
1863 3676 182 40 received
2067 3677 209 52 yesterday
2296 3683 120 39 state,
2445 3677 91 39 that
2567 3677 105 39 Lord
2704 3677 228 44 Cochrane,

1824 3728 73 40 mal
1920 3725 201 57 vigilance
2150 3729 78 40 and
2259 3730 300 52 promptitude.
2593 3729 219 52 observing
2845 3729 91 39 that

1846 3795 106 26 were
1969 3783 183 52 erecting
2176 3783 37 39 in
2237 3785 152 48 Basque
2412 3783 139 38 Roads
2572 3795 22 26 a
2616 3784 163 50 battery
2800 3788 44 33 to
2865 3795 70 25 an-

1824 3834 90 52 ;hips
1932 3834 35 39 in
1990 3835 109 39 their
2118 3836 234 51 operations
2370 3836 161 50 against
2552 3836 65 39 the
2637 3836 151 37 French
2819 3848 118 39 slim-

1824 3887 175 51 tediately
2020 3887 195 43 attacked
2237 3888 45 46 it,
2303 3888 128 44 and,w
2443 3888 54 39 ith
2520 3893 80 33 two
2619 3887 98 51 long
2737 3892 203 57 24-poun-

3299 3932 5 19 ,•

1847 3954 54 38 up
1917 3940 96 40 such
2037 3954 24 25 a
2082 3943 92 46 fire,
2194 3941 87 39 that
2311 3941 31 39 it
2365 3954 81 25 was
2470 3940 175 52 speedily
2666 3940 268 39 demolished.

1824 4007 13 39 y
1870 3993 105 40 have
1993 3992 79 41 had
2091 3994 69 39 the
2178 3996 165 38 caution
2365 3999 45 33 to
2432 3993 105 53 keep
2559 4006 25 26 a
2610 3994 98 38 boat
2735 3994 206 39 stationed

1826 4059 22 26 e
1867 4046 135 40 cables
2028 4046 52 40 of
2104 4048 52 39 all
2178 4046 104 41 their
2300 4046 125 54 ships,
2456 4054 43 33 to
2520 4051 168 50 prevent
2718 4046 123 54 being
2855 4059 86 27 .sur-

1824 4114 41 26 COLI
1874 4114 18 25 r
1910 4100 157 53 gallant
2085 4104 99 35 tars.
2337 4140 7 7 .
3001 4100 2 53 •

1825 4153 129 43 adron
1974 4153 45 41 of
2039 4152 185 43 Admiral
2259 4153 255 46 Duckworth
2542 4153 32 43 is
2598 4153 163 43 arrived
2784 4157 40 35 at
2845 4152 93 54 Ply,

0 2722 109 428 P
