3224 4453
221 90 163 61 APIA
396 92 43 53 L
472 92 51 52 1.

221 254 74 34 any
315 241 158 35 rational
493 239 242 46 expectation
754 237 46 34 be
819 236 158 41 formed,
996 235 78 35 that
1094 235 86 34 such
1200 239 181 31 measures
1408 235 80 33 will
1507 235 45 33 be

223 289 182 46 adopted,
425 288 111 33 while
555 288 65 33 the
638 291 254 40 management
908 282 45 35 of
979 283 124 46 public
1117 282 129 35 affairs
1267 285 28 32 is
1310 283 40 33 in
1368 281 63 35 the
1446 281 109 33 hands

224 338 47 34 of
285 346 167 38 persons,
462 346 32 24 w
503 334 46 34 his
566 344 65 25 are
644 333 216 35 themselves
887 333 65 33 the
972 335 157 43 greatest
1156 331 224 34 Pensioners
1394 330 71 34 and
1481 330 51 33 Re-

224 385 215 35 versionists
457 384 37 33 in
513 383 64 33 the
595 381 191 43 kingdom.

279 431 201 40 Resolved,
506 430 102 34 That
627 430 27 33 it
676 430 64 32 has
756 430 97 32 since
869 425 190 47 appeared
1071 426 48 44 by
1141 436 24 24 a
1185 424 145 46 Report
1349 424 44 33 of
1408 433 24 24 a
1449 423 80 33 Com-

228 478 131 37 mittee
387 477 45 35 of
444 477 61 33 the
526 477 130 34 house
671 476 45 33 of
733 476 207 40 Commons,
969 474 79 34 that
1067 470 279 46 Seventy-eight
1378 470 181 34 Members

229 526 45 35 of
292 527 78 34 that
393 524 124 37 House
535 535 66 25 are
620 524 37 33 in
674 522 61 34 the
758 523 143 44 receipt
918 522 44 33 of
989 520 181 43 178,9941.
1189 528 67 37 per
1271 528 148 31 annum,
1443 521 61 31 out
1521 515 44 34 of

230 574 64 33 the
315 574 126 45 public
461 581 151 34 money,
632 570 102 43 who,
752 570 91 35 with
862 569 100 34 their
986 568 189 34 Relations
1191 567 71 35 and
1276 567 64 33 the
1357 566 118 34 Naval
1492 563 67 34 and

234 621 176 44 Military
431 620 154 35 Officers
605 620 35 32 in
670 618 81 34 that
774 618 145 40 House,
940 624 94 27 must
1050 617 83 43 give
1148 626 25 24 a
1188 619 93 28 most
1299 612 240 46 preponderat-

233 671 65 41 ing
314 669 71 34 and
404 667 227 34 destructive
644 665 176 35 influence
837 671 39 27 to
895 665 64 33 the
976 664 183 34 Ministers
1176 661 44 33 of
1232 660 65 33 the
1317 660 149 32 Crown.

289 717 67 33 IX.
389 713 197 41 Resolved,
606 715 102 33 That
728 712 30 34 if
768 723 73 34 any
861 711 117 35 doubt
996 711 104 33 could
1117 709 137 35 remain
1267 717 41 24 as
1322 711 39 28 to
1380 706 59 33 the
1457 706 86 32 bane-

233 763 54 34 ful
306 763 107 34 effect
430 763 44 33 of
481 762 85 34 such
585 762 190 40 influence,
794 759 26 33 it
839 761 66 33 has
921 759 93 33 been
1044 756 196 43 utliciently
1260 752 237 45 exemplified
1515 752 47 43 by

235 811 66 35 the
332 810 177 46 rejection
535 809 45 33 of
598 809 72 33 Mr.
696 806 182 35 Wardle's
909 808 78 32 late
1017 802 230 50 proposition
1284 802 37 33 in
1342 801 222 33 Parliament

235 859 146 44 against
396 857 63 35 the
475 861 93 30 most
581 855 207 35 conclusive
807 854 190 40 evidence,
1009 853 66 34 and
1087 849 242 45 unequivocal
1344 856 98 25 cmse
1456 847 41 33 of
1506 844 61 34 the

235 911 156 41 country
407 918 12 28 ;
444 906 71 33 and
535 904 126 35 where
696 904 27 32 it
756 900 207 46 appeared,
994 900 77 34 that
1088 899 51 34 all
1160 898 54 34 his
1232 894 194 45 Majesty's
1441 894 106 33 Minis-

236 959 94 35 ters,
363 953 53 34 all
448 953 65 33 the
544 952 215 39 Placemen,
787 948 71 35 and
887 947 53 35 all
965 946 64 35 the
1048 946 216 35 Pensioners
1296 943 89 34 then
1410 946 159 39 present,

239 1000 141 44 (stated
409 1005 40 30 to
483 1000 46 33 be
552 997 233 47 eighty-two
815 997 37 34 in
879 990 187 47 number),
1094 991 110 35 voted
1232 990 146 45 against
1398 990 61 33 the
1492 987 77 34 said

240 1048 270 46 Proposition;
548 1044 116 37 while
696 1044 44 34 of
757 1054 128 26 course
912 1044 35 32 in
981 1042 64 34 the
1068 1039 171 44 minority
1259 1037 43 33 of
1328 1036 79 43 125,
1426 1039 59 30 not
1504 1044 69 25 one

241 1096 289 34 Minister—not
554 1103 70 25 one
647 1094 309 34 Placeman—not
976 1097 70 26 one
1064 1084 319 39 Pensioner--and
1401 1083 84 45 only
1505 1091 66 25 one

242 1142 126 37 Naval
389 1143 69 34 and
478 1154 69 22 one
567 1141 175 46 Military
762 1140 248 34 Commander
1028 1147 73 24 was
1120 1139 39 31 to
1176 1134 47 33 be
1244 1128 128 39 fonfld.

293 1192 50 33 X.
363 1189 201 39 Resolved,
598 1188 103 34 That
731 1187 107 34 other
859 1187 265 33 Governments
1155 1181 93 34 have
1280 1174 190 40 crumbled
1494 1174 77 38 into

243 1238 242 35 ruin—other
507 1239 122 33 States
663 1235 93 34 have
784 1235 92 33 been
892 1232 214 39 subverted,
1133 1228 71 35 and
1232 1226 99 35 their
1348 1226 138 34 antient
1501 1226 70 33 and

243 1286 198 33 venerable
468 1284 235 35 Institutions
719 1281 237 35 overthrown
973 1281 48 43 by
1045 1279 61 33 the
1124 1277 112 41 folly,
1256 1273 226 45 profligacy,
1502 1273 69 32 and

244 1335 99 33 vices
363 1333 43 32 of
420 1332 98 35 their
540 1331 132 34 Rulers
690 1342 9 21 :
725 1329 70 34 and
814 1329 37 34 in
870 1329 60 33 the
950 1326 152 44 opinion
1121 1324 44 33 of
1185 1324 72 32 this
1271 1323 181 34 Common
1466 1319 105 40 Hall,

243 1382 119 33 unless
376 1381 73 34 this
461 1377 289 44 overwhelming
761 1376 77 34 tide
850 1376 43 33 of
901 1374 224 41 Corruption
1143 1371 28 32 is
1186 1370 151 33 resisted
1352 1369 47 41 by
1417 1374 136 37 temper-

244 1433 65 28 ate
326 1428 70 33 and
417 1428 128 44 timely
570 1423 275 39 Reformation,
874 1423 30 33 it
921 1429 93 26 must
1031 1417 202 44 inevitably
1250 1415 85 34 lead
1361 1422 39 26 to
1416 1415 61 33 the
1494 1414 80 34 ruin

244 1476 73 33 and
333 1475 235 45 subjugation
582 1473 46 34 of
644 1473 71 33 this
731 1473 181 41 Country.

296 1522 74 34 XI.
404 1520 197 43 Resolved,
618 1520 100 34 That
731 1519 30 33 it
774 1518 80 34 will
872 1519 44 33 he
933 1514 131 46 highly
1075 1511 201 47 expedient
1289 1508 60 35 for
1364 1508 63 35 the
1441 1508 131 44 Livery

247 1571 45 34 of
309 1571 161 43 London,
488 1569 191 35 sometime
696 1565 126 41 during
834 1565 64 33 the
912 1567 143 41 present
1072 1560 155 39 Session,
1257 1561 39 30 to
1328 1561 92 30 meet
1439 1557 58 34 for
1513 1557 63 33 the

248 1628 165 35 purpose
429 1617 45 33 of
494 1617 129 44 laying
637 1625 24 24 a
672 1611 148 37 faithful
835 1615 194 31 statement
1039 1607 41 35 of
1103 1607 98 34 their
1215 1604 221 35 Grievances
1449 1603 126 34 before

253 1667 244 38 Parliament,
514 1663 72 35 and
607 1672 91 34 pray
713 1661 58 34 for
788 1659 138 34 redress
944 1658 45 34 of
1002 1657 60 34 the
1076 1665 111 24 same.

298 1713 103 35 XII.
429 1710 201 41 Resolved,
657 1709 99 33 That
784 1708 64 33 the
873 1707 154 33 Thanlcs
1057 1702 43 34 of
1127 1702 73 33 this
1218 1698 176 35 Common
1413 1697 90 34 Hall
1530 1697 46 33 be

249 1760 112 46 given
386 1767 39 27 to
444 1759 200 34 Alderman
664 1755 180 39 Coombe,
870 1763 67 24 one
956 1752 44 34 of
1015 1752 60 34 the
1095 1747 319 45 Representatives
1429 1744 57 34 for
1504 1743 72 34 this

255 1808 106 44 City,
389 1808 37 33 in
446 1807 243 34 Parliament,
709 1801 58 35 for
781 1800 222 46 supporting
1019 1800 74 33 Mr.
1122 1793 181 38 Wardle's
1322 1792 161 41 Motion,
1506 1792 70 34 and

253 1856 146 45 general
428 1851 280 46 ineorruptable
723 1848 169 35 comduct.

301 1900 128 37 XIII.
461 1898 198 40 Resolved,
684 1898 99 33 That
802 1898 59 31 Sir
894 1892 167 35 William
1072 1891 136 39 Curtis,
1228 1886 103 37 Bart.
1350 1885 59 37 Sir
1427 1885 152 35 Charles

255 1950 128 39 Price,
411 1949 106 34 Bart.
536 1946 72 34 and
622 1945 125 33 James
762 1944 132 40 Shaw,
917 1943 89 41 Esq.
1028 1941 99 33 three
1146 1937 44 33 of
1204 1937 61 33 the
1276 1933 302 48 representatives

255 1997 60 34 for
334 1996 71 34 this
442 1995 90 44 City
568 1994 37 33 in
637 1991 246 38 Parliament,
922 1989 96 33 have
1050 1988 50 41 by
1127 1984 99 33 their
1261 1989 125 28 recent
1416 1980 164 35 Conduct

255 2044 162 38 therein,
442 2042 124 43 sliewn
583 2052 24 22 a
635 2043 187 39 contempt
854 2035 71 35 and
943 2031 188 45 disregard
1149 2033 60 33 for
1226 2029 63 34 the
1307 2028 182 47 Opinions
1509 2028 70 32 and

256 2094 178 32 Interests
450 2088 44 34 of
520 2087 98 34 t`teir
637 2087 261 37 Constituents,
924 2094 25 22 a
976 2081 87 34 bare
1078 2078 260 45 subserviency
1356 2083 38 27 to
1422 2075 63 33 the
1505 2074 76 33 will

255 2138 45 34 of
317 2138 200 40 Ministers,
542 2135 72 34 and
631 2143 65 25 are
712 2131 185 34 therefore
919 2127 196 45 unworthy
1135 2126 64 34 the
1217 2125 207 34 confidence
1436 2121 43 35 of
1487 2120 98 35 their

259 2185 130 34 fellow
404 2184 170 34 citizens.

307 2232 115 34 XIV.
456 2231 103 33 That
583 2228 66 35 the
680 2226 151 34 Thanks
853 2224 44 34 of
918 2224 76 34 this
1024 2222 177 35 Common
1233 2219 91 35 Hall
1355 2219 47 32 he
1424 2217 103 44 given
1547 2219 37 28 to

259 2281 148 34 Robert
431 2278 229 39 Waithman,
683 2276 85 43 Esq.
788 2274 59 33 for
865 2272 53 34 his
937 2271 123 44 manly
1077 2270 164 32 Conduct
1263 2268 33 32 in
1313 2267 71 33 this
1404 2267 180 32 instance;

259 2328 72 33 and
345 2328 59 33 for
423 2327 54 32 his
497 2324 83 34 zeal
598 2322 72 35 and
692 2322 158 32 firmness
868 2330 46 24 on
930 2320 53 33 all
1000 2317 184 34 occasions
1205 2315 124 33 where
1350 2315 60 32 the
1426 2313 159 33 interests

260 2372 48 35 of
326 2374 61 33 the
410 2374 133 43 Livery
559 2381 65 24 are
639 2369 34 33 in
692 2369 183 44 question.

308 2422 89 33 XV.
422 2419 202 39 Resolved,
643 2418 99 33 That
761 2415 59 34 the
843 2413 93 34 Lord
958 2413 136 44 Mayor
1113 2412 78 39 has,
1211 2409 51 43 by
1276 2407 159 43 refusing
1453 2409 37 30 to
1505 2414 64 24 con-

261 2478 91 26 vene
369 2479 24 22 a
411 2470 178 33 Common
611 2465 90 33 Hall
730 2473 44 24 on
806 2463 104 33 three
939 2459 167 37 different
1137 2457 269 44 Requisitions,
1433 2453 48 34 by
1505 2463 63 33 pre-

261 2517 142 43 suming
419 2520 37 28 to
474 2515 142 34 dictate
639 2511 64 33 the
720 2511 125 33 Terms
875 2507 71 34 and
965 2505 136 45 Object
1128 2504 44 34 of
1193 2505 63 32 the
1284 2506 148 40 present
1453 2499 117 43 Reqtti-

260 2557 129 46 ;Rion,
406 2563 67 33 and
493 2562 63 33 the
572 2558 149 35 trouble
735 2557 69 33 and
823 2557 111 41 delay
957 2554 45 34 he
1029 2551 162 40 created,
1220 2550 125 33 shewn
1364 2558 22 24 a
1404 2551 184 38 contempt

260 2613 72 33 and
350 2609 187 43 disregard
566 2606 60 35 for
657 2607 63 33 the
738 2603 133 45 Rights
886 2602 73 34 and
983 2601 202 41 Privileges
1204 2597 40 33 of
1257 2597 64 33 the
1344 2596 148 41 Livery,
1519 2593 70 33 and

263 2660 32 34 is
308 2656 188 37 therefore
514 2653 198 44 unworthy
730 2653 64 33 the
811 2649 221 35 Confidence
1045 2647 41 33 of
1103 2647 56 33 his
1178 2644 124 34 fellow
1319 2642 176 35 Citizens.

309 2720 74 35 Mr.
405 2718 255 34 ALDERMAN
680 2715 158 35 CURTIS
872 2720 104 26 came
1010 2707 164 35 forward
1205 2713 38 27 to
1273 2706 93 33 offer
1394 2701 148 37 himself
1554 2707 35 27 to

259 2777 66 34 the
341 2777 150 43 Livery,
507 2776 66 33 but
592 2773 64 33 the
671 2767 315 47 disapprobation
1004 2777 70 24 was
1094 2776 39 22 so
1152 2764 85 34 loud
1253 2763 72 34 and
1343 2772 39 24 so
1395 2759 197 43 universal,

261 2836 83 34 that
364 2833 45 33 he
423 2843 74 25 was
516 2830 152 44 obliged
684 2835 38 28 to
737 2829 50 33 sit
802 2826 122 33 down.

311 2890 81 34 The
425 2889 118 33 Lour)
575 2887 35 34 M
630 2894 115 26 IYOR
778 2881 182 35 intreated
980 2880 59 33 the
1062 2878 138 43 Livery
1224 2881 39 28 to
1277 2875 107 34 listen
1416 2870 91 37 with
1524 2882 47 33 pa-

265 2948 118 34 tience
399 2950 39 28 to
461 2944 102 33 what
586 2952 113 34 every
720 2940 219 35 Gentleman
953 2935 116 44 might
1089 2935 92 32 have
1198 2937 35 30 to
1254 2933 87 33 offer
1357 2943 11 24 ;
1391 2941 46 22 on
1459 2928 136 39 which,

314 3004 74 34 Mr.
416 3000 202 35 Alderman
645 2999 159 33 CURTIS
830 2994 110 45 again
976 3001 100 25 came
1110 2987 295 37 forward—The
1431 2987 164 33 clamour

265 3059 72 34 and
357 3058 248 44 interruption
625 3065 97 25 were
738 3052 109 44 again
866 3048 194 38 renewed;
1087 3046 85 41 and,
1202 3045 98 33 after
1317 3053 25 25 a
1371 3043 73 33 few
1470 3043 106 31 obser-

266 3117 157 41 vations,
439 3113 220 45 expressive
671 3110 44 34 of
722 3110 63 34 the
796 3109 266 33 consciousness
1077 3103 46 34 of
1135 3103 54 33 his
1200 3103 172 39 motives,
1384 3098 44 33 he
1446 3097 150 40 retired,

266 3171 135 37 amidst
413 3183 46 22 an
472 3170 184 34 universal
678 3168 51 41 his
729 3168 34 41 3,
781 3162 267 45 accompanied
1065 3158 91 34 with
1174 3157 190 45 groaning.

318 3228 77 34 Mr.
416 3228 132 39 Quist,
567 3226 37 34 in
621 3235 24 22 a
660 3233 89 34 very
764 3222 85 33 able
866 3216 154 47 speech,
1044 3220 89 30 next
1148 3211 194 37 addressed
1361 3210 63 35 the
1444 3209 154 44 Livery,

268 3285 71 35 and
359 3294 77 25 was
463 3282 116 34 heard
598 3281 94 34 with
724 3275 181 48 profonnd
930 3269 276 39 attention—he
1224 3267 197 37 concluded
1449 3267 47 44 by
1515 3275 64 24 con-

268 3340 230 47 gratulating
517 3339 64 33 the
600 3337 168 43 Meeting
783 3345 47 24 on
849 3333 99 33 their
978 3328 136 44 having
1130 3337 46 26 an
1205 3324 243 48 opportunity
1470 3320 41 35 of
1534 3330 45 24 ex-

270 3398 163 46 pressing
449 3396 99 34 their
566 3393 222 34 sentiments.

320 3455 77 34 Mr.
416 3452 76 34 WA
502 3459 111 25 mist
622 3459 21 24 A
657 3458 20 25 N
700 3457 80 25 rose
794 3445 128 45 again,
940 3443 37 34 in
1007 3442 105 44 reply
1142 3443 38 30 to
1198 3446 46 26 an
1270 3433 233 38 observation
1521 3431 79 35 that

272 3511 73 34 had
373 3509 91 34 been
495 3507 105 34 made
637 3504 93 34 with
759 3506 145 41 respect
930 3504 40 31 to
996 3498 60 33 the
1074 3502 115 27 'name
1222 3494 46 33 of
1306 3493 73 33 Mr.
1404 3490 64 33 HA
1479 3498 53 25 av

269 3569 170 38 Coster,
459 3569 61 28 not
542 3561 138 46 having
697 3561 90 33 been
807 3554 170 44 included
998 3554 33 33 in
1049 3552 64 35 the
1122 3552 103 35 Vote
1243 3549 44 35 of
1296 3547 165 40 Thanks,
1481 3544 120 35 which

272 3626 46 33 he
337 3620 183 50 proposed
540 3626 38 28 to
598 3618 189 35 introduce
806 3615 35 37 in
857 3624 25 26 a
898 3612 151 34 distinct
1070 3607 233 35 Resolution.

322 3681 34 34 A
379 3678 145 37 Motion
540 3686 77 25 was
635 3674 83 34 then
733 3672 103 34 made
849 3676 40 30 to
905 3666 117 38 thank
1039 3665 72 34 Mr.
1133 3663 156 43 Harvey
1310 3659 156 40 Combe,
1482 3656 122 35 which

274 3746 77 25 was
384 3733 144 37 carried
562 3731 97 37 with
689 3722 392 45 acclamation.—Mr.
1115 3719 202 35 Alderman
1351 3713 141 35 Combe
1520 3712 85 34 then

272 3791 196 47 presented
498 3787 155 41 himself
673 3796 38 26 to
743 3784 64 35 the
835 3783 156 43 Livery,
1020 3776 67 37 and
1120 3785 73 28 was
1226 3771 172 40 received
1433 3770 91 34 with
1544 3768 63 34 the

273 3849 146 35 loudest
430 3847 176 43 cheering
621 3843 71 35 and
717 3840 196 47 applause.

324 3907 60 33 On
396 3905 60 34 the
476 3900 148 38 Motion
643 3900 48 44 by
706 3896 332 43 Mr.WAITHMAN
1038 3896 31 43 %
1083 3889 81 35 that
1185 3887 33 33 in
1232 3889 247 39 consequence
1494 3879 46 35 of
1547 3880 60 33 the

275 3959 139 37 refusal
431 3959 72 33 and
516 3957 115 45 delay
648 3954 44 37 of
706 3954 61 33 the
789 3951 93 39 Lord
905 3950 137 43 Mayor
1061 3948 33 31 in
1113 3943 136 43 calling
1264 3952 25 24 a
1309 3941 176 33 Common
1502 3937 104 40 Hall,

279 4018 45 37 lie
340 4017 74 33 had
443 4017 67 33 lost
527 4016 61 32 the
615 4011 196 46 confidence
836 4006 48 46 of
911 4007 58 32 his
989 4004 125 45 fellow
1140 3998 172 40 Citizens,
1342 3997 53 33 his
1427 3991 180 46 Lordship

276 4071 171 38 declared
481 4070 57 34 his
563 4064 314 47 disapprobation
908 4061 45 35 of
974 4058 63 38 the
1067 4055 241 41 Resolation,
1326 4051 71 37 and
1444 4057 39 30 at
1499 4050 109 34 down

276 4128 162 38 without
456 4127 151 47 putting
624 4123 63 37 the
704 4119 183 50 question.

1238 4162 4 4 •

2824 72 102 53 211

1662 216 77 35 Mr.
1763 216 73 34 WA
1847 214 172 35 ifiIMAN
2042 213 190 35 addressed
2261 213 64 33 the
2353 211 163 43 Meeting
2542 210 93 33 with
2663 214 106 40 great
2798 211 122 31 auiina-

1648 275 64 39 ion,
1746 273 73 35 and
1837 272 116 33 stated
1978 270 84 34 that
2078 268 64 35 the
2164 267 97 35 Lord
2281 268 136 44 Mayor
2441 266 143 45 refused
2610 268 37 31 to
2663 268 70 40 put
2764 266 56 32 the
2838 275 100 33 guts-

1648 339 61 24 [on.

1668 381 72 38 Mr.
1762 385 129 40 Thiav
1902 391 53 26 EV
1976 383 184 34 CooMuC
2178 378 201 47 expressed
2394 384 167 27 extreme
2580 377 226 44 indignation
2820 381 39 28 at
2878 373 63 35 the

1622 442 150 34 conduct
1792 441 44 34 of
1850 442 52 32 his
1919 438 194 44 LOrdship.

1669 497 76 34 Mr.
1766 497 193 34 RoWCROt
1958 497 27 34 ,
1985 497 28 34 T
2046 493 191 35 addressed
2268 491 60 35 the
2346 489 279 45 :11ecting—but
2659 489 110 44 being
2793 482 43 40 of
2856 483 87 51 opi.

1623 554 99 41 nion,
1741 554 81 33 that
1844 554 28 33 it
1896 562 71 22 was
1994 554 133 30 correct
2145 550 79 33 that
2244 549 63 32 the
2323 548 94 33 Lord
2452 547 135 41 Mayor
2613 546 126 33 should
2757 546 113 33 decide
2898 554 47 26 on

1625 611 58 33 the
1700 609 188 43 propriety
1911 607 44 32 of
1968 618 22 21 a
2008 606 175 34 Common
2204 605 107 40 Hall,
2335 613 76 24 was
2427 607 63 27 not
2505 600 155 34 suffered
2675 605 38 30 to
2725 600 171 45 proceed.

1671 665 81 33 The
1772 664 130 34 tumult
1915 663 66 33 and
1997 663 165 32 clamour
2178 671 99 22 were
2293 660 85 33 here
2395 657 204 34 excessive.

1674 719 52 34 At
1752 718 123 44 length
1894 717 60 33 the
1985 718 119 32 Loan
2126 717 67 33 MA
2206 724 56 25 YO
2274 725 22 24 rt
2314 711 196 37 consented
2535 716 39 28 to
2600 716 67 40 put
2683 711 63 34 the
2763 711 183 41 question,

1635 775 122 34 which
1779 775 44 32 he
1853 772 81 33 read
1955 770 176 45 himself';
2157 770 72 34 and
2259 770 63 33 the
2346 757 116 47 Vote
2461 765 43 35 of
2516 767 157 35 Censure
2708 767 126 45 passed
2858 768 91 33 with

1632 831 60 33 the
1723 830 137 33 dissent
1886 828 43 34 of
1967 829 116 33 about
2104 828 94 45 four
2231 826 129 41 hands,
2393 826 168 43 amongst
2587 822 133 35 almost
2760 834 39 22 as
2839 833 110 35 many

1633 886 210 34 thousands.

1678 941 83 33 The
1785 940 137 33 huzas
1939 937 71 38 and
2035 939 266 37 acclamations
2316 950 97 25 were
2430 940 167 33 extreme
2613 947 12 28 ;
2652 934 69 34 and
2740 945 43 22 on
2803 944 24 22 a
2848 933 98 34 Vote

1635 997 45 34 of
1688 997 155 34 Thanks
1859 996 104 44 being
1993 998 183 44 proposed
2196 1002 37 30 to
2255 997 72 34 Mr.
2346 998 39 33 W
2398 1006 21 25 A
2431 1004 109 26 LIIIII
2548 1004 24 25 A
2582 1003 21 26 N
2654 991 31 34 it
2705 999 73 25 was
2804 991 143 33 several

1620 1052 1 39 k
1636 1054 152 38 minutes
1805 1052 124 37 before
1942 1052 63 37 the
2017 1054 261 35 acclamations
2295 1052 145 37 ceased.

1684 1215 74 38 We
1795 1213 77 39 will
1904 1211 120 41 make
2057 1209 76 40 few
2169 1211 280 39 observations
2483 1221 52 26 on
2567 1207 81 40 this
2683 1207 169 50 subject.
2911 1207 39 39 It

1635 1274 144 52 speaks
1814 1274 64 39 for
1913 1270 119 47 itself,
2070 1271 249 52 eloquently,
2359 1270 272 54 impressively
2649 1285 11 27 ;
2706 1269 78 40 and
2819 1280 138 27 comes

1638 1336 118 39 home
1776 1341 44 33 to
1840 1335 65 39 the
1923 1335 116 38 heart
2057 1332 47 39 of
2128 1344 120 40 every
2272 1332 155 38 Briton.
2483 1331 133 39 There
2649 1331 31 38 is
2700 1335 72 34 not
2790 1343 25 26 a
2832 1329 129 40 chord

1638 1396 38 39 in
1695 1397 71 38 the
1783 1396 132 39 breast
1933 1395 50 39 of
2006 1407 25 26 a
2049 1393 193 45 freeman,
2263 1391 128 39 which
2412 1393 96 39 does
2523 1396 73 33 not
2617 1389 174 46 vibrate,
2806 1390 38 38 in
2865 1389 72 39 har-

1639 1457 184 39 monious
1844 1456 155 45 unison,
2017 1461 43 33 to
2079 1454 150 39 similar
2241 1454 246 39 sentiments.
2516 1454 115 51 They
2653 1463 69 26 are
2735 1452 69 38 the
2822 1450 139 40 native

1638 1518 202 52 language
1857 1518 45 38 of
1910 1531 25 25 a
1946 1515 270 50 community,
2239 1513 145 46 which,
2404 1513 66 39 for
2487 1526 22 26 a
2529 1518 169 46 century
2719 1512 76 39 and
2810 1525 25 26 a
2855 1512 104 47 half,

1639 1578 198 53 possessed
1874 1578 67 39 the
1978 1576 163 53 highest
2177 1578 248 47 advantages
2456 1573 48 39 of
2529 1572 195 53 practical
2759 1572 198 45 freedom.

1643 1642 96 38 How
1759 1654 59 25 we
1837 1638 111 52 glory
1965 1638 40 38 in
2023 1650 74 26 our
2117 1641 189 46 country,
2327 1635 136 39 where
2483 1632 150 40 similar
2653 1632 211 54 principles
2883 1646 73 28 arc

1639 1700 389 53 prevalent—where
2061 1696 154 40 similar
2249 1696 234 39 sentiments
2516 1706 94 40 may
2647 1695 52 38 be
2730 1696 229 50 expressed,

1641 1761 170 39 without
1827 1761 214 39 detriment
2070 1763 40 33 to
2131 1759 69 38 the
2220 1755 139 53 public
2392 1755 132 45 order,
2551 1754 174 40 without
2745 1754 151 53 flange;
2915 1761 57 35 to.

1643 1822 67 38 the
1729 1820 175 53 Speaker
1922 1824 8 33 !
1994 1820 96 39 This
2106 1819 31 38 is
2152 1818 67 38 the
2239 1815 193 53 practical
2450 1817 210 38 ditrerence
2680 1815 177 39 between
2878 1817 87 40 free

1642 1887 122 34 states
1778 1881 76 38 and
1886 1880 157 39 nations
2062 1878 185 51 writhing
2269 1878 126 39 under
2427 1877 67 39 the
2523 1877 84 39 lash
2646 1877 48 39 of
2726 1878 241 50 Despotism.

1646 1950 40 35 In
1724 1945 275 51 Petersburgh
2036 1958 48 25 or
2114 1943 128 46 Paris,
2287 1942 152 39 similar
2480 1941 265 52 proceedings
2787 1944 35 34 in
2861 1942 107 39 their

1645 2014 126 37 Town
1792 2009 111 40 Halls
1920 2009 132 40 would
2072 2009 52 39 be
2150 2009 69 38 the
2238 2006 128 53 signal
2386 2007 51 38 of
2466 2003 163 54 general
2662 2003 177 39 disorder
2857 2021 11 27 ;
2902 2007 69 38 the

1648 2073 229 40 immediate
1894 2083 224 41 precursors
2132 2069 50 38 of
2196 2069 67 38 the
2281 2067 230 40 overthrow
2530 2066 51 39 of
2587 2065 70 39 the
2676 2067 294 41 Govern►nent,

1649 2138 43 35 In
1713 2133 183 43 London,
1930 2133 96 51 they
2049 2130 244 40 consolidate
2311 2128 72 38 the
2417 2127 161 44 throne,
2615 2131 79 34 anii
2711 2126 188 40 establiof
2917 2140 54 27 on,

1649 2211 48 26 an
1719 2194 234 41 immutable
1974 2196 104 38 basis
2096 2194 67 39 the
2183 2193 135 52 public
2335 2192 189 52 security.

1700 2263 87 39 The
1806 2263 78 38 city
1903 2261 47 39 of
1961 2262 183 44 London,
2174 2258 35 38 in
2229 2270 118 39 every
2368 2262 116 47 great
2503 2255 77 40 and
2601 2255 182 40 national
2799 2268 171 27 concerti

1650 2322 193 52 formerly
1881 2322 138 52 played
2040 2335 24 24 a
2082 2320 267 52 pre-eminent
2385 2317 78 39 and
2496 2329 48 25 an
2582 2315 257 41 honourable
2864 2324 104 41 h;►rt.

1652 2385 120 38 Their
1792 2389 152 46 precut
1959 2381 257 52 proceedings
2230 2380 130 51 testify
2383 2380 86 38 that
2489 2379 66 38 the
2577 2380 156 37 ancient
2754 2378 125 52 spirit,
2908 2379 66 37 the

1652 2447 151 38 tOrmer
1819 2445 287 52 independence
2128 2440 151 52 preside
2300 2440 37 38 in
2355 2453 24 25 a
2405 2438 104 47 [fall,
2530 2439 135 38 where
2686 2440 229 39 BEc►:eunu
2943 2438 32 38 is

1652 2505 289 39 immortalised
1971 2504 63 39 for
2065 2504 66 38 the
2164 2502 103 46 zeal,
2303 2502 132 52 spirit,
2467 2498 76 40 and
2563 2498 233 53 patriotism
2812 2498 56 41 be
2893 2498 64 40 dis-

1655 2569 142 51 played
1819 2568 124 38 there.

1708 2628 40 38 If
1772 2628 67 38 the
1858 2628 110 50 sl►irit
1987 2626 50 39 of
2059 2637 24 25 a
2111 2623 155 52 patriot
2287 2622 144 39 hovers
2451 2619 272 53 occasionally
2759 2617 126 40 round
2907 2617 71 40 the

1652 2689 163 44 edifices
1834 2689 129 37 where
1995 2700 25 26 a
2052 2689 237 35 monument
2308 2685 30 38 is
2368 2681 262 41 consecrated
2653 2687 44 33 to
2717 2681 58 38 his
2813 2682 165 43 virtues,

1655 2750 93 39 with
1770 2750 110 38 what
1906 2746 282 52 complacency
2229 2750 104 35 must
2366 2745 92 38 that
2489 2754 203 40 generous
2711 2741 141 38 citizen
2874 2739 104 40 have

1657 2810 148 43 viewed
1837 2810 73 39 this
1942 2804 87 44 new
2066 2807 229 51 refulgence
2330 2804 48 40 of
2404 2804 133 53 public
2569 2804 116 52 spirit
2720 2803 37 38 in
2790 2815 25 30 a
2849 2800 131 56 place.

1657 2874 130 38 where
1799 2872 60 37 his
1872 2883 86 26 own
1981 2882 79 26 was
2078 2883 43 25 so
2140 2868 282 51 conspicuous,
2444 2880 43 24 so
2506 2863 210 41 beneficial
2738 2867 8 33 !

1711 2936 80 37 Mr.
1809 2935 247 35 -WArrumAs
2078 2935 135 32 merits
2245 2929 67 38 the
2333 2928 148 39 thanks
2511 2927 50 39 of
2587 2924 61 41 his
2667 2928 185 46 country.
2913 2924 66 38 lie

1659 3000 28 39 is
1723 3013 24 26 a
1783 2996 288 43 disinterested,
2111 2994 240 52 intelligent,
2385 2993 77 38 and
2491 2991 165 39 zealous
2694 2991 162 38 citizen.
2915 2991 32 37 1,l
2959 2989 9 57 i
2979 2989 9 57 4

1658 3065 174 39 conduct
1851 3077 50 25 on
1922 3061 92 47 this,
2036 3061 74 39 and
2131 3072 53 27 on
2206 3064 103 34 most
2329 3058 117 39 other
2466 3057 228 47 occasions,_
2718 3056 31 38 is
2767 3054 154 52 worthy
2946 3053 50 40 of

1661 3131 66 39 the
1746 3131 155 52 highest
1923 3128 234 53 panegyric.
2209 3128 61 37 lie
2287 3124 190 52 proceeds
2497 3123 195 52 manfully
2711 3123 76 40 and
2804 3122 188 53 honestly

1661 3203 44 34 to
1724 3198 69 38 the
1825 3196 210 51 discharge
2050 3193 47 40 of
2118 3193 63 38 his
2200 3189 132 53 public
2352 3190 157 45 duties;
2538 3188 168 40 fearless
2724 3189 47 39 of
2787 3187 206 54 calumny,

1662 3260 169 43 unawed
1851 3260 50 52 by
1918 3260 71 38 the
2009 3257 129 38 frown
2160 3255 48 39 of
2223 3267 149 40 power,
2395 3254 78 39 and
2509 3253 223 53 regardless
2753 3253 47 38 of
2816 3253 69 39 the
2904 3266 71 27 cen-

1664 3340 92 27 sure
1774 3326 50 39 of
1844 3325 115 53 folly.
2013 3324 72 39 Ills
2105 3320 133 40 fellow
2265 3321 165 38 citizens
2450 3327 146 32 cannot
2619 3320 151 39 reward
2794 3320 58 38 his
2870 3332 98 27 exer-

1663 3393 107 39 tions
1788 3391 94 40 with
1903 3396 71 34 too
1987 3387 118 40 much
2127 3385 234 41 confidence
2381 3398 50 26 or
2447 3385 223 52 gratitude.

1715 3457 76 39 We
1807 3456 92 39 wish
1929 3456 30 38 it
1974 3467 105 26 were
2104 3452 39 40 in
2163 3463 78 27 our
2258 3463 133 39 power
2411 3454 47 35 to
2479 3463 66 26 use
2564 3450 69 39 the
2653 3462 110 27 same
2792 3448 206 54 language

1665 3535 51 27 on
1737 3522 70 39 the
1837 3520 175 41 conduct
2030 3517 48 40 of
2099 3517 71 40 the
2189 3520 158 48 present
2370 3516 116 38 LORD
2511 3517 70 37 MA
2591 3530 84 24 TOR
2693 3520 8 33 !
2764 3517 58 37 Ile
2843 3515 71 39 has
2937 3528 40 26 re-

1665 3589 133 46 sisted,
1822 3587 93 40 with
1935 3582 304 44 inconceivable
2258 3581 228 52 obstinacy,
2507 3582 69 38 the
2608 3581 141 40 wishes
2770 3582 45 38 of
2845 3581 69 39 the
2937 3582 41 39 Li-

1668 3665 96 40 very
1780 3658 45 34 to
1844 3661 180 31 convene
2040 3661 22 26 a
2085 3647 204 52 Meeting;
2320 3646 79 39 and
2417 3646 59 39 his
2493 3646 228 52 objections
2745 3659 102 26 were
2868 3659 44 26 so
2930 3659 48 26 un-

1668 3711 281 46 accountable,
1981 3711 125 44 loose,
2140 3710 78 39 and
2242 3706 231 47 undefined,
2505 3710 90 38 that
2616 3720 59 27 we
2698 3722 103 26 were
2822 3712 39 34 at
2884 3720 21 25 a
2928 3707 80 40 loss

1669 3782 44 33 to
1731 3772 164 43 unravel
1916 3771 107 40 their
2044 3770 206 51 meaning.

1719 3841 73 39 We
1807 3839 126 40 abhor
1952 3841 118 50 party
2087 3835 194 52 feelings;
2302 3848 59 26 we
2374 3833 100 41 hate
2489 3835 171 52 popular
2675 3834 302 40 licentiousness
2992 3849 18 31 1.

1670 3901 73 39 but
1762 3900 61 39 his
1848 3899 113 39 heart
1994 3901 104 35 must
2121 3896 50 39 be
2192 3909 43 25 as
2255 3895 169 46 callous,
2456 3909 41 25 as
2512 3895 60 39 his
2587 3896 196 39 intellects
2800 3908 66 26 are
2884 3895 123 40 li►nit.

1669 3965 64 43 ed,
1765 3961 89 38 who
1870 3959 91 40 does
1976 3964 77 34 not
2079 3958 81 40 hail
2176 3958 67 38 the
2268 3958 118 52 spirit
2407 3958 76 38 and
2505 3957 67 38 thr
2596 3956 194 52 principle
2807 3970 50 24 on
2881 3957 130 40 %%hick

1671 4025 79 39 this
1778 4023 172 48 meeting.
1968 4032 84 26 was
2068 4017 224 40 convened.
2352 4020 35 37 It
2407 4024 103 33 went
2536 4024 44 33 to
2610 4018 129 39 thank
2764 4032 19 25 a
2819 4018 194 50 patrotie

1672 4083 235 45 individual,
1936 4096 51 25 an
2010 4083 137 39 bone3t
2167 4081 333 52 representative,
2532 4081 64 38 for
2613 4082 69 38 the
2709 4081 102 43 7Cal,
2829 4093 182 40 co;rage

1094 90 145 51 THE
1273 84 373 56 NATIONAL
1681 77 358 59 REGISTEIt
