3288 4453
172 132 216 54 APRIL
420 129 54 54 1.

1029 130 148 59 TIIE
1211 129 373 63 NATIONAL.
1619 129 377 61 REGISTER.

463 267 203 35 CUSTOMS'
693 279 356 26 CONSOLIDATION
1078 281 117 25 BILL.

204 328 84 34 The
308 328 125 35 House
449 327 136 44 having
602 331 165 33 resolved
784 331 103 33 itself
907 332 76 33 into
998 344 20 21 a
1041 333 236 41 Committee,

201 372 85 41 The
318 377 302 33 CuANCFLLOR
653 377 45 32 of
725 376 63 35 the
826 378 276 40 Extnuitocrt
1136 379 180 45 proposed
1349 383 40 31 to
1422 380 64 34 the

157 418 229 46 Committee
405 430 37 26 to
474 422 135 34 extend
627 423 63 33 the
711 424 183 45 principle
912 425 44 34 of
977 426 267 45 consolidating
1272 429 60 31 the
1352 429 131 40 duties,

157 470 72 33 and
247 470 185 44 removing
446 471 52 32 all
519 470 196 35 fractional
745 478 103 37 parts
879 471 34 34 in
938 472 60 34 the
1016 471 197 37 collection
1244 475 41 32 of
1298 475 113 41 them,
1435 476 17 43 ;
1452 476 17 43 ,
1468 476 17 43 y

157 516 138 44 raising
314 517 65 34 the
394 517 118 35 duties
533 517 34 34 in
581 519 86 34 such
686 527 97 32 case,
797 523 38 30 to
854 519 64 34 the
934 527 90 26 next
1043 522 152 43 integral
1211 517 163 37 number.
1427 521 59 34 Ile

158 562 144 35 Wished
324 565 81 33 that
419 565 73 34 this
510 568 149 40 systeM,
686 566 83 33 frog
802 565 123 37 which
948 566 104 34 much
1071 567 136 34 benefit
1226 568 66 33 had
1310 567 91 33 been
1426 567 41 33 de-

157 611 124 40 rived,
307 612 51 44 by
369 609 50 45 Its
437 609 250 37 introduction
706 612 77 34 into
801 614 61 32 the
880 614 197 33 collection
1095 613 46 34 of
1153 615 60 33 the
1227 620 119 33 taxes,
1362 613 123 34 which

157 656 150 37 rormed
320 657 64 37 the
399 652 252 43 consoliaated
667 659 103 40 fund,
783 659 129 34 should
933 661 44 32 be
989 661 78 33 also
1083 663 181 32 extended
1283 667 37 28 to
1333 661 63 33 the
1411 670 76 25 war

157 704 126 43 taxes,
313 704 119 38 which
470 717 98 24 were
594 717 84 24 now
711 705 118 37 about
852 719 22 21 a
907 707 99 33 third
1043 713 86 38 part
1162 709 43 33 of
1230 707 60 34 the
1323 716 162 26 amount.

158 755 151 41 _Among
340 764 25 24 a
393 755 151 33 number
568 754 45 34 of
637 755 224 43 regulations
881 755 119 33 which
1023 755 43 33 he
1083 755 222 39 mentioned,
1332 755 44 33 he
1404 764 64 34 pro-

159 796 113 60 posed
294 807 38 27 to
352 801 104 44 place
476 800 157 45 Spanish
651 801 70 32 and
745 796 222 50 Portuguese
994 803 156 32 tobacco
1178 814 44 21 on
1239 814 45 21 an
1302 801 185 45 equality,

162 859 35 24 in
219 847 105 45 point
343 847 43 34 of
398 848 131 39 duties,
559 847 89 34 with
669 848 159 33 tobacco
844 848 142 44 coming
1000 846 93 37 froth
1111 852 71 40 any
1201 849 105 33 other
1323 850 165 41 place.—

159 896 65 34 lie
242 895 79 33 also
340 895 184 44 proposed
544 895 136 43 raising
698 895 63 33 the
776 894 89 45 duty
885 906 45 22 on
948 895 154 44 Turkey
1121 900 145 39 carpets
1293 895 196 43 according

159 943 43 33 to
222 943 98 33 their
338 941 91 41 size,
455 952 45 24 on
522 941 119 34 which
659 941 99 34 their
774 944 122 33 actual
918 944 106 33 value
1043 944 221 43 principally
1284 934 203 53 depended.

162 990 63 33 Ile
235 990 78 32 also
332 990 126 32 should
478 992 129 41 propos
607 992 21 41 -
628 992 44 41 ea
690 990 145 43 greater
852 989 170 45 equality
1039 999 46 24 on
1103 990 64 33 the
1183 990 116 33 duties
1318 990 43 32 of
1377 990 89 33 brim-

161 1043 120 34 btone,
311 1036 165 33 whether
495 1036 28 32 it
540 1046 102 24 came
664 1036 34 33 in
710 1036 63 33 the
791 1037 115 44 rough
926 1041 107 33 state,
1062 1037 34 32 in
1126 1035 105 41 roll.,
1257 1048 43 21 or
1329 1036 34 33 in
1382 1035 105 34 flour.

164 1084 63 34 Ile
242 1083 206 34 calculated
469 1082 80 33 that
574 1084 48 39 by
650 1083 61 34 the
733 1083 165 33 dillerent
927 1083 221 44 regulations
1168 1083 117 47 which
1307 1082 43 33 he
1370 1084 120 32 wobld

164 1140 183 37 propose,
384 1131 59 33 the
478 1131 175 33 Revenue
685 1130 123 34 would
841 1130 86 43 gaiit
958 1133 113 32 about
1102 1130 138 39 220,00
1240 1130 46 39 W.
1328 1140 22 22 a
1388 1140 103 33 year,

163 1176 190 43 120,0001.
372 1179 44 32 of
431 1178 123 34 Which
575 1174 124 37 would
718 1174 45 37 he
781 1176 96 34 from
892 1178 60 33 the
965 1179 198 33 alteration
1181 1178 43 33 of
1233 1176 59 34 the
1305 1182 141 39 system.
1457 1178 33 33 in

163 1226 66 33 the
243 1225 201 34 collection
462 1225 45 33 of
519 1225 63 33 the
601 1235 78 22 war
698 1231 118 28 taxes.

216 1273 59 34 He
293 1273 86 34 then
398 1271 183 45 proposed
594 1283 103 22 some
716 1271 233 35 Resolutions
978 1276 38 28 hi
1035 1271 83 35 that
1128 1270 106 35 effect
1252 1270 35 34 in
1305 1270 59 35 the
1382 1270 84 37 Com-

172 1322 148 41 mittee)
350 1331 22 24 n
385 1319 85 35 hick
490 1323 98 32 were
604 1320 136 43 agreed
756 1324 52 31 to.
861 1317 233 46 Adjourned.

587 1439 261 56 Wednesday,
859 1446 142 39 March
1017 1442 66 40 20.

533 1524 184 24 REFORM
745 1521 46 25 IN
823 1520 129 26 PARLI
966 1520 164 26 ANENT.

214 1577 78 33 Mr.
312 1577 243 33 MADDOCK:4
574 1585 94 32 gave
694 1574 122 34 notice
844 1572 81 34 that
952 1573 40 33 he
1013 1571 139 41 would,
1178 1571 97 35 after
1290 1571 60 34 the
1364 1571 132 35 Easter

165 1635 135 32 recess,
326 1625 105 43 bring
449 1622 167 35 forward
632 1632 24 24 a
680 1620 234 45 proposition
941 1628 45 25 on
1005 1619 63 34 the
1094 1617 139 46 subject
1251 1619 41 34 of
1306 1618 136 35 reform
1461 1619 33 33 in

167 1672 63 34 the
248 1671 286 45 representation
554 1669 40 34 of
605 1668 61 34 the
684 1669 190 33 Commons
894 1668 35 33 in
951 1668 240 33 Parliament.

219 1720 32 33 A
270 1729 79 24 new
373 1719 81 34 writ
478 1727 74 25 was
570 1716 156 34 ordered
757 1722 39 26 to
823 1716 45 33 be
898 1714 116 33 issued
1039 1714 58 33 for
1129 1714 64 33 the
1217 1713 158 34 election
1409 1713 44 34 of
1474 1724 22 21 a

167 1766 172 34 Member
357 1772 35 26 to
425 1772 103 26 serve
562 1765 35 33 in
620 1761 227 35 Parliament
878 1760 61 34 for
972 1759 202 45 Newport,
1205 1760 34 33 in
1274 1761 59 32 the
1356 1760 73 33 ISle
1461 1759 41 33 of

170 1812 146 44 Wight,
337 1813 35 33 in
391 1811 59 33 the
470 1821 103 26 room
594 1811 43 33 of
652 1809 59 34 Sir
729 1808 144 35 Arthat
889 1808 220 43 Wellesley,
1140 1807 81 33 who
1240 1807 65 34 has
1319 1807 178 44 accepted

170 1861 65 34 the
256 1860 169 33 Chiltern
443 1859 31 32 11
484 1858 168 33 undreds.

217 1916 106 25 DILL,
347 1916 83 22 ran.
450 1916 87 24 THE
561 1912 278 26 AMENDMENT
857 1911 57 24 OF'
933 1910 86 26 THE
1043 1899 241 35 BANKRupT
1316 1904 133 31 t.A*5.

219 1955 60 33 Sir
300 1955 177 32 S_t.MUet.
501 1951 209 34 ROItIt,LI
732 1948 129 35 moved
880 1950 65 32 the
963 1948 120 34 Order
1107 1948 45 33 of
1178 1954 61 27 the
1260 1948 84 45 Day
1364 1948 58 33 for
1442 1948 58 33 the

167 2010 91 25 Peen
257 2002 43 31 ad
319 2001 148 41 reading
483 2000 45 33 of
543 2000 60 33 the
620 2001 122 31 above
759 1998 84 32 bill.

221 2049 37 33 M
268 2040 52 47 r..
338 2040 17 47 1
372 2040 86 47 AColi
477 2056 80 22 rose
574 2046 70 33 and
671 2044 96 39 said,
796 2044 44 32 he
868 2041 195 46 approved
1096 2041 45 33 of
1165 2041 64 33 the
1259 2041 69 33 bill
1344 2052 13 28 ;
1383 2044 40 28 at
1442 2040 61 33 the

170 2104 98 25 came
288 2095 87 32 tune
393 2093 44 33 he
457 2092 61 33 did
540 2098 60 28 not
620 2092 104 33 think
755 2092 28 32 it
804 2095 94 28 went
913 2091 59 33 far
990 2088 158 44 enough.
1202 2089 37 33 It
1259 2099 71 22 was
1346 2099 24 22 a
1387 2088 99 43 singu-

170 2144 59 33 lar
250 2143 250 43 phenomenon
515 2140 77 33 that
613 2138 61 33 the
692 2137 301 35 Commissioners
1011 2135 70 33 had
1101 2145 131 34 power
1247 2140 38 30 to
1303 2140 162 30 sumrtion
1481 2145 25 24 a

170 2190 195 44 banhrupt
390 2187 164 34 confined
581 2186 113 33 under
724 2197 22 22 a
772 2185 130 43 simple
933 2193 163 35 process,
1127 2183 72 33 and
1234 2183 69 33 had
1331 2189 65 27 not
1426 2183 79 33 that

170 2246 136 34 power
327 2235 104 34 when
450 2236 41 32 he
514 2244 73 24 was
604 2232 164 35 confined
785 2235 112 32 tinder
920 2242 46 22 an
981 2230 213 34 execution.
1248 2230 58 33 Ile
1337 2230 85 33 then
1452 2229 34 33 al

165 2283 116 34 luded
301 2289 38 26 to
358 2294 21 21 a
396 2282 260 33 circumstance
672 2281 44 33 of
725 2280 291 34 commissioners
1033 2278 111 41 being
1162 2275 113 44 lately
1291 2276 151 45 obliged
1468 2281 35 28 to

172 2343 48 32 go
241 2337 37 26 to
299 2330 104 40 Hull,
420 2334 37 26 to
476 2328 144 34 receive
639 2327 60 34 the
718 2327 190 34 surrender
926 2326 44 33 of
980 2335 25 24 a
1018 2326 92 32 bank
1121 2331 100 37 rupt,
1241 2324 44 33 lie
1304 2326 107 40 beieg
1423 2333 64 24 con-

172 2378 97 33 fined
288 2376 111 34 under
416 2386 43 22 an
476 2375 216 34 execution.
749 2373 59 34 He
827 2372 85 34 then
930 2372 172 33 adverted
1123 2379 37 26 to
1188 2372 59 32 the
1273 2370 104 33 small
1409 2380 73 24 com-

170 2425 195 47 y.nisation
384 2422 161 34 allowed
566 2428 37 26 to
615 2420 289 34 commissioners
922 2418 57 33 for
993 2418 99 33 their
1106 2418 103 43 daily
1227 2418 215 33 attendance
1459 2427 45 22 on

170 2471 94 35 each
283 2470 247 39 commission,
559 2469 120 34 which
700 2469 129 33 caused
848 2466 98 33 them
966 2472 38 25 to
1020 2465 159 44 appoint
1198 2464 60 33 the
1278 2470 66 27 one
1361 2461 76 44 day
1466 2470 39 26 to

175 2518 93 35 hear
281 2529 21 22 a
319 2523 102 37 great
433 2516 165 38 number,
618 2516 120 32 which
756 2513 103 33 made
870 2511 206 41 Guildhall,
1093 2511 132 44 during
1238 2511 97 33 their
1345 2510 161 45 sittings,

172 2571 105 28 More
298 2564 79 33 like
393 2575 22 22 a
432 2562 249 45 bear-garden
703 2562 85 33 than
806 2572 24 21 a
848 2561 118 33 Court
979 2558 15 33 .
994 2558 31 33 of
1038 2557 214 44 Judiciary.

226 2614 59 32 Sir
296 2614 38 31 S.
353 2613 92 33 Roar
477 2614 70 31 Lt.'s
547 2614 14 31 -
576 2609 92 41 said,
685 2608 33 34 if
726 2608 61 33 the
800 2608 126 32 House
940 2606 70 34 had
1024 2615 72 34 any
1111 2603 201 45 objection,
1324 2603 46 33 he
1384 2603 123 34 would

176 2661 46 33 be
252 2660 128 43 happy
409 2666 35 26 to
470 2657 91 33 hear
582 2666 115 33 every
724 2655 207 44 suggestion
947 2653 70 33 and
1037 2653 229 33 it•struction.
1318 2652 50 32 As
1393 2659 40 26 to
1447 2652 60 33 the

180 2706 301 35 Commissioners
500 2708 61 30 not
578 2704 136 43 having
733 2707 128 39 power
876 2706 39 27 to
931 2709 159 24 summon
1114 2699 211 45 Bankrupts
1342 2698 164 39 confined

175 2754 116 34 tinder
317 2752 213 41 execution,
556 2751 30 33 it
617 2760 76 24 was
713 2751 54 32 his
785 2747 194 39 intention,
1006 2746 107 34 when
1146 2746 35 32 in
1208 2745 235 39 Committee,
1470 2751 37 27 to

175 2809 165 39 propose
387 2809 24 25 a
450 2799 137 39 clause,
627 2797 129 45 giving
802 2799 97 30 them
948 2796 79 33 that
1076 2803 144 32 power.
1299 2791 59 34 lie
1402 2799 107 26 never

176 2848 190 47 professed
383 2848 61 33 the
476 2845 72 34 Bill
568 2845 123 33 would
710 2854 145 24 remme
872 2842 50 34 all
944 2842 61 33 the
1018 2841 138 34 defectg
1176 2839 43 33 of
1233 2838 59 34 the
1316 2838 195 45 Bankrupt

176 2901 126 32 Laws:
358 2895 59 33 He
431 2901 111 26 never
563 2902 73 24 was
652 2891 270 41 knight-errant
946 2888 175 33 sufficient
1135 2894 37 26 to
1191 2895 157 35 suppose
1369 2888 45 32 he
1440 2887 67 33 had

175 2944 142 43 ability
337 2948 38 28 to
390 2950 145 24 remove
554 2940 111 32 them.
720 2937 59 34 lie
795 2936 196 34 conclude:l
1011 2936 46 41 by
1077 2934 143 45 saying,
1240 2933 43 33 he
1299 2933 123 33 would
1440 2933 67 33 feel

176 2992 132 44 happy
330 2992 34 32 in
381 2989 60 34 the
458 2988 196 34 assistance
674 2985 44 33 of
730 2995 71 32 any
822 2985 215 33 Gentleman
1057 2981 86 34 who
1172 2980 120 34 would
1319 2981 90 32 bear
1427 2989 78 35 part

176 3039 45 33 of
231 3038 63 34 the
307 3038 130 33 labour
454 3037 72 32 and
544 3034 146 33 trouble
711 3034 86 32 with
822 3031 90 33 hitn,
938 3038 38 26 to
994 3030 107 33 make
1123 3030 61 32 the
1206 3027 72 33 Bill
1296 3038 98 21 more
1411 3038 74 22 com-

177 3087 115 43 plete.
344 3084 80 33 The
443 3083 73 33 Bill
633 3081 85 32 then
735 3079 85 34 read
840 3091 22 21 a
879 3078 130 34 zecund
1028 3080 104 35 time,
1149 3074 67 34 and
1233 3074 150 34 ordered
1409 3077 38 31 to
1467 3076 44 33 be

178 3131 216 37 committed
415 3130 71 33 this
504 3130 74 45 day
595 3128 196 45 fortnight.

234 3180 69 44 Adj
309 3190 20 22 o
335 3190 19 24 u
360 3177 97 35 rued.

627 3299 221 46 Thursday,
868 3298 143 37 March
1032 3299 65 34 ;W.

230 3370 129 34 Howse
373 3369 203 45 adjourned
594 3370 39 31 to
651 3365 171 44 Tuesday
840 3364 191 43 se'nuight.

637 3477 65 38 ,S7'
849 3475 18 38 1
867 3475 18 38 3
885 3475 35 38 _1
930 3475 67 37 PE
1003 3475 52 35 It.

181 3585 180 34 TREATY
406 3592 57 24 OF
493 3587 159 32 PEACE,
691 3585 299 31 FRIEND:AIM',
1020 3582 91 26 AND
1157 3581 50 25 AI
1222 3579 180 32 LIAN'CE,
1446 3576 47 27 BE-

229 3641 65 24 TW
366 3639 20 25 ,1
426 3637 73 27 HIS
544 3631 246 31 BRITANNIC
822 3630 198 27 MAJESTY
1065 3631 93 25 AND
1198 3628 73 25 ills
1293 3625 222 28 CA74IOLIC

233 3685 204 27 MAJESTY
476 3683 268 26 FERDINAND
785 3680 84 25 vu.
914 3676 162 27 stancp
1121 3677 54 26 AT
1213 3674 181 27 LONDON
1429 3672 86 26 THE

234 3726 105 33 I4TII
370 3735 53 25 OF
451 3729 237 35 JANUARY,
717 3720 105 34 1809.

236 3790 48 34 in
321 3789 58 32 the
418 3785 115 34 Name
559 3784 46 45 of
627 3785 58 33 the
722 3783 96 32 Most
849 3780 102 44 Holy
984 3777 72 35 and
1090 3775 204 37 Undivided
1324 3775 161 41 Trinity.

229 3849 85 34 The
326 3853 124 30 event;
470 3846 124 35 which
606 3844 93 34 have
718 3844 111 33 taken
844 3842 106 44 place
970 3841 35 32 in
1024 3839 113 46 Spain
1157 3837 131 43 having
1305 3830 214 38 terminated

180 3898 65 33 the
263 3904 96 27 state
389 3895 43 33 of
445 3894 172 43 hostility
639 3891 124 34 which
785 3888 270 43 unfortunately
1075 3885 177 35 sttbsisted
1271 3883 164 32 between
1459 3879 61 33 the

181 3945 159 34 Crowns
359 3943 43 33 of
417 3944 118 33 great
552 3939 148 37 Britain
718 3938 67 33 and
808 3938 129 44 Spain,
957 3934 67 35 and
1043 3932 124 35 united
1181 3933 65 31 the
1261 3938 96 26 arms
1375 3927 43 34 of
1431 3926 87 37 both

180 3994 149 40 against
351 3991 59 32 the
420 3998 168 26 common
614 3996 146 28 enemy,
782 3985 28 33 it
826 3993 112 25 seems
956 3981 94 45 good
1070 3981 80 33 that
1168 3978 61 34 the
1248 3987 77 22 new
1346 3974 174 34 relations

187 4039 126 35 which
331 4044 90 28 nave
438 4037 91 33 been
549 4033 187 47 produced
757 4035 167 32 between
945 4036 74 25 two
1046 4028 159 38 nations,
1225 4035 81 24 now
1325 4022 195 35 connected

184 4088 51 43 by
256 4095 168 25 common
444 4085 165 37 interest,
644 4081 132 33 should
808 4081 44 33 he
882 4077 189 44 regularly
1100 4071 224 37 established
1351 4069 72 34 and
1442 4080 79 24 cot:-

183 4134 130 37 Armed
340 4133 51 44 by
418 4142 24 24 a
471 4130 135 34 formal
619 4131 142 32 Treaty
789 4127 44 33 of
852 4127 130 38 Poate,
1018 4120 132 44 Frieni
1150 4120 21 44 ,
1172 4120 67 44 hip
1252 4119 66 34 and
1337 4117 157 33 alliance
1512 4128 8 20 :

198 4179 247 43 Witt:refine.
471 4179 58 34 his
761 4180 61 30 tae
848 4174 107 45 hint.
977 4170 43 35 of
1050 4170 63 33 the
1135 4166 131 39 Cnited
1284 4165 185 43 kingdom
1487 4163 34 34 of

2765 116 98 65 eis

1547 272 115 34 Great
1681 272 148 37 Britain
1859 275 70 32 and
1949 275 158 37 (retard,
2124 276 69 32 and
2218 276 63 32 the
2301 278 177 41 Supreme
2492 273 72 34 and
2583 265 149 44 Central
2751 263 119 41 Junti

1546 318 45 33 of
1604 320 111 44 Spain
1730 321 70 34 and
1827 319 65 37 the
1911 321 137 39 Indies,
2073 322 120 40 acting
2213 324 34 31 iu
2267 324 63 32 the
2344 328 103 27 name
2459 321 71 32 and
2552 332 44 22 on
2609 320 63 33 the
2685 317 131 34 behalf
2828 312 45 37 of

1548 364 54 34 his
1624 367 174 34 Cathblic
1826 367 158 45 Majesty
2013 367 203 35 Ferdinand
2243 369 33 35 .V
2290 364 57 39 li.
2368 366 92 34 hasp
2478 364 220 37 constituted
2714 364 71 33 and
2800 367 70 39 apt

1548 413 275 40 pointed--that
1846 416 27 31 is
1906 422 37 26 to
1977 425 80 30 say,
2085 416 57 32 his
2172 413 159 46 Majesty
2350 416 63 32 the
2448 413 99 41 King
2569 413 43 33 of
2633 412 63 33 the
2725 409 143 35 United

1551 457 180 44 Kingdom
1749 461 44 33 of
1820 461 115 33 Great
1968 461 144 34 Britain
2140 462 67 33 and
2230 461 164 34 Ireland.
2412 461 60 33 the
2494 457 115 48 Right
2624 454 247 48 Honotitable

1547 506 144 44 George
1723 508 178 43 Canning,
1925 520 69 21 one
2020 508 43 33 of
2089 509 53 32 his
2161 507 196 46 Majesty's
2376 501 94 40 Most
2489 506 241 34 llonourable
2748 498 123 48 Privy

1546 544 168 45 Council,
1727 554 69 33 and
1817 554 54 33 his
1885 550 194 48 Principal.
2092 554 189 44 Secretary
2295 554 43 33 of
2354 556 98 31 State
2466 553 58 33 for
2545 553 157 43 Foreign
2715 550 158 41 Affairs;

1547 598 70 33 and
1637 599 61 39 the
1719 601 175 44 Supreme
1909 602 69 33 and
1996 601 146 34 Central
2163 605 19 32 J
2193 601 86 34 unta
2296 600 45 33 of
2357 604 242 31 Government
2616 599 41 33 of
2674 598 111 44 Spain
2798 595 72 35 and

1551 644 61 33 the
1633 644 137 44 Indies,
1787 648 124 41 acting
1929 650 34 33 in
1985 651 61 31 the
2063 659 103 24 name
2181 650 69 32 and
2270 657 46 24 on
2343 648 60 32 the
2420 645 133 35 behalf
2565 645 41 33 of
2622 646 52 31 his
2695 644 176 34 Catholit

1553 690 157 46 Majesty
1739 694 203 33 Ferdinand
1972 696 99 34 VII:
2107 696 78 33 Don
2215 696 102 33 3uart
2348 694 98 33 Itniz
2474 694 46 33 de
2550 690 195 46 Apodata;
2761 691 109 33 Coma

1552 739 144 33 minder
1715 741 44 33 of
1782 742 156 41 Vallaga
1962 742 69 33 and
2053 742 163 43 Algarga
2233 743 34 32 in
2289 742 60 33 the
2370 738 168 44 Military
2557 741 122 33 Order
2694 737 44 34 of
2756 736 92 38 Cala-

1552 790 118 35 trava;
1691 787 106 33 Rear.
1812 788 165 32 Admiral
1997 788 41 33 of
2047 789 60 32 the
2124 788 118 34 rto,dl
2264 789 78 32 Nat
2352 798 35 33 y,
2404 783 128 37 barbed
2549 785 47 44 by
2614 785 60 32 the
2694 781 178 47 Supreme

1551 831 69 32 and
1658 833 148 34 Central
1839 834 115 34 Junta
1982 833 43 35 of
2048 835 242 33 Government
2308 834 44 32 of
2365 833 111 46 Spain
2504 831 70 34 and
2589 831 59 32 the
2669 830 137 40 Indies,
2830 833 45 31 a,

1559 879 124 46 Envoy
1707 879 291 46 Extraordinary
2020 881 67 33 and
2124 882 168 33 Minister
2317 879 326 45 Plenepotentiary
2669 876 45 34 of
2730 874 54 35 his
2798 879 56 32 Ca
2854 881 19 22 -

1688 926 157 44 Majesty
1879 925 200 37 )Ferdinand
2111 930 22 32 S
2152 926 58 35 11.
2242 934 37 27 to
2300 925 56 35 his
2379 927 164 33 Britimie
2563 922 308 47 Majesty—their

1558 972 364 44 Plenipotentiariex,
1962 981 38 27 to
2027 976 170 33 conclude
2225 977 70 32 and
2322 974 77 41 sign
2426 985 25 22 a
2497 974 138 39 Treaty
2668 970 43 33 of
2738 970 136 40 Peace,

1559 1019 235 46 Friendship,
1833 1022 69 32 and
1931 1022 156 33 alliance
2203 1022 45 33 ho
2289 1022 133 41 having
2450 1018 289 38 communicated
2772 1016 99 33 their

1554 1068 201 39 respective
1772 1067 66 34 full
1857 1078 158 32 powers,
2141 1068 135 45 agreed
2291 1075 37 26 to
2341 1068 69 33 and
2430 1067 198 34 concluded
2644 1067 61 32 the
2719 1059 132 39 follow-

1559 1113 58 43 ing
1644 1114 161 33 Articles
1820 1127 61 20 :

1600 1160 31 32 A
1644 1170 50 24 ItT
1703 1170 37 22 IC
1749 1170 50 24 LE
1820 1161 32 33 I:
1903 1156 122 38 There
2040 1153 93 43 shall
2160 1162 45 32 he
2222 1156 167 39 betsteen
2415 1160 54 34 his
2498 1159 162 46 Majesty
2689 1157 63 33 the
2772 1154 104 47 King

1556 1206 41 33 of
1620 1206 63 35 the
1703 1208 137 33 United
1872 1207 187 44 Kingdom
2075 1208 43 33 of
2141 1209 109 32 Great
2276 1209 143 33 Britain
2434 1207 70 33 and
2537 1204 157 41 Ireland,
2720 1205 71 33 and
2818 1204 57 33 his

1554 1256 171 33 Catholic
1755 1253 159 46 Majesty
1944 1251 206 39 Ferdinand
2179 1254 98 35 VII.
2309 1256 99 41 King
2435 1254 43 33 of
2499 1253 115 45 Spain
2636 1253 70 39 and
2739 1250 46 33 of
2810 1250 64 34 the

1560 1300 119 34 Indies
1697 1300 193 35 thereunto
1905 1300 273 46 appertaining,
2202 1303 70 32 and
2291 1303 162 32 between
2466 1302 51 32 all
2535 1299 94 35 their
2650 1293 223 48 kingdoms,

1558 1348 131 40 States,
1714 1348 228 41 Dominions,
1964 1348 70 34 and
2055 1338 178 53 Subjects,
2257 1359 26 22 a
2302 1348 200 40 Christian,
2528 1348 133 38 stable,
2687 1355 47 26 an
2752 1344 104 33 invio-

1557 1394 100 34 lable
1676 1396 118 33 Peace
1809 1407 11 28 ;
1845 1396 72 33 and
1939 1407 24 22 a
1989 1391 190 48 perpetual
2209 1394 70 34 and
2304 1394 137 35 sincere
2465 1395 131 44 amity,
2624 1394 70 33 and
2720 1401 25 25 a
2767 1390 110 35 strict

1557 1441 157 37 alliance
1730 1440 133 46 during
1880 1442 61 34 the
1962 1453 78 22 war
2055 1442 138 43 against
2216 1442 161 38 France;
2402 1441 168 44 together
2587 1441 87 32 with
2693 1450 46 22 an
2754 1437 124 34 entire

1556 1488 69 32 and
1643 1489 37 48 la
1680 1489 19 48 ,
1698 1489 76 48 ting
1788 1487 168 37 oblivion
1974 1488 43 33 of
2041 1485 50 37 all
2114 1494 78 28 acts
2209 1488 44 33 of
2276 1486 168 45 hostility
2472 1488 91 33 done
2581 1496 44 25 on
2642 1487 123 33 either
2779 1485 96 40 side,

1560 1535 33 33 in
1611 1535 63 33 the
1689 1545 128 25 course
1833 1535 44 33 of
1890 1537 60 33 the
1968 1537 74 33 late
2063 1546 107 31 W:l5,
2198 1535 34 33 in
2256 1547 27 22 w
2291 1534 83 35 Mat
2394 1535 83 43 they
2496 1537 92 32 have
2604 1537 90 32 been
2712 1532 164 45 engaged

1558 1583 142 43 against
1716 1583 91 33 each
1826 1583 120 33 other;

1611 1629 56 33 11.
1720 1630 57 32 To
1805 1626 151 37 ob‘;iate
1988 1629 48 33 all
2067 1618 219 56 complaints
2317 1629 70 32 and
2418 1628 162 44 disputes
2609 1626 125 34 Which
2757 1624 119 45 might

1559 1687 94 24 are
1667 1677 46 33 on
1728 1677 61 32 the
1804 1675 139 45 subject
1961 1677 43 32 of
2020 1677 136 43 prizes,
2180 1675 176 44 captured
2374 1676 182 43 posterior
2572 1681 37 27 to
2627 1675 60 32 the
2704 1675 150 32 declara-

1560 1723 76 33 tion
1654 1723 194 44 published
1874 1727 46 39 by
1943 1724 56 32 his
2020 1723 188 33 Britannic
2223 1723 158 44 Majesty
2399 1733 43 21 nn
2464 1724 60 30 the
2555 1723 63 31 4th
2642 1720 40 33 of
2694 1722 21 33 J
2726 1721 61 44 nly
2804 1720 72 35 last

1561 1781 103 32 year,
1690 1772 28 32 it
1740 1772 61 32 has
1818 1772 87 32 been
1925 1772 180 41 mutually
2117 1770 150 41 agreed,
2291 1768 83 34 that
2392 1768 59 33 the
2471 1769 125 32 vesselit
2607 1768 67 33 and
2694 1773 180 38 property

1563 1818 109 33 taken
1690 1817 187 43 posterior
1902 1822 35 27 lo
1955 1817 61 33 the
2035 1818 81 32 date
2133 1815 44 34 of
2198 1818 61 32 the
2275 1815 79 33 said
2380 1813 241 41 declaration,
2647 1815 34 32 in
2708 1825 71 32 any
2796 1824 80 24 seas

1563 1873 43 22 or
1633 1870 100 38 ports
1761 1863 45 33 of
1833 1865 63 32 the
1926 1864 130 39 world,
2094 1863 155 33 without
2277 1872 72 33 any
2376 1861 213 44 exception,
2614 1861 67 33 and
2718 1872 25 21 a
2756 1860 122 34 Ithout

1563 1920 72 32 any
1664 1910 130 41 regard
1822 1910 122 33 either
1968 1916 38 27 to
2026 1911 86 32 time
2130 1920 44 21 or
2198 1911 122 41 place,
2343 1909 92 33 shall
2466 1909 45 33 be
2531 1909 156 32 restored
2719 1909 45 41 by
2784 1906 92 34 both

1566 1956 278 46 oartles.—.And
1844 1956 22 46 l
1892 1968 38 22 as
1949 1956 61 33 the
2027 1956 201 34 accidental
2248 1956 220 41 occupation
2486 1955 44 33 of
2549 1965 67 32 any
2635 1954 41 33 of
2691 1954 61 33 the
2774 1961 104 37 ports

1566 2003 41 32 of
1618 2003 60 34 the
1698 2002 197 35 Peninsula
1913 2006 129 41 hy.the
2060 2013 164 24 common
2241 2013 146 32 enctny,
2404 2002 117 44 might
2533 2001 165 34 occasion
2718 2001 164 44 disputes

1566 2050 208 44 respecting
1788 2061 72 31 any
1879 2053 144 38 %essels,
2050 2050 136 40 which,
2213 2049 34 33 in
2267 2048 193 45 ignorance
2474 2049 44 32 of
2539 2047 84 35 such
2642 2047 241 44 occupation,

1566 2098 117 37 might
1695 2098 118 33 direct
1831 2096 98 39 their
1942 2107 126 24 course
2086 2104 35 27 to
2143 2096 102 34 those
2262 2101 104 37 ports
2380 2095 92 34 from
2489 2106 71 34 any
2578 2094 106 38 other
2704 2094 177 39 harbour,

1565 2144 122 34 either
1702 2144 45 34 of
1770 2144 63 34 the
1852 2143 195 35 Peninsula
2062 2154 43 22 or
2120 2144 61 33 the
2197 2144 161 32 colonies
2374 2153 9 26 ;
2408 2143 70 33 and
2493 2153 40 22 as
2550 2151 96 26 cases
2670 2141 84 44 may
2772 2150 112 26 occur

1570 2193 32 31 in
1624 2191 120 33 which
1762 2192 63 32 the
1839 2191 154 44 Spanish
2021 2189 220 35 inhabitants
2258 2190 44 32 of
2323 2190 61 32 the
2399 2190 76 33 said
2492 2196 100 37 ports
2616 2198 43 24 or
2676 2187 204 43 provinces,

1566 2249 39 22 so
1616 2238 178 44 occupied
1815 2239 50 41 by
1886 2238 61 33 the
1963 2241 143 40 eneiny,
2133 2248 98 32 may,
2250 2235 90 34 with
2356 2236 94 33 their
2467 2242 190 39 property,
2675 2235 208 33 endeavour

1567 2291 38 27 to
1630 2295 131 34 escape
1792 2285 93 32 front
1915 2287 54 31 his
1996 2295 132 32 grasp;
2161 2285 61 32 the
2250 2283 85 40 high
2362 2283 227 41 contracting
2791 2281 92 33 have

1566 2333 130 39 agreed
1716 2334 78 32 that
1813 2329 157 47 Spanish
1993 2333 141 40 vessels,
2146 2336 60 30 not
2218 2333 125 31 aware
2361 2329 43 33 of
2415 2330 57 32 the
2492 2340 123 32 enemy
2626 2331 86 30 'sllC.
2859 2326 24 35 d

1569 2379 43 32 of
1623 2389 71 33 any
1713 2379 162 33 harbour
1892 2379 117 32 which
2029 2379 89 43 they
2133 2389 65 21 are
2209 2378 163 33 desirous
2388 2381 37 30 to
2441 2382 118 35 enter,
2583 2386 40 22 or
2642 2376 41 31 ~u
2683 2376 43 31 ch
2743 2388 38 19 at.
2799 2385 85 26 mater

1585 2425 129 35 ticeeed
1747 2427 34 31 in
1800 2426 150 37 making
1969 2425 94 33 their
2087 2428 132 40 escape
2244 2425 96 32 from
2356 2434 70 33 any
2456 2425 161 32 harbotit
2634 2431 39 25 !it
2692 2424 196 41 occupied,

1566 2473 93 32 shall
1678 2477 63 30 not
1757 2473 47 32 be
1828 2472 193 44 captured,
2048 2483 65 22 nor
2130 2472 216 33 themselves
2370 2481 64 22 nor
2452 2470 98 34 their
2565 2473 109 39 Cargo
2694 2472 45 31 be
2766 2469 103 37 coati-

1566 2519 106 33 dered
1701 2529 38 26 as
1761 2525 25 27 a
1808 2518 96 43 good
1931 2517 129 45 prize;
2087 2519 81 40 but,
2192 2529 47 21 on
2265 2516 63 33 the
2354 2524 190 37 contrary,
2570 2516 76 33 that
2674 2516 92 45 they
2791 2516 100 33 Shall

1570 2571 93 28 meet
1682 2567 91 34 with
1791 2575 111 35 every
1916 2567 87 44 help
2021 2563 69 37 and
2105 2567 197 33 assistance
2317 2563 96 35 from
2428 2564 60 34 the
2505 2562 109 35 naval
2634 2563 128 44 power
2778 2559 43 38 of
2833 2561 60 35 bit

1573 2614 191 33 Britannic
1786 2611 175 46 Majesty.

1618 2660 84 35 HI.
1730 2660 70 33 His
1818 2659 190 34 Britannic
2035 2659 163 46 Majesty
2222 2667 154 34 engages
2402 2660 38 32 to
2464 2656 171 35 teitttlhue
2652 2657 38 34 10
2706 2653 120 45 assist,
2851 2655 47 35 to

1570 2707 61 33 the
1650 2713 132 28 utmost
1800 2707 44 34 of
1870 2708 54 32 his
1944 2709 143 41 povret-,
2114 2707 61 33 the
2193 2704 162 47 Spanish
2373 2705 138 40 natlan;
2539 2704 37 34 in
2601 2705 99 33 their
2731 2705 165 44 streggla

1570 2754 143 43 against
1729 2756 64 33 the
1812 2761 155 35 tyranny
1985 2754 69 33 and
2081 2754 220 43 usurpation.
2313 2751 44 35 of
2374 2752 154 39 France,
2552 2751 69 33 and
2640 2752 178 39 promises
2831 2746 66 38 not

1571 2806 38 28 to
1624 2802 268 43 acknowledge
1906 2811 71 33 any
1998 2800 107 34 other
2140 2802 102 44 King
2257 2798 46 34 of
2331 2798 112 46 Spain
2460 2798 71 34 and
2550 2798 63 34 the
2635 2797 118 34 ItidicS
2772 2798 125 33 there.*

1572 2851 85 30 unto
1675 2848 275 46 appertaining,
1976 2848 87 33 than
2091 2848 56 33 his
2174 2844 174 38 Catholic
2369 2844 159 47 Majeitty
2565 2835 207 46 ketdinand
2790 2835 21 45 V
2811 2835 85 45 114;

1572 2895 56 33 his
1645 2895 110 41 heirs,
1782 2906 44 22 or
1852 2895 85 32 such
1965 2894 131 35 lawful
2113 2901 183 27 successor
2311 2903 40 24 as
2379 2894 60 33 the
2460 2891 156 46 Spanish
2644 2888 128 39 batten
2794 2889 102 37 shall

1571 2942 288 44 acknowledge;
1886 2941 70 33 and
1969 2941 61 33 the
2050 2941 155 45 Spanish
2223 2942 259 39 Government,
2510 2940 34 32 in
2563 2940 59 33 the
2641 2940 105 32 nnOne
2760 2937 71 37 and
2848 2942 22 28 d

1573 2991 60 34 the
1663 2988 132 34 behalf
1818 2988 46 34 of
1891 2988 54 34 his
1967 2988 174 34 Catholic
2169 2986 158 46 Majesty
2365 2986 165 37 Ferdint.
2530 2986 20 37 4
2550 2986 21 37 l
2604 2979 104 40 vll.
2741 2988 159 43 engaget

1573 3040 124 37 never,
1724 3038 35 32 in
1775 3047 72 28 any
1866 3045 99 31 case;
1993 3040 38 28 to
2059 3035 87 34 cede
2164 3038 38 31 td
2231 3035 143 34 Frahm
2402 3044 71 34 any
2509 3039 87 40 part
2611 3025 45 40 of
2670 3031 64 34 the
2750 3031 152 35 territtis

1573 3083 69 33 ries
1661 3090 43 26 nr
1722 3083 217 45 possessions
1957 3083 44 33 of
2022 3083 61 33 the
2104 3081 154 45 Siiahlsh
2289 3081 227 44 Albnarchy,
2542 3080 35 34 In
2590 3090 70 34 any
2681 3077 85 50 vat{
2783 3078 44 35 of
2839 3077 64 37 thi

1579 3129 128 33 world.

1624 3175 73 37 IV.
1726 3176 80 35 The
1832 3175 87 45 high
1952 3176 229 44 contracting
2212 3175 143 46 patties
2385 3175 109 45 agtee
2519 3178 41 30 to
2591 3171 113 37 Make
2734 3168 171 40 rtittittion

1577 3233 106 25 cause
1696 3226 143 40 against
1859 3223 142 35 Fiance
2016 3234 12 31 ;
2055 3223 66 33 and
2141 3228 63 31 not
2219 3227 40 30 tb
2289 3222 111 34 make
2415 3224 116 43 pence
2561 3220 93 37 Wlth
2674 3219 81 37 ttfat
2773 3221 133 45 power

1577 3275 137 39 except
1733 3272 50 43 by
1800 3280 165 25 common
1991 3268 159 37 coirSent.

1625 3318 52 33 V.
1704 3318 81 33 The
1806 3322 142 40 present
1969 3325 118 35 treaty
2107 3317 44 34 ::h
2151 3315 50 35 nll
2228 3318 46 33 he
2302 3305 144 46 ratified
2465 3311 50 51 lty
2535 3313 90 38 both
2654 3312 156 47 patties;

1578 3364 61 34 the
1656 3364 189 45 exchange
1863 3364 45 34 of
1929 3366 64 33 the
2024 3364 242 34 ratifications
2283 3363 96 33 shall
2399 3364 45 32 he
2472 3364 110 32 made
2609 3364 34 32 in
2661 3364 64 32 the
2740 3370 111 39 space
2869 3356 46 40 or

1580 3419 77 27 two
1672 3412 159 43 n►onths,
1859 3412 63 40 (or
1938 3422 132 24 sooner
2088 3411 32 33 if
2138 3412 27 31 it
2179 3418 65 27 can
2262 3412 45 31 he
2319 3409 115 44 done)
2452 3410 35 34 In
2511 3410 163 34 Londom

1628 3459 43 34 In
1684 3459 145 33 witness
1841 3458 177 41 whereof,
2036 3469 66 26 we,
2197 3456 324 35 tindermetaidhed
2544 3451 372 50 Plenipotetttlatiesi

1581 3507 92 33 have
1689 3507 143 43 signed,
1859 3507 34 33 in
1910 3507 119 33 virtue
2046 3504 44 34 of
2104 3515 67 24 our
2191 3506 203 41 respec►ive
2407 3504 67 34 full
2494 3506 164 43 powers,
2685 3503 63 34 the
2766 3501 148 52 presebt

1579 3554 137 44 Treaty
1737 3553 45 34 of
1795 3553 136 43 Peace,
1961 3552 237 45 Friendship,
2224 3553 72 33 and
2326 3543 187 50 Alliance,
2537 3553 71 32 and
2634 3552 93 33 hate
2744 3552 122 33 sealed
2883 3546 33 39 it

1581 3600 90 33 With
1689 3600 66 33 the
1779 3601 94 32 seals
1891 3600 43 33 cif
1946 3609 69 24 our
2028 3605 111 27 arms.

1630 3660 105 35 Done
1748 3667 40 27 at
1807 3661 148 34 London
1972 3659 76 35 this
2067 3658 84 37 14th
2170 3659 72 46 day
2261 3658 45 35 of
2326 3651 185 54 lamaty,
2538 3648 48 57 1130
2587 3648 12 57 1
2598 3648 25 57 17
2636 3648 12 57 i

2143 3717 131 46 (LSO
2420 3710 22 45 C
2443 3710 24 45 -
2466 3710 142 45 IibRGE
2635 3709 230 46 eiN'AINC

1630 3781 109 38 ART.
1768 3782 33 34 I.
1833 3782 194 45 Sepnrate.
2055 3781 80 35 The
2156 3781 158 44 Spanish
2334 3781 246 37 Government
2597 3781 154 45 etignges
2770 3788 39 27 to
2824 3777 92 38 take

1585 3830 60 37 the
1676 3837 91 26 most
1783 3831 169 33 effectual
1972 3837 180 26 measures
2184 3828 59 33 for
2275 3829 64 33 the
2359 3829 215 44 preventing
2600 3828 44 33 of
2673 3829 63 33 the
2756 3826 158 46 SpanisH

1585 3878 198 45 squadron;
1804 3876 35 33 in
1869 3875 51 34 all
1949 3878 60 32 the
2029 3882 103 37 ports
2161 3878 44 31 of
2218 3875 137 43 Spain,
2378 3886 40 22 as
2450 3878 83 33 well
2550 3886 40 24 as
2607 3874 46 34 of
2676 3875 63 33 the
2772 3876 142 32 French

1584 3926 197 44 squadron,
1808 3925 112 32 taken
1941 3924 34 33 in
1996 3925 59 32 the
2074 3925 122 32 month
2224 3922 43 33 of
2289 3924 115 40 June,
2426 3925 70 32 and
2513 3933 83 24 now
2617 3922 39 34 in
2670 3921 61 33 the
2751 3918 165 43 !tattoo!

1585 3974 43 34 of
1644 3970 135 41 Cailiz,
1801 3970 97 33 from
1916 3970 132 44 falling
2074 3971 76 32 into
2180 3971 61 32 the
2261 3980 131 33 power
2417 3961 43 41 of
2478 3970 152 33 Fiance:
2687 3965 74 38 For
2791 3969 125 34 which

1587 4030 157 35 purpa,c
1765 4020 54 31 his
1833 4018 189 33 liritailaic
2036 4017 159 46 Majesty
2207 4029 155 32 enzages
2376 4025 37 27 to
2430 4022 219 39 co-operate
2662 4016 46 44 by
2730 4016 54 35 MI
2796 4019 123 31 aineaLoll

1587 4070 33 32 in
1722 4076 144 33 power.

1638 4115 40 34 In
1702 4127 22 19 u
1737 4122 107 24 'torsi
1880 4110 178 41 whereof,
2087 4122 70 30 we,
2183 4111 61 33 the
2272 4109 239 44 undersigned
2550 4108 367 45 Plenfpcftentraries4

1590 4165 93 33 have
1702 4160 144 45 signed:
1871 4161 35 32 in
1939 4169 119 25 %smut:
2078 4160 43 32 of
2145 4168 66 24 our
2237 4159 203 45 respective
2467 4157 69 34 tuts
2569 4157 159 44 powets;
2754 4154 58 38 (lie
2832 4154 86 48 viva
