3352 4453
215 365 78 27 sent
308 364 177 41 separate
508 361 152 44 article,
685 361 73 35 and
785 363 94 37 have
895 361 129 39 sealed,
1050 363 32 34 it
1108 360 92 37 with
1226 360 66 34 the
1320 358 93 35 seals
1428 354 46 38 of
1494 364 69 27 our

215 416 116 25 arms.

267 467 167 41 Donent
452 470 155 35 London
625 470 76 35 this
720 471 81 35 14th
822 471 76 41 day
917 470 43 35 of
974 470 190 45 January,
1193 468 107 35 1809.

808 529 129 48 (L.S.)
1084 531 181 34 GEORGE
1285 529 250 35 CANNING.:

267 588 87 37 Art.
376 589 61 38 11.
470 593 197 46 Separate.
720 593 32 34 A
772 599 123 38 treaty
920 593 96 35 shall
1033 591 200 37 forthwith
1264 592 47 32 be
1330 583 235 54 negociatNl,

216 637 224 46 stipulating
456 640 63 33 the
536 647 154 28 amount
706 643 70 32 and
795 640 236 46 deseriptioir
1035 639 47 34 of
1094 648 169 26 succours
1279 643 41 30 to
1339 638 44 32 be
1398 633 164 37 afforded

221 687 47 41 by
289 686 56 33 his
369 686 195 39 Britannic
582 689 185 47 Majesty,
782 689 206 46 agreeably
1020 693 39 30 to
1093 686 64 35 the
1174 686 100 34 third
1291 684 137 35 article
1443 680 45 35 of
1500 679 64 37 the

222 739 144 40 present
386 743 136 34 treaty.

273 781 44 35 In
335 783 148 33 witness
503 795 25 21 w
542 784 145 41 hereof,
716 795 72 30 we,
817 784 61 33 the
913 783 117 34 under
1031 781 18 43 -
1049 781 107 43 signed
1186 776 377 50 Plenipotentiaries,

223 828 93 34 have
335 830 141 43 signed,
491 831 35 33 in
548 831 120 34 virtue
694 830 46 34 of
752 842 69 24 our
842 833 208 43 respectite
1069 829 66 33 full
1155 839 168 35 powers,
1339 828 61 33 the
1420 829 146 40 present

220 878 335 44 teparatearticle,
578 881 71 32 mid
672 880 91 33 have
776 879 120 33 sealed
918 879 27 32 it
964 876 93 35 with
1080 876 61 33 the
1156 876 94 33 seals
1265 875 45 33 of
1324 885 67 24 our
1404 882 111 25 arms.

270 925 112 35 Done
398 932 41 28 at
459 927 149 34 London
627 926 73 34 this
724 927 78 33 11th
822 927 71 44 day
915 925 44 35 of
972 924 188 44 January,
1181 922 104 35 1809.

683 986 63 44 (t..
769 985 61 45 S.)
1072 985 191 34 GEORGI;
1286 983 231 34 CANNING.

272 1045 224 38 Additional
509 1049 146 34 Art.--I
656 1049 19 33 .
674 1049 57 33 llc
750 1050 143 41 present
908 1046 285 37 circumstances
1211 1051 67 30 not
1304 1044 201 41 admitting
1527 1041 44 35 of

226 1093 61 37 the
306 1097 151 44 regular
474 1096 233 45 negotiation
733 1095 44 33 ef
802 1107 20 22 a
856 1101 123 38 treaty
1011 1095 45 34 of
1076 1103 207 26 commerce
1312 1093 168 33 between
1506 1090 60 33 the

226 1149 77 26 two
320 1144 201 38 countries,
546 1143 93 34 with
658 1143 50 33 all
731 1142 59 33 the
809 1153 84 24 care
909 1142 71 33 and
998 1142 278 34 consideration
1294 1141 71 33 tine
1382 1143 39 30 to
1439 1148 40 24 so
1499 1137 44 33 im-

227 1196 155 39 portant
399 1201 20 24 a
439 1189 155 45 subjt-et,
612 1192 64 33 the.
694 1189 87 43 high
801 1189 233 44 contracting
1054 1189 141 44 parties
1224 1187 182 43 mutually
1427 1195 138 35 engage

228 1245 40 27 to
285 1239 159 44 proceed
463 1245 38 27 to
516 1240 86 33 such
624 1238 235 43 negotiation
881 1248 39 24 as
939 1247 90 25 soon
1046 1247 40 24 as
1104 1237 27 34 it
1148 1237 98 33 shall
1265 1237 45 31 be
1332 1233 234 46 practicable

228 1297 40 22 so
286 1292 39 27 to
344 1286 65 39 do,
422 1286 195 44 affording,
637 1286 35 33 in
691 1293 12 26 t
711 1286 44 31 he
772 1296 103 25 mean
912 1286 107 39 time,
1049 1284 139 35 mutual
1221 1284 57 32 fat
1287 1279 113 37 ilitics
1435 1286 40 27 to
1504 1279 64 34 the

228 1342 203 25 commerce
450 1332 40 33 of
509 1335 63 32 the
596 1332 161 45 subjects
775 1332 45 32 of
846 1332 92 34 each
958 1332 126 40 other,
1101 1332 47 44 by
1176 1335 220 43 temporary
1421 1326 125 46 regula-

229 1382 93 32 tions
343 1380 155 34 founded
513 1391 46 22 on
579 1381 203 44 principles
794 1380 43 34 of
846 1380 211 45 reciprocal
1076 1378 141 44 utility.

281 1428 40 33 In
351 1428 109 34 witne.
459 1428 18 34 ,
477 1428 19 34 s
528 1428 181 38 whereof,
732 1437 69 32 we,
835 1428 64 33 the
933 1427 237 44 undersigned
1194 1422 377 47 Plenipotentiaries,.

230 1475 135 44 having
406 1475 53 35 sig
463 1475 80 43 ned,
587 1475 35 33 in
659 1475 116 33 virtue,
813 1475 43 33 of
881 1485 71 24 our
978 1475 206 44 respective
1211 1472 66 33 full
1315 1481 162 34 powers,
1507 1470 64 33 the.

231 1528 141 37 present
391 1522 46 33 ad
443 1522 156 34 ditional
618 1522 151 43 article,
785 1522 69 35 and
882 1522 96 33 have
996 1520 123 37 sealed
1154 1521 27 32 it
1208 1519 96 34 with
1337 1519 63 34 the
1415 1519 94 34 seals
1527 1515 44 35 of

227 1580 67 22 our
311 1579 113 24 arms.

278 1618 106 35 Dune
400 1622 40 31 at
462 1618 149 34 London
631 1618 74 33 this
720 1619 79 33 21st
810 1618 72 44 day
901 1617 44 34 of
959 1615 152 41 March,
1131 1615 107 37 ISM.

612 1681 65 44 (L.
699 1678 63 44 S.)
1083 1680 188 33 GEORGE
1290 1677 229 35 CANNING.

454 1809 311 41 TUESDAY'S
788 1808 246 40 LOXDOY
1062 1806 288 43 GAZETTE.,

544 1920 361 46 Downing-street,
927 1919 155 38 .March
1100 1922 65 43 '27,
1188 1919 118 37 1809.

281 1990 237 45 Dispatches,
546 1990 41 33 of
602 1988 125 35 which
750 1989 61 33 the
828 1987 202 43 following
1045 1997 65 22 are
1123 1987 143 44 copies,
1296 1984 93 33 have
1408 1982 73 34 this
1494 1982 72 43 day

233 2041 89 31 Invo
343 2039 167 34 received
546 2037 93 33 from
673 2036 109 33 Lieut
802 2036 111 33 -Gen-
934 2034 220 39 Beckwith,
1181 2033 247 35 Commander
1459 2029 41 33 of
1517 2029 56 33 his

235 2083 326 48 Majestyerforces
581 2086 34 33 in
633 2082 64 34 the
728 2082 175 33 Leeward
925 2082 161 39 Islands,
1110 2079 193 41 addressed
1322 2086 37 26 to
1390 2078 178 37 Viscount

237 2133 256 43 Castlereagh,
513 2141 67 25 one
598 2131 45 35 of
657 2132 57 34 his
732 2127 194 50 Majesty's
946 2127 193 46 Principal
1161 2127 228 34 Secretaries
1401 2125 41 34 of
1452 2126 115 33 State.

286 2190 102 43 LThe
405 2189 72 32 first
491 2187 189 40 dispatch,
706 2186 109 33 dated
831 2186 94 33 Feb.
947 2185 34 39 1,
999 2194 203 25 announces
1213 2184 63 33 the
1293 2181 152 44 landing
1456 2180 44 34 of
1509 2179 64 35 the

237 2246 20 30 ,
257 2246 106 30 t,ops
444 2235 164 34 tho.ithh
639 2233 45 34 of
697 2233 187 44 January,
912 2233 35 32 in
981 2237 80 28 two
1087 2231 191 34 divisions.
1331 2229 79 34 The
1440 2228 130 34 second

413 2283 148 33 coot:
561 2294 14 22 s
587 2287 38 30 nr
625 2287 19 30 ,
644 2287 155 30 :lecount
810 2281 40 33 of
859 2281 61 33 the
933 2280 130 44 taking
1072 2280 44 33 of
1122 2284 11 28 t
1141 2280 41 32 he
1198 2277 143 44 heights
1351 2276 44 33 of
1402 2276 167 43 Surirey,

241 2334 67 35 014
308 2334 67 35 eon
418 2330 132 40 island,
576 2330 70 32 and
674 2329 109 33 other
814 2335 230 37 operations,
1074 2326 120 34 which
1226 2336 56 22 we
1302 2324 94 33 have
1411 2323 154 45 already

235 2379 175 44 minutely
429 2376 161 34 detailed
609 2375 96 34 from
725 2376 63 32 the
802 2375 213 34 Barbadoes
1037 2370 181 48 Papers.]

424 2438 124 43 Camp,
574 2439 157 39 lhights
748 2437 46 43 of
802 2438 163 43 Surirey,
985 2437 241 43 Martinique,
1253 2434 85 33 Feb.
1357 2432 58 41 10,
1435 2431 104 35 1809.

286 2486 71 34 llv
384 2486 53 33 Lo
449 2486 274 41 kbHaving,
750 2484 34 32 in
797 2493 57 32 my
867 2484 327 34 communications
1207 2481 45 33 of
1266 2480 63 34 the
1350 2480 48 33 lst
1413 2480 72 32 and
1502 2479 63 33 sth

333 2533 196 34 submitted
549 2538 39 28 to
607 2543 96 34 your
724 2532 213 43 Lordship's
952 2532 273 33 consideration
1252 2528 150 44 general
1422 2535 144 37 reports

236 2582 116 34 orate
367 2582 214 45 operations
600 2581 46 32 of
659 2582 63 31 the
739 2589 104 33 army
861 2578 15 33 I
898 2578 94 34 have
1011 2580 60 33 the
1095 2578 138 32 !loliour
1252 2584 38 26 to
1310 2576 207 39 command,
1546 2577 14 32 I

235 2639 81 22 now
335 2629 71 41 beg
424 2629 103 33 leave
547 2633 37 28 to
602 2628 137 34 inclose
756 2626 59 34 the
831 2628 139 41 special
994 2633 144 38 reports
1156 2624 44 33 of
1214 2624 63 33 the
1296 2622 159 34 General
1478 2623 70 33 Offi-

231 2687 76 21 cers
325 2676 254 43 commanding
595 2675 194 35 divisions,
806 2675 69 32 and
900 2673 45 34 of
972 2670 377 40 Brigwiier-General
1369 2669 193 45 Iloghton,

236 2725 123 32 y:hose
371 2722 150 44 brigade
542 2733 76 22 wac
639 2724 33 32 in
691 2721 123 33 action
834 2731 97 34 upon
950 2721 66 33 the
1037 2721 66 34 Ist.
1124 2720 93 33 with
1238 2722 174 40 separate
1426 2725 139 27 returns

230 2772 44 31 t4f
287 2780 67 24 our
369 2771 72 33 loss
457 2780 98 33 upon
574 2771 61 34 the
658 2770 50 33 Ist
718 2769 69 33 and
806 2769 61 40 2d,
899 2767 138 39 which,
1059 2769 17 33 I
1096 2779 59 21 am
1174 2765 158 35 inclined
1351 2771 37 28 to
1403 2765 162 35 believe.

326 2818 195 33 terminate
541 2829 69 22 our
626 2818 215 43 operations
857 2818 32 31 in
907 2815 40 34 th
947 2815 20 34 e
990 2816 97 33 field.

276 2865 81 34 The
374 2865 119 33 lower
508 2864 87 41 fort,
625 2864 174 41 formerly
824 2864 92 32 Fort
934 2863 180 41 Edward,
1134 2871 73 25 was
1224 2861 117 34 taken
1363 2859 202 46 pOSSCSSiOn

228 2913 43 33 of
281 2913 130 34 before
425 2913 211 44 day-break
670 2911 35 33 in
724 2910 59 33 the
804 2911 163 41 morning
985 2910 44 33 of
1052 2910 63 32 the
1131 2910 78 39 bill,
1246 2911 48 31 by
1318 2908 124 45 Major
1461 2909 84 33 Ilen-

226 2965 146 41 iler*on,
396 2961 255 41 commanding
667 2961 64 32 the
748 2957 123 44 Royal
896 2957 109 34 York
1039 2957 174 44 Rangers,
1244 2956 91 34 with
1367 2957 83 32 that
1468 2956 78 45 regi-

228 3013 111 35 ownt,
363 3008 60 32 tvit
432 3008 86 33 hoot
598 3008 152 39 istance,
765 3006 70 33 and
860 3015 53 22 we
933 3015 81 22 now
1033 3015 143 33 occupy
1194 3005 84 33 that
1298 3006 123 31 work.

276 3057 53 33 St.
352 3056 131 34 Pierre
501 3053 240 37 surrendered
759 3059 38 27 to
829 3052 393 34 Lieutenant-Colonel
1250 3053 94 38 Barne
1344 3053 19 38 ,
1363 3053 39 38 ,,
1431 3050 45 33 of
1501 3051 63 33 the

228 3104 85 32 -I;ith
330 3104 193 43 regiment,
546 3104 66 33 the
626 3091 72 56 day
723 3099 125 37 before
861 3102 215 44 yesterday,
1095 3099 69 34 and
1183 3099 19 33 I
1221 3102 94 31 have
1333 3105 63 27 not
1414 3106 67 37 yet
1505 3109 38 24 re-

289 3150 64 33 ved
373 3151 64 32 the
454 3151 146 32 details.

279 3197 73 34 Jut
352 3198 46 33 he
415 3208 128 25 course
560 3197 46 34 of
617 3197 51 34 all
690 3196 102 34 these
809 3196 175 39 services,
1005 3193 124 35 where
1146 3194 64 34 the
1233 3194 265 44 co-operation
1526 3194 43 32 t'

227 3244 61 33 Cie
306 3256 99 32 navy
424 3256 58 22 wa
517 3244 250 45 practicable,
782 3243 60 33 the
853 3246 163 41 greatest
1031 3242 188 33 exertions
1239 3242 96 33 have
1352 3242 89 33 been
1461 3242 104 32 rts;v!e

229 3295 39 27 11%
305 3293 60 33 the
396 3293 289 34 Rear-Admiral
705 3304 12 28 ;
744 3292 70 34 and
833 3291 63 32 the
915 3292 207 43 iinportant
1136 3289 226 44 advantages
1389 3288 116 34 ret,ot.i
1505 3288 14 34 .
1519 3288 45 34 til

226 3351 45 21 e'u
288 3340 111 34 shore
415 3340 48 45 by
482 3340 81 33 that
580 3340 187 33 excellent
787 3339 135 33 (dicer
939 3337 248 37 Cotanodore
1205 3337 217 40 Cm:idiom,
1449 3335 37 33 in
1504 3338 61 31 the

228 3386 122 35 rAttet
359 3387 59 33 ion
437 3387 40 35 of
489 3386 143 46 Pigeon
656 3386 137 40 Island,
803 3386 69 33 and
894 3385 63 34 tht.
972 3385 151 41 landing
1135 3393 157 32 eantoot,
1311 3389 172 35 mortars,
1496 3383 67 33 and

224 3435 257 43 .cmuunition,
498 3441 40 28 at
560 3435 113 33 Point
691 3433 165 44 Negroe,
868 3432 67 34 aid
952 3432 206 43 conveying
1172 3432 100 32 titttn
1289 3437 35 27 to
1345 3432 59 31 the
1422 3441 118 24 sever;

226 3485 57 31 bit
293 3483 109 32 teries
419 3494 45 22 on
484 3483 79 33 that
582 3482 94 43 side,
712 3483 96 33 hare
835 3483 91 32 been
944 3481 44 33 of
1017 3481 63 33 the
1097 3478 149 45 highest
1276 3480 231 44 importance
1530 3484 35 26 to

224 3530 63 35 t:c
305 3528 135 45 King's
455 3530 157 34 service.
752 3572 18 1 _

754 3576 20 35 I
789 3575 107 43 have,
926 3576 69 35 &c.

873 3625 109 35 (co.
1003 3624 234 41 BECKWITH
1237 3624 30 41 )
1284 3622 106 35 COM.
1414 3621 149 35 Forces.

231 3677 48 33 To
293 3674 107 35 Lord
423 3676 169 35 Viscount
612 3672 254 43 Castlereagh,
894 3671 57 44 .i'r.

273 3775 106 48 [The
411 3774 139 46 special
586 3780 150 37 reports
762 3771 125 35 which
920 3772 150 40 fol:ow,
1103 3771 50 44 by
1185 3771 178 33 Generals
1395 3770 170 40 Prevost,

228 3824 191 41 lloghtott,
450 3822 72 34 and
556 3822 203 40 Maitland,
787 3821 85 43 give
898 3831 46 24 an
973 3826 158 27 account
1152 3820 43 32 of
1207 3820 64 33 the
1290 3819 214 45 operations
1533 3819 32 33 in

221 3872 126 35 V.:licit
369 3872 90 43 they
478 3881 98 24 were
594 3869 249 45 respectively
863 3868 181 44 engage;:,
1070 3868 65 33 but
1155 3868 120 33 which
1292 3867 96 35 have
1404 3868 51 32 all
1476 3868 90 32 been

217 3920 159 45 already
391 3919 98 44 fully
506 3918 194 35 described
718 3918 34 33 in
770 3927 67 22 our
852 3912 164 48 Paper.]

222 3983 35 33 R
269 3985 96 31 !tarn
385 3980 47 44 of
438 3979 128 41 killed,
594 3978 188 40 wounded,
802 3978 72 32 and
891 3979 142 41 rni:;.7;ns
1032 3979 14 41 ,
1064 3976 46 44 of
1117 3977 58 33 the
1198 3976 294 34 DirLionnndcr
1508 3974 58 33 the

270 4030 201 34 Command
488 4028 48 45 of
546 4025 309 35 Lieut.-Geprot
876 4026 60 32 Sir
956 4025 142 45 George
1126 4025 174 41 Peccost,
1328 4025 110 33 Lail.
1459 4025 37 32 in
1509 4025 58 31 the

268 4080 119 31 miters
405 4077 45 44 of
463 4075 130 35 thelst
609 4076 48 44 cf
669 4074 85 34 Feb.
776 4076 8 31 I
795 4074 84 34 809.

274 4135 56 32 Zth
348 4146 44 22 or
405 4133 125 45 Ito:.111
568 4131 200 37 Fusileers,
806 4131 50 33 Int
874 4129 207 39 battalion,
1115 4129 15 33 1
1150 4129 170 45 captain,
1349 4129 21 33 9
1387 4129 93 33 rank
1496 4127 71 34 and

222 4185 11 31 i
319 4182 144 39 killed;
489 4182 21 33 2
528 4178 196 48 seijoants,
749 4179 14 34 1
783 4180 203 37 drummer,
1003 4176 50 35 56
1071 4176 90 33 rank
1181 4178 69 32 and
1266 4176 78 40 tile,
1365 4175 201 39 wounded;

262 4231 89 32 r.ink
370 4230 70 33 and
463 4230 76 38 tile,
574 4227 291 41 mi..ising.-23:1
893 4234 43 26 or
967 4226 28 32 It
1006 4225 89 43 oyal
1381 4226 105 40 leers,
1519 4224 12 33 I
1539 4228 30 26 st

220 4278 175 45 Laalion
394 4278 26 45 )
451 4278 14 34 1
493 4274 158 48 serjeant
651 4274 20 48 )
705 4274 41 37 I-1
774 4274 96 38 rank
893 4273 70 37 and
984 4273 79 44 We,
1096 4273 117 34 kizlcd
1230 4285 11 28 ;
1309 4271 189 48 zedeantt,
1522 4271 46 35 'Z9

1623 358 93 34 rank
1733 357 73 35 and
1826 356 74 44 file,
1936 353 207 45 wounded;
2172 347 22 39 h
2209 347 174 47 serjeant,
2412 350 22 34 5
2453 350 92 34 rank
2561 348 71 35 and
2650 347 77 44 tile,
2757 347 214 45 missing,

1626 402 250 38 Detachment
1899 403 45 35 of
1969 402 61 35 the
2056 403 51 33 Ist
2128 399 106 34 West
2254 399 109 34 India
2387 398 209 45 Regiment,
2633 397 15 34 1
2676 397 96 41 rank
2798 396 69 35 and
2890 396 63 50 file
2953 396 17 50 t

1626 451 143 41 killed;
1801 452 14 34 1
1844 451 198 40 drummer,
2072 443 43 40 18
2146 446 92 35 rank
2269 445 71 35 and
2370 445 77 41 file,
2484 444 202 41 wounded;
2711 444 11 33 .
2721 444 12 33 1
2765 444 203 40 subaltern,

1624 497 331 46 ta:sing.Light
1969 497 203 39 battalion,
2192 494 39 34 11
2254 494 93 34 rank
2362 493 73 34 and
2456 491 76 41 file,
2551 489 118 37 killed
2685 503 11 31 ;
2726 493 15 33 1
2759 491 168 45 captain,
2943 494 26 33 2

1624 547 226 40 Subalterns,
1877 548 32 34 1-
1918 543 176 46 serjeant,
2121 543 25 33 2
2172 537 143 48 buglei,
2342 541 51 34 SO
2411 540 93 34 rank
2520 539 72 34 and
2611 539 76 43 file,
2717 536 203 45 wounded;
2946 542 26 34 3

1626 594 91 35 rank
1735 594 72 34 and
1833 595 74 39 file,
1939 592 185 44 missing.-
2125 609 20 26 7
2145 589 120 44 -Total
2283 600 9 22 :
2323 587 15 34 1
2360 588 168 45 captain,
2564 588 14 33 1
2600 586 175 46 serjeant,
2809 587 46 34 35
2876 588 94 34 rank

1625 641 71 35 and
1711 641 78 41 file,
1804 640 118 35 killed
1937 652 12 28 ;
1978 640 15 33 1
2009 638 208 45 captain,.2
2231 635 221 40 subalterns,
2470 634 24 34 5
2509 632 191 45 serjeants,
2714 634 22 34 4
2753 634 220 45 drummers,

1624 691 25 34 2
1664 690 143 45 bugles,
1837 689 67 34 183
1922 687 93 43 rank
2031 686 72 33 and
2133 686 80 43 tile,
2244 679 181 40 Wounded
2439 693 11 32 ;
2484 681 14 34 1
2518 681 208 43 subaltern,
2761 681 15 33 1
2798 680 176 47 serjeant,

1628 737 45 35 12
1691 737 99 34 rank.
1804 737 69 34 and
1889 736 77 40 file,
1984 735 162 43 missing.

1676 784 137 34 Officer
1832 781 294 45 killed.Capt.
2148 780 161 45 Taylor,
2324 777 45 34 of
2381 777 66 35 the
2465 775 128 48 Royal
2614 775 202 45 Tusileers,
2833 776 141 47 Acting

1630 831 155 44 Deputy
1805 827 515 44 Quarter-Master-General.

1676 880 156 34 Officers
1852 875 424 46 Wounded.Captain
2295 873 229 40 Gledstanes,
2542 870 45 35 of
2595 872 63 34 the
2675 872 47 35 3d
2740 870 102 35 West
2862 872 112 37 India

1626 927 97 43 light
1742 927 189 44 infantry;
1962 926 122 34 Lieut.
2098 924 169 37 Johnson
2284 921 45 33 of
2343 920 63 34 the
2421 921 65 34 4th
2499 921 122 39 ditto;
2649 921 123 33 Lieut.
2785 920 188 45 Jackson,

1628 974 44 35 of
1683 973 61 34 the
1763 973 81 34 rifle
1861 983 185 34 company
2067 972 123 43 Royal
2209 970 100 34 West
2327 969 107 34 India
2459 969 176 41 Rangers.

1676 1022 137 34 Officer
1833 1019 343 45 Missing.Lieut.
2199 1018 187 44 Gilmour,
2400 1015 46 35 of
2459 1016 61 34 the
2537 1015 52 35 Ist
2602 1013 105 37 West
2726 1013 107 37 India
2852 1012 96 48 Regi-

1622 1069 1 47 ,
1629 1077 112 35 went,
1759 1070 113 33 taken
1886 1069 196 47 prisoner.

2066 1109 175 51 (Signed)
2532 1109 50 35 A.
2602 1110 206 34 LIGERTw
2817 1120 103 26 00D.

1865 1175 138 44 Acting
2023 1175 155 46 Deputy
2196 1165 360 56 Adjutant-General
2571 1180 38 28 to
2629 1172 64 34 the
2709 1172 135 37 Forces
2859 1174 113 35 under

1937 1225 65 35 the
2016 1222 203 38 Command
2237 1221 41 33 of
2295 1221 236 34 Lieut..-Gen.
2550 1220 59 34 Sir
2629 1219 47 41 G.
2699 1220 171 34 Prevost.

1632 1289 142 34 Return
1795 1286 46 45 of
1857 1285 124 38 killed.
1997 1284 187 41 wounded,
2205 1283 72 34 and
2296 1285 167 40 missing,
2483 1279 46 46 of
2538 1280 60 34 the
2621 1281 102 38 First
2744 1281 165 34 Division
2929 1280 50 46 of

1776 1337 59 30 the
1853 1345 21 24 it
1880 1345 76 31 ring
1972 1343 96 34 upon
2080 1332 59 33 the
2163 1331 139 44 ileight
2320 1329 47 44 of
2378 1328 265 44 Surirey,-Peb.
2662 1329 161 39 2,181.9.

1676 1384 63 33 7th
1765 1382 120 43 Royal
1902 1381 201 38 Fusileers,
2125 1381 52 32 Ist
2194 1377 201 41 battalion,
2414 1377 12 33 1
2446 1375 172 46 serjeant,
2630 1377 48 33 20
2693 1376 90 34 rank
2800 1375 70 34 and
2894 1376 77 40 tile,

1631 1430 117 35 killed
1763 1442 12 28 ;
1806 1430 14 33 1
1839 1428 241 40 field-officer,
2096 1429 24 31 2
2133 1426 185 45 eaptaita;,
2336 1426 12 33 1
2370 1422 176 47 serjeant,
2568 1423 13 33 1
2597 1423 197 39 drummer,
2812 1423 46 33 58
2877 1423 93 33 rank

1631 1479 67 33 and
1717 1476 79 40 file,
1826 1488 26 20 w
1863 1473 143 37 ounded
2017 1483 27 31 ;
2055 1476 24 32 3
2095 1474 94 34 rank
2205 1473 70 34 and
2295 1472 78 40 tile,
2401 1470 161 39 missing.
2567 1469 111 34 -Bth
2707 1468 129 44 King's
2857 1469 91 44 Regi-

1631 1530 113 37 ment,
1782 1525 51 34 Ist
1852 1522 202 37 battalion.
2087 1524 12 32 1
2127 1520 248 40 field-otficer,
2407 1518 21 35 4
2450 1519 92 33 rank
2561 1519 70 32 and
2649 1518 78 40 file,
2759 1517 138 41 killed;
2930 1518 43 34 13

1631 1572 93 35 rank
1739 1572 73 34 and
1833 1571 73 41 file,
1941 1569 194 37 wounded.
2148 1566 63 37 23
2211 1566 43 37 cl
2277 1566 124 45 Royal
2426 1566 130 33 Welch
2577 1566 210 39 Fusileers,.
2811 1566 48 34 Ist
2888 1566 64 33 bat-

1632 1619 132 43 talion,
1791 1619 13 33 1
1826 1617 171 46 serjeant,
2015 1618 24 34 3
2055 1617 93 34 rank
2169 1616 69 34 and
2258 1615 76 40 file,
2354 1613 118 35 killed
2486 1625 12 28 ;
2528 1613 15 34 1
2561 1612 201 40 subaltern,
2780 1612 12 34 1
2810 1612 98 41 staff,
2930 1613 45 43 Ifa

1632 1668 92 34 rank
1754 1667 72 34 and
1846 1665 74 39 file,
1946 1664 157 39 wounded
2104 1664 22 39 .
2126 1664 24 39 ;
2181 1664 11 33 1
2218 1661 172 46 serjeant,
2411 1661 478 43 inissing.Dtstachmein,
2920 1661 51 34 13t

1636 1715 100 39 West
1757 1714 112 35 India
1886 1713 209 44 Regintzat,
2119 1710 22 33 1.
2156 1710 91 33 rank
2265 1710 71 33 and
2356 1710 78 39 tile,
2452 1707 300 43 killed.Light
2767 1708 206 41 battalion,

1633 1761 14 34 1
1665 1762 170 45 captain,
1872 1760 13 34 1
1905 1756 177 46 serjeant,
2113 1759 39 34 14
2178 1757 92 33 rank
2287 1756 70 33 and
2372 1756 76 39 file,
2484 1755 141 40 killed;
2648 1755 21 34 .1
2687 1754 244 41 field-officer,
2953 1756 15 33 1

1631 1808 234 39 subaltetn,2
1878 1805 248 47 serjeants,36
2139 1804 92 35 rank
2246 1805 69 34 aed
2331 1804 76 39 file,
2426 1801 357 35 wounded.Total
2797 1814 9 26 ;
2838 1802 12 32 I
2870 1801 87 33 field-

1632 1856 137 44 officer,
1795 1857 11 34 1
1824 1854 165 45 captain,
2015 1853 24 35 3
2055 1852 190 43 serji!ant!z,
2274 1850 48 35 42
2348 1850 96 35 rank
2459 1850 72 34 and
2550 1848 77 40 file,
2654 1848 144 39 killed;
2824 1851 22 32 2
2867 1847 104 35 field

1631 1904 157 41 officers,
1806 1905 20 32 2
1846 1903 182 44 captains,
2056 1899 250 39 23ubalterns,
2328 1898 14 34 I
2363 1898 99 40 staff,
2478 1899 24 33 3
2519 1894 190 45 serjeants,
2735 1896 12 33 1
2770 1896 203 43 drummer,

1636 1945 65 41 126
1717 1951 94 35 rank
1826 1951 67 33 and
1907 1951 76 38 file,
2002 1961 26 20 w
2041 1948 167 40 minded;
2239 1946 11 32 1
2270 1945 176 45 serjeant,
2463 1946 22 33 3
2502 1945 87 32 rank
2610 1944 71 33 and
2694 1944 76 38 file,
2785 1943 159 43 missing.

1681 1998 155 35 Officers
1856 1996 180 35 Killed.
2052 1996 63 33 kith
2141 1994 213 44 Regiment,
2385 1991 126 48 Major
2532 1990 202 43 Maxwell,
2765 1990 96 45 light
2887 1990 64 34 bat-

1635 2047 142 39 talion;
1804 2047 112 43 Capt.
1937 2043 172 40 Sinclair,
2126 2041 90 34 23th
2233 2042 193 43 regiment.

1681 2095 155 32 Officers
1856 2085 2 48 .
1885 2087 326 39 Wounded.-7th
2257 2088 213 45 Regiment,
2518 2086 103 34 Hon.
2674 2085 300 35 Lieut.-Colonel

1636 2140 242 40 Pakenhant;
1923 2139 181 45 Captains
2139 2138 122 34 Rowe
2293 2134 70 35 and
2394 2133 337 37 Cholwick.-23d
2765 2133 209 44 Regiment,

1635 2189 125 35 Lieut.
1799 2186 204 44 Roskelly;
2056 2185 163 44 Surgeon
2259 2181 314 43 Power.Light
2603 2179 201 40 battalion,
2848 2179 130 46 Major

1635 2237 200 43 Campbell
1854 2235 44 34 of
1916 2233 63 33 the
2008 2232 123 44 Royal
2153 2231 103 33 West
2277 2231 109 33 India
2407 2231 189 43 Rangers;
2627 2228 120 34 Lieut.
2767 2226 208 45 Hopwood

1633 2284 41 33 of
1684 2281 274 43 ditto.Staff,
1984 2278 163 45 Captain
2169 2280 139 41 Coore,
2334 2277 301 45 Aide-de-Camp
2659 2283 38 26 to
2733 2275 239 35 Lieut.-Gen.

1635 2331 57 35 Sir
1706 2331 51 35 G.
1774 2330 175 41 Prevost,
1967 2328 171 45 slightly.

2122 2374 50 35 G.
2197 2373 60 35 W.
2276 2372 28 35 R
2315 2382 20 25 a
2348 2381 73 27 Stsi
2433 2381 50 33 Y.,
2502 2369 106 45 Brig.
2626 2369 72 35 and
2720 2367 204 47 Adj.-Gen.

1676 2479 32 33 A
1733 2479 128 33 Letter
1877 2474 96 38 from
1994 2473 292 35 Rear-Adniral
2309 2474 59 32 Sir
2396 2470 214 37 Alexander
2642 2469 197 37 Cochrane
2865 2470 106 43 gives

1628 2538 45 22 an
1690 2531 157 31 account
1874 2525 44 33 of
1944 2524 63 33 the
2029 2522 149 43 lauding
2209 2519 46 35 of
2282 2520 61 34 the
2374 2529 131 35 troops
2531 2518 112 34 under
2670 2518 301 33 Lieut.-General

1635 2574 213 41 Beckwith,
1861 2580 38 27 at
1913 2571 246 41 Martinique,
2171 2569 71 34 and
2256 2569 151 34 incloses
2418 2577 24 24 a
2453 2568 111 33 letter
2578 2564 93 34 from
2687 2567 111 43 Capt.
2811 2564 162 40 Beaver,

1629 2622 43 33 of
1685 2622 61 34 the
1762 2622 155 40 Acasta,
1937 2619 208 45 respecting
2163 2616 63 34 the
2242 2615 319 34 dbembarkatiou
2571 2614 45 34 of
2630 2615 64 33 the
2713 2621 126 38 troops
2857 2613 116 34 under

1630 2669 53 34 his
1701 2669 138 44 charge
1858 2675 40 26 at
1918 2668 80 43 Bay
2021 2665 162 37 Robert.

1714 2735 112 45 Copy
1845 2734 43 32 of
1899 2744 25 24 a
1944 2734 124 32 Letter
2081 2737 39 27 to
2143 2728 288 35 Rear-Admiral
2452 2727 59 34 Sir
2535 2727 113 33 Alex.
2670 2725 207 35 Cochrane.

1861 2783 222 43 Cleopatra,
2101 2778 57 34 oft'
2172 2778 228 39 Basseterre,
2418 2776 262 44 Guadaloupc,
2700 2773 72 34 Jan
2790 2774 60 39 23,
2869 2773 105 35 1801.

1669 2832 90 40 Slit,
1774 2832 45 32 In
1828 2837 246 37 consequence
2087 2825 261 45 ofseparatiag
2361 2824 97 34 from
2473 2824 54 33 hi=
2544 2820 195 47 Majesty's
2748 2820 83 44 ship
2843 2820 21 34 J
2872 2832 107 32 ason,

1628 2881 69 33 and
1715 2881 109 33 there
1843 2878 106 41 being
1968 2888 47 22 no
2049 2874 234 46 probability
2309 2872 47 33 of
2380 2871 314 34 communication
2722 2868 123 34 either
2878 2869 93 33 with

1631 2928 111 44 Capt.
1765 2927 154 39 Mande,
1944 2935 41 22 or
2002 2926 115 44 Capt.
2139 2923 112 43 Pigot
2269 2922 44 33 of
2335 2919 61 35 the
2431 2922 135 40 ',atona
2565 2922 20 40 l
2610 2916 71 35 and
2699 2916 122 34 senior
2852 2915 126 35 officer

1626 2975 43 34 of
1689 2975 63 35 the
1779 2972 227 44 blockading
2035 2969 201 47 squadron,
2263 2969 19 32 I
2310 2970 69 39 beg
2398 2972 38 28 to
2456 2968 133 33 inform
2608 2975 91 34 you,
2725 2965 80 33 that
2835 2969 120 38 yester-

1626 3025 89 41 day,
1744 3024 37 34 in
1800 3021 202 34 obedience
2020 3025 37 28 to
2073 3020 60 33 the
2152 3017 136 44 signals
2302 3015 106 34 made
2435 3021 38 26 to
2492 3025 57 22 me
2568 3014 48 43 by
2634 3012 115 44 Capt.
2772 3011 150 40 Maude,
2953 3012 18 32 I

1626 3072 138 34 chaced
1782 3081 25 24 a
1830 3069 85 45 ship
1949 3069 34 33 in
2021 3066 60 34 the
2117 3067 52 34 N.
2207 3064 48 34 N.
2289 3065 58 33 W.
2372 3061 122 35 which
2532 3061 19 35 I
2584 3060 142 43 shortly
2756 3058 224 34 afterwards

1629 3119 104 33 made
1768 3125 65 28 out
1863 3123 37 28 to
1930 3117 45 33 be
2009 3125 25 24 a
2065 3112 146 38 French
2245 3111 154 44 frigate,
2427 3110 100 41 who,
2555 3119 47 25 on
2616 3106 124 44 seeing
2759 3116 52 30 us,
2839 3106 136 33 hauled

1628 3168 97 33 close
1744 3168 35 32 in
1799 3167 122 39 shore,
1946 3164 69 33 and
2033 3161 188 37 anchored
2237 3161 111 33 under
2374 3169 22 22 a
2413 3158 107 33 small
2539 3158 148 41 battery
2706 3164 24 22 a
2748 3154 96 33 little
2863 3159 38 27 to
2914 3152 61 33 the

1630 3217 34 32 S.
1691 3213 44 37 of
1753 3215 111 33 Point
1884 3213 109 35 Noir.
2047 3210 154 44 Having
2218 3207 229 35 ascertained
2478 3204 79 34 that
2576 3204 90 43 they
2695 3210 99 25 were
2810 3201 168 44 securing

1631 3262 63 33 her
1722 3262 71 45 (by
1820 3262 141 45 springs
1988 3272 47 24 on
2063 3259 66 33 her
2163 3256 139 40 cables,
2328 3255 71 33 and
2430 3253 124 34 others
2587 3252 71 33 fast
2678 3255 39 27 to
2732 3248 61 34 the
2811 3254 94 28 trees
2930 3257 50 25 on

1628 3309 128 43 shore)
1789 3321 43 22 as
1867 3308 83 35 well
1978 3319 41 22 as
2053 3305 66 35 her
2135 3304 177 35 situation
2347 3300 125 35 would
2504 3300 151 45 permit,
2685 3298 19 33 I
2733 3295 105 34 made
2859 3306 117 34 every

1631 3359 243 43 preparation
1891 3359 58 33 for
1964 3354 197 43 attacking
2181 3353 78 40 her,
2288 3352 60 33 the
2380 3347 97 37 witid
2498 3347 107 44 being
2630 3352 40 27 at
2689 3344 73 35 this
2776 3344 87 34 time
2880 3343 96 34 from

1631 3405 59 33 the
1710 3410 37 31 s.
1847 3409 61 32 but
1928 3416 87 32 very
2035 3402 96 44 light
2146 3400 71 33 aid
2237 3399 185 33 variable.
2477 3396 51 34 At
2544 3393 83 35 half
2636 3399 84 39 past
2737 3391 165 35 2P.M.
2923 3399 58 25 we

1629 3463 59 32 got
1708 3456 63 33 the
1793 3463 79 25 true
1892 3456 149 34 breeze,
2066 3450 69 34 and
2150 3448 129 34 turned
2296 3458 51 32 up
2361 3452 39 27 to
2422 3443 206 34 windward
2657 3441 57 35 till
2733 3439 129 33 within
2877 3449 24 22 a
2917 3449 43 22 ca-

1631 3500 87 37 ble's
1739 3503 124 40 lenOt
1896 3503 27 33 oi
1923 3503 14 33 .
1964 3503 63 31 the
2057 3500 124 37 shore,
2211 3495 69 33 and
2316 3493 84 35 half
2421 3497 169 39 musquet
2603 3490 86 33 shot
2712 3487 93 35 from
2820 3487 61 32 the
2896 3495 64 22 ene-

1696 3574 9 15 ,
1768 3552 15 31 h
1795 3553 56 32 ich
1869 3561 74 21 was
1957 3548 151 34 eiThrted
2126 3549 39 28 at
2184 3543 21 33 :t
2225 3542 164 40 o'clock,
2407 3539 106 37 when
2535 3537 54 34 his
2606 3539 107 41 firing
2730 3533 252 38 commenced.

1665 3608 72 22 taw
1765 3599 94 33 from
1878 3598 61 34 the
1957 3596 117 44 shape
2092 3592 44 35 of
2148 3592 63 33 the
2225 3592 81 34 land
2322 3592 72 32 aml
2411 3589 61 33 the
2490 3586 105 35 shoal
2610 3583 44 35 of
2680 3588 116 30 water
2812 3582 169 39 between

1631 3656 53 27 us,
1710 3647 81 33 that
1817 3647 9 32 I
1852 3645 105 34 could
1977 3651 60 27 not
2057 3644 99 33 close
2179 3640 163 33 without
2359 3640 139 41 danger
2515 3634 45 33 of
2583 3634 110 41 being
2708 3628 136 43 raked,
2864 3628 19 34 I
2906 3639 77 21 was

1631 3694 184 33 therefore
1845 3692 151 45 obliged
2030 3697 38 28 to
2100 3689 142 34 anchor
2269 3687 34 34 in
2335 3687 57 32 six
2413 3684 161 35 fathoms
2587 3680 70 34 and
2675 3691 25 21 a
2719 3678 92 41 half,
2837 3676 69 34 and
2926 3686 38 22 re-

1631 3742 126 34 turned
1781 3743 54 32 his
1870 3741 81 39 tile,
1983 3738 120 34 which
2122 3736 229 35 fortunately
2370 3738 61 30 cut
2451 3741 110 33 away
2585 3729 57 33 his
2660 3725 144 35 outside
2835 3725 145 45 spring,

1635 3789 100 34 when
1757 3793 45 30 he
1820 3800 124 30 swtmg
1962 3789 34 32 in
2023 3787 110 32 shore
2156 3783 92 33 with
2270 3784 53 32 his
2343 3781 93 35 head
2458 3776 163 38 towards
2636 3784 56 31 us,
2717 3774 124 44 giving
2861 3783 38 24 us
2920 3771 63 33 the

1629 3837 209 45 advantage
1864 3837 14 33 I
1902 3834 141 35 refosed
2065 3833 77 33 hint
2159 3829 129 35 before
2302 3843 11 26 ;
2340 3829 73 33 this
2438 3829 15 32 1
2472 3837 40 24 so
2536 3823 215 43 effectually
2771 3819 210 46 preserved,

1631 3885 80 35 that
1743 3888 44 31 he
1807 3895 109 25 never
1932 3880 227 38 afterwards
2189 3887 64 34 got
2276 3887 102 26 more
2405 3876 104 35 than.
2524 3870 85 37 half
2640 3873 56 33 his
2712 3868 197 37 broadside
2941 3872 40 30 to

1631 3933 111 40 hear;
1774 3944 58 22 we
1852 3934 81 32 thus
1952 3927 161 46 engaged
2133 3927 59 33 for
2209 3927 47 33 40
2270 3926 170 39 minutes,
2470 3921 106 35 when
2596 3919 63 34 the
2676 3919 116 34 Jason
2810 3915 70 34 and
2901 3914 54 34 Ha-

1631 3981 90 34 zard
1742 3992 105 25 came
1865 3991 65 34 up,
1958 3980 65 32 the
2054 3978 139 33 former
2213 3974 133 43 having
2365 3973 113 33 taken
2497 3979 24 22 a
2537 3966 168 46 position
2738 3978 46 22 on
2803 3964 65 35 her
2884 3970 78 27 star-

1631 4031 116 34 board
1768 4035 169 40 quarter,
1963 4025 70 35 and
2065 4025 109 41 firing
2206 4024 64 33 her
2298 4023 87 33 bow
2415 4028 106 35 guns,
2563 4015 64 34 the
2659 4015 155 34 Hazard
2845 4016 39 30 at
2920 4011 65 33 the

1629 4090 99 25 same
1749 4078 91 33 time
1859 4077 180 41 directing
2060 4074 81 32 hers
2158 4077 38 26 to
2215 4071 61 34 the
2294 4070 92 39 fort,
2413 4069 63 33 the
2492 4072 130 34 enemy
2650 4063 135 34 hauled
2803 4062 110 33 down
2928 4058 58 32 his

1630 4129 164 38 colours,
1826 4124 135 41 finding
1974 4123 45 33 he
2047 4131 74 24 was
2141 4126 64 28 not
2222 4120 87 33 able
2328 4126 37 26 to
2382 4116 141 33 sustain
2541 4123 39 26 so
2598 4111 161 44 unequal
2779 4121 25 22 a
2819 4109 165 33 combat.

1681 4175 73 34 She
1775 4182 133 37 proves
1928 4180 37 26 to
1983 4174 47 31 be
2042 4170 61 32 the
2124 4168 146 33 French
2288 4163 164 37 national
2466 4162 141 45 frigate
2619 4159 176 46 Topaze,
2810 4155 177 46 carrying

1630 4224 47 34 48
1696 4234 106 32 guns,
1821 4221 172 43 eighteen
2009 4219 48 34 24
2076 4217 71 34 and
2164 4214 269 46 56-pounders,
2448 4208 242 38 commanded
2711 4209 48 41 by
2776 4208 118 32 MOM,
2917 4204 47 33 La-

1632 4272 77 37 hall
1716 4284 39 31 e,
1770 4270 203 45 Capitnine
1988 4266 46 35 dc
2048 4266 162 45 frigate,
2224 4263 90 37 ith
2327 4273 25 24 a
2368 4260 250 46 complement
2639 4256 43 37 of
2702 4257 76 35 330
2796 4263 107 32 men;
2930 4248 64 35 she

425 167 15 13 .

213 219 97 50 Zl4

3138 0 213 279 TrrliE

1276 213 381 66 NATIONAL
1723 207 387 56 REGISTER.
2657 198 214 52 APRIL
2906 206 53 47 2.
