3224 4453
254 172 167 57 PRIL
455 172 50 50 2.

2705 53 6 14 :
2784 48 8 12 6
2876 48 4 19 .

2985 74 8 11 •

2859 97 14 48 1

1089 139 144 54 THE
1269 132 373 59 NATIONAL
1677 122 372 58 REGISTER.

1454 100 7 7 •
1532 98 9 9 •
1574 99 8 7 •
1610 93 28 14 ?0
1638 93 15 14 .
1663 97 7 8 •
1676 90 100 18 •4••••41,11

215 302 105 56 getic
357 295 145 54 policy.
562 288 102 41 Half
689 295 217 32 measures,
935 278 74 39 and
1031 266 193 48 tardiness
1241 268 45 40 oC
1311 266 237 52 execution,.

215 360 25 37 h
240 360 52 37 av
292 360 26 37 e
338 345 235 46 occasioned
606 353 77 27 our
713 340 80 38 late
826 335 189 39 disasters
1049 340 27 32 o
1076 340 27 32 n
1134 326 69 38 the
1232 318 215 45 continent.
1507 314 34 37 It

217 406 104 41 their
358 410 237 32 recurrence
626 396 31 37 is
687 398 43 33 to
763 392 47 37 be
836 383 187 46 avoided,
1050 392 59 27 we
1141 379 104 37 must
1273 369 182 44 abandon
1475 364 70 40 the

220 470 133 30 errors
389 452 126 41 which
544 445 203 57 produced
771 444 124 37 them.
952 438 78 37 We.
1044 435 106 37 must
1168 432 72 35 not
1256 433 148 44 appear
1423 420 38 38 in
1476 417 70 39 the

221 514 224 38 character.
464 504 47 38 of
541 497 230 45 auxilia.ries
787 510 11 30 ;
828 506 59 26 we
912 487 142 43 should
1089 495 116 30 come
1239 490 44 27 as
1319 469 226 59 principals.

221 567 74 37 We
315 575 70 25 are
405 563 73 34 not
507 553 244 48 contending
787 541 241 51 exclusively
1049 536 65 40 for
1149 529 207 57 Spaniards
1403 528 122 35 Portu-

222 627 142 43 guese,
397 626 46 25 or
463 608 227 41 Austrians;
720 614 58 26 we
795 613 70 25 are
886 594 175 53 fighting
1078 600 76 30 our
1173 596 89 28 own
1274 579 159 44 battles,
1472 574 77 39 and

223 671 122 39 clime
370 665 73 39 the
463 658 228 45 Peninsula,
720 669 46 25 or
789 654 220 44 6ermany,
1037 654 43 30 as
1102 640 70 39 the
1195 647 112 30 scene
1339 630 47 43 of
1401 627 149 43 action.

228 724 83 35 Our
345 728 202 31 resouiTc:s
580 725 25 39 g
608 715 63 34 ive
704 722 45 26 us
784 719 24 25 a
846 704 106 47 right
985 705 44 32 to
1080 703 123 43 appea
1202 703 25 43 r
1259 689 40 37 in
1346 684 69 39 the
1450 678 40 53 li
1491 678 20 53 g
1511 678 41 53 ht

228 774 52 40 of
311 768 217 57 principak
541 783 24 27 ;•
602 770 56 33 to-
678 762 52 39 do
761 772 59 31 so,
869 767 61 26 we
967 752 107 38 must
1111 748 102 37 have
1243 752 48 26 an
1324 748 110 38 army
1467 730 66 40 sill-

228 824 161 52 ciently4
417 816 244 45 formidable
699 820 44 32 to
778 806 195 45 maintain
1015 802 91 40 that
1141 795 132 40 claim.
1338 793 33 37 A
1408 783 146 41 British

234 879 202 43 Minister,
482 872 91 40 who
606 869 32 39 is
666 866 90 40 able
797 869 44 32 to
889 856 228 54 appreciate
1154 849 66 39 the
1266 842 208 40 character
1514 835 50 38 of

230 932 63 40 his
327 931 298 46 countrymen,.
644 918 132 41 would
802 912 83 41 feel
919 922 54 27 uo
998 898 291 61 apprehension
1309 895 39 38 in
1365 887 203 54 adopting,

239 984 80 39 this
339 991 198 30 measure.
594 976 35 40 A
652 972 124 40 series
811 966 47 40 of
889 964 222 38 victorious
1139 948 235 57 operations
1406 940 155 41 abroad

236 1035 83 39 will
339 1032 196 41 facilitate
555 1026 71 40 the
645 1017 331 52 Administration
994 1017 43 34 at
1055 1011 145 39 home;
1228 1000 80 45 and
1336 1012 25 25 a
1387 1005 175 33 reverse,

234 1087 159 43 instead
412 1083 47 40 of
469 1080 209 52 damping,
698 1075 74 40 call
784 1071 112 40 forth
914 1068 70 39 the
1002 1062 73 41 full
1089 1059 139 40 extent
1244 1051 48 41 of
1307 1050 103 40 their
1430 1044 132 41 moral

242 1149 215 32 resources.
494 1131 226 44 Itostilites,
738 1141 52 26 on
810 1136 78 28 our
907 1123 107 51 part,
1026 1127 76 30 are
1120 1116 72 34 not
1205 1109 69 38 the
1291 1109 274 43 consequence

247 1193 48 40 of
312 1207 24 24 a
358 1188 152 41 restless
533 1183 200 43 ambition
750 1196 13 30 ;
791 1179 94 48 they
907 1185 69 27 arc
1003 1163 194 45 rendered
1224 1150 269 50 unavoidable
1513 1149 52 51 by

237 1247 73 38 the
350 1240 207 44 insatiable
595 1234 180 52 rapacity
813 1230 47 39 of
893 1226 71 39 the
1007 1231 158 40 enemy.
1234 1213 74 35 We
1345 1218 66 30 are
1444 1200 104 54 fight-

247 1298 71 48 ing
346 1297 67 39 for
457 1306 77 26 our
578 1290 125 40 altars
746 1283 76 41 and
869 1273 220 46 lire-sides;

1083 1320 191 56 passions,
1135 1279 58 28 we
1231 1274 70 32 are

1304 1325 27 30 or
1332 1256 239 106 contendspeakinto

1545 1265 26 39 g

244 1351 65 39 for
328 1361 119 38 every
467 1345 115 51 thing
601 1342 90 39 that
726 1350 74 27 can
820 1344 126 27 warm
981 1328 66 38 the

247 1403 69 39 the
335 1403 182 37 interests
535 1397 48 38 of
593 1406 96 28 men
702 1390 79 39 and
801 1387 180 41 citizens.
1036 1381 83 35 Our
1135 1370 112 44 fields
1258 1367 67 39 are
1339 1357 234 46 threatened

249 1455 97 38 with
370 1449 276 43 devastation;
678 1456 74 26 our
785 1436 278 44 Government
1082 1427 96 40 with
1213 1416 229 44 subversion
1457 1428 12 30 ;
1500 1421 77 28 our

250 1511 196 51 property
469 1501 96 40 with
595 1496 194 57 plunder;
819 1502 78 28 our
907 1460 5 102 •
928 1482 170 45 families
1133 1475 96 43 with
1261 1467 217 54 diipersion
1499 1460 79 40 and

254 1560 145 51 misery
419 1573 11 30 ;
463 1567 73 27 our
565 1556 172 44 country
774 1545 97 40 with
887 1514 4 97 .
907 1547 175 39 carnage
1114 1530 78 40 and
1221 1525 172 47 slavery.
1448 1514 130 50 These

252 1625 71 30 are
334 1612 174 39 motives
520 1612 41 33 to
575 1603 122 43 make
711 1599 65 40 old
789 1610 77 40 age
882 1593 207 52 vigorous,
1102 1583 77 40 and
1192 1586 174 34 women,
1380 1566 200 45 heroines.

561 1700 347 50 REVOLUTION
940 1697 52 38 IN
1024 1684 220 47 SWEDEN
1248 1693 11 28 .

309 1768 91 40 The
420 1767 74 41 last
514 1767 148 46 twenty
684 1769 112 43 years
816 1755 104 39 have
944 1750 99 35 been
1075 1735 219 60 peculiarly
1328 1723 170 46 marked
1528 1722 54 51 by

259 1819 182 54 physical
482 1817 77 38 and
606 1811 128 41 moral
778 1801 269 46 convulsions.
1117 1789 143 41 Whilst
1297 1774 289 56 earthquakes,

260 1872 274 40 inundations,
554 1866 80 40 and
653 1860 184 41 volcanic
856 1853 207 53 eruptions
1091 1837 196 57 betrayed
1320 1847 50 26 an
1389 1827 198 50 alarmibg

257 1923 288 43 fermentation
567 1919 39 38 in
626 1917 70 40 the
715 1912 170 40 interior
914 1905 25 40 o
939 1905 26 40 f
992 1913 77 28 our
1098 1897 137 53 globe,
1291 1886 52 43 all
1363 1885 67 38 the
1449 1880 142 51 hinges

261 1977 51 39 of
339 1977 152 50 society
526 1972 106 38 have
652 1970 100 38 been
771 1958 196 52 viwently
997 1957 117 35 burst
1142 1949 51 50 by
1218 1936 282 54 conspiracies,
1531 1942 40 27 re-

260 2029 187 44 bellions,
481 2024 76 39 and
589 2023 71 39 the
692 2021 122 35 worst
834 2013 144 40 crimes
997 2003 132 43 which
1149 2003 104 34 have
1284 1984 209 58 disgraced
1526 1983 67 38 the

262 2085 129 35 worst
409 2091 93 39 ages
521 2076 46 38 of
581 2086 77 27 our
677 2068 141 40 world.
874 2062 163 40 Where,
1065 2054 79 40 and
1162 2050 109 43 how,
1285 2043 97 51 they
1402 2036 79 41 will
1500 2033 96 46 end,

265 2134 33 39 it
317 2134 32 38 is
370 2145 86 26 now
478 2127 161 53 beyond
658 2125 70 38 the
745 2118 118 43 reach
901 2114 48 39 of
964 2112 165 38 'human
1162 2100 215 54 prudence,
1408 2104 48 26 or
1489 2088 87 39 fore-

266 2186 128 52 sight,
413 2189 43 34 to
476 2179 235 40 determine.
769 2174 35 37 It
824 2167 191 53 requires,
1045 2161 203 38 however,
1281 2147 94 50 only
1409 2157 25 24 a
1462 2151 115 41 super-

268 2237 110 41 ficial
397 2236 113 52 spirit
529 2232 50 39 of
593 2225 260 44 observation
873 2228 45 32 to
937 2219 52 39 be
1009 2206 247 50 convinced,i
1278 2202 91 38 that
1400 2196 69 38 the
1489 2191 89 39 cala-

269 2290 135 39 mities
424 2287 93 39 with
542 2283 132 44 which
693 2291 59 26 we
772 2277 107 39 have
908 2272 100 38 been
1038 2259 163 51 already
1222 2251 158 43 visited,
1397 2244 180 43 tremend-

273 2356 77 26 ous
370 2355 41 25 as
425 2341 91 48 they
530 2336 106 39 have
652 2336 117 41 been,
783 2342 70 25 arc
867 2323 94 52 only
978 2335 21 24 a
1016 2315 164 54 prelude
1194 2316 41 33 to
1252 2306 149 40 others,
1419 2303 41 34 at
1472 2296 128 40 which

273 2393 183 52 thought
474 2389 112 41 itself
600 2381 156 52 recoils.
787 2383 83 37 Our
885 2381 143 34 nature
1048 2369 148 39 abhors
1214 2375 25 34 a
1257 2356 184 41 constant
1460 2349 124 40 antici-

275 2447 143 52 pation
435 2443 48 40 of
493 2441 165 54 gloomy
670 2439 158 39 events;
852 2432 73 38 but
940 2427 69 38 the
1020 2424 221 48 symptoms
1254 2422 59 26 we
1325 2408 103 39 have
1442 2400 162 40 noticed
1638 2396 1 103 '

276 2499 81 39 and
373 2497 125 38 which
515 2504 158 28 assume
685 2499 118 38 every
815 2486 77 48 day
907 2493 26 27 a
948 2489 111 28 more
1081 2469 227 51 malignant
1318 2460 149 51 aspect,
1480 2465 128 41 prove

278 2554 118 38 there
416 2549 28 39 is
476 2561 24 26 a
528 2558 111 27 mass.
663 2542 47 39 of
737 2536 172 43 feverish
931 2535 146 35 matter
1097 2526 40 37 in
1154 2519 168 46 society,
1351 2507 130 43 which
1500 2509 107 37 must

279 2602 190 41 occasion
485 2614 24 25 a
527 2595 187 41 dreadful
725 2590 77 39 and
823 2583 178 45 unheard
1023 2580 46 39 of
1081 2575 122 41 crisis.
1258 2568 89 39 The
1362 2576 59 26 rev
1434 2559 175 41 elution,

281 2656 132 39 which
435 2653 71 40 has
522 2650 126 40 taken
678 2644 115 51 place
811 2642 40 37 in
873 2635 177 44 Sweden,
1078 2630 47 41 is,
1154 2628 39 38 in
1209 2622 201 39 whatever
1430 2611 104 52 light
1553 2622 59 25 we

286 2707 150 54 regard
455 2707 45 43 it,
521 2717 78 28 one
619 2700 47 39 of
681 2699 69 39 the
769 2696 105 38 most
892 2692 48 48 da
940 2692 24 48 n
964 2692 24 48 g
987 2692 146 48 erous,
1160 2669 198 48 criminal,
1389 2665 76 41 and
1485 2663 103 51 impo-

287 2763 90 39 litic
396 2767 274 32 occurrences,
700 2761 60 27 we
780 2747 102 39 have
900 2753 93 26 ever
1013 2734 94 44 read
1129 2745 45 27 or
1193 2725 124 43 heard
1337 2721 54 39 of.
1450 2719 37 37 It
1513 2715 32 38 is
1574 2726 41 25 as

286 2813 91 52 silly
398 2812 77 38 and
507 2804 267 48 unretlecting
793 2811 52 28 an
865 2796 151 41 action,
1036 2803 41 24 as
1095 2792 44 33 to
1160 2786 73 51 put
1252 2792 24 25 a
1294 2772 126 41 sword
1441 2769 87 38 into
1548 2766 69 39 the

287 2864 132 43 hands
450 2863 47 39 of
524 2875 24 25 a
576 2858 206 40 Madman.
839 2849 87 39 The
947 2842 128 43 minds
1095 2838 46 39 of
1168 2836 69 38 the
1256 2832 120 37 lower
1394 2823 158 41 classes,
1580 2818 37 38 in

287 2930 125 39 every
435 2920 92 48 part
546 2913 47 39 of
609 2914 237 46 Europeare
866 2897 158 44 already
1042 2900 73 32 too
1131 2885 117 43 much
1270 2874 233 48 dissatisfied
1524 2870 93 39 with

291 2970 110 41 their
419 2968 287 51 governments
725 2957 76 40 and
822 2949 247 46 institutions
1083 2961 14 31 t
1102 2923 4 96 .
1144 2942 139 45 betray
1306 2940 70 31 too
1408 2923 216 54 impatient

294 3038 25 25 a
339 3034 110 27 sense
469 3020 46 40 of
529 3028 120 39 every
671 3012 98 41 kind
788 3008 46 39 of
971 2996 203 44 restraint,
1189 2986 187 43 manifest
1396 2987 71 32 too

1491 2975 137 91 thatmark

1611 2996 13 8 -

291 3077 52 39 ed
365 3089 25 24 a
402 3073 185 51 jealousy
626 3067 48 39 of
702 3065 69 39 the
806 3060 144 51 higher
981 3052 76 40 and
1093 3039 224 60 privileged
1348 3034 45 40 or
1393 3034 90 40 ders
1482 3034 24 40 ;

294 3141 83 26 one
397 3138 46 26 or
463 3130 79 33 two
563 3132 115 28 more
694 3112 210 52 examples
924 3106 46 40 of
984 3106 79 38 this
1089 3097 98 41 kind
1209 3107 67 25 are
1297 3087 91 51 only
1419 3092 208 38 necessary

298 3185 47 33 to
366 3178 123 40 make
507 3177 110 38 them
640 3174 106 50 feel,
771 3168 90 38 that
893 3164 67 35 the
979 3151 196 58 supposed
1209 3141 207 51 hardships
1447 3133 51 39 of
1528 3132 103 40 their

296 3229 211 43 condition
527 3227 201 48 originate
762 3221 39 38 in
833 3217 72 38 the
926 3210 183 52 injustice
1128 3203 48 40 of
1206 3198 106 40 their
1332 3189 298 57 governments.

299 3286 230 35 Whenever
567 3280 91 38 that
696 3269 184 44 dreadfal
919 3263 183 40 moment
1137 3244 418 51 arrives—whenever
1590 3249 43 25 so

301 3334 103 41 fatal
433 3348 22 25 a
475 3332 216 40 sentiment
709 3325 137 48 begins
867 3326 41 32 to
928 3317 96 39 take
1046 3307 144 45 rooted
1215 3298 217 59 possession
1454 3292 51 39 of
1532 3288 104 39 their

300 3389 148 44 minds,
468 3399 22 25 a,
508 3397 117 27 scene
646 3381 46 38 cif
707 3376 50 43 an
757 3376 124 43 archy
922 3369 77 40 and
1025 3354 272 58 complicated
1330 3346 207 43 atrocities
1557 3339 78 39 will

302 3455 141 30 ensue,
463 3438 128 39 which
611 3432 79 41 will
709 3432 169 39 convert
893 3422 151 50 society
1069 3412 122 46 itself,
1206 3411 86 38 into
1307 3418 22 25 a
1343 3405 113 50 great
1475 3392 139 53 slaugh-

311 3494 224 40 ter-house.

363 3544 97 40 This
494 3542 32 40 is
556 3540 70 40 the
656 3534 99 43 fatal
790 3526 305 59 presentiment,
1135 3513 112 47 which
1247 3513 22 47 .
1303 3507 137 41 rushes
1474 3511 53 27 on
1566 3509 77 27 our

309 3599 146 43 minds,
488 3595 38 39 in
549 3588 301 52 coutemplatin:
850 3588 24 52 ,
895 3582 70 38 the
984 3575 90 41 rash
1095 3569 78 40 and
1193 3562 220 53 iithiuitous
1431 3560 65 33 act
1515 3549 126 39 which

313 3653 78 39 has
410 3650 120 38 taken
559 3645 116 53 place
706 3643 40 37 in
776 3618 177 61 Swellen.
1010 3628 85 38 The
1123 3621 112 39 weak
1270 3614 76 39 and
1369 3601 275 52 unprincipled

313 3704 234 48 instigators
567 3696 78 41 will
665 3696 163 38 bemoan
828 3696 28 38 ,
888 3698 63 25 we
969 3678 145 43 clearly
1136 3674 172 39 foresee,
1329 3663 103 41 their
1462 3654 185 52 injustice

318 3756 83 41 and
419 3752 194 44 violence,
644 3745 96 40 with
777 3748 107 33 tears
922 3735 48 41 of
998 3729 141 43 blood.
1194 3724 112 47 They
1345 3717 100 38 have

1474 3713 122 47 given
1628 3710 27 32 a

315 3804 187 45 dreadful
530 3800 215 57 precedent
777 3797 39 37 in
859 3791 71 38 the
961 3782 226 56 deposit-;on
1226 3772 74 40 anti
1333 3762 244 45 arres:ation
1609 3756 47 38 of

319 3861 111 40 their
451 3854 356 52 Sovereign—hat
824 3848 126 48 force
969 3839 209 39 conqtituic
1178 3839 21 39 a
1232 3826 132 48 riOt!
1395 3816 76 40 and
1493 3814 70 38 the
1583 3823 67 35 Po-

324 3913 159 53 place,
504 3909 94 51 they
626 3918 66 27 arc
710 3896 162 51 obliged
891 3901 44 32 to
956 3893 133 37 flatter
1104 3886 39 37 in
1163 3879 116 41 order
1299 3882 44 32 to
1363 3870 170 52 support
1550 3861 105 41 their

325 3963 250 54 aggression,
606 3952 215 57 impressed
842 3947 96 39 with
958 3945 69 38 the
1056 3937 132 51 uli!ity
1209 3930 50 40 of
1284 3927 78 39 this
1382 3921 169 40 maxim,
1579 3912 76 41 will

326 4031 104 27 seize
449 4016 65 38 the
534 4015 87 38 first
639 4003 263 59 opportunity
926 4005 45 32 to
985 4002 94 32 turn
1102 3992 26 35 it
1153 3983 33 52 t”
1186 3983 17 52 ,
1202 3983 103 52 :alust
1329 3971 249 45 themselves.

384 4067 211 43 Exclusive
614 4064 48 37 or
690 4061 70 38 the
780 4052 172 50 atrocity
972 4046 76 40 and
1065 4038 190 54 iinpolicy
1278 4032 47 39 of
1343 4031 65 38 the
1428 4029 81 39 act,
1540 4030 116 39 every

328 4117 241 46 individual,
600 4115 91 38 who
712 4113 31 37 is
776 4117 137 30 averse
934 4110 43 32 to
1007 4100 67 38 the
1095 4089 137 44 horrid
1258 4089 145 34 system
1426 4078 48 38 of
1489 4068 156 58 gratin?
1645 4068 22 58 .

327 4174 132 40 which
494 4172 28 37 is
559 4180 93 28 now
681 4156 243 46 established
945 4156 38 37 in
1022 4152 69 37 the
1124 4146 159 51 greater
1304 4139 84 51 part
1411 4130 48 38 of
1488 4129 172 46 Eurevs.,

332 4231 109 35 must
475 4220 165 52 warmly
684 4211 246 57 spupthise
965 4208 39 35 in
1041 4201 70 39 the
1148 4191 210 50 sufferings
1391 4183 45 41 of
1470 4194 35 26 a-
1532 4187 131 44 voting

1941 92 2 11 .
2016 92 39 11 ~

2278 74 14 6 -
2296 70 57 27 :.:,:
2386 70 1 27 .

1586 259 230 50 Monarch,
1840 261 133 48 whom
1991 255 156 44 neither
2165 253 152 40 threats
2336 259 74 30 nor
2431 242 195 53 promises
2641 236 120 41 could
2781 234 143 39 induce

1605 324 45 32 to
1664 327 148 28 swerve
1832 314 105 38 from
1951 312 71 48 the
2041 304 164 58 general
2224 298 117 45 cause
2360 298 47 39 of
2431 293 194 41 freedoM.
2687 291 60 37 Ile
2767 286 78 39 had
2864 286 64 38 his

1607 370 142 44 faults;
1780 366 143 40 blithe
1954 361 133 51 amply
2108 358 116 40 made
2245 366 53 39 up
2330 353 69 38 for
2419 348 110 38 them
2562 345 52 51 by
2634 354 26 26 a
2695 334 236 45 numbeiof

1606 419 175 56 splendid
1817 418 172 40 virtues;
2028 413 51 38 he
2122 423 81 25 was
2237 406 150 41 chaste,
2427 400 241 50 temperate,
2711 391 219 44 laborious,

1611 477 133 47 loving
1765 471 69 39 the
1852 468 107 56 good
1988 463 157 48 though
2171 462 51 40 lie
2239 457 131 52 might
2404 452 100 39 have
2524 446 111 40 erred
2653 446 39 38 in
2708 445 67 39 the
2794 452 139 28 means

1611 527 47 44 of
1678 524 198 50 attaining
1896 523 54 43 it..
1994 520 74 37 We
2093 510 144 56 appeal
2256 516 43 33 to
2319 517 122 39 every
2469 514 91 27 man
2591 498 47 39 of
2667 497 158 39 honour
2852 494 83 43 and,

1612 579 181 50 honesty,
1821 574 78 41 had
1917 573 50 46 he
1977 570 103 44 been
2100 563 139 57 placed
2257 562 39 39 in
2329 560 71 39 the
2420 554 193 41 situation
2631 549 50 39 of
2696 549 237 41 GUSTAVUS,

1615 631 35 39 if
1677 630 50 39 he
1761 626 130 40 would
1928 627 72 35 not
2034 621 105 43 have
2191 611 174 57 pursued
2399 608 66 39 the
2512 615 110 28 same
2660 600 79 40 line
2771 595 51 41 of
2859 609 51 39 po-

1617 683 91 52 licy,
1761 678 130 41 which
1924 676 91 46 that
2062 666 197 46 Monarch
2293 663 81 41 did.
2430 663 45 37 In
2518 651 268 51 condemning
2833 648 106 46 him,

1616 746 118 39 every
1793 729 255 53 Englishman
2109 723 107 38 Must
2269 716 196 40 condemn
2509 709 60 39 his
2617 717 93 28 own
2761 712 150 41 govern-

1620 793 122 39 ment,
1805 782 79 41 and
1936 778 139 43 ivakes
2126 775 70 39 the
2237 771 94 38 base
2388 756 265 54 acknowledg
2657 759 124 39 ment,
2849 754 92 37 that

2657 809 8 7 .

1620 840 175 43 interest,
1832 834 74 40 and
1943 836 74 33 not
2044 829 165 52 justice,
2243 822 31 40 is
2304 821 70 38 the
2405 814 104 43 basis
2543 810 51 40 of
2628 813 61 44 his
2727 803 207 53 morality.
3058 803 4 79 .

1623 892 85 40 The
1728 893 113 37 KING
1861 886 48 39 of
1941 886 176 38 SWEDEN
2138 874 175 43 detested
2333 875 286 35 BONAPARTE;
2655 859 77 41 and
2763 856 129 45 where
2911 869 34 26 is

1624 944 65 40 the
1708 943 143 37 honest
1869 950 107 31 man,
2009 933 91 40 who
2132 931 98 38 does
2263 930 72 35 not
2373 922 126 39 detest
2518 930 25 26 a
2561 914 209 39 murderer
2805 902 77 45 and
2917 921 28 26 a

1625 994 158 40 robber.
1840 992 61 38 He
1929 987 79 39 had
2041 986 66 38 the
2137 976 291 57 magnanimity
2458 977 44 33 to
2522 979 124 41 spurn
2678 965 61 38 his
2758 960 190 39 insidious

1626 1046 115 40 oilers
1760 1044 50 40 of
1826 1039 217 51 friendship
2057 1054 12 30 ;
2107 1033 78 40 and
2200 1043 117 39 every
2340 1038 109 33 man,
2476 1022 92 40 who
2587 1019 73 39 has
2678 1015 70 41 the
2765 1012 184 53 slightest

1629 1103 148 47 respect
1796 1097 65 39 for
1880 1090 172 46 himself,
2089 1101 46 26 or
2153 1084 146 50 feeling
2319 1080 66 40 for
2402 1077 154 41 others,
2593 1068 136 43 would
2757 1070 66 34 act
2851 1063 100 40 with

1630 1153 66 39 the
1714 1162 109 27 same
1841 1146 112 54 spirit
1983 1142 78 40 and
2093 1133 308 57 magnanimity.
2458 1129 61 38 He
2548 1123 106 40 tried
2673 1126 45 33 to
2754 1115 197 41 maintain

1631 1205 67 39 the
1719 1198 289 56 independence
2033 1193 48 41 of
2106 1191 59 40 his
2202 1191 170 45 country
2402 1180 155 53 against
2589 1188 51 26 an
2676 1167 280 54 unprovoked

1633 1256 159 44 attack;
1825 1254 48 38 he
1891 1246 194 56 appealed
2102 1248 43 34 to
2158 1241 71 39 the
2249 1237 148 53 loyalty
2418 1232 76 39 and
2513 1240 128 38 coura
2641 1240 26 38 g
2670 1238 22 26 e
2711 1222 47 40 of
2777 1221 60 39 his
2855 1221 74 38 sub-

1629 1312 103 47 jects
1750 1312 43 33 to
1813 1305 110 38 assist
1941 1302 83 40 him
2057 1298 39 38 in
2117 1309 44 26 so
2178 1291 138 41 sacred
2353 1286 79 40 and
2469 1260 253 63 lionouraLle
2753 1287 25 26 a
2810 1285 118 27 cause
2942 1286 14 28 ;
2975 1260 4 99 .

1637 1361 76 38 and
1727 1358 34 39 if
1770 1358 51 39 he
1834 1358 69 37 has
1919 1352 122 40 fallen
2055 1350 39 39 in
2111 1348 45 46 it,
2173 1346 51 38 he
2237 1341 144 43 carries
2399 1337 90 40 with
2504 1335 85 40 him
2603 1331 70 38 the
2686 1324 274 45 consolation,

1638 1414 89 38 that
1743 1410 70 39 the
1845 1409 141 38 honest
2020 1402 79 40 and
2132 1393 203 57 impartial
2367 1390 51 39 of
2443 1398 119 38 every
2594 1384 176 46 country
2802 1376 158 40 admire

1641 1465 59 40 his
1717 1460 227 56 principles,
1974 1456 74 39 and
2067 1452 100 41 take
2184 1462 24 26 a
2225 1459 122 28 warm
2365 1443 163 39 interest
2545 1439 39 37 in
2600 1436 61 41 his
2674 1433 99 38 fate.

1693 1520 37 35 It
1747 1527 93 39 may
1858 1513 48 40 be
1925 1508 122 40 asked
2062 1507 90 38 how
2171 1502 64 38 far
2258 1512 24 26 a
2293 1495 265 54 government
2576 1488 71 39 has
2667 1498 26 26 a
2709 1482 109 52 right
2837 1486 44 34 to
2902 1479 60 40 in.

1643 1567 149 40 terfere
1811 1566 40 39 in
1867 1565 70 38 the
1950 1560 176 40 conduct
2144 1553 48 41 of
2205 1551 170 41 another
2394 1547 187 46 country..
2634 1540 83 37 But
2727 1535 34 38 if
2771 1547 51 26 an
2839 1533 105 39 inter-

1643 1623 157 38 ference
1812 1618 47 39 of
1865 1617 87 41 that
1963 1612 97 39 kind
2078 1611 48 38 be
2132 1600 241 58 justifiable,
2391 1610 93 28 ours
2498 1594 77 38 has
2587 1605 25 25 a
2628 1597 141 41 strong
2794 1586 172 38 interest

1644 1678 45 34 to
1722 1670 161 52 employ
1919 1677 118 39 every
2076 1671 136 31 means
2248 1657 38 38 in
2307 1655 48 37 its
2373 1661 149 43 power,
2550 1651 44 32 to
2616 1637 253 44 re-establish
2894 1636 72 41 the

1646 1723 171 53 deposed
1852 1717 229 51 Sovereign.
2139 1708 274 46 Conciliatory
2452 1708 201 31 measures
2685 1704 90 38 may
2805 1690 106 43 have
2941 1698 28 28 a

1649 1776 105 53 good
1768 1774 117 40 effect
1904 1783 52 25 on
1989 1779 111 30 some
2112 1760 234 44 occasions;
2374 1756 76 38 but
2484 1763 59 26 we
2562 1748 171 40 believe,
2760 1742 91 40 that
2869 1739 99 52 only

1650 1830 195 50 vigorous
1863 1824 74 40 and
1971 1821 174 39 decisive
2161 1813 133 53 policy
2329 1820 77 27 can
2434 1804 117 50 bring
2584 1796 105 41 back
2713 1795 66 39 the
2799 1792 172 45 Swedish

1651 1880 144 40 nation
1815 1884 43 33 to
1893 1889 24 26 a
1936 1886 109 26 sense
2063 1869 46 41 of
2126 1867 71 39 the
2228 1863 172 48 atrocity
2419 1851 235 46 committed
2688 1846 157 52 against
2863 1844 110 38 their

1655 1936 253 37 SOVEREIGN.
1964 1928 80 37 For
2079 1919 197 43 Heaven's
2314 1912 98 39 sake
2432 1912 8 33 !
2471 1907 58 40 let
2564 1918 44 25 us
2640 1897 44 43 at
2720 1899 97 39 least
2851 1893 124 41 avoid

1656 1984 137 52 giving
1827 1996 25 26 a
1893 1977 178 40 sanction
2100 1978 44 33 to
2171 1964 255 53 usurpation,
2456 1961 50 50 by
2544 1952 188 51 allowing
2765 1964 25 24 a
2826 1946 150 41 British

1659 2036 180 40 Minister
1872 2037 45 33 to
1946 2028 155 46 remain
2120 2029 41 34 at
2180 2035 26 25 a
2229 2023 133 38 court,
2392 2013 132 40 where
2551 2009 70 37 the
2640 2002 219 51 Sovereign
2889 1998 69 44 lan.
2957 1998 18 44 :

1659 2087 159 53 guishes
1838 2086 38 39 in
1899 2082 152 43 chains,
2080 2082 43 34 in
2154 2080 268 40 consequence
2444 2066 45 48 If
2504 2065 59 37 his
2593 2054 216 51 friendship
2833 2056 46 33 to
2900 2049 80 43 this

1661 2146 184 45 country.
1899 2133 176 40 Positive
2094 2125 270 44 instructions,
2393 2131 59 25 we
2481 2118 119 39 trust,
2621 2108 78 39 will
2732 2107 48 37 be
2799 2102 183 40 immediT

1663 2192 104 48 ately
1796 2185 252 44 transmitted
2080 2190 44 32 to
2157 2180 74 39 Mr.
2254 2178 162 35 Mcnav
2443 2174 41 32 to
2505 2164 122 45 make
2659 2173 25 25 a
2720 2160 262 50 peremptory

1663 2242 260 43 declaration,
1949 2238 87 38 that
2057 2233 128 41 unless
2205 2232 221 35 GUSTAVUS
2445 2222 51 37 be
2513 2209 273 51 immediately
2810 2212 146 33 re-esta-

1665 2295 165 41 blished,
1860 2293 69 38 the
1956 2289 145 40 British
2133 2280 270 45 Government
2426 2274 31 37 is
2473 2263 248 47 determined
2743 2267 43 33 to
2805 2258 98 39 take
2920 2258 69 38 the

1669 2354 105 35 most
1785 2341 287 45 effectual.and
2086 2337 194 48 vigorous
2297 2340 137 30 means
2450 2329 41 33 to
2507 2321 118 39 effect
2644 2317 45 38 it.

1716 2401 86 39 The
1824 2395 226 40 revolution
2066 2393 69 37 has
2147 2391 102 37 been
2263 2379 165 43 effected
2458 2374 170 40 without
2647 2369 69 37 the
2731 2365 99 38 least
2843 2360 120 39 blood-

1668 2453 107 40 shed,
1793 2450 76 39 and
1885 2447 172 39 without
2075 2437 265 52 theislightest
2353 2431 227 38 resistance,
2595 2434 52 26 on
2667 2420 70 38 the
2756 2420 89 46 part
2864 2414 50 35 of
2927 2411 73 39 the

1670 2504 143 54 people
1828 2502 50 38 of
1886 2494 252 45 Stockholm.
2194 2491 86 38 The
2298 2483 244 41 inhabitants
2556 2474 46 38 of
2623 2473 70 38 the
2712 2465 146 54 capital
2880 2466 39 37 in
2936 2463 38 39 al-

1672 2562 102 35 most
1793 2558 119 46 every
1932 2552 189 46 country,
2150 2555 67 28 are
2237 2535 169 52 morally
2428 2531 73 40 and
2533 2520 220 59 politically
2785 2530 112 27 more
2928 2516 45 38 de-

1674 2608 145 51 praved
1837 2607 93 38 than
1952 2602 94 39 such
2068 2611 43 26 as
2128 2594 155 43 inhabit
2302 2589 69 39 the
2389 2584 224 53 provinces.
2674 2572 135 51 Bodily
2832 2570 165 50 vigour,

1674 2662 89 39 love
1807 2659 51 38 of
1900 2657 190 46 country,
2124 2648 78 39 and
2220 2640 213 54 simplicity
2457 2634 46 39 of
2524 2629 124 44 mind,
2683 2639 69 26 are
2771 2619 228 53 frequently

1675 2713 125 40 found
1837 2714 41 35 at
1910 2708 70 39 the
2011 2706 177 48 greatest
2217 2698 176 39 distance
2424 2691 104 37 from
2557 2682 69 39 the
2661 2675 85 43 seat
2774 2674 48 39 of
2846 2685 149 40 power.

1676 2764 194 41 Whether
1900 2760 78 39 this
2014 2759 51 35 be
2093 2754 66 38 the
2189 2747 105 43 fault
2320 2744 48 39 of
2391 2745 135 38 courts
2554 2747 46 26 or
2633 2731 219 41 ministers;
2895 2737 48 24 or
2974 2721 34 38 if

1680 2819 30 39 it
1728 2819 50 38 be
1798 2829 22 25 a
1839 2819 269 43 consequence
2127 2804 48 41 of
2202 2802 69 39 the
2304 2792 233 53 dissipation
2568 2786 77 39 and
2673 2780 170 53 egotism
2863 2773 137 41 which

1682 2868 274 56 predominate
1976 2876 38 26 in
2037 2861 107 50 large
2178 2862 142 34 towns,
2321 2858 113 26 —we
2451 2842 74 41 will
2545 2843 73 34 not
2647 2835 99 39 take
2766 2843 107 40 upon
2895 2841 46 24 us
2960 2831 45 32 to

1683 2922 152 39 decide.
1891 2920 78 37 But
1988 2914 90 39 that
2095 2910 67 39 the
2179 2908 84 38 fact
2282 2903 32 39 is
2341 2915 59 27 se,
2421 2898 71 38 has
2510 2895 100 37 been
2627 2884 151 56 proved
2797 2883 48 51 by
2869 2883 138 35 recent

1687 2982 117 32 occur
1804 2982 141 32 rences
1962 2969 37 37 in
2015 2960 152 44 several
2185 2954 202 45 countries
2400 2968 12 27 ;
2441 2947 25 40 a
2466 2947 51 40 nd
2537 2940 161 43 Sweden
2713 2936 71 39 has
2800 2929 210 44 furnished

1689 3040 45 26 us
1754 3025 93 38 with
1869 3037 25 25 a
1910 3034 85 26 new
2015 3012 185 53 example
2219 3012 38 37 in
2288 3007 170 48 support
2476 2998 48 39 of
2538 2995 78 39 this
2631 2982 383 60 opinion.----Whilst

1691 3079 67 39 the
1778 3074 139 52 people
1936 3072 48 40 of
2001 3064 234 46 Stockholm
2256 3057 144 50 tamely
2425 3052 76 40 and
2530 3046 133 50 basely
2687 3038 141 41 beheld
2858 3038 70 35 the
2948 3034 67 38 de_

1693 3130 172 53 rsition
1885 3125 46 39 of
1946 3124 104 40 their
2066 3116 235 46 Sovereign,
2319 3110 70 39 the
2415 3104 123 47 hardy
2569 3094 246 43 inhabitants
2836 3087 47 39 of
2902 3085 116 40 Dale.

1696 3182 124 40 carlia
1852 3180 103 39 have
1983 3170 188 50 formally
2194 3159 201 59 protested
2434 3157 157 52 against
2621 3149 70 38 the
2711 3144 202 39 infamous
2934 3145 79 31 act.

1695 3236 85 38 The
1798 3242 145 40 energy
1965 3228 74 39 and
2062 3220 227 56 patriotism
2308 3214 48 38 of
2385 3210 78 39 this
2496 3203 195 57 province
2717 3209 67 26 are
2806 3195 148 35 known
2980 3197 41 30 1,1

1696 3299 117 37 every
1838 3296 89 26 man
1948 3281 90 37 who
2075 3279 31 35 is
2132 3269 138 46 versed
2307 3269 39 34 in
2385 3257 170 44 Swedish
2589 3255 172 46 history.
2822 3249 52 34 Its
2895 3244 92 54 bra-.

1700 3337 314 41 mountaineers,
2035 3327 123 41 under
2180 3325 138 37 GUSTA
2329 3331 71 26 Ves
2413 3317 100 39 VASA
2513 3317 26 39 %
2562 3300 273 53 reionquered
2874 3298 69 37 the
2972 3308 53 22 le_

1702 3391 248 52 dependence
1983 3384 47 39 of
2052 3379 161 40 Sweden
2231 3391 11 27 ;
2274 3371 92 41 and,
2404 3369 128 37 about
2562 3366 85 33 two
2675 3352 201 40 centuries
2906 3352 35 34 a;
2953 3352 76 32 ter-

1702 3443 143 43 wards,
1871 3438 91 48 they
1982 3431 150 44 offered
2152 3429 104 40 their
2271 3423 169 39 services
2459 3424 44 32 to
2529 3413 66 38 the
2615 3412 161 37 Senate,
2797 3411 43 31 to
2858 3400 172 38 liberate

1706 3498 83 37 CR.%
1800 3509 94 22 aLes
1922 3491 93 38 XII.
2037 3487 104 38 from
2164 3478 165 41 Bender.
2387 3471 99 39 This
2515 3464 100 40 offer
2635 3472 81 27 was
2753 3471 22 24 a
2803 3455 79 39 bad
2909 3454 130 51 proof

1706 3549 46 37 of
1779 3544 103 40 their
1910 3531 287 60 geographical
2228 3529 76 40 and
2334 3520 182 59 peliiical
2535 3510 285 51 `knowledge;
2852 3508 74 35 but
2955 3503 60 38 fur-

1708 3596 132 43 nished
1865 3611 21 24 a
1905 3599 104 34 most
2023 3585 253 44 honourable
2290 3592 76 26 one
2382 3576 47 38 of
2445 3573 107 45 their.
2563 3569 65 41 lON
2636 3565 83 51 alty
2745 3560 73 40 and
2841 3569 195 37 courage.

1708 3653 86 38 The
1821 3644 272 44 Dalecarlians
2126 3639 103 38 hive
2261 3638 72 34 not
2368 3613 441 65 degenerated.--The'
2864 3614 175 46 poverty

1710 3703 74 41 and
1807 3702 66 38 the
1893 3704 181 34 extreme
2096 3692 139 46 rigour
2256 3686 46 40 of
2319 3681 103 40 their
2441 3679 176 39 climate,
2649 3672 122 37 brace
2787 3664 106 39 their
2913 3652 131 47 'lleitis

1713 3771 40 24 as
1769 3755 117 39 much
1909 3764 41 25 as
1970 3748 104 39 their
2092 3743 151 40 bodies.
2300 3736 125 39 Their
2457 3731 116 38 voice
2606 3722 80 41 and
2719 3719 100 39 their
2841 3725 86 28 arm
2952 3725 91 24 may

1715 3807 78 40 still
1825 3816 92 27 save
1943 3804 224 35 GysTAVIIS
2184 3810 11 26 ;
2226 3790 76 40 and
2322 3789 150 38 thwart
2500 3782 70 37 the
2598 3770 185 46 criminal
2805 3769 180 52 projects
3005 3754 38 46 ol

1716 3873 50 25 an
1787 3856 222 50 intriguing
2028 3848 190 50 nobility,
2245 3843 109 39 who,
2385 3834 222 56 regardless
2627 3826 47 41 of
2700 3826 78 38 the
2791 3823 162 37 honour
2975 3816 77 37 and

1715 3911 183 40 interests
1917 3907 48 38 of
1976 3904 105 40 their
2100 3902 189 38 country,
2319 3893 105 38 have
2444 3901 50 25 no
2528 3882 119 39 other
2674 3875 92 39 wish
2791 3874 98 38 than
2922 3876 44 31 to
2991 3880 39 25 re-

1719 3974 122 30 cover
1861 3961 67 38 the
1964 3953 204 44 exclusive
2190 3948 249 46 advalitag;es
2474 3939 89 48 they
2600 3927 176 53 enjoyed
2804 3924 152 53 during
2988 3921 70 37 the

1721 4012 167 43 interval
1907 4011 48 40 of
1971 4006 175 41 anarchy
2169 3999 129 41 which
2321 3991 233 43 intervened
2576 3986 182 39 between
2781 3979 67 39 the
2869 3973 124 41 death
3015 3969 48 41 of

1722 4071 190 37 CHARLES
1932 4063 67 38 the
2017 4058 145 43 Xllth,
2192 4051 77 41 and
2300 4051 69 37 the
2391 4042 46 44 re
2437 4042 185 44 volution
2655 4033 50 39 of
2726 4037 111 34 1712.
2902 4030 157 46 Tlnrng

1724 4122 85 38 that
1832 4116 152 53 period,
2015 4111 66 39 the
2117 4110 104 38 most
2238 4095 291 54 contemptible
2559 4096 11 33 r
2617 4090 70 38 the
2711 4090 51 33 Se
2771 4081 18 43 (
2789 4081 93 43 *dish
2906 4082 77 39 anir
2982 4082 78 39 o:.,

1727 4173 92 48 they
1844 4180 100 28 were
1968 4160 224 46 invariably
2223 4159 66 39 the
2310 4143 377 64 pensumerseither
2711 4136 46 40 of
2776 4139 151 35 France
2960 4144 44 25 (~..
3028 4129 44 38 ..f
