3224 4563
211 374 457 9 ..........--,,_
745 374 1 9 .
835 374 4 9 .
1062 374 4 9 .
1578 374 1 9 ,

210 418 60 31 art
291 412 43 34 of
346 407 219 48 governing,
582 415 40 25 as
646 403 90 44 they
757 398 61 34 did
820 397 17 34 -
836 397 34 34 in
891 404 113 33 every
1025 392 106 45 thing
1149 390 74 34 else
1243 398 30 22 W
1281 383 89 37 Well
1389 376 172 47 required

211 471 73 34 fine
304 464 289 39 combinations,
614 454 20 52 v
634 454 204 52 ersonified
857 463 91 22 even
969 449 98 35 their
1085 451 155 38 country
1257 444 47 41 by
1326 437 155 45 temples
1496 430 70 37 and

214 533 154 34 Statues,
386 523 72 35 and
477 522 83 33 thus
579 517 105 34 made
704 514 66 34 her
790 523 22 21 a
833 509 135 34 visible
987 506 128 45 object
1133 502 44 34 of
1192 500 61 35 the
1270 494 214 38 veneration
1500 488 69 35 and

215 586 87 34 love
322 583 41 33 of
390 582 67 33 her
476 575 178 39 votaries.
710 570 72 33 We
802 569 94 33 have
917 574 84 24 seen
1020 565 34 32 in
1076 562 63 41 the
1157 565 61 30 act
1246 556 43 34 of
1304 553 112 35 union
1436 552 33 31 in
1492 548 63 33 Ire-

219 643 104 37 laad,
340 651 21 22 a
378 638 94 34 fatal
490 632 175 46 example
680 630 41 32 of
735 630 63 32 the
811 626 100 33 truth
927 622 43 33 of
987 622 58 32 the
1061 617 195 46 foretkoing
1270 609 167 39 remark,
1450 605 125 34 where

222 700 63 34 the
304 694 191 37 immortal
515 693 102 33 PITT
635 681 291 41 immortatt/i4cd
943 680 203 32 diseon!ent
1165 676 50 44 by
1230 667 195 50 depriving
1444 669 61 33 the
1524 663 56 35 in-

228 756 174 37 habitant
420 751 44 34 of
481 749 97 37 their
595 746 113 33 forms
728 742 44 34 of
785 737 285 46 independence.

282 811 30 34 A
351 810 111 41 sulky
501 804 237 35 mditietence
771 809 46 24 on
847 797 63 33 the
934 785 84 52 pait
1045 788 43 35 of
1109 787 64 35 the
1199 785 154 46 people,
1370 781 133 38 affords
1533 789 47 24 an

219 865 299 41 •inexhaustible
536 872 119 24 means
676 865 38 26 to
732 855 63 34 the
826 852 156 35 internal
1002 846 71 37 and
1098 840 167 39 external
1286 841 158 35 enemies
1461 833 45 39 of
1515 837 47 44 go-

235 930 210 32 vernment,
464 920 43 34 of
526 917 188 46 impeding
733 913 46 33 its
798 918 180 26 measures
993 918 9 26 ;
1030 904 69 33 and
1117 912 99 24 some
1243 900 77 35 late
1346 895 240 37 transactions

236 994 67 26 are
322 980 183 35 sufficient
524 984 37 26 to
580 974 100 33 shew
703 969 92 37 with
823 966 102 34 what
943 963 124 43 avidity
1067 963 19 43 -
1103 971 45 22 an
1168 958 128 34 attack
1317 965 100 35 upon
1439 961 150 37 persons

241 1046 93 31 most
361 1036 141 44 closely
519 1028 197 40 connected
739 1024 89 34 with
852 1024 45 40 it,
925 1022 30 32 is
984 1016 172 37 attended
1178 1020 52 35 to,
1258 1012 70 34 and
1346 1007 244 45 encouraged.
1652 1007 1 72 '

242 1098 85 37 The
346 1093 143 48 people
508 1094 91 31 must
626 1088 84 33 love
729 1094 44 24 or
791 1083 84 33 hate
891 1093 11 26 ;
930 1078 70 33 and
1031 1075 100 34 their
1153 1070 233 47 antipathies
1413 1067 70 35 and
1511 1077 64 34 pre-

244 1153 227 51 possessions
488 1159 64 24 are
569 1142 191 48 generally
780 1152 39 21 as
839 1133 207 39 whimsical
1064 1142 40 24 as
1121 1131 107 33 those
1246 1127 44 34 of
1307 1135 155 25 women.
1514 1123 83 34 The

250 1213 136 52 higher
405 1207 128 35 orders
552 1204 110 39 have,
693 1199 190 34 however,
914 1189 191 39 forfeited,
1131 1189 52 43 by
1205 1185 63 34 the
1298 1181 243 45 irregularity
1561 1179 41 34 of

252 1269 99 38 their
383 1266 151 45 private
563 1260 107 38 lives,
689 1264 113 34 every
821 1252 112 35 claim
965 1256 38 27 to
1023 1245 100 37 their
1142 1246 144 43 respect
1315 1238 71 37 and
1413 1237 187 35 affection.

255 1331 146 35 Amilst
420 1326 65 33 the
506 1318 180 39 universal
717 1313 142 40 wreck,
883 1313 28 32 it
931 1311 30 33 is
978 1320 22 22 a
1017 1318 90 33 very
1127 1306 188 33 fortunate
1341 1300 261 33 circumstance

350 1385 31 33 tl
380 1385 15 33 ,
396 1385 32 33 is
446 1381 136 43 feeling
593 1377 77 34 still
690 1374 120 34 exists
828 1372 35 32 in
879 1369 64 34 the
970 1370 172 38 country.
1195 1361 80 34 The
1293 1358 152 41 feelings
1472 1354 45 35 of
1543 1355 59 32 the

259 1444 41 50 pu
300 1444 104 50 blic.
424 1437 124 37 which
568 1444 63 25 are
658 1443 84 24 now•
771 1426 202 39 scattered,
1000 1427 92 31 must
1111 1422 63 38 be,
1204 1415 202 40 therefore,
1424 1411 178 37 collected

260 1502 70 37 and
352 1491 272 41 concentrated.
686 1487 148 43 Enmity
859 1492 39 25 to
922 1482 139 33 France
1083 1478 113 43 might
1226 1475 46 32 he
1291 1470 105 35 made
1411 1470 47 44 by
1475 1467 130 37 skilful

262 1561 183 37 ministers
467 1554 59 34 the
544 1554 103 41 great
667 1548 105 33 focus
790 1553 38 26 to
848 1548 141 28 attract
1005 1541 61 32 the
1089 1534 162 48 popular
1269 1532 207 35 sentiment.
1527 1528 80 33 The

265 1626 34 33 R
327 1629 100 27 mans
444 1616 71 35 and
535 1611 159 39 Greeks,
715 1607 126 40 whose
857 1605 128 44 policy
1004 1612 53 21 we
1071 1598 143 35 edmire
1230 1597 61 32 the
1310 1604 102 24 more
1430 1602 57 25 we
1502 1589 106 45 stapdy

269 1685 45 40 it,
328 1693 38 25 as
385 1689 90 25 soon
493 1685 39 24 as
552 1685 25 22 a
593 1672 209 41 dangerous
819 1667 112 45 spirit
951 1664 43 33 of
1016 1663 203 33 discontent
1240 1658 119 43 began
1388 1659 38 28 to
1444 1651 164 35 manifest

270 1747 11 34 i
301 1741 74 38 self
389 1748 135 32 among
541 1736 61 32 the
622 1731 156 46 people,
803 1726 172 35 hastened
998 1731 35 26 to
1052 1722 123 33 divert
1201 1720 27 32 it
1246 1719 48 41 by
1316 1726 94 28 war,
1428 1713 69 34 and
1508 1711 83 45 judi-

1637 1693 7 77 fl

265 1804 143 44 ciously
428 1809 19 24 c
463 1795 163 35 mverted
647 1793 81 32 that
758 1799 87 32 very
867 1785 149 43 feeling,
1041 1781 119 34 which
1185 1778 122 33 would
1344 1776 92 33 have
1452 1774 92 32 been
1576 1783 39 22 so

270 1865 132 45 highly
423 1858 181 48 injurious
635 1860 38 28 to
704 1852 64 33 the
785 1860 79 22 coat
883 1847 145 41 nullity,
1059 1848 40 28 to
1126 1840 167 35 advance
1312 1837 46 34 its
1385 1837 142 33 honour
1547 1832 67 34 and

270 1924 183 43 security.

321 1988 38 34 A
376 1981 136 38 rooted
543 1974 202 47 antipathy
765 1978 38 27 to
826 1971 143 34 Trance
994 1968 30 33 is
1041 1976 69 22 one
1127 1963 44 35 of
1191 1962 61 34 the
1269 1961 175 40 strongest
1463 1955 158 44 inereci'-

270 2052 78 30 ents
369 2044 37 31 in
425 2041 63 32 t!.e
506 2037 196 34 character
720 2030 45 34 of
785 2040 46 24 an
850 2024 116 45 Eusiit
966 2024 19 45 ,
985 2024 117 45 hlann.
1156 2017 178 44 Throagh
1357 2019 63 32 the
1439 2013 183 45 impolicy

273 2102 45 40 of
343 2093 248 43 GovernMent
628 2092 30 32 it
683 2091 87 32 does
790 2092 61 30 not
887 2081 170 35 manifest
1088 2078 103 35 itself
1218 2076 89 32 with
1343 2074 80 32 that
1457 2070 168 33 violence

272 2158 130 37 which
431 2150 178 43 formerly
639 2141 267 46 distinguished
939 2143 43 31 it.
1036 2135 81 34 The
1137 2134 167 37 disgrace
1330 2128 69 34 and
1431 2127 211 46 pusillani,

276 2215 97 43 mity
394 2210 44 35 of
459 2218 69 24 our
544 2207 74 32 late
645 2202 109 34 mode
772 2198 43 34 of
840 2196 175 37 warfare,
1033 2192 109 34 made
1160 2191 63 32 the
1241 2185 195 35 multitude
1452 2181 175 35 ashamed

274 2275 44 32 to
335 2271 116 33 abuse
468 2276 25 22 a
514 2261 142 39 nation,
677 2258 123 34 whom
830 2255 87 43 they
948 2261 97 25 were
1064 2254 65 28 not
1152 2246 70 45 peg
1221 2242 128 35 alined
1372 2250 35 24 to
1426 2245 204 28 encounter

280 2327 139 47 openly
441 2323 38 33 in
498 2321 59 33 the
576 2316 84 35 field
676 2328 13 27 ;
715 2313 71 35 and
806 2311 87 44 they
914 2311 115 40 began
1046 2311 39 28 to
1106 2303 168 35 manifest
1291 2310 99 24 some
1407 2298 116 33 sullen
1534 2296 97 44 signs

280 2383 47 37 of
351 2383 148 41 respect
513 2378 58 32 for
588 2385 22 25 a
639 2370 141 47 people
801 2369 122 33 whom
953 2365 97 33 their
1069 2363 250 33 Government
1339 2353 138 37 seemed
1506 2357 39 28 to
1563 2362 47 33 ap-

266 2441 198 51 'prehend.
516 2438 57 34 To
594 2435 72 34 this
684 2431 195 37 sentiment
900 2428 63 33 the
983 2426 137 32 former
1154 2422 130 40 vigour
1315 2417 118 43 might
1450 2417 44 32 be
1512 2413 119 43 easily

285 2494 319 43 communicated;
635 2491 34 34 if
689 2490 65 33 the
769 2486 138 46 people
930 2493 96 24 were
1048 2478 164 37 allowed
1240 2489 45 21 an
1305 2473 220 34 kontsurable
1551 2477 83 27 vent

276 2563 53 30 .to
353 2555 100 35 their
470 2551 169 41 feelings.
692 2545 35 34 A
758 2541 138 37 British
917 2551 104 32 army
1043 2538 43 32 of
1106 2546 22 22 a
1161 2533 159 33 hundred
1341 2528 177 35 thousand
1539 2537 94 30 men,

285 2611 227 43 contending
548 2616 47 25 on
630 2603 67 34 the
730 2600 215 38 Continent,
977 2595 119 33 would
1131 2585 235 40 re-establish
1401 2585 63 33 the
1491 2584 145 34 ancient

282 2669 171 45 loyalty,
480 2667 63 32 the
569 2660 149 37 ancient
744 2656 231 34 abhorrence
1006 2650 44 33 of
1072 2650 63 33 the
1165 2656 146 33 enemy.
1364 2642 80 35 The
1465 2642 171 41 dangers,

285 2726 67 34 the
369 2722 183 46 exploits,
572 2719 63 33 the
666 2712 211 47 privations
905 2709 43 33 of
971 2708 96 34 their
1085 2704 175 34 hrethern
1294 2700 123 34 would
1436 2699 136 33 collect
1592 2708 46 22 on

289 2783 66 35 the
373 2789 130 34 enemy
523 2777 60 34 the
604 2772 126 34 whole
742 2779 90 24 Blass
849 2767 45 33 of
911 2766 163 44 popular
1088 2760 145 40 hatred,
1254 2757 124 35 which
1397 2765 107 24 never
1524 2754 94 33 mani-

291 2838 90 34 fests
415 2833 115 40 itself,
555 2830 163 35 without
746 2823 256 37 considerable
1041 2820 152 41 danger,
1228 2813 165 35 towards
1428 2811 210 35 obnoxious

279 2904 164 38 .persons
456 2896 40 30 at
515 2890 120 32 home.
689 2883 81 35 The
801 2891 69 22 one
887 2880 154 32 foments
1075 2875 71 34 and
1174 2872 112 33 raises
1317 2870 63 34 the
1403 2869 161 34 national
1584 2878 43 22 en-

285 2961 97 33 ergy
400 2948 72 35 and
503 2946 210 35 character,
744 2939 126 32 whilst
896 2936 64 33 the
987 2934 109 32 other
1127 2931 194 34 suffocates
1354 2926 71 33 and
1457 2926 188 43 depresses

288 3008 120 34 them.
459 3002 99 35 This
585 2996 154 46 simple,
776 2994 190 43 vigorous,
1002 2989 69 33 arid
1102 2986 157 34 efficient
1291 2982 128 46 policy
1448 2980 28 34 is
1508 2991 120 22 rceson-

291 3061 157 37 mended
476 3061 51 41 by
560 3065 116 34 every
707 3051 207 47 principle,
946 3047 120 34 which
1110 3041 206 37 cestomands
1354 3038 60 35 the
1444 3037 206 41 affections,

295 3120 142 33 biasses
456 3117 64 33 the
542 3113 171 41 feelings,
728 3119 44 22 or
794 3107 184 43 regulates
997 3103 60 34 the
1067 3100 191 46 judgment
1276 3110 11 27 ;
1315 3097 90 37 and,
1427 3094 35 33 if
1481 3094 168 37 speedily

291 3176 77 35 and
386 3171 248 41 edicaciously
656 3164 184 44 adopted,
872 3162 79 34 will
978 3159 116 33 check
1116 3158 61 32 the
1207 3159 146 40 present
1382 3152 171 40 ferment,
1583 3150 71 34 and

296 3235 59 35 fix
374 3234 63 33 the
454 3229 168 35 national
653 3233 145 35 energy
819 3231 46 22 on
883 3230 46 22 an
950 3215 215 37 lin:notable
1183 3211 164 35 national
1359 3208 137 47 object.

549 3356 301 52 FOREIGN
888 3356 63 43 IN
961 3353 85 44 TE
1059 3347 352 47 LLIGENCE.

506 3500 130 44 FROM
635 3500 33 44 .
698 3497 118 39 TIIE
844 3487 156 46 GOT7T
1000 3487 31 46 4
1031 3487 250 46 .BUA7GII
1309 3485 167 40 MAIL.

617 3601 370 40 REVOLUTION
1020 3598 54 34 INT
1108 3593 252 37 SWEDEN.

827 3689 100 25 PROC
935 3687 79 22 L.-IM
1020 3686 48 22 AT
1076 3684 70 24 leN

322 3754 159 33 ISSVED
510 3751 59 28 BY
596 3750 92 26 TILE
718 3746 123 27 nuxr.
870 3745 56 24 OF
956 3741 25 27 ,
980 3741 180 27 lUDERMA
1173 3739 96 32 NIA,
1294 3739 61 26 ON
1395 3737 70 26 HIS
1492 3736 138 27 ASSIJM

718 3809 81 24 ING
827 3806 91 26 THE
946 3800 327 30 GOVERNMCNT.

359 3866 31 20 46
423 3865 87 37 NVe,
539 3861 231 37 CHARLES,
798 3856 50 44 by
879 3854 64 32 the
961 3853 118 31 Grace
1098 3849 44 32 of
1157 3848 98 41 God,
1283 3847 230 44 Hereditary
1535 3846 136 34 Prince

313 3915 46 35 of
390 3911 175 39 Sr.eden,
592 3908 64 32 the
692 3904 136 38 Guth,
874 3899 181 38 Vandals,
1194 3896 113 34 Duke
1339 3896 45 32 of
1414 3894 259 40 Suderinania,

315 3961 128 37 Grand
463 3956 190 38 Admiral,
681 3952 70 34 &c.
776 3951 72 33 &c.
865 3948 50 33 do
931 3947 165 37 declare,
1110 3945 80 33 that
1209 3945 111 32 under
1338 3943 161 43 existing
1518 3943 135 33 circum-

311 4018 164 30 stances,
503 4006 57 33 his
591 4003 167 44 Majesty
781 4000 31 32 is
829 3996 198 45 incapable
1056 3999 37 27 to
1111 3998 77 35 act,
1214 4002 43 31 or
1281 3998 40 27 to
1341 3991 156 34 conduct
1518 3990 64 32 the
1607 3990 44 32 im-

313 4059 161 46 portant
489 4052 129 37 all'airs
650 4049 44 33 of
709 4048 64 32 the
806 4045 155 34 Nation.
1015 4041 69 32 We
1104 4042 109 40 have,
1239 4038 200 40 therefore,
1468 4038 111 44 (being
1579 4038 19 44 -
1615 4038 60 32 the

313 4109 151 34 nearest
482 4101 70 35 and
570 4098 91 44 only
693 4093 143 35 branch
855 4091 46 33 of
917 4091 61 32 the
998 4088 132 41 family
1150 4087 43 32 of
1221 4085 87 44 age)
1330 4088 92 32 been
1443 4085 155 33 induced
1618 4085 58 33 for

314 4157 66 32 the
410 4153 91 33 time
522 4149 123 41 being,
673 4155 40 22 as
748 4141 293 35 Administrator
1057 4135 44 34 of
1128 4136 61 32 the
1209 4135 203 43 Kingdom,
1439 4136 39 30 to
1496 4134 91 32 take
1617 4133 61 33 the

314 4180 73 59 rein
406 4180 18 59 4
443 4180 37 59 of
495 4196 252 35 Government
767 4191 78 32 into
863 4196 70 24 our
948 4183 125 40 hands,
1108 4183 141 38 which,
1269 4183 91 32 with
1378 4182 64 32 the
1461 4181 87 43 help
1566 4180 43 33 of
1619 4181 60 32 the

317 4248 206 43 Almighty
544 4254 54 22 we
619 4240 80 35 will
720 4237 176 39 conduct,
917 4245 40 22 so
979 4232 76 33 that
1076 4230 63 33 the
1154 4231 139 33 Nation
1310 4240 85 31 may
1415 4230 126 44 regain
1560 4228 119 33 Peace

317 4298 97 35 both
433 4303 39 27 at
490 4294 109 34 home
614 4289 73 34 and
706 4284 167 38 abroad,
899 4281 72 34 aad
993 4279 80 35 that
1093 4277 104 38 trade
1214 4277 70 38 rani
1300 4287 203 26 contmerce
1517 4286 86 35 may
1626 4285 38 27 re-

322 4348 90 33 vive
431 4343 99 37 from
543 4341 102 37 their
661 4333 243 47 languishing
921 4333 110 33 state.

497 4396 34 53 jr
531 4396 17 53 )
548 4396 18 53 i
566 4396 35 53 °.
601 4396 106 53 L.%elt

496 4446 193 9 MIONMI•M•mmmm.-

1731 360 81 34 Our
1846 353 208 38 inviolable
2072 348 182 35 intention
2285 346 45 40 is,
2357 351 40 27 to
2417 343 145 34 consult
2587 339 92 33 with
2711 339 64 32 the
2794 337 102 33 State
2901 348 13 20 .

1635 410 59 34 Ate
1711 417 124 25 means
1851 410 39 28 to
1919 404 47 32 be
1996 400 113 34 taken
2130 404 38 28 to
2197 394 131 35 render
2344 393 64 32 the
2427 390 122 34 future
2568 389 91 32 time
2691 385 129 45 happy
2851 387 39 27 to
2922 380 67 34 the

1636 457 135 46 people
1789 454 46 34 of
1848 451 171 34 Sweden.
2070 446 72 33 We
2160 444 116 34 invite
2297 441 67 34 and
2385 437 207 38 command,
2619 432 206 39 therefore,
2849 430 51 33 all
2922 428 64 33 the

1637 503 228 37 inhabitants
1889 498 45 33 of
1955 506 70 26 our
2041 495 142 37 nation,
2210 500 69 25 our
2306 489 119 33 forces
2460 488 46 43 by
2525 494 60 25 sea
2603 481 71 35 rtad
2692 480 102 39 land,
2818 477 70 34 and
2908 476 81 31 also

1637 555 64 34 the
1720 550 103 38 Civil
1845 547 154 37 Officers
2019 544 40 33 of
2067 542 51 33 all
2138 542 163 40 degrees,
2327 541 39 30 to
2393 536 98 41 obey
2525 543 54 28 us,
2614 539 41 24 as
2686 539 69 24 our
2774 526 73 34 real
2872 524 99 33 inten-

1641 602 93 39 tion,
1759 598 73 35 and
1845 595 98 35 their
1959 602 84 24 own
2063 587 152 35 welfare
2233 582 276 37 Oemand—We
2528 576 231 38 recommend
2779 583 74 38 you
2880 572 52 34 all
2954 579 39 25 is

1650 650 56 33 '.he
1724 644 211 51 protection
1955 641 44 33 of
2013 638 80 35 God
2112 634 213 45 Almighty.

1750 710 110 35 Done
1876 709 43 32 at
1936 699 220 40 Stockholm
2178 696 152 43 Palace,
2359 691 87 38 13th
2464 689 149 41 March,
2644 686 104 34 IEO9.

2104 754 176 52 (Signed)
2486 748 262 38 CHARLES.

2485 798 43 37 C.

2091 869 458 44 PROCLAMATION.

1703 944 34 35 A
1752 939 255 39 considerable
2039 935 155 33 number
2207 931 45 35 of
2280 930 155 33 soldiers
2456 928 90 32 have
2563 922 116 34 taken
2698 930 51 33 up
2766 927 97 25 arms
2883 917 35 32 in
2939 924 40 24 or-

1657 994 63 32 der
1739 997 39 30 to
1798 990 126 33 march
1958 993 38 26 to
2016 990 61 28 the
2108 980 159 46 capital,
2285 977 67 35 aid
2385 976 139 34 relieve
2541 981 70 25 our
2628 978 185 30 common,
2832 974 83 25 now
2935 973 45 21 un-

1659 1042 188 33 fortunate
1863 1036 71 34 and
1954 1028 287 41 dismembered,
2257 1025 123 34 native
2399 1028 172 35 country.

1709 1087 51 35 As
1776 1085 52 33 all
1843 1094 70 24 our
1939 1078 306 37 fellow-citizens
2264 1080 87 28 must
2374 1072 48 32 be
2439 1068 154 37 sensible
2611 1067 84 32 that
2715 1072 70 25 our
2802 1061 117 34 views
2934 1067 70 25 are

1661 1136 89 34 such
1776 1144 39 22 as
1835 1130 129 46 public
1980 1127 115 45 spirit
2124 1121 72 38 and
2216 1123 138 33 honour
2370 1114 145 39 dictate
2532 1123 37 26 to
2598 1108 170 40 virtuous
2787 1108 130 37 minds,
2947 1114 57 24 we

1664 1187 130 32 cannot
1817 1182 45 32 he
1876 1176 182 35 mistaken
2078 1175 35 33 in
2131 1181 76 25 our
2217 1168 161 45 implicit
2395 1165 227 39 confidence,
2648 1161 81 33 that
2746 1168 66 22 our
2829 1154 180 38 brethren

1667 1233 35 33 in
1719 1239 112 30 arms,
1856 1226 71 34 and
1939 1234 67 24 our
2026 1219 175 37 unarmed
2220 1215 320 37 fellow-citizens,
2568 1209 79 34 will
2669 1213 59 30 not
2750 1205 94 34 form
2863 1211 74 34 any
2953 1201 38 32 in-

1667 1280 144 33 correct
1830 1273 156 45 opinion
2002 1269 44 35 of
2070 1278 66 24 our
2156 1266 207 33 sentiments
2380 1261 73 34 and
2472 1261 130 33 views.
2654 1256 109 41 They
2784 1259 64 26 are
2868 1248 142 43 merely

1668 1328 128 37 these!
1811 1323 81 33 that
1913 1320 61 33 the
2006 1320 119 32 States
2143 1315 45 32 of
2200 1312 61 34 the
2284 1311 145 37 Realm,
2456 1307 71 33 and
2544 1315 70 25 our
2644 1302 241 44 Legislators,
2913 1296 98 34 shall

1671 1375 43 31 be
1731 1378 37 27 at
1788 1371 141 40 liberty
1948 1374 38 30 to
2007 1363 180 35 assemble
2218 1358 70 34 and
2307 1358 224 38 deliberate,
2559 1348 281 39 uncontrouled,
2864 1356 50 24 on
2949 1342 64 35 the

1672 1430 120 25 means
1809 1419 45 33 of
1867 1415 181 41 restoring
2066 1411 59 33 the
2143 1407 213 47 prosperity
2385 1403 45 35 of
2443 1411 69 26 our
2525 1400 174 37 suffering
2717 1404 172 32 country.

1723 1468 69 32 We
1811 1466 94 33 have
1932 1459 151 38 solemul
2127 1454 210 37 contracted
2356 1452 66 33 the
2440 1452 255 40 eng,agement,
2721 1450 38 27 to
2777 1443 61 43 lay
2856 1444 40 30 at
2914 1437 100 39 their

1676 1517 69 32 feet
1765 1515 65 43 the
1853 1522 98 22 arms
1972 1521 21 20 o
2010 1506 84 34 hick
2124 1504 87 45 they
2230 1504 94 32 have
2342 1500 115 33 taken
2477 1508 48 33 up
2557 1502 35 27 to
2610 1500 172 37 preserve
2802 1488 99 34 their
2920 1486 79 33 free-

1676 1567 96 28 dom.
1828 1560 71 33 We
1915 1557 80 34 Will
2015 1556 94 32 form
2127 1564 22 21 a
2169 1551 85 35 wall
2272 1548 113 33 round
2408 1547 59 32 the
2483 1544 73 33 hall
2580 1543 124 33 where
2722 1535 167 35 Swedish
2907 1532 111 43 legia.

1678 1611 133 33 lotions
1845 1607 86 39 hold
1951 1605 100 33 their
2065 1602 162 39 sittings,
2254 1594 123 35 whish
2396 1604 46 24 no
2471 1600 148 35 persons
2646 1598 46 22 on
2722 1584 109 35 earth
2849 1581 96 33 shall
2975 1580 47 32 he

1677 1659 85 33 able
1783 1664 37 26 to
1832 1656 102 33 •bear
1951 1654 125 32 down.
2132 1649 70 38 We
2233 1646 91 33 have
2341 1641 180 43 solemnly
2550 1633 213 38 contracted
2784 1632 63 34 the
2863 1638 165 33 engages

1681 1710 94 30 went
1802 1710 40 28 to
1880 1703 151 39 destroy
2065 1697 51 33 all
2148 1695 87 34 such
2278 1702 37 24 as
2347 1690 97 34 shall
2476 1687 73 34 still
2583 1684 211 37 endeavour
2824 1685 39 26 to
2895 1674 128 46 prefer

1681 1753 142 38 foreien
1843 1747 227 38 concessions
2100 1752 40 26 to
2159 1743 61 34 the
2241 1739 155 37 internal
2435 1735 152 35 welfare
2617 1731 73 34 and
2708 1724 236 47 tranquillity
2982 1721 41 34 of

1683 1801 171 35 Sweden.

1731 1844 187 37 Sweden's
1951 1843 158 33 Certnan
2141 1837 203 35 dominions
2363 1844 66 25 are
2445 1827 187 38 delivered
2654 1835 48 34 up
2731 1831 38 25 to
2789 1822 61 33 the
2878 1828 149 24 enemy.

1684 1897 67 34 and
1778 1892 176 39 Deland,
1981 1892 61 33 the
2078 1889 123 33 native
2233 1885 70 32 soil
2321 1881 50 34 of
2381 1894 24 20 a
2422 1879 111 35 noble
2564 1876 70 33 and
2657 1873 20 43 g
2678 1873 122 43 allant
2820 1867 152 46 people,
3001 1865 28 32 is

1685 1946 86 33 lost.
1828 1942 70 32 We
1923 1941 94 32 have
2044 1935 152 34 already
2225 1928 213 38 contracted
2470 1926 61 33 the
2546 1926 241 40 engagement
2816 1917 80 33 that
2926 1917 60 30 not
3005 1920 25 26 a

1688 1993 113 41 ,ingle
1817 1988 81 35 inch
1920 1996 99 24 more
2040 1985 41 33 of
2096 1983 59 32 the
2176 1972 164 44 :Swedish
2356 1976 177 40 territory
2546 1971 93 34 shall
2665 1971 43 31 be
2725 1967 109 45 given
2846 1974 50 32 up
2916 1967 39 27 to
2968 1959 61 33 the

1687 2035 144 43 eaetny.
1884 2031 187 37 Sweden's
2102 2029 105 35 trade
2239 2028 70 33 and
2343 2026 113 32 mines
2487 2031 65 22 are
2585 2015 128 37 ruined
2747 2011 69 34 and
2845 2007 184 37 deserted.

1691 2076 184 46 Sweden's
1893 2080 112 47 youth
2027 2089 64 24 are
2107 2078 112 33 taken
2235 2075 93 34 from
2344 2067 241 50 agricultural
2606 2063 178 46 pursuits,
2811 2060 34 33 in
2867 2057 111 33 order
2995 2061 38 26 to

1693 2135 43 33 he
1752 2130 197 45 destroyed
1969 2130 50 41 by
2039 2126 159 34 sickiless
2215 2122 69 34 and
2317 2121 61 34 the
2399 2117 136 34 sword.
2585 2114 83 34 The
2685 2108 175 34 burthens
2877 2104 76 34 laid
2987 2112 46 24 on

1691 2181 226 43 agriculture
1945 2187 64 22 are
2042 2174 103 46 such,
2171 2172 83 33 that
2285 2169 85 44 they
2401 2169 132 31 cannot
2559 2161 48 33 be
2641 2161 115 32 borne
2776 2165 71 33 any
2880 2153 129 39 longer
3022 2161 13 27 ;

1694 2228 168 45 grinding
1878 2233 107 26 taxes
2004 2233 60 21 are
2078 2233 20 21 e
2109 2219 125 34 sward
2256 2217 158 33 without
2437 2220 119 33 mercy
2575 2220 11 27 ;
2617 2204 207 37 desolation
2841 2200 71 34 and
2927 2199 87 33 mise-

1697 2289 38 32 ry
1756 2285 61 22 arc
1837 2272 197 45 spreading:
2054 2268 93 33 wide
2165 2267 69 33 and
2254 2264 71 40 far,
2352 2263 71 33 and
2443 2259 164 34 threaten
2626 2251 182 37 universal
2829 2249 97 33 ruin.

1747 2324 70 33 We
1848 2322 93 33 have
1972 2315 215 37 contracted
2207 2314 63 32 the
2288 2311 137 33 solemn
2443 2307 250 43 engagement,
2720 2300 78 33 that
2823 2297 60 32 the
2896 2293 143 35 fathers

1697 2370 45 35 of
1754 2370 63 34 the
1835 2374 154 35 country
2007 2365 93 33 shall
2119 2361 110 46 satiny
2244 2360 66 34 full
2329 2359 141 41 liberty
2491 2361 37 28 to
2554 2357 139 30 restove
2717 2346 64 35 the
2802 2342 155 35 welfare
2973 2339 70 35 and

1698 2418 216 47 prosperity
1932 2414 44 34 of
1991 2414 63 32 the
2070 2415 174 37 country.

1748 2466 93 43 May
1861 2464 59 32 the
1941 2461 145 41 highest
2102 2457 69 35 and
2206 2457 130 33 lowest
2357 2454 120 32 States
2505 2447 41 34 of
2559 2446 65 34 the
2641 2435 311 44 commonwealth
2967 2435 79 32 also

1693 2515 86 45 join
1796 2515 102 31 heart
1918 2510 71 32 anal
2022 2506 92 34 hand
2147 2511 39 26 to
2204 2510 115 27 as-crt
2347 2502 63 32 the
2430 2497 163 33 freedom
2614 2493 44 34 of
2686 2489 63 35 the
2766 2491 152 38 country
2939 2494 13 30 ;
2976 2481 72 34 anti

1703 2563 80 33 thus
1818 2561 51 33 by
1905 2557 180 41 harmony
2114 2552 71 33 and
2220 2550 84 34 well
2331 2543 197 41 coticerted
2557 2542 139 37 efforts,
2740 2538 119 32 insure
2909 2541 142 25 success

1702 2620 38 24 to
1770 2619 70 24 our
1867 2603 211 45 enterprise,
2104 2600 72 34 and
2194 2598 112 33 views
2324 2597 7 33 !
2388 2596 90 33 Alas
2500 2593 60 33 the
2580 2588 139 35 fathers
2740 2583 41 33 of
2812 2582 61 34 the
2890 2585 158 35 country

1703 2657 90 33 offer
1813 2663 115 37 peace
1956 2652 72 33 and
2062 2648 117 43 amity
2212 2653 38 26 to
2278 2656 66 22 our
2361 2641 242 43 neighbours,
2631 2637 64 31 but
2722 2637 231 34 accompany
2979 2626 73 32 this

1709 2717 22 21 o
1746 2702 51 33 ith
1834 2702 61 33 the
1929 2707 208 27 assurance,
2165 2695 80 33 that
2280 2702 107 32 ever)
2422 2686 163 35 Soedish
2623 2683 106 33 Hero
2761 2679 79 33 will
2861 2676 129 33 rather
3007 2675 44 31 be

1706 2750 133 37 buried
1858 2748 115 33 under
1991 2746 60 33 the
2068 2745 96 32 ruins
2181 2741 43 34 of
2241 2741 34 32 hi
2313 2743 175 32 country,
2506 2734 89 33 tlsan
2614 2731 111 33 sulfur
2737 2738 28 22 a.
2779 2725 116 44 single
2916 2722 83 33 inch
3018 2719 43 35 of

1708 2797 167 37 Swedish
1894 2794 141 45 ground
2070 2799 39 25 to
2135 2792 46 32 he
2202 2789 110 33 taken
2331 2789 48 32 by
2402 2794 67 24 our
2496 2781 175 37 eueinies,
2696 2787 43 22 or
2759 2772 157 35 transfer
2939 2770 117 32 them.

1709 2850 80 32 Our
1808 2846 97 40 ally,
1933 2844 113 31 Croat
2076 2839 162 34 Britain,
2264 2836 93 33 shall
2379 2835 104 33 learn
2512 2836 38 27 to
2567 2825 227 47 appreciate
2818 2819 70 34 and
2909 2820 107 31 value
3035 2828 25 21 a

1710 2895 126 35 nation
1856 2891 125 34 which
1998 2891 126 31 !wows
2145 2887 83 32 how
2250 2889 38 28 to
2306 2881 119 35 break
2456 2880 46 32 its
2520 2876 128 34 fetters
2674 2872 69 33 and
2773 2878 125 25 rescue
2919 2867 143 39 liberty

1711 2944 94 33 from
1819 2942 45 32 its
1878 2939 124 34 chain.
2060 2935 142 34 France
2226 2931 92 34 shall
2339 2931 105 33 learn
2473 2934 37 26 to
2529 2926 144 46 respect
2692 2929 19 22 a
2750 2916 136 44 people
2903 2913 159 35 anxious

1714 2996 38 27 to
1770 2989 97 34 rival
1889 2988 46 32 its
1971 2983 167 41 military
2173 2989 176 35 prowess.
2404 2976 83 33 The
2520 2973 117 33 rulers
2665 2967 41 35 of
2722 2966 131 34 Russia
2872 2962 71 33 and
2968 2961 73 32 Den-

1716 3037 123 34 mark.
1869 3032 221 43 iocessanily
2122 3028 162 45 engaged
2319 3027 33 33 in
2388 3021 163 47 pursuits
2583 3017 150 41 tending
2753 3022 37 24 to
2811 3015 170 40 promote

1719 3084 215 47 prosperity
1970 3078 43 35 of
2042 3078 98 33 their
2171 3076 149 45 people,
2365 3073 79 32 will
2481 3074 60 28 not
2572 3065 144 34 disturb
2753 3061 63 33 the
2849 3054 117 47 aeace
2986 3054 78 33 and

1719 3130 241 44 tranquillity
1978 3128 45 34 of
2039 3138 24 21 a
2079 3125 129 33 nation
2229 3122 119 34 which
2366 3118 142 43 merely
2526 3115 138 35 desires
2679 3118 38 27 to
2732 3109 76 34 live
2826 3118 43 22 or
2885 3104 61 34 die
2970 3103 78 34 lade
3061 3120 6 7 •

1722 3181 175 45 pendent.

1772 3228 70 33 We
1876 3226 94 32 have
1988 3233 81 24 seen
2088 3217 93 38 with
2215 3229 12 17 s
2231 3227 124 25 orrow
2391 3215 65 32 the
2489 3216 91 28 most
2602 3207 206 45 important
2841 3209 175 27 concerns
3032 3195 41 34 of

1734 3278 44 32 ;%s
1788 3274 90 34 edeo
1890 3270 178 39 managed
2083 3270 33 31 in
2135 3279 21 22 a
2176 3275 150 24 manner
2342 3262 126 35 which
2487 3269 72 26 NvaA
2578 3267 40 26 as
2635 3255 176 34 destitute
2828 3250 40 33 of
2876 3259 73 33 any
2967 3257 26 22 ss

3005 3246 51 33 cll-

1723 3321 125 38 coneei
1858 3321 65 33 ved
1944 3320 86 43 plan
2046 3328 39 22 as
2104 3317 43 32 of
2156 3322 155 26 success.

1776 3371 89 43 May
1902 3373 65 28 not
2001 3366 61 32 the
2092 3361 207 41 remaiaing
2331 3356 165 45 strength
2516 3354 43 34 of
2590 3350 156 37 Sweden
2764 3348 45 32 be
2830 3343 155 37 waisted
3019 3341 50 40 by

1727 3418 112 44 folly,
1866 3418 67 32 but
1949 3412 203 47 employed
2171 3411 50 44 by
2244 3407 152 35 wisdom
2415 3406 60 34 for
2494 3404 60 35 the
2572 3402 80 34 real
2674 3396 137 37 benefit
2828 3394 43 33 of
2885 3392 63 33 the
2965 3398 91 26 coup-

1707 3442 2 70 ,
1728 3474 74 38 try.
2872 3442 11 11 •

1778 3511 96 39 Such
1889 3521 65 24 are
1969 3519 69 26 our
2057 3508 133 33 wishes
2220 3506 59 32 for
2294 3513 69 25 our
2379 3506 175 33 country,
2580 3495 73 37 and
2674 3504 56 25 we
2743 3490 97 35 shall
2859 3485 146 44 readily
3025 3493 38 25 sa-

1731 3562 125 34 crifice
1871 3570 67 22 our
1955 3559 93 32 lives
2065 3562 39 28 to
2119 3553 129 37 obtain
2267 3553 96 33 their
2381 3549 211 34 faltilment.

1783 3611 38 33 It
1841 3609 27 32 is
1887 3607 44 34 of
1941 3606 64 35 the
2020 3608 139 31 utmost
2176 3604 230 43 importance
2424 3596 59 33 for
2509 3594 154 33 Sweden
2683 3591 78 33 that
2781 3595 111 32 every
2916 3578 168 39 Swedi-h

1733 3669 84 22 man
1832 3656 130 33 should
1982 3660 37 27 at
2039 3651 124 44 length
2198 3650 46 32 he
2277 3643 163 39 allowed
2458 3651 37 25 to
2515 3647 124 28 rciarn
2666 3646 35 26 to
2720 3650 22 21 a
2764 3630 171 51 peoceful
2957 3630 126 34 home.;

1731 3716 40 24 as
1792 3704 59 33 far
1876 3715 40 21 as
1933 3712 66 25 can
2021 3703 45 31 he
2083 3699 93 33 done
2198 3694 159 34 without
2391 3703 73 34 any
2483 3691 302 44 disparagement
2804 3689 37 27 to
2859 3680 64 33 the
2944 3677 143 32 honoun

1733 3754 72 33 and
1826 3749 274 46 independence
2119 3746 43 33 of
2177 3744 170 34 Sweden.

1782 3800 83 34 The
1881 3798 176 33 frontiers
2086 3794 45 34 of
2159 3793 65 33 the
2259 3789 175 45 kingdom
2467 3795 115 30 were,
2609 3783 61 33 for
2699 3791 20 22 a
2756 3778 104 32 short
2891 3772 105 38 time,
3022 3767 72 39 left.

1739 3849 163 32 without
1919 3844 168 40 defence',
2113 3852 47 24 on
2189 3844 158 30 account
2361 3836 44 34 of
2421 3844 67 25 our
2518 3834 204 43 departure
2737 3828 102 31 from
2859 3822 148 34 thence,
3027 3817 67 32 hot

1736 3894 132 35 should
1899 3894 64 33 the
1994 3900 149 33 enemy,
2167 3893 172 30 contrary
2373 3889 39 27 to
2434 3883 54 33 his
2507 3880 141 33 solemn
2669 3873 178 48 promise,
2875 3868 103 35 await

1736 3943 74 34 self
1824 3941 46 34 of
1881 3951 71 25 our
1976 3939 158 34 absence
2164 3941 39 27 to
2232 3934 126 34 attack
2396 3932 119 32 them.
2537 3939 22 21 w
2572 3938 19 22 e
2620 3925 97 34 shall
2748 3918 169 47 speedily
2956 3919 138 33 return,

1740 3993 92 32 take
1848 4002 24 21 a
1889 3997 130 25 severe
2044 3994 172 31 revenge,
2243 3981 69 34 and
2341 3980 178 34 convince
2552 3974 74 33 him
2663 3971 41 35 of
2732 3970 60 32 the
2806 3966 197 33 difference
3022 3960 41 32 of
3076 3969 22 22 a

1743 4037 164 35 warfare
1925 4035 146 37 carried
2092 4044 45 22 on
2156 4033 52 41 by
2225 4029 145 45 general
2394 4024 128 35 hatred
2546 4020 45 34 of
2604 4020 64 33 the
2692 4019 145 34 Rulers,
2863 4012 69 34 and
2965 4022 21 21 a
3007 4017 93 28 war,

1744 4085 129 45 waged
1902 4085 51 45 by
1970 4094 25 24 a
2013 4083 129 34 nation
2158 4080 161 34 anxious
2333 4076 73 35 and
2422 4068 226 44 detertniaed
2666 4072 38 30 to
2721 4069 116 30 assert
2858 4062 45 32 its
2923 4059 157 40 iudepen-

1742 4135 129 34 dence.

1796 4182 70 33 We
1881 4178 208 47 implicitly
2105 4174 158 43 confide,
2289 4170 80 35 that
2389 4169 53 34 all
2463 4166 167 37 military
2649 4159 252 38 commanders
2924 4154 77 34 will
3021 4160 64 24 rea-

1744 4230 79 43 dily
1845 4232 224 41 co-operate
2085 4224 92 34 with
2196 4235 38 21 us
2254 4228 39 27 to
2309 4228 145 28 secure,
2481 4217 46 43 by
2545 4211 137 47 speedy
2714 4208 67 34 and
2804 4208 174 41 vigorous
2995 4211 18 21 e
3022 4209 61 21 xer-

1749 4279 24 32 ti
1781 4289 79 27 ons,
1887 4277 63 32 the
1971 4273 223 35 restoration
2211 4269 44 38 of
2265 4277 67 30 our
2346 4269 73 35 lost
2439 4261 235 51 prosperity,
2689 4257 69 37 and
2781 4256 60 35 the
2876 4247 235 40 destructioa

1750 4325 41 34 of
1807 4335 69 25 our
1892 4324 146 43 foreign
2048 4322 94 35 fees.

206 275 98 47 010
1096 244 149 54 THE
1278 227 385 65 NATIONAL
1698 215 387 59 REGISTER.
2131 200 4 123 •
2265 200 5 123 '
2652 200 215 52 APRIL
2911 202 63 46 2.:

230 308 2019 76 !,,....7.......i5....,...................„.„................;:z.—.74;.;..--.—.......;....----.;,......,......--
2275 309 30 6 •••
2330 306 2 78 •
2370 306 4 78 .
2417 306 37 6 ._.
2512 326 9 9 .

2565 301 18 27 _:.
2598 301 5 27 •
2683 302 20 6 ..
2763 302 12 6 ,

210 418 60 31 art
291 412 43 34 of
346 407 219 48 governing,
582 415 40 25 as
646 403 90 44 they
757 398 61 34 did
820 397 17 34 -
836 397 34 34 in
891 404 113 33 every
1025 392 106 45 thing
1149 390 74 34 else
1243 398 30 22 W
1281 383 89 37 Well
1389 376 172 47 required
1624 376 4 80 •

1731 361 81 33 Our
1846 353 208 38 inviolable
2072 348 182 35 intention
2285 346 45 40 is,
2357 351 40 27 to
2417 343 145 34 consult
2574 339 20 33 -
2594 339 85 33 with
2711 339 64 32 the
2794 337 120 33 States
2934 344 48 25 on

1631 410 63 34 the
1711 417 124 25 means
1851 410 39 28 to
1919 404 47 32 be
1996 400 113 34 taken
2130 404 38 28 to
2197 394 131 35 render
2344 393 64 32 the
2427 390 122 34 future
2568 389 91 32 tirne
2691 385 129 45 happy
2851 387 39 27 to
2922 380 67 34 the

211 471 73 34 fine
304 464 289 39 combinations,
614 454 224 52 versonified
857 463 91 22 even
969 449 98 35 their
1085 451 155 38 country
1257 444 47 41 by
1326 437 155 45 temples
1496 430 70 37 and

1636 457 135 46 people
1789 454 46 34 of
1848 451 171 34 Sweden.
2070 446 72 33 We
2160 444 116 34 invite
2297 441 67 34 and
2385 437 207 38 command,
2619 432 206 39 therefore,
2849 430 51 33 all
2922 428 64 33 the

214 533 71 32 btat
291 537 43 24 tw
339 537 12 20 s
357 552 11 15 ,
386 523 72 35 and
477 522 83 33 thus
579 517 105 34 math!
704 514 66 34 her
790 523 22 21 a
833 509 135 34 visible
987 506 128 45 object
1133 502 44 34 of
1192 500 61 35 the
1270 494 214 38 veneration
1500 488 69 35 and
1637 503 228 37 inhabitants
1889 498 45 33 of
1955 506 70 26 our
2041 495 142 37 nation,
2210 500 69 25 our
2306 489 119 33 forces
2460 488 46 43 by
2525 494 60 25 sea
2603 481 71 35 and
2692 480 102 39 land,
2818 477 70 34 and
2908 476 81 31 also

215 586 87 34 love
322 583 41 33 of
390 582 67 33 her
476 575 178 39 votaric:.
710 570 72 33 We
802 569 94 33 have
917 574 84 24 seen
1020 565 34 32 in
1076 562 54 41 the
1157 565 61 30 act
1246 556 43 34 of
1304 553 112 35 union
1436 552 33 31 in
1492 548 83 33 Ire-
1637 555 64 34 the
1720 550 103 38 Civil
1845 547 154 37 Officers
2019 544 40 33 of
2067 542 51 33 all
2138 542 163 40 degrees,
2327 541 39 30 to
2393 536 98 41 obey
2525 543 54 28 us,
2614 539 41 24 as
2686 539 69 24 our
2774 526 73 34 real
2872 524 118 33 inten-

219 643 104 37 land,
340 651 21 22 a
378 638 94 34 fatal
490 632 175 46 example
680 630 41 32 of
735 630 63 32 the
811 626 100 33 truth
927 622 43 33 of
987 622 58 32 the
1061 617 195 46 foreigoing
1270 609 167 39 remark,
1450 605 125 34 where
1641 602 93 39 tion,
1759 598 73 35 and
1845 595 98 35 their
1959 602 84 24 own
2063 587 152 35 welfare
2233 582 276 37 demand—We
2528 576 231 38 recommend
2779 583 74 38 you
2880 572 52 34 all
2954 579 39 25 is

222 700 63 34 the
304 694 191 37 immortal
515 693 102 33 PITT
635 681 291 41 immortataled
943 680 203 32 discon!ent
1165 676 50 44 by
1230 667 195 50 depriving
1444 669 61 33 the
1524 663 56 35 in-
1642 650 64 35 the
1724 644 211 51 protection
1955 641 44 33 of
2013 638 80 35 God
2112 634 213 45 Almighty.

1876 709 43 32 at
1936 699 220 40 Stockholm
2178 696 109 43 Palac
2287 696 44 43 e,
2359 691 87 38 13th
2464 689 149 41 March,
2644 686 104 34 IEO9.

228 756 174 37 habitant
420 751 44 34 of
481 749 97 37 their
595 746 113 33 forms
728 742 44 34 of
785 737 109 46 indep
894 737 176 46 endence.

282 811 30 34 A
351 810 111 41 sulky
501 804 237 35 inditieience
771 809 46 24 on
847 797 63 33 the
934 785 84 52 pait
1045 788 43 35 of
1109 787 64 35 the
1199 785 154 46 people,
1370 781 133 38 affords
1533 789 47 24 an
2104 754 176 52 (Signed)
2486 748 262 38 CHARLES.

231 865 286 41 inexhaustible
536 872 119 24 means
676 865 38 26 to
732 855 78 34 the*
826 848 174 39 internal
1000 846 18 37 .
1018 846 54 37 and
1098 840 346 39 externat*enemies
1461 833 45 39 of
1515 837 70 44 go-
2485 798 43 37 C.

733 913 45 9 :•.,
798 918 180 5 ..,-“a•leotroc
993 918 8 5 •
1030 904 69 19 !HA
1148 912 69 11 line
1243 900 77 22 late
1346 895 240 27 transactions
2091 869 458 44 PROCLAMATION.

2606 921 9 1 •
2898 921 19 1 -
2940 921 41 1 --
