3224 4453
267 87 357 109 THE
743 84 881 124 NATIONAL
1730 102 915 113 REGISTER.

3157 0 50 25 ice

1003 328 113 52 Our
1136 330 133 59 11ling,
1292 335 330 52 elonOtitutiont
1642 343 87 41 anti
1754 334 167 54 Law.

118 487 107 57 No.
252 487 91 54 66.

920 491 430 66 SUNDAY,
1415 493 301 59 APRIL
1752 495 58 65 2,
1859 496 152 57 1809.

2522 496 185 57 PRICE
2733 498 87 60 9d.

348 659 357 45 POLITICAL
733 660 474 53 DISQUISITION.

523 793 188 26 NUMBER
738 793 293 30 SIXTY-FOUR.

697 843 174 25 ....gasimip...

116 886 112 37 THE
255 886 183 47 SPT!UT
468 888 71 34 OF
565 888 112 34 TILE
703 888 161 47 TIME;
892 887 113 35 AND
1026 889 143 35 SOME
1189 889 165 35 HINTS
1372 889 70 33 TO

348 944 236 37 PRINCES
604 944 115 35 AND
737 945 177 35 THEIR
931 945 288 37 ADVISERS.

697 1002 172 26 ---allow--

163 1038 81 35 The
260 1043 112 31 ivorst
386 1039 71 33 and
476 1038 60 34 the
555 1042 93 31 most
666 1041 156 32 obvious
840 1041 74 34 evil
933 1041 44 33 of
991 1041 60 34 the
1074 1041 141 37 French
1235 1041 208 35 revolution

117 1094 45 41 is,
189 1093 83 35 that
287 1095 30 34 it
334 1094 64 35 has
415 1094 260 45 considerably
693 1095 237 35 undermined
952 1096 60 35 the
1024 1097 210 35 confidence
1250 1097 70 34 anti
1341 1107 84 25 vene-

113 1150 126 34 ration
249 1149 46 35 of
308 1150 175 35 mankind
503 1149 59 34 for
581 1150 98 33 their
696 1152 223 37 institutions
933 1152 71 35 and
1023 1153 158 45 princes.
1232 1153 80 35 The
1330 1152 97 35 stabi-

111 1206 79 46 lity
203 1207 45 34 of
274 1212 255 39 governments
559 1213 91 30 rests
680 1208 231 46 exclusively
930 1220 44 22 on
991 1209 65 34 the
1070 1207 211 48 :respectful
1298 1209 124 34 attach-

112 1269 117 30 ments
248 1263 89 47 they
358 1264 138 45 inspire
509 1274 11 24 :
547 1274 40 25 as
605 1273 89 25 soon
711 1274 39 25 as
769 1264 83 35 that
874 1263 220 37 foundation
1111 1266 31 35 is
1169 1266 188 41 removed,
1382 1266 63 33 the

112 1318 178 38 artificial
322 1331 115 35 props
458 1319 45 35 of
527 1320 169 44 standing
711 1320 150 40 armies,
886 1330 24 25 a
937 1320 157 44 vigilant
1123 1322 139 45 police,
1287 1320 70 34 and
1382 1320 61 33 the

111 1384 162 34 geverest
288 1380 98 45 legal
416 1380 242 43 restrictions,
685 1380 77 34 will
782 1385 63 30 not
863 1381 45 33 be
935 1380 90 35 able
1051 1385 38 30 to
1122 1385 144 40 protect
1298 1381 98 35 them
1421 1393 24 22 a

111 1440 163 35 moment
300 1436 144 44 against
461 1434 63 37 the
543 1436 77 34 first
639 1436 142 35 violent
802 1436 146 45 passion
967 1435 125 35 which
1119 1436 119 34 ruffles
1266 1436 63 34 the
1345 1447 73 24 com-

106 1492 162 44 munity.
332 1493 107 44 They
457 1502 66 25 are
542 1499 83 30 torn
653 1504 112 35 away
795 1494 52 44 by
881 1493 61 35 the
971 1496 129 40 storm,
1124 1493 70 35 and
1226 1493 60 34 the
1312 1494 130 35 edifice

111 1548 185 34 crumbles
311 1554 43 28 to
372 1548 141 46 pieces.

163 1604 92 35 This
270 1611 104 39 great
400 1604 174 50 political
594 1606 217 37 convulsion
843 1605 65 35 has
933 1605 70 37 left
1032 1605 161 37 another
1208 1606 92 35 fatal
1318 1617 104 26 conse-

112 1672 141 35 quence
269 1662 136 37 behind
437 1663 43 33 it.
535 1662 39 35 It
594 1663 130 34 wound
756 1672 50 34 up
824 1662 63 35 the
921 1662 156 37 feelings
1104 1664 71 34 and
1207 1664 165 45 passions
1403 1663 45 35 of

113 1719 177 34 mankind
311 1724 39 28 to
370 1724 61 30 too
455 1719 87 46 high
561 1729 25 24 a
606 1726 85 27 tone
705 1730 12 27 ;
741 1719 73 35 and
835 1719 63 34 the
914 1720 137 34 ardour
1070 1719 45 35 of
1136 1720 222 35 enthusiasm
1380 1719 64 37 has

112 1774 93 35 been
240 1775 178 34 followed
437 1776 52 44 by
521 1776 63 33 the
617 1775 115 45 frigid
763 1775 235 34 indifference
1025 1776 46 33 of
1096 1778 209 45 scepticism
1320 1778 125 41 ;—the

116 1833 148 43 ravings
281 1831 46 37 of
357 1832 61 34 the
437 1831 120 44 fever,
581 1843 41 24 as
653 1843 89 24 soon
757 1843 41 22 as
816 1832 65 34 the
899 1833 191 45 paroxism
1120 1843 76 26 was
1214 1839 106 37 over;
1350 1843 96 26 were

111 1887 178 34 followed
308 1889 51 39 by
377 1889 156 45 langour
555 1887 73 34 acd
645 1889 267 45 stppefaction.
959 1889 44 33 In
1023 1889 190 45 political,
1238 1899 40 24 as
1297 1889 35 34 in
1346 1889 76 46 phy-

110 1944 109 41 sical,
233 1943 175 35 maladies
426 1942 76 38 this
519 1944 46 43 is,
583 1944 327 45 unquestionably,
933 1943 64 34 the
1010 1950 93 30 most
1119 1944 196 46 desperate
1330 1949 117 41 stage,

111 1998 66 34 the
203 2004 93 28 most
324 2000 206 44 dangerous
555 2006 183 39 symptom
763 1998 46 33 of
834 1998 64 33 the
913 1998 191 43 disorder;
1129 2000 70 37 and
1224 2000 51 34 all
1305 2000 64 34 the
1388 1993 60 43 art

112 2055 46 34 of
175 2055 61 35 the
255 2061 196 30 statesman
474 2056 30 37 is
534 2055 181 46 requisite
743 2059 40 31 to
815 2054 233 43 resuscitate,
1072 2056 51 44 by
1140 2056 122 43 gentle
1280 2056 146 35 stimula-

111 2111 110 43 tive,
244 2111 66 34 the
324 2111 226 45 community
572 2117 41 27 to
628 2121 25 24 a
670 2120 100 26 sense
780 2109 45 34 of
839 2109 66 34 life
922 2111 70 34 and
1011 2109 155 46 feeling.

159 2167 120 34 These
298 2166 230 46 phenomena
542 2177 67 25 are
620 2166 267 46 accompanied
906 2167 48 44 by
967 2167 98 44 signs
1082 2169 155 46 equally
1253 2169 194 46 alarming.

110 2222 85 37 The
211 2222 239 43 individuals,
470 2222 128 35 whose
611 2223 122 34 virtue
748 2222 72 34 and
841 2222 131 37 talents
984 2222 132 35 should
1134 2224 116 37 aftbrd
1266 2235 26 25 a
1302 2225 148 45 remedy

112 2283 40 32 to
170 2280 102 35 these
288 2277 252 47 complicated
555 2280 112 44 evils,
685 2278 150 46 display
852 2288 25 26 a
893 2278 131 47 degree
1041 2280 46 33 of
1098 2280 116 45 levity
1232 2280 76 34 and'
1322 2281 103 35 weak-

110 2344 80 26 ness
211 2344 91 26 even
319 2334 174 45 superior
523 2341 40 27 to
581 2335 64 35 the
672 2334 137 44 danger
830 2333 122 35 which
979 2344 164 27 menaces
1161 2337 98 33 them
1279 2337 33 33 in
1330 2337 100 44 parti-

112 2392 118 35 cular.
283 2392 45 34 In
341 2391 76 34 this
436 2391 231 34 tremendous
685 2391 118 41 crisis,
826 2391 61 34 the
908 2389 133 45 higher
1058 2392 131 38 classes
1201 2404 65 22 are
1279 2392 64 34 the
1358 2398 92 32 mast

111 2448 196 34 insensible
324 2447 71 34 and
412 2446 156 34 vitiated
581 2452 86 43 part
684 2445 43 37 of
739 2446 64 34 the
816 2446 113 35 social
950 2447 113 44 body.
1116 2448 71 33 We
1200 2448 131 34 shrink
1350 2450 98 37 back

111 2504 96 35 with
228 2503 131 38 horror
374 2503 71 34 and
464 2502 136 46 disgust
615 2503 93 34 from
726 2502 63 34 fife
803 2503 293 44 contemplation
1115 2503 45 34 of
1172 2503 98 37 their
1285 2505 74 40 low
1378 2506 71 34 and

111 2561 195 47 groveling
332 2559 99 39 vices
445 2572 12 27 ;
483 2558 87 44 and,
602 2559 142 45 though
775 2559 66 33 the
865 2568 94 35 very
984 2559 141 44 ground
1154 2559 90 46 they
1269 2561 103 44 stand
1404 2572 46 25 on

112 2617 175 41 trembles
306 2616 112 35 under
435 2616 100 35 their
552 2616 93 41 feet,
664 2616 86 45 they
768 2626 155 38 pursue,
952 2616 92 34 with
1076 2617 194 39 insatiable
1285 2619 165 45 avidity,

112 2673 66 43 the
195 2683 99 25 same
320 2673 219 44 despicable
565 2672 270 45 gratifications
865 2670 122 35 which
1018 2672 163 47 plunged
1207 2673 65 35 the
1287 2675 163 45 nobility

110 2730 73 35 and
209 2731 146 46 princes
374 2728 44 34 of
438 2728 64 34 the
527 2730 187 33 continent
748 2730 78 32 into
844 2738 47 24 an
914 2730 112 44 abyss
1045 2728 45 34 of
1115 2730 132 46 misery
1265 2730 70 34 and
1352 2731 96 37 ruin.

111 2786 66 37 All
197 2787 63 33 the
274 2786 94 45 signs
391 2785 125 43 which
546 2785 181 46 preceded
746 2784 228 35 revolutions
992 2785 38 33 in
1045 2794 73 37 any
1134 2794 67 35 age
1220 2796 43 25 or
1279 2793 172 40 country,

110 2843 230 37 accumulate
358 2842 37 37 in
411 2851 111 31 ours;
552 2841 89 45 they
658 2841 135 45 terrify
809 2841 96 33 from
920 2841 169 41 abroad;
1115 2841 87 46 they
1220 2842 176 46 multiply
1414 2850 38 28 at

116 2898 128 44 home;
268 2897 72 43 and
370 2898 126 40 whilst
515 2898 61 41 the
594 2898 131 33 closest
758 2896 243 44 confederacy
1022 2896 46 34 of
1093 2897 63 35 the
1183 2897 97 45 good
1298 2898 71 43 and
1401 2898 35 33 in-

113 2955 168 44 telligent
308 2963 67 27 can
403 2965 125 25 scarce
561 2960 157 40 prevent
741 2953 69 38 the
831 2952 216 45 explosion,
1078 2952 105 43 those
1213 2954 85 37 who
1318 2965 133 34 pOSSebS

112 3009 176 46 qualities
321 3011 45 35 of
387 3011 84 35 that
489 3011 244 45 description,
767 3009 141 34 remain
934 3009 156 33 isolated
1116 3009 70 34 and
1218 3009 175 46 inactive,
1409 3021 45 22 or

111 3076 222 37 encourage,
345 3067 159 46 through
523 3067 183 34 mistaken
720 3066 100 41 heal,
837 3066 70 35 and
924 3066 287 34 misunderstood
1226 3067 228 47 patriotism„

115 3123 66 39 the
196 3133 91 34 very
312 3125 91 34 evils
423 3125 30 34 it
471 3124 32 35 is
529 3135 40 25 so
588 3123 107 35 much
719 3123 99 35 their
835 3123 92 44 duty
945 3120 71 35 and
1045 3122 151 34 interest
1227 3128 39 30 to
1294 3133 156 34 repress.

116 3180 104 43 Men,
248 3180 86 46 who
363 3181 86 47 love
469 3181 99 39 their
586 3184 171 43 country,
787 3180 93 33 look
907 3180 117 41 *out
1050 3180 99 33 them
1185 3180 94 37 with
1298 3180 133 46 despon-

115 3236 143 46 dency;
285 3236 90 47 they
392 3237 76 38 find
500 3237 158 51 nothing
673 3243 38 27 to
730 3246 231 33 encourage;
987 3244 116 37 every
1121 3236 102 44 thing
1240 3241 39 33 to
1291 3236 161 45 depress.

118 3292 60 35 On
206 3291 61 37 the
285 3304 69 25 one
371 3294 93 41 side,
498 3305 48 25 an
568 3293 235 41 inexorable,
842 3292 103 43 bold,
973 3291 71 35 and
1081 3292 198 34 inveterate
1306 3304 148 35 enemy,

116 3348 181 46 wielding
314 3348 61 40 the
404 3350 172 35 immense
606 3359 187 30 resources
810 3346 45 37 of
886 3353 138 39 twenty
1045 3347 204 44 kingdoms,
1281 3350 71 43 and
1368 3359 66 47 sue-

115 3407 135 50 ported
282 3409 51 43 by
366 3415 106 39 great
504 3407 146 46 genius,
685 3411 150 40 greater
870 3405 174 45 villainy,
1084 3405 71 33 and
1191 3415 100 26 more
1319 3406 136 38 intense

116 3462 148 45 hatred,
292 3465 30 33 is
348 3465 220 50 preparing,
587 3463 92 35 with
699 3462 240 45 unremitting
956 3471 279 35 perseverance,
1253 3467 39 30 to
1307 3472 124 33 accom-

113 3521 103 46 plish
233 3531 69 25 our
333 3521 241 40 destruction.
632 3520 58 35 On
718 3521 61 37 the
797 3521 124 41 other,
954 3531 69 26 our
1057 3529 85 28 own
1157 3519 97 39 vices
1272 3520 70 34 and
1361 3520 94 46 folly

112 3587 66 24 are
196 3578 198 45 labouring
424 3578 222 45 incessantly
658 3582 14 50 t
672 3582 31 50 to
731 3578 208 37 accelerate
957 3588 44 22 au
1018 3581 124 35 event,
1174 3576 63 33 the
1272 3581 94 30 most
1383 3578 56 33 dis-

112 3640 143 28 astrous
291 3635 81 40 that
412 3644 91 25 ever
535 3634 178 40 occurred
751 3634 35 34 in
824 3634 63 34 the
920 3634 124 33 annals
1074 3633 44 34 of
1141 3633 63 34 the
1232 3634 227 45 world;—if

117 3690 182 45 England,
331 3692 81 34 that
444 3692 73 34 last
542 3691 72 45 mid
633 3691 185 34 favourite
844 3689 148 46 sojourn
1020 3689 45 34 of
1091 3690 136 44 liberty
1246 3690 69 46 and
1350 3690 105 37 laws.

111 3751 111 41 stoop
240 3754 38 28 to
294 3759 25 24 a
339 3748 157 37 ruthless
526 3750 142 43 tyrant,
697 3746 163 35 freedom
891 3746 70 35 and
987 3746 191 44 humanity
1200 3745 48 45 tly
1267 3745 94 37 from
1387 3756 72 31 our

113 3802 201 39 distracted
334 3804 234 48 hemisphere
586 3804 59 37 f►►r
663 3813 98 31 ever.

164 3863 80 37 Our
275 3861 195 44 primitive
489 3872 164 25 manners
671 3870 64 24 are
762 3870 110 33 gone,
904 3859 69 35 and
1004 3857 94 37 with
1120 3859 100 35 them
1235 3870 70 24 our
1319 3869 136 34 energy

111 3918 72 37 and
198 3919 85 32 love
296 3917 45 34 of
353 3922 174 40 country.
580 3918 59 34 To
658 3917 235 34 re-establish
909 3917 96 32 them
1026 3917 34 32 in
1078 3925 25 24 a
1117 3915 87 40 soil,
1224 3915 126 34 where
1369 3917 87 45 they

112 3974 181 45 formerly
311 3973 85 34 shot
424 3979 66 30 out
511 3974 90 40 with
635 3984 40 24 so
710 3973 104 33 much
844 3971 239 40 luxuriance,
1110 3970 90 45 they
1220 3976 92 34 must
1341 3972 44 34 be
1403 3981 38 25 re-

113 4031 169 47 planted,
313 4031 71 34 and
404 4031 177 34 nurtured
600 4031 48 44 by
666 4030 59 33 the
752 4029 181 34 domestic
948 4029 152 32 virtues.
1154 4028 53 33 As
1235 4038 89 24 soon
1339 4038 39 27 as
1396 4030 63 35 the

112 4091 171 45 parental
302 4090 70 35 and
391 4089 171 47 conjugal
593 4090 119 34 duties
737 4098 66 24 are
835 4088 149 34 revered
1013 4087 72 33 and
1108 4088 193 34 exercised
1330 4089 48 43 by
1397 4089 60 34 the

113 4144 135 46 higher
260 4147 148 43 classes,
428 4146 63 35 the
508 4139 120 41 lower
651 4157 21 20 v
687 4144 38 34 ill
744 4144 143 35 imitate
905 4143 60 35 the
981 4143 189 45 example.
1221 4143 83 37 The
1320 4144 33 46 fo
1354 4144 17 46 t
1370 4144 86 46 riner

280 4202 122 40 Lt.-3
402 4202 27 40 .
429 4202 54 40 0.
517 4202 158 39 LAI.I.

1495 638 104 41 'have
1625 645 214 48 displayed,
1871 650 96 34 since
1990 661 26 24 a
2031 651 100 35 short
2148 653 104 41 time,
2280 654 84 33 such
2380 663 47 25 an
2443 654 234 34 abominable
2695 660 103 33 relax-

1504 702 102 34 ation
1624 702 35 35 in
1671 703 100 38 their
1787 706 144 46 private
1948 707 164 43 conduct,
2131 707 80 35 that
2231 719 53 24 we
2303 707 96 35 have
2425 710 126 34 rather
2568 720 126 26 reason
2726 720 37 27 to
2777 717 46 37 he

1504 759 184 43 surprised
1708 759 79 35 that
1805 762 97 37 their
1917 764 128 45 public
2065 765 28 33 is
2108 769 61 30 not
2192 775 98 24 more
2309 764 193 37 infamous.
2556 767 34 34 It
2610 768 30 33 is
2655 780 25 24 a
2695 770 124 37 truism

1505 814 129 34 almost
1655 820 60 31 too
1731 817 87 34 trite
1833 824 39 27 to
1884 823 142 40 repeat,
2046 821 78 33 that
2140 831 24 22 a
2180 821 71 35 bad
2270 820 144 45 private
2433 830 79 24 man
2530 829 66 28 can
2614 833 109 26 never
2740 827 44 35 be
2797 837 22 28 a

1504 870 92 41 good
1613 873 129 44 public
1756 883 80 32 one,
1847 874 69 34 and
1930 875 61 33 the
2008 876 136 33 wretch
2160 876 85 33 who
2259 876 30 33 is
2302 876 138 33 callous
2453 878 142 43 enough
2606 887 37 26 to
2655 881 168 35 abundoa

1504 931 24 24 a
1546 924 85 34 wife
1648 927 72 33 and
1737 928 103 44 eight
1858 930 181 43 children,
2057 931 35 34 in
2120 932 110 34 order
2257 938 38 27 to
2314 933 73 32 live
2406 932 34 35 in
2472 933 111 35 illicit
2601 933 222 43 intercourse

1507 983 90 34 with
1616 984 63 35 the
1704 986 90 34 wife
1812 989 41 33 of
1876 989 54 33 his
1948 989 135 44 friend,
2101 991 78 34 will
2198 991 171 37 likewise
2387 993 46 32 be
2451 993 86 33 base
2551 996 159 43 enough,
2731 997 31 34 if
2773 1007 48 26 au

1504 1039 183 46 adequate
1704 1043 102 45 price
1820 1044 46 33 be
1879 1045 152 40 offered,
2050 1052 37 27 to
2106 1046 130 46 betray
2250 1046 64 34 the
2331 1048 164 35 interests
2516 1046 45 37 of
2575 1050 60 34 his
2646 1058 175 40 country.

1506 1094 116 37 These
1637 1108 66 24 are
1720 1097 64 34 the
1800 1098 193 44 Jacobins,
2022 1102 100 35 these
2146 1113 65 24 arc
2237 1102 64 35 the
2316 1104 249 44 conspirators
2596 1096 142 56 against
2759 1110 64 44 tip

1506 1152 125 37 House
1644 1152 46 35 of
1708 1154 237 43 Brunswick;
1971 1156 58 34 for
2047 1157 87 45 they
2151 1157 167 35 debauch
2334 1160 61 32 the
2408 1166 110 37 state,
2526 1161 71 33 and
2616 1163 208 40 undermine

1507 1208 43 34 its
1563 1209 180 40 security.
1793 1211 79 35 The
1891 1222 90 25 mass
1996 1213 46 34 of
2055 1215 60 32 the
2128 1215 150 46 people,
2298 1217 85 32 who
2398 1217 93 33 form
2511 1215 98 35 their
2613 1217 209 48 judgment;

1506 1277 98 25 more
1623 1267 96 35 from
1739 1269 146 46 feeling,
1905 1271 86 35 than
2008 1273 193 34 elaborate
2225 1274 204 41 reflection,
2447 1278 185 45 naturally
2654 1289 103 26 cease
2784 1289 38 27 to

1506 1329 184 38 venerate,
1706 1325 70 34 and
1794 1328 139 33 confide
1958 1328 34 35 in
2011 1339 92 30 men,
2124 1331 86 34 who
2228 1329 46 34 do
2294 1336 61 28 not
2372 1341 90 24 even
2485 1333 106 33 affect
2614 1341 37 27 to
2669 1336 63 44 lay
2751 1348 71 34 any

1505 1381 106 33 claim
1644 1385 39 30 to
1702 1382 98 35 their
1817 1390 154 39 respect.
2022 1385 80 33 The
2122 1396 98 24 same
2237 1387 149 34 conduct
2407 1388 71 34 and
2509 1390 207 35 sentiments
2733 1404 65 34 pro-

1504 1436 115 34 duced
1646 1437 63 34 the
1729 1439 228 37 misfortunes
1984 1441 45 33 of
2049 1442 61 34 the
2126 1443 181 34 continent
2322 1455 12 27 ;
2360 1443 69 34 and
2460 1455 57 24 we
2542 1446 158 37 shudder
2714 1449 107 41 least,

1507 1491 104 37 when
1636 1493 61 35 the
1715 1494 102 35 crisis
1844 1496 152 43 arrives,
2027 1496 85 46 they
2131 1509 80 33 may
2235 1500 165 34 occasion
2428 1500 142 43 similar
2598 1504 172 45 disasters
2786 1506 38 43 in

1506 1548 72 34 this
1585 1556 170 40 country.
1782 1556 8 12 '

1553 1605 78 34 Our
1650 1606 106 34 voice
1780 1606 69 34 and
1866 1609 189 35 exertions
2081 1609 94 35 shall
2193 1620 110 25 never
2321 1611 45 33 he
2386 1613 159 44 wanting
2572 1619 38 28 to
2629 1625 117 33 scare,
2772 1628 48 28 or

1504 1659 92 46 drag
1612 1663 99 34 back
1723 1674 70 24 our
1805 1671 235 38 countrymen
2056 1667 93 33 from
2165 1667 63 34 the
2246 1667 187 45 precipice
2448 1680 46 24 on
2513 1670 122 35 which
2655 1672 85 46 they
2754 1687 66 32 are

1504 1717 177 45 standing.
1735 1720 70 34 We
1821 1721 76 33 will
1917 1721 107 34 touch
2035 1731 111 34 every
2158 1723 131 44 string,
2306 1729 37 27 to
2361 1724 87 33 hear
2467 1724 32 33 if
2515 1735 22 24 a
2550 1737 174 32 generous
2740 1740 93 28 toile,

1508 1773 77 34 will
1605 1774 163 38 vibrate.
1821 1778 67 32 We
1909 1778 74 33 will
2004 1779 136 33 remind
2160 1779 99 33 them
2277 1778 44 34 of
2342 1780 64 33 the
2427 1780 105 46 glory
2549 1783 67 33 and
2644 1786 119 37 virtue
2781 1791 44 32 of

1506 1830 98 34 their
1630 1835 207 38 ancestors;
1866 1843 53 25 we
1939 1834 77 33 will
2035 1840 157 28 contrast
2229 1835 180 44 England,
2440 1838 196 44 powerful,
2655 1844 169 44 opulent,

1508 1884 91 44 free,
1612 1887 71 37 and
1696 1889 202 45 respected,
1918 1889 90 35 with
2039 1889 63 35 her
2118 1891 175 37 situation
2321 1902 40 24 as
2387 1902 46 24 an
2451 1892 139 45 abject,
2609 1897 215 45 plundered,

1507 1942 71 37 and
1591 1943 170 40 enslaved
1780 1946 189 44 province.
2014 1946 98 34 How
2128 1946 8 34 !
2164 1957 64 25 are
2244 1948 98 34 these
2361 1948 203 37 reflections
2575 1956 61 31 too
2648 1954 150 47 gloomy
2811 1958 9 34 !

1507 2008 64 24 are
1586 2009 70 26 our
1677 2001 287 45 apprehensions
1978 2006 246 43 exaggerated
2241 2006 13 33 ?
2306 2006 81 34 The
2405 2016 98 24 same
2526 2007 93 45 fatal
2648 2013 176 47 security,

1509 2053 63 35 the
1596 2066 100 25 same
1722 2057 231 34 indifference
1983 2065 38 27 to
2041 2060 256 41 exhortation,
2335 2070 98 25 were
2457 2065 149 44 equally
2635 2069 189 40 prevalent

1512 2111 100 34 three
1631 2122 105 33 years
1756 2122 71 35 ago
1843 2118 39 31 at
1900 2115 161 41 Madrid,
2083 2115 139 43 Berlin,
2250 2118 67 33 and
2342 2118 228 38 Stockholm.
2626 2122 78 33 Awl
2727 2126 99 37 what

1494 2166 1 56 •
1513 2166 60 37 has
1590 2169 90 33 been
1696 2169 64 34 the
1782 2171 269 44 consequence?
2078 2183 24 24 a
2128 2172 144 44 foreigu
2303 2184 150 34 usurper
2474 2174 28 33 is
2519 2176 148 46 lording
2695 2181 25 33 it
2740 2190 87 27 over

1511 2233 83 27 one.
1611 2224 126 35 whilst
1760 2226 60 33 the
1837 2226 206 45 legitimate
2059 2228 175 35 Monarch
2251 2230 70 33 and
2339 2230 56 33 his
2413 2229 131 47 family
2562 2243 66 24 are
2647 2235 125 46 pining
2792 2239 34 35 in

1514 2280 141 35 French
1677 2282 200 45 captivity.
1929 2283 80 34 The
2033 2284 177 44 nobility,
2239 2284 125 34 whose
2391 2285 112 41 vices,
2539 2288 183 45 intrigues,
2757 2295 72 43 and

1513 2337 224 43 pretensions
1767 2337 168 35 hastened
1961 2339 63 34 the
2047 2339 250 45 catastrophe,
2320 2350 65 24 are
2419 2352 81 24 now
2535 2347 197 37 converted
2752 2348 76 35 into

1709 2396 22 106 i
1512 2392 61 34 the
1587 2402 129 34 suspec
1735 2393 44 34 ed
1795 2393 115 35 slaves
1937 2394 44 33 of
1997 2405 47 25 an
2067 2396 152 43 Upstart
2241 2396 86 44 they
2355 2402 92 27 must
2474 2396 85 35 hate
2583 2401 71 40 and
2670 2402 119 45 despis
2790 2402 20 45 e
2810 2402 20 45 ,

1512 2459 44 22 or
1572 2448 137 46 paying
1724 2448 90 35 with
1834 2450 99 35 their
1950 2451 111 35 blood
2079 2451 61 40 the
2153 2451 126 35 forfeit
2296 2451 43 38 of
2354 2453 97 34 their
2466 2453 137 35 former
2614 2458 217 38 remissness.

1512 2503 80 35 The
1606 2504 211 45 cowariliee
1833 2507 71 33 and
1920 2507 193 45 treachery
2130 2507 44 33 of
2187 2509 61 33 the
2270 2509 170 35 Prussian
2461 2509 138 39 Nobles
2617 2515 214 39 occasioned

1513 2559 63 41 the
1605 2562 214 39 overthrow
1839 2559 41 39 of
1893 2563 83 39 that
1990 2564 211 43 celebrated
2232 2564 198 45 monarchy
2446 2578 12 27 ;
2481 2567 71 33 and
2585 2569 63 33 the
2667 2571 167 39 Swedish

1512 2619 143 45 capital
1682 2619 65 35 has
1762 2619 117 46 lately
1894 2620 189 37 witnessed
2115 2621 63 34 the
2192 2622 163 44 atrocity
2369 2621 45 35 of
2426 2622 123 46 seeing
2565 2624 45 33 its
2629 2637 120 33 young
2766 2629 47 33 So-

1514 2674 145 44 vereign
1685 2675 161 44 dragged
1866 2675 92 34 from
1978 2675 54 34 his
2063 2675 131 35 throne
2229 2682 37 28 to
2283 2688 26 25 a
2326 2678 125 45 prison
2479 2679 47 44 by
2550 2680 60 34 the
2629 2692 91 34 very
2737 2695 100 27 same

1514 2730 119 35 order.
1688 2730 41 34 If
1750 2741 25 24 a
1792 2743 172 33 generous
1982 2732 165 41 sacrifice
2177 2733 65 34 has
2270 2734 89 37 been
2394 2735 105 33 made
2518 2735 34 37 in
2574 2747 71 33 apy
2666 2738 45 41 of
2734 2740 106 35 these

1514 2787 197 41 countries,
1731 2787 30 33 it
1780 2798 73 30 was
1867 2789 133 34 almost
2013 2789 118 45 solely
2146 2789 208 45 performed
2374 2790 50 45 by
2434 2790 63 40 the
2518 2794 149 41 people.
2719 2794 118 39 Their

1513 2843 172 43 affection
1702 2844 71 38 and
1785 2844 217 45 loyalty:for
2017 2845 98 35 their
2125 2846 211 45 sovereigns
2352 2846 185 43 increased
2557 2850 33 32 is
2613 2854 223 41 proportion

1515 2906 37 31 to
1585 2900 98 35 their
1708 2901 229 38 misfortunes
1951 2914 13 27 ;
1989 2902 69 35 and
2086 2902 243 37 calumniated
2361 2904 72 33 and
2463 2906 184 41 oegleeted
2678 2919 37 22 as
2748 2910 87 44 they

1517 2967 113 32 were,
1657 2957 89 45 they
1766 2957 161 38 adhered
1951 2963 39 30 to
2013 2957 98 35 their
2127 2959 309 46 establishments,
2471 2962 103 34 when
2608 2963 89 46 they
2733 2976 100 26 mere

1515 3014 178 44 betrayed
1709 3014 71 41 apd
1793 3014 210 39 abandoned
2020 3015 47 44 by
2081 3015 63 33 the
2164 3017 96 33 rich.

1561 3070 83 35 The
1661 3070 116 35 views
1800 3070 45 34 of
1857 3071 146 35 modern
2021 3076 188 32 statesmen
2225 3081 65 31 are
2307 3071 142 39 limited
2467 3074 70 33 and
2557 3073 132 37 formal
2707 3092 13 25 ;
2746 3078 93 46 they

1513 3126 216 34 administer
1754 3128 47 45 by
1820 3137 97 26 mere
1935 3131 98 44 rote,
2059 3128 196 47 according
2272 3132 37 28 to
2330 3128 175 46 ordinary
2524 3130 125 44 forms,
2679 3133 163 39 without

1514 3183 191 44 diverging
1731 3184 76 34 into
1837 3183 180 35 eccentric
2036 3184 239 44 suggestions,
2297 3193 43 25 or
2374 3183 135 47 hitting
2535 3196 47 25 on
2616 3198 217 31 uncommon

1514 3239 230 46 expedients.
1799 3239 105 45 They
1923 3239 94 38 form
2048 3249 97 26 some
2173 3239 131 45 vulgar
2330 3240 103 44 plan,
2461 3241 71 35 and
2559 3243 89 45 they
2669 3246 172 45 vulgarly

1518 3306 129 37 pursue
1665 3296 45 35 it.
1761 3295 80 35 The
1857 3296 124 33 finesse
1996 3296 129 33 which
2140 3295 261 44 distinguished
2420 3296 64 34 the
2499 3299 145 35 ancient
2667 3302 126 33 school
2813 3304 30 37 is

1518 3354 182 35 unknown
1717 3357 40 31 to
1774 3361 98 26 ours.
1925 3351 123 35 Force
2063 3361 44 24 or
2122 3361 150 37 money,
2290 3351 234 50 (persuasion
2537 3356 145 46 Meyer),
2700 3369 65 25 arc
2781 3359 63 34 the

1518 3415 77 31 two
1611 3413 105 40 great
1733 3407 141 46 springs
1903 3407 124 35 which
2048 3417 104 30 move
2167 3411 43 31 at
2230 3412 144 41 present
2396 3407 63 35 the
2478 3412 138 34 whe.ls
2633 3413 45 33 of
2689 3424 135 34 govern-

1518 3472 118 34 ment;
1663 3465 70 34 and
1750 3464 73 34 this
1839 3465 155 44 clumsy,
2009 3464 145 44 grating
2171 3465 214 43 operation,
2414 3464 31 35 is
2463 3467 64 38 the
2552 3468 168 46 primary
2739 3482 109 26 cause

1518 3526 80 35 that
1616 3523 63 34 the
1707 3522 138 45 people
1876 3521 107 44 begin
2015 3526 35 28 to
2070 3520 149 46 display
2237 3531 41 25 so
2309 3521 111 44 frigid
2438 3531 45 25 an
2517 3522 234 38 indifference
2784 3527 63 37 far

1518 3580 163 37 national
1709 3587 183 37 concerns.
1943 3578 129 34 There
2094 3576 28 33 is
2153 3578 206 44 something
2380 3578 34 34 in
2435 3578 28 33 it
2493 3578 44 34 of
2558 3580 64 34 the
2659 3582 185 46 brutality

1520 3638 90 38 with
1630 3635 124 39 which
1770 3646 24 24 a
1813 3633 159 46 haughty
1991 3633 201 44 individual
2209 3633 143 45 confers
2369 3645 25 28 a
2414 3633 158 44 favour;
2601 3637 28 33 it
2648 3638 197 43 alienates,

1520 3693 137 37 instead
1676 3691 44 33 of
1728 3690 237 44 conciliating
1977 3689 184 45 gratitude
2179 3700 47 24 or.
2237 3690 198 45 applause.
2491 3691 81 43 Tit?.
2598 3692 188 35 harshness
2805 3694 46 33 of

1519 3752 60 33 the
1597 3758 148 26 manner
1761 3746 187 46 precludes
1971 3746 64 33 the
2067 3745 210 46 possibility
2296 3746 46 35 of
2361 3746 235 44 affeetionon
2614 3749 63 39 the
2701 3757 87 38 part
2807 3751 43 33 of

1518 3813 65 31 the
1616 3806 155 46 people,
1802 3802 81 35 who
1904 3801 118 47 judge
2053 3803 143 45 actions
2226 3813 106 28 tuore
2357 3802 96 37 from
2492 3814 237 35 appearance
2759 3809 90 35 than

1520 3865 97 34 their
1633 3862 145 41 utility.
1832 3859 43 34 In
1891 3857 78 35 free
1983 3863 126 38 states,
2137 3857 63 35 the
2216 3859 117 40 secret
2350 3857 44 34 of
2417 3868 239 34 government
2685 3862 28 33 is
2740 3866 113 39 atrec-.

1520 3921 103 44 tion;
1645 3918 34 33 in
1702 3917 167 46 despotic
1893 3925 102 31 ones,
2029 3919 135 35 terror.
2202 3914 81 40 The
2301 3915 112 39 latter
2430 3914 63 46 has
2507 3917 87 32 been
2611 3917 210 46 frequently

1520 3977 61 34 the
1599 3976 154 39 former,
1772 3972 60 34 for
1859 3971 65 34 the
1948 3971 74 35 last
2039 3971 123 35 fifteen
2180 3981 123 34 years,
2322 3981 112 27 never
2457 3973 157 43 applied
2629 3986 14 28 ;
2668 3976 69 43 and
2757 3976 97 35 from

1520 4033 79 35 that
1635 4032 89 38 time
1754 4039 85 24 may
1858 4029 44 34 be
1918 4028 110 35 dated
2055 4028 63 35 the
2148 4028 145 46 apathy
2321 4028 50 38 of
2391 4029 64 40 the
2480 4030 210 41 multilutle.
2743 4033 110 34 They

1520 4094 91 33 must
1636 4087 175 35 likewise
1827 4087 97 39 have
1937 4096 24 22 a
1978 4085 171 33 material
2165 4082 129 47 object
2309 4084 48 34 of
2366 4085 97 33 their
2479 4085 207 41 affections,
2702 4088 67 40 and
2791 4096 66 40 vpt

1520 4156 44 25 an
1579 4146 161 37 abstract
1761 4152 81 35 one.
1896 4140 83 48 The
1995 4142 176 47 ancients,
2192 4141 91 45 who,
2296 4141 172 41 excelled
2487 4152 39 25 us
2543 4153 39 25 as
2600 4144 106 34 much
2727 4146 34 34 in
2792 4148 66 33 the.
