3224 4453
213 120 223 60 APRIL

210 243 21 51 h
231 243 44 51 as
294 260 87 34 been
399 257 96 34 from
530 255 105 34 Bret
665 254 224 33 fortv-:even
911 250 106 44 days,
1044 248 72 33 and
1153 246 69 35 had
1253 256 44 22 on
1330 242 112 35 hoard
1465 242 65 33 100

210 309 129 41 troops
356 305 70 34 and
446 305 91 33 1100
555 302 141 32 harrel4
709 300 43 32 of
771 300 98 33 dour
887 298 57 33 for
966 296 190 44 Cayenne;
1196 294 155 40 meeting
1368 289 87 35 with
1472 300 34 21 su-

211 354 128 44 perior
357 352 100 34 force
476 352 54 33 off
552 350 81 34 that
650 354 102 43 port,
767 348 66 32 she
854 356 72 24 was
951 343 149 45 obliged
1123 346 39 31 to
1191 341 92 45 push
1303 339 56 34 for
1381 338 129 47 clitada-

209 403 130 43 loupe.
411 403 2 43 .

261 464 80 33 Our
357 462 73 33 loss
445 461 28 33 is
491 455 296 45 co-onaratively
811 455 104 34 small
943 452 90 34 with
1051 452 78 34 that
1149 449 43 35 of
1205 450 61 37 the
1279 457 142 32 enemy,
1441 444 67 34 hav-

213 513 61 41 ing
291 509 85 45 only
398 515 73 26 two
493 508 116 32 killed
621 506 70 32 and
720 513 66 24 one
813 502 190 38 wounded,
1019 510 39 24 as
1085 501 53 32 his
1170 508 87 33 guns
1286 506 93 22 were
1397 491 126 44 chiefly

213 556 151 47 pointed
378 565 37 25 at
432 566 65 22 our
516 560 106 27 mast,
640 552 67 33 aud
725 550 156 44 rigging,
901 548 123 33 which
1051 547 43 33 he
1126 541 194 40 succeeded
1336 542 33 33 in
1394 537 139 45 rutting

214 615 91 33 very
322 604 123 40 much,
458 606 94 30 most
569 600 118 34 ()four
705 600 76 33 fore
800 598 70 34 and
900 595 97 33 main
1031 594 139 43 rigging
1196 592 84 33 shot
1313 598 124 35 away,
1462 589 67 31 and

216 652 72 34 had
308 661 57 24 we
385 652 89 33 been
493 648 112 34 under
632 647 67 34 sail
729 652 91 26 must
848 645 92 33 have
977 643 69 33 lost
1081 643 66 31 (Mr
1174 639 158 44 topmast
1348 647 11 22 :
1395 645 47 24 on
1466 633 67 32 'the'

215 700 110 33 other
340 698 79 33 side
438 698 43 33 12
496 696 118 34 killed
632 696 70 33 and
730 693 43 33 14
793 690 194 40 wounded,
1017 698 37 24 as
1083 697 84 25 near
1201 696 40 22 as
1260 692 65 27 eau
1351 685 44 31 he
1411 691 117 24 aster,

216 745 123 37 twined
354 758 13 25 ;
393 745 58 33 for
462 744 61 33 the
542 744 133 32 instant
696 744 64 31 her
775 741 145 34 colours
940 739 96 31 were
1057 733 128 34 hauled
1204 732 123 38 down,
1345 739 66 24 one
1434 728 96 33 third

216 801 41 27 at
285 795 92 41 least,
389 790 97 45 took
510 796 40 28 to
569 790 63 32 the
666 794 131 33 water,
815 788 70 33 and
919 783 143 34 several
1090 790 98 26 were
1214 777 120 37 either
1359 776 118 33 killed
1493 784 40 25 or

219 841 177 37 drowned
412 841 34 33 in
458 836 222 43 attempting
699 842 37 27 to
751 843 148 35 escape.

1292 878 7 1 -
1368 878 8 1 -
1453 878 12 1 -

269 900 150 45 Having
432 900 80 33 thus
529 899 107 44 given
657 907 70 33 you
745 894 61 35 the
837 893 129 40 detail,
999 892 26 34 it
1045 891 165 33 becomes
1227 896 21 24 a
1264 883 164 46 pleasing
1443 881 90 45 duty

220 954 41 31 to
280 959 56 25 me
353 954 39 27 to
423 951 187 40 represent
630 944 65 35 the
712 944 79 33 zeal
823 941 86 33 with
933 938 120 34 which
1083 938 111 44 Capt.
1215 934 178 33 Cameron
1413 931 43 33 of
1475 931 60 33 the

223 996 174 37 Hazard.
417 993 133 35 offered
587 992 53 33 his
669 991 154 33 services
856 989 126 33 before
1011 985 60 32 the
1097 985 144 34 action;
1283 978 65 35 and
1384 978 71 33 had
1475 977 60 34 the

223 1044 98 34 wind
337 1042 162 34 allowed
519 1041 76 33 him
614 1048 37 26 to
673 1044 59 39 get
750 1049 47 31 up
822 1045 150 30 sooner,
1002 1031 118 34 would
1155 1030 94 33 have
1283 1025 172 34 attacked
1475 1024 61 33 the

223 1094 92 40 fort,
332 1089 71 35 and
423 1089 154 43 thereby
596 1087 196 46 prevented
811 1093 109 34 many
933 1081 45 34 of
991 1072 59 41 the
1061 1077 119 45 troops
1180 1077 19 45 .
1199 1077 141 45 getting
1357 1083 45 24 on
1415 1071 119 34 shore.

275 1154 20 34 I
313 1163 60 24 am
391 1150 145 45 happy,
553 1149 94 41 also,
663 1148 34 33 in
716 1146 137 44 having
880 1154 45 25 an
953 1140 241 47 opportunity
1212 1136 44 33 of
1270 1135 149 43 hearing
1437 1134 85 33 testi-

224 1213 109 31 mony
354 1207 39 26 to
412 1200 61 33 the
485 1198 187 44 gallantry
692 1192 195 47 displayed
905 1193 48 41 by
979 1189 61 34 the
1065 1187 137 33 officers
1219 1183 67 35 and
1304 1192 93 26 crew
1417 1180 45 33 of
1485 1181 54 32 his

227 1246 197 48 Naje=ty's
438 1246 84 44 ship
536 1245 113 33 under
666 1254 58 21 my
745 1240 202 39 command,
961 1238 69 34 and
1049 1237 65 41 beg
1137 1234 104 32 leave
1260 1237 38 27 to
1316 1226 222 39 recommend

228 1307 63 33 my
322 1297 99 34 First
442 1293 216 34 Lieutenant
694 1291 168 43 Simpson
880 1292 39 28 to
945 1284 97 34 their
1070 1278 209 40 Lordship's
1297 1278 116 33 notice
1427 1287 9 28 ;
1462 1277 78 32 also

230 1344 234 40 Lieutenants
500 1337 253 45 Pnckingham
777 1336 69 34 and
882 1335 184 38 Lambert,
1095 1339 39 24 as
1160 1326 94 45 good
1287 1325 150 39 officers,
1470 1322 70 34 and

227 1402 112 34 every
360 1400 85 35 way
464 1387 193 44 deserving
673 1384 97 33 their
787 1378 210 47 Lordships'
1018 1377 131 35 notice.

681 1444 20 34 I
720 1443 93 34 have
829 1441 64 38 the
908 1440 142 34 honour
1065 1441 35 30 to
1116 1436 59 41 be,
1195 1433 67 44 &c.

516 1506 176 46 (Signed)
934 1500 120 38 SAM.
1075 1496 141 37 JOHN
1240 1493 257 39 PECIIELL.

282 1584 293 39 Rear-Admiral
595 1583 58 34 Sir
673 1580 48 37 A.
742 1578 210 39 Cochrane,
972 1576 109 35 Bart.
1096 1572 71 37 &c.

234 1664 144 41 Return
389 1662 48 44 of
445 1658 110 34 killed
574 1657 71 33 and
659 1654 170 35 wounded
841 1663 44 26 on
902 1650 113 34 hoard
1026 1650 56 33 his
1101 1644 185 45 Majesty's
1298 1644 79 43 ship
1397 1644 132 40 Cleopa-

282 1717 76 32 tra,
386 1711 37 31 in
438 1709 117 32 action
573 1706 83 33 with
685 1704 58 32 the
764 1702 141 33 French
930 1697 177 35 National
1124 1695 164 44 frigate,
1312 1694 58 32 La
1391 1690 158 44 Topaze,

282 1760 93 31 Jan.
394 1757 64 33 22.

283 1826 216 38 Alexander
524 1820 177 39 M'Cloud
725 1818 66 34 and
811 1815 103 37 John
928 1815 143 39 Simms,
1100 1811 143 41 killed;
1266 1807 103 37 John
1389 1806 165 40 Francis,

236 1874 197 40 wounded.
723 1865 172 46 (Signed)
1018 1863 100 32 SAM.
1136 1859 126 34 JOHN
1286 1858 222 33 PECHELL

287 1950 125 46 [Here
428 1945 151 37 follows
595 1955 24 24 a
633 1942 111 35 letter
757 1938 96 37 from
872 1938 115 45 Capt.
1005 1935 150 41 Maude,
1169 1932 43 35 of
1222 1931 63 35 the
1294 1931 131 40 Jason,
1442 1932 40 31 to
1496 1925 63 35 the

233 2009 102 26 same
346 1990 144 47 effect.)

244 2127 159 38 Extract
425 2125 45 34 of
477 2137 24 22 a
517 2125 126 34 Letter
660 2120 92 35 from
771 2120 112 44 Capt.
905 2113 216 41 11`Kinley,
1140 2109 43 35 of
1195 2108 57 34 his
1270 2104 193 48 Majesty's
1479 2105 83 46 ship

292 2176 61 34 the
387 2173 149 43 Lively,
563 2178 39 26 to
634 2171 63 33 the
726 2167 99 35 lion.
855 2165 57 33 W.
938 2164 59 33 W.
1025 2161 107 38 Pole,
1157 2157 111 35 dated
1287 2156 105 35 Villa
1410 2153 152 43 Garcia,

291 2223 133 34 March
445 2220 58 39 15,
523 2218 104 35 1609.

294 2296 20 33 I
333 2296 72 44 beg
418 2296 105 32 leave
539 2296 40 31 to
596 2295 96 28 state
709 2294 38 28 to
764 2297 90 34 you,
882 2284 58 34 for
959 2283 61 34 the
1038 2272 237 43 information
1303 2276 43 34 of
1372 2285 60 33 my
1453 2272 113 37 Lords

240 2342 302 38 Commissioners
560 2339 43 33 of
617 2340 64 32 the
699 2335 227 41 Admiralty,
945 2333 78 31 that
1029 2330 18 32 -
1046 2330 90 32 since
1155 2339 56 22 my
1234 2327 67 32 !al
1319 2326 110 31 letter
1441 2322 50 34 'of
1505 2321 61 33 the

248 2392 63 34 6th
330 2389 86 34 inst.
436 2386 143 47 (which
604 2387 15 32 1
643 2386 69 33 had
743 2383 60 33 the
824 2382 141 32 honour
997 2378 41 31 of
1051 2375 243 43 transmitting
1329 2372 48 43 by
1404 2370 63 33 the
1487 2369 60 32 Sta-

249 2440 90 39 lira,
354 2446 46 24 on
418 2438 61 32 the
497 2434 65 34 7th
585 2430 169 43 instant),
781 2440 22 22 a
823 2427 98 40 body
951 2425 44 34 of
1022 2424 138 34 French
1181 2427 129 35 troops
1339 2417 145 35 entered
1506 2415 60 33 the

247 2491 119 31 towns
383 2483 43 34 of
451 2481 124 34 Carril
608 2478 71 35 and
707 2474 246 45 Villagarcia,
979 2472 70 32 and
1076 2471 133 40 having
1237 2465 115 35 killed
1383 2473 99 25 some
1506 2461 60 34 old

249 2544 78 24 men
345 2531 72 34 and
432 2538 142 26 women
592 2528 120 32 whom
731 2524 89 44 they
842 2532 73 25 saw
937 2522 35 31 in
990 2517 64 34 the
1084 2523 141 31 streets,
1244 2513 69 33 and
1331 2517 51 28 set
1398 2511 67 33 fire
1483 2516 38 28 to
1546 2518 22 25 a

248 2581 73 34 few
344 2580 129 33 houses
489 2576 46 33 of
542 2575 64 34 the
626 2572 136 44 people
790 2570 124 35 whom
932 2569 87 41 they
1042 2562 138 47 judged
1209 2559 162 37 inimical
1398 2563 39 28 to
1455 2557 113 40 them,

249 2628 91 44 they
360 2623 184 37 retreated
556 2627 39 28 to
614 2621 141 33 Paden.

300 2685 59 33 On
379 2681 61 35 the
454 2680 64 34 9th
536 2689 24 24 a
578 2683 111 39 party
705 2675 43 34 of
758 2674 128 46 eighty
906 2670 162 43 infantry
1084 2667 70 33 and
1169 2666 85 34 four
1279 2661 168 44 cavalry,
1459 2656 112 37 under

253 2732 64 33 the
333 2727 189 38 command
539 2726 46 34 of
605 2725 104 34 three
725 2722 136 34 officers
888 2720 94 33 from
1004 2714 237 40 Pontivedra,
1260 2708 142 38 entered
1435 2706 135 40 Marin,

253 2780 69 34 hut
337 2789 25 24 a
379 2778 64 33 fire
459 2773 110 44 being
586 2771 141 46 opened
744 2779 46 25 on
803 2769 98 34 them
921 2765 97 34 from
1045 2763 71 34 this
1131 2763 102 43 ship,
1251 2759 69 33 and
1339 2757 59 34 the
1422 2754 151 37 Plover,

253 2826 71 35 and
341 2824 63 34 the
424 2819 213 38 Carronade
653 2818 93 34 from
772 2817 64 33 the
866 2812 148 40 launch,
1032 2811 84 43 they
1137 2809 96 43 made
1233 2809 24 43 i
1257 2809 25 43 a
1299 2810 91 30 most
1410 2799 143 48 precipi-

255 2878 79 31 tate
351 2875 135 33 retreat
501 2881 11 28 ;
540 2867 64 35 the
634 2863 252 45 commanding
901 2862 123 33 officer
1038 2868 46 24 on
1116 2867 25 24 a
1156 2851 97 47 good
1286 2851 120 38 horse,
1426 2848 70 35 and
1513 2845 63 35 the

259 2922 83 33 four
366 2919 152 41 cavalry
534 2914 197 41 benefiting
743 2913 50 44 by
811 2910 98 35 their
938 2907 107 43 being
1063 2902 182 39 mounted,
1280 2898 65 35 left
1364 2897 98 33 their
1479 2904 74 24 com-

259 2968 172 46 panions,
451 2963 85 35 who
555 2961 216 43 outrunning
801 2959 100 33 their
928 2954 152 39 officers,
1108 2961 25 24 a
1162 2948 163 46 Captain
1343 2946 67 33 and
1433 2944 123 32 Lieute-

261 3020 87 31 nant
378 3013 65 35 fell
461 3013 79 33 into
557 3009 63 34 the
639 3007 111 34 hands
767 3004 44 35 of
836 3006 63 33 the
932 2999 213 48 Spaniards,
1166 2998 85 34 who
1283 2992 183 37 delivered
1482 2987 94 38 them

261 3070 40 28 to
321 3072 69 25 me.

311 3110 39 34 It
369 3110 31 33 is
419 3105 90 38 with
527 3104 64 34 the
608 3106 91 31 most
718 3098 174 37 heartfelt
917 3092 227 45 satisfaction
1161 3091 80 34 that
1260 3090 19 34 I
1298 3098 64 26 can
1382 3085 91 34 with
1498 3092 64 25 con-

262 3157 142 34 fidence
415 3163 123 26 assure
553 3150 98 35 their
670 3148 198 44 Lordships
885 3146 80 33 that
989 3146 63 30 the
1080 3141 106 44 spirit
1207 3137 43 33 of
1263 3137 61 33 the
1336 3132 200 38 Callicians
1554 3130 28 33 is

263 3202 156 38 aroused
438 3208 37 27 to
493 3200 64 34 the
575 3207 91 26 most
686 3194 235 37 enthusiastic
934 3191 150 38 ardour,
1102 3184 178 47 governed
1312 3183 46 43 by
1377 3193 24 22 a
1416 3180 81 34 cool
1514 3177 67 34 and

262 3248 224 39 determined
504 3254 178 34 courage,
702 3241 122 37 which
843 3241 61 33 the
932 3239 149 43 feelings
1097 3235 43 32 of
1169 3233 144 43 loyalty
1332 3229 65 35 and
1423 3226 139 46 patriot-

268 3300 64 33 ism
360 3294 187 47 generally
569 3293 157 44 inspire;
754 3289 70 34 and
842 3288 85 44 they
947 3282 217 43 confidently
1185 3280 86 33 lank
1300 3278 58 33 for
1374 3275 63 34 aid
1463 3281 38 27 to
1526 3273 60 33 the

265 3344 213 48 generosity
501 3341 45 34 of
569 3340 64 33 the
654 3338 139 34 British
827 3337 243 35 Government
1087 3327 163 45 speedily
1271 3332 38 27 to
1325 3332 148 26 succour
1491 3320 96 34 them

267 3393 96 35 wick
379 3400 99 25 arms
493 3386 72 37 and
581 3385 259 39 ammunition,
856 3390 38 26 to
909 3379 131 37 enable
1057 3378 94 33 them
1169 3381 39 27 to
1226 3371 145 35 succeed
1385 3371 34 33 in
1434 3370 58 34 the
1511 3367 60 45 glo-

269 3442 98 34 rious
379 3438 72 35 and
462 3436 80 47 jut-t
555 3444 109 25 cause
685 3431 120 37 which
834 3431 85 43 they
941 3430 94 32 have
1058 3423 240 39 undertaken,
1323 3424 37 30 to
1390 3416 112 47 expel
1528 3412 61 35 the

269 3488 204 47 perfidious
490 3483 169 34 invaders
677 3480 45 34 of
732 3480 98 34 their
846 3483 167 35 country.

317 3535 83 34 The
411 3541 130 34 enemy
560 3530 30 32 is
608 3527 109 35 much
746 3526 190 35 distre-sed
956 3523 51 41 by
1024 3531 22 24 a
1064 3517 197 44 malignant
1287 3514 123 37 fever;
1437 3514 63 31 not
1524 3509 69 32 les;

270 3582 91 35 than
373 3587 76 28 two
467 3585 81 30 cart
567 3576 104 34 loads
686 3583 65 26 are
768 3573 131 35 buried
914 3570 104 43 daily
1043 3567 92 33 from
1153 3566 63 32 the
1237 3561 105 35 Head
1362 3561 175 39 Quarters
1554 3561 35 26 at

272 3632 54 33 St.
348 3631 90 41 lago
454 3640 12 27 ;
508 3626 63 34 the
589 3624 175 44 Military
788 3622 191 33 Governor
1005 3614 66 40 and
1103 3608 261 40 Commanding
1397 3605 138 35 Officer
1552 3600 46 35 of

272 3678 207 44 Artillery,
497 3672 92 38 with
607 3680 25 25 a
647 3672 151 32 number
828 3666 44 37 of
894 3665 106 35 other
1017 3661 152 40 officers,
1196 3658 96 34 have
1319 3656 111 34 fallen
1452 3651 141 34 victims

276 3731 41 30 to
335 3725 43 35 it.

324 3769 226 38 Skirmishes
561 3767 105 44 daily
680 3743 2 67 -
699 3763 91 35 take
817 3761 112 47 place
961 3758 165 33 between
1146 3751 61 37 the
1237 3754 168 43 peasants
1437 3745 70 34 and
1535 3743 64 41 the

275 3829 149 33 enemy,
444 3815 123 38 which
588 3815 148 33 renders
761 3809 100 37 their
881 3804 193 48 procuring
1102 3801 206 46 provisions
1338 3796 85 33 both
1443 3790 145 43 difficult
1589 3790 17 43 n

276 3868 71 33 and
369 3866 224 40 harrassing,
609 3862 71 34 and
699 3868 106 33 many
823 3855 67 35 fall
912 3854 139 34 victims
1069 3854 35 30 to
1123 3848 155 44 fatigue.
1316 3844 43 34 In
1377 3842 72 35 this
1468 3848 122 38 perpe-
1590 3848 21 38 .

279 3917 77 32 vial
380 3912 175 39 warfare,
570 3911 63 33 the
650 3917 128 34 enemy
794 3900 211 43 invariably
1018 3898 119 37 sutler,
1156 3891 244 50 particularly
1416 3899 46 22 on
1476 3887 61 33 the
1553 3887 21 32 2.
1579 3886 20 33 d

275 3965 157 35 instant,
450 3959 105 34 when
575 3966 66 25 one
679 3952 159 37 hundred
868 3951 70 33 and
973 3946 67 34 five
1064 3944 222 34 Frenchmen
1306 3947 97 25 were
1422 3933 180 45 pillaging

275 4011 65 33 the
358 4013 155 30 convent
531 4004 44 34 of
591 4005 53 33 St.
669 3998 193 40 Bernardo
892 3998 44 32 de
966 3996 70 32 San
1063 3990 171 40 Claudio,
1261 3986 123 33 where
1406 3984 87 34 Don
1513 3979 69 34 Ber-

280 4057 115 34 nardo
416 4055 195 40 Goncales,
627 4063 27 22 a
665 4050 53 33 ith
733 4049 115 41 thirty
857 4050 92 27 -two
966 4038 214 48 Spaniards,
1193 4032 174 38 attacked
1387 4031 115 38 them,
1514 4026 86 33 took

282 4115 106 33 many
412 4103 124 32 hones
554 4100 107 35 laden
681 4096 91 34 with
791 4095 156 44 pillage,
976 4089 70 33 and
1071 4085 84 41 only
1175 4084 143 32 sixteen
1338 4077 40 35 of
1401 4078 64 33 the
1479 4083 126 33 enemy

281 4148 190 47 escaped.'
509 4148 61 34 On
588 4147 64 34 the
679 4142 85 40 9th,
780 4140 103 37 10th.
900 4136 67 34 and
990 4134 84 35 14th
1091 4131 81 34 inst.
1196 4130 64 32 the
1280 4128 137 33 Frenen
1436 4119 172 38 attacked

275 4202 63 32 toe
359 4201 177 41 peasants
555 4194 41 35 of
614 4194 109 38 Deza
742 4189 69 37 and
829 4189 208 35 Ifevenza,
1056 4176 178 39 butt.tit.ed
1252 4178 47 43 by
1319 4176 98 32 thuae
1436 4170 41 37 o:
1495 4169 87 73 1.3030
1598 4169 13 73 b

1071 111 143 52 THE
1221 107 44 56 -
1265 107 354 56 NATIONAL
1656 98 373 63 REGISTER.

2807 71 96 51 tols

1592 233 66 32 and
1676 231 197 37 Taheirois,
1886 230 70 33 and
1980 237 93 22 were
2092 224 141 33 ohlil:e..l
2255 228 35 26 to
2309 222 137 31 retreat
2473 213 87 35 tvith
2596 211 63 33 the
2675 210 67 32 loss
2770 206 43 33 of
2832 216 71 25 oue

1593 279 158 33 hundred
1770 279 67 33 and
1857 278 164 32 fourteen
2042 282 76 24 men
2135 272 66 38 :JO
2219 280 45 27 :fit
2277 267 135 33 officer.

1637 326 79 32 The
1734 333 229 35 appearance
1982 321 41 33 of
2044 321 56 31 him
2121 313 187 48 Maj,,ty's
2323 313 84 40 ship
2427 311 61 32 has
2505 317 86 33 very
2613 301 104 37 much
2734 300 169 46 gratified

1593 371 58 33 the
1669 372 211 45 Spaniards,
1910 383 22 20 cs
1946 370 45 32 ho
2017 377 61 24 are
2104 365 171 33 ineessant
2295 363 33 31 in
2354 358 99 34 their
2478 352 119 48 praise
2626 352 69 33 and
2720 348 187 44 gratitude

1592 424 34 27 to
1645 417 63 33 flin
1731 418 137 34 British
1890 419 73 32 Go%
1974 419 175 28 eminent.

1638 464 57 34 On
1716 476 56 31 ray
1792 465 142 35 cominsx
1951 470 37 26 to
2007 461 70 34 this
2093 462 104 41 place
2210 468 44 21 oa
2272 456 59 32 the
2353 450 83 34 11th
2466 450 79 33 lint.
2567 446 18 34 I
2606 444 69 35 left
2688 444 59 33 the
2769 443 139 33 Plover

1592 516 35 30 at
1664 513 133 41 Malin,
1824 513 61 35 the
1905 510 137 34 Frendi
2258 498 242 37 Pontevedro,
2525 496 66 32 brt
2621 495 92 31 have
2738 489 169 37 received

1594 557 231 35 information
1847 563 37 30 to
1904 554 79 40 day,
2017 554 78 33 that
2114 565 20 21 a
2153 549 155 34 divi:ion
2324 546 45 33 of
2393 546 64 33 the
2474 541 154 46 SPanish
2647 549 118 32 army,
2792 536 119 39 under,

1671 607 187 32 command
1877 605 43 33 of
1935 594 80 51 tise
2015 594 20 51 .
2035 594 142 51 narquis
2194 599 43 32 de
2258 593 216 37 Valladares
2493 599 73 24 was
2590 585 171 35 attacked
2779 594 46 22 on
2845 582 54 44 the
2900 582 19 44 .

1597 652 79 33 11th
1695 653 48 44 by
1765 652 161 33 Marshal
1946 652 116 35 Simlt,
2076 648 84 32 who
2173 646 61 32 has
2248 639 94 38 since
2356 635 136 37 retired
2505 641 35 27 to
2555 635 100 41 Tuy,
2672 633 67 32 and
2753 631 154 34 ordered

1592 700 48 31 all
1663 698 60 33 Isis
1739 699 244 33 detachments
2002 699 33 31 in
2053 698 64 30 tfse
2134 692 151 33 vicinity
2303 686 41 34 of
2363 686 97 41 Vigis
2474 690 38 26 to
2522 681 85 43 join
2626 679 74 34 him
2713 679 47 45 by
2780 674 122 37 forced
2902 674 21 37 .

1596 745 187 43 marches;
1812 746 18 34 I
1847 745 120 35 would
1987 751 61 27 not
2065 739 183 37 therefore
2264 726 124 44 'detain
2408 731 65 32 her
2486 730 141 40 longer.

2126 788 14 34 1
2164 787 92 33 have
2274 784 59 32 the
2349 780 142 33 honour
2506 782 38 27 to
2563 775 61 39 be,
2647 772 69 34 &e.

2249 826 174 47 (Signed)
2519 822 107 34 CIL.
2648 820 257 34 M'KINLEY.

1946 934 227 40 frhitehaTT,
2192 930 135 39 March
2349 927 66 41 28,
2448 922 112 38 1809:

1642 990 83 35 The
1743 991 102 43 King
1858 990 65 34 has
1939 991 90 33 been
2047 985 148 47 pleased
2212 989 37 27 to
2265 985 104 40 grant
2396 978 64 33 the
2476 973 139 44 dignity
2636 971 45 34 of
2702 981 24 24 a
2747 971 165 34 Baronet

1597 1037 44 34 of
1664 1037 64 34 the
1760 1038 135 33 United
1919 1036 176 41 Kingdom
2126 1032 45 34 of
2192 1032 110 31 Great
2322 1025 148 35 Britain
2486 1022 66 34 and
2576 1019 145 34 inland
2739 1024 87 28 unto
2854 1017 59 34 Sir

1603 1085 120 33 David
1746 1083 128 41 Baird,
1892 1083 155 43 Knight,
2069 1076 293 44 Lieut.-General
2391 1071 44 34 of
2459 1070 53 32 his
2544 1065 191 46 Majesty's
2764 1065 151 41 Forces,

1597 1133 67 34 and
1684 1131 61 33 the
1765 1133 94 33 heirs
1874 1131 94 33 male
1985 1128 43 33 of
2040 1129 57 31 his
2108 1128 93 35 body
2219 1121 168 43 lawfully
2405 1121 185 40 begotten,
2610 1115 90 32 with
2713 1111 204 34 remainder

1599 1187 35 26 to
1656 1180 142 33 Robert
1818 1179 130 39 Baird,
1965 1175 44 33 of
2029 1175 83 33 Nevi
2263 1170 33 33 in
2315 1168 60 32 the
2404 1168 131 38 county
2567 1161 45 33 of
2631 1160 282 38 East.l.oihian,

1603 1226 84 45 Esq.
1722 1226 169 41 (brother
1922 1231 38 27 to
1990 1222 58 33 Sir
2069 1221 120 33 David
2205 1213 136 46 *Baird)
2372 1213 72 34 and
2470 1214 58 31 the
2545 1208 100 35 heirs
2662 1207 93 34 male
2786 1206 44 34 of
2858 1205 58 34 his

1600 1273 96 43 body
1711 1272 170 44 lawfully
1900 1272 183 44 begotten.

1954 1374 331 30 BANKRUPTCIES
2314 1365 255 31 ENLARGBD.

1638 1429 98 28 Josue
1748 1428 37 28 de
1795 1427 109 34 Prado,
1918 1424 197 31 Lime-street,
2130 1417 243 33 lead-merchant,
2394 1415 78 27 from
2485 1413 85 37 April
2582 1414 15 27 1
2613 1413 33 26 to
2657 1409 84 39 April
2758 1410 30 34 9,
2810 1410 31 28 at
2857 1410 67 32 ten,

1604 1472 31 22 at
1648 1465 165 28 Guildhall.

1644 1502 89 30 Peter
1744 1500 132 34 Bentley,
1886 1495 202 37 College-hill,
2108 1494 241 31 Thames-street,
2372 1487 129 34 builder,
2515 1483 79 31 from
2606 1483 87 37 April
2705 1487 59 26 Ito
2776 1481 89 39 April
2871 1483 53 33 29,

1605 1545 32 22 at
1645 1544 60 27 ten,
1717 1541 33 26 at
1762 1535 164 31 Guildhall.

2187 1572 209 30 NKRUPTA.

1645 1631 132 31 Thomas
1789 1630 85 33 Peat,
1885 1626 216 31 Wood-street,
2115 1620 175 35 Cheapsklz.,
2310 1618 111 32 lio:ier,
2440 1617 32 27 to
2493 1612 156 31 surrender
2669 1612 81 37 April
2763 1615 28 32 1,
2804 1615 47 31 15,
2862 1610 63 30 awl

1612 1670 70 33 May
1695 1670 30 32 9,
1735 1670 31 25 at
1772 1670 103 31 one,at
1889 1663 163 30 Guildhall.
2094 1663 151 30 Attur..e.y,
2258 1658 57 26 Mr.
2329 1656 125 28 Adams,
2469 1652 57 27 Old
2537 1654 112 32 *Wiry.

1648 1720 133 28 Thomas
1799 1717 183 34 Thompson,
1995 1714 90 27 Great
2102 1710 131 30 Arawell,
2256 1709 97 27 WTI:,
2370 1702 118 35 jobber,
2502 1702 83 34 April
2598 1704 30 28 4,
2642 1702 45 28 11,
2699 1700 58 27 and
2771 1700 73 35 May
2854 1701 31 32 9,
2895 1698 34 28 et

1612 1760 60 30 ten,
1684 1761 32 22 at
1730 1754 163 28 Guildhall.
1933 1753 154 32 Attorney,
2102 1749 58 27 Mr.
2174 1746 143 32 Harding,
2331 1742 260 30 Pritnrose-street,
2603 1736 305 35 BishOpsgate-street.

1651 1806 133 27 Thomas
1802 1804 123 32 Davies,
1942 1799 165 31 Haverford
2122 1798 96 32 West,
2235 1801 120 25 mercer,
2373 1792 86 34 April
2471 1793 27 31 ',
2511 1793 44 28 in,
2567 1787 61 27 awl
2650 1787 67 34 May
2731 1789 30 31 9,
2771 1787 31 26 at
2813 1786 118 32 eleven,

1615 1846 32 26 at
1656 1843 54 28 the
1727 1840 79 30 Bush
1826 1839 131 33 Tavern,
1977 1838 195 28 Corn-street,
2193 1832 117 28 Bristol.
2352 1827 162 32 Attoruies,
2529 1826 57 26 Mr.
2604 1826 116 31 James:,
2738 1820 193 38 ChaVs-hut

1616 1887 117 28 square,
1746 1878 142 33 London;
1905 1876 59 27 ant'
1980 1874 119 27 Messrs.
2117 1872 81 32 Mari.
2199 1878 13 19 -
2212 1878 27 19 an
2251 1867 59 28 and
2323 1866 51 28 Li.
2381 1869 56 30 ett,
2448 1863 116 28 Bristol.

1656 1931 94 27 Omar
1762 1928 81 34 Hall,
1854 1926 139 31 Stafford,
2003 1924 124 31 haif.ter,
2141 1920 81 35 April
2239 1922 45 31 17,
2297 1920 44 30 IS,
2362 1917 63 27 and
2447 1917 67 32 May
2525 1917 30 30 9,
2567 1916 31 25 at
2611 1911 111 33 eleven,
2734 1912 31 26 at
2774 1909 52 30 the
2844 1909 90 28 Swami

1619 1969 65 32 Inn,
1698 1965 139 28 Stafford.
1877 1963 161 32 Attornies,
2052 1962 122 27 Alessrs.
2311 1956 60 26 and
2385 1956 89 30 Kett,
2487 1950 138 28 Statford.

1656 2015 133 30 Thomas
1801 2014 118 33 Austin,
1936 2013 132 32 Chester,
2078 2010 167 32 innkeeper,
2258 2004 81 37 April
2353 2007 50 28 21,
2414 2006 48 30 22,
2474 2002 57 26 and
2556 2002 73 33 May
2644 2002 28 30 7,
2685 2001 30 26 at
2726 1998 110 31 eleven,
2844 1997 31 26 at
2885 1995 53 28 the

1622 2054 118 27 Golden
1755 2053 72 28 Lion
1844 2054 63 30 Inn,
1919 2048 131 28 Chester.
2092 2046 159 31 Anomie:,
2277 2043 56 27 Mr.
2347 2041 106 30 Divas,
2466 2039 137 33 Chester;
2624 2037 118 27 Messrs.
2756 2035 112 33 Crwup
2877 2031 61 30 and

1623 2092 113 34 Lodge,
1749 2087 172 37 Liverpool;
1938 2087 59 26 and
2011 2087 59 26 Mr.
2082 2083 128 34 Huxley,
2220 2081 135 33 Temple,
2366 2078 136 28 London.

1659 2140 130 28 Edward
1802 2139 115 33 Deane,
1939 2135 169 35 Liverpool,
2119 2133 159 31 merchant,
2296 2128 83 35 April
2404 2131 47 28 21,
2472 2128 47 31 2?,
2537 2125 60 28 and
2623 2124 72 33 May
2707 2122 71 32 9at
2786 2120 115 32 eleven,
2911 2120 32 27 at

1624 2176 171 37 Lillyman's
1808 2173 98 31 Hotel.
1920 2172 167 35 Liverpool.
2303 2169 57 25 his.
2374 2165 110 32 Wiatt,
2505 2160 177 38 Liverpool;
2699 2159 59 26 and
2779 2159 60 26 Mr.

1623 2216 59 33 die,
1690 2215 197 32 John-street,
1902 2210 216 32 Bedford-row,
2133 2207 133 27 London.

1659 2265 84 30 John
1757 2265 97 35 Henry
1870 2263 128 32 Matind,
2010 2262 158 32 Coventry,
2180 2263 111 26 rower,
2317 2252 85 35 April
2421 2255 44 28 IQ,
2486 2254 30 22 at
2539 2249 79 32 four,
2646 2250 45 30 19,
2711 2245 58 28 and
2784 2244 70 32 Mar
2864 2246 31 30 9,
2913 2244 33 27 at

1624 2303 113 33 eleven,
1749 2306 32 25 at
1791 2302 50 27 the
1863 2302 94 26 Seven
1971 2301 91 28 Stnrs,
2087 2296 194 27 Hit:le-street,
2559 2284 163 32 Attoruies,
2744 2283 60 27 Mr.
2819 2282 143 41 Pwatou,.

1625 2341 191 31 Hind-court,
1831 2340 202 27 Fleet-street;
2052 2335 61 26 and
2130 2334 59 26 Mr.
2205 2328 165 33 Mand.:..y,
2383 2323 214 33 hiriniughain.

1664 2393 84 26 Isaac
1762 2389 141 34 Clapson,
1913 2387 195 27 Henrien:i-st
2112 2387 70 27 wet,
2203 2376 242 37 Itacli,ley-rlall,
2458 2376 163 32 carpenter,
2649 2369 80 37 April
2745 2373 27 31 1,
2785 2372 47 31 13,
2844 2370 30 25 at
2885 2370 64 27 ten,

1625 2428 59 26 and
1767 2428 18 32 v
1785 2428 37 32 9,
1833 2431 31 21 at
1876 2426 112 30 eleven,
2008 2426 30 24 at
2062 2419 164 30 Guildhall.
2267 2419 139 32 Attor..ey
2414 2432 8 14 ,
2447 2413 20 26 M
2467 2413 40 26 r.
2528 2407 220 35 Waslorough,
2766 2405 163 31 Waruford-

1625 2466 97 32 court,
1733 2464 330 33 Throg,tnorton-street.

1664 2517 130 27 Frances
1808 2515 58 27 Lee
1892 2511 91 28 Mead
2007 2510 60 27 and
2095 2504 155 32 Elizabeth
2277 2504 39 27 Le
2326 2502 61 33 vis
2387 2502 21 33 '
2408 2499 219 30 Wales-street,
2650 2492 304 37 Cavendish-square,

1626 2552 155 32 milliners,
1794 2550 83 34 April
1893 2551 26 28 1,
1933 2551 45 30 15,
1990 2551 30 25 at
2031 2552 64 26 ten,
2107 2544 60 27 and
2183 2544 69 32 May
2264 2544 14 30 9
2278 2544 14 30 ,
2304 2539 158 31 at.elevea,
2474 2539 31 25 at
2517 2532 169 31 Guildhall.
2726 2531 155 34 Attorney,
2893 2531 61 26 Mr.

1629 2590 156 33 Mounsey,
1799 2587 268 30 Cliariotte-,,treet,
2081 2578 261 34 lig..lfordss;piare.

1667 2639 70 27 Ann
1750 2637 96 32 Neve,
1858 2635 120 32 Strand,
1996 2633 138 28 milliner.
2152 2628 78 35 &pril
2244 2630 45 31 11,
2303 2629 44 32 15,
2360 2623 63 28 and
2437 2622 69 34 May
2516 2622 30 32 9,
2556 2622 34 26 at
2601 2619 116 33 twelve,
2734 2619 32 26 at
2786 2614 169 31 Guildhall.

1632 2675 154 34 Attorney,
1799 2675 59 27 Mr.
1873 2672 131 34 Wright,
2019 2672 107 32 Dowga
2132 2667 109 28 te-hill.

1670 2724 142 28 Matthew
1827 2721 118 30 Simnel
1959 2720 128 35 Haynes,
2101 2713 195 38 Queenhithe,
2315 2707 287 32 insurance-broker,
2624 2702 84 37 April
2728 2704 30 32 1,
2779 2702 32 28 at
2829 2704 65 30 ten,
2914 2700 30 35 IS
2943 2700 14 35 t
2957 2700 15 35 ,

1631 2761 59 27 and
1707 2763 69 33 May
1789 2763 28 28 9,
1840 2764 33 24 at
1883 2759 115 32 eleven,
2016 2759 32 26 at
2063 2752 167 32 Guildhall.
2270 2748 164 32 Attoruies,
2460 2746 59 28 Mr.
2532 2745 106 32 Allan,
2662 2735 294 38 Frederick's-place,

1633 2799 60 28 Old
1710 2799 63 28 Jot
1780 2805 43 26 ry.

2172 2831 261 31 DIVIDENDS.

1672 2891 73 35 May
1755 2893 30 26 ?.
1805 2890 104 28 James
1919 2888 125 33 Giffarrl,
2065 2882 267 39 Shepherd-street,
2354 2876 233 32 Oxford-street,
2598 2869 247 33 coal-merchant,
2857 2868 31 28 at
2901 2865 63 30 ele.

1636 2936 69 25 yen,
1716 2931 31 24 tct
1760 2926 177 28 Guilldhall.

1674 2965 86 35 April
1775 2967 45 25 Is.
1840 2966 33 26 3.
1886 2957 154 37 Dawson,ll
2040 2957 17 37 l
2056 2957 174 37 ;h-street,
2251 2953 50 28 ald
2309 2954 73 30 rate,
2394 2948 213 33 linen-draper,
2620 2948 30 25 at
2662 2948 61 30 ten,
2733 2944 32 26 at
2779 2937 168 31 Guildhall.

1677 3002 72 33 May
1760 3004 46 24 24.
1827 2999 183 28 Hatchinson
2029 2998 98 27 Mur....
2154 2994 110 26 Robert
2289 2991 99 31 Mttre,
2412 2987 60 26 and
2489 2983 141 30 William
2653 2981 97 33 Mare,
2773 2974 194 33 Fenchurch

1638 3043 102 27 street,
1759 3038 163 31 merchant,
1938 3039 28 24 at
1983 3040 59 24 ten,
2054 3040 28 19 at
2100 3028 164 31 tluildhall.

1678 3076 84 35 April
1775 3078 47 24 2i.
1846 3072 162 31 Archibald
2023 3069 189 35 Colatthoun,
2225 3064 195 35 High-street,
2432 3057 154 34 Lambah,
2596 3051 261 41 yeast-merchant,
2864 3052 33 26 at
2907 3052 66 31 ten,

1641 3117 31 24 at
1684 3111 164 28 Guildhall.

1682 3150 87 33 April
1792 3151 48 25 19.
1870 3148 112 31 Rater'.
2008 3144 112 37 Payne,
2140 3141 105 32 Ilaine,
2264 3138 105 31 Essex,
2395 3132 191 35 shopke.per,
2613 3131 34 26 at
2666 3126 116 34 twelve,
2805 3126 33 26 at
2863 3122 111 30 Guild,

1643 3188 73 27 hall.

1683 3224 72 34 May
1769 3224 27 24 R.
1815 3222 103 34 Henry
1932 3219 99 30 Cooke
2050 3216 60 28 and
2124 3215 81 28 John
2231 3210 136 32 llorbert,
2386 3204 217 34 Birohia-lane,
2619 3200 181 33 merchants,
2817 3200 32 26 at
2862 3196 116 33 eleven,

1645 3267 32 24 at
1690 3260 164 27 Guildhall.

1687 3296 84 37 _April
1780 3300 47 22 'ion.
1847 3294 132 30 Thomas
2006 3291 158 30 Shenston,
2183 3286 117 28 Marl;et
2313 3283 59 28 ios
2375 3275 104 37 with,
2496 3278 161 31 Lticester,
2675 3274 117 34 draper,
2811 3274 32 25 at
2864 3269 117 34 eleven,

1646 3339 31 26 at
1690 3335 51 26 the
1760 3334 115 32 George
1896 3333 67 31 Inn,
1982 3328 117 28 Market
2114 3321 162 31 Bosworth.

1688 3371 84 35 April
1788 3372 46 27 22.
1854 3366 132 31 Thomas
2013 3365 120 31 Cotten,
2152 3363 60 26 Gro
2232 3366 27 26 e,
2277 3354 157 35 Hackney,
2453 3347 286 33 insurance-broker,
2763 3347 30 26 at
2818 3344 113 33 eleven,
2949 3344 39 32 at,

1651 3407 165 30 Guildhall.

1690 3444 85 37 April
1785 3446 50 24 IL.
1856 3438 132 32 Richard
2011 3436 170 34 Thackray,
2492 3424 94 33 'York,
2598 3420 201 32 flax-dresser,
2818 3419 31 25 at
2870 3416 115 33 eleven,

1651 3488 32 25 at
1694 3480 167 32 Guiltlhall,
1873 3476 137 30 London.

1691 3517 86 37 April
1787 3520 48 25 21.
1857 3515 98 34 Heary
1977 3509 137 31 Mertrats
2128 3507 71 28 Bird
2213 3504 59 30 and
2291 3500 161 37 Beejatnin
2476 3500 126 30 Savare,
2621 3491 269 38 Jeffray'g-square,
2907 3496 83 21 men.

1654 3556 116 31 chants,
1782 3557 30 24 at
1824 3552 119 32 twelve,
1951 3554 31 22 at
1996 3544 167 31 Guildhall.

1693 3594 73 33 May
1776 3594 28 24 6.
1833 3588 112 30 Robert
1971 3583 175 34 Parbridge,
2171 3575 250 38 Pararon-place,
2446 3569 177 33 Kent-road,
2647 3567 150 30 timber-n.
2809 3560 126 37 *want,
2955 3562 33 28 at

1655 3639 69 25 one,
1736 3633 32 24 at
1780 3624 165 31 Guildhall.

1696 3665 85 37 April
1795 3665 45 26 18.
1859 3660 84 31 John
1958 3658 126 33 Albany,
2095 3654 107 31 Ware,
2213 3648 152 33 Hertford,
2375 3647 227 28 bye-toaster,
2611 3644 31 26 at
2655 3639 111 31 eleven,
2777 3641 31 24 at
2819 3634 169 31 Guildhall.

1695 3705 72 32 May
1779 3704 48 25 27.
1847 3698 132 28 Thomas
2001 3693 70 34 Simp
2070 3693 17 34 ,
2087 3693 53 34 :on
2163 3690 61 28 and
2249 3685 198 34 Nottingham
2469 3683 150 34 Simplon,
2640 3677 236 31 Northailerton,
2895 3672 98 34 York,

1659 3741 176 30 merchant=,
1847 3737 32 26 at
1891 3735 113 30 eleven,
2016 3733 31 25 at
2060 3726 167 33 Gtcadhail,
2242 3724 135 28 London.

1698 3776 84 37 April
1796 3776 44 26 IS.
1861 3770 129 30 Braham
2000 3769 146 30 D4mant,
2157 3758 223 37 Sihltechapel,
2394 3758 50 26 hrl
2450 3756 70 32 tier,
2531 3757 30 25 -t
2572 3749 122 34 twelve,
2705 3752 31 25 at
2748 3744 168 32 guildhall.

1697 3815 72 32 May
1781 3814 46 25 47.
1851 3807 130 35 Stephen
1996 3802 146 33 Klehinrs
2156 3802 60 26 and
2230 3801 149 27 Somerset
2393 3794 155 32 Riching,
2561 3788 131 34 Oxford,
2709 3775 292 40 breeches-makess,'

1662 3856 30 25 .tt
1703 3852 113 30 eleven,
1826 3849 33 27 at
1869 3841 168 34 Guildhall,
2046 3839 141 31 London.

2028 3887 511 39 CERTIFICATESAI'RI4.
2571 3876 58 35 18.

1700 3952 133 30 Thomas
1846 3950 174 30 Sbenstone,
2029 3946 123 33 Market
2164 3939 162 33 Bosworth,
2340 3938 66 30 Leice
2406 3938 13 30 .
2419 3938 13 30 l
2432 3938 13 30 -
2445 3938 56 30 2..,
2512 3933 120 33 draper.
2674 3926 119 30 Snmeel
2816 3926 99 35 Dyke.
2924 3922 77 30 Mlr

1664 3989 263 32 tholowew-close,
1946 3984 178 30 tededealer.
2166 3980 106 27 Ruben
2434 3971 183 35 .'..)nuatth,
2635 3965 135 30 botcher.
2791 3965 40 27 T.
2843 3961 60 34 and
2911 3961 41 28 T.
2965 3961 37 32 IL

1669 4031 126 27 Euktou,
1809 4025 159 32 Leicester,
1981 4022 136 27 blukces.
2152 4017 83 28 We..
2643 4003 69 37 jaa.
2727 4002 59 32 null
2800 4000 124 28 Charles
2936 3997 67 28 Biie

1736 4062 117 31 Briitol,
2393 4048 60 27 and
2466 4044 80 31 John
2563 4044 66 33 Fly,
2643 4041 149 34 Crn,doo,
2804 4036 198 34 .bricklayer;,

1670 4103 116 32 r.etbrge
1798 4100 122 31 Sellars,
2113 4090 163 28 cabins:r-In
2285 4089 72 26 titer.
2398 4083 151 30 Jte.tinian
2564 4078 100 28 Smith
2676 4076 59 27 and
2748 4075 125 28 Charies

2897 4071 111 32 Smithy

1636 4109 1 64 ,
1672 4139 87 30 Bath,
1782 4131 318 39 plaa-nmonf..ixtvmr:
2100 4131 17 39 .
2117 4131 18 39 .
2173 4128 133 28 'Dwaine
2329 4121 136 35 Wright,
2487 4115 235 39 Cowper's-row,
2741 4109 269 34 Crittgbal-friars,

1671 4176 113 26 broker.
