3412 4453
1106 104 149 54 'VIE
1293 104 378 53 NATIONAL
1707 96 381 63 REGISTER.

209 231 84 41 and
333 234 195 52 integrity
578 234 50 40 he
672 235 169 39 evinced
894 236 40 38 in
990 236 204 52 detecting
1237 236 69 39 the
1350 242 106 34 most
1501 236 38 38 in-

207 293 168 43 famous
409 296 162 46 abuses,
601 296 37 39 in
665 296 141 53 trying
834 301 43 35 to
905 296 119 56 bring
1059 299 69 40 the
1161 299 214 40 shameless
1394 300 165 40 authors

208 356 53 41 of
301 358 112 40 them
455 363 46 34 to
547 358 176 51 condign
767 359 272 52 punishment.
1097 359 230 41 Selfishness
1359 361 76 39 and
1476 361 60 39 fac-

207 418 94 40 tion
346 431 93 41 may
487 419 126 39 strive
657 425 46 33 to
742 422 248 40 calumniate
1024 423 67 38 the
1124 423 235 47 intentions,
1407 424 78 39 and
1515 429 41 34 to

210 480 161 43 detract
398 482 111 39 from
542 481 70 39 the
646 483 141 39 merits
820 483 48 39 of
899 485 83 37 Mr.
1019 484 217 46 WARDLE;
1283 484 72 39 but
1390 497 60 26 we
1479 485 78 39 will

210 542 159 43 neither
389 542 124 40 insult
533 542 67 39 the
618 542 185 53 feelings,
839 557 76 26 nor
940 544 107 52 good
1068 557 111 27 sense
1199 543 51 40 of
1263 559 77 26 our
1362 547 195 47 Readers,

209 607 57 52 by
285 607 150 52 asking
452 605 131 47 them,
619 604 37 40 if
671 619 25 25 a
715 606 80 40 line
814 606 46 39 of
880 607 194 46 conduct,
1113 607 129 39 which
1251 604 4 56 •
1265 608 289 40 immortalised

207 671 215 46 HAMDEN,
445 672 206 41 RUSSELL,
671 666 81 40 and
782 670 197 44 SYDNEY;
1012 669 126 39 which
1160 670 118 39 made
1298 669 257 54 Englishmen

207 731 113 40 what
334 731 92 53 they
443 744 165 34 are,—a
620 730 142 40 nation
777 729 47 40 of
836 729 343 45 freemen,—does
1193 737 73 33 not
1279 731 162 39 deserve
1455 732 102 40 their

207 794 163 52 highest
383 794 213 53 gratitude
612 794 77 40 and
712 791 214 56 applause?
959 793 85 37 The
1064 791 138 51 public
1219 791 130 50 voice,
1369 807 41 26 as
1424 793 61 40 far
1509 807 46 27 as

208 854 33 40 it
255 855 74 39 has
351 855 103 39 been
474 855 229 47 consulted,
742 856 71 39 has
831 853 210 56 expressed
1061 853 111 41 itself
1185 855 202 52 distinctly
1404 868 53 26 on
1475 855 79 39 this

207 917 185 52 subject;
422 918 98 46 and,
541 918 31 38 it
592 919 31 38 is
643 922 43 34 to
705 919 50 39 be
775 918 146 53 hoped,
944 917 91 40 that
1055 915 71 40 the
1139 917 261 53 enlightened
1419 930 110 27 exam-

207 978 85 54 ple,
313 984 59 34 set
391 979 51 53 by
468 979 274 52 Canterbury,
761 972 242 53 Rochester,
1028 980 298 47 Westminster,
1356 979 78 39 and
1455 981 77 37 Lon-

209 1042 100 46 don,
337 1039 80 39 will
436 1041 135 39 excite
598 1054 24 26 a
643 1042 159 53 worthy
823 1042 113 53 spirit
957 1041 51 41 of
1019 1042 230 43 emulation
1271 1044 39 39 in
1326 1057 123 39 every
1466 1048 90 48 part

210 1103 53 39 of
278 1103 72 39 the
370 1102 148 40 United
535 1103 223 50 Kingdom.

263 1227 78 38 We
360 1224 105 41 have
482 1224 180 40 received
683 1224 256 54 intelligence
960 1227 105 41 From
1100 1228 118 52 Spain
1241 1228 74 39 and
1338 1230 213 48 Tortugal.

213 1278 131 40 These
363 1284 195 33 accounts
576 1277 171 40 confirm
772 1279 66 39 the
857 1279 269 41 insurrection
1149 1283 37 35 in
1211 1281 70 39 the
1300 1285 191 50 province
1512 1283 47 39 of

215 1331 187 46 GaMelo,
430 1330 133 39 which
587 1330 27 37 is
631 1330 165 53 already
820 1331 169 40 become
1005 1348 43 25 so
1069 1333 243 39 formidable
1343 1341 43 33 to
1407 1336 69 37 the
1496 1337 35 37 in-

210 1383 159 45 vaders,
402 1383 87 39 that
506 1395 52 25 an
578 1383 126 39 entire
724 1397 119 38 corps
859 1384 30 38 is
904 1387 231 50 constantly
1162 1388 196 51 occupied
1378 1388 171 39 without

211 1435 123 39 effect
353 1439 37 35 in
410 1435 224 52 repressing
654 1435 45 39 it.
762 1437 83 38 The
866 1440 203 43 MARQUIS
1091 1439 47 40 of
1156 1442 191 38 RomANA
1381 1441 69 37 has
1469 1441 60 38 col-

211 1488 128 40 lected
361 1501 21 25 a
402 1487 276 40 considerable
698 1487 129 46 force,
847 1493 242 50 amounting
1109 1493 30 37 it
1170 1493 32 37 is
1222 1494 100 40 said,
1344 1499 43 32 to
1406 1498 146 40 30,000

214 1553 109 31 znen,
344 1553 51 25 on
416 1540 69 39 the
507 1539 190 40 frontiers
717 1540 51 39 of
784 1540 84 40 that
891 1541 209 51 province,
1137 1545 133 38 where
1292 1545 50 38 he
1359 1546 28 37 is
1408 1546 118 39 enthu-

211 1591 214 53 s:astically
461 1591 137 46 loved,
628 1593 79 38 and
742 1593 63 38 his
822 1593 138 54 family
980 1609 146 38 possess
1147 1603 119 45 great
1287 1598 209 39 influence.

265 1649 37 37 A
335 1644 164 52 Spanish
535 1645 215 46 schooner,
785 1645 65 39 the
879 1649 259 45 Constancia,
1167 1650 129 38 which
1329 1651 156 38 arrived
1509 1656 40 33 at

211 1696 217 40 Falmouth
444 1696 109 39 from
573 1698 122 50 Gijon
713 1706 170 44 reports,
904 1701 91 38 that
1009 1702 67 38 the
1095 1704 180 48 Marquis
1289 1717 52 24 DE
1361 1704 187 37 HirSIANA

207 1750 76 40 has
301 1750 80 38 had
400 1761 52 27 an
481 1749 136 40 action
638 1750 97 38 with
756 1753 69 37 the
860 1754 171 47 French,
1070 1755 77 38 and
1172 1755 135 39 taken
1336 1760 102 33 1500
1466 1755 60 53 pri-

213 1815 157 27 soners.

265 1856 90 39 The
389 1859 198 35 accounts
619 1854 110 39 from
764 1857 180 40 Asturias
976 1870 66 27 are
1064 1858 76 40 still
1162 1872 116 26 more
1296 1859 250 39 favourable.

208 1907 135 40 These
357 1906 109 53 loyal
481 1907 80 38 and
583 1907 171 52 intrepid
774 1911 312 46 Mountaineers,
1108 1912 85 39 into
1211 1911 133 40 whose
1361 1913 189 48 province

206 1962 76 40 the
299 1972 145 38 enemy
459 1972 125 26 never
601 1961 124 39 dared
742 1967 44 32 to
807 1968 220 44 penetrate,
1046 1964 104 39 have
1169 1965 213 51 organised
1402 1978 24 25 a
1440 1965 110 39 force

213 2015 51 39 of
291 2023 102 30 near
423 2016 154 40 40,000
614 2026 107 33 men,
754 2014 92 39 with
880 2015 145 46 which,
1055 2014 221 54 accordi►►g
1310 2022 45 33 to
1391 2016 67 39 the
1479 2017 71 39 last

211 2068 211 43 accounts,
452 2063 100 52 they
573 2076 66 28 are
658 2066 215 52 preparing
892 2072 45 33 to
956 2073 66 34 act
1039 2068 239 52 offensively
1298 2068 159 52 against
1483 2070 67 39 the

213 2131 149 38 enemy
379 2118 37 37 in
438 2117 188 39 Callicia.

267 2173 90 35 Vie
392 2169 73 40 last
487 2169 168 39 arrivals
684 2169 107 39 from
830 2171 213 52 Portugal,
1078 2172 123 51 speak
1234 2172 38 39 in
1299 2173 70 38 the
1389 2172 161 54 highest

213 2224 133 51 praise
363 2222 132 39 ofkthe
513 2222 240 45 resolution,
777 2224 76 38 and
878 2225 248 39 enthusiasm
1142 2225 211 52 prevalent
1370 2228 39 37 in
1428 2239 120 40 every

215 2281 99 46 part
335 2275 48 39 of
399 2274 90 40 that
507 2275 216 51 kingdom.

2640 100 221 61 APRIL
2910 113 52 57 P.

1623 248 96 26 ever
1761 236 154 41 forced•
1946 244 43 33 to
2031 240 105 51 yield
2178 243 45 35 to
2265 241 243 52 superiority
2556 242 50 38 of
2646 241 189 41 numbers
2883 241 81 38 and

1625 301 177 39 pressure
1854 291 50 39 of
1933 293 327 45 circumstances,
2303 294 94 50 they
2446 294 105 38 have
2595 292 214 53 signalised
2855 293 110 38 their

1623 341 283 40 embarkation
1929 344 51 40 by
2015 359 52 25 an
2100 346 150 44 action,
2283 345 129 39 which
2450 346 157 39 reflects
2642 344 208 41 immortal
2883 345 52 39 ho-

1623 406 104 27 nour
1760 409 56 27 on
1850 397 105 39 their
1983 398 190 52 bravery,
2211 398 200 52 patience,
2441 398 80 38 and
2557 398 224 52 discipline.
2837 398 128 38 Their

1624 446 187 48 conduct,
1854 464 53 24 on
1959 451 91 39 that
2101 450 249 40 memorable
2399 451 206 44 oecasion,
2657 450 180 50 justifies
2889 451 70 38 the

1625 506 102 33 most
1741 503 143 39 ardent
1905 503 123 52 hopes
2061 516 59 25 we
2143 516 90 39 may
2254 494 270 48 eutertaiu'of
2554 503 103 39 their
2676 503 141 39 future
2836 515 98 26 exer-

1622 552 118 40 tions.
1796 555 113 52 They
1943 568 70 26 arc
2039 555 129 52 going
2203 561 44 33 to
2280 568 216 39 re-appear
2515 568 53 26 on
2596 555 67 39 the
2685 555 215 39 Continent
2920 556 41 38 in

1622 611 167 47 support
1825 607 51 39 of
1898 607 102 39 their
2031 612 208 48 country's
2276 608 255 51 reputation,
2561 607 39 39 in
2630 607 169 39 defence
2829 607 48 39 of
2900 607 40 39 in-

1607 659 1 54 '
1615 659 118 47 jured
1761 659 230 52 humanity,
2040 660 126 39 under
2197 661 182 52 auspices
2411 660 70 38 the
2518 665 103 33 most
2656 659 302 52 encouraging,

1625 710 93 39 with
1739 711 274 40 inducements
2047 718 45 33 to
2128 713 135 39 action
2301 715 71 38 the
2405 718 106 33 most
2531 712 182 51 binding,
2745 711 90 39 that
2862 724 41 26 es
2915 724 46 25 er

1622 768 145 34 nerved
1805 764 70 39 the
1906 777 100 33 arm,
2036 778 48 25 or
2118 767 128 38 raised
2275 765 71 39 the
2376 767 235 38 confidence
2647 764 59 45 of,
2738 777 25 25 a
2789 763 164 39 soldier.

1625 816 207 39 Exclusive
1848 816 51 40 of
1912 816 180 40 national
2112 817 180 51 injuries,
2320 819 93 51 they
2435 817 104 40 have
2558 815 221 40 individual
2800 828 164 40 wrongs

1622 873 44 33 to
1685 872 315 50 revenge;—the
2021 872 96 38 base
2134 870 220 39 calumnies
2373 870 130 39 which
2537 870 69 39 the
2636 881 149 39 enemy
2824 868 112 39 circu-

1623 919 104 40 lated
1746 921 105 39 after
1867 922 103 39 their
1990 922 234 53 departure,
2256 927 107 35 must
2381 922 50 39 be
2454 922 158 39 washed
2634 933 115 40 away
2772 920 96 39 with
2888 920 73 41 the

1624 972 119 39 blood
1765 976 47 37 of
1834 974 106 40 their
1958 976 302 41 calumniators.
2319 974 126 40 Their
2459 987 176 41 prowess
2654 977 31 37 is
2699 987 90 25 now
2809 974 150 39 known

1623 1031 61 41 to,
1713 1028 76 39 and
1819 1029 315 51 acknowledged
2172 1029 71 51 by,
2270 1029 89 39 foes
2387 1031 78 37 and
2496 1028 131 45 allies;
2673 1028 30 38 it
2739 1026 80 40 will
2852 1026 106 41 raise

1628 1080 66 39 the
1713 1094 176 40 courage
1909 1083 73 39 and
2003 1083 151 39 ardour
2174 1083 47 38 of
2249 1082 64 45 the
2333 1095 93 33 one,
2457 1096 44 25 as
2533 1083 31 39 it
2590 1081 78 40 will
2691 1082 117 51 panic
2826 1080 129 40 strike

1625 1133 69 38 the
1713 1133 164 41 former.
1935 1135 129 39 These
2100 1135 278 39 observations
2412 1148 69 26 are
2513 1148 41 26 as
2590 1134 102 40 little
2728 1134 71 39 the
2835 1133 124 40 ell'ect

1622 1186 52 39 of
1693 1187 242 40 enthusiasm
1980 1202 43 25 as
2072 1188 52 39 of
2157 1188 268 39 declamation
2446 1205 12 28 ;
2518 1187 103 40 their
2655 1187 154 48 justice
2845 1191 107 35 must

1622 1239 48 38 be
1715 1240 315 52 acknowledged
2072 1241 50 51 by
2171 1254 123 39 every
2344 1240 203 52 impartial
2600 1240 78 38 and
2728 1238 229 52 intelligent

1620 1292 187 39 observer
1854 1294 51 37 of
1961 1294 70 38 the
2059 1310 7 4 -
2087 1294 143 39 British
2278 1292 227 40 character.
2578 1293 85 38 The
2706 1290 148 53 people
2907 1292 52 38 of

1618 1345 69 37 the
1723 1346 139 38 United
1898 1345 207 52 Kingdom
2137 1359 71 26 are
2242 1348 230 50 supremely
2507 1344 194 52 qualified
2746 1343 66 38 for
2852 1357 100 32 war,

1618 1396 78 39 and
1729 1397 64 38 for
1825 1398 71 39 the
1922 1403 213 35 execution
2169 1398 48 38 of
2258 1400 242 50 enterprises
2533 1411 50 24 on
2621 1410 25 25 a
2675 1396 113 52 large
2829 1396 122 39 scale.

1618 1450 84 37 Our
1731 1448 78 40 late
1844 1463 185 31 reverses,
2060 1452 71 39 the
2161 1450 138 40 effects
2320 1450 50 38 of
2400 1452 279 50 inexperience
2700 1448 77 39 and
2794 1448 45 39 of
2855 1460 102 27 over

1616 1501 182 39 cautious
1818 1504 148 51 policy,
1985 1504 137 39 rather
2134 1504 94 39 than
2251 1519 24 24 a
2294 1502 221 51 deficiency
2539 1502 46 38 of
2591 1501 231 52 judgment,
2845 1501 106 39 have

1618 1553 76 39 had
1714 1554 65 39 the
1801 1556 244 51 advantage,
2079 1557 84 39 that
2194 1571 59 25 we
2287 1570 70 25 arc
2375 1570 87 25 now
2484 1554 240 52 acquainted
2760 1553 92 38 with
2882 1553 72 38 the

1616 1619 131 32 cause,
1779 1606 89 52 why
1899 1623 74 24 our
2004 1610 220 44 exertions,
2255 1618 43 30 as
2331 1623 21 24 a
2372 1607 176 43 military
2580 1611 117 40 state,
2728 1605 104 45 leave
2852 1605 100 39 been

1615 1672 44 24 so
1680 1658 224 41 ineffitclual
1925 1659 63 40 for
2007 1676 112 25 sonic!
2138 1676 130 37 years.
2323 1662 113 39 They
2459 1674 70 24 are
2548 1665 41 32 to
2610 1661 46 37 lie
2678 1658 137 39 traced
2835 1657 118 39 alone

1613 1716 45 32 to
1678 1717 105 32 want
1802 1713 50 38 of
1876 1714 233 39 confidence
2128 1716 76 35 and
2228 1714 294 52 promptitude,
2542 1713 92 43 and,
2666 1713 48 48 by
2739 1723 53 25 no
2816 1722 137 26 means

1613 1768 44 33 to
1680 1775 21 26 a
1720 1769 103 34 want
1843 1766 50 38 of
1905 1766 197 39 sufficient
2131 1780 221 26 resources.
2411 1767 131 37 These
2563 1766 116 41 exit,
2700 1768 48 37 to
2772 1763 65 38 the
2858 1762 60 39 ful-

1615 1814 72 39 lest
1716 1822 154 39 extent,
1904 1818 126 39 which
2053 1832 24 26 a
2092 1820 254 50 community
2374 1817 204 40 animated
2607 1817 91 39 with
2719 1828 118 25 Nlews
2849 1827 103 26 even

1612 1867 51 39 of
1685 1869 65 38 the
1768 1874 103 34 most
1892 1871 197 53 towering
2109 1872 215 45 ambition,
2354 1870 119 39 could
2496 1870 94 38 wish
2610 1869 64 39 for
2692 1869 171 39 towards
2881 1867 72 38 the

1612 1920 216 50 executierl
1865 1922 51 39 of
1941 1923 67 38 the
2039 1930 104 33 most
2164 1924 182 53 gigantic
2382 1924 281 50 projects.—A
2699 1918 244 56 pdpulation

1613 1975 197 48 po;scsael
1832 1974 51 39 of
1913 1976 185 40 robuster
2119 1977 137 39 bodies
2275 1976 77 39 and
2388 1988 111 26 more
2530 1976 167 50 capabic
2731 1972 50 39 of
2804 1971 122 39 endur-

1613 2024 71 50 ing
1702 2027 220 52 hardships,
1950 2029 96 39 than
2067 2042 78 28 any
2165 2029 117 39 other
2301 2042 90 25 now
2412 2028 176 51 existing
2604 2040 87 32 es-a
2705 2024 243 51 superfluity

1616 2076 51 39 of
1675 2078 51 39 all
1744 2080 64 37 the
1820 2079 253 51 implements
2092 2081 46 39 of
2150 2094 213 32 war;—an
2385 2080 148 39 almost
2551 2075 296 41 inexheustible
2868 2091 63 38 sys-

1616 2135 83 33 tem
1716 2131 45 38 of
1775 2132 257 45 finance;—a
2059 2140 159 44 greater
2241 2134 146 51 vigour
2406 2133 48 38 of
2466 2132 128 45 mind,
2621 2132 74 38 and
2719 2144 25 25 a
2761 2135 189 45 stronger

1617 2183 249 39 attachment
1904 2189 43 34 to
1967 2185 69 39 the
2063 2186 73 38 soil
2157 2185 77 39 and
2270 2186 48 38 its
2339 2185 428 44 institutions,—these
2793 2194 65 26 arc
2878 2183 47 35 ad-

1618 2241 188 45 vantages
1819 2250 60 25 we
1899 2250 150 38 possoes
2069 2238 38 39 in
2126 2251 20 26 a
2160 2237 143 53 higher
2319 2238 163 52 degree,
2503 2238 98 38 than
2621 2248 74 41 any
2718 2236 118 39 other
2854 2246 72 40 peo-

1618 2287 65 53 ple
1700 2301 105 38 upon
1819 2290 133 37 earth.

1669 2342 85 40 Any
1775 2353 94 27 man
1890 2342 89 39 who
2011 2342 30 39 is
2080 2343 38 38 in
2137 2343 67 38 the
2233 2342 113 39 habit
2367 2341 48 39 of
2447 2341 208 52 reflecting
2675 2354 50 26 on
2750 2339 78 39 this
2848 2339 73 38 sub-

1611 2394 104 47 ject,
1739 2398 103 33 must
1865 2394 47 39 be
1929 2396 220 38 convinced
2170 2396 90 38 that
2291 2395 35 38 if
2353 2394 80 39 this
2452 2400 172 46 country
2648 2394 92 51 play
2764 2407 25 24 a
2807 2393 118 37 subor-

1612 2446 138 38 einate
1772 2451 89 46 part
1881 2446 39 39 in
1949 2447 67 38 the
2037 2447 132 39 affairs
2207 2445 50 41 of
2281 2446 69 39 the
2385 2446 142 46 world,
2562 2446 77 38 this
2672 2446 209 38 weakness
2915 2443 32 39 is

1610 2503 78 32 snot
1708 2511 22 25 a
1749 2510 275 40 consequence
2046 2499 50 39 of
2122 2500 66 38 the
2219 2498 269 53 insui;iciency
2509 2498 52 39 of
2591 2511 74 26 our
2688 2510 152 31 means,
2875 2497 77 38 hut

1617 2548 50 38 of
1695 2551 65 37 the
1779 2550 287 41 unskilfulness
2098 2554 92 38 with
2215 2551 128 39 which
2366 2551 92 39 they
2481 2564 69 26 are
2570 2551 164 39 wielded
2766 2550 76 38 and
2862 2562 59 25 em-

1618 2601 157 52 ployed.
1832 2604 76 38 We
1943 2603 92 39 love
2073 2604 70 40 the
2180 2607 185 37 interests
2402 2593 48 50 of
2474 2617 77 25 our
2583 2609 171 45 country
2777 2608 71 32 too
2887 2615 45 25 ar-

1617 2654 151 53 dently,
1812 2661 45 33 to
1892 2655 255 53 intermingle
2179 2657 37 38 in
2250 2669 79 27 any
2379 2655 281 39 observations
2704 2653 170 53 tending
2903 2659 46 33 to

1618 2713 184 46 promote
1848 2707 91 39 that
1983 2711 154 48 object,
2169 2701 183 47 remarks
2379 2708 219 51 breathing
2642 2721 24 25 a
2709 2712 118 47 party
2874 2707 60 51 spi-

1619 2760 67 38 rit.
1743 2763 33 35 It
1812 2759 31 39 is
1872 2760 194 53 perfectly
2105 2763 227 39 indifferent
2360 2766 44 32 to
2452 2774 44 25 us
2542 2761 107 37 what
2695 2772 93 26 men
2818 2759 106 38 admi-

1618 2812 120 40 nister
1779 2813 47 38 its
1863 2812 354 41 affairs—Foxites
2256 2828 46 24 or
2334 2812 350 52 Pittites—Whigs
2724 2824 50 27 or
2812 2812 143 38 Tories

1616 2864 144 43 —they
1801 2864 80 39 will
1929 2865 103 38 have
2072 2881 74 25 our
2194 2872 104 33 must
2329 2865 209 39 unlimited
2578 2864 250 44 confidence,
2871 2863 80 39 and

1619 2915 162 51 humble
1800 2922 187 46 support,
2008 2919 37 38 if
2059 2919 93 51 they
2173 2920 233 37 administer
2427 2919 110 38 them
2561 2923 40 32 to
2621 2919 50 37 its
2692 2917 163 38 honour
2874 2917 79 38 and

1619 2968 242 52 advantage.
1918 2969 86 38 The
2027 2972 219 45 Ministers,
2277 2972 188 38 whoever
2503 2970 92 50 they
2620 2970 63 44 be,
2714 2969 91 38 that
2824 2968 130 52 adopt

1619 3033 200 26 measures
1838 3021 220 39 consistent
2076 3024 93 38 with
2199 3037 74 25 our
2295 3025 87 37 best
2402 3022 74 39 and
2500 3027 105 32 most
2626 3026 236 48 permanent
2894 3022 40 37 in-

1619 3079 149 56 terests,
1791 3073 119 46 have,
1931 3073 103 39 from
2066 3076 91 39 that
2176 3079 201 41 moment,
2406 3087 25 26 a
2451 3089 18 24 r
2473 3097 18 8 s
2492 3077 11 51 ie
2504 3074 57 38 rht
2588 3080 43 32 to
2652 3074 69 38 the
2741 3074 211 51 gratitude

1642 3124 50 39 lid
1721 3131 169 46 support
1922 3126 48 38 of
2001 3128 105 39 their
2143 3133 283 34 countrymen.
2505 3128 327 43 Pusillanimous,
2872 3126 78 39 arid

1617 3190 104 26 avers
1743 3183 67 34 too
1838 3180 187 38 cautions
2046 3181 131 52 policy
2200 3195 124 25 never
2346 3181 215 51 procured,
2591 3194 40 24 as
2660 3182 64 35 far
2745 3193 44 24 as
2804 3193 57 26 we
2878 3193 78 26 cam.

1619 3229 198 46 recollect,
1841 3233 47 37 ad
1898 3237 174 44 vantaea!
2088 3239 43 32 to
2152 3247 76 38 any
2246 3239 187 45 country.
2467 3235 44 35 In
2532 3246 22 24 a
2575 3234 234 47 daneerous
2828 3233 125 45 crisis,

1620 3281 31 38 it
1691 3295 90 39 may
1808 3283 107 38 have
1948 3285 183 39 deferred
2170 3286 69 39 the
2270 3286 278 51 catastrophe,
2577 3287 72 37 but
2676 3285 191 39 rendered
2909 3287 46 41 it,

1622 3333 109 39 ‘vhen
1763 3339 28 33 it.
1826 3338 276 50 approached,
2144 3352 110 25 ne*
2294 3338 287 45 unavoidable,
2620 3338 76 38 and
2734 3339 51 35 its
2816 3350 115 26 conse-

1617 3398 170 38 quences
1811 3402 113 25 more
1955 3389 272 39 irretrievahk
2251 3407 9 27 ;
2294 3391 176 39 whereas
2489 3404 25 25 a
2533 3390 73 40 full
2629 3390 154 52 display
2819 3391 48 39 of
2895 3392 40 37 vi-

1617 3451 119 37 gour,
1759 3441 217 51 bordering
1996 3456 52 24 on
2067 3445 208 50 temerity,
2296 3444 70 38 has
2385 3444 120 39 saved
2529 3443 256 44 individuals,
2806 3455 41 26 as
2870 3444 89 38 well

1618 3503 43 26 as
1700 3493 170 44 nations,
1903 3494 104 38 from
2046 3496 214 38 situations
2291 3496 240 51 apparently
2569 3496 223 52 desperate.
2861 3498 44 35 In
2933 3509 26 25 a

1619 3555 237 39 prosperous
1879 3553 175 32 moment
2075 3548 30 38 it
2122 3548 119 38 hiasts
2255 3561 120 40 every
2399 3548 230 51 advantage
2649 3548 48 38 of
2706 3549 70 37 the
2790 3548 142 39 favour-

1618 3595 90 38 able
1722 3601 193 45 junctere
1930 3615 11 26 ;
1974 3599 92 46 and,
2100 3601 37 37 in
2156 3602 189 51 ordinary
2370 3602 117 38 times
2517 3602 31 37 iL
2575 3601 178 39 confines
2773 3614 24 24 a
2817 3601 141 38 nation

1620 3648 137 38 within
1778 3664 22 25 a
1820 3664 159 26 narrow
2007 3652 137 45 eirde,
2166 3653 125 39 which
2315 3659 219 37 contracte,
2556 3665 118 39 every
2698 3664 115 41 year,
2831 3652 130 40 closer

1617 3700 77 38 and
1713 3700 124 41 closer
1854 3704 149 45 ;—for,
2027 3705 38 38 in
2087 3719 77 24 our
2185 3705 141 46 world,
2350 3705 174 53 nothing
2546 3709 30 35 is
2595 3705 227 52 stationary
2839 3722 12 28 ;
2883 3718 50 39 po-

1618 3751 139 48 litical,
1779 3768 41 25 as
1841 3757 87 38 well
1951 3770 41 24 us
2029 3757 159 39 natural
2226 3757 262 53 philosophy,
2528 3758 161 38 teaches
2709 3770 45 26 us
2774 3757 69 39 the
2863 3757 96 39 laws

1618 3807 50 35 of
1684 3808 150 40 motion
1852 3809 137 45 ;—the
2011 3813 113 37 State
2144 3810 124 39 which
2300 3816 98 35 does
2428 3816 74 33 not
2532 3811 196 45 advance,
2765 3816 105 33 must
2889 3809 72 41 fall

1619 3859 118 37 hack.

1674 3911 39 38 If
1726 3912 74 39 this
1820 3914 191 52 princip!e
2039 3915 52 38 I►e
2120 3918 102 47 just,
2252 3918 70 37 the
2343 3928 176 38 urgency
2543 3915 51 40 of
2619 3928 113 27 more
2764 3914 202 53 vigorous

1616 3966 203 37 exertions
1852 3966 77 39 will
1963 3969 48 37 be
2046 3969 279 52 immediately
2354 3970 250 50 recognised.
2662 3966 43 56 Al
2726 3966 22 56 4
2770 3966 194 56 auxiliary

1616 4016 117 39 force
1750 4018 202 44 430,000
1970 4033 104 31 melt,
2095 4036 58 25 we
2169 4022 120 51 hope,
2311 4024 30 37 is
2360 4037 52 22 no
2427 4036 113 25 more
2555 4023 94 38 than
2667 4023 69 38 the
2757 4023 207 40 advanced

1615 4070 131 50 guard
1766 4070 47 38 of
1827 4084 22 25 a
1871 4071 242 41 formidnble
2151 4088 113 25 arms
2287 4093 11 26 ;
2335 4076 130 38 whose
2497 4088 188 39 presence
2706 4077 38 34 in
2776 4088 77 38 any
2871 4081 94 45 part

1616 4122 50 35 of
1681 4122 69 39 the
1769 4123 230 50 Continent,
2029 4128 70 37 the
2135 4129 151 44 Tagus,
2317 4142 47 25 or
2394 4129 71 38 the
2498 4128 298 43 Erns,—would
2820 4129 145 51 justify

1618 4174 69 40 .he
1707 4176 164 51 opiniou
1896 4191 57 27 we
1981 4179 201 41 entertain
2216 4182 48 38 of
2281 4182 69 39 the
2368 4187 119 46 great
2524 4181 249 52 advantages
2790 4181 41 39 of
2850 4194 117 26 ener•

494 2380 338 40 EXPEDITION
863 2385 69 35 TO
965 2383 309 38 PORTUGAL.

267 2445 111 40 That
403 2447 230 51 prominent
652 2446 162 39 feature
841 2447 47 38 of
906 2448 148 51 vigour
1074 2451 74 37 and
1182 2450 191 46 decision,
1404 2451 145 46 which,

214 2493 149 57 during
391 2511 43 26 so
462 2511 120 39 many
604 2499 197 38 centuries
834 2500 289 39 characterised
1148 2503 142 39 British
1313 2505 149 51 policy,
1485 2505 43 39 be-

211 2551 92 52 gins
319 2556 44 34 to
385 2551 188 38 manifest
608 2551 111 39 itself
742 2551 39 39 in
809 2551 65 38 the
906 2564 201 28 measures
1127 2555 50 39 of
1205 2557 347 39 Government.—

213 2603 185 39 Another
415 2603 144 39 British
582 2603 139 52 Army,
752 2604 221 53 conducted
993 2606 48 51 by
1064 2607 67 38 the
1153 2620 93 26 miin
1273 2609 90 38 who
1385 2616 144 32 re-esta-

210 2654 158 40 blished
386 2654 69 40 the
488 2654 175 53 military
694 2656 230 51 reputation
954 2657 48 38 of
1028 2657 57 39 his
1102 2665 174 46 cc:wary
1296 2667 41 32 at
1362 2661 188 47 Vimiera,

213 2707 34 39 is
263 2707 216 52 preparing
500 2712 45 34 to
570 2720 129 26 crown
723 2709 69 37 the
810 2708 178 39 national
1005 2712 128 38 ,brow
1165 2713 94 38 with
1279 2726 86 26 new
1391 2714 158 39 laurels.

213 2759 91 39 The
321 2759 254 39 nomination
608 2760 48 38 of
679 2761 60 37 Sir
775 2763 28 35 A
813 2776 109 25 RTUU
932 2777 25 22 a
987 2765 254 39 Wfr:LLESLEV
1266 2771 43 33 to
1343 2766 70 39 the
1444 2767 111 39 chief

213 2812 217 39 command
458 2811 50 39 of
533 2825 24 26 a
578 2811 123 46 force,
729 2811 132 41 whose
892 2816 233 50 operations
1143 2830 70 25 arc
1232 2831 44 24 so
1316 2818 235 52 important,

209 2869 110 34 must
337 2864 219 39 command
576 2877 76 26 one
689 2865 239 39 unanimous
959 2868 213 39 sentiment
1204 2870 46 37 of
1267 2872 282 48 approbation.

210 2916 89 39 The
318 2915 182 53 celerity,
530 2916 198 46 boldness,
761 2920 74 37 and
865 2931 187 38 presence
1070 2921 50 38 of
1136 2922 106 38 mind
1279 2922 50 38 he
1348 2924 202 51 ihsplaved

208 2968 148 53 during
376 2968 69 39 the
462 2970 115 37 short
596 2970 97 38 time
715 2972 51 37 be
797 2973 265 38 commanded
1083 2974 37 38 in
1155 2975 214 51 Portugal,
1397 2978 154 52 qualify

210 3020 100 46 him,
343 3034 112 26 more
476 3021 97 38 than
608 3035 76 37 any
713 3024 122 38 other
863 3024 148 39 Officer
1048 3026 35 38 in
1120 3040 78 25 our
1227 3028 167 44 service,
1422 3034 44 33 to
1486 3031 45 38 de-

209 3073 161 52 velope,
416 3079 44 33 to
491 3073 107 40 their
628 3073 74 40 full
741 3080 152 40 extent,
925 3079 71 37 the
1032 3092 206 25 resources
1276 3080 47 38 of
1367 3081 70 38 the
1469 3084 64 38 Bri-

210 3124 80 40 tish
331 3126 227 38 character.
631 3128 99 39 This
782 3128 154 52 gallant
981 3130 143 40 Officer
1176 3131 28 38 is
1245 3135 216 50 preparing
1511 3141 40 33 to

210 3183 61 34 set
311 3183 76 34 out
412 3178 65 38 for
515 3178 214 47 Portugal,
777 3181 130 39 where
938 3195 25 25 a
996 3183 143 38 Ecitish
1172 3184 113 38 force
1316 3185 47 37 of
1413 3191 141 41 18,001)

209 3242 96 27 men
340 3230 31 38 is
399 3229 167 53 already
601 3231 211 46 collected,
844 3234 130 39 which
1016 3235 30 38 is
1074 3242 44 32 to
1148 3235 50 39 be
1239 3237 142 47 joined
1413 3241 110 37 imme-

208 3281 155 54 diately
409 3282 52 52 by
507 3287 120 44 6,000
681 3285 163 51 cavalry
892 3287 78 38 and
1005 3288 126 39 about
1172 3294 144 39 13,000
1357 3291 193 51 infantry,

208 3335 96 40 who
325 3347 71 27 are
431 3335 130 39 under
582 3337 136 39 orders
751 3339 65 37 for
836 3339 231 40 immediate
1104 3340 306 41 embarkation.
1468 3345 85 38 The

208 3393 167 57 present
409 3389 196 39 situation
635 3389 48 38 of
709 3391 69 38 the
809 3392 216 39 Continent
1065 3394 158 37 renders
1257 3396 78 37 this
1370 3409 183 27 measure

208 3441 266 52 imperiously
497 3444 308 48 urgent.—The
826 3443 137 39 efforts
984 3445 48 38 of
1048 3445 67 38 the
1139 3448 253 48 Portuguese
1414 3451 136 37 nation

207 3495 81 39 and
313 3496 279 37 Government
612 3509 12 27 ;
654 3495 69 37 the
745 3497 222 38 renovated
984 3510 149 30 enerry
1154 3498 51 38 of
1220 3503 8 32 I
1240 3500 48 38 lie
1312 3502 237 50 Spaniards:

207 3546 72 40 the
301 3547 198 50 vigorous
520 3546 344 41 demonstrations
883 3549 48 38 of
959 3552 175 37 Austria.
1165 3553 76 37 and
1273 3552 69 39 the
1375 3555 178 39 arduous

203 3599 235 41 difficulties
474 3599 52 39 of
547 3599 74 39 her
657 3601 209 45 situation,
911 3601 163 39 enforce
1111 3606 67 37 the
1222 3607 248 48 expediency
1509 3608 47 38 of

202 3652 155 41 British
377 3651 304 52 co-operation.
741 3653 130 39 There
892 3653 30 39 is
950 3659 74 33 not
1044 3669 47 24 an
1113 3656 223 40 individual
1357 3672 44 25 so
1433 3659 94 39 indif-

201 3705 137 40 ferent
356 3709 45 34 to
419 3704 70 40 the
510 3704 162 51 general
691 3705 178 46 interest,
891 3719 45 26 so
950 3707 197 39 absorbed
1168 3709 37 37 in
1224 3710 70 38 the
1310 3724 109 25 mere
1433 3713 118 38 views

201 3757 53 41 of
275 3770 26 27 a
331 3762 135 48 party,
487 3757 94 38 who
604 3763 105 33 must
729 3763 74 33 not
823 3758 74 38 feel
928 3771 113 26 more
1061 3759 208 40 satisfacti
1269 3759 43 40 on
1335 3765 18 37 i
1352 3765 19 37 n
1393 3764 45 39 th
1437 3764 24 39 e
1480 3765 22 38 h
1502 3765 22 38 o
1525 3765 24 38 .

200 3822 124 34 pour,
345 3810 99 39 than
465 3809 40 39 in
534 3809 71 39 the
624 3809 152 52 infamy
800 3810 47 39 of
870 3814 59 35 his
948 3819 185 45 country.
1198 3816 128 44 Every
1350 3816 194 53 principle

200 3862 53 41 of
275 3865 185 44 interest,
480 3874 45 27 as
542 3861 89 40 well
669 3875 43 26 as
731 3862 135 52 glory,
898 3867 255 38 recommend
1176 3880 22 24 a
1221 3881 112 26 more
1357 3869 193 51 vigorous

198 3917 158 53 display
376 3915 51 40 of
448 3915 73 39 the
555 3914 182 39 national
780 3928 220 32 resources,
1033 3918 93 39 than
1150 3920 71 38 has
1244 3920 99 39 been
1364 3921 119 50 given
1505 3926 48 37 of

197 3969 99 41 late.
357 3972 111 37 Even
482 3969 240 39 .detrldiou
746 3969 78 38 will
859 3974 71 33 not
950 3971 96 38 dare
1081 3971 201 40 insinuate
1303 3986 21 25 a
1355 3976 130 38 doubt
1505 3978 47 37 of

197 4025 73 38 the
305 4023 254 52 superiority
598 4023 50 38 of
679 4036 79 28 our
795 4020 162 54 soldiers
974 4024 161 51 ;—they
1172 4037 69 26 are
1273 4039 120 39 every
1436 4030 94 50 thing-

195 4077 136 39 which
370 4076 70 40 the
480 4076 154 50 patriot
667 4088 74 25 cart
781 4074 109 39 wish.
950 4076 86 37 The
1056 4083 170 44 country
1251 4078 71 38 has
1355 4080 98 40 been
1478 4083 46 39 ho-

194 4129 157 40 nour.,l
383 4129 51 40 by
470 4129 110 43 their
618 4127 177 52 exploits
833 4129 35 35 in
908 4127 195 45 Portms;al
1143 4129 74 38 and
1273 4131 117 51 selin
1413 4150 9 26 ;
1472 4136 73 38 and

196 4182 209 41 wheuver
438 4182 59 51 haa
497 4182 19 51 -
516 4182 141 51 dshi:is
693 4182 93 51 they
830 4194 89 39 may
963 4181 105 39 lia:Lt
1100 4183 216 46 sustained,
1355 4200 46 25 ur
1439 4187 107 40 hoc,

213 102 106 53 21$

3230 4126 26 79 711
3256 4126 19 79 -
