3224 4453
197 46 216 60 APRIL
448 47 51 47 2.

200 183 135 33 tatives
361 176 46 35 of
431 176 64 34 the
527 176 145 45 People
705 183 39 26 at
770 176 102 43 large
887 176 172 44 ?—(lnad
1080 180 214 41 applause).
1348 178 85 34 Had
1461 180 64 38 the

201 229 131 38 'louse
348 227 45 32 of
420 227 210 33 Commons.
646 224 92 34 been
755 224 195 44 composed
970 223 43 34 of
1031 235 26 24 a
1083 226 287 45 representation
1395 227 45 34 of
1463 228 63 33 the

200 275 155 46 people,
385 274 45 33 he
450 282 72 24 was
541 274 207 44 persuaded
770 273 83 33 that
875 274 73 32 Mr.
974 272 163 41 Wardle,
1162 283 39 22 so
1220 273 58 34 far
1305 273 93 34 from
1420 275 110 38 being

201 324 67 35 left
289 325 34 31 in
341 333 24 21 a
383 320 196 45 minority,
609 319 124 34 would
752 320 93 32 have
869 320 144 33 carried
1032 320 54 34 his
1104 320 135 33 motion
1259 321 265 44 unanimously.

206 371 112 35 After
333 370 138 44 paying
487 378 100 24 some
607 367 85 43 high
713 367 253 44 compliments
985 373 39 30 to
1041 370 71 33 Mr.
1130 370 143 32 Samuel
1291 367 235 44 Whitbread,

202 419 61 37 fiir
283 417 152 33 Francis
457 416 170 40 Illo.dett,
651 416 93 33 Lord
761 416 240 40 Folkestone,
1013 417 58 33 Sir
1089 417 143 33 Samuel
1257 416 180 46 Romilly,
1453 418 72 33 Mr.

202 467 111 34 Cony
321 476 58 26 en,
400 463 59 33 Sir
476 464 163 33 Thomas
658 463 156 40 Torton,
835 463 155 33 General
1013 463 196 44 Ferguson,
1237 463 70 34 and
1337 464 59 34 the
1422 465 106 33 other

206 514 213 34 Gentlemen
444 513 80 32 who
543 510 72 34 had
634 511 201 44 supported
859 511 70 33 Mr.
958 511 146 34 Wardle
1124 513 33 32 in
1176 511 63 34 the
1256 521 125 25 course
1402 511 43 34 of
1467 513 60 34 the

206 562 120 35 Invest
335 561 156 41 lotion,
513 559 44 33 he
575 559 200 34 caoctuded
789 559 92 34 with
896 560 144 45 moving
1057 570 21 22 a
1101 561 109 32 series
1226 559 44 34 of
1280 560 247 33 Resolutions.

254 607 188 35 Resolved
462 607 273 45 unanimously,

255 658 67 33 Ist.
351 654 98 33 That
467 656 60 33 the
547 654 226 34 inhabitants
790 653 44 34 of
847 653 70 34 this
930 653 94 45 city,
1037 653 94 35 from
1144 653 63 35 the
1220 664 117 25 means
1358 653 44 34 of
1416 653 94 35 infor-

206 704 144 35 mation
373 702 122 34 which
522 703 100 33 their
639 703 98 33 local
756 703 172 33 situation
951 703 132 38 affords
1101 704 112 39 them,
1233 703 91 34 have
1339 703 83 40 long
1441 704 91 33 been

207 762 130 25 aware
356 750 43 33 of
424 750 63 33 the
515 750 190 33 existence
723 750 41 32 of
778 750 214 33 scandalous
1019 751 69 32 and
1114 756 151 38 corrupt
1285 750 182 45 practices

208 800 150 33 various
377 797 249 44 departments
646 796 41 33 of
711 797 60 33 the
790 802 112 35 state,
933 797 70 33 and
1023 798 47 40 by
1091 798 61 34 the.
1182 798 76 33 late
1277 796 256 44 investigation

210 848 38 32 in
268 846 64 34 the
352 844 244 35 Honourable
631 844 64 33 the
728 844 125 34 House
885 844 41 34 of
938 847 207 39 Commons,
1179 846 61 33 the
1258 844 77 34 fact
1363 844 61 34 has
1443 844 90 33 been

208 893 109 37 made
327 893 169 33 manifest
515 898 37 28 to
568 902 113 33 !very
703 898 83 39 part
801 893 45 34 c,f
857 892 59 34 the
930 892 137 34 United
1083 893 30 33 K
1123 893 159 44 ingdom.

256 940 64 35 Sd.
350 941 100 33 That
470 939 182 45 Gwillym
674 939 112 44 Lloyd
807 940 162 40 Wardle,
991 939 87 45 Esq.
1096 940 47 44 by
1163 939 56 34 his
1244 939 158 43 singular
1422 939 93 34 intre-

208 990 125 45 pidity
356 989 70 33 nnd
448 989 178 43 integrity
647 989 38 32 in
718 987 202 43 instituting
948 998 46 22 an
1017 987 151 44 Inquiry
1196 987 76 33 into
1291 987 61 32 the
1370 987 164 33 Conduct

211 1037 44 45 Of
272 1037 69 32 His
364 1037 119 43 114,yal
515 1036 180 41 highness
713 1036 58 33 the
796 1036 107 33 Onke
932 1036 43 33 of
991 1036 124 40 York,
1144 1035 69 34 and
1234 1036 48 44 by
1304 1036 231 43 persevering

210 1087 38 32 in
266 1087 83 32 that
373 1083 171 45 Inquiry,
566 1083 34 33 in
627 1082 97 46 spite
743 1082 41 33 of
797 1082 61 34 the
875 1088 156 38 greatest
1050 1082 204 34 difficulties
1271 1082 69 35 and
1364 1082 63 33 the
1443 1088 93 27 most

210 1133 227 34 formidable
455 1133 327 38 discouragement,
816 1131 65 34 has
909 1130 171 33 rendered
1110 1141 45 22 an
1179 1130 200 44 impoctant
1396 1129 142 33 service

214 1186 40 27 to
267 1180 58 34 his
344 1186 172 35 country,
528 1179 71 33 and
620 1180 123 32 merits
761 1179 65 34 tke
841 1178 158 45 grateful
1020 1178 130 35 thanks
1176 1178 70 34 and
1274 1180 170 33 warmest
1468 1187 46 33 ap-

214 1227 206 46 probation
438 1226 40 34 of
495 1226 72 34 this
591 1226 172 44 Meetipg.

217 1271 4 45 •
262 1276 83 34 The
363 1278 89 30 next
475 1273 234 34 Resolutions
728 1278 94 30 went
834 1277 38 28 to
888 1273 83 43 give
990 1271 63 34 the
1069 1271 151 35 Thanks
1238 1271 43 33 of
1293 1271 63 34 the
1374 1271 165 43 Meeting

215 1326 40 30 to
275 1324 58 32 Sir
357 1322 152 34 Francis
539 1323 170 40 Burdett,
744 1320 93 35 Lord
861 1320 215 40 Folkstone,
1104 1320 72 33 Mr.
1201 1318 235 39 Whitbread,
1468 1318 69 35 and

215 1370 64 33 the
298 1369 107 34 other
422 1369 183 34 Members
624 1368 43 34 of
694 1369 59 33 the
775 1369 124 33 House
917 1369 43 32 of
974 1367 206 39 Commons,
1202 1367 83 34 who
1307 1377 94 22 more
1421 1367 99 43 parti-

219 1417 145 35 cularly
379 1428 92 33 gave
498 1417 98 33 their
626 1421 156 40 support
798 1420 40 28 to
857 1415 73 33 Mr.
950 1415 151 34 Wardle
1131 1415 34 44 in
1183 1415 61 33 the
1270 1423 124 25 course
1422 1413 45 34 of
1478 1415 63 32 the

215 1459 276 50 investigation,
509 1465 70 37 and
612 1467 40 30 to
671 1465 100 32 those
789 1463 185 33 Members
998 1465 81 31 who
1100 1461 105 39 voted
1233 1462 33 32 in
1287 1461 57 32 the
1363 1460 176 34 minority

215 1524 48 22 on
289 1513 76 37 Mr.
391 1511 182 34 Wardle's
592 1511 161 41 Motion,
768 1511 35 33 on
803 1511 19 33 .
837 1511 61 34 the
920 1509 239 33 Amendment
1185 1518 40 26 to
1244 1509 71 33 Mr.
1343 1498 197 44 Percival's

220 1560 164 41 Motion,
400 1558 182 47 proposed
618 1559 50 44 by
690 1558 57 33 Sir
763 1558 159 33 Thomas
939 1558 139 33 Turton
1095 1569 11 30 ;
1130 1557 70 35 auJ
1220 1566 46 25 on
1296 1557 72 34 Mr.
1383 1553 158 37 Banks's

215 1609 163 37 Motion.
1439 1644 12 1 _

267 1657 83 32 The
374 1656 102 33 sixth
508 1651 220 38 Resolution
750 1652 120 39 stated
904 1651 64 35 the
991 1651 211 34 unanimous
1226 1650 152 45 opinion
1408 1649 44 34 of
1479 1649 63 34 the

222 1703 188 40 Mectinz,

319 1752 112 38 That,
449 1748 96 35 after
572 1748 64 33 the
647 1747 217 40 concurrin,
880 1746 227 34 declaration
1127 1744 44 34 of
1181 1756 39 21 so
1239 1755 109 32 many
1365 1743 155 45 indepen-

194 1791 4 50 •
221 1800 87 38 dent
326 1798 320 43 Representatives
665 1794 43 33 of
717 1795 59 34 tke
796 1795 156 44 People,
967 1793 171 34 whoever
1150 1793 110 43 shall,
1278 1796 40 28 at
1333 1802 69 33 any
1422 1791 120 39 future

221 1846 106 39 time,
346 1846 126 32 advise
506 1844 56 33 his
594 1841 158 46 Majesty
778 1847 39 27 to
848 1841 175 33 reinstate
1051 1839 51 34 his
1133 1840 122 44 Royal
1278 1839 178 41 Migliness
1482 1839 60 32 the

227 1893 112 34 Duke
359 1891 43 33 of
417 1891 111 34 York
549 1891 35 33 in
606 1890 63 34 the
684 1889 176 34 situation
878 1887 41 33 of
934 1887 242 35 Com►nander
1193 1889 33 31 in
1245 1885 125 44 Chief,
1387 1886 94 41 will,
1496 1887 46 43 by

221 1939 87 37 such
326 1939 145 39 advice,
485 1949 115 33 prove
620 1935 155 35 himself
781 1946 46 22 an
839 1945 128 34 enemy
985 1942 39 27 to
1041 1936 59 33 the

274 2000 85 34 And
376 2000 61 33 the
454 1998 167 39 seventh,

692 1997 97 33 That
809 1995 61 34 the
881 1995 221 33 discoveries
1120 1993 102 34 made
1235 1994 48 43 by
1299 1991 72 34 thil
1384 1991 163 43 inquiry,

226 2056 41 24 as
294 2047 84 33 well
404 2057 40 22 as
463 2046 60 33 the
540 2044 180 41 attention
738 2042 123 37 which
887 2042 60 32 has
977 2042 90 32 been
1096 2041 87 43 paid
1217 2041 50 43 by
1289 2040 60 33 the
1369 2040 125 33 House
1513 2039 44 33 of

223 2094 200 33 Commons
441 2099 37 27 to
493 2093 61 32 the
572 2091 259 41 investigation
848 2088 44 44 of
901 2089 60 33 the
980 2088 158 41 Charges
1149 2087 158 44 brought
1328 2087 34 32 in
1376 2087 73 32 this
1468 2095 64 35 par-

227 2140 138 33 ticular
384 2141 172 37 instance,
581 2139 116 40 ought
723 2144 35 26 to
784 2137 162 33 animate
973 2137 60 32 the
1069 2135 132 43 people
1220 2139 39 28 to
1278 2139 190 39 prosecute
1492 2133 40 32 In-

226 2189 113 43 quiry
358 2187 70 33 and
449 2185 150 37 Reform
627 2185 37 34 in
685 2184 50 33 all
755 2184 60 38 the
833 2184 246 45 departments
1098 2183 43 32 of
1156 2183 60 32 the
1233 2186 92 28 state
1341 2192 11 27 ;
1377 2181 69 32 and
1466 2179 85 44 they

228 2235 229 34 recommend
477 2239 38 28 to
531 2243 115 33 every
664 2237 151 38 cout4y,
841 2230 92 45 city,
959 2230 70 33 and
1063 2230 165 43 borough
1264 2229 43 33 of
1336 2228 60 33 the
1416 2228 136 33 Unitnti

229 2282 207 45 Kingdom,
451 2282 196 33 whenever
666 2282 59 31 the
757 2284 141 38 present
914 2285 93 25 state
1031 2276 43 34 of
1096 2276 61 32 the
1174 2276 157 33 elective
1356 2274 98 44 hotly
1479 2275 73 32 will

226 2330 136 39 admit,
389 2335 37 26 to
444 2328 129 33 follow
612 2328 63 32 the
704 2327 174 43 example
906 2326 122 34 which
1057 2324 26 32 it
1106 2323 61 32 has
1193 2324 89 32 been
1302 2322 59 33 the
1378 2323 90 32 duty
1486 2321 69 33 and

229 2374 112 50 pride
361 2376 41 33 of
418 2376 58 32 the
489 2375 87 44 City
595 2374 46 33 of
659 2374 248 32 Westminster
926 2380 35 26 to
991 2379 54 26 set
1064 2373 113 38 them,
1194 2370 41 32 of
1260 2370 198 43 returning,
1480 2368 76 33 free

230 2425 44 33 of
289 2434 44 24 ex
344 2433 126 34 pence,
489 2424 128 33 honest
633 2420 71 35 and
735 2421 240 43 independent
997 2418 337 44 Representatives,
1357 2413 24 35 iv
1395 2417 46 33 ho
1461 2415 93 33 shall

231 2467 97 39 hayse
345 2483 44 21 no
405 2471 145 33 interest
567 2471 64 32 but
652 2470 78 33 that
744 2469 43 32 of
798 2469 177 38 restoring
991 2469 98 30 what
1107 2477 73 21 was
1195 2465 195 33 obviously
1414 2464 142 32 wanted

231 2518 231 44 s—integrity
489 2517 67 33 and
575 2528 176 31 economy
783 2517 34 32 in
846 2516 60 33 the
922 2513 141 44 feccipt
1081 2513 69 32 and
1178 2511 244 45 expenditure
1441 2511 44 32 of
1500 2510 59 33 the

233 2568 131 43 public
381 2576 146 32 money,
552 2564 70 39 and
643 2564 44 32 of
711 2563 211 45 preserving
940 2561 177 34 inviolate
1135 2561 60 33 the
1222 2558 115 44 rights
1354 2557 69 34 and
1442 2557 98 45 privi-

233 2615 100 43 leges
351 2614 43 33 of
411 2613 59 32 the

282 2662 80 33 Mr.
400 2661 213 32 WISHART
643 2657 202 45 supported
874 2656 60 33 the
965 2654 253 35 Resolutions.
1272 2653 60 34 He
1369 2662 74 25 was
1476 2661 64 33 per-

235 2708 152 40 suaded,
407 2707 80 33 that
507 2707 69 32 had
596 2706 63 33 the
677 2717 80 22 case
776 2705 43 34 of
834 2705 60 33 the
926 2704 115 35 Duke
1057 2701 41 34 of
1114 2702 112 33 York
1254 2702 91 32 been
1363 2700 197 32 submitted

235 2764 41 27 to
292 2767 87 33 any,
380 2754 84 44 jury
482 2754 41 33 of
535 2754 137 33 twelve
691 2764 92 26 men,
810 2753 30 31 it
861 2761 73 24 was
954 2752 213 41 impossibte
1181 2752 65 30 but
1272 2750 78 32 that
1365 2747 86 44 they
1473 2753 86 26 must

236 2805 99 35 have
370 2803 109 34 found
515 2803 74 33 him
619 2802 118 43 guilty
764 2799 44 34 of
831 2799 63 34 the
919 2799 150 43 charges
1102 2796 162 45 brought
1291 2797 143 43 against
1470 2794 87 33 hint.

288 2864 60 35 Sir
370 2864 191 33 FRANCIS
594 2863 204 37 BURDETT
817 2859 188 40 declared,
1031 2858 78 34 that
1140 2856 60 35 tile
1213 2858 78 33 late
1309 2856 168 34 occasion
1494 2855 69 34 had

237 2913 128 48 shcwn
386 2915 99 30 More
502 2910 91 34 than
609 2921 89 21 ever
716 2909 59 39 the
794 2909 175 41 necessity
985 2907 44 33 of
1039 2917 22 22 a
1082 2906 294 43 Parliamentary
1397 2903 164 33 Reform.

235 2961 85 33 The
352 2961 136 43 people
521 2961 66 30 intt
605 2957 44 33 of
669 2959 106 31 doors
809 2966 96 22 were
937 2954 211 34 gnat:boons
1174 2954 34 33 in
1235 2953 239 40 condemning
1504 2950 60 32 the

242 3007 117 35 Duke
377 3007 44 33 of
450 3006 126 40 York,
606 3006 112 37 while
735 3014 19 21 a
783 3002 175 46 majority
994 3002 33 32 in
1063 3004 60 31 the
1154 3000 124 34 House
1304 2998 43 34 of
1372 2999 194 33 Commons

239 3053 161 50 thought
423 3065 132 32 proper
574 3059 35 26 to
622 3052 125 45 acquit
762 3052 91 32 him.
907 3050 83 34 Had
1005 3050 58 33 the
1083 3048 27 32 II
1121 3047 85 33 ou4
1219 3046 43 34 of
1274 3045 193 34 Commons
1479 3046 86 32 been

237 3104 136 32 chosen
402 3102 113 41 fairly
542 3100 71 33 and
633 3097 129 46 freely,
762 3097 19 46 •
793 3110 40 21 as
860 3098 45 43 by
921 3098 61 32 the
1003 3094 248 35 Constitution
1279 3094 26 32 it
1324 3092 109 44 ought
1450 3099 37 25 to
1506 3091 59 39 be,

240 3150 109 33 there
365 3149 107 33 could
501 3150 43 31 he
561 3159 46 22 no
626 3149 112 32 doubt
769 3148 65 31 but
867 3146 78 32 that
964 3143 63 33 the
1056 3143 159 33 decision
1241 3142 44 32 or
1299 3141 60 33 the
1381 3141 122 33 House
1530 3138 43 32 of

243 3200 198 32 Commons
462 3196 122 33 Would
606 3196 92 32 have
715 3194 220 34 assimilated
965 3190 90 34 with
1089 3190 60 33 the
1169 3189 149 43 feeliogs
1332 3188 41 33 of
1397 3187 64 33 the
1481 3196 64 34 peo-

243 3246 64 41 ple
327 3249 64 27 out
411 3242 45 33 of
480 3243 123 33 doors.
659 3241 103 35 With
794 3253 11 21 if
811 3241 111 44 egard
941 3244 38 28 to
1011 3240 59 32 the
1097 3239 70 32 Bill
1199 3236 158 43 brought
1385 3234 35 33 in
1440 3234 46 41 by
1507 3233 61 34 the

244 3291 227 38 Vll'lllo'llor
489 3291 43 32 of
540 3292 61 31 the
622 3291 237 43 Exchequer,
876 3288 57 33 for
954 3286 213 45 preventing
1182 3287 126 39 atinses
1324 3285 33 31 in
1376 3282 59 32 tbe
1448 3281 120 33 futore

242 3340 164 44 disposal
430 3339 41 32 of
485 3339 136 37 otiiees,
651 3339 41 31 he
722 3338 106 33 could
861 3340 59 28 ant
944 3335 86 43 help
1049 3333 227 39 considering
1310 3332 21 30 it
1364 3340 39 22 as
1421 3339 21 22 a
1469 3339 100 32 gross

242 3386 169 33 delosion
431 3398 43 21 On
502 3386 59 31 the
581 3386 144 43 public.
769 3385 33 32 It
822 3394 74 22 was
911 3392 45 24 an
974 3380 123 35 attack
1113 3373 14 56 n
1127 3373 14 56 -
1141 3373 14 56 .
1169 3373 14 56 1
1198 3373 41 56 the
1259 3379 116 31 minor
1391 3383 125 35 agents
1532 3373 43 35 of

243 3433 241 44 corruption,
528 3432 116 33 while
674 3432 27 32 it
730 3431 66 33 left
828 3430 61 33 the
919 3428 202 46 principals
1161 3424 219 37 untouched.
1448 3423 124 45 (Loud

242 3481 215 45 applattNe.)
509 3481 78 33 The
626 3480 243 33 Honourable
900 3477 157 34 Baronet
1089 3475 195 45 compared
1316 3474 60 32 the
1394 3471 175 33 situation

250 3529 45 34 of
334 3529 60 33 the
424 3533 150 35 country
613 3534 39 27 to
687 3528 80 34 that
815 3524 44 34 of
889 3526 249 37 Prometheus,
1186 3533 40 21 as
1259 3520 122 34 fa].]od
1422 3520 46 41 by
1512 3517 60 33 the

248 3582 124 40 poets,
400 3588 28 20 w
441 3579 84 28 hose
544 3575 97 32 liver
659 3586 73 22 was
750 3573 178 45 supposed
947 3579 39 27 to
1007 3574 45 31 he
1070 3569 164 35 renewed
1254 3580 39 20 as
1311 3567 69 33 fast
1398 3578 39 22 as
1457 3567 25 31 it
1501 3575 72 22 vvas

246 3625 185 33 devoured
462 3626 47 40 by
537 3633 19 22 a
581 3624 157 32 vulture.
791 3622 80 32 The
892 3619 162 43 industry
1084 3618 44 32 et'
1154 3618 60 33 the
1239 3619 155 39 country
1415 3624 74 24 was
1517 3613 39 32 de-

243 3672 141 34 voured
404 3672 46 44 by
471 3672 61 32 the
557 3671 145 33 vulture
723 3670 40 32 of
784 3667 228 44 corruption.
1064 3664 124 46 (Laud
1214 3659 209 46 applause.)
1468 3663 106 28 Stone

248 3719 73 34 had
341 3723 90 31 been
444 3718 58 38 led
520 3730 113 21 away
653 3717 91 33 with
761 3728 43 22 an
823 3717 80 32 idea
925 3716 79 32 that
1020 3713 60 33 the
1096 3710 139 44 sub:eet
1254 3719 72 24 was
1342 3718 65 24 one
1424 3707 44 33 of
1491 3717 64 33 par-

248 3776 9 25 t
268 3769 118 33 ieular
399 3768 187 41 ez.licacy,
607 3768 151 30 because
777 3764 63 33 the
859 3762 185 34 favourite
1067 3769 61 25 son
1147 3758 41 33 nf
1212 3758 61 32 the
1302 3756 98 43 King
1422 3765 76 24 was
1515 3754 59 33 the

249 3826 135 35 person
413 3814 151 33 accused
581 3826 8 22 ;
624 3814 66 32 but
724 3811 43 33 he
783 3810 106 34 could
909 3815 61 27 not
987 3820 58 22 see
1071 3808 80 33 tint
1185 3806 27 34 it
1232 3815 74 24 was
1333 3815 22 21 a
1374 3802 143 45 subject
1533 3811 43 22 on

250 3862 128 33 which
398 3872 51 21 any
449 3872 18 21 .
487 3861 170 44 delicacy
678 3859 110 37 ought
808 3865 34 26 to
863 3860 44 31 he
924 3857 138 32 shewn.
1114 3855 80 33 One
1213 3850 207 46 particular
1436 3849 141 33 feature

248 3909 47 34 of
318 3909 60 33 the
398 3909 158 33 busiors
579 3908 43 32 he
650 3906 107 34 could
784 3912 63 27 mit
880 3906 83 41 help
992 3900 175 41 noticing,
1193 3900 69 32 and
1291 3899 79 32 that
1402 3908 90 27 was,
1520 3895 58 32 the

250 3958 158 33 anxiety
431 3956 119 35 which
572 3965 111 26 ninny
717 3954 181 32 Members
932 3950 44 34 of
1000 3960 59 22 tie
1081 3950 125 32 House
1234 3945 44 33 of
1298 3946 193 33 Cornmhos
1512 3943 66 32 had

252 4004 126 33 shewn
399 4012 37 25 to
448 4004 183 38 ,diselnim
651 4003 47 32 all
730 4000 197 45 partiripat
938 4000 59 30 lot)
1018 3997 40 32 of
1082 3997 132 39 feeling
1250 3993 90 33 with
1359 3994 63 31 the
1442 3991 133 46 people

250 4059 70 25 out
337 4052 44 32 of
404 4054 106 30 doors
540 4062 18 21 a
568 4062 71 32 poll
671 4050 60 32 tine
759 4049 193 34 occasion;
989 4045 69 33 and
1076 4045 28 32 it
1123 4054 38 22 so
1183 4041 206 44 happened,
1423 4041 77 33 that
1524 4045 58 24 lie

253 4098 128 34 House
399 4100 41 31 of
457 4100 195 32 Comtaotts
674 4108 71 21 wits
768 4097 158 43 perhaps
947 4094 63 32 the
1030 4093 80 41 only
1128 4102 79 32 sp:)i
1233 4090 34 31 in
1293 4089 148 41 Europe
1460 4085 122 33 where

253 4148 63 32 the
333 4147 151 44 fedi:4;s
513 4148 69 32 bait:
601 4147 208 33 Antimeuts
840 4141 41 37 of
907 4142 59 33 the
985 4141 137 45 people
1141 4136 40 37 of
1200 4135 165 38 Logland
1389 4144 92 24 were.
1498 4142 84 37 pru-

2797 45 100 53 243

1587 177 154 46 fessedly
1760 181 244 45 disregarded.
2057 183 90 33 Was
2176 182 70 35 this
2262 182 125 33 decent
2419 182 90 32 with
2529 180 129 35 revird
2678 185 38 26 to
2733 178 58 34 the
2811 189 69 34 peo-

1590 226 60 44 ple
1663 227 46 34 of
1722 228 163 44 England
1898 229 13 33 ?
1965 229 117 34 Could
2111 229 73 35 this
2200 229 163 45 possibly
2385 228 146 44 happen
2564 215 33 46 if
2628 227 64 33 the
2724 226 124 33 House
2863 224 44 34 of

1591 274 191 34 Commons
1802 286 96 24 were
1911 276 216 34 constituted
2152 287 39 24 as
2209 278 28 32 it
2254 275 110 41 ought
2383 281 37 30 to
2440 278 44 30 be
2499 274 12 32 ?
2563 274 84 32 The
2668 273 97 33 lion.
2791 273 116 33 Hato-

1590 327 56 27 net
1663 322 211 35 considered
1894 325 61 40 the
1975 324 235 37 Committees
2226 322 41 34 of
2289 320 171 45 inquiry,
2489 320 67 34 and
2572 320 239 34 Committees
2836 330 47 33 ap-

1591 369 149 43 pointed
1759 376 35 28 to
1807 371 169 33 examine
1991 371 76 34 into
2091 371 150 40 Abuses,
2263 380 40 24 as
2321 379 98 25 mere
2437 369 196 38 delusions,
2661 365 248 35 which.eould

1591 417 43 33 be
1651 417 169 33 attended
1839 419 90 32 with
1944 430 44 22 no
1998 419 96 44 good
2113 418 118 38 effects
2249 417 202 33 whatever.
2502 415 78 34 The
2596 415 124 34 House
2738 412 43 33 of
2796 415 113 34 Com.

1592 474 97 24 mans
1722 476 72 22 was
1812 467 171 38 unsound,
2009 465 69 33 and
2102 476 39 24 as
2172 467 81 39 long
2269 475 40 22 as
2341 464 26 31 it
2387 461 194 37 continued
2597 471 58 28 so,
2692 461 84 44 they
2797 461 111 34 could

1592 511 97 44 hope
1722 511 59 34 for
1813 523 45 24 no
1891 514 136 33 radical
2048 513 137 33 reform
2203 511 41 34 of
2264 513 144 32 abuse.
2464 508 123 45 (Loud
2609 506 208 46 applause).
2874 508 38 33 It

1598 568 70 24 was
1687 563 63 30 not
1768 566 35 27 to
1821 570 73 24 new
1915 561 91 33 laws
2021 561 80 33 that
2117 560 86 43 they
2226 557 65 35 had
2310 556 170 34 occasion
2498 561 38 26 to
2556 555 92 32 have
2662 566 168 22 recourse
2850 554 59 34 for

1592 606 60 33 the
1670 606 206 34 correction
1894 606 44 33 of
1959 607 128 34 abuses
2108 619 11 27 ;
2151 607 85 41 they
2255 606 67 38 had
2343 605 84 33 only
2450 608 37 27 to
2513 602 148 43 require
2693 602 61 33 the
2772 613 116 24 execu-

1593 652 77 35 tion
1689 652 41 34 of
1746 660 58 33 toe
1821 656 59 31 oltl
1898 654 58 33 eoh
1956 654 19 33 ,
1975 654 195 33 titutional
2190 653 86 33 laws
2296 651 45 33 of
2368 651 60 34 the
2448 648 296 43 realm—Magna
2766 647 145 37 Charta

1593 700 69 33 and
1677 700 64 33 the
1761 697 72 38 Bill
1854 702 43 33 of
1915 702 142 43 Rights.
2111 702 59 32 Ile
2187 704 83 30 next
2283 697 176 34 adverted
2477 702 35 28 to
2526 696 63 34 the
2600 705 122 25 severe
2733 702 181 28 sentences

1599 748 119 34 which
1741 748 70 34 had
1827 749 45 33 of
1897 750 73 32 late
1988 758 105 33 years
2111 749 90 32 been
2215 744 126 46 passed
2370 743 34 35 in
2425 743 80 34 that
2524 743 87 33 Hall
2635 742 79 44 (the
2731 749 183 30 sentences

1596 795 41 33 of
1656 794 142 35 Messrs.
1820 795 128 34 White
1972 795 69 33 and
2072 793 142 41 Hart);
2237 794 72 34 and
2336 789 201 38 contended
2568 789 84 34 that
2681 789 84 43 they
2787 789 125 38 would

1596 852 110 24 never
1722 842 91 33 have
1831 843 87 33 been
1937 843 196 38 tolerated,
2165 841 69 33 had
2251 841 61 33 the
2333 839 128 37 House
2479 836 39 33 of
2533 836 193 33 Commons
2743 836 90 33 been
2851 836 64 41 the

1598 893 78 28 true
1695 891 287 44 representative
1997 889 96 34 body
2109 887 44 35 of
2167 888 59 38 the
2243 887 148 45 people.
2434 885 80 41 The
2535 883 100 34 Hon.
2655 882 159 35 Baronet
2832 894 85 24 con.

1597 935 126 34 eluded
1744 938 89 33 with
1851 938 288 41 recommending
2167 932 298 43 Parliamentary
2500 931 151 34 Reform
2681 940 35 24 as
2745 932 60 31 the
2823 932 91 43 only

1598 993 126 24 clurse
1742 991 38 26 to
1796 985 44 32 be
1857 984 158 41 adopted
2035 984 123 33 whic!l
2178 981 119 39 could,
2327 981 34 31 in
2393 979 61 32 the
2485 983 143 39 present
2656 983 92 34 state
2778 977 44 34 of
2856 978 61 33 the

1600 1030 132 41 world,
1762 1043 167 33 preserve
1946 1030 60 38 the
2022 1036 154 38 country
2203 1030 91 33 from
2309 1028 143 41 foreign
2471 1023 249 45 subjugation.
2773 1024 39 38 It
2844 1036 76 22 was

1598 1089 22 24 a
1638 1083 133 33 matter
1787 1080 44 32 of
1846 1078 229 34 indifference
2094 1083 37 26 to
2154 1076 72 33 him
2246 1077 84 31 who
2353 1082 97 33 were
2472 1072 200 39 Ministers,
2700 1071 152 34 because
2872 1071 47 35 he

1598 1126 61 32 (lid
1677 1123 63 39 not
1756 1136 58 24 see
1843 1127 80 33 that
1939 1135 70 33 any
2028 1135 69 22 one
2122 1126 90 33 class
2237 1121 44 34 of
2301 1131 78 22 men
2415 1119 154 45 pursued
2589 1120 63 32 the
2681 1120 124 41 public
2824 1120 96 40 good

1600 1182 99 27 more
1717 1174 86 32 than
1820 1173 155 33 another
1994 1172 103 33 when
2115 1172 89 43 they
2232 1175 60 38 got
2313 1169 76 32 into
2411 1167 128 45 place;
2565 1166 70 34 and
2669 1165 187 35 therefore
2875 1167 45 33 he

1603 1230 74 24 was
1694 1221 196 33 convinced
1911 1220 78 32 that
2017 1219 151 43 nothing
2197 1219 60 32 but
2287 1214 301 44 Parliamentary
2626 1208 152 38 Reforin
2806 1214 115 32 could

1599 1278 87 24 save
1701 1267 64 34 the
1779 1267 139 34 nation.
2522 1302 11 1 _
2674 1302 7 1 _

1650 1316 74 33 Mr.
1760 1315 276 41 W11111311E49
2062 1311 162 35 thanked
2248 1310 61 34 the
2336 1307 163 43 Meeting
2516 1306 58 34 for
2591 1305 64 43 the
2674 1306 139 34 honour
2831 1305 91 45 they

1603 1361 72 34 had
1693 1362 94 34 done
1807 1363 73 32 him
1912 1363 35 32 in
1965 1361 220 41 mentioning
2202 1361 50 31 his
2269 1367 102 25 name
2389 1367 37 26 o
2446 1356 204 41 frequently
2673 1355 34 33 in
2726 1354 100 37 their
2848 1355 51 34 Re-

1602 1409 198 40 solutions;
1827 1410 64 33 but
1910 1408 44 33 he
1970 1407 104 34 could
2094 1413 61 28 not
2181 1407 81 41 help
2293 1404 144 44 saying,
2465 1402 77 32 that
2571 1401 45 33 he
2644 1401 71 33 had
2746 1402 98 32 .done
2876 1413 46 22 no

1604 1466 98 24 more
1719 1456 86 34 than
1837 1455 54 35 Lis
1919 1454 87 45 duty
2028 1454 124 45 (Loud
2178 1449 214 46 applause.);
2420 1449 67 33 and
2515 1448 184 33 therefore
2719 1448 43 33 he
2779 1459 78 24 saw
2876 1459 46 26 no

1605 1507 125 31 reasorf
1753 1505 83 41 why
1856 1506 44 31 he
1918 1502 112 43 ought
2050 1506 37 28 to
2106 1502 44 33 be
2167 1498 172 38 thanked.
2396 1498 34 33 1t
2452 1506 72 22 was
2538 1495 247 45 undoubtedly
2805 1498 99 41 grati-

1605 1551 102 44 fying
1722 1557 39 33 to
1787 1552 91 39 him,
1903 1551 77 33 tart
1997 1560 45 22 on
2067 1548 72 34 this
2158 1547 163 33 occasion
2343 1545 44 33 he
2407 1544 67 33 hacl
2497 1544 103 32 .riven
2617 1543 52 33 his
2687 1548 83 28 vote
2790 1545 33 32 in
2837 1553 64 22 con-

1603 1597 154 44 formity
1776 1599 89 33 with
1886 1598 61 32 the
1967 1598 157 43 popular
2140 1594 184 34 sentiment
2343 1604 11 27 ;
2382 1591 63 33 but
2463 1569 35 54 had
2498 1569 31 54 '-
2551 1590 28 32 it
2598 1590 87 33 been
2704 1590 219 40 otherwise,

1604 1646 60 32 the
1694 1645 174 34 evidence
1899 1655 71 22 was
1994 1655 39 21 so
2049 1649 123 34 strong
2187 1643 65 33 and
2280 1650 39 25 :,o
2346 1638 94 43 fully
2466 1636 276 40 substantiated,
2769 1637 81 33 that
2880 1637 45 32 he

1605 1690 129 35 shoula
1753 1694 92 34 have
1863 1690 105 34 voted
1984 1701 38 22 as
2041 1689 44 33 he
2101 1689 80 39 did,
2207 1689 65 32 and
2293 1696 39 25 as
2353 1687 33 32 in
2406 1685 54 32 his
2477 1683 206 33 conscience
2713 1683 44 33 he
2783 1683 70 34 felt
2878 1683 46 35 he

1606 1749 74 25 was
1702 1741 118 33 bound
1839 1747 38 27 to
1893 1740 61 33 do.
2006 1736 128 43 (Loud
2158 1733 207 47 applause).
2422 1733 56 32 iie
2509 1730 198 34 concurred
2741 1730 91 34 with
2859 1730 64 35 the

1609 1787 100 33 lion.
1743 1787 162 33 Baronet
1933 1786 35 33 in
1995 1785 60 34 the
2086 1783 171 43 necessity
2277 1780 44 34 of
2341 1791 22 22 a
2386 1779 295 41 Parliamentary
2702 1778 168 39 Reform,
2902 1788 26 25 a

1609 1844 159 25 measure
1786 1832 118 35 which
1926 1833 44 32 he
1985 1832 70 33 had
2073 1832 145 40 always
2233 1826 224 39 advocated;
2486 1825 67 33 and
2571 1825 97 40 said,
2694 1824 78 35 that
2791 1825 44 33 he
2856 1825 70 33 had

1609 1891 43 22 no
1677 1881 116 41 dont);
1825 1883 66 32 but
1907 1880 77 33 that
2004 1880 26 32 it
2052 1878 115 43 might
2185 1878 44 31 he
2244 1874 148 34 effected
2413 1876 45 41 by
2479 1870 60 34 the
2558 1876 202 39 temperate
2774 1872 72 34 and
2867 1884 43 21 un-

1609 1929 164 33 animous
1787 1929 184 33 exertions
1997 1925 43 33 of
2061 1925 63 32 the
2154 1924 180 44 people..
2353 1920 81 34 The
2464 1924 119 28 recent
2609 1918 172 45 example
2807 1917 43 34 of
2867 1919 63 33 the

1611 1976 221 43 resignation
1851 1974 43 34 of
1909 1975 59 33 the
1996 1971 239 35 Commander
2256 1971 33 31 in
2307 1968 116 35 Chief
2438 1977 72 22 was
2524 1976 24 22 a
2563 1965 161 43 striking
2751 1965 113 45 proof
2891 1967 44 34 of

1615 2022 102 35 what
1734 2023 63 32 the
1815 2022 135 45 people
1977 2021 109 34 could
2106 2020 58 33 do.
2218 2017 54 33 Ile
2302 2015 70 34 had
2396 2014 124 33 indeed
2542 2014 91 33 been
2659 2014 189 43 acquitted
2881 2014 52 44 by

1613 2080 24 22 a
1662 2068 177 46 majority
1865 2070 44 31 of
1936 2068 59 33 the
2031 2068 124 32 House
2180 2065 41 33 of
2233 2067 213 33 Commons;
2473 2061 64 32 but
2568 2059 61 34 the
2662 2061 105 32 voice
2793 2060 46 33 of
2869 2060 64 34 the

1616 2117 126 44 public
1769 2127 76 24 was
1861 2127 40 22 so
1918 2114 161 43 strongly
2108 2113 142 40 against
2268 2113 90 35 him,
2386 2108 80 33 that
2486 2107 33 33 it
2548 2117 74 22 was
2648 2107 209 43 impossible
2876 2106 59 34 for

1618 2165 73 33 him
1722 2170 39 28 to
1787 2165 117 33 retain
1936 2163 52 33 hi:,
2004 2161 188 33 situation.
2246 2160 39 32 In
2304 2158 64 33 the
2385 2165 96 24 same
2511 2165 99 33 way,
2648 2153 33 33 if
2709 2154 58 37 the
2798 2156 139 43 people

1619 2211 142 34 wished
1786 2211 60 33 for
1869 2220 22 22 a
1918 2210 150 33 Reform
2089 2209 34 31 in
2146 2206 239 35 Parliament,
2404 2204 69 32 and
2491 2211 99 24 were
2627 2202 149 44 equally
2807 2202 106 33 unani-

1618 2269 117 30 mous,
1763 2258 44 32 he
1839 2256 71 34 had
1943 2268 43 21 no
2017 2256 116 33 doubt
2165 2255 61 32 but
2257 2263 20 21 a
2310 2250 152 35 Reform
2492 2250 34 32 in
2557 2248 226 34 Parliament
2810 2250 125 32 would

1619 2304 130 35 follow
1775 2307 33 32 in
1840 2304 58 33 six
1933 2302 154 34 months.
2144 2301 69 33 But
2241 2301 31 33 if
2291 2300 64 34 the
2378 2296 135 45 people
2541 2295 154 33 suffered
2720 2295 216 34 themselves

1620 2360 35 26 11
1676 2354 45 32 be
1739 2352 126 35 turned
1891 2352 99 33 aside
2021 2350 47 43 by
2100 2359 70 33 any
2197 2347 81 35 silly
2296 2344 180 38 delusion,
2503 2353 37 22 as
2569 2342 81 32 that
2683 2341 43 33 of
2754 2342 159 34 Jacobin-

1622 2401 79 39 ism,
1735 2400 44 33 of
1804 2399 122 41 which
1945 2398 44 33 he
2007 2396 69 34 and
2107 2406 106 33 many
2237 2394 40 32 of
2303 2393 57 33 his
2386 2389 132 35 friends
2548 2389 70 34 had
2650 2388 175 45 formerly
2844 2389 94 35 been

1620 2447 167 40 accused,
1813 2457 44 22 or
1873 2445 64 34 the
1962 2454 98 24 more
2081 2450 122 27 recent
2229 2440 161 34 delusion
2408 2439 44 32 of
2516 2438 59 33 No
2815 2437 124 33 which

1624 2494 158 43 brought
1799 2493 61 33 the
1891 2498 142 39 present
2054 2491 183 33 Ministers
2254 2491 74 31 into
2352 2496 142 34 power,
2524 2483 102 34 their
2641 2484 157 33 enemies
2818 2484 122 33 would

1622 2543 144 43 always
1795 2542 64 43 lay
1877 2538 86 35 hold
1980 2538 43 34 of
2035 2538 86 37 such
2150 2542 162 40 pretexts
2341 2538 39 28 to
2406 2533 116 32 rei'use
2551 2530 296 44 Parliamentary
2870 2531 56 33 Re

1623 2589 112 40 form,
1752 2588 84 41 and,
1853 2597 40 24 as
1911 2588 83 41 long
2009 2596 39 24 as
2067 2584 64 34 the
2150 2583 133 45 people
2309 2580 193 35 continued
2532 2577 164 41 divided,
2722 2578 28 32 it
2784 2589 76 22 was
2877 2577 66 33 im-

1670 2635 84 34 The
1774 2634 231 35 Resolutions
2026 2642 98 25 were
2140 2633 83 32 then
2244 2634 60 40 put
2321 2628 67 33 and
2401 2626 139 34 carried
2562 2626 269 43 unanimously.

1626 2682 53 45 pos
1680 2682 18 45 .
1697 2682 90 45 sible
1808 2682 30 34 it
1864 2680 126 34 should
2009 2681 45 32 be
2069 2678 187 35 obtained.
2308 2676 60 33 lie
2389 2673 187 43 disagreed
2610 2673 33 32 in
2670 2672 154 44 opinion
2849 2672 97 34 front

1629 2732 60 33 the
1720 2731 97 33 lion.
1852 2730 176 38 Baronet,
2055 2726 84 34 that
2172 2726 28 32 it
2219 2733 76 25 was
2317 2733 25 24 a
2368 2727 132 27 matter
2530 2719 44 33 of
2596 2719 230 33 indifference
2858 2719 86 33 who

1631 2789 97 24 were
1756 2777 198 39 Ministers,
1987 2776 154 33 because
2170 2772 61 33 the
2248 2771 136 33 former
2407 2767 183 33 Ministers
2621 2765 69 33 had
2713 2766 124 33 shewn
2864 2766 83 34 that

1629 2825 87 44 they
1748 2824 123 33 would
1902 2826 61 30 not
1991 2823 136 33 remain
2163 2819 37 33 in
2230 2818 99 32 office
2366 2816 137 40 merely
2536 2812 60 34 for
2622 2812 59 33 the
2700 2813 86 34 sake
2816 2812 46 34 of
2891 2824 38 22 re-

1628 2872 146 41 ceiving
1791 2871 100 33 their
1911 2869 183 39 'salaries;
2121 2868 71 34 and
2224 2865 44 33 he
2285 2864 155 41 thought
2477 2861 60 38 the
2570 2861 135 44 people
2739 2861 67 33 had
2838 2861 109 33 acted

1631 2920 161 43 unfairly
1821 2920 48 41 by
1887 2916 98 35 their
2004 2915 18 34 -
2022 2915 124 34 friends
2174 2915 33 32 in
2224 2913 170 40 suffering
2412 2908 214 34 them-elves
2643 2914 38 26 to
2699 2908 43 32 be
2759 2908 58 33 led
2836 2917 112 33 away

1631 2969 46 43 by
1715 2967 63 33 the
1809 2976 66 30 cry
1904 2963 43 33 of
2357 2967 39 24 as
2426 2956 84 43 they
2543 2954 70 33 had
2644 2954 102 33 been.
2805 2954 125 35 Parlia-

1631 3020 163 37 mentary
1833 3012 149 34 Reform
2000 3009 107 34 could
2127 3008 84 44 only
2238 3007 44 33 be
2303 3002 274 44 accomplished
2610 3002 46 31 by
2694 3001 58 33 the
2777 3001 78 33 firm
2878 3004 73 33 and

1631 3066 202 40 temperate
1859 3058 215 45 eNpression
2106 3056 45 33 of
2184 3056 60 32 the
2271 3052 77 34 will
2380 3051 44 33 of
2441 3052 60 32 the
2530 3039 157 53 people;
2726 3050 69 33 and
2830 3050 98 34 when-

1629 3118 87 25 ever
1743 3110 61 31 the
1827 3106 136 44 people
1993 3106 150 32 became
2163 3102 209 34 unanimous
2389 3099 34 32 in
2445 3098 43 32 its
2505 3096 145 41 favour,
2679 3097 103 33 there
2815 3107 74 22 was
2908 3109 47 21 no

1631 3156 110 33 doubt
1768 3156 63 33 but
1859 3155 28 33 it
1918 3157 87 28 must
2026 3152 45 32 be
2087 3150 159 34 carried.
2301 3148 74 34 Mr.
2407 3143 221 34 Whitbread
2644 3143 197 33 concluded
2864 3144 92 34 with

1633 3203 185 41 returning;
1835 3201 135 33 thanks
1996 3206 35 27 to
2053 3198 61 33 the
2135 3196 161 41 Meeting
2314 3195 58 32 for
2400 3193 97 32 their
2528 3190 144 46 patient
2691 3190 165 45 hearing,
2885 3193 71 33 and

1636 3261 73 22 was
1722 3248 151 34 cheered
1893 3246 89 34 with
1997 3246 89 34 loud
2105 3244 69 33 and
2191 3241 172 46 repeated
2385 3241 149 32 huzzas.

1684 3296 34 34 It
1752 3306 73 24 was
1852 3295 79 33 also
1961 3292 253 43 unanimously
2235 3287 178 40 resolved,
2443 3287 79 32 that
2550 3286 64 33 the
2637 3285 154 34 Thanks
2816 3286 43 33 of
2888 3286 73 33 this

1637 3344 161 41 Meeting
1812 3345 45 31 he
1872 3344 106 41 given
1996 3347 37 26 to
2061 3339 144 34 Arthur
2224 3338 151 34 Morris,
2400 3334 86 44 Esq.
2517 3332 59 34 the
2600 3332 102 45 High
2727 3333 146 40 Bailiff,
2902 3333 59 33 for

1635 3393 61 33 the
1715 3396 228 40 promptness
1962 3387 89 34 with
2074 3385 119 33 which
2220 3384 41 33 lie
2296 3383 120 34 called
2439 3381 72 33 this
2530 3380 181 44 Meeting,
2730 3384 69 31 and
2818 3380 59 34 for
2907 3381 57 34 his

1635 3438 191 44 impartial
1845 3437 154 33 conduct
2017 3435 34 33 in
2068 3435 60 33 the
2146 3432 128 34 Chair.

1683 3488 80 33 The
1787 3485 161 40 fleeting
1962 3483 84 32 then
2065 3481 119 33 broke
2212 3489 61 33 up,
2303 3476 71 34 and
2404 3476 60 33 Sir
2497 3476 154 33 Francis
2680 3475 175 39 Burdett,
2889 3476 74 33 Mr.

1639 3533 236 39 Whitbread,
1893 3531 66 31 and
1983 3529 64 33 the
2061 3528 110 33 other
2186 3527 217 43 gentlemen,
2427 3534 96 21 were
2545 3523 175 34 attended
2739 3526 46 43 by
2810 3524 61 33 the
2898 3534 45 38 po-

1641 3582 129 44 pulace
1787 3587 35 26 to
1843 3580 61 33 the
1930 3575 130 45 King's
2093 3574 119 40 Arms,
2237 3574 32 32 in
2306 3570 188 35 Palace-V
2505 3570 83 35 ord.

1068 38 144 57 THE
1245 44 376 54 NATIONAL
1655 43 383 57 REGISTER;

2151 3690 39 38 A
2223 3686 234 39 WHALE.

1689 3800 106 34 Since
1813 3796 195 45 Thursday
2026 3795 61 33 the
2106 3795 148 33 curious
2285 3795 96 33 have
2399 3793 90 34 been
2506 3790 174 46 gratified
2699 3793 51 41 by
2772 3791 65 35 the
2863 3804 20 22 e
2893 3794 66 34 Nfii-

1643 3848 118 32 hition
1781 3846 43 33 of
1838 3856 44 22 an
1900 3853 194 25 enormous
2122 3841 64 34 fish
2206 3841 43 33 of
2271 3841 76 34 this
2372 3841 157 44 species,
2564 3841 38 32 in
2636 3849 25 24 a
2693 3841 111 39 barge
2832 3853 45 21 on
2914 3842 61 33 the

1644 3896 115 32 South
1779 3893 77 33 side
1867 3891 45 34 of
1924 3892 60 32 the
1998 3893 117 37 river,
2127 3892 163 31 between
2310 3887 239 35 Blackfriars
2562 3887 70 32 and
2652 3887 146 33 London
2815 3888 161 35 brOkes.

1646 3945 30 32 A
1696 3945 183 40 spectacle
1897 3951 38 20 so
1955 3938 146 34 unusual
2120 3938 34 32 in
2174 3938 71 33 this
2263 3935 158 35 latitude
2434 3934 200 40 attracted,
2648 3933 59 34 for
2724 3943 106 26 many
2851 3937 128 38 hour,,

1644 4000 100 24 some
1778 3986 78 34 thou
1856 3986 19 34 ,
1874 3986 79 34 a-.1
1984 3990 223 40 f-pectators,
2237 3985 85 32 who
2350 3983 174 34 crowded
2561 3983 113 33 round
2707 3981 60 34 the
2803 3984 112 44 barge
2946 3985 33 32 in

1645 4041 123 37 boats,
1787 4035 66 34 and
1877 4033 183 32 fArt:ioted
2079 4043 22 24 a
2119 4032 105 32 hti‘k
2242 4031 67 34 and
2328 4036 94 27 mn-t
2444 4030 217 44 productive
2693 4031 103 32 trade
2896 4033 85 32 well

1646 4094 35 24 to
1702 4083 63 32 ihe
1779 4094 19 21 e
1807 4082 182 32 xhibitor,
2004 4091 41 22 as
2063 4089 37 25 to
2120 4081 63 32 the
2204 4087 211 32 watermen,
2437 4089 28 20 w
2474 4077 45 33 ho
2537 4077 185 34 cotivecd
2745 4081 96 31 them
2859 4085 39 27 to
2919 4082 45 32 be-

1648 4133 85 34 bold
1749 4130 71 35 this
1839 4128 223 45 stupcoduos
2080 4134 157 28 monster
2267 4127 44 34 of
2340 4127 60 35 the
2427 4124 110 48 deer.
2593 4124 89 37 .N.lau
2733 4135 148 28 seamen
2900 4128 85 35 who
