3378 4453
209 53 102 50 Xll

211 176 67 38 ha;
295 181 208 45 compelled
526 181 76 33 him
620 188 39 26 to
679 188 116 27 resort
824 188 38 27 to
885 182 63 32 the
976 193 120 22 means
1113 182 43 33 of
1175 182 234 40 retaliation,
1435 183 52 44 by
1506 193 58 25 re-

210 227 152 51 Startling
380 239 47 22 on
445 237 25 25 a
484 228 223 45 sanguinary
724 229 157 34 banditti
901 229 170 37 violence
1089 229 59 34 for
1165 228 184 43 violence,
1362 236 44 27 he
1422 229 138 45 hereby

211 269 152 40 decreer
385 286 61 22 :--

268 320 35 38 I.
322 322 103 34 That
444 332 46 25 no
514 326 152 41 quarter
685 324 94 34 shall
797 325 46 33 be
859 325 110 44 given
987 327 41 31 to
1045 334 72 35 any
1136 324 144 39 French
1300 325 154 40 soldier,
1473 325 73 34 Offi-

214 377 81 32 cer,
320 379 47 24 or
396 370 159 46 tieneral
555 370 20 46 l
602 371 87 43 who
717 383 86 33 may
822 372 46 37 be
896 371 107 39 made
1035 371 167 45 prisoner
1232 371 37 35 in
1294 381 73 34 any
1397 377 104 28 town
1520 383 44 24 or

214 416 167 40 district,
410 418 34 33 iu
463 416 125 37 which
607 424 80 31 acts
712 424 175 40 contrary
914 424 39 38 to
984 419 65 35 the
1065 420 92 33 laws
1175 418 44 39 of
1233 429 80 28 war
1342 418 94 37 have
1470 419 92 35 been

215 463 219 40 committed
454 464 52 46 by
533 465 66 41 the
626 476 150 35 enemy,
801 468 64 34 but
887 465 81 35 that
984 465 89 37 such
1093 476 150 37 persons
1259 465 94 35 shall
1371 468 46 35 be
1436 468 104 33 imme-

214 509 151 47 diately
380 516 67 44 put
467 519 39 27 to
521 513 63 34 the
595 514 138 40 sword,
757 524 41 22 us
816 524 45 24 an
874 514 178 46 example
1065 520 38 34 to
1119 514 97 34 their
1231 514 241 46 companions
1493 515 70 34 and

255 557 236 47 satisfactioq
511 565 38 27 to
568 561 176 44 outraged
761 560 208 45 humanity.

266 605 65 37 11.
358 605 104 39 That
480 606 64 37 the
560 614 145 38 present
724 608 142 35 Decree
880 607 97 37 shall
992 608 46 39 be
1052 607 163 45 printed,
1233 608 248 45 proclaimed,
1494 609 70 34 and

215 652 229 41 distributed
465 654 33 33 in
517 656 63 33 the
599 657 157 44 Spanish
775 657 150 40 armies,
958 657 35 34 in
1012 657 110 33 order
1140 661 35 27 to
1196 657 47 33 its
1259 656 72 34 due
1345 658 217 37 execution.

217 699 98 37 You
332 711 66 27 are
412 703 80 37 also
508 703 171 46 required
699 711 37 26 to
755 704 107 34 make
875 706 270 39 arrangements
1159 703 61 38 for
1237 703 64 34 the
1318 703 196 38 fulfilment
1527 704 44 34 of

217 748 67 38 the
298 758 117 28 same.
600 751 81 33 The
702 751 167 44 Marquis
883 750 44 33 of
943 750 30 34 A
984 759 184 33 STOIRGA,
1188 751 330 40 Vice-President.

604 797 66 35 MA
685 808 99 25 RTIN
809 807 53 25 DI:
881 798 59 32 GA
951 807 21 25 ft
985 807 20 26 A
1018 807 43 24 Y.

222 842 27 50 p
249 842 27 50 q
276 842 57 50 ne
345 842 35 41 in
397 843 64 35 the
480 846 128 44 Royal
622 846 164 34 Alcazar
800 846 45 33 of
868 844 152 41 Seville,
1051 844 90 34 Fel).
1162 847 37 40 7,
1217 846 107 34 1809.

849 964 455 53 PARLIANENT.

648 1093 175 41 HOUSE
859 1096 66 37 OF
957 1095 188 39 LORDS.

660 1207 198 48 .11ondap,
889 1209 148 38 March
1064 1214 65 33 21.

354 1276 163 40 businen
535 1274 44 40 of
600 1276 246 45 importituce.

652 1374 222 48 Thursday,
902 1376 146 38 March
1070 1381 66 34 30.

272 1439 92 38 The.
378 1440 123 45 Royal
523 1440 145 41 Assent,
697 1440 48 46 by
768 1440 246 35 Commission
1033 1452 74 24 was
1122 1442 109 44 given
1246 1446 40 32 to
1304 1441 60 34 the
1377 1443 98 41 Corn
1488 1442 54 37 Ex-

224 1487 196 46 portation
456 1487 256 41 Prohibition,
743 1489 119 43 Spirit
886 1487 109 34 %Va.:it
1020 1488 115 43 Putv,
1168 1491 180 33 Tobacco
1381 1492 165 41 Importa-

222 1534 98 40 tion,
341 1533 28 35 N
379 1534 261 34 ewfoundland
653 1535 236 45 Judicature,
900 1538 135 32 Crown
1051 1537 112 34 Office
1179 1537 149 43 Glerks,
1338 1539 70 34 and
1426 1539 143 33 several

224 1590 27 51 '
252 1590 27 51 ,
279 1590 112 51 thaw
413 1590 161 47 iliils.-
574 1590 20 47 7
594 1590 201 47 -Adjourned
813 1592 91 33 until
925 1592 197 44 'Thursday
1142 1594 125 34 week.

613 1714 177 41 ROUST.
817 1714 65 38 OF
914 1714 275 43 COMMONS.

678 1839 191 48 Monday,
898 1841 142 38 March
1059 1844 64 35 27.

275 1892 80 44 Mr,
384 1892 178 44 DAyirg
593 1891 148 45 Grnny
770 1893 157 45 brought
947 1896 35 38 in
999 1905 25 24 a
1044 1896 73 33 Bill
1137 1894 58 41 for
1213 1896 155 45 making
1382 1906 47 30 an
1462 1896 89 41 arch-

228 1949 91 37 'pay
337 1941 165 45 through
522 1941 194 46 Highgate
745 1941 102 47 Hill.
898 1942 104 39 Read
1018 1952 25 24 a
1059 1942 94 44 first,
1176 1943 73 34 and
1279 1944 155 34 ordered
1461 1949 39 30 to
1527 1946 44 33 be

233 1989 90 37 read
340 2000 26 21 a
380 1988 132 33 second
535 1988 104 34 time.

281 2036 63 35 Sir
364 2035 64 40 WI
441 2046 100 30 t.Tt.t
563 2044 15 24 s
601 2034 161 45 Cup's
777 2035 159 44 brought
957 2035 35 38 in
1005 2046 26 26 a
1048 2035 74 44 NB
1135 2036 59 37 for
1208 2039 210 44 improving
1435 2039 115 34 Smith-

229 2079 90 39 field
351 2082 171 45 Markrt,
546 2082 70 44 and
643 2082 59 33 for
732 2083 171 44 enablin;
928 2083 63 35 the
1010 2085 254 45 Corporation
1284 2086 43 32 of
1341 2087 61 39 the
1422 2087 90 43 City
1532 2086 45 33 of

235 2130 151 34 London
406 2138 38 26 to
465 2130 181 44 purchase
660 2130 104 40 lands
780 2131 70 45 nud
869 2131 129 33 houses
1016 2131 60 34 for
1090 2132 78 33 that
1188 2144 175 33 purpose.
1419 2133 104 40 Read
1548 2146 24 22 a

234 2177 93 39 first,
340 2177 71 33 and
429 2177 154 44 ordered
601 2183 39 27 to
659 2177 46 34 he
715 2177 87 37 read
813 2190 22 20 a
844 2178 128 37 second
992 2178 103 37 time.
1148 2179 58 33 He
1225 2180 172 45 likewise
1409 2183 164 43 hroughb

230 2224 38 39 in
286 2235 22 21 a
334 2223 73 34 Bill
423 2223 60 37 for
501 2223 185 47 renewing
705 2224 63 35 the
787 2225 145 44 Sunday
952 2225 86 45 Toil
1054 2236 44 32 On
1115 2225 409 45 Blackfriars-Bridge.

281 2270 76 34 Mr.
373 2269 204 43 Alderman
598 2272 87 33 SIIA
694 2281 53 30 w,
772 2271 70 34 and
862 2272 72 33 Mr.
953 2274 202 45 Aldennap
1175 2275 94 33 Com
1280 2282 67 33 BE,
1364 2276 203 46 supported

228 2317 66 43 the
319 2317 91 40 Bin,
441 2317 122 34 which
583 2328 76 34 was
674 2317 85 34 read
774 2328 22 24 a
814 2319 74 46 first
911 2320 102 34 time.

281 2366 85 43 The
386 2366 100 34 West
502 2365 110 48 41104
627 2366 128 46 'locks
768 2366 244 46 Commercial
1033 2367 103 37 Road
1152 2368 77 39 Bill
1251 2379 78 33 was
1348 2370 84 40 read
1449 2380 25 24 a
1492 2370 77 34 first

231 2409 107 38 time.

1119 51 148 52 THE
1302 51 381 52 NATIONAL
1720 51 381 56 REGISTER.

689 2467 187 40 arANISU
895 2470 198 27 TREATY.

282 2522 80 34 Mr.
379 2523 106 34 SCCR
665 2523 213 38 C.ANNItiG
896 2524 190 44 presented
1106 2536 24 22 a
1156 2536 100 35 copy
1278 2524 46 37 of
1346 2525 63 35 the
1424 2526 144 45 Treaty

229 2568 48 39 Of
294 2569 124 34 Peace
430 2570 71 33 and
521 2569 171 35 Alliance
718 2570 165 35 between
904 2571 56 34 his
977 2570 161 47 Majesty
1156 2574 71 34 and
1246 2574 63 33 the
1328 2575 237 33 Provisional

231 2616 250 35 Government
500 2616 45 34 of
560 2616 131 48 Spain,
706 2617 128 43 acting
861 2619 33 34 in
927 2619 65 34 the
1016 2629 105 24 name
1139 2620 43 34 of
1218 2622 54 33 his
1289 2620 175 37 Catholic
1487 2622 54 34 Ma-

222 2661 105 48 jesty
354 2663 208 34 Ferdinand
585 2665 97 34 VII.
709 2665 123 41 signed
852 2676 46 24 on
925 2666 63 33 the
1020 2666 83 39 I-Ith
1130 2667 45 34 of
1187 2668 191 45 January,
1411 2669 107 35 Ma

226 2712 182 37 'Ordered
426 2718 39 31 to
490 2712 52 38 lie
560 2721 47 28 on
626 2712 59 33 the
705 2712 113 33 table.

720 2781 80 24 LOC
811 2783 18 22 A
844 2783 20 22 t,

279 2818 100 34 Lord
398 2820 30 34 C
441 2829 13 24 t
464 2828 190 33 STLEILEA
667 2829 67 24 Gil.
764 2820 129 43 moved
927 2823 58 31 hr
1004 2823 105 41 leave
1134 2828 39 30 to
1328 2825 74 37 ininn
1422 2825 79 34 Bill
1532 2832 35 27 to

226 2868 37 41 41
270 2874 56 27 ter
341 2868 72 33 and
431 2868 130 32 amend
582 2868 60 31 the
666 2868 69 32 Act
754 2868 123 43 passed
896 2868 133 44 (luring
1046 2870 63 32 the
1123 2871 65 34 last
1220 2864 159 43 Sesslitns
1402 2875 90 32 with
1514 2885 56 21 re.

227 2920 106 40 spect
364 2920 40 27 to
433 2914 74 33 this
534 2914 169 44 military
739 2916 100 43 plan.
891 2915 81 33 The
1009 2916 180 45 principle
1221 2920 45 33 of
1296 2920 61 33 the
1378 2929 80 24 new
1493 2921 74 34 Bill

227 2960 128 34 which
378 2960 46 34 he
444 2960 170 34 intended
635 2967 37 32 to
702 2972 158 33 propose
888 2968 39 27 to
947 2962 60 35 the
1031 2963 138 41 !louse,
1196 2976 79 22 was
1293 2967 200 35 tthrelieve
1508 2969 60 35 the

229 3011 253 33 Government
509 3007 97 38 from
626 3008 61 33 the
705 3009 133 43 charge
856 3008 43 34 of
914 3011 141 43 paying
1071 3020 24 25 a
1111 3012 141 45 hounty
1272 3012 44 34 of
1329 3020 79 26 two'
1421 3017 150 39 guineas

230 3067 69 37 per
319 3066 80 24 man
417 3057 164 41 entering
600 3056 61 39 the
690 3057 113 37 Local
828 3057 157 39 Militia,
1013 3058 50 43 by
1090 3060 149 39 making
1258 3060 60 34 the
1338 3064 169 41 parisbei
1537 3065 33 32 in

227 3104 66 38 iht
314 3104 208 44 respective
540 3103 165 34 counties
739 3113 76 35 pay
835 3104 59 37 the
913 3105 144 43 bounty
1074 3113 38 30 as
1140 3118 24 22 a
1194 3109 89 43 kind
1304 3110 41 37 of
1370 3111 198 43 parochial

229 3162 85 24 rtx.

291 3200 69 32 the
391 3198 73 33 Bill
487 3207 74 32 ..cas
580 3198 164 44 opposed
771 3203 40 30 at
829 3207 98 26 some
944 3198 126 44 length
1090 3201 47 44 by
1167 3202 76 43 Mr.
1265 3203 221 39 Whitbread
1501 3207 70 33 and

231 3247 77 33 ?Ir.
338 3247 35 30 \V
452 3253 97 33 ii:.111,
579 3246 104 33 whey
704 3246 105 33 leave
829 3250 196 37 waJgraist
1017 3248 52 26 I
1070 3260 7 22 _et.
1097 3256 35 25 to
1154 3250 109 43 bring
1281 3253 24 33 it
1331 3252 48 37 in.

617 3314 15 25 s
673 3315 50 22 Li:
746 3317 54 21 or
828 3311 155 30 vi-mt.sc
999 3317 194 27 orrirts.

276 3354 81 31 l'he
377 3353 63 34 Ca
451 3363 18 22 A
481 3361 201 33 Ncir.t.i.ntc
770 3361 8 22 t
789 3354 31 31 Ne
820 3354 15 31 t
863 3348 182 50 l'XClfetl
1057 3366 20 22 u
1090 3366 51 24 l:tc
1167 3358 120 33 called
1309 3359 59 33 the
1387 3361 185 34 attention

229 3402 40 27 er
287 3403 63 31 the
374 3402 123 33 116iise
519 3406 38 26 to
575 3402 63 33 the
654 3403 234 41 expediCney
907 3403 45 32 or
974 3403 56 44 twi
1030 3403 18 44 k
1048 3403 18 44 i
1065 3403 19 44 g
1084 3403 38 44 io
1122 3403 19 44 g
1363 3413 34 26 to
1420 3417 151 34 prevent

249 3462 43 20 Ic
308 3449 81 33 sale
406 3448 56 41 of,
488 3457 44 24 or
550 3448 209 44 brokerage
780 3459 60 28 ins,
865 3449 63 32 the
946 3449 163 45 disposal
1126 3452 43 35 of
1201 3454 131 33 Public
1352 3455 184 37 Nituatioti
1537 3455 17 37 ,
1553 3455 18 37 .

229 3498 84 33 The.
340 3496 92 46 only
461 3495 94 34 laws
570 3501 132 32 extant
733 3496 122 32 whirl;
887 3497 89 32 bore
1009 3497 183 35 reference
1225 3507 38 27 to
1284 3501 99 33 these
1416 3504 156 33 offences

231 3554 96 21 %!.re
347 3544 261 43 thoie.passed
639 3543 33 31 in
692 3542 60 34 the
777 3546 13 33 1
790 3546 13 33 4
803 3546 57 33 :2dt
879 3546 41 31 of
951 3546 162 33 IZichard
1137 3547 58 34 11.
1222 3547 70 35 and
1322 3549 59 33 the
1407 3552 65 32 .1111
1501 3553 70 33 and

229 3592 60 33 fith
328 3589 45 40 of
407 3591 163 34 Edward
608 3591 76 33 VI.
764 3592 8 32 I
783 3598 13 27 t
836 3593 275 45 bevatnv.tiece
1111 3593 19 45 ,
1130 3593 100 45 Nary,
1290 3594 202 44 therefore,
1534 3606 38 25 to

226 3651 86 38 vacs
335 3648 25 26 a
379 3648 80 31 new
478 3638 96 39 saw,
615 3638 50 32 by
687 3638 122 33 rhich
842 3638 170 39 ntrence3,
1049 3644 83 33 such

1152 3643 70 39 .has
1243 3643 71 33 had
1333 3644 115 33 lately
1468 3657 103 22 come

224 3692 39 28 le
294 3687 65 34 the
387 3686 223 43 knowledge
632 3685 44 33 of
703 3689 63 30 the
790 3686 78 39 lion
868 3686 20 39 ,
888 3686 40 39 e,
957 3689 117 41 might
1095 3697 91 26 meet
1207 3691 92 33 with
1322 3691 79 34 that
1421 3696 128 40 puoish-

223 3743 102 38 vient
346 3733 124 33 which
488 3735 89 40 they
596 3735 171 35 merited,
798 3742 37 24 to
850 3736 118 31 %hien
985 3746 91 21 ne.ue
1090 3736 43 33 of
1148 3737 59 33 the
1228 3742 87 31 Acts
1335 3739 33 33 in
1381 3751 45 22 ex
1437 3742 133 33 i,tence

262 3794 66 22 ere
366 3781 239 46 upplieti!Jtv,.
798 3785 122 32 01)lect
960 3783 45 31 of
1045 3783 67 37 the.
1157 3785 74 33 HUI
1276 3788 119 32 would
1430 3795 63 26 not
1527 3790 44 31 he

249 3833 85 34 lout
367 3835 52 35 41,
438 3835 150 39 prevent
620 3827 64 33 the.
713 3830 279 32 estabilMtneilt
1022 3833 41 32 of
1094 3833 119 33 tillices
1245 3833 59 34 for
1336 3835 60 33 the
1426 3835 79 34 sale
1533 3840 37 30 of

223 3881 145 43 rs:,ces,
398 3878 65 34 but
478 3876 80 41 nkso
576 3875 58 33 for
654 3878 194 41 poi;10/ilig
868 3879 59 31 ill..
948 3878 230 37 notification
1194 3880 128 45 ()ratty
1339 3883 77 32 sale
1437 3886 48 43 by
1505 3886 43 32 ad-

217 3927 261 34 vertitement,
506 3924 85 39 hill,
618 3934 44 21 or
697 3925 34 32 in
764 3934 69 27 any
869 3926 106 40 other
1005 3938 96 31 way,
1123 3928 122 33 which
1264 3931 106 33 could
1409 3932 46 33 4e
1481 3944 65 21 con-

216 3976 129 40 ortitsi
366 3976 7 32 i

372 3979 72 35 .ato
464 3983 45 28 all
526 3983 141 34 agency
687 3972 57 31 for
770 3972 37 32 tat
807 3972 12 32 ,
819 3972 13 32 '
861 3973 221 43 ellppULit;OL;
1095 3976 44 34 of
1153 3977 125 44 places
1293 3977 34 33 in
1344 3979 129 44 public
1489 3981 61 32 ()ri-

222 4033 74 33 ce..
373 4050 19 6 ..

268 4069 103 38 Lore%
392 4070 6 15 '
420 4075 235 32 ot.KSTONr
672 4067 63 31 WO
757 4071 61 27 not
847 4077 142 33 oppn4t*
1018 4075 11 26 t
1038 4070 44 31 he
1111 4069 188 46 principle
1318 4074 21 32 o
1339 4074 22 32 f
1387 4075 61 32 the
1469 4076 97 35 Bill.

439 4122 65 27 Vat
628 4126 220 34 "I'rrzs'ng
879 4117 53 32 hr,
961 4121 37 41 (.
998 4121 18 41 I
1016 4121 263 41 .lFhpprehation
1312 4121 45 34 u'
1377 4121 65 35 the
1475 4126 91 32 tim.l

1084 4209 6 13 I
1133 4209 2 13 '

2666 57 215 51 APRIL
2896 64 51 45 2.

1625 183 133 34 chosen
1786 184 60 34 for
1872 184 47 35 its
1950 185 265 35 introduction.
2268 188 35 33 It
2322 197 79 24 was
2422 197 209 34 necessary,
2657 188 34 33 if
2792 189 77 33 law
2890 198 76 25 was

1628 236 38 30 to
1683 233 48 32 be
1748 231 170 41 enacted,
1944 233 80 40 that
2042 231 64 35 the
2126 233 128 35 House
2270 234 131 34 should
2426 236 48 33 be
2492 235 33 33 in
2544 236 202 44 possession
2765 235 46 33 of
2831 236 52 33 all
2903 235 63 34 the

1630 279 239 39 informatics
1886 280 161 45 possible
2066 281 159 37 relative
2244 286 38 28 to
2301 282 64 33 the
2381 285 130 32 abuses
2530 283 34 33 in
2580 283 204 41 exktence,
2800 285 38 32 in
2857 281 107 37 order

1629 325 83 40 th3t
1729 325 90 46 they
1837 327 118 44 might
1972 328 45 33 be
2033 327 123 34 better
2172 330 154 34 enabled
2341 335 39 28 to
2394 331 119 44 ripply
2531 331 85 33 such
2635 340 22 24 a
2675 331 144 43 remedy
2835 340 40 24 as
2889 340 77 25 was

1628 373 124 45 likely
1772 378 40 30 to
1835 376 46 32 be
1897 374 172 34 attended
2089 376 94 34 with
2202 385 25 25 a
2241 377 94 43 good
2361 374 120 37 effect.
2536 377 41 34 In
2607 377 92 39 fact,
2738 377 64 33 the
2836 377 130 35 llou3e

1631 430 73 25 was
1722 426 41 28 at
1781 426 144 40 present
1946 423 230 45 completely
2210 424 34 33 in
2264 424 60 33 the
2342 424 115 43 dark,
2481 424 70 34 and
2577 424 132 33 should
2730 424 94 34 have
2843 425 123 34 better

1630 468 239 35 information
1887 468 129 35 before
2035 468 87 46 they
2145 471 155 43 proceed
2319 477 38 30 to
2375 482 111 32 agree
2498 476 38 30 to
2551 471 63 33 the
2633 471 78 34 Bill
2727 468 202 56 proposed.

1677 515 124 45 Leave
1821 527 73 25 was
1912 516 109 46 given
2033 521 39 31 to
2091 519 109 45 bring
2216 520 35 32 in
2269 519 61 34 the
2347 515 96 39 Bill.
2493 517 230 47 Adjourned.

2068 617 193 46 Tuesday,',
2290 618 143 38 March
2450 620 65 37 28.

1677 669 77 34 Mr.
1787 671 157 33 (;rattan
1976 671 195 44 presented
2203 672 61 33 the
2296 671 98 44 Irish
2438 671 183 34 Insolvent
2659 670 176 38 Debtors'
2874 670 91 38 Bill.

1632 716 105 34 Read
1757 717 59 34 the
1839 719 77 33 first
1931 718 105 44 time,
2070 718 72 35 and
2160 718 156 41 ordered
2333 719 60 35 for
2412 711 61 51 the
2492 718 130 43 second
2655 718 150 44 reading
2838 729 47 26 on
2903 718 50 35 the
2953 718 18 35 .

1629 764 90 37 20th
1736 764 45 35 of
1834 767 91 44 pril.

2095 822 198 31 CAPTAIN
2316 824 190 27 SANDON.

1680 870 76 33 Mr.
1775 869 100 35 John
1898 870 102 34 T4ne
2017 872 129 33 moved
2179 872 64 33 the
2261 872 120 38 Order
2417 872 44 33 of
2487 872 60 33 the
2578 872 91 46 Dal
2702 870 57 43 for
2792 870 175 44 bringing

1635 918 163 45 Captain
1821 918 146 35 Sandon
1985 924 37 31 to
2041 918 63 34 the
2125 918 79 34 Bar
2220 918 43 35 of
2289 919 60 34 the
2369 920 146 43 House,
2544 920 34 34 in
2597 920 111 33 oilier
2726 924 38 28 to
2785 918 58 35 his
2861 919 106 45 being

1631 965 235 45 discharged.

1681 1012 61 34 He
1762 1023 74 24 was
1852 1012 239 45 accordingly
2111 1012 162 45 brought
2303 1017 39 31 to
2361 1012 65 37 the
2446 1015 89 43 Bar,
2563 1013 107 35 when
2700 1013 60 34 the
2793 1012 155 46 Speaker
2948 1012 22 46 .

1631 1059 191 34 addressed
1846 1059 73 34 him
1941 1067 37 30 to
1996 1062 63 38 the
2078 1061 201 43 follovring
2293 1068 159 39 purport
2470 1075 9 22 :

1726 1107 158 46 Captain
1906 1107 155 46 Huxley
2080 1107 161 43 Sandon,
2268 1108 70 33 this
2356 1109 129 39 House
2504 1108 138 45 having
2657 1108 145 34 entered
2824 1117 99 35 upon
2941 1116 25 25 a

1635 1154 19 45 t
1672 1154 19 45 6
1710 1154 113 45 solemn
1841 1155 184 44 Enquiry,
2052 1154 44 34 of
2117 1155 66 34 the
2199 1160 133 32 utmost
2350 1156 230 43 importance
2601 1161 39 37 to
2654 1155 60 33 the
2733 1155 170 37 admiliA
2913 1166 58 25 ray

1688 1204 79 33 tion
1785 1201 44 41 of
1840 1204 63 32 the
1923 1202 133 44 Army,
2085 1202 71 34 and
2179 1201 65 35 the
2276 1204 155 44 deepest
2448 1213 154 28 concern
2635 1209 39 28 to
2705 1202 61 34 the
2794 1202 174 45 personal

1689 1250 144 34 honour
1850 1251 43 35 of
1905 1250 61 33 the
1984 1251 204 33 illustrious
2210 1251 247 34 Commander
2471 1251 33 33 in
2522 1251 129 39 Chief,
2678 1260 71 32 you
2769 1260 100 24 were
2881 1251 91 39 6.1).

1688 1297 45 34 ed
1754 1309 44 21 on
1817 1302 37 28 to
1865 1296 85 45 give
1968 1298 175 41 evidence
2157 1296 126 38 before
2296 1309 24 22 a
2335 1298 222 34 Committee
2574 1296 46 34 of
2639 1297 71 33 this
2725 1292 244 44 Honourable

1690 1345 143 41 llouse,
1863 1343 176 44 touching
2056 1344 64 35 the
2148 1349 135 30 matter
2308 1345 34 39 in
2375 1345 119 40 issue;
2518 1344 71 34 and
2619 1344 37 33 in
2683 1344 60 48 the
2776 1355 130 22 course
2929 1342 45 48 If

1690 1402 97 34 your
1799 1393 272 38 examination,
2088 1393 72 33 this
2174 1393 125 33 House
2319 1391 65 35 has
2395 1390 182 46 adjudged
2590 1402 76 33 you
2685 1391 115 44 guilty
2819 1390 45 35 of
2872 1396 98 35 gross

1689 1440 289 44 prevarication.
2029 1440 92 34 This
2141 1440 151 41 offence,
2326 1444 40 28 at
2392 1440 51 34 all
2461 1440 105 38 tir.les
2582 1439 224 34 desquctive
2839 1439 45 34 of
2907 1437 63 40 the

1681 1486 83 45 just
1788 1486 195 44 authority
2001 1486 70 34 and
2091 1487 201 44 privileges
2308 1487 44 33 of
2376 1487 72 35 this
2469 1486 244 39 Henourable
2731 1486 145 41 House,
2901 1485 69 34 and

1688 1534 214 34 subversive
1931 1533 44 40 of
2000 1533 63 33 the
2079 1545 169 30 common
2264 1534 183 34 sanctions
2463 1533 43 34 of
2528 1534 63 33 the
2607 1534 93 33 civil
2721 1533 158 44 society,
2907 1532 64 35 has

1689 1583 92 33 been
1799 1581 48 44 by
1867 1591 74 34 you
1962 1581 262 43 considerably
2249 1583 223 41 aggravated
2498 1581 93 41 from
2616 1580 64 39 the
2698 1581 167 44 military
2883 1579 66 35 cha-

1690 1635 122 28 racter
1828 1629 70 39 and
1925 1628 208 46 profession
2152 1641 73 33 you
2244 1629 116 41 filled,
2385 1641 24 22 a
2433 1629 195 33 character
2653 1628 41 34 of
2715 1623 124 40 which
2867 1628 103 34 truth

1688 1675 71 39 and
1788 1676 143 37 honour
1946 1675 131 34 should
2094 1688 92 24 ever
2212 1677 44 33 be
2280 1680 64 33 the
2362 1676 233 44 inseparable
2610 1675 254 41 distinctions;
2890 1675 83 41 that

1688 1723 196 44 chigacter
1904 1723 64 33 has
1982 1724 90 33 been
2092 1724 50 44 by
2161 1734 74 33 you
2251 1723 202 45 degraded,
2479 1735 70 34 you
2570 1723 93 34 have
2681 1722 113 45 fallen
2810 1722 98 35 from
2927 1723 44 43 its

1683 1770 85 44 high
1788 1770 163 45 dignity,
1976 1770 70 34 and
2063 1781 76 31 you
2172 1772 92 38 have
2293 1773 123 34 closed
2445 1782 25 22 a
2494 1772 84 44 long
2606 1780 126 25 course
2750 1770 43 33 of
2813 1776 158 38 corrupt

1691 1818 180 45 practices
1900 1820 50 43 by
1978 1830 96 33 your
2101 1819 185 44 incurring
2311 1818 64 35 for
2402 1828 97 35 your
2515 1819 113 33 crime
2646 1818 63 33 the
2726 1827 148 31 censure
2902 1818 69 35 and

1693 1865 246 45 punishment,
1964 1865 122 35 which
2118 1866 74 33 this
2226 1866 128 38 House
2388 1866 35 34 in
2459 1866 46 34 its
2529 1864 139 47 justice
2699 1865 61 35 has
2793 1864 176 40 indicted.

1690 1913 276 40 Nevertheless,
1990 1912 76 34 this
2098 1913 145 41 House,
2269 1913 34 34 in
2327 1923 250 35 consequence
2602 1912 45 43 9f
2669 1912 63 37 the
2758 1912 128 37 shame
2902 1913 72 35 and

1688 1965 141 28 sorrow
1850 1961 126 34 which
1996 1971 72 32 you
2087 1961 94 33 have
2198 1962 216 44 expressed,
2440 1961 70 34 and
2529 1961 132 44 taking
2676 1961 230 45 compassion
2926 1970 46 30 nn

1690 2007 64 35 the
1770 2007 142 34 broken
1930 2013 92 30 state
2042 2008 44 33 of
2112 2008 126 39 health
2258 2008 112 38 under
2388 2008 124 39 which
2532 2010 30 32 it
2575 2008 30 33 is
2622 2008 165 45 alledged
2816 2017 74 34 you
2908 2017 65 27 are

1690 2066 83 30 now
1791 2055 187 44 suffering,
1998 2055 63 34 has
2076 2056 156 35 ordered
2251 2066 71 33 you
2343 2061 38 31 to
2396 2057 47 34 he
2459 2055 217 44 discharged
2692 2067 9 22 :
2727 2055 71 39 and
2816 2066 74 34 you
2909 2057 66 39 any

1689 2106 51 37 nom
1740 2106 17 37 .
1756 2106 18 37 ,
1791 2104 217 40 discharged
2023 2104 255 44 accordingly,
2303 2099 143 48 paying
2464 2113 92 33 your
2752 2099 5 48 '

1683 2151 74 32 Mr.
1781 2151 282 40 WHITBREAD
2094 2151 148 40 moved,
2276 2150 79 35 that
2392 2152 64 38 the
2485 2151 211 45 reprimand
2730 2150 46 35 of
2806 2151 167 44 Captain

1637 2197 156 45 Huxley
1811 2197 145 35 Sandon
2029 2198 155 35 4:ntered
2203 2209 98 35 upon
2320 2198 61 34 the
2398 2199 193 37 Journals.
2642 2197 333 39 Ordered.accord-

1789 2304 128 34 Ilouqe
1948 2304 167 34 resolveC
2146 2306 79 34 into
2251 2315 22 25 a
2304 2307 226 34 Committee
2559 2309 40 31 to
2628 2306 168 35 consider
2818 2306 65 34 the
2908 2315 67 25 ex

1635 2354 90 45 pedN
1724 2354 22 45 i
1747 2354 69 45 scy
1845 2353 45 33 of
1909 2352 146 34 further
2081 2353 202 44 extending
2309 2354 65 34 the
2405 2354 131 35 Inland
2564 2353 231 46 Navidation
2823 2353 45 34 of
2893 2353 61 35 Ire-

1633 2399 99 34 land.

1680 2447 60 35 Sir
1796 2457 152 32 Rrmun
1969 2446 43 37 W
2023 2456 227 30 CI.LESLE:
2267 2447 110 45 urged
2396 2447 163 46 forcibly
2571 2459 48 25 on
2631 2448 61 34 the
2704 2448 272 37 consideration

1631 2493 45 34 of
1706 2496 63 40 the
1798 2494 221 34 Committee
2046 2494 61 34 the
2138 2494 231 46 expediency
2391 2496 48 33 of
2459 2497 203 43 extending
2692 2496 103 34 those
2820 2497 155 44 navignm

1631 2542 112 41 tions,
1776 2548 64 31 not
1858 2542 141 43 merely
2033 2541 61 34 for
2126 2542 65 35 the
2220 2542 96 35 local
2343 2542 208 46 advantage
2578 2543 46 34 of
2641 2544 164 43 Ireland,
2836 2543 138 44 where,

1632 2589 191 41 however,
1848 2590 90 44 they
1969 2589 123 34 would
2118 2589 47 33 be
2192 2588 130 46 highly
2341 2590 211 39 beneficial,
2578 2593 67 33 but
2662 2591 59 34 for
2746 2591 229 46 facilitating

1632 2636 61 33 the
1711 2637 136 44 supply
1866 2636 45 41 of
1924 2636 72 34 this
2013 2642 156 38 country
2189 2637 90 35 with
2296 2639 65 33 the
2376 2639 242 41 agricultural
2640 2639 161 45 produce
2820 2640 44 33 of
2880 2640 98 39 that,

1632 2685 50 43 by
1700 2685 159 44 opening
1873 2695 26 26 a
1917 2694 100 24 more
2043 2685 116 43 ready
2185 2685 69 34 and
2274 2686 280 44 advantageous
2581 2686 314 35 communication
2911 2688 43 32 be-

1631 2738 120 27 tween
1772 2731 59 33 the
1848 2732 161 39 interior
2022 2732 72 33 and
2113 2732 64 34 the
2194 2743 63 24 sea
2272 2738 132 28 coasts.
2459 2733 115 41 Such,
2598 2733 190 43 however,
2817 2744 78 26 was
2914 2733 63 35 the

1631 2783 94 31 state
1744 2778 41 35 of
1812 2779 142 48 capital
1974 2785 167 38 amongst
2158 2778 69 37 the-
2238 2790 105 33 great
2362 2781 93 39 bulk
2473 2781 45 34 of
2529 2783 63 33 the
2609 2780 224 46 community
2854 2781 123 41 there,

1632 2826 81 33 that
1742 2826 30 34 it
1800 2837 74 25 was
1894 2833 60 27 not
1984 2835 38 26 to
2048 2828 46 32 be
2120 2828 183 45 expected
2329 2839 22 22 a
2373 2838 189 34 purpose,
2584 2838 93 35 evsn
2705 2838 38 24 so
2772 2829 203 43 desirable,

1632 2874 106 33 could
1760 2875 45 31 be
1821 2870 163 37 carried.
1998 2875 74 32 into
2091 2885 70 32 any
2185 2875 257 34 considerable
2459 2876 107 34 effect
2582 2874 136 46 bfthe
2733 2875 105 37 funds
2855 2875 45 34 of
2923 2875 38 35 in-

1633 2921 197 34 dividuals.
1889 2922 28 31 A
1937 2931 76 24 sum
2033 2920 43 33 of
2095 2922 191 41 500,000/.
2307 2923 182 38 had.been
2511 2923 109 35 voted
2653 2923 35 34 in
2708 2922 61 38 the
2794 2924 74 35 last
2896 2923 60 34 Ses-

1632 2969 81 32 sion
1730 2968 45 33 of
1802 2969 61 32 the
1887 2968 94 41 Irish
2017 2969 231 34 Parliament
2269 2970 54 33 for
2357 2972 78 33 this
2453 2981 177 35 purpose,
2661 2970 72 39 and
2746 2980 25 25 a
2790 2970 126 35 Board
2933 2970 45 34 of

1633 3015 73 34 five
1721 3015 304 38 Commissioners
2040 3018 208 44 appointed
2267 3024 38 30 to
2322 3019 236 44 superintend
2574 3018 63 34 the
2654 3019 99 44 plans
2767 3018 209 46 proposed,

1635 3064 70 32 and
1726 3064 63 33 the
1805 3064 280 34 disbursements
2105 3064 45 33 of
2170 3076 93 22 sums
2283 3065 116 35 kilted
2419 3066 60 34 for
2492 3066 122 35 inland
2633 3067 231 43 navigation,
2916 3065 59 35 lie

1637 3111 183 33 therefore
1838 3111 167 33 intended
2022 3117 37 26 to
2080 3122 163 33 propose
2258 3123 24 24 a
2300 3112 76 43 Bill
2396 3113 60 33 for
2473 3113 226 39 thelurthe.r
2714 3113 261 37 advancement

1636 3158 41 32 of
1693 3159 63 32 the
1770 3159 122 33 inland
1918 3159 216 43 navigation
2157 3161 35 33 in
2225 3162 174 40 Ireland;
2426 3161 64 35 the
2505 3159 34 45 ob
2539 3159 17 45 t
2556 3159 71 45 iect
2647 3161 45 33 of
2707 3162 118 33 which
2849 3162 126 40 would

1638 3206 58 40 he,
1724 3211 38 27 to
1781 3207 170 34 continue
1981 3208 60 32 the
2062 3219 65 21 ren
2140 3207 85 34 ards
2244 3207 43 37 of
2316 3209 63 34 the
2401 3208 143 37 'lnland
2563 3208 233 48 Navigation
2831 3208 144 44 Board,

1636 3253 222 44 chargeable
1879 3265 97 32 1111(111
1998 3255 61 31 the
2076 3255 265 35 Consolidated
2363 3255 122 37 Fund.
2624 3253 5 44 .
2689 3279 19 11 .

1687 3301 57 31 Sir
1762 3301 44 33 .1.
1828 3301 102 33 N::w
1944 3312 78 24 eon
2031 3312 18 24 I
2074 3301 98 46 fully
2205 3304 191 37 coincided
2432 3305 37 35 in
2498 3305 63 33 the
2588 3305 131 44 utility
2737 3305 44 33 of
2805 3308 146 41 promot-

1638 3347 61 44 ing
1719 3348 120 33 Wand
1857 3351 214 40 navigation
2107 3351 34 32 in
2179 3351 176 43 Ireland;
2383 3352 67 32 but
2479 3352 126 34 denied
2640 3352 63 33 the
2735 3352 181 46 necessity
2935 3351 45 35 of

1636 3404 106 34 entry
1752 3396 59 41 ing-
1835 3396 63 33 the
1964 3403 91 30 stens
2075 3409 63 28 on,
2158 3398 112 39 under
2296 3399 86 44 paid
2411 3399 306 35 Commissioners
2746 3399 125 43 there,
2897 3410 73 33 any

1638 3454 99 21 snore
1755 3443 86 33 than
1925 3445 48 39 En
2003 3445 100 43 land,
2128 3456 44 22 or
2206 3446 37 34 in
2274 3448 189 40 Scotland,
2490 3449 126 32 where
2643 3449 215 33 Gentlemen
2878 3457 99 24 were

1638 3489 109 33 found
1873 3493 209 40 patriotism,
2098 3493 69 34 and
2198 3494 126 44 public
2348 3494 113 46 spirit
2479 3494 141 45 enough
2642 3501 39 27 to
2694 3494 85 45 give
2794 3494 102 34 their
2913 3494 63 35 aid

1638 3537 33 32 in
1690 3539 301 43 superintending
2008 3540 99 33 such'
2128 3552 25 21 ss
2169 3542 102 40 orks,
2302 3542 161 34 without
2481 3542 57 34 fee
2556 3553 44 22 or
2627 3542 158 34 reward.
2843 3542 37 34 It
2898 3553 76 22 was

1636 3586 142 40 casting;
1794 3595 44 22 an
1870 3585 180 43 injurious
2067 3588 69 32 and
2166 3588 200 46 degrading
2382 3589 191 35 refection
2590 3600 51 24 on
2662 3592 63 33 the
2759 3589 216 35 Gentlemen

1637 3631 44 33 of
1710 3632 144 33 Ireland
1877 3639 39 31 so
1931 3644 163 33 coppose
2121 3635 84 38 that
2230 3638 106 43 equal
2373 3637 210 45 patriotism
2615 3638 72 32 and
2715 3637 128 44 public
2862 3637 111 44 spirit

1638 3690 99 22 were
1756 3687 58 24 not
1837 3689 38 25 to
1890 3681 174 40 IK.k.toolici
2092 3683 33 33 in
2146 3683 78 40 that
2239 3690 175 39 country,
2439 3684 71 35 and
2537 3686 35 33 in
2589 3696 25 25 a
2635 3684 214 40 businessso
2868 3694 110 35 prtg

1636 3735 84 26 uant
1744 3728 89 33 with
1854 3729 97 33 local
1970 3729 237 44 advantages.

1683 3775 59 32 Sir
1767 3775 26 32 A
1807 3785 78 24 writ
1898 3785 54 24 UR
1977 3777 125 33 WELL
2118 3788 139 24 LSLEY
2287 3778 131 35 denied
2437 3780 64 33 the
2518 3780 156 34 motives
2698 3780 211 40 attributed,
2937 3783 38 31 to

1636 3820 78 37 him,
1730 3822 58 34 for
1807 3823 63 34 the
1889 3824 236 44 proposition
2145 3827 43 32 he
2199 3827 152 34 offered.
2380 3827 83 34 The
2474 3827 250 46 experiment,
2740 3827 44 34 he
2796 3827 97 41 said,
2907 3826 56 34 hid
2962 3826 19 34 ,

1633 3870 90 33 been
1744 3873 103 32 made
1866 3878 38 27 to
1924 3872 71 33 find
2028 3873 129 44 public
2189 3874 156 44 spirited
2378 3875 216 33 Gentlemen
2623 3875 38 35 its
2694 3876 196 41 Ireland,
2890 3876 85 37 who

1637 3918 119 33 would
1775 3920 84 41 give
1885 3920 99 32 their
2003 3921 61 32 aid
2083 3920 133 44 gratis,
2238 3922 61 32 but
2321 3924 30 33 it
2370 3921 73 34 had
2466 3922 129 34 failed.

1683 3966 27 32 A
1734 3965 85 43 long
1835 3966 198 34 discussion
2061 3967 85 35 then
2174 3970 90 33 took
2300 3970 106 44 place
2435 3970 165 39 between
2633 3971 60 33 Sir
2714 3971 137 34 Arthur
2874 3970 78 33 Wel-

1633 4012 129 44 lesley,
1783 4015 57 31 sir
1859 4015 102 33 John
1982 4016 202 45 Newport,
2209 4017 69 33 Mr.
2308 4016 145 39 Foster,
2476 4018 69 33 Mr.
2564 4018 175 43 Parnell,.
2754 4020 67 34 Mr.
2850 4019 105 32 'Wind-

1631 4062 100 39 ham,
1748 4063 70 31 and
1837 4062 63 32 the
1919 4062 227 45 Chancellor
2170 4064 46 37 of
2243 4065 60 37 the
2324 4065 241 47 Exchequer,
2594 4068 73 33 and
2698 4075 39 30 at
2767 4068 126 46 kugth
2914 4068 66 34 the.

1631 4109 224 33 Committee
1878 4110 167 33 divided.
2897 4109 2 34 .
2970 4140 6 4 ,

1681 4157 74 33 For
1775 4157 58 32 the
1856 4159 97 34 VIII
1952 4159 253 46 41,Against
2226 4160 27 34 it
2282 4160 353 47 I.Majority29.

1932 4231 6 18 t
