3405 4453
1077 104 146 59 TIIE
1260 99 377 64 NATIOisTAt
1674 102 378 58 REGISTER.

185 239 38 39 It
233 239 106 40 ussia
357 254 12 30 ;
403 240 79 39 and
501 240 102 52 kept
619 241 107 39 their
746 243 219 51 Sovereign
984 241 78 40 and
1077 248 176 47 country
1276 243 40 39 in
1335 243 71 39 the
1424 247 105 34 most

185 291 139 51 abject
340 296 107 34 state
467 293 48 39 of
539 293 272 52 dependence,
840 295 91 39 that
950 294 98 53 they
1075 295 133 52 might
1240 295 105 40 have
1374 307 53 28 au
1459 308 48 40 op-

183 343 215 54 portunity
422 345 51 39 of
493 345 226 53 gratifying
735 346 105 39 their
859 356 92 31 own
976 348 196 51 rapacity,

242 398 226 38 Whatever
487 397 133 52 policy
637 398 71 39 the
722 399 194 51 usurping
933 399 126 39 Cabal
1077 413 89 39 may
1183 398 119 41 think
1316 399 211 53 expedient

183 454 46 34 to
252 457 164 45 pursue,
438 463 59 26 we
517 463 69 27 are
605 449 137 56 happy
764 454 43 37 to
827 454 48 38 be
894 450 221 47 informed;
1143 452 92 39 that
1254 463 77 28 our
1348 454 158 38 Govern
1506 454 27 38 ,

187 509 113 31 Inca
320 501 32 41 is
366 502 250 41 determined
638 510 45 32 to
699 515 206 43 persevere
926 517 39 26 in
979 506 71 39 the
1062 506 233 51 operations
1307 503 128 40 which
1455 503 74 40 had

187 554 104 40 been
312 555 208 52 projected
542 555 65 40 for
632 557 71 38 the
739 555 139 46 Baltic,
909 556 230 52 previously
1159 562 46 34 to
1225 557 71 39 the
1315 555 80 41 late
1416 566 92 31 revo-

185 606 159 47 lution;
377 606 78 40 and
477 608 91 39 that
599 608 32 40 it
651 608 81 40 will
764 607 104 53 keep
893 609 91 39 that
1003 617 66 31 sea
1089 621 104 40 open
1213 608 40 40 in
1280 609 104 51 spite
1402 609 51 39 of
1466 608 67 40 the

185 659 236 54 opposition
442 660 50 38 of
502 661 180 46 Sweden,
694 660 144 40 should
856 661 31 38 it
901 661 143 39 evince
1061 673 26 26 a
1098 661 93 39 wish
1211 666 45 34 to
1272 661 126 40 resist.
1457 663 76 38 For

187 715 83 37 this
286 725 178 40 purpose
485 725 25 26 a
527 713 247 40 formidable
794 715 90 38 feet
905 713 31 39 is
957 715 219 52 preparing
1196 713 98 39 with
1315 713 67 40 the
1401 718 109 48 great-

187 770 63 35 est
280 765 253 53 expedition.
592 767 59 39 Sir
685 768 7 31 -I
693 780 132 26 -AMES
861 768 239 38 SAIJMAE.EZ
1137 767 72 39 has
1240 767 100 39 been
1375 770 89 35 sent
1492 771 41 34 to

188 819 215 39 Sheerness
423 819 77 41 and
523 819 198 39 Chatham
757 823 43 34 to
830 819 262 52 superintend
1126 819 70 39 the
1226 819 234 52 equipment
1492 819 45 39 of

189 874 54 34 20
261 869 72 40 sail
354 870 51 39 of
417 870 70 39 the
507 869 79 40 line
607 870 77 39 and
710 875 45 33 15
783 869 183 53 frigates,
986 870 131 39 which
1146 883 70 26 are
1237 878 44 32 to
1300 870 71 39 sail
1394 870 112 39 imme-

187 921 152 54 diately
360 928 46 33 to
425 922 70 39 the
526 922 145 39 North.
729 922 107 39 That
849 922 158 52 gallant
1026 922 78 39 and
1123 922 292 53 distinguished
1437 922 76 40 Offi-

189 987 85 33 cer,
294 981 43 33 at
356 976 71 39 the
445 976 103 39 head
569 973 48 41 of
631 989 46 26 so
696 974 113 52 large
824 987 24 26 a
865 974 130 46 force,
1025 974 78 40 will
1127 976 47 39 he
1189 976 69 38 the
1274 980 106 34 most
1398 976 135 39 effica=

189 1028 116 40 cious
324 1028 252 52 Negociator
596 1028 77 39 this
687 1028 171 52 country
880 1041 74 26 can
973 1026 182 53 employ,
1187 1032 46 34 to
1259 1041 174 39 arrange
1460 1041 77 27 our

190 1080 239 40 differences
462 1080 100 40 with
592 1080 67 39 the
697 1083 128 35 States
854 1080 176 40 situated
1067 1093 53 27 on
1146 1080 70 40 the
1247 1080 139 39 shores
1407 1080 48 40 of
1467 1080 67 39 the

246 1232 89 39 The
377 1238 119 46 great
542 1230 159 52 subject
741 1230 50 39 of
826 1243 137 39 peace,
1012 1244 48 26 or
1096 1244 100 32 war,
1237 1231 43 39 in
1326 1231 203 52 Germany

191 1285 35 40 Is
262 1290 74 34 not
367 1290 67 46 yet
470 1285 177 50 brought
683 1289 45 32 to
763 1296 25 25 a
816 1281 236 40 conclusion
1068 1300 12 27 ;
1122 1285 76 38 but
1233 1297 122 38 every
1394 1284 138 39 article

194 1350 177 26 assumes
409 1350 25 25 a
470 1342 184 45 stronger
683 1341 99 33 tone
811 1337 47 37 of
880 1336 206 53 hostility;
1115 1349 123 39 every
1274 1349 85 25 new
1387 1335 145 40 arrival

193 1389 210 53 preludes
435 1402 115 26 more
579 1388 78 38 and
687 1401 116 25 more
834 1401 123 38 every
996 1394 188 46 prospect
1204 1388 48 39 of
1267 1401 50 26 an
1337 1387 196 40 amicable

191 1442 263 50 adjustment.
514 1443 38 35 It
565 1439 270 52 isimpossible
914 1440 106 39 form
1052 1454 77 39 any
1166 1441 117 51 thing
1310 1440 83 39 like
1424 1454 22 24 a
1467 1441 43 38 de-

191 1494 126 40 cisive
343 1507 84 39 spet
437 1492 156 41 ulation
624 1505 52 26 on
710 1492 70 39 the
800 1491 175 54 possible
991 1494 124 38 result
1134 1493 50 38 of
1198 1494 69 38 the
1299 1492 230 53 impending

190 1550 175 44 contest,
392 1545 257 52 considering
670 1544 70 39 the
755 1544 228 40 difficulties
1012 1558 57 26 we
1088 1546 146 38 labour
1254 1545 125 39 under
1397 1550 44 33 to
1461 1545 47 38 ob-

189 1602 89 38 tain
298 1599 172 53 positive
487 1598 268 38 information
775 1597 47 38 of
837 1598 69 37 the
934 1609 209 28 resources
1161 1597 78 39 and
1276 1597 112 53 spirit
1403 1597 50 39 of
1466 1596 66 40 the

189 1658 85 34 two
295 1650 161 52 parties.
515 1652 76 37 We
625 1650 106 38 have
762 1649 93 52 only
892 1649 71 39 the
993 1649 208 47 coloured,
1230 1649 195 40 distorted
1455 1650 76 38 and

188 1703 154 54 partial
369 1707 197 35 accounts
583 1702 48 39 of
657 1702 72 39 the
742 1715 143 39 enemy
905 1706 44 35 to
969 1702 123 51 guide
1107 1715 45 25 us
1163 1716 50 24 on
1234 1702 81 38 this
1330 1702 200 38 occasion.

193 1757 129 38 When
352 1756 116 39 these
502 1755 124 38 make
663 1754 208 40 therefore
902 1767 25 25 a
963 1754 231 39 concession
1230 1753 40 39 in
1303 1754 149 38 favour
1487 1754 47 38 of

188 1808 183 47 Austria,
399 1806 209 56 prudence
646 1805 137 41 would
820 1805 200 40 inculcate
1056 1807 70 38 the
1156 1806 191 51 necessity
1384 1806 48 38 of
1466 1806 44 38 be-

188 1860 156 52 lieving
378 1861 113 38 them
513 1866 45 33 to
579 1872 115 26 more
730 1859 98 38 than
861 1859 107 38 their
1003 1858 73 39 full
1109 1864 165 38 extent;
1305 1858 79 38 and
1417 1857 113 39 when

188 1917 100 50 they
318 1913 157 39 detract
510 1913 107 37 from
651 1912 71 38 the
757 1924 206 26 resources
983 1912 47 37 of
1048 1911 87 38 that
1157 1924 151 38 power,
1342 1923 189 26 common

187 1967 248 52 experience
450 1964 135 39 would
598 1963 146 53 justify
778 1963 69 39 the
881 1963 161 51 highest
1061 1964 146 50 degree
1221 1962 48 39 of
1294 1962 236 52 scepticism.

187 2019 80 38 We
301 2019 104 38 have
433 2029 54 26 no
521 2017 157 39 certain
710 2016 97 38 data
834 2020 45 34 to
900 2014 185 53 regulate
1113 2028 76 26 our
1214 2014 235 52 judgment,
1479 2028 52 25 no

188 2070 128 43 other
332 2068 269 43 information
627 2074 44 33 to
690 2069 123 51 guide
829 2081 77 26 our
924 2066 285 54 speculations,
1237 2068 99 38 than
1354 2067 106 39 what
1476 2080 56 25 we

187 2124 154 39 collect
357 2122 110 39 from
487 2122 71 39 the
574 2134 96 41 very
691 2120 162 39 cabinet
882 2120 48 38 of
958 2120 71 38 the
1048 2122 151 46 tyrant,
1228 2132 48 26 or
1296 2120 104 37 from
1417 2119 115 39 those

189 2176 53 37 of
253 2176 59 38 his
322 2179 158 47 agents,
508 2173 93 39 who
621 2186 69 26 are
703 2174 70 38 the
784 2185 148 39 organs
957 2171 51 39 of
1018 2172 61 38 his
1098 2170 78 39 will
1198 2176 41 34 at
1259 2176 28 33 A
1298 2171 230 44 thsterdam,

190 2228 220 51 Hamburg
431 2225 78 43 and
529 2224 237 40 Frankfort.
822 2228 81 37 Not
922 2237 24 26 a
959 2224 128 51 single
1107 2222 139 40 article
1280 2236 169 37 appears
1479 2237 50 24 on

191 2293 78 38 any
292 2280 50 38 of
357 2280 67 38 the
456 2291 148 43 papers
640 2277 208 53 published
886 2277 38 37 in
945 2277 71 37 the
1033 2275 206 39 extensive
1269 2280 122 39 tract,
1420 2289 84 24 com-

191 2331 155 52 prising
383 2331 70 39 the
494 2329 151 41 French
677 2331 169 51 empire,
876 2331 91 35 that
999 2329 32 38 is
1065 2334 71 32 not
1166 2328 193 45 dictated,
1387 2341 46 25 or
1472 2342 39 25 re-

222 2385 80 38 iced
324 2388 51 48 by
391 2396 51 26 an
458 2387 120 48 agent
598 2382 50 39 of
659 2383 70 37 the
752 2382 151 38 French
924 2386 287 47 government.

249 2438 193 38 Freedom
472 2435 52 38 of
546 2434 220 39 discussion
802 2434 70 39 has
904 2433 96 52 long
1037 2432 137 39 ceased
1205 2445 52 25 on
1294 2432 70 38 the
1398 2432 107 39 conti-

189 2494 116 33 nent.
360 2489 87 39 The
482 2486 346 39 communication
850 2486 48 37 of
913 2499 24 24 a
965 2485 129 51 single
1113 2485 98 43 fact,
1239 2484 231 40 obnoxious
1487 2490 43 33 to

190 2542 73 38 the
286 2542 118 38 views
424 2539 50 40 of
488 2539 71 38 the
576 2543 155 47 tyrant,
762 2538 130 39 would
915 2539 48 37 be
990 2537 219 40 succeeded
1226 2537 53 52 by
1300 2538 67 37 the
1388 2539 113 37 imme-

190 2596 112 38 diate
321 2594 156 38 seizure
507 2591 52 38 of
572 2593 69 37 the
671 2596 190 47 property
885 2590 77 39 and
984 2602 144 40 person
1153 2589 47 38 of
1209 2589 71 39 the
1302 2590 227 50 imprudent

193 2646 236 51 publisher;
461 2644 78 39 and
560 2643 60 38 his
639 2643 70 38 life
728 2656 76 39 pay
823 2644 71 37 the
913 2643 161 52 penalty
1097 2641 48 40 of
1179 2641 58 38 his
1256 2642 273 39 indiscretion.

191 2699 136 38 Inder
347 2698 94 39 such
464 2696 260 43 restrictions,
745 2698 111 37 there
876 2696 32 37 is
926 2708 52 25 no
1002 2693 223 53 possibility
1247 2693 50 39 of
1311 2695 213 52 obtaining

190 2751 40 39 in
253 2751 77 38 this
347 2760 191 40 country,
559 2748 152 38 certain
730 2747 255 53 intelligence
999 2747 106 38 from
1121 2748 233 48 Germany.
1409 2747 122 39 What

190 2816 61 26 we
266 2804 156 38 receive
442 2802 31 40 is
494 2799 141 54 purely
652 2800 171 39 French.
865 2803 120 37 From
1002 2799 91 40 that
1107 2811 143 26 source
1263 2811 124 39 every
1398 2799 132 52 thing,

190 2868 45 26 ns
254 2868 93 39 may
386 2855 48 38 be
454 2854 215 52 expected,
699 2852 211 53 magnifies
932 2854 71 38 the
1030 2854 146 38 armies
1194 2851 80 39 and
1294 2851 175 39 finances
1488 2852 45 37 of

188 2908 73 39 the
274 2919 162 40 enemy,
467 2920 43 25 as
526 2906 119 39 much
667 2919 41 25 as
730 2906 31 38 it
776 2906 253 39 endeavours
1048 2910 41 33 to
1108 2903 229 52 depreciate
1351 2904 117 38 those
1488 2904 47 39 of

194 2961 174 39 Austria.
426 2961 73 37 We
520 2970 71 26 are
609 2957 163 50 obliged
810 2963 44 33 to
870 2957 188 39 estimate
1072 2956 67 38 the
1162 2968 136 26 means
1312 2956 43 38 of
1374 2956 67 38 the
1455 2956 57 39 lat-

191 3021 76 35 ter,
298 3013 69 39 the
402 3012 235 39 sentiments
657 3011 50 38 of
732 3011 72 38 her
824 3009 267 44 inhabitants,
1120 3007 78 40 and
1218 3008 71 39 the
1316 3021 150 39 energy
1488 3009 47 38 of

189 3064 73 40 her
299 3067 294 41 Government,
622 3063 110 39 from
761 3064 240 38 documents
1035 3060 154 39 similar
1220 3066 46 32 to
1286 3061 116 38 those
1433 3061 94 39 with

189 3130 31 24 ti
233 3118 89 38 hich
360 3130 58 25 we
437 3129 71 25 are
535 3115 272 52 occasionally
828 3115 201 39 favoured
1067 3112 107 40 from
1208 3115 106 45 Paris
1315 3115 21 45 )
1365 3112 167 41 relative

189 3175 46 34 to
257 3172 66 37 the
350 3168 136 39 actual
506 3172 105 34 state
628 3167 48 39 of
704 3168 70 38 the
807 3168 164 50 Spanish
989 3164 157 40 nation.

244 3285 33 38 A
296 3282 119 40 letter
430 3281 107 39 from
557 3281 164 44 Lisbon,
752 3281 51 50 by
826 3282 67 38 the
914 3280 77 40 last
1011 3278 167 54 packet,
1198 3278 190 39 discloses
1404 3287 24 27 a
1448 3275 86 41 fact

187 3335 53 51 of
256 3341 124 47 great
404 3335 183 37 interest.
640 3337 35 38 A
698 3333 155 38 French
872 3347 69 39 spy
967 3345 80 25 was
1076 3330 254 46 discovered,
1358 3330 79 39 and
1472 3330 60 39 his

188 3402 148 43 person
356 3387 78 39 and
462 3398 145 39 papers
637 3385 168 40 secured
837 3397 24 27 a
896 3385 74 39 few
994 3384 124 39 hours
1144 3383 105 40 after
1281 3381 53 39 he
1363 3381 77 39 had
1462 3381 73 39 left

190 3443 165 40 Lisbon.
416 3441 61 38 He
495 3437 81 41 had
598 3438 229 52 previously
860 3437 182 52 imposed
1058 3436 165 39 himself
1237 3446 56 27 on
1311 3433 70 40 the
1402 3438 97 34 Mem-

187 3497 93 39 bers
300 3493 50 40 of
364 3493 69 38 the
454 3493 204 50 Regency,
678 3502 44 26 as
743 3503 25 26 a
783 3497 141 37 secret,
947 3491 74 38 but
1041 3488 227 40 accredited
1285 3493 123 46 agent
1427 3485 106 41 from

185 3548 73 40 the
279 3548 126 39 Court
435 3544 47 38 of
497 3544 184 45 London,
712 3542 79 38 and
817 3542 37 39 in
875 3543 90 38 that
984 3543 213 38 character
1213 3539 194 41 obtained
1427 3539 107 39 from

184 3602 102 39 time
315 3605 44 34 to
378 3598 103 38 time
510 3596 69 39 the
606 3594 130 39 whole
769 3594 48 38 of
846 3595 69 40 the
934 3595 113 52 plans
1064 3593 64 40 for
1147 3595 70 37 the
1234 3593 141 40 future
1395 3604 113 27 move-

187 3657 135 37 ments
352 3650 78 39 and
468 3648 175 53 disposal
676 3646 52 39 of
752 3647 71 38 the
842 3647 161 45 British,
1031 3659 43 26 as
1100 3645 87 39 well
1218 3658 45 26 as
1297 3645 70 39 the
1388 3647 124 37 Portu-

183 3719 126 40 guese
324 3709 157 46 troops.
542 3702 73 39 His
635 3706 280 33 censummate
946 3700 161 39 address
1127 3697 235 40 introduced
1382 3696 85 40 him
1487 3702 45 34 to

183 3761 72 38 the
294 3756 226 52 inspection
540 3765 102 27 e%en
674 3752 51 38 of
752 3750 71 43 the
854 3755 282 37 Government
1172 3750 241 53 dispatches.
1474 3751 63 39 Ile

184 3826 81 26 was
281 3811 130 38 about
425 3811 43 34 to
489 3808 90 51 quit
605 3807 69 37 Po.
684 3803 136 50 tugal,
849 3806 117 38 whett
985 3806 51 38 he
1055 3816 81 26 was
1156 3803 236 53 recognised
1413 3803 53 52 by
1483 3813 48 27 au

182 3865 233 52 aciinaintai
432 3872 48 31 ce
516 3873 43 25 as
595 3857 67 39 the
683 3857 137 39 editor
839 3860 78 35 and
951 3857 227 39 conductor
1193 3856 47 38 of
1254 3856 72 39 the
1348 3857 189 46 Bayonne

181 3921 184 37 Gaz.ette.
446 3917 61 37 He
543 3924 79 25 was
657 3925 46 24 nu
715 3909 125 52 usagy
879 3909 175 39 anxious
1083 3909 89 38 that
1206 3907 64 41 his
1304 3906 83 43 real
1417 3919 119 32 name

177 3972 76 40 feio
263 3969 64 39 Aid
343 3971 73 44 pot
435 3964 217 53 transpire,
729 3961 50 38 he
794 3961 130 40 slated
937 3961 90 40 that
1041 3961 59 39 his
1113 3972 250 41 appearance
1378 3961 37 38 in
1439 3963 74 37 Por-

178 4023 117 52 tugal
318 4033 78 26 wks
413 4033 50 25 on
481 4018 137 39 affairs
633 4017 46 37 01
694 4018 40 35 th
749 4028 22 25 e
794 4022 152 32 utmost
964 4015 254 52 importance
1233 4019 45 34 to
1299 4013 61 40 his
1378 4012 158 54 private

177 4080 202 38 interests.
437 4071 102 41 This
572 4067 300 46 concealment,
900 4081 44 25 so
964 4067 163 52 eagerly
1156 4067 201 45 solicited,
1376 4065 159 40 excite.l

177 4129 208 53 suspicion
407 4127 77 38 and
513 4124 64 39 led
609 4130 44 32 to
683 4122 220 53 entriries,
933 4121 70 38 the
1024 4117 120 40 result
1162 4120 48 38 of
1232 4119 129 40 which
1378 4131 81 26 was
1487 4131 50 25 an

177 4185 123 41 tatter
317 4183 110 39 from
446 4179 71 40 the
533 4181 196 48 Regcncy
744 4181 44 35 to
803 4187 141 30 secure
959 4173 63 41 his
1035 4185 163 43 person.
1235 4173 63 40 He
1315 4172 93 50 had,
1426 4170 111 43 how.

2630 100 216 59 APRIL
2870 107 53 54 ga

1594 256 107 32 ever,
1731 243 39 40 in
1789 243 70 40 the
1870 242 187 48 interval,
2082 242 170 40 effeeted
2272 241 59 41 his
2349 255 144 48 escape
2511 242 107 40 front
2640 244 148 39 Lisbon
2805 261 13 30 ;
2849 246 78 39 but

1596 295 59 40 his
1674 301 116 34 route
1818 307 79 28 was
1926 294 247 46 discovered;
2203 294 78 40 and
2310 296 37 37 in
2379 308 25 26 a
2431 296 78 39 tew
2542 295 124 40 hours
2689 296 240 40 afterwards

1596 348 50 39 he
1659 359 78 28 was
1755 348 174 53 pursued
1948 347 74 40 and
2046 347 227 40 overtaken
2290 347 53 53 by
2374 359 24 26 a
2418 353 117 47 party
2555 348 50 39 of
2613 348 183 54 cavalry;
2829 350 99 39 with

1596 398 132 43 whom
1744 413 79 27 was
1839 402 67 39 the
1942 400 230 52 gentleman
2206 404 43 34 to
2278 402 132 38 whom
2445 400 53 39 he
2516 413 79 26 was
2615 402 122 52 really
2760 403 167 39 known.

1600 454 67 39 His
1694 465 143 40 papers
1856 467 71 26 are
1949 454 47 39 of
2023 454 69 39 the
2121 457 152 35 utmost
2311 452 253 53 importance
2581 468 13 31 ;
2623 455 80 39 and
2738 461 120 46 many
2881 455 53 38 of

1596 504 111 40 them
1727 514 67 32 are
1815 506 162 52 already
1997 506 38 39 in
2065 504 182 40 London.
2302 506 112 52 They
2437 504 91 40 lead
2546 510 45 34 to
2623 507 242 40 discoveries
2883 506 52 40 of

1596 552 83 45 real
1694 570 272 39 consequence
1984 563 43 33 to
2053 557 79 39 this
2164 562 187 46 country,
2379 557 77 39 and
2476 556 80 40 will
2585 567 60 32 we
2665 559 265 46 understand,

1597 609 161 41 involve
1773 608 155 41 several
1948 622 161 41 persons
2144 611 97 39 here
2259 609 39 39 in
2313 614 184 35 extreme
2516 609 195 58 difficulty
2730 611 79 44 and

1596 671 87 44 ger.

1651 768 76 40 We
1753 775 105 46 copy
1884 767 72 39 the
1985 767 216 52 following
2235 768 230 53 paragraph
2502 767 110 40 from
2644 778 51 27 an
2718 768 215 39 American

1603 821 128 52 Paper
1759 821 48 40 of
1832 820 70 40 the
1929 819 87 39 i4th
2053 819 50 39 of
2131 820 223 53 February,
2374 820 131 39 which
2526 826 123 34 states
2679 820 31 39 it
2731 826 41 33 to
2791 822 51 38 be
2861 821 72 39 the

1596 873 211 39 substance
1824 872 50 41 of
1889 873 70 39 the
1976 870 224 53 dispatches
2220 874 128 38 about
2368 878 43 33 to
2431 873 48 38 he
2500 873 252 39 transmitted
2774 878 41 34 to
2837 873 70 40 Bri-

1598 924 83 40 tain
1700 926 74 39 and
1798 927 150 37 France
2083 927 59 35 An
2163 924 98 41 offer
2277 927 31 37 is
2327 930 45 34 to
2393 924 51 40 be
2464 926 117 39 made
2603 931 44 33 to
2666 926 99 38 each
2792 925 50 39 of
2856 927 76 38 the

1599 977 256 52 belligeents
1885 983 44 34 to
1964 977 77 39 this
2072 977 261 39 Amotintlf
2359 991 84 38 you
2474 978 79 39 will
2572 978 122 39 annul
2728 991 106 40 your
2852 980 52 38 ob-

1597 1030 176 41 noxious
1802 1030 137 40 orders
1961 1033 66 45 (or
2046 1030 174 45 decrees,
2254 1042 43 26 as
2328 1029 70 40 the
2424 1044 92 26 case
2552 1044 91 39 may
2663 1031 69 48 be)
2753 1044 61 26 we
2844 1032 87 40 will

1596 1081 272 54 immediately
1886 1095 276 27 recommence
2183 1094 74 26 our
2271 1083 260 39 commercial
2551 1083 250 40 intercourse
2819 1084 100 39 with

1597 1142 80 44 you
1694 1152 8 21 :
1734 1135 77 39 and
1832 1135 34 40 if
1879 1148 104 40 your
2001 1134 246 51 antagonist,
2268 1140 44 34 to
2329 1135 141 46 lahom
2490 1149 60 25 we
2580 1135 105 39 have
2705 1137 118 38 made
2854 1137 74 39 the

1599 1194 109 32 .amc
1726 1188 118 45 tier,
1874 1186 150 41 refrises
2042 1192 43 34 to
2106 1187 155 39 abolish
2288 1187 61 39 his
2372 1187 193 40 unlawful
2585 1189 141 43 edicts,
2758 1200 61 27 we
2845 1188 84 40 will

1591 1240 91 47 join
1702 1254 81 39 you
1805 1240 40 39 in
1865 1253 25 26 a
1906 1253 81 26 war
2008 1240 156 51 against
2184 1239 97 39 him.
2339 1240 41 38 If
2405 1253 81 38 you
2509 1241 98 39 both
2631 1240 133 40 refuse
2790 1246 45 34 to
2856 1254 47 26 ac-

1596 1292 98 38 cede
1723 1298 45 34 to
1787 1305 79 27 our
1883 1290 207 47 demands,
2124 1302 59 27 we
2216 1291 77 39 will
2330 1293 102 39 raise
2454 1304 77 27 our
2548 1293 200 52 embargo
2767 1293 39 38 in
2826 1294 102 52 Nay

1599 1349 111 41 next,
1731 1359 47 26 or
1796 1356 41 28 as
1857 1358 100 27 soon
1977 1358 43 26 as
2037 1356 76 28 our
2128 1344 181 51 dispatch
2331 1344 146 39 vessels
2496 1350 152 40 return,
2669 1345 77 39 and
2766 1345 116 40 force
2901 1359 30 26 a

1596 1397 115 38 trade
1729 1411 51 27 on
1798 1398 70 39 the
1889 1411 142 28 ocean,
2050 1402 41 33 at
2111 1396 70 39 the
2200 1396 80 39 risk
2295 1397 50 39 of
2357 1397 122 53 being
2493 1401 44 37 at
2552 1403 83 34 war
2654 1398 96 39 with
2769 1397 99 40 both
2884 1398 48 40 of

1805 1452 184 47 /Voshin,l
2002 1456 15 33 t
2031 1465 34 24 m
2087 1450 262 47 Federalist.)

1643 1513 370 41 IfOItSECiIARDS,
2233 1514 194 33 '2o.The
2463 1512 248 35 Commander
2745 1511 38 38 in
2816 1513 112 43 Chie,

1645 1569 15 26 s
1691 1561 165 33 received
1877 1561 61 33 the
1959 1560 125 44 King's
2104 1561 189 33 command
2314 1566 39 28 to
2372 1561 111 33 make
2500 1561 136 33 known
2657 1567 35 27 to
2714 1561 61 33 the
2792 1561 139 44 Armyf

1597 1607 79 33 that
1697 1609 56 33 his
1774 1606 161 47 Miljesty
2048 1607 155 41 thought
2222 1607 39 33 fit
2281 1615 37 26 to
2336 1607 193 34 command
2548 1607 81 34 that
2650 1607 61 34 the
2731 1607 200 46 following

1597 1656 223 41 ;emulations
1838 1656 91 32 01411
1951 1655 184 33 hereafter
2153 1657 44 30 be
2215 1656 144 43 strictly
2379 1655 178 34 observed
2580 1655 33 34 in
2633 1656 130 43 regard
2779 1662 37 28 to
2833 1657 73 35 Pro-

1597 1704 155 33 ino;iwis
1768 1706 34 31 in
1821 1704 60 32 the
1903 1704 131 40 Army,
2052 1701 69 34 and
2137 1703 274 41 appointments
2427 1710 46 25 on
2493 1702 61 33 the
2575 1703 109 40 Stall',
2705 1704 74 32 viz.

1642 1748 26 19 `
1693 1749 60 34 No
1772 1750 136 33 Ofliter
1925 1750 93 33 shalt
2039 1750 44 32 be
2105 1750 20 41 I
2125 1750 170 41 rontoted
2313 1757 38 26 to
2370 1753 61 31 the
2450 1750 98 33 rank
2574 1750 43 33 of
2634 1752 177 44 Captain,
2830 1752 97 37 until

1597 1798 43 33 lie
1661 1796 63 33 hEls
1740 1799 87 32 been
1841 1796 102 33 three
1963 1807 104 24 years
2082 1804 22 26 a
2124 1796 200 34 ~baltern.

1643 1844 13 20 g
1656 1844 14 20 .
1694 1846 59 33 No
1772 1846 135 32 Officer
1929 1843 93 35 shall
2053 1844 44 33 be
2115 1844 194 44 promoted
2340 1848 39 28 to
2399 1843 61 33 the
2479 1844 94 33 rank
2590 1843 46 34 of
2653 1843 107 34 Field
2777 1846 154 40 Officer,

1596 1893 91 34 until
1706 1894 43 31 he
1768 1892 63 33 has
1846 1893 89 32 been
1951 1902 106 24 seven
2078 1900 105 33 vears
2204 1891 34 33 in
2256 1892 61 32 the
2334 1890 156 43 service,
2526 1890 43 35 of
2600 1891 125 34 which
2757 1891 46 37 he
2830 1893 99 34 shall

1709 1941 89 32 been
1817 1945 38 27 at
1869 1941 90 32 least
1976 1946 77 25 two
2073 1944 105 37 seats
2196 1949 24 22 a
2239 1938 174 45 Captain.

1694 1987 57 34 Nu
1772 1988 136 31 Officer
1931 1985 94 33 shall
2054 1985 44 33 be
2126 1987 193 43 promoted
2347 1993 35 26 to
2411 1985 63 33 the
2500 1985 91 34 rank
2620 1984 45 34 of
2695 1985 236 35 Lieutenant-4

1594 2034 105 40 Colon
1700 2034 21 40 e
1721 2034 43 40 l,
1782 2034 91 33 until
1890 2034 44 32 he
1955 2033 63 33 has
2034 2033 90 32 been
2138 2033 83 33 nine
2237 2043 104 33 years
2369 2033 34 32 in
2422 2031 63 33 the
2503 2034 156 43 service,
2683 2034 44 33 of
2744 2035 120 34 which
2885 2035 46 34 he

1596 2082 93 33 shall
1713 2082 91 31 have
1824 2082 87 31 been
1925 2086 39 27 at
1981 2081 94 32 least
2093 2085 77 28 two
2192 2089 103 33 :ears
2313 2091 22 22 a
2359 2078 137 46 Majors

1643 2125 13 22 4
1656 2125 13 22 6
1694 2130 58 32 No
1772 2128 133 33 Officer
1926 2127 93 34 shall
2042 2128 44 32 be
2111 2127 163 32 allowed
2294 2133 38 27 to
2357 2127 53 33 fill
2434 2137 74 33 any
2530 2127 96 34 Staff
2640 2127 292 46 Appointment,

1596 2176 78 33 that
1713 2177 41 31 of
1792 2176 268 41 Aid-de-Camp
2091 2174 198 43 excepted,
2313 2174 91 33 until
2425 2174 45 33 he
2490 2176 63 32 has
2580 2176 92 33 been
2700 2185 70 24 one
2792 2183 93 38 year
2902 2187 26 25 a

1907 2220 57 46 By
1988 2223 59 33 the
2068 2220 243 34 Commander
2330 2222 34 33 in
2386 2211 148 45 Chief's
2550 2223 207 40 command,

2229 2268 32 33 11
2302 2278 90 22 ItRY
2413 2268 230 44 CALVERT,
2670 2268 210 45 Adj...oolL

1939 2354 220 40 F,451110.1
2159 2354 22 40 ,
2181 2354 45 40 'S
2248 2356 110 37 FOB
2387 2356 196 45 ...111111L,

1638 2420 80 34 The
1736 2420 100 35 cloth
1854 2420 70 34 and
1946 2422 118 32 velvet
2085 2422 151 33 mantles
2254 2422 66 33 and
2341 2422 168 44 pelisses,
2538 2422 170 34 trimmed
2731 2422 91 34 with
2842 2419 91 48 gold

1590 2469 71 33 and
1682 2469 113 33 silver
1819 2470 81 33 lace
1928 2469 69 33 and
2016 2469 89 39 fur,
2130 2480 66 22 are
2225 2469 71 33 fast
2326 2467 168 47 yielding
2523 2473 38 31 to
2590 2469 104 35 those
2724 2470 139 34 formed
2891 2470 44 35 of

1591 2523 152 26 sarsnets
1760 2516 71 33 rind
1848 2516 118 33 shawl
1994 2517 85 31 must
2088 2518 63 31 ins.
2206 2516 80 33 The
2321 2517 137 34 former
2483 2522 65 30 ate
2568 2518 123 34 eithet
2708 2516 43 35 of
2766 2518 102 44 plain
2887 2525 46 26 or

1592 2563 138 43 ti;ored
1746 2564 129 39 twills,
1903 2564 187 43 variously
2106 2564 136 34 shaded
2295 2564 71 33 and
2385 2564 61 34 the
2465 2565 116 33 latter
2590 2575 65 24 are
2672 2565 124 33 either
2813 2564 43 34 %if
2869 2565 64 33 the

1590 2611 78 32 teal
1694 2610 126 34 Lillian
1838 2610 117 34 shawl
1975 2610 132 40 fabric,
2127 2621 43 22 or
2190 2611 41 33 of
2248 2611 201 33 imitations
2463 2613 155 44 equally
2630 2611 80 35 rich
2728 2613 71 34 and
2820 2613 113 32 beauv

1591 2657 84 33 tiful
1696 2657 35 33 in
1760 2657 128 39 effect;
1916 2657 100 33 these
2033 2668 65 24 are
2115 2659 97 33 lined
2229 2657 221 45 throughout
2477 2659 93 34 with
2589 2666 155 28 sarsnets
2764 2659 46 34 of
2826 2660 104 33 well=

1590 2705 206 33 contrasted
1824 2706 162 32 colours.
2050 2706 80 32 The
2173 2707 155 43 Spanol
2373 2707 156 41 mantle,-
2570 2706 163 35 Cossack
2780 2707 148 44 pelisse,

1590 2752 72 33 and
1693 2752 164 34 Turkish
1887 2758 99 35 coat,
2014 2752 93 34 hare
2131 2753 91 34 each
2242 2763 21 24 a
2281 2754 103 44 lktrge
2400 2756 109 32 share
2538 2754 43 34 of
2606 2754 236 34 fashionable
2859 2752 45 46 dis
2920 2752 15 46 4

1612 2794 154 39 laction.

1641 2846 80 33 The
1743 2846 97 33 demi
1860 2845 260 45 robe-pelisses
2132 2856 67 24 are
2216 2848 226 33 constructed
2458 2858 39 22 so
2515 2858 40 24 as
2574 2852 38 31 to
2628 2858 106 34 wrap
2750 2846 97 34 from
2863 2858 70 24 one

1592 2894 77 33 side
1685 2894 158 45 entirely
1864 2894 115 33 round
1997 2893 60 34 the
2075 2895 115 44 figure
2210 2895 34 33 in
2264 2895 113 40 front,
2402 2896 73 33 and
2502 2900 111 31 meets
2628 2896 61 34 the
2707 2896 110 33 other
2835 2895 93 43 side,

1596 2941 91 33 with
1709 2940 122 35 which
1851 2940 28 34 it
1896 2941 26 32 is
1941 2942 138 39 united,
2093 2942 70 33 and
2184 2941 123 35 which
2327 2942 105 34 flows
2448 2944 110 32 loose
2568 2941 96 37 from
2685 2944 60 33 die
2757 2943 176 34 shoulder

1594 2995 37 27 to
1648 2989 64 33 the
1730 2987 87 34 feet.
1870 2988 81 33 The
1968 2989 118 33 collar
2105 2989 28 33 is
2153 2988 89 45 high
2252 2986 70 37 and
2337 2989 178 40 rounded,
2541 2991 61 33 the
2617 2991 98 33 back
2735 2989 141 34 formed
2894 2991 38 33 in

1591 3045 99 25 cross
1707 3040 135 39 straps,
1869 3034 64 34 the
1946 3035 98 33 front
2060 3035 104 34 laced
2187 3035 89 34 with
2296 3037 104 40 cord,
2418 3048 44 21 or
2478 3038 235 33 ornamented

1593 3086 109 37 take,
1720 3081 70 34 and
1807 3083 63 33 the
1884 3081 141 34 sleeves
2036 3093 61 24 are
2115 3081 87 40 full,
2222 3084 91 33 with
2331 3083 92 45 deep
2438 3084 138 33 arched
2594 3086 113 39 cull's;
2737 3085 26 33 it
2783 3085 45 40 is,
2848 3096 85 33 per.

1596 3131 107 41 haps,
1731 3129 215 45 impossible
1980 3136 37 27 to
2043 3130 120 35 invent
2189 3141 21 25 a
2226 3131 96 41 style
2339 3141 102 25 more
2456 3132 208 43 calculated
2685 3139 38 27 to
2740 3132 151 45 display
2907 3143 27 25 a

1597 3177 71 34 line
1687 3177 116 41 figure
1820 3181 39 30 to
1890 3177 217 46 advantage.
2157 3178 83 33 The
2255 3176 146 47 jockey
2420 3178 64 34 hat
2504 3190 12 28 ;
2543 3180 60 33 the
2640 3180 143 34 French
2818 3180 116 44 poke,

1598 3224 132 45 placed
1760 3223 162 34 towards
1964 3235 70 22 one
2060 3224 93 41 side,
2178 3226 71 33 and
2280 3226 115 44 edged
2422 3226 71 34 and
2523 3226 170 35 trimmed
2721 3237 125 24 across
2870 3227 65 35 the

1593 3281 141 30 crown,
1765 3283 24 21 n
1801 3270 53 34 ith
1873 3270 156 34 rihband
2055 3270 35 35 in
2107 3272 167 34 reversed
2294 3273 125 44 plaits,
2444 3283 46 24 or
2510 3274 90 33 with
2620 3275 213 45 variegated
2845 3275 87 33 floss

1596 3318 216 44 trimmings,
1844 3319 91 33 with
1950 3330 25 22 a
1991 3318 67 35 full
2079 3320 116 35 bunch
2224 3319 45 35 of
2289 3320 117 35 dasies
2437 3332 43 24 or
2503 3320 107 35 other
2626 3322 126 46 spring
2770 3322 167 41 flowers,

1596 3376 65 25 are
1680 3376 90 35 very
1789 3360 248 40 fashionable.

1642 3413 83 33 The
1742 3413 81 33 hair
1839 3420 123 37 cropt,
1991 3415 34 32 in
2042 3410 67 38 full
2127 3415 113 41 curls,
2264 3425 43 24 or
2324 3415 183 46 partially
2528 3416 37 34 in
2581 3416 167 45 ringlets,
2777 3416 69 35 bat
2861 3426 47 26 ex-

1598 3459 129 46 posing
1746 3461 60 33 the
1819 3471 64 24 ear
1903 3459 126 45 nearly
2040 3472 39 22 as
2099 3461 86 45 high
2200 3472 40 25 as
2255 3462 59 34 the
2326 3471 307 27 commencement
2646 3463 45 35 of
2702 3467 61 32 the
2779 3467 154 41 temple,

1596 3507 235 35 ornamented
1852 3508 91 34 with
1962 3508 113 35 bands
2092 3509 44 34 of
2153 3509 169 45 wrought
2342 3511 102 44 gold,
2474 3511 129 40 silver,
2633 3513 119 44 pearl,
2784 3522 45 22 or
2850 3511 63 33 dia-

1597 3555 138 41 nonds,
1762 3565 43 24 nr
1832 3556 92 33 with
1956 3562 181 35 coronets,
2161 3555 178 46 diadems,
2366 3557 70 34 and
2463 3560 126 34 combs
2614 3559 46 34 of
2680 3569 99 34 gems
2806 3567 131 26 corre-

1596 3604 182 44 sponding
1795 3604 90 33 with
1905 3602 63 33 the
1985 3604 106 34 other
2117 3611 223 37 ornaments,
2365 3615 83 24 now
2469 3606 224 44 universally
2713 3606 221 44 distinguish

1596 3650 74 34 this
1687 3648 139 46 species
1844 3648 46 34 of
1912 3656 177 31 costume.
2143 3651 170 38 Flowers
2330 3652 35 37 in
2385 3652 65 37 the
2466 3653 87 35 hair
2577 3663 67 26 are
2672 3659 65 30 not
2756 3663 41 25 so
2825 3653 87 34 much-

1600 3707 100 26 worn
1714 3707 39 25 as
1770 3698 27 33 is
1814 3698 102 35 usual
1933 3704 41 28 at
1991 3699 71 35 this
2079 3706 143 27 season.

1650 3780 35 37 A
1713 3774 77 41 few
1805 3774 100 54 days
1920 3777 122 45 since,
2061 3788 25 28 a
2102 3778 184 40 husband
2306 3780 126 39 tound
2458 3780 63 39 his
2526 3781 113 50 frail
2654 3782 61 37 rib
2737 3778 38 39 in
2793 3791 26 26 a
2837 3785 99 47 very

1596 3831 222 46 suspicious
1837 3829 194 40 situation
2053 3829 93 40 with
2163 3843 27 27 a
2209 3835 102 37 mole
2314 3833 170 51 friend;
2516 3837 74 34 not
2614 3831 198 52 choosing
2848 3833 91 37 that

1594 3881 65 41 ,his
1677 3879 92 43 wife
1785 3880 149 43 should
1951 3883 200 39 entertain
2171 3883 98 40 such
2287 3891 137 43 guests
2440 3889 45 34 at
2509 3885 69 38 the
2595 3896 177 38 expeuce
2799 3882 50 40 of
2874 3882 67 40 his

1594 3934 22 45 .
1617 3934 162 45 hononr,
1805 3933 80 41 and
1903 3933 202 54 shunning
2122 3935 72 40 the
2223 3948 180 40 expence
2421 3935 50 40 of
2498 3948 25 27 a
2557 3934 106 54 legal
2682 3937 182 45 divorce,
2884 3935 54 40 he

1597 3986 103 39 took
1719 3986 69 39 the
1794 3989 97 50 fair
1907 3990 227 47 delinquent
2152 3992 50 35 to
2219 3992 146 37 Sutton
2388 4002 53 26 oil
2458 3985 181 58 Monday
2653 3989 91 47 last,
2765 3989 78 39 and
2862 4000 50 28 ex-

1598 4038 125 52 posed
1741 4037 72 43 her
1827 4038 69 41 for
1915 4038 81 41 sale
2015 4039 39 40 in
2076 4042 67 39 the
2165 4041 138 54 public
2327 4046 136 41 street,
2494 4042 96 39 With
2610 4056 25 26 a
2653 4042 133 39 halter
2806 4038 132 43 rouud

1596 4090 76 41 her
1687 4090 123 41 neck.
1864 4091 89 40 The
1980 4106 79 35 gay
2079 4098 168 37 seducer
2276 4095 118 52 being
2415 4096 70 39 the
2506 4095 159 52 highest
2686 4094 154 45 bidder,
2874 4093 64 39 led

1596 4142 67 43 off
1688 4143 61 40 his
1778 4147 185 47 precious
1985 4146 167 51 bargain
2184 4147 40 41 in
2245 4146 195 57 triumph.
2498 4148 90 43 'rho
2617 4149 150 53 parties
2793 4159 74 28 are
2884 4144 57 45 all

1596 4195 201 45 residents
1807 4196 51 43 of
1872 4196 295 57 Billillittelaus.

3158 0 241 1134 F
