3305 4453
0 69 7 52 C

162 185 214 45 AVM'.
398 185 48 30 c.

1048 174 86 26 111
1144 172 40 26 v.
1220 174 96 21 irji
1328 175 27 18 .3.
1369 176 73 17 3%,

187 311 58 32 To
289 304 187 38 conclude,
507 309 57 25 we
596 306 151 27 venture
774 301 41 28 to
833 302 151 34 express
1013 291 60 33 the
1093 288 110 35 wish,
1227 283 78 33 that
1324 289 66 22 our
1419 279 44 32 be-

149 356 109 38 loVed
276 358 253 37 countrymen,
546 347 71 34 and
630 345 130 34 fellow
780 343 151 33 citizens
943 337 44 37 of
992 347 112 33 every
1122 331 175 43 rairk-and
1315 327 165 43 descrip-
1508 335 7 8 •

143 407 93 34 tioo,
247 413 87 21 mar
356 397 156 46 suspend
530 394 106 38 their.
637 392 195 45 judgment
846 400 56 26 .on
920 386 213 37 allfarther
1163 377 235 50 proceedings
1417 385 43 22 un-

143 454 44 35 til

206 451 64 34 the
287 448 161 45 qecisiou
461 445 44 34 of
515 443 63 34 the
596 443 118 33 States
728 438 45 34 of
793 438 59 32 the
863 438 111 33 realm
991 433 94 33 shall
1107 432 45 31 he
1172 430 148 32 known.

589 474 5 45 •
967 477 229 39 COMMAN
1209 474 105 35 DER

676 534 58 35 Of
743 534 63 34 the
822 539 122 39 troops
957 527 182 38 stationed
1154 526 35 33 in

1200 519 21 50 .
1221 519 213 50 Worenland.

202 643 285 32 STOCKHOLM.
529 633 67 34 MA
608 640 85 26 RUH
909 626 73 39 Yon
983 626 25 39 :
1041 622 77 34 will
1163 617 184 48 probably
1384 615 93 33 have

148 689 113 38 heard
281 687 126 34 before
424 693 81 24 now
526 680 45 34 of
596 681 61 33 tile
689 676 223 37 Revolution
939 670 231 39 here.—The
1207 667 99 41 King
1333 661 146 35 aftived

149 741 35 32 in
214 737 63 35 the
312 735 78 43 city
407 731 96 34 from
540 728 54 33 his
627 731 154 38 Country
811 724 91 33 seat'
917 730 39 26 at
989 720 124 44 Hoga,
1139 723 38 28 at
1202 723 103 26 seven
1331 707 148 38 o'clock

149 787 37 37 in
206 785 60 32 the
283 782 152 41 evening
454 777 45 34 of
514 776 63 34 the
608 772 187 37 12th—he
819 772 94 44 slept
941 770 34 33 in
990 774 117 28 town.
1165 767 39 32 in
1224 763 60 33 the
1316 758 168 43 morning

151 833 44 34 of
217 831 61 33 the
309 828 98 40 Uth,
435 826 61 33 the
522 819 130 46 guards
684 819 170 37 marched
879 822 64 30 out
977 815 43 34 or
1043 821 113 30 town,
1185 811 69 34 and
1286 809 60 33 the
1383 806 100 43 King

154 878 70 35 and
257 878 64 33 the
360 874 119 44 Royal
521 870 144 44 Family
694 878 99 26 were
831 873 35 27 to
892 865 84 50 join
1007 865 98 32 them
1135 872 45 22 on
1209 860 61 32 the
1309 852 99 43 1304,
1446 855 34 34 in

150 926 112 38 order
295 930 39 27 to
361 921 155 46 proceed
547 917 162 35 towards
741 914 63 34 the
839 915 210 37 insurnrents.
1116 909 56 33 On
1204 907 64 33 the
1299 902 99 37 13th,
1443 908 39 27 at

150 973 139 34 twelve
304 970 162 40 o'clock,
493 969 65 33 the
573 966 86 33 time
672 976 48 22 an
729 961 148 45 pointed
896 961 58 32 fir
971 959 60 33 the
1046 958 128 33 carrine
1174 958 18 33 .
1192 958 38 33 es
1247 960 38 26 to
1303 953 44 32 be
1364 956 39 27 at
1421 951 63 32 the

154 1022 155 39 Palace,
346 1009 300 51 Major-General
684 1012 261 35 Adlercreutz,
976 1007 150 33 Colonel
1163 1002 222 44 .lagerhorn,
1411 999 71 33 and

152 1068 142 38 others,
326 1072 89 26 went
437 1074 47 33 up
506 1067 38 28 to
563 1062 59 32 the
639 1057 83 44 Kinrr
722 1057 17 44 b
738 1057 33 44 's
791 1061 224 41 apartment.
1043 1054 67 34 and
1136 1052 236 33 Adlercreutz
1407 1046 77 32 told

154 1116 64 33 the
240 1114 102 41 King
360 1114 77 31 that
452 1111 45 32 he
516 1111 90 32 must
621 1111 63 31 not
700 1106 150 37 deeart.
902 1102 80 34 The
1011 1101 100 44 King
1141 1101 102 31 drew
1273 1096 53 32 his
1345 1093 138 40 sword,

154 1163 72 37 and
246 1172 46 24 on
307 1161 96 33 their
420 1157 129 43 laying
569 1155 85 33 hold
671 1154 44 34 of
729 1153 54 32 ill:
806 1161 124 32 person
948 1150 43 33 he
1003 1146 175 37 derended
1196 1142 148 37 himself
1352 1144 110 31 brave-

156 1211 56 44 ly,
247 1209 70 33 and
340 1218 70 22 was
429 1217 44 22 on
493 1204 65 34 the
574 1204 106 45 point
709 1200 44 33 of
778 1199 132 44 killing
938 1196 259 34 Adlercreutz.
1250 1192 58 33 No
1333 1189 152 33 soldiers

157 1267 100 24 were
276 1256 34 34 in
333 1256 59 33 the
415 1253 150 38 Palace,
595 1254 151 28 because
767 1248 31 32 it
824 1256 71 24 was
926 1244 170 45 reported
1115 1243 78 33 that
1214 1239 59 34 the
1293 1238 102 43 King
1414 1235 72 34 bad

158 1305 37 35 in
215 1304 63 33 the
304 1302 104 45 night
424 1299 170 35 returned
614 1302 34 30 to
667 1297 80 40 flag
762 1306 26 24 t.
844 1294 41 32 In
914 1292 61 38 the
991 1298 85 27 :text
1093 1297 103 27 room
1214 1292 35 28 to
1270 1287 78 32 that
1365 1285 123 33 where

158 1354 64 33 the
244 1351 99 41 King
371 1359 87 28 was,
487 1357 77 22 was
592 1356 24 24 a
639 1349 144 30 servant
808 1341 116 34 called
944 1351 22 21 a
983 1339 182 34 Chamber
1182 1332 167 38 'Hazard
1369 1332 44 33 of
1426 1331 64 34 the

161 1400 117 41 King,
296 1398 122 33 whose
435 1404 105 27 name
559 1395 28 32 is
607 1393 158 33 Selleno.
819 1390 56 35 On
893 1388 151 41 hearing
1059 1385 60 33 tite
1134 1384 100 34 noise
1253 1382 34 33 in
1306 1380 59 33 the
1384 1383 105 30 room

159 1446 46 34 be
228 1444 139 41 wished
386 1452 37 26 to
441 1453 96 34 open
561 1441 63 34 the
648 1439 106 40 dOor,
782 1437 79 33 but'
878 1436 26 33 it
933 1439 74 28 was
1024 1431 155 40 locked;
1207 1431 45 32 he
1269 1428 81 33 then
1370 1427 120 34 broke

158 1502 99 37 even
278 1494 63 31 the
357 1492 103 39 door,
474 1491 70 38 nod
557 1487 91 35 with
666 1486 54 33 his
738 1486 107 32 sabre
857 1483 34 33 in
909 1482 94 34 hand
1020 1491 72 26 was
1111 1479 111 46 going
1231 1483 37 27 to
1281 1480 60 28 cut
1361 1475 109 33 Adler-

159 1547 131 35 ereutz
309 1540 125 39 down,
454 1539 65 32 but
539 1535 59 33 the
617 1535 105 33 sabre
743 1543 74 22 was
835 1530 152 34 wrested
1005 1530 94 32 from
1130 1527 59 41 his,
1204 1522 104 37 hand.
1367 1524 44 32 In
1429 1522 61 33 the

159 1599 109 25 mean
287 1587 103 40 time,
415 1587 61 32 the
494 1584 233 35 unfortunate
742 1578 191 40 Monarch,
954 1576 161 35 without
1134 1576 64 32 hat
1214 1581 40 24 or
1271 1570 136 40 sword,
1428 1579 64 22 ran

141 1618 2 54 •
162 1637 111 35 down
289 1635 63 34 the
369 1645 39 24 so
423 1632 120 34 called
565 1628 150 41 Queen's
731 1628 138 38 Stairs;
896 1626 103 32 there
1018 1623 87 44 they
1124 1618 175 37 followed
1319 1618 90 37 him,
1424 1618 67 32 and

143 1664 4 54 '
165 1684 44 33 he
224 1683 92 34 took
335 1688 109 27 away
462 1680 64 39 the
552 1676 119 35 sword
689 1675 96 34 from
803 1672 151 35 Colonel
976 1671 131 40 Mello,
1131 1668 71 34 and
1230 1672 60 30 cut
1307 1665 63 33 the
1398 1664 94 34 hand

164 1731 44 33 of
222 1740 69 25 one
309 1731 117 33 Count
445 1721 189 47 Snoilsky.
686 1723 60 34 Ile
763 1720 174 35 defended
957 1717 149 40 himself
1130 1726 24 25 a
1180 1716 86 41 long
1292 1714 111 39 time;
1430 1713 64 32 but

162 1785 43 27 at
226 1772 85 44 last,
333 1778 130 32 almost
475 1773 177 40 fainting,
677 1770 89 44 they
785 1767 142 35 carried
956 1766 74 33 him
1057 1775 48 33 up
1134 1770 37 27 to
1192 1763 53 33 his
1265 1770 133 26 room.-
1433 1759 71 38 Ilet•

164 1825 217 44 expressed,
406 1830 37 27 at
464 1822 91 39 first,
586 1821 53 31 his
666 1817 263 35 astonishment
945 1819 37 31 at
1005 1813 94 33 their
1131 1809 167 39 conduct,
1324 1807 69 34 and
1417 1808 76 33 still

169 1874 96 43 kept
281 1873 129 44 saying
428 1870 81 34 that
541 1869 56 33 his
627 1865 201 46 principles
855 1873 63 24 are
950 1861 71 33 and
1052 1860 77 33 will
1157 1867 86 25 ever
1269 1856 138 33 remain
1435 1856 59 31 fire

168 1930 112 26 sante.
338 1919 41 34 In
402 1917 61 35 the
480 1917 103 43 night
604 1915 43 32 he
661 1922 85 25 •was
764 1910 145 35 carried
937 1913 65 27 out
1020 1913 38 28 to
1081 1903 305 44 Dromengholm.
1439 1902 58 33 On

169 1968 65 33 the
255 1967 85 37 13th
358 1976 24 22 a
394 1970 103 39 great
511 1963 100 33 force
630 1959 43 34 of
684 1959 64 34 the
764 1957 210 41 cuirassiers
991 1954 71 35 and
1078 1954 174 41 artillery
1272 1961 72 22 was
1358 1954 76 28 sent
1459 1954 39 28 to

171 2016 129 45 gaga,
330 2013 123 37 where
476 2011 64 32 the
570 2010 120 38 Queen
729 2006 71 33 ?n,nd
834 2006 63 32 her
921 2003 165 33 children
1108 2010 96 21 were
1221 1998 70 34 and
1318 1998 72 32 still
1419 2006 76 24 are.

146 2074 6 8 •
171 2063 246 33 Adlercreutz
436 2065 76 30 was
531 2053 250 46 immediately
801 2050 204 46 appointed
1026 2049 59 34 the
1107 2044 256 41 Commander,
1385 2042 92 44 Adju-

171 2107 269 40 tant-General,
467 2104 71 35 and
563 2100 288 44 4;44(1-Marshal
857 2099 170 32 —Count
1051 2095 217 43 Klingspor,
1302 2093 92 33 Lord
1423 2093 53 31 Go-

148 2138 5 51 '
172 2156 135 33 vernor
340 2154 41 33 of
410 2148 394 40 Stockholm—Baron
837 2143 261 46 Lagerbjelke,
1126 2140 221 35 Chancellor
1375 2139 44 32 of
1439 2138 61 33 the

175 2204 133 34 Court.
361 2200 79 34 The
457 2199 139 34 former
618 2196 93 35 Lord
732 2194 190 34 Governor
939 2192 43 33 of
992 2189 230 40 Stockholm,
1239 2189 118 32 Count
1368 2186 131 43 Uglas,

172 2251 67 32 has
257 2251 73 31 lost
358 2248 63 33 his'
436 2242 268 50 place—every
722 2242 105 41 thing
854 2241 27 33 is
909 2239 105 45 quiet
1048 2237 99 33 here.
1205 2236 30 32 A
1269 2233 231 45 publication

175 2307 79 25 was
273 2295 116 34 issued
404 2306 43 24 on
465 2294 65 33 the
552 2291 97 40 13th,
673 2290 81 33 that
772 2289 52 37 n.ll
842 2293 143 28 taverns
1000 2285 69 33 and
1087 2282 273 47 public-houses
1371 2280 129 34 should

150 2346 70 37 •..he
239 2344 84 33 shut
340 2353 47 33 up
406 2340 178 46 precisely
600 2344 37 26 at
654 2337 79 33 nine
751 2335 146 34 o'clock
918 2333 35 34 in
969 2331 64 35 the
1044 2331 152 43 evening
1209 2342 12 28 ;
1246 2330 69 33 and
1330 2328 63 35 the
1409 2328 102 33 duty

178 2391 76 34 laid
276 2402 44 21 on
340 2391 46 44 by
406 2391 64 32 the
489 2387 98 46 King
598 2385 57 38 for
670 2383 171 43 carrying
854 2392 44 24 on
911 2380 63 34 the
984 2389 96 31 war,
1095 2388 76 22 was
1185 2376 110 34 taken
1309 2378 61 32 off.
1422 2374 81 34 The

180 2440 176 37 regiment
376 2437 39 33 of
433 2437 59 32 the
517 2432 126 40 King's
657 2431 97 45 body
769 2430 126 44 guard,
924 2426 130 34 which.
1068 2435 73 22 was
1157 2424 185 44 disgraced
1357 2422 41 40 ip:

180 2487 102 38 laud,
298 2489 65 31 iras
376 2483 163 34 received
550 2481 105 33 'their
673 2480 158 35 colours,
846 2474 72 37 and
928 2484 64 24 are
1011 2471 195 37 reinstated
1226 2471 33 33 in
1278 2469 223 35 theircrank.

180 2535 84 32 The
281 2533 124 38 Queen
423 2531 67 33 and
511 2529 64 32 her
593 2526 164 33 children
785 2533 65 24 are
875 2528 61 27 not
964 2520 162 37 allowed
1154 2524 40 28 to
1220 2528 59 24 see
1294 2517 64 38 the
1376 2510 124 50 %ing;

181 2581 89 35 add,
286 2581 35 32 in
340 2590 22 21 a
381 2578 115 38 word,
510 2587 44 25 no
574 2585 66 24 one
660 2574 26 32 is
703 2570 161 35 allowed
883 2575 37 28 to
937 2578 104 27 come
1056 2576 87 24 near
1157 2565 61 33 the
1233 2564 126 41 castle,
1377 2562 32 35 iti
1419 2562 85 33 here

154 2642 6 13 •
178 2640 25 24 a
219 2634 104 38 great
343 2627 145 32 number
506 2623 41 32 of
561 2631 85 34 guns
661 2630 63 24 are
743 2617 143 46 placed,
938 2615 37 34 A
994 2615 89 34 Diet
1103 2614 26 32 is
1147 2611 204 45 appointed
1365 2610 57 34 for
1442 2610 61 33 the

188 2678 51 33 lst
254 2674 45 34 of
320 2675 98 41 May.
472 2672 79 33 The
578 2669 109 34 Duke
702 2665 43 34 of
759 2662 254 41 Siidermania,
1041 2662 28 34 it
1087 2660 30 32 is
1131 2660 102 40 said,'
1247 2657 77 35 will
1345 2659 96 41 keep
1460 2667 44 22 con

187 2722 171 33 friendly.
381 2730 105 24 terms
522 2717 90 34 with
650 2712 162 44 England
827 2722 11 28 ;
862 2712 65 32 but
957 2709 20 39 I
1007 2708 131 43 hardly
1156 2705 106 37 think
1292 2705 214 44 Bonaparte

188 2770 81 34 will
287 2769 105 34 suffer
409 2769 43 32 it.
506 2764 125 44 Major
644 2761 230 41 Delagrange
892 2759 31 32 is
937 2761 74 28 sent
1026 2761 37 27 to
1085 2753 206 39 Denmark,
1320 2751 71 35 and
1410 2750 96 34 from

185 2819 132 33 thence
335 2823 38 26 to
402 2813 130 40 Paris;
563 2809 122 45 Major
715 2806 204 35 Arfvedson
945 2810 38 27 to
1013 2804 53 32 St.
1097 2800 276 44 Petersburgh,•
1385 2798 72 33 and
1486 2809 20 22 a

188 2872 201 34 messenger
406 2863 92 31 from
528 2859 61 33 the
617 2861 190 38 Secretary
835 2854 43 37 of
904 2849 133 37 State's
1063 2849 115 34 Office
1195 2852 39 28 to
1256 2845 175 45 England.
1491 2845 15 33 I

193 2914 93 32 have
305 2911 138 44 spokeu
458 2915 37 26 to
514 2915 69 25 one
606 2904 43 34 of
665 2906 59 32 the
743 2910 145 35 persons
917 2898 86 35 who
1019 2895 170 37 attended
1209 2906 66 22 one
1293 2895 71 43 day
1377 2902 54 24 -on
1450 2891 59 34 the

195 2961 104 43 King
315 2965 38 27 at
376 2954 308 43 Drotnengholm;
712 2950 44 33 he
774 2948 78 33 told
870 2956 54 25 me
941 2947 80 33 that
1038 2944 64 34 the
1121 2942 100 43 King
1232 2937 66 45 'ate
1316 2943 64 31 but
1396 2939 113 43 little,

161 3035 6 6 .
187 3008 77 33 and
283 3007 81 32 that
384 3005 44 32 he
451 3002 102 33 often
580 3005 96 28 went
689 2996 91 35 back
793 2995 97 33 ward
907 2993 71 35 and
994 2991 177 39 forward,
1199 2988 70 34 and
1289 2988 146 45 clasped
1457 2986 52 32 his

129 3061 33 20 ••
196 3054 113 34 hands
327 3051 177 44 together,
530 3048 71 33 and
622 3044 109 37 lifted
749 3053 48 35 up
814 3043 54 33 his
880 3051 102 35 eyes,
1006 3050 39 24 as
1059 3038 33 34 if
1113 3038 43 32 he
1175 3044 97 25 were
1293 3035 219 45 praying.—

194 3104 120 37 Thus,
335 3100 72 33 this
428 3096 195 41 Monarch,
654 3092 136 35 adored
809 3091 35 33 in
861 3087 228 47 prosperity,
1116 3086 28 32 is
1160 3078 214 40 abandoned
1393 3083 46 44 by
1460 3081 50 33 all

194 3149 136 33 --;bud
351 3146 83 44 help

324 3206 48 24 IL:
413 3204 45 21 CT
480 3201 56 25 OF
557 3200 24 25 A
602 3195 163 31 LATTER
785 3194 120 25 FROM
927 3184 286 35 STOCRUOLM,
1228 3178 163 33 MARCH
1406 3176 59 34 20.
1468 3193 44 6 —

198 3244 130 44 :Valor
348 3241 211 38 Advidson,
583 3233 80 38 whO
678 3239 94 32 went
788 3244 39 22 as
854 3242 24 22 a
888 3230 158 35 Courier
1061 3235 38 26 to
1117 3229 53 32 St.
1195 3223 260 44 Petersburgh,
1481 3222 34 33 in

194 3294 111 32 order
328 3296 35 27 to
376 3296 185 27 announce
578 3286 61 33 the
659 3283 138 40 change
814 3278 44 35 of
882 3279 244 32 Government
1148 3275 33 32 in
1204 3272 165 40 Sweden,
1389 3269 128 45 passed

196 3343 98 32 from
317 3335 216 37 Stockholm
553 3339 39 28 to
612 3330 135 39 Aland,
764 3327 69 34 and
852 3337 43 22 on
922 3326 56 32 his
992 3334 80 31 way
1093 3330 38 26 to
1149 3321 142 39 Russia,
1307 3319 44 33 he
1367 3322 72 28 met
1457 3317 60 33 the

201 3386 158 34 Russian
392 3393 103 33 army
528 3379 185 41 Marching
746 3374 159 34 towards
939 3378 76 28 oat
1051 3371 102 43 place
1181 3365 175 47 (Aland).

201 3433 253 43 hiunediately
470 3429 124 35 seized
612 3437 44 26 on
671 3425 53 34 his
743 3432 150 35 person;
932 3420 59 32 hut
1016 3418 132 40 finding
1165 3417 78 32 that
1263 3413 44 34 he
1325 3413 152 40 broanht
1500 3420 22 24 a

200 3494 26 22 a
244 3491 157 32 message
418 3480 57 32 for
494 3478 54 32 St.
569 3470 261 43 Petersburgh,
849 3468 66 33 and
1052 3465 59 33 the
1135 3463 97 43 King
1251 3471 73 25 was
1346 3459 176 44 deposed,

204 3530 90 43 they
315 3529 85 33 suit:
405 3526 59 33 red
485 3524 76 33 him
580 3528 37 26 to
633 3519 155 46 proceed
806 3530 11 26 ;
844 3519 59 31 but
922 3527 46 20 in:
989 3516 52 30 hi•
1058 3510 224 45 representing
1283 3510 19 45 .
1317 3507 207 34 that(-very:

203 3579 107 40 thing
328 3574 118 34 woold
467 3574 45 32 be
524 3568 131 35 settled
672 3565 202 41 amicably,
904 3563 58 32 the
981 3560 150 34 I:ie.:shin
1157 3555 155 35 General
1333 3554 189 34 answered

210 3626 93 35 him,
318 3622 81 33 that
417 3622 106 39 being
541 3628 45 22 on
606 3617 52 32 his
673 3624 84 33 way
776 3619 37 26 to
831 3609 133 39 Aland,
987 3609 41 31 lie
1045 3605 104 34 could
1172 3611 61 27 not
1245 3609 81 37 stop
1344 3613 9 26 ;
1382 3601 69 33 and
1474 3602 34 31 in-

204 3670 203 38 formation
426 3669 60 33 has
506 3666 98 33 since
621 3664 86 33 been
735 3658 164 37 received
930 3658 77 31 OA
1032 3653 116 35 Aloud
1170 3661 71 24 was
1259 3650 110 34 taken
1389 3658 118 34 pos-es-

207 3722 81 32 sion
308 3718 43 33 of
365 3716 156 35 without
550 3722 72 33 any
646 3710 193 33 resistance
874 3702 308 37 whatever.—On
1217 3699 60 33 the
1307 3694 99 41 18th,
1427 3694 102 33 there

208 3777 81 25 was
306 3777 24 21 a
348 3768 126 39 report
491 3765 40 30 at
552 3756 233 38 Stockholm,
814 3754 78 32 that
918 3754 210 40 Bonaparte
1149 3746 67 34 had
1256 3742 185 47 promised
1462 3742 47 33 Ge-

210 3813 103 37 neral
335 3809 177 41 Armfelt,
534 3807 35 34 in
582 3817 24 22 a
620 3806 105 33 letter
746 3802 142 33 written
908 3806 37 27 to
965 3798 91 40 him,
1069 3795 86 34 that
1185 3794 45 33 he
1246 3790 126 35 should
1403 3791 45 32 be
1466 3798 67 24 one

211 3863 44 32 of
270 3862 105 32 those
389 3857 85 34 who
495 3865 98 25 were
609 3857 40 28 to
669 3853 45 31 he
735 3849 182 34 Members
943 3848 33 31 in
1002 3846 61 32 the
1084 3841 131 44 King's
1231 3841 113 43 Privy
1364 3835 169 41 Council,

211 3911 74 32 and
307 3909 81 33 that
404 3905 135 34 Russia
556 3902 64 33 has
638 3899 67 33 had
728 3898 44 32 its
787 3895 107 34 hands
913 3895 33 32 in
963 3893 61 32 the
1043 3891 237 34 Revolution.

270 4002 38 35 It
334 3998 30 38 is
381 3994 84 40 said
483 3994 92 39 that
604 3991 59 40 Sir
681 3987 154 53 Joseph
855 3986 133 40 Banks
1025 3981 77 40 will
1144 3976 165 58 proceed
1337 3974 94 40 with
1470 3972 69 38 the

215 4057 102 35 next
337 4051 93 37 fleet
465 4054 43 32 to
541 4046 69 38 the
643 4041 163 41 Brazils.
861 4041 30 38 A
913 4038 149 48 frigate
1096 4035 31 38 is
1148 4028 211 57 appointed
1381 4033 44 33 to
1446 4025 94 39 take

217 4106 84 38 him
322 4108 87 34 out.
468 4101 61 38 lie
550 4098 31 38 is
600 4102 43 33 to
677 4096 46 38 be
754 4090 285 53 accompanied
1059 4088 50 51 by
1131 4082 150 43 several
1311 4078 231 40 naturalists

217 4157 81 39 and
319 4154 129 38 artists
463 4152 51 39 of
527 4146 312 51 fwknowiedged
860 4144 159 38 talents.
1075 4141 104 37 That
1196 4139 168 45 country
1388 4130 76 38 will
1486 4128 38 39 af-

217 4208 98 39 ford
337 4214 41 31 to
412 4205 59 38 his
491 4201 224 43 researches
735 4212 25 24 a
794 4196 81 39 rich
911 4194 97 39 fund
1030 4191 47 40 of
1101 4188 188 41 valuable
1306 4183 236 43 curiosities,

220 4261 103 40 both
346 4261 38 39 iu
403 4260 69 40 the
493 4253 213 54 vog►etable
726 4250 77 43 and
821 4247 167 41 mineral
1007 4244 141 43 world.

1780 273 78 41 El?
1858 273 79 41 031
1968 272 72 38 271
2047 270 33 38 E
2107 270 94 38 SP.!
2206 268 37 38 AV
2254 266 85 38 1.511
2370 265 65 37 l'.l
2517 265 76 37 ItS.

1683 377 413 46 NI.ANWESTP,..OF
2125 376 109 41 1:111:
2261 369 227 46 SPANISH

1586 446 79 37 The
1685 448 175 41 Supreme
1874 443 112 32 ;junta
2002 439 43 33 of
2060 437 111 46 Spain
2189 436 86 32 have
2296 432 112 34 issued
2422 441 21 22 a
2489 428 185 40 iztnifesto,
2692 426 139 32 deccrib-

1543 495 72 43 ing-,
1641 495 35 32 in
1695 495 61 32 the
1776 497 89 28 most
1885 487 155 35 forcible
2056 488 190 39 langnage,
2271 482 60 31 the
2353 483 138 40 present
2510 477 174 32 situation
2704 474 39 31 of
2758 480 59 26 tai
2824 474 21 30 ii

1543 546 181 39 Country,
1750 540 67 33 and
1853 539 61 32 the
1942 544 123 25 cause;
2092 536 79 30 that
2194 534 87 28 have
2306 528 56 31 led
2383 534 35 24 to
2441 526 58 32 the
2535 520 206 37 ellamiti.•4
2760 521 89 31 wita

1544 604 24 19 R
1580 588 81 35 Weil
1685 591 27 31 it
1743 589 27 30 is
1789 596 80 22 now
1892 582 167 35 assailed.
2114 580 80 32 The
2225 575 195 34 Minifesto
2451 578 156 26 retraces
2629 569 57 31 t!te
2711 567 137 33 history

1543 638 38 32 of
1594 637 61 33 the'
1672 634 211 34 connection
1904 633 165 31 between
2095 626 138 34 France
2250 622 67 33 nail
2334 620 112 44 Spain
2461 619 53 31 fee
2542 630 12 19 t
2570 622 146 34 century
2739 614 112 32 t;ack,

1541 685 65 32 and
1620 687 223 30 enumerates
1861 680 59 32 the
1933 676 155 35 uniform
2115 673 216 38 advantages
2354 664 116 38 which
2497 664 136 33 Fmnce
2653 661 168 33 unifornd

1543 731 148 34 derived
1714 730 96 33 from
1830 728 79 32 that
1933 722 228 38 connection,
2189 719 104 31 down
2319 720 38 27 to
2378 715 58 32 the
2457 712 138 32 French
2619 707 234 34 Revolution,

1541 780 69 33 and
1636 787 90 25 even
1743 777 216 40 subsequent
1980 776 37 28 to
2034 770 78 31 that
2140 765 142 45 period.
2336 762 94 31 now
2461 758 72 32 this
2554 755 148 35 faithful
2721 756 110 31 ;Venn-

1543 827 78 44 ship
1643 826 70 32 and
1733 823 111 33 useful
1861 819 158 35 alliance
2044 817 61 32 has
2125 815 93 32 since
2238 813 86 32 ilcen
2344 806 128 46 rep:tl,l
2505 806 47 41 by
2569 804 61 33 the
2654 806 90 30 most
2761 801 92 32 cruel

1543 872 158 46 perfidy,
1727 870 63 33 the
1806 868 164 35 blackt!st
1990 861 234 43 ingratitude,
2254 860 26 31 is
2298 857 64 32 btat
2381 860 59 26 too
2460 852 214 37 notorious;
2701 848 67 33 and
2790 849 59 30 the

1545 922 71 32 fate
1633 919 44 33 of
1693 918 113 44 Spain
1824 917 28 32 is
1867 914 80 33 held
1968 922 47 33 up
2029 921 39 24 as
2085 920 45 22 an
2147 906 112 35 awful
2281 905 112 31 lesson
2407 907 35 25 to
2452 909 111 32 every
2584 899 106 31 other
2702 895 152 34 latieuv,

1546 976 33 25 to
1596 965 117 47 guard
1726 965 138 45 against
1880 963 77 32 that
1972 958 196 45 profligate
2181 953 93 34 a:nbi
2284 960 8 24 t
2301 951 57 31 ion
2378 948 77 32 that
2471 946 120 30 would
2606 943 143 33 enslave
2761 941 93 32 them

1543 1016 70 38 all„
1657 1015 81 32 The
1761 1009 198 37 .Manifesto
1977 1003 189 35 eonclodes
2180 1000 89 32 with
2285 997 60 33 the
2362 992 191 43 following
2571 989 180 45 energetic
2777 989 52 32 Ad-

1545 1064 94 31 dress
1656 1067 37 27 to
1709 1061 59 32 the
1780 1057 83 34 dill;
1869 1061 76 31 rent
1957 1049 231 38 Continental
2215 1046 78 33 Pam
2306 1054 58 22 ers

1651 1123 91 38 Yes,
1773 1120 145 33 PCIIICCS
1948 1114 71 35 and
2039 1111 152 34 Nations
2207 1106 41 34 of
2270 1106 60 33 the
2352 1102 210 35 Cootinent,
2591 1108 90 30 your
2715 1106 120 35 preser-

1548 1170 122 33 vation
1685 1170 27 32 is
1733 1165 181 37 identitiM
1941 1162 87 33 with
2048 1169 94 22 ours.
2196 1155 79 33 The
2298 1150 111 44 ?:ratal
2425 1156 131 34 syl,tem
2590 1144 41 33 of
2643 1143 216 35 continental

1545 1217 248 45 stilljugation,
1811 1211 122 35 which
1954 1211 26 32 is
1998 1204 214 43 incessantly
2231 1202 130 38 lssuing
2378 1196 91 33 from
2485 1194 61 33 the
2559 1195 72 40 lips
2650 1193 40 31 of
2705 1191 135 35 French-

1548 1277 91 28 men,
1665 1261 198 45 comprises
1896 1258 35 33 in
1944 1256 102 33 their
2073 1261 81 24 Own
2183 1243 80 48 ags,,
2263 1243 15 48 ,
2278 1243 211 48 randi-eiltent
2526 1251 93 34 your
2656 1240 90 32 ruin.
2804 1238 57 33 Do

1548 1319 57 27 not
1620 1311 149 34 deceive
1788 1306 228 45 yoarselves;
2122 1297 175 34 ambition
2327 1294 39 30 of
2392 1292 92 31 Bowl
2494 1293 104 38 parte
2626 1287 61 32 has
2704 1284 124 34 elread
2836 1294 20 32 y

1551 1357 210 45 triumphed
1779 1364 87 24 over
1880 1352 130 41 'ltaly,
2041 1345 175 38 Holland,
2236 1341 71 35 and
2329 1336 260 39 Switi.erland,
2615 1333 69 33 and
2704 1333 60 31 has
2781 1341 61 22 con-

1552 1407 120 33 verted
1690 1406 61 33 the
1769 1406 109 31 states
1898 1398 41 33 of
1952 1387 34 44 tit
1987 1387 12 44 ,
2027 1390 278 39 Confederatitm
2324 1385 43 33 of
2387 1385 61 33 the
2465 1383 123 32 :thine
2609 1381 73 33 into
2702 1380 58 32 the
2780 1388 64 33 pro-

1553 1456 115 32 vinces
1698 1452 43 32 of
1755 1450 52 32 his
1827 1457 81 22 own
1933 1444 159 43 Empire.
2148 1439 33 32 NN
2198 1437 50 33 itlt
2269 1436 58 32 the
2348 1434 115 31 forces
2496 1429 43 33 of
2552 1429 111 43 spain
2682 1426 65 32 and
2773 1426 70 32 Por-

1552 1501 97 41 tugal
1681 1498 45 33 he
1743 1495 137 34 intends
1898 1501 35 25 to
1952 1491 105 33 eifect
2075 1487 61 34 the
2164 1483 219 33 destruction
2398 1478 41 34 of
2472 1478 167 35 Austria,
2666 1474 66 32 and
2750 1473 99 32 aftt.r-

1554 1548 117 33 wards
1690 1551 35 28 to
1744 1541 176 37 assemble
1936 1539 63 33 the
2014 1532 193 39 collective
2222 1528 156 41 strength
2386 1525 17 33 -
2402 1525 35 33 of
2459 1525 146 40 Et:rept:
2626 1530 39 24 to
2682 1520 102 32 drive
2806 1518 60 32 the

1554 1596 230 33 unCortunate
1804 1586 213 37 Alexander
2033 1584 74 32 into
2127 1580 60 33 the
2212 1578 132 32 desarts
2365 1572 40 33 of
2417 1574 131 30 Tartar
2555 1581 34 21 .%
2642 1567 115 38 Then,
2791 1566 70 32 and

1554 1649 59 27 not
1644 1641 92 33 nntil
1753 1638 51 33 all
1824 1637 71 33 this
1915 1635 27 32 is
1975 1626 279 40 consummated,
2283 1622 76 34 will
2380 1620 58 33 the
2459 1616 157 46 projects
2635 1615 44 32 of
2704 1615 52 31 his
2776 1624 25 22 w
2815 1613 51 32 lid

1554 1688 177 37 ambition
1755 1685 52 34 be.
1828 1677 285 46 accomplished.
2167 1672 77 33 The
2259 1670 144 33 ancient
2430 1667 35 41 tl
2465 1667 18 41 )
2483 1667 126 41 nasties
2627 1662 44 32 of
2683 1661 59 32 the
2759 1659 105 33 earth

1557 1737 76 34 will
1651 1736 215 40 disappear,
1894 1729 43 32 he
1965 1726 67 32 anti
2057 1723 53 33 his
2140 1719 125 44 fatally
2288 1716 74 32 will
2382 1714 93 41 reign
2494 1707 259 38 uneontrouled
2770 1715 90 25 over

1559 1787 56 31 the
1644 1781 168 37 nations;
1838 1774 156 37 another
2026 1768 119 35 feudal
2164 1774 143 37 system,
2335 1772 69 22 into
2414 1770 18 20 e
2460 1752 197 48 teougnain
2691 1755 85 31 thaa
2806 1754 61 31 the

1557 1832 135 33 former
1711 1827 77 34 will
1815 1826 45 31 be
1879 1818 236 39 established,
2141 1812 38 37 to
2199 1814 58 33 the
2274 1808 187 35 exclusion
2473 1806 41 31 of
2529 1807 37 30 tit
2572 1815 17 20 :.
2608 1802 106 40 light,
2739 1801 69 31 and
2831 1809 35 21 to

1557 1880 59 32 the
1628 1873 224 37 destruction
1867 1870 41 34 of
1924 1869 81 34 the
2006 1866 156 40 industry
2181 1860 71 34 and
2264 1852 227 40 civilization
2491 1852 20 40 •
2520 1853 39 32 to'
2570 1853 100 30 three
2685 1848 183 43 complete

1558 1923 190 37 centuries.

1663 1970 73 33 Rut
1749 1967 60 34 the
1826 1967 86 32 time
1931 1962 64 34 has
2011 1963 63 31 not
2100 1961 64 40 vet
2179 1951 142 37 arrived
2344 1949 102 32 when
2467 1946 59 33 the
2544 1948 120 41 tyrant
2678 1954 65 22 can
2757 1941 112 45 enjoy

1558 2021 61 33 the
1637 2019 109 33 fruits
1765 2015 39 32 of
1814 2014 53 33 his
1885 2011 163 33 labours.
2101 2002 177 44 England,
2306 1996 197 46 possessing
2522 1996 105 40 great
2644 1990 137 33 natural
2805 1990 45 30 ad-

1560 2073 170 34 vantages
1749 2061 96 33 from
1864 2059 64 33 her
1946 2055 135 35 insular
2099 2050 190 37 situation,
2316 2044 93 33 from
2431 2043 63 31 her
2520 2048 143 35 power,
2691 2037 65 32 and
2777 2034 96 33 from

1561 2115 61 33 her
1639 2113 107 37 laws,
1767 2109 61 33 has
1845 2112 76 28 cast
1941 2104 60 37 the
2030 2101 104 33 smile
2151 2096 43 34 of
2204 2098 182 38 contempt
2404 2095 37 27 at
2458 2088 61 33 the
2546 2087 83 32 mad
2646 2082 228 34 convulsions

1559 2161 43 37 of
1617 2157 144 50 French
1779 2154 189 40 audacity.

1668 2205 111 33 What
1801 2202 99 39 then,
1928 2194 210 43 sovereigns
2156 2189 43 35 of
2223 2189 162 41 Europe,
2412 2183 92 33 have
2523 2190 73 34 you
2623 2183 37 30 to
2687 2176 158 45 perform
2863 2176 13 32 ?

1561 2255 91 35 You
1680 2261 65 25 are
1778 2246 137 35 invited
1945 2251 38 28 to
2016 2241 123 35 action
2172 2239 47 41 by
2251 2233 72 33 fair
2355 2229 241 46 opportunity
2615 2249 11 17 ,
2653 2225 47 43 by
2721 2224 158 40 obvious

1561 2303 164 35 interest,
1742 2296 69 34 and
1822 2295 61 34 the
1896 2295 123 40 urgent
2031 2289 148 41 danger.
2232 2282 39 33 if
2285 2290 72 34 you
2380 2278 86 33 wish
2487 2281 45 28 to.
2542 2274 115 38 exist,
2672 2280 77 25 arm
2769 2280 90 32 your-

1560 2350 128 33 selves.
1741 2344 113 33 From
1874 2341 60 33 the
1955 2335 129 35 Scheid
2104 2341 37 26 to
2172 2331 60 33 the
2263 2329 141 38 Tyber,
2430 2323 66 33 and
2515 2321 94 33 front
2639 2320 60 38 the
2718 2317 106 35 Neva
2842 2322 40 27 to

1561 2399 59 31 the
1649 2389 293 45 Guadalquiver,
1968 2394 84 31 may
2078 2381 104 33 there
2209 2378 44 32 be
2280 2365 65 44 but
2366 2382 64 21 one
2448 2368 137 44 object,
2611 2365 69 34 and
2698 2374 78 32 may
2796 2363 84 33 that

1564 2445 57 37 he,
1652 2451 76 24 war
1741 2438 141 43 against
1906 2430 231 37 Frenchmen.
2192 2422 164 41 Perhaps
2376 2428 69 33 yon
2464 2415 116 33 doubt
2598 2412 43 33 of
2656 2422 22 22 a
2691 2409 189 35 stiCresFfit;

1564 2490 111 34 result
1706 2487 96 32 from
1844 2491 94 35 your
1972 2472 242 39 elforts.—Be
2243 2474 61 28 not
2343 2463 188 39 deceived,
2568 2458 227 38 Frenchmen
2820 2466 65 22 are

1564 2537 143 34 neither
1739 2526 248 39 invulnerable
1998 2533 67 25 nor
2082 2519 216 37 invincible;
2327 2515 61 32 the
2619 2504 178 41 Val'entia
2812 2503 73 33 and

1566 2587 211 39 Saragossa,
1801 2576 67 35 and
1902 2574 64 32 the
1998 2567 202 38 mountains
2228 2563 41 33 of
2302 2561 155 35 Palen,
2481 2554 164 45 exposed
2665 2559 37 26 to
2734 2552 155 33 Heaven

1564 2630 67 34 and
1667 2627 131 38 Earth,
1824 2622 98 34 their
1954 2619 124 34 shame
2109 2613 69 34 and
2210 2607 250 47 degradation.
2512 2603 58 33 Oh
2589 2602 8 31 I
2628 2611 46 32 ye
2695 2597 164 34 Monarele-

1563 2678 71 33 and
1669 2672 231 37 Inhabitants
1929 2667 44 33 of
2004 2663 64 33 the
2104 2660 193 35 Continent
2331 2655 141 31 imitate
2499 2659 69 24 our
2602 2648 172 37 firmness,
2815 2644 73 32 and

1567 2734 66 24 our
1651 2725 276 41 perseverance,
1954 2712 69 34 and
2040 2709 63 33 the
2128 2705 131 39 world,
2285 2698 211 38 threatened
2537 2695 94 34 with
2668 2691 224 34 destruction

1569 2774 46 40 by
1633 2781 22 20 a
1672 2765 123 37 brutal
1808 2769 172 33 monster,
2007 2756 79 38 will
2105 2760 40 28 at
2167 2750 118 45 length
2306 2756 150 26 recover
2472 2745 44 32 its
2535 2740 272 45 independence
2822 2735 71 34 and

1569 2823 143 38 repose.

2194 2841 210 40 MARTIN
2437 2839 72 33 DE
2539 2832 209 41 GARAY,

2115 2910 190 38 Secretary
2321 2907 37 28 to
2378 2900 60 46 Oe
2458 2900 180 41 Supreme

1682 2980 143 37 Palace
1841 2976 45 35 of
1894 2975 178 39 Alcazar,
2093 2970 66 33 Sec
2167 2967 77 41 ills,
2261 2966 90 32 Jan.
2374 2962 31 41 1,

1828 2906 12 13 ,~

1766 3093 223 45 DECREE
2017 3094 69 37 OF
2114 3091 111 35 THE
2254 3081 228 39 SPANISH
2507 3077 197 43 :JUNTA.

1680 3162 72 33 His
1770 3157 181 46 Majesty,
1974 3148 129 48 consicle
2102 3148 15 48 i
2118 3148 83 48 tilog
2213 3145 79 34 that
2306 3146 63 32 the
2392 3138 155 39 French,
2572 3137 35 31 in
2628 3135 63 33 the
2704 3130 172 48 unjustan

1574 3211 208 33 barbarous
1800 3215 80 24 war
1900 3195 123 44 whio

2030 3198 113 45 „theyi
2169 3203 99 32 wago
2297 3190 141 44 against
2459 3185 130 43 Spain,
2616 3193 74 33 pay
2709 3190 44 21 no
2770 3187 113 34 regar'

1577 3266 37 26 to
1628 3268 71 32 any
1720 3252 185 47 principle
1924 3247 44 35 of
1982 3247 63 32 the
2061 3243 11 43 .
2072 3243 71 43 10,14'
2150 3252 18 22 Pi
2186 3240 47 35 Ilti
2256 3239 72 33 Mai
2336 3234 191 35 MlS—that
2555 3231 90 35 they
2667 3224 220 41 shamelessl.

1581 3305 138 34 violate
1739 3301 64 34 the
1820 3304 93 30 most
1930 3295 137 32 solemn
2083 3289 165 38 treaties,
2280 3296 39 21 as
2350 3285 61 31 has
2438 3281 90 32 been
2558 3275 149 33 Yerified
2728 3272 90 34 with
2850 3281 45 22 re.

1578 3356 102 41 spect
1698 3354 39 28 to
1757 3348 59 33 the
1832 3341 250 47 capitulation
2102 3333 35 40 of
2138 3333 18 40 ,
2156 3333 164 40 Alattrid,
2334 3331 111 38 since,
2461 3330 177 37 cnntrary
2657 3326 37 30 to
2712 3321 63 33 the
2789 3318 106 44 stipo

1580 3399 133 34 lations
1748 3394 141 33 therein
1926 3389 119 38 made,
2072 3373 80 54 thei
2152 3373 20 54 4
2172 3373 20 54 .
2192 3373 201 54 liiprison,
2430 3378 206 40 persecute,
2669 3369 67 33 and
2778 3364 117 37 bauisl

1583 3443 21 50 p
1604 3443 67 50 eac
1671 3443 112 50 eable
1802 3441 152 32 citizens
1967 3435 67 33 and
2052 3418 227 56 respectirble
2302 3423 247 44 Magistrates,
2578 3415 196 45 imposing,
2792 3418 41 28 at
2850 3412 45 33 th.

1583 3498 98 30 same
1698 3493 102 37 time,
1812 3485 64 34 the
1893 3489 92 30 most
1998 3476 157 46 disgrace
2156 3476 59 46 All
2233 3472 247 46 punishments
2493 3478 45 20 on
2554 3467 109 32 other
2680 3463 208 32 unfortunat

1586 3548 145 35 persons
1746 3546 46 24 on
1809 3534 63 34 the
1889 3531 168 41 slightest
2073 3519 285 50 suspicious.and
2378 3522 91 28 most
2486 3513 181 33 frivolous
2683 3513 180 41 pretexts.
2869 3523 48 7 —

1589 3586 129 44 Seeing
1735 3583 81 33 that
1833 3580 87 43 they
1941 3575 171 34 continue
2128 3579 107 32 every
2261 3568 123 32 v.liere
2404 3570 39 26 to
2466 3560 111 33 defile
2604 3557 63 33 the
2695 3554 158 43 sanctity

1589 3633 168 43 temples,
1775 3630 61 33 the
1856 3625 125 47 purity
2000 3620 44 33 of
2068 3617 174 35 domestic
2271 3617 155 33 honour,
2450 3609 69 32 and
2548 3614 38 25 to
2611 3604 159 44 trample
2789 3611 47 22 on
2854 3604 13 30 t

1589 3681 117 44 rights
1733 3676 44 34 of
1798 3672 191 43 humanity
1993 3667 26 33 —
2019 3667 105 33 that
2152 3670 73 27 acts
2254 3661 43 33 of
2317 3661 61 32 the
2404 3661 90 28 most
2512 3654 188 34 atrocious
2718 3648 105 40 kind,
2849 3658 30 22 a

1592 3728 123 35 which
1735 3724 109 34 make
1865 3720 133 34 human
2011 3719 130 28 nature
2157 3709 174 39 shudder,
2354 3715 63 24 are
2435 3703 100 44 daily
2555 3698 113 35 heard
2682 3697 56 43 of,
2763 3696 89 34 such

1593 3776 63 33 the
1672 3771 115 34 death
1805 3768 44 35 of
1861 3780 25 21 a
1902 3776 86 28 nun,
2015 3762 84 32 who
2118 3759 116 33 threw
2255 3752 137 37 herself
2407 3751 74 33 into
2494 3759 26 22 a
2541 3746 102 39 %yell,
2670 3751 35 26 to
2722 3742 111 35 avoid
2861 3748 22 26 t

1594 3821 180 41 brutality
1793 3817 43 33 of
1848 3826 24 22 a
1892 3810 252 38 Frenchman;
2172 3806 59 33 the
2249 3801 99 34 cruel
2368 3798 144 33 murder
2528 3795 45 34 of
2585 3806 20 21 a
2622 3793 157 38 mother,
2798 3789 92 33 who

1596 3872 142 31 breasts
1757 3874 98 24 were
1874 3866 60 31 cut
1952 3857 54 34 off
2021 3857 33 32 in
2073 3855 61 33 the
2148 3856 60 28 act
2225 3850 44 33 of
2280 3847 125 45 giving
2418 3842 90 35 suck
2520 3848 37 27 to
2580 3841 65 33 her
2660 3849 78 30 son,
2756 3840 50 40 by
2820 3836 70 32 the

1597 3921 189 32 monsters,
1819 3909 86 34 who
1922 3902 221 38 afterwards
2160 3898 125 34 sabred
2309 3896 65 31 her
2396 3892 113 33 infant
2524 3901 11 26 ;
2561 3888 71 39 and
2660 3896 24 22 a
2712 3883 150 35 number
2888 3883 5 70 .

1598 3964 107 33 other
1722 3969 98 26 cases
1834 3954 152 46 equally
2004 3948 187 35 horrible;
2217 3943 193 34 atrocities
2428 3935 139 46 painful
2589 3943 37 26 to
2650 3933 118 38 %%rite,
2794 3927 119 35 dread.

1602 4011 52 33 Int
1672 4016 39 26 to
1728 4002 187 45 read,:and
1933 3997 198 44 degrading
2148 4002 39 24 to
2205 3991 133 33 endure
2350 3986 204 41 ;—tivatly,
2572 3983 54 32 his
2649 3978 152 45 Majesty
2820 3976 67 33 bei'

1600 4054 216 39 convinced,
1841 4051 79 33 that
1937 4046 74 33 still
2046 4051 37 24 to
2100 4043 151 31 observe
2268 4038 61 32 the
2348 4037 91 32 laws
2456 4032 41 33 of
2518 4029 143 35 natural
2689 4026 128 43 equity
2838 4024 41 31 s'

1603 4106 104 33 those
1735 4101 85 34 who
1851 4098 142 41 respect
2011 4101 46 25 no
2076 4090 74 32 law
2187 4088 202 34 whatever,
2418 4080 120 32 would
2559 4082 61 28 not
2639 4072 45 35 be
2702 4072 152 33 moderat
2855 4072 22 33 ,

1604 4152 69 32 and
1687 4149 155 46 justice,
1869 4144 65 33 but
1957 4140 64 34 the
2047 4141 92 30 most
2167 4131 171 46 culpithle
2369 4128 229 34 indillerence
2627 4120 70 34 and
2725 4121 60 31 the
2813 4119 91 32 base.

1607 4205 196 30 meanness,
1846 4191 63 34 has
1942 4185 165 38 resolved
2148 4187 39 27 to
2219 4188 142 34 repress
2394 4176 67 33 and
2492 4170 130 46 punish
2654 4168 103 32 those
2789 4165 17 32 (
2805 4165 17 32 -
2822 4165 69 32 rim(

1610 4244 148 44 Calling
1776 4238 182 38 therefore
1974 4234 52 34 all
2039 4233 156 43 Europe
2259 4237 26 25 w
2296 4227 7 31 i
2311 4230 91 30 loess
2414 4222 61 34 the
2487 4218 116 35 awful
2619 4215 175 41 necessity
2812 4222 27 21 w
2849 4209 31 33 li'

3137 236 5 5 •

3156 250 14 58 i

3148 533 12 35 f

3135 656 6 31 (
3154 643 2 45 '
3177 643 17 45 1

3144 865 22 30 Er

3145 917 21 39 il

3146 963 22 65 ii

3148 1059 8 14 •

3148 1076 24 44 I,

3189 1114 14 35 d
3255 1126 6 6 •

3139 1146 4 32 •
3185 1146 8 32 l
3194 1146 9 32 i

3137 1192 20 26 'l
3157 1192 11 26 ,
3193 1199 6 12 1

3162 1217 26 86 )i
3188 1217 14 86 .

3136 1319 17 21 tt
3165 1310 4 31 ;

3141 1341 9 20 ~
3165 1345 9 11 .
3187 1341 5 50 •
3145 1361 6 30 I

3167 1359 39 41 id!
3169 1431 8 50 i

3146 1486 14 24 1
3161 1486 15 24 ,

3145 1514 7 71 I
3152 1514 7 71 f
3170 1517 6 40 i
3202 1514 5 71 t

3143 1618 11 28 k
3172 1606 6 20 1
3203 1606 4 40 ,

3171 1639 8 31 i

2870 1870 1 9 ,
3176 1870 2 9 •

2870 1951 1 14 I

2870 2044 2 21 I

2870 2091 4 22 i

2870 2176 6 32 ?

2870 2232 9 21 5

2870 2328 12 21 I.)

2870 2368 9 28 t
3282 2355 4 41 '
3286 2355 4 41 ,
3289 2355 4 41 .
3293 2355 4 41 ;
3296 2355 7 41 ‘d

2870 2409 15 33 II

2870 2466 15 22 e

2870 2503 15 32 d

2870 2559 19 24 ri

2870 2607 18 21 is

2870 2644 18 31 (1

2870 2700 22 22 ill

2870 2735 24 33 Id

3203 2784 6 44 i

3204 2833 20 46 i•

3219 3008 30 17 '-`

3209 3038 7 59 1
3246 3026 58 69 ''"4:l

2870 3128 34 35 Id
3207 3128 5 47 •
3274 3148 30 27 :,o.

2870 3175 35 34 rd
3272 3175 5 44 •

2870 3226 34 40 ly
3298 3226 5 44 .

3296 3270 7 18 0

2870 3281 38 22 •e-

3278 3308 15 21 -..
3299 3308 5 21 4

2870 3327 41 22 li-

2870 3364 40 32 st)
3278 3381 6 6 ,
3301 3364 2 32 ,

2870 3412 44 32 he

2870 3465 47 27 tie

3281 3533 22 13 ~

2872 3552 46 33 of

2870 3601 48 32 .he

2870 3647 52 32 Laid

2881 3703 41 24 :IR

2870 3741 54 33 the

2870 3796 57 24 ose

2870 3844 56 24 ose

2887 3879 46 34 of
3226 3879 5 34 .

2870 3927 59 34 ad-

2870 3976 40 32 in
2910 3976 21 32 ,

2877 4002 53 52 ill;

2871 4069 60 31 ion

2870 4119 66 28 sect

2870 4173 65 21 nes.

2870 4209 63 32 iic•

3102 4240 53 35 ,„..

2906 4424 14 20 ~4
3292 4424 5 20 •
