3371 4453
1098 35 146 81 THE
1280 45 378 65 NATIONAL
1693 37 385 58 REGISTER.

207 83 105 51 222

180 229 57 30 Jso
265 219 143 41 trifling
425 229 24 21 a
465 217 159 33 douccur
647 214 12 32 ?
705 211 146 33 Alessrs.
885 207 145 38 Barber
1056 201 72 38 and
1149 203 105 40 Sons,
1285 196 45 37 of
1354 189 196 48 Cowper's

191 278 138 38 .Court,
348 276 37 32 in
402 272 189 43 Cornhilh
606 267 151 40 cleared
774 267 86 43 (poly

300 332 80 35 Ask
403 341 57 22 me
476 340 44 22 no
793 322 164 34 exclaim
976 321 65 34 the
1059 293 181 63 children,
1240 293 41 63 4-
1307 309 72 35 and
1483 304 65 35 tell

193 398 83 35 Sou
294 399 46 21 eo
644 384 48 32 Ito
710 390 69 27 can
791 379 131 35 blame
958 387 96 34 poor
1075 376 74 33 Mr.
1173 372 216 41 Devaynes,
1411 376 38 25 as
1480 371 69 25 one

197 443 48 34 of
256 445 61 33 the
341 442 224 37 East-India
585 436 294 43 Directors,•for
896 435 188 43 declining
1102 437 37 28 to
1157 429 85 46 give
1261 426 35 33 in
1315 433 72 33 any
1403 420 148 34 written

200 507 161 31 account
378 500 46 34 of
442 500 64 32 his.
517 498 235 45 patronising
772 491 268 47 presentations
1058 489 13 37 ?
1119 487 37 35 It
1173 487 30 33 is
1217 485 65 33 the
1300 483 104 34 boast
1420 476 43 35 of
1483 485 67 25 our

200 557 111 39 laws;
327 557 73 33 and
418 557 64 33 the
517 556 99 43 right
634 553 45 33 of
704 553 105 33 those
839 550 84 33 who
953 547 112 34 claim
1085 544 118 35 them.
1228 540 86 35 that
1339 547 46 25 no
1419 543 83 25 man
1522 531 28 33 is

207 614 125 35 forced
348 622 39 26 to
407 614 197 34 criminate
627 604 157 40 hiinseif.
839 608 71 33 We
922 604 155 35 demand
1096 612 46 24 no
1153 596 136 48 j'ao-de
1289 596 19 48 7
1307 596 40 48 se
1362 592 188 37 evidence.

210 673 96 44 Why
327 671 190 45 therefore
528 669 149 44 arr..ign
694 676 92 26 even
806 665 61 32 Sir
888 661 152 35 Frauds
1070 657 155 44 Baring,
1243 651 138 45 merely
1397 651 157 32 because

204 729 48 38 be
270 729 64 33 did
352 733 64 27 not
445 728 79 33 like
543 725 61 40 the
625 731 70 27 test
710 722 46 34 of
783 720 139 43 calling
953 718 56 33 for
1041 713 142 35 certain
1213 705 265 41 Declarations
1504 703 48 44 by

201 785 214 38 affidavit?
464 783 112 33 What
589 780 164 46 signifies
772 777 27 34 it
820 772 324 48 if,Mr.Jackson,
1161 767 92 35 with
1267 775 48 25 an
1333 759 221 46 antiquated

194 852 272 39 -perverseness
483 840 43 33 of
539 837 116 40 mind,
674 833 187 47 exploded
882 830 190 43 integrity,
1094 827 30 35 is
1306 820 93 37 with
1424 820 132 32 horror

239 905 13 28 t
267 899 63 33 the
345 896 119 34 nunal
484 894 200 46 depravity
703 888 194 37 exhibited
918 885 227 45 throughout
1159 881 60 35 the
1253 878 123 35 whole
1493 874 64 34 the

211 957 150 44 Report
373 954 45 34 of
437 953 61 34 the
519 951 117 34 Select
654 948 219 35 Committee
891 945 7 32 !
938 940 201 46 Complain
1157 938 45 34 he
1221 946 100 34 may,
1343 935 65 32 but
1424 934 28 32 it
1472 932 30 33 is
1519 930 43 34 of

208 1025 50 25 no
274 1024 76 28 use,
370 1011 33 33 if
418 1009 63 34 the
498 1006 180 46 majority
703 1017 25 20 a
739 1005 59 38 ho,
820 1002 35 33 in
875 1002 61 32 the
965 1009 89 35 year
1085 996 105 40 ISO°,
1209 990 219 41 overruled,
1493 990 65 31 not

210 1071 54 44 by
283 1071 63 33 the
363 1068 130 34 fairest
703 1062 64 34 the
783 1058 256 47 propositions
1059 1054 85 35 then
1159 1049 201 38 submitted
1372 1048 58 33 for
1495 1044 61 34 the

211 1127 240 45 suppression
467 1122 43 34 of
823 1117 53 38 0,
900 1115 103 34 these
1018 1111 200 37 invincible
1239 1103 230 50 majorities!

263 1183 74 33 Mr.
361 1181 176 43 Baselei,
565 1179 154 32 become
746 1185 40 25 so
819 1173 193 34 notorious
1045 1172 50 43 by
1116 1169 61 34 the
1204 1166 176 34 evidence
1397 1162 44 33 of
1467 1161 92 33 Mrs.

219 1239 157 41 Clarke,
396 1238 30 32 is
441 1240 77 35 not,
535 1235 30 33 it
581 1232 131 35 should
728 1241 111 30 seem,
861 1230 61 33 tire
937 1230 87 43 only
1039 1225 155 37 clerical
1212 1221 203 35 trafficker.
1459 1217 103 34 Here

219 1298 33 32 is
269 1306 46 24 no
330 1296 69 33 less
416 1294 90 41 than
524 1290 61 34 the
606 1290 98 33 Rev.
726 1287 164 34 Thomas
913 1284 135 44 Lloyd,
1078 1279 190 47 Chaplain
1294 1284 39 27 to
1356 1276 53 33 his
1439 1273 122 44 Royal

219 1352 187 45 Highness
437 1351 61 32 the
527 1346 115 35 Duke
666 1346 44 33 of
736 1346 198 37 Clarence,
969 1341 89 33 who
1076 1339 144 33 obtains
1238 1344 70 25 one
1335 1330 228 38 nomination

220 1408 162 45 through
402 1406 63 33 the
493 1406 150 33 interest
670 1402 44 33 of
739 1402 64 32 his-
821 1398 128 45 Royal
967 1397 204 43 Highness,
1202 1393 71 33 and
1293 1390 155 34 another
1467 1385 94 34 from

220 1466 63 35 Sir
304 1463 124 35 Lionel
458 1461 150 40 Dove!),
628 1459 112 34 both
741 1457 47 34 of.
807 1456 129 34 which
966 1455 45 35 he
1028 1452 189 37 contrives
1246 1454 39 30 to
1303 1447 83 38 sell.
1435 1444 100 35 Well
1554 1443 7 34 !

217 1533 43 28 60
274 1522 30 33 it
320 1521 45 43 is,
383 1530 43 26 as
442 1520 63 34 the
522 1522 91 40 poet
633 1517 162 44 singeth,
816 1515 86 33 that

467 1576 119 33 When
604 1574 223 34 natintisare
846 1577 38 28 to
898 1569 124 47 perish
1039 1569 37 33 in
1089 1565 96 37 their
1195 1565 89 43 sins,

462 1631 79 35 'Tis
560 1631 37 34 in
611 1631 63 33 the
686 1628 139 37 church
844 1628 64 32 the
925 1628 152 44 leprosy
1093 1623 141 44 begins.

226 1691 133 46 Lloyd,
390 1689 146 41 indeed,
561 1687 164 45 entirely
757 1684 206 35 transcends
994 1682 152 44 Basely.
1200 1676 137 45 Basely
1355 1669 144 41 wanted
1531 1675 38 31 to

223 1749 183 47 purchase
436 1755 99 25 some
561 1744 102 33 little
680 1740 265 38 ecclesiastical
981 1737 211 35 distinction
1226 1734 60 34 for
1305 1730 169 40 himself;
1504 1730 66 32 but

227 1806 122 45 Lloyd
367 1813 163 38 appears
546 1811 40 37 as
613 1800 136 35 vender
767 1798 45 35 of
824 1795 209 37 more•than
1052 1804 67 26 one
1139 1791 144 37 secular
1300 1788 213 47 promotion
1531 1791 39 28 to

227 1863 141 35 others.

233 1926 6 6 '
278 1918 126 35 There
420 1928 67 24 are
503 1915 77 35 still
601 1917 106 43 parts
724 1911 44 35 of
791 1911 73 34 this
885 1910 143 45 Report
1046 1907 46 34 of
1115 1905 63 35 the
1194 1904 124 37 Select
1333 1899 240 40 Committee,

231 1975 128 35 which
374 1972 197 43 eminently
589 1971 128 33 solicit
732 1968 200 37 attention.
981 1967 104 34 How
1107 1972 100 26 came
1228 1962 44 41 it,
1289 1958 228 40 Gentlemen,
1535 1964 39 24 as

233 2037 65 33 the
322 2035 151 44 Report
498 2039 109 26 states
628 2031 30 33 it
689 2036 39 28 to
748 2029 93 33 have
861 2029 105 40 been,
992 2026 72 33 and
1083 2035 40 25 as
1141 2023 71 34 Mr:
1228 2019 164 41 Randall
1410 2016 164 35 Jackson

234 2102 85 24 now
338 2089 189 43 deplores,
544 2087 98 41 that,
674 2085 34 34 in
728 2083 97 34 June
843 2083 109 39 1500,
981 2093 46 22 an
1048 2078 240 38 Amendmeut
1311 2073 208 37 subversive
1535 2070 46 33 of

224 2148 64 46 .all
309 2146 150 45 inquiry
482 2145 76 32 into
583 2144 145 39 abuses,
755 2141 72 34 and
844 2138 203 46 especially
1067 2134 209 35 calculated
1305 2138 39 28 to
1367 2133 213 31 counteract

240 2204 65 34 the
320 2205 113 31 result
452 2202 41 32 of
510 2199 235 45 inquisitions
770 2196 215 46 previously
1005 2190 326 38 instituted—how
1350 2196 100 25 came
1465 2185 45 41 it,
1527 2185 51 33 let

239 2271 60 27 me
317 2259 86 41 ask,
430 2258 81 34 that
530 2257 73 33 this
634 2257 178 37 measure,
837 2254 106 33 when
973 2252 63 33 the
1054 2254 104 31 votes
1178 2256 99 26 were
1294 2244 109 45 equal
1423 2254 45 21 on
1487 2241 89 34 both

239 2316 111 41 sides,
373 2324 91 32 was,
481 2311 261 40 nevertheless,
759 2309 177 43 directly,
964 2317 44 24 or
1020 2304 213 43 indirectly,
1261 2298 145 38 carried
1430 2298 47 44 by
1499 2297 60 33 bal-

240 2374 84 34 lot?
379 2372 38 34 Is
432 2372 30 33 it
478 2372 92 33 from
593 2369 73 34 this
683 2366 227 37 memorable
928 2362 236 41 transaction,
1180 2360 85 34 that
1293 2368 54 24 we
1364 2366 61 25 are
1444 2360 38 28 to
1500 2354 60 34 col-

242 2432 74 33 lect
334 2440 69 24 our
420 2428 156 44 opinion
595 2425 44 34 of
648 2426 72 33 'the
741 2422 143 35 wonted
904 2422 141 33 honour
1055 2418 72 35 and
1144 2418 243 33 consummate
1404 2409 175 46 integrity

244 2486 45 44 of
309 2486 65 34 the
405 2483 171 38 Councils
606 2481 44 33 of
676 2480 141 34 Leaden
844 2479 91 34 Hall
953 2478 13 33 ?
1020 2476 113 34 Facts
1150 2483 63 25 are
1231 2471 177 34 stubborn
1435 2469 143 41 things;

244 2543 90 43 and,
348 2541 110 37 when
471 2539 158 45 coupled
651 2537 92 35 with
763 2537 117 40 dates,
901 2535 87 44 they
1005 2543 67 24 are
1090 2531 207 35 sometimes
1313 2524 242 37 irresistable.

296 2598 115 35 After
426 2597 65 34 the
506 2597 130 33 abuses
657 2593 123 35 which
801 2593 72 33 this
895 2593 145 44 Report
1059 2587 44 34 of
1126 2587 60 33 the
1217 2585 124 33 Select
1361 2580 221 35 Committee

249 2657 188 39 discloses,
455 2665 67 25 can
553 2663 57 24 we
640 2652 87 34 read
750 2650 159 33 without
930 2657 94 24 some
1056 2644 135 41 feeling
1215 2641 44 33 of
1284 2641 145 37 horror,
1446 2647 40 24 as
1505 2636 77 33 Mr.

252 2713 171 35 Jackson
439 2711 67 38 felt
523 2720 47 24 on
602 2709 155 40 hearing
785 2708 45 40 it,
856 2705 60 34 the
939 2702 196 41 following
1165 2700 112 33 Form
1306 2696 41 33 of
1371 2693 213 35 Certificate

253 2769 146 45 usually
417 2766 124 45 signed
565 2767 47 41 by
634 2764 63 34 the
717 2763 156 35 Nearest
904 2761 41 33 of
971 2761 30 33 ti
1013 2760 34 32 in
1068 2766 38 24 to
1130 2756 87 34 each
1253 2753 116 34 Cadet
1499 2747 86 34 Ido

252 2826 146 33 further
411 2825 139 33 declare
565 2824 79 31 that
665 2820 25 34 I
702 2819 161 34 received
885 2819 58 34 ae
960 2815 84 34 said
1061 2813 254 44 appointment
1344 2807 57 33 for
1417 2817 60 33 my
1509 2812 76 31 son,

250 2883 265 43 gratnitons4,
541 2880 70 33 and
632 2880 83 32 that
739 2887 43 22 no
803 2884 126 33 money
960 2883 41 22 or
1020 2872 105 33 oater
1140 2868 167 34 valuable
1324 2864 263 34 consideration

256 2940 65 33 has
339 2939 92 33 been
457 2947 40 24 or
517 2939 28 32 is
565 2942 38 27 to
633 2936 46 32 be
699 2931 102 46 paid,
826 2931 123 33 either
966 2928 159 43 directly
1144 2935 43 24 or
1217 2921 215 44 indirectly,
1443 2920 69 44 for
1530 2921 59 33 the

254 3009 98 27 same
365 3011 13 27 ;
404 2998 71 35 and
490 2996 81 34 that
588 2996 22 34 .1
630 2996 76 32 mil:
720 2996 61 30 not
795 3004 85 32 pay,
901 3002 40 20 or
957 3000 103 21 CaUNC
1081 2991 35 30 to
1129 2987 38 31 be
1180 2983 109 45 paid,
1307 2982 118 33 either
1444 2981 47 43 by
1513 2991 54 33 my-

257 3059 81 41 self,
366 3059 48 43 by
433 3066 59 33 my
508 3064 80 31 son,
607 3061 43 25 or
670 3053 50 41 by
735 3051 64 33 the
816 3047 111 34 hands
956 3045 44 34 of
1019 3056 76 32 any
1113 3043 106 33 other
1238 3048 148 37 person,
1406 3048 67 33 any
1488 3048 85 32 pecu-

257 3120 107 39 niary
381 3125 43 22 or
441 3112 165 34 valuable
622 3107 267 35 consideration
909 3104 247 37 whatsoever,
1174 3103 35 30 to
1228 3107 71 33 any
1315 3104 130 35 person
1457 3104 41 22 or
1511 3104 63 33 per-

257 3188 81 24 sons
356 3177 76 32 who
451 3175 87 32 have
552 3168 195 38 interested
763 3164 206 35 themselves
994 3164 38 35 in
1048 3159 201 46 procuring
1271 3155 84 34 such
1375 3155 222 32 nomination

257 3234 65 35 for
339 3243 60 34 my
415 3240 66 25 son
501 3229 107 44 from
625 3228 60 32 the
706 3226 168 32 Director
1322 3211 14 33 I
1345 3209 15 34 f
1384 3210 27 34 it
1439 3210 45 32 be
1509 3209 87 43 only

257 3292 103 34 from
372 3287 230 44 compassion
620 3289 38 27 to
674 3281 98 34 their
785 3283 148 41 present
953 3278 150 43 private
1116 3269 243 38 convictions,
1380 3267 15 33 I
1414 3266 94 33 shall
1525 3265 76 32 lAN

261 3348 93 34 bear
370 3345 116 44 citing
511 3341 63 34 the
592 3348 123 26 names
745 3335 41 35 of
807 3335 106 33 those
943 3330 233 46 respectable
1199 3322 240 41 individuals,
1457 3322 28 17 •`
1506 3320 96 44 good

415 3400 87 33 who
519 3406 96 26 seem
632 3402 40 26 to
692 3394 93 33 have
803 3391 157 43 thought
973 3389 154 40 nothing
1139 3383 43 35 of
1194 3380 197 45 falsifying
1406 3378 99 34 their
1520 3386 83 22 own

261 3459 246 39 consciences,
533 3456 51 43 by
602 3450 226 43 dishonestly
848 3449 141 41 signing
1003 3445 87 34 such
1110 3439 231 40 Certificates
1359 3441 39 30 to
1417 3435 60 34 the
1496 3433 106 35 East-

262 3519 113 33 India
400 3516 195 41 Company
615 3509 7 33 !
679 3506 239 43 Excellently
943 3504 28 33 is
1003 3502 31 34 it
1064 3496 213 40 remarked,
1305 3494 48 45 by
1389 3493 63 33 the
1485 3491 120 33 Select

261 3574 237 37 Committee,
529 3568 96 40 that,
703 3565 120 33 where
842 3562 136 33 solemn
996 3554 248 37 declarations
1267 3552 94 32 have
1388 3549 90 34 been
1500 3547 85 34 habi-

261 3630 122 45 tnally
402 3622 253 46 disregarded,
681 3621 98 33 little
802 3617 162 35 reliance
981 3624 69 25 can
1067 3613 59 37 .be
1143 3609 131 46 placed
1294 3617 99 35 upon
1411 3607 63 33 the
1506 3615 81 24 sanc-

267 3690 78 32 tion
377 3685 45 33 of
442 3694 71 33 any
548 3681 112 33 other
702 3677 141 44 species
869 3672 43 35 of
932 3669 260 38 asseveration.
1518 3661 90 39 they

263 3744 90 41 add,
380 3742 28 19 44
430 3750 128 30 occur,
576 3739 67 32 but
673 3741 63 27 too
763 3729 227 47 frequently,
1019 3725 129 35 where
1178 3733 46 24 an
1254 3720 91 37 oath
1374 3729 117 25 comes
1508 3725 39 28 to
1566 3718 46 34 he

262 3797 222 40 considered
502 3795 142 43 merely
658 3801 39 25 as
729 3794 83 40 part
831 3785 43 35 of
896 3785 65 33 the
981 3782 138 35 official
1150 3780 97 35 form
1271 3780 48 45 by
1343 3778 119 33 which
1480 3785 47 25 an
1546 3785 46 33 ap-

262 3861 213 45 pointment
501 3854 30 33 is
546 3849 197 37 conferred
759 3859 12 26 ;
795 3844 72 34 and
891 3844 64 33 the
977 3843 135 32 human
1130 3837 118 41 mind,
1261 3834 129 37 fertile
1409 3834 33 33 in
1462 3831 135 35 self-de-

263 3917 169 45 ception,
450 3908 257 39 accomodate.;
728 3904 102 33 itself
839 3901 91 34 with
984 3895 168 38 onderful
1165 3895 149 43 facility
1326 3889 291 44 to.overcoming

265 3977 51 33 all
335 3972 183 43 scruples,
544 3977 45 25 or
604 3964 154 45 app:ies
774 3972 25 22 a
828 3967 169 38 perverse
1025 3953 188 45 ingenuity
1233 3957 39 28 to
1287 3948 157 45 evading
1470 3948 131 33 restric-

268 4036 115 37 tiow,
413 4028 124 35 which
568 4025 107 34 stand
711 4022 35 32 ill
764 4018 61 35 the
848 4026 84 34 way
951 4015 43 34 of
1019 4017 145 43 present
1431 4006 187 44 Perhaps,

262 4093 80 32 how
356 4098 103 32 ever,
490 4085 100 33 these
633 4080 100 44 good
780 4076 64 34 soul
843 4076 17 34 .
860 4076 17 34 ;
908 4072 118 46 really
1049 4067 203 43 concluded
1292 4064 90 38 with
1417 4063 60 35 the
1513 4062 106 48 pious

619 4137 213 40 liadibras,
855 4133 83 34 that

1907 168 60 34 Ile
1989 167 79 33 Oita
2083 167 155 39 Daposes
2254 170 45 22 an
2317 157 89 35 oath
2427 155 126 37 makes
2572 154 30 32 it

1903 224 78 34 Not
2006 222 43 33 he
2067 219 96 40 that,
2192 217 58 33 for
2268 214 249 38 convenience,
2542 208 73 35 tak

1655 283 197 44 'Knowing
1871 279 183 35 therefore
2072 273 206 43 sotnething
2296 270 43 34 of
2353 268 151 35 fallible
2523 266 91 33 hum;

1613 344 125 40 much,
1769 341 15 34 I
1800 350 61 25 am
1878 339 77 38 not,
1975 333 219 39 Gentlemen,
2193 333 22 39 ,
2230 326 171 47 disposed
2420 330 38 28 to
2477 325 44 31 be
2539 320 70 35 unf

1616 402 98 33 rious
1744 407 40 25 as
1819 404 39 25 to
1877 394 64 33 the
1959 389 208 47 particular
2199 385 176 34 dilemma
2404 386 39 28 to
2476 377 123 38 which

1615 467 21 25 ,
1636 467 90 25 eems
1742 464 83 24 now
1848 446 171 45 reduced.
2070 446 110 33 Some
2202 441 135 45 insight
2363 441 78 32 into
2460 433 154 37 =akin

1616 509 220 48 purchased,
1864 509 89 33 does
1970 508 78 37 not,
2074 503 52 33 let
2144 511 57 22 me
2228 497 162 47 proudly
2407 506 85 33 say,
2519 491 91 34 mutt

1615 576 37 27 to
1667 570 61 32 the
1747 563 280 47 imperfections
2057 560 45 32 of
2115 568 60 32 my
2196 555 345 35 fellow-creatures.
2580 555 4 56 .

1616 626 74 34 still
1702 625 46 34 do
1770 622 19 35 I
1804 622 89 40 feel,
1916 617 73 37 and
2006 625 86 26 ever
2111 615 46 33 do
2180 614 20 34 I
2220 612 96 45 hope
2335 617 39 27 to
2393 608 89 39 feel,
2502 605 90 34 with

1743 669 2 52 •
1834 687 67 33 Tis
1919 684 86 34 vain
2023 689 37 27 to
2079 679 89 35 seek
2187 674 34 39 in
2241 687 79 24 man
2340 676 63 32 for
2419 680 103 26 more
2539 669 61 34 Om

1658 755 19 35 I
1689 765 56 25 an
1762 756 65 43 yet
1839 748 152 38 induced
2004 752 35 28 to
2053 746 112 44 hope,
2183 742 229 38 Gentlemen,
2425 737 94 34 from
2533 736 73 44 you

1619 821 38 31 to
1671 814 162 44 severity
1847 811 43 33 of
1907 820 72 33 any
1997 806 105 40 kind,
2120 804 80 34 that
2223 811 74 35 you
2313 798 78 34 will
2417 802 63 30 not
2502 794 100 34 Ivti'

1620 870 226 39 mendation,
1857 865 139 46 though
2010 865 104 34 made
2126 869 50 26 •to
2198 870 73 38 you
2291 867 90 25 even
2405 856 53 43 by
2485 853 61 44 the

1620 928 144 43 tending
1778 930 38 31 to
1830 924 156 45 deprive
1996 921 103 34 those
2124 917 44 35 of
2189 926 93 31 your
2303 917 163 33 servants
2485 909 43 33 of
2541 919 61 24 sue

1622 983 221 50 purchased,
1861 981 113 33 under
1987 989 93 35 your
2096 983 201 39 patronage
2313 969 113 41 itself,
2452 969 50 41 by
2515 966 70 35 .the

1622 1037 301 43 tions.—Would
1936 1036 72 37 this
2019 1043 163 25 uwasare
2197 1032 45 32 he
2255 1028 119 43 really
2387 1025 74 35 fair
2476 1024 12 32 ?
2533 1020 53 43 if,

1623 1098 141 40 res•4lve
1781 1106 47 24 on
1847 1093 171 43 vacating
2035 1091 48 33 al!
2107 1085 204 48 purchased
2328 1081 270 47 appointment

1623 1155 89 34 take
1739 1161 86 26 care
1857 1149 91 43 that•
1971 1146 208 43 something
2210 1144 28 32 is
2264 1142 91 32 done
2373 1139 94 34 with
2498 1144 66 25 our

1628 1209 98 44 Lady
1752 1205 148 45 Leighs,
1919 1202 93 35 with
2031 1212 34 24 -a
2095 1201 98 34 IteV.
2215 1199 72 33 Mr,
2310 1194 136 45 Lloyd,
2473 1196 44 30 or
2532 1191 74 33 4orii

1624 1266 69 35 and
1720 1267 107 38 Sons,
1856 1273 44 21 or
1924 1270 69 25 our
2068 1258 78 34 first
2339 1250 243 39 Woodford,
2582 1257 44 24 or
2643 1256 24 22 a
2685 1245 76 33 Mr.
2781 1237 107 40 Palm
2898 1253 47 22 wr-

1632 1324 77 41 din,
1743 1332 41 22 or
1848 1319 74 34 Mr.
1945 1317 194 37 Donovan,
2169 1323 45 24 or
2222 1323 31 22 a
2270 1311 71 34 Mr.
2365 1310 154 33 Garrat;
2544 1297 43 40 or
2603 1315 24 21 a
2647 1302 74 33 Mr.
2744 1302 109 39 Shoe,
2874 1299 94 33 with

1628 1380 94 34 their
1748 1380 71 33 (S.e.
1837 1376 71 34 &c.
2052 1370 162 41 Justice,
2232 1367 138 45 though
2399 1363 119 40 blind,
2543 1359 136 35 dined
2705 1357 76 35 still
2797 1358 45 32 he
2859 1367 90 22 even-

1639 1435 157 35 handed.
1852 1431 126 33 While
1998 1439 91 35 you,
2109 1426 224 39 Gentlemen,
2369 1431 66 24 are
2456 1419 183 41 throwing
2660 1421 203 38 patronage
2894 1413 78 35 into

1629 1504 70 25 one
1719 1491 45 35 of
1788 1491 67 34 her
1881 1489 130 40 scales,
2036 1486 46 33 do
2101 1491 63 27 Lot
2178 1482 119 44 forget
2314 1487 38 28 to
2380 1478 89 34 load
2489 1475 58 34 the
2565 1474 111 34 other
2708 1483 22 24 w
2744 1470 53 34 ith
2815 1480 137 35 corrup-

1633 1550 94 39 tion,

1680 1605 125 35 There
1821 1613 112 25 seems
1954 1609 124 27 reason
2096 1602 39 31 to
2156 1599 159 41 suspect,
2340 1592 233 40 Gentlemen,
2600 1587 84 33 that
2714 1594 96 25 some
2828 1584 45 34 of
2897 1594 77 34 you

1633 1663 78 35 will
1730 1665 64 31 not
1817 1659 126 45 highly
1968 1665 170 37 approve
2169 1654 100 32 what
2294 1652 28 33 is
2340 1650 86 43 said.
2438 1650 51 43 by
2506 1646 60 33 the
2595 1646 120 35 Select
2735 1642 242 45 Committee,.

1633 1717 163 35 towards
1827 1716 61 35 the
1906 1715 99 37 close
2023 1711 43 34 of
2081 1711 99 33 their
2200 1710 157 43 Report,
2393 1706 117 39 about
2529 1704 44 32 its
2639 1700 185 45 not.bcing
2843 1708 111 24 unrea-

1631 1775 152 34 sonable
1807 1778 40 31 to
1865 1772 143 34 curtail
2022 1770 57 33 the
2091 1770 207 41 patronage
2311 1763 46 44 of
2376 1765 99 32 those
2493 1761 72 32 rim
2585 1760 90 31 have
2693 1760 60 30 not
2779 1757 84 31 been
2880 1754 99 44 styli-,

1633 1832 128 43 ciently
1778 1830 181 44 watchful
1974 1830 38 31 in
2039 1826 56 33 the
2118 1822 162 44 disposal
2303 1819 46 44 of
2499 1817 112 32 What
2629 1822 67 34 say
2717 1809 242 46 you.,'{ientle-

1623 1898 109 30 .men,
1747 1892 38 28 to
1806 1885 72 34 this
1896 1881 183 46 proposed
2098 1879 167 41 docking
2278 1876 44 33 of
2335 1872 228 48 patronage?
2619 1871 61 33 Oh
2699 1869 63 33 the
2779 1866 177 45 prancing-

1641 1946 104 32 horse
1765 1948 222 40 patronage,
2007 1939 81 33 how
2108 1936 170 33 ditrPrent
2297 1933 74 33 will
2409 1933 46 33 be
2486 1930 54 33 his
2558 1929 59 34 air
2640 1928 106 33 when
2771 1920 90 47 they
2881 1923 96 33 shall

1637 2001 92 33 have
1744 1998 182 46 deprived
1951 1995 76 34 him
2041 1993 43 41 of
2096 1993 63 34 the
2178 1990 120 45 length
2327 1989 44 35 of
2388 1989 54 33 his
2461 1987 85 41 tail,
2571 1985 71 33 and
2665 1984 60 34 the
2743 1983 85 34 flow
2841 1981 138 45 iugncss

1636 2056 44 34 of
1697 2057 57 32 his
1770 2065 107 24 mane
1894 2053 9 34 !

1689 2113 118 43 April
1825 2112 71 40 Ist,
1916 2109 106 34 1809.
2781 2094 145 35 hove.

1806 2173 115 34 What
1949 2173 89 33 does
2057 2172 73 34 Mr.
2169 2167 176 37 Lowndes
2378 2176 119 32 mean,
2519 2163 110 37 when
2647 2161 45 34 he
2718 2160 128 34 talked
2864 2169 96 25 some-

1639 2233 104 44 thing
1776 2233 118 33 about
1929 2230 103 34 what
2061 2229 45 33 he
2135 2228 92 34 calls
2319 2226 150 40 surplus
2745 2230 12 28 ;
2785 2217 71 34 and
2893 2216 90 40 this,

1687 2291 104 41 after
1809 2289 60 32 the
1890 2287 188 33 Directors
2109 2284 74 33 had
2209 2281 180 45 provided
2409 2280 71 45 for
2509 2280 93 33 their
2636 2285 77 25 own

1643 2344 98 33 Well
1769 2342 145 40 indeed,
1948 2341 33 34 if
1993 2340 85 34 such
2095 2341 47 32 be
2170 2339 64 33 the
2258 2337 93 41 fact,
2387 2336 116 44 might
2538 2335 76 34 Mr.
2642 2330 178 34 Lowndes
2841 2330 144 41 impute

1687 2401 65 33 the
1781 2400 77 33 late
1876 2396 234 45 corruptions
2137 2401 39 33 to
2196 2405 124 25 excess
2337 2394 70 33 and
2443 2391 183 46 repletion
2644 2388 45 34 of
2704 2388 60 33 the
2793 2387 137 32 article

1644 2458 98 34 How
1753 2456 83 46 just
1866 2456 27 33 is
1911 2456 79 33 also
2010 2454 60 33 the
2088 2450 334 37 recommendation
2444 2448 45 33 of
2513 2448 59 33 the
2593 2440 122 40 Select
2735 2443 252 41 'Committee,

1642 2524 124 22 severe
1779 2523 40 24 as
1850 2516 38 28 to
1904 2520 102 25 some
2036 2509 69 34 few
2127 2519 80 22 men
2228 2507 30 33 it
2281 2507 77 33 will
2387 2515 159 37 appear,
2626 2509 39 27 to
2681 2500 131 37 curtail
2832 2500 73 33 this
2922 2510 61 33 pa-

1846 2564 231 47 altogether!
2118 2565 116 33 What
2262 2569 81 30 true
2376 2562 112 34 claim
2524 2561 94 33 have
2644 2558 63 34 the
2737 2557 195 33 Directors
2948 2554 44 33 of

1646 2628 60 32 the
1739 2624 222 35 East-India
1982 2623 213 44 Company,
2223 2620 201 45 excepting
2448 2629 40 22 as
2515 2626 38 26 to
2576 2614 233 40 connection,
2843 2617 39 28 to
2906 2623 64 32 pro-

1646 2683 83 34 vide
1752 2689 44 31 At
1811 2682 52 33 all
1881 2681 59 33 for
1959 2680 94 33 their
2072 2691 85 21 own
2187 2678 174 41 Ninnies,
2392 2678 33 32 if
2454 2675 84 34 such
2558 2678 165 41 practice
2738 2666 115 47 tends,
2872 2670 34 33 in
2919 2680 71 35 any

1646 2748 78 34 case
1724 2748 20 34 )
1778 2745 39 28 to
1837 2739 61 33 the
1915 2735 189 37 et:elusion
2117 2735 45 32 of
2173 2745 99 24 in9re
2291 2733 233 35 meritorious
2537 2731 214 45 applicants
2765 2730 12 33 ?

1959 2869 411 43 WESTMINSTER
2404 2865 286 40 MEETING.

1703 2983 51 35 At
1772 2983 45 33 12
1832 2979 148 38 o'clock
1998 2989 45 21 on
2063 2976 227 41 Wednesday
2308 2986 24 22 a
2354 2981 80 25 vast
2451 2982 200 25 concourse
2667 2970 119 45 began
2806 2974 38 30 to
2863 2980 138 27 assem-.

1656 3032 63 34 ble
1737 3033 33 32 in
1796 3030 249 33 Westminster
2067 3025 105 37 Hall,
2202 3022 33 33 in
2254 3031 248 34 consequence
2525 3020 43 33 of
2590 3020 65 33 the
2674 3020 120 33 notice
2812 3019 107 43 given
2943 3020 48 41 by

1659 3079 286 34 advertisement
1962 3074 58 33 for
2040 3073 60 33 the
2115 3069 491 37 inhabitant-householders
2624 3067 44 33 of
2689 3069 31 31 1S
2735 3069 204 32 estininsier
2959 3076 40 22 to

1659 3133 93 26 meet
1775 3133 37 25 to
1832 3122 169 35 consider
2022 3120 43 33 of
2086 3119 63 34 the
2169 3124 120 28 recent
2307 3115 260 45 investigation
2598 3116 78 32 into
2695 3115 61 32 the
2774 3116 156 31 conduct
2957 3112 44 34 of

1661 3177 61 31 the
1741 3174 77 33 late
1833 3168 241 39 Commander
2093 3168 37 31 in
2150 3165 125 33 Chief.
2327 3167 51 31 At
2398 3174 70 24 one
2485 3162 163 41 o'clock,
2681 3162 142 33 Arthur
2845 3162 155 38 Morris,

1667 3222 85 44 Esq.
1779 3220 64 33 the
1861 3219 102 43 High
1985 3214 129 35 Bailitf
2127 3213 43 34 of
2189 3211 267 39 Westminster,
2477 3211 86 33 took
2588 3210 61 34 the
2674 3210 130 40 Chair,
2824 3209 174 33 attended

1664 3273 47 31 by
1731 3269 59 32 Sir
1813 3265 154 35 Francis
1982 3262 174 39 Burdett,
2185 3261 74 32 Mr.
2284 3257 236 40 Whitbread,
2545 3257 69 33 and
2639 3268 24 22 a
2688 3268 191 25 numerous
2900 3256 97 32 loviv

1665 3317 41 33 of
1720 3317 182 33 Electors.
1954 3311 78 34 The
2052 3307 220 45 requisition
2290 3306 58 34 for
2366 3307 198 44 convening
2594 3305 64 34 the
2678 3305 165 44 Meeting
2865 3304 135 44 having

1667 3365 91 34 been
1769 3361 89 34 read
1876 3360 97 34 from
1985 3358 60 33 the
2065 3356 130 40 ('hair,

1716 3411 78 34 Mr.
1809 3406 131 35 Swell
1959 3405 78 35 said
2056 3405 27 32 it
2098 3415 77 22 was
2194 3402 210 45 impossible
2425 3400 59 33 for
2503 3402 59 32 the
2576 3400 226 34 inhabitants
2820 3398 44 34 of
2882 3399 97 33 West-

1667 3459 150 33 minster
1830 3462 61 28 not
1907 3461 38 26 to
1963 3463 102 25 come
2080 3451 165 34 forward
2265 3461 45 22 on
2331 3450 85 32 such
2448 3459 46 22 an
2513 3449 181 33 occasion.
2748 3448 79 33 The
2848 3456 89 30 eves
2965 3444 45 34 of

1669 3508 63 33 the
1747 3504 124 35 whole
1890 3501 175 45 kingdom
2086 3509 96 22 were
2194 3509 98 34 upon
2309 3498 115 32 them.
2476 3496 115 34 Their
2608 3495 96 34 local
2721 3495 175 33 situation
2913 3502 93 27 gave

1671 3555 94 33 them
1782 3563 46 21 an
1847 3548 261 47 opportunity,
2127 3546 144 44 beyond
2288 3546 141 39 others,
2444 3543 43 34 of
2502 3544 190 41 knowing,
2707 3544 76 32 that
2804 3543 63 31 the
2877 3541 130 32 abuses

1672 3601 124 34 which
1819 3599 72 34 Mr.
1917 3596 149 33 Wardle
2082 3595 69 32 had
2167 3606 40 21 so
2225 3592 231 44 successfully
2476 3592 164 44 exposed
2656 3591 69 32 had
2743 3589 144 33 existed
2908 3587 60 32 for
2983 3598 26 24 a

1668 3648 115 35 series
1796 3647 44 33 of
1863 3654 130 34 years;
2019 3643 66 33 and
2105 3643 180 41 knowing
2307 3651 40 22 as
2376 3639 87 40 they
2485 3640 61 32 did
2567 3639 81 33 that
2665 3637 85 33 such
2769 3638 131 32 abuses
2919 3645 67 33 pre-

1675 3696 139 38 vailed,
1841 3694 87 43 they
1946 3691 106 35 could
2072 3696 63 28 not
2156 3691 15 54 b
2171 3691 15 54 s
2186 3691 33 54 yt
2239 3689 67 33 feel
2326 3687 208 33 additional
2549 3686 189 43 gratitude
2758 3691 35 26 to
2815 3684 80 32 that
2915 3683 72 32 Gen-

1678 3745 136 32 tleman
1835 3741 84 34 who
1942 3739 69 33 had
2029 3749 80 22 now
2131 3738 76 33 laid
2228 3737 94 32 them
2353 3745 97 34 open
2481 3741 37 26 to
2537 3733 61 34 the
2619 3732 228 44 indignation
2880 3729 41 34 of
2949 3731 60 34 the

1678 3791 125 34 vOmle
1828 3787 126 37 united
1988 3787 139 44 empire
2130 3785 154 41 —Owl
2315 3782 215 44 applause).
2585 3781 60 33 Ile
2682 3790 73 22 was
2791 3778 222 45 persuaded,

1678 3841 80 33 that
1778 3839 106 32 there
1904 3844 74 25 was
2006 3839 59 27 not
2083 3844 22 21 a
2122 3831 113 37 single
2257 3836 96 28 town
2374 3831 35 31 in
2426 3831 61 32 the
2513 3828 138 35 United
2681 3828 185 43 Kingdom
2890 3826 120 33 which

1681 3896 76 25 was
1774 3891 63 28 not
1866 3880 198 37 convinced
2096 3880 44 33 of
2169 3881 63 31 the
2263 3879 193 44 improper
2473 3878 151 32 conduct
2644 3874 44 34 of
2715 3878 59 32 the
2805 3876 74 32 late
2898 3876 21 33 c
2920 3876 67 33 oul
2987 3876 22 33 _

1681 3933 149 35 mander
1846 3933 35 33 in
1893 3928 125 40 Chief,
2036 3930 67 32 and
2122 3926 124 35 witich
2267 3926 120 33 would
2400 3931 64 27 not
2480 3925 115 44 adopt
2617 3922 61 33 the
2691 3922 215 34 'sentiments
2922 3922 92 32 with

1684 3981 124 35 which
1828 3980 45 33 he
1892 3989 76 24 was
1985 3976 177 34 conlident
2183 3976 77 32 that
2281 3973 164 41 Meeting
2478 3983 72 22 was
2582 3971 214 45 impressed.
2855 3969 39 34 if
2926 3970 71 32 Par-

1683 4032 151 33 liament
1856 4028 67 32 had
1943 4031 60 28 not
2021 4024 197 45 expressed
2243 4023 115 39 what,
2392 4022 45 33 he
2473 4031 71 22 was
2570 4029 99 31 sure,
2699 4029 97 25 were
2826 4018 63 33 the
2908 4018 92 31 sruti-

1656 4065 1 59 ,
1684 4085 113 26 inents
1817 4076 44 32 of
1874 4076 59 32 the
1949 4072 138 45 people
2115 4080 39 26 at
2172 4071 116 40 large,
2321 4070 84 32 how
2426 4069 107 33 could
2561 4067 80 34 that
2663 4068 45 32 he
2725 4065 201 33 accouffied
2947 4065 72 37 for,

1685 4127 65 34 but
1770 4124 81 34 that
1873 4123 61 34 the
1959 4122 125 34 House
2102 4119 43 37 of
2169 4119 196 38 Cumulous
2394 4126 99 26 were
2509 4122 63 30 mot
2590 4117 61 34 the
2667 4115 126 35 actual
2815 4116 207 41 Itepte:eil-

2590 158 40 33 t;

2590 208 60 33 Yes
2663 206 27 33 it
2709 206 8 33 !
2772 210 17 15 ••

2590 263 141 43 nanity,
2748 262 51 41 by
2816 259 61 34 far
2895 261 64 30 too

2590 318 224 45 forgivingly
2835 326 128 24 censo.

2590 378 8 32 II
2629 386 94 34 your
2757 381 206 39 patronage

2590 433 60 41 ud,
2681 438 128 39 'pretty
2829 430 133 41 ckarly

2590 491 56 33 tier
2667 500 56 22 me
2740 485 222 35 inexorable

2600 549 100 41 Lung
2718 544 93 37 have
2842 544 18 33 I
2880 542 84 39 felt,

2607 605 17 33 -
2623 605 70 33 Dr..
2708 602 151 43 Iroting,
2880 600 81 34 that

2590 680 37 22 an
2646 678 102 24 man.

2590 736 39 31 ur
2641 733 136 33 kno%rn
2789 729 175 37 aversion

2590 794 48 43 ily
2657 791 117 44 adopt
2787 800 22 30 a
2823 800 142 24 recom-

2590 852 106 34 ielect
2722 847 242 41 Committee,

2590 907 33 41 eh
2623 907 18 41 .
2654 906 122 44 places
2794 915 46 21 -us
2903 914 17 21 e
2927 914 40 21 re

2590 966 32 32 it
2639 961 137 34 friends
2786 960 69 34 and
2869 960 98 34 rela-

2590 1018 1 43 ,
2613 1018 265 39 nevertheless,
2890 1028 77 33 you

2590 1083 20 28 ti
2628 1075 115 35 under
2761 1084 89 34 you,
2871 1083 94 34 pray

2596 1133 102 34 Lady
2722 1131 157 39 Lumens,
2898 1130 72 33 and

2590 1200 41 22 ire
2649 1189 150 33 Messrs.
2825 1185 145 38 Barber

1524 4163 1845 288 ......•••••••••••••1121

0 0 158 28 I

0 28 158 27 ;

56 288 12 9 .
104 299 6 17 ;
