3177 4429
230 72 98 61 ),t.t
559 124 12 11 .

227 231 182 44 message
428 230 44 32 to
494 227 67 38 the
581 229 167 43 Senate;
778 231 77 37 and
880 246 103 26 none
1013 235 51 39 of
1089 236 67 39 the
1189 240 150 50 private
1361 249 187 33 accounts

223 273 106 40 from
373 276 170 40 Holland
579 279 135 40 allude
750 287 43 33 to
830 295 78 39 any
939 287 94 37 such
1068 292 351 39 communication.
1476 296 76 37 We

223 326 80 39 will
324 333 73 33 not
417 332 123 46 reject
559 331 47 45 it,
643 333 201 47 however,
875 333 241 58 absolutely,
1148 340 34 38 in
1217 353 268 43 consequence
1505 348 47 37 of

223 377 81 48 this
325 378 163 41 silence.
543 385 78 35 But
641 383 38 39 if
705 384 50 39 he
774 385 70 39 has
862 385 73 40 left
954 391 126 44 Paris,
1115 392 73 39 and
1208 393 118 52 given
1345 409 52 26 no
1417 398 130 40 notice

223 433 46 34 to
291 431 70 39 the
390 435 141 38 Senate
550 431 48 41 of
621 436 59 38 his
699 437 182 39 intended
901 439 216 52 departure
1135 444 9 43 ;
1174 444 34 39 if
1237 445 48 38 he
1318 448 99 39 stole
1435 448 107 54 away

223 480 304 58 clandestinely,
548 487 79 40 and
660 488 38 38 in
729 491 66 35 the
826 487 194 56 midnight
1044 494 125 45 hour;
1199 496 35 38 if
1261 497 50 38 he
1341 497 137 44 feared.
1505 509 43 32 to

226 536 123 38 make
369 549 51 25 an
441 539 142 51 appeal
604 544 44 33 to
670 540 67 40 the
756 541 148 53 pliable
925 543 150 52 loyalty
1097 546 47 38 of
1160 548 87 39 that
1270 549 91 39 base
1390 552 93 39 herd
1505 557 47 34 of

226 586 131 40 slaves
377 589 78 38 and
475 592 267 52 sycophants;
775 594 33 38 if
836 594 50 38 he
915 599 247 38 entertained
1194 609 109 30 some
1331 602 145 40 doubts
1505 607 46 38 of

227 639 71 39 the
317 643 234 39 sentiments
570 644 129 38 which
720 646 60 38 his
797 646 109 50 good
926 648 78 51 city
1029 648 50 38 of
1104 652 109 37 Paris
1244 653 129 51 might
1390 667 157 40 express

223 699 53 31 tm
299 693 79 38 this
398 706 81 27 new
517 702 185 45 prospect
720 693 45 41 of
791 707 175 43 carnage
993 699 77 40 and
1102 700 214 44 bloodshed
1332 720 9 24 :
1378 706 91 39 then
1492 720 56 27 we

223 744 79 39 will
322 758 90 39 say,
441 751 86 34 that
556 749 59 38 hig
646 749 124 52 hopes
800 759 69 28 are
898 756 70 33 mit
998 767 45 24 so
1072 756 190 48 o.anguine
1296 770 41 26 as
1356 757 92 53 they
1470 761 76 39 had

221 795 102 40 been
346 797 40 38 in
406 798 70 39 the
495 800 76 38 last.
592 809 102 30 wars
716 802 92 39 with
830 803 162 38 Austria
1011 804 79 39 and
1113 809 168 45 Prussia;
1302 822 46 25 or
1363 813 184 48 previous

222 844 46 43 to
292 849 59 38 his
371 853 202 48 projected
596 852 182 40 invasion
809 853 47 39 of
883 856 133 51 Spain.
1074 857 214 41 Whatever
1306 861 240 43 favourable

223 896 266 59 forebodings
515 918 57 26 we
604 902 91 53 may
718 907 197 39 entertain
946 907 216 50 ourselves,
1195 925 46 25 or
1270 913 185 40 however
1483 928 40 26 ar-

224 952 136 54 dently
385 969 59 25 we
465 969 89 40 may
576 956 84 40 hail
693 959 66 38 tlie
788 959 113 44 dawn
921 959 48 39 of
996 973 24 25 a
1043 960 129 40 better
1188 964 74 52 day
1287 965 64 39 for
1371 966 172 52 Europe,

224 1006 78 38 and
319 1013 190 34 execrate
530 1011 66 37 the
618 1007 151 43 lawless
788 1011 196 39 ambition
1003 1012 50 38 of
1067 1013 66 39 the
1154 1016 139 39 ruffian
1312 1012 87 44 who
1421 1018 126 39 builds

226 1057 69 39 the
313 1059 145 39 edifice
477 1061 48 39 of
544 1061 59 39 his
622 1063 356 51 aggrandizement
999 1077 52 26 on
1069 1065 67 41 the
1156 1068 104 38 ruins
1279 1070 48 37 of
1352 1070 191 45 freedom,

221 1111 141 50 public
380 1111 78 40 and
478 1115 156 52 private
654 1116 222 51 happiness,
899 1129 56 26 we
973 1115 78 40 still
1070 1116 77 40 feel
1165 1131 48 26 an
1234 1121 164 40 unusual
1417 1123 128 51 dejee=

222 1168 104 40 Lion,
359 1166 113 40 when
506 1178 58 27 we
594 1166 138 40 reflect
762 1179 56 28 on
849 1168 67 39 the
947 1168 185 40 disasters
1152 1172 122 39 which
1296 1186 90 39 may
1408 1175 136 40 Occur.

223 1214 39 39 It
282 1217 31 38 is
328 1218 106 39 their
455 1218 74 41 last
548 1219 119 40 stake
683 1220 125 39 which
830 1220 67 39 the
917 1222 159 38 nations
1094 1235 53 26 on
1166 1222 67 40 the
1248 1226 213 40 Continent
1479 1240 69 26 are

223 1271 129 52 going
371 1274 45 34 to
446 1270 64 54 lay
530 1272 135 38 down.
722 1272 149 40 Should
904 1273 90 39 that
1023 1273 50 39 be
1104 1274 76 39 lost
1194 1277 203 39 I..should
1426 1291 116 40 every

224 1320 106 53 hope
351 1322 50 40 of
413 1323 182 40 freedom
618 1324 51 39 be
686 1325 280 51 extinguished
985 1325 67 39 for
1069 1328 312 41 ever!..should
1400 1344 24 25 a
1443 1331 81 39 mili-

222 1376 90 51 tary
330 1375 234 53 despotism;
599 1376 71 39 the
700 1383 105 32 most
837 1376 156 46 odious,
1026 1377 72 40 the
1131 1384 103 33 most
1265 1380 183 53 insolent;
1478 1383 46 50 th
1524 1383 24 50 e

223 1435 107 32 most
351 1428 221 53 harassing,
607 1428 90 40 that
728 1442 73 26 eve
804 1428 15 56 r
820 1428 17 56 .

855 1417 172 51 afihicted
1061 1431 77 38 our
1167 1431 131 46 earth;
1333 1434 98 45 rule,
1452 1435 92 39 with

222 1478 137 43 brutal
380 1480 294 40 nncontrouled
706 1479 174 54 caprice,
914 1482 76 38 and
1020 1482 104 39 stifle
1153 1482 38 39 in
1221 1483 48 39 its
1294 1485 105 39 birth
1427 1500 117 39 every

217 1546 209 38 generous
444 1533 216 39 sentiment
676 1537 9 34 !
724 1537 86 35 The
830 1533 67 39 lite
918 1533 48 39 of
980 1547 24 25 a
1023 1534 162 52 solitary
1206 1537 139 38 ruffian
1367 1539 180 52 weighed

222 1586 161 50 against
406 1586 70 38 the
491 1586 213 51 happiness
733 1585 76 39 and
843 1585 294 52 independence
1156 1600 24 24 o
1183 1586 19 38 f
1219 1589 66 38 the
1304 1597 155 43 present
1478 1604 47 40 ge-

223 1638 184 39 neration
425 1641 196 37 !These
652 1650 69 26 are
739 1638 243 45 reflections;
1005 1639 126 37 which
1153 1651 67 26 are
1238 1643 165 48 capable
1421 1644 47 37 of
1491 1645 38 38 in-

221 1689 236 52 timidating
478 1690 66 39 the
566 1696 107 33 most
694 1691 247 45 undaunted,
971 1690 48 40 of
1033 1690 227 54 depressing
1279 1695 66 37 the
1368 1701 102 34 most
1486 1709 41 25 ar-

224 1742 98 39 dent
344 1743 50 38 of
411 1757 44 24 us
474 1741 70 40 all.

275 1806 74 38 We
369 1804 102 40 Shall
490 1800 90 43 now
595 1799 314 44 ekaMinewhat
928 1801 150 56 policy,
1098 1802 103 41 unde
1206 1818 17 25 r
1251 1806 109 39 these
1378 1807 145 40 circum-

221 1860 174 43 stances,
417 1858 28 37 is
465 1863 104 33 must
588 1856 200 40 coufornu
789 1854 79 40 ible
888 1861 41 34 to
952 1857 67 39 the
1056 1858 178 38 interests
1263 1858 48 39 of
1326 1858 123 40 Great
1467 1864 60 35 Bri-

222 1911 98 38 tain.
380 1911 85 38 Our
477 1911 233 37 sentiments
726 1907 37 40 in
778 1910 146 38 favour
940 1909 48 39 of
997 1911 204 48 energetic
1219 1924 211 33 measures;
1448 1912 103 40 have

222 1962 102 39 been
353 1976 45 25 so
419 1962 111 38 often
547 1961 206 41 declared,
771 1962 91 38 that
899 1961 94 52 they
1016 1967 107 33 must
1149 1961 48 40 lie
1230 1968 130 46 pretty
1380 1964 171 40 familiar

217 2014 45 38 to
282 2027 79 27 oae
384 2014 178 40 Readers
582 2020 41 33 at
644 2017 170 47 ptesent;
870 2013 89 39 And
980 2011 69 41 the
1078 2019 102 33 moat
1195 2014 210 53 drivelling
1420 2016 131 53 place=

221 2078 93 28 man
334 2073 109 34 must
463 2080 86 25 now
569 2066 158 40 confess
756 2066 89 38 that
883 2065 34 37 if
934 2067 262 37 BONAPARTE
1215 2068 182 38 succeeds
1434 2069 35 38 in
1489 2070 61 38 his

219 2115 91 43 bast
328 2124 150 48 system
497 2118 50 39 of
566 2122 211 47 conquest,
798 2118 67 39 the
892 2118 193 38 situation
1107 2118 48 38 of
1178 2119 77 38 this
1280 2125 171 47 country
1482 2121 45 38 he-

220 2177 141 33 tomes
397 2171 309 53 pre-eminently
728 2170 241 52 dangerous.
1036 2170 109 38 With
1179 2171 70 38 the
1277 2178 200 33 resources
1507 2174 48 38 of

220 2224 171 51 Europe
423 2229 43 33 at
496 2224 67 38 the
596 2223 189 38 absolute
804 2219 190 43 controul
1025 2223 51 37 of
1091 2222 70 39 the
1181 2223 184 52 vigilant,
1387 2224 163 46 restless,

219 2275 240 40 inexorable
495 2280 154 46 tyrant;
679 2274 77 38 and
777 2278 52 33 ni)
855 2274 118 38 other
1002 2280 142 45 enemy
1175 2281 41 32 to
1247 2276 170 38 contend
1453 2277 93 38 with

217 2326 77 39 but
314 2327 94 38 with
432 2339 59 32 us,
522 2326 172 51 nothing
716 2326 73 38 less
823 2326 98 38 than
950 2337 24 25 a
994 2326 163 38 miracle
1176 2339 73 26 can
1271 2340 182 38 preserve
1472 2342 77 26 our

219 2378 175 40 beloved
415 2380 77 37 and
513 2378 133 52 happy
669 2382 169 46 country
860 2378 107 38 from
987 2378 71 39 the
1075 2376 159 53 general
1265 2379 150 39 wreck.
1469 2383 78 37 For

219 2443 48 26 us
287 2432 70 38 the
372 2431 73 38 last
463 2443 77 38 cup
561 2430 48 38 of
624 2432 61 35 his
705 2441 229 40 vengeance
954 2430 31 37 is
1016 2431 197 45 reserved,
1234 2431 76 38 and
1331 2431 139 41 should
1499 2433 50 39 he

217 2483 188 51 sgcceed,
439 2496 58 26 we
527 2487 107 33 must
654 2480 116 40 drink
808 2481 30 37 it
869 2481 117 51 dregs
1016 2481 76 38 and
1127 2481 66 39 all.
1252 2483 215 40 Whatever
1488 2491 40 33 Iv-

219 2533 146 53 &my,
392 2536 40 38 in
464 2535 46 39 its
530 2539 122 34 worst
670 2533 77 39 and
768 2538 106 34 most
901 2531 169 58 hideous
1100 2533 123 45 form,
1244 2533 70 39 has
1331 2536 181 39 invented
1532 2556 11 25 ;

217 2585 210 40 whatever
446 2587 222 39 inveterate
690 2584 141 40 malice
852 2587 31 37 is
899 2584 169 51 capable
1084 2585 281 53 ot'sugge4ting
1383 2602 11 27 ;
1415 2601 46 25 or
1476 2602 47 26 un-

217 2635 158 43 bridled
394 2639 156 51 rapine,
568 2637 159 39 furious
748 2639 109 44 hate,
886 2639 79 38 and
985 2637 96 50 long
1102 2639 197 48 repressed
1320 2652 227 38 vengeance

220 2702 74 26 can
315 2691 165 52 inspire,
502 2691 74 38 will
599 2693 50 35 be
671 2689 175 40 indicted
862 2702 52 25 on
931 2702 44 25 us
987 2689 97 38 'With
1106 2704 24 24 a
1149 2687 187 43 keenness
1346 2693 48 37 of
1407 2694 120 38 refine-

216 2743 112 39 -nicht
341 2743 78 39 and
430 2740 270 43 torturefroth
712 2741 126 39 which
849 2741 167 40 demons
1026 2743 230 39 themselves
1269 2743 129 41 would
1411 2746 136 39 recoil.

274 2812 34 37 It
330 2812 31 37 is
383 2823 279 40 unnecessary,
694 2809 219 46 therefore,
937 2815 43 33 to
1010 2807 132 40 allude
1170 2815 43 33 to
1234 2810 67 38 the
1322 2811 227 53 advantage

222 2876 60 26 we
304 2869 106 33 must
426 2863 135 39 derive
578 2863 109 39 from
706 2862 69 39 the
795 2861 294 52 independence
1108 2861 47 39 of
1175 2863 174 39 Austria.
1407 2867 60 35 No
1487 2878 60 25 sa-

217 2916 159 53 Ofice,
415 2928 103 26 were
550 2915 33 39 it
620 2928 99 26 even
758 2914 47 39 of
836 2915 92 37 half
957 2924 76 27 our
1065 2914 158 45 wealth,
1257 2915 132 39 would
1410 2909 138 47 helot)

221 2969 142 44 much,
397 2967 120 40 could
555 2967 31 39 it
619 2981 138 25 secure
777 2967 90 39 that
887 2965 195 40 desirable
1103 2967 132 38 result.
1292 2969 60 37 To
1371 2981 65 37 say
1460 2968 90 39 that

220 3034 61 26 Nye
315 3026 152 39 cannot
503 3020 234 39 contribute
765 3018 235 52 powerfully
1039 3024 45 33 to
1116 3019 86 38 that
1232 3019 132 46 effect,
1395 3020 94 39 both
1512 3021 38 38 in

223 3087 92 26 men
350 3073 80 38 and
452 3085 162 39 money,
646 3072 161 52 betrays
826 3072 90 38 that
947 3070 116 45 fatal,
1100 3066 194 57 dastardly
1318 3072 233 48 Selfishness,

223 3131 44 33 to
289 3125 129 40 which
441 3138 58 25 we
530 3124 106 39 have
657 3137 52 26 no
730 3123 217 40 hesitation
967 3122 38 39 m
1036 3124 240 51 attributing
1305 3124 67 39 the
1391 3124 138 40 calami-

222 3181 76 38 ties
318 3178 51 40 of
381 3180 175 37 nations:
615 3180 80 35 But
716 3178 31 37 it
767 3189 90 38 may
875 3176 48 38 be
941 3175 180 52 inquired
1143 3176 129 39 where
1291 3176 109 39 these
1416 3183 138 46 troops

217 3237 73 33 I.,tre
311 3237 45 33 to
377 3230 50 39 be
448 3229 215 52 employed
749 3230 46 38 In
819 3227 188 47 Holland,
1037 3228 191 45 Brabant,
1259 3229 77 38 and
1356 3229 35 38 in
1422 3228 96 54 Italy
1539 3247 11 28 ;

222 3285 135 39 where
378 3283 113 39 there
522 3283 30 37 is
582 3287 76 34 not
689 3294 50 26 an
771 3279 217 41 individual
1012 3280 91 39 who
1139 3280 96 39 does
1264 3286 73 34 not
1368 3287 185 33 execrate

222 3337 157 40 French
419 3340 189 47 tyranny.
670 3337 93 41 But,
794 3333 66 41 for
894 3333 198 38 Heaven's
1128 3333 111 45 sake,
1269 3346 104 26 none
1401 3334 45 38 of
1479 3347 76 26 our

221 3394 97 34 neat
356 3387 105 41 little
490 3386 255 53 expeditions
763 3390 8 34 !
844 3389 35 37 A
920 3385 110 51 large
1061 3385 109 38 force
1202 3385 48 39 of
1284 3390 144 43 60,000
1462 3399 90 26 men

223 3443 131 53 ought
384 3446 43 35 to
449 3439 48 40 be
531 3438 276 53 immediately
840 3437 193 40 collected
1056 3433 74 41 and
1150 3438 220 51 encamped
1401 3450 52 26 on
1485 3441 70 38 the

222 3495 171 40 Kentish
429 3497 128 43 coast,
595 3493 98 39 with
713 3496 223 45 transports
965 3489 195 39 sufficient
1181 3489 60 39 for
1260 3489 104 39 their
1381 3502 149 43 convey-

223 3561 125 26 ance..
399 3548 87 39 The
509 3559 87 39 very
624 3549 137 47 aspect
791 3542 50 40 of
869 3542 96 39 such
999 3554 25 27 a
1061 3541 239 40 formidable
1331 3548 223 34 armament

217 3601 85 39 'will
319 3600 132 41 either
471 3596 159 53 coMpel
654 3600 263 38 BONAPARTE
937 3600 44 33 to
999 3596 129 37 retain
1149 3607 51 26 an
1227 3594 117 52 equal
1364 3594 109 40 force
1494 3596 63 38 for

223 3653 71 41 the
313 3653 168 40 defence
513 3652 45 39 of
574 3652 71 39 the
666 3650 188 40 menaced
889 3650 148 50 points,
1071 3648 79 37 and
1183 3646 91 39 thus
1291 3647 183 40 diirinish
1496 3650 60 37 his

220 3718 142 27 means
381 3705 50 39 of
462 3704 141 40 attack
637 3704 157 51 against
824 3700 162 41 Austria
1002 3717 11 27 ;
1044 3711 47 26 or
1111 3700 51 37 he
1180 3705 105 33 must
1304 3699 102 52 yield
1427 3706 41 33 to
1489 3702 70 39 the

222 3759 196 52 necessity
457 3757 50 41 of
537 3756 255 50 abandoning
830 3756 111 38 these
977 3754 222 51 important
1232 3754 255 50 acquisitions
1514 3757 43 35 to

223 3813 107 39 their
350 3811 99 39 fate.
507 3811 32 38 A
556 3809 229 40 revolution
803 3809 39 38 in
863 3806 177 41 Brabant
1062 3819 47 26 or
1128 3802 184 46 Holland,
1343 3806 132 40 where
1491 3806 69 39 the

224 3862 247 44 detestation
502 3862 47 41 of
576 3865 71 39 the
667 3866 137 48 tyrant
823 3861 33 39 is
889 3866 161 45 greater
1078 3857 76 40 and
1192 3870 111 27 more
1341 3859 217 39 inveterate

226 3918 99 40 than
350 3920 38 37 in
411 3931 77 39 any
503 3917 118 40 other
641 3917 169 51 country
830 3926 51 26 on
901 3913 67 39 the
985 3911 229 44 Continent,
1228 3908 131 41 would
1375 3911 125 41 shake
1515 3918 43 34 to

223 3969 53 41 its
294 3985 96 39 very
409 3972 105 38 basis
530 3971 71 38 the
617 3970 191 38 immense
823 3965 176 40 colossus
1013 3963 51 40 of
1074 3963 58 41 his
1149 3973 149 43 power.

279 4026 37 37 It
338 4029 31 34 is
390 4025 70 38 the
481 4036 93 40 very
596 4033 139 30 excess
755 4019 50 40 of
820 4017 287 54 pusillanimity
1130 4017 76 39 and
1221 4029 111 28 error
1359 4020 45 34 to
1430 4016 126 40 main.

223 4076 85 40 tail)
328 4077 93 39 that
442 4089 59 26 we
521 4076 104 39 have
647 4089 52 25 no
713 4074 151 40 chance
883 4070 51 41 of
958 4070 243 52 contending
1219 4068 254 54 successfully
1505 4083 51 26 on

224 4128 71 43 the
328 4130 236 43 Coutiucut.
625 4129 118 39 Were
770 4127 31 39 it
831 4122 188 56 possible,
1051 4122 77 41 bud
1161 4135 58 27 we
1250 4135 64 26 see
1344 4134 53 28 no
1417 4135 141 28 reason

2836 115 91 52 147

1611 248 84 52 why
1713 249 31 38 it
1761 250 141 39 should
1917 259 84 37 not,
2030 256 44 33 to
2091 253 228 39 disembark
2340 267 22 25 a
2376 254 177 39 hundred
2571 254 196 40 thousand
2789 257 139 38 British

1607 300 162 40 soldiers
1785 304 37 37 in
1841 304 187 43 Holland,
2056 305 69 38 the
2146 306 83 37 hest
2249 305 159 39 hearted
2427 305 77 38 and
2519 307 67 39 the
2603 307 83 38 best
2702 307 227 51 discielincd

1611 353 35 37 in
1667 353 66 38 the
1750 356 196 45 universe,
1977 367 57 26 we
2054 356 126 51 might
2199 369 137 26 secure
2348 358 65 38 for
2430 370 96 25 ever
2545 359 65 37 the
2630 359 298 51 independence

1610 404 47 37 of
1684 405 176 52 Europe.
1917 410 61 37 No
2010 407 112 37 force
2159 407 125 39 which
2309 411 262 35 BONAPARTE
2590 410 116 39 could
2735 411 116 52 bring
2882 417 46 33 to

1612 455 92 39 hear
1724 470 107 39 upon
1854 472 57 31 us,
1941 471 103 25 were
2076 459 48 37 he
2147 457 183 41 invoked
2362 462 92 35 with
2490 462 158 38 Austria
2680 463 77 38 and
2794 463 133 50 Spain,

1609 508 118 38 could
1761 510 120 38 make
1913 524 24 24 a
1977 515 249 46 momentary
2265 513 111 37 stand
2408 511 167 50 against.
2596 513 92 39 such
2721 527 51 26 an
2793 528 130 38 army.

1613 561 216 47 Ignorance
1850 563 77 37 and
1948 562 233 52 impudence
2198 565 112 37 .have
2326 561 213 53 centupled
2558 563 69 39 the
2659 578 201 27 resources
2876 565 52 39 of

1611 611 64 38 the
1691 612 164 53 entiiy;
1886 614 72 38 but
1995 626 57 26 we
2085 613 136 44 know,
2259 613 103 39 from
2401 622 24 30 a
2458 614 94 51 long
2589 619 164 47 sojourn
2791 619 35 35 in
2857 618 70 38 the

1612 663 113 40 midst
1741 665 50 37 of
1814 665 66 39 the
1899 665 149 39 French
2069 666 157 43 armies,
2257 665 87 39 that
2370 667 60 37 his
2464 666 174 53 military
2669 667 115 39 fotce
2804 671 28 37 is
2852 672 73 37 nut

1611 715 86 39 half
1709 720 44 34 se
1772 723 117 46 great
1907 731 41 26 as
1968 719 31 38 it
2019 717 31 39 is
2067 717 197 52 generally
2291 718 267 51 represented.

1110 85 145 65 TIDE
1290 90 220 67 NATO
1571 97 89 64 Al,
1697 102 283 63 III;rIfiTI
2008 104 63 59 T#.

2054 837 41 37 a
2122 837 158 38 FREE

1656 954 79 37 Yes
1750 959 8 32 !
1789 959 60 32 the
1867 959 70 33 last
1956 953 74 40 lien
2049 959 60 34 for
2128 959 181 38 Freedom
2329 960 48 33 let
2396 961 57 32 the
2466 958 118 43 draw,

1657 1016 116 34 Witco
1792 1010 67 40 Tau
1859 1010 22 40 .
1887 1026 54 24 Tit
1962 1026 156 24 STANDS
2368 1025 24 25 G
2409 1025 56 25 ON
2484 1025 89 24 THE
2596 1016 112 35 INOC:11
2725 1017 57 34 OF
2803 1025 122 32 LAW;

1656 1071 78 33 AII4I
1768 1072 59 33 for
1847 1074 76 32 that
1942 1083 105 24 cause
2066 1074 120 33 which
2206 1074 103 33 made
2327 1081 91 34 your
2441 1071 138 34 fathers
2597 1074 118 41 shine,

1657 1128 146 43 rairby
1824 1128 63 33 the
1904 1134 98 27 votes
2015 1128 41 33 of
2069 1127 98 34 their
2183 1129 214 41 degenerate
2415 1128 96 35 line!

2796 1127 125 34 Port.

1793 1232 59 41 tsci
1877 1237 215 37 SAMUEL
2119 1237 352 47 WHITBREAD,
2499 1239 90 46 Egg.
2610 1240 54 34 M.
2683 1240 46 35 P.

1656 1339 207 34 SinOne
1891 1338 83 35 who
2004 1337 128 35 knoWs
2148 1350 72 33 you
2245 1343 85 38 only
2348 1350 38 24 as
2401 1350 24 25 a
2448 1341 126 44 public
2591 1350 149 34 person,
2757 1339 63 34 but
2839 1338 85 35 whd

1612 1385 61 35 has
1702 1388 115 41 lately
1847 1387 181 38 watched,
2056 1383 91 35 with
2167 1385 242 45 sympathetic
2434 1389 209 38 solicitude,
2662 1397 94 34 your
2773 1387 155 34 conduct

1612 1443 33 24 in
1674 1434 61 33 the
1762 1439 123 28 senate
1911 1433 43 33 of
1972 1434 72 33 this
2062 1439 170 38 country,
2249 1443 79 24 now
2350 1444 194 33 presumes,
2563 1434 189 34 distanced
2770 1444 39 22 as
2826 1434 44 33 he
2895 1435 30 32 is

1612 1481 92 33 front
1749 1491 46 22 on
1817 1481 48 43 by
1883 1480 244 33 adventitious
2144 1481 288 40 circumstances,
2459 1487 37 27 to
2515 1481 126 40 claim,
2659 1480 59 33 for
2735 1489 97 25 some
2849 1481 74 33 few

1611 1533 187 32 moments,
1817 1538 15 33 3
1845 1537 67 22 our
1943 1533 89 26 most
2062 1527 137 32 serious
2230 1527 191 34 attention.
2472 1527 79 33 Our
2570 1533 162 28 common
2752 1533 174 39 country,

1702 1570 170 38 demands
1884 1584 66 24 our
1965 1584 165 25 common
2147 1584 112 22 cares.
2291 1572 109 35 Frnin
2419 1573 61 33 the
2499 1572 141 44 highest
2657 1580 37 27 to
2712 1574 64 32 the
2793 1576 132 33 lowest

1610 1622 106 33 order
1734 1620 44 34 of
1796 1617 156 46 sticiety,
1970 1620 77 33 rich
2068 1630 41 21 or
2126 1631 106 32 poor,
2255 1620 175 34 ennobled
2447 1631 45 22 or
2510 1619 182 44 ignobled,
2709 1631 112 22 every
2843 1631 81 25 man

1609 1663 130 50 among
1757 1678 39 24 us
1815 1665 89 35 feels
1919 1664 131 48 deeply
2072 1665 191 34 Interested
2284 1661 33 40 in
2347 1659 60 41 the
2426 1667 76 34 fate
2529 1668 43 33 at
2594 1662 53 39 hii
2675 1669 124 32 tlalive
2816 1669 107 38 land;

1610 1716 67 32 and
1700 1716 24 32 is
1736 1714 182 45 justified,
1936 1715 47 44 by
2004 1715 72 33 this
2095 1714 144 43 feeling,
2256 1724 38 24 as
2316 1715 81 33 well
2409 1724 40 22 as
2469 1715 48 43 by
2545 1715 59 32 the
2622 1715 159 33 eventful
2802 1710 117 38 scenes

1612 1762 40 33 of
1677 1762 118 33 which
1825 1773 54 21 we
1896 1772 63 22 are
1974 1762 51 32 all
2048 1763 195 35 witnesses,
2262 1761 35 33 in
2323 1761 170 44 stepping
2510 1761 158 33 forward
2686 1767 35 27 to
2741 1762 100 32 assist
2864 1756 60 38 tlfe

1610 1802 98 50 treat
1730 1808 106 33 work
1851 1808 43 33 of
1915 1808 158 34 national
2095 1808 220 45 patriotism.
2366 1807 97 40 Yes,
2481 1807 72 38 Sir,
2574 1809 96 31 these
2687 1817 67 24 are
2772 1808 98 32 times
2890 1807 38 33 in

1613 1857 119 34 which
1750 1857 61 34 the
1827 1856 177 34 humblest
2030 1852 202 39 individual
2264 1866 98 30 may,
2381 1852 33 34 if
2435 1850 181 48 possCssed
2634 1853 43 33 of
2695 1854 132 34 ability
2854 1854 70 33 and

1613 1904 188 44 integrity,
1821 1903 90 34 With
1931 1905 191 43 propriety
2141 1911 139 24 assume
2296 1903 53 32 his
2368 1902 126 44 public
2511 1900 203 34 character.
2758 1900 30 33 It
2806 1902 27 33 is
2845 1902 79 33 thus

1612 1951 79 33 that
1723 1950 18 33 1
1774 1950 86 33 take
1880 1950 59 33 the
1957 1950 122 51 liberty
2079 1950 18 51 ,
2128 1946 44 39 of
2190 1948 207 44 addressing
2421 1952 39 28 to
2489 1957 73 35 you
2580 1957 97 25 some
2701 1957 149 34 cursory
2870 1944 57 37 r&

1613 1997 119 34 marks
1752 2008 45 21 on
1815 1997 60 32 UK!
1893 2008 144 22 manner
2056 2001 34 31 in
2117 1991 122 44 Wlifeh
2275 2006 71 33 you
2381 1996 93 32 have
2491 1995 137 33 treated
2648 1995 141 33 certain
2806 2002 120 26 recent

1612 2042 288 38 encroadhibents
1916 2044 141 43 agaiiist
2091 2047 60 32 the
2177 2041 194 46 optration
2389 2041 41 34 of
2447 2041 100 35 what
2565 2041 30 34 is
2611 2040 115 35 called
2753 2050 25 24 a
2805 2041 58 33 Fn.
2871 2050 20 24 .
2901 2049 22 25 rs

1617 2094 57 32 Pit
1684 2102 79 24 uss.

1663 2132 206 41 Anxiously
1880 2137 152 43 looking
2042 2139 137 33 around
2191 2137 59 35 for
2262 2135 237 46 independent
2513 2130 195 39 senatorial
2719 2130 209 39 Characters

1615 2185 214 46 (according
1859 2191 35 26 to
1925 2185 60 32 the
2014 2185 203 44 legitimate
2245 2183 281 45 interpretation
2554 2181 44 34 of
2617 2181 60 33 the
2708 2184 98 31 wont
2831 2184 72 30 nide-

1613 2232 217 46 pendence),
1851 2233 119 33 whom
1985 2243 67 25 can
2075 2233 14 33 1
2108 2243 99 22 more
2228 2230 175 46 profterly
2421 2231 125 35 select,
2564 2228 57 35 fur
2636 2230 60 31 the
2715 2237 155 34 purpo-e
2888 2229 43 32 of

1611 2280 326 35 communicatin
1937 2289 56 33 my
2008 2281 206 32 sentiments
2228 2277 207 44 respecting
2446 2287 24 21 a
2491 2275 93 34 Free
2609 2275 113 38 Pres:,
2746 2277 83 30 than

1616 2326 215 35 Whitbread
1848 2327 12 32 ?
1891 2290 104 77 You,
2024 2327 73 39 Sir,
2134 2326 91 33 have
2256 2322 151 46 already
2440 2322 249 33 endeavoured
2725 2329 38 25 to
2792 2329 48 25 all
2851 2329 76 25 ILL

1612 2375 59 33 the
1697 2374 181 33 attention
1911 2373 43 33 of
1974 2382 66 24 our
2076 2373 283 43 parliamentary
2395 2368 301 45 reisrescotatives
2771 2369 58 31 di:
2861 2369 43 31 im-

1613 2426 144 39 portant
1775 2420 281 32 considerations
2076 2418 233 46 inseparably
2333 2418 197 33 connected
2550 2415 89 33 with
2655 2414 61 38 the
2733 2414 132 43 Molly
2888 2415 43 32 of

1611 2470 132 43 openly
1775 2467 196 43 discussing
2000 2463 189 38 whatever
2218 2476 81 33 may
2327 2472 167 26 concern,
2513 2461 235 43 collectively
2767 2472 45 21 or
2839 2463 73 31 indi-

1612 2515 177 40 vidually,
1811 2512 61 34 the
1887 2513 131 44 people
2036 2512 44 34 of
2102 2513 99 33 these
2220 2511 208 45 kingdom:.
2479 2511 65 33 Let
2563 2502 28 41 it
2609 2510 44 33 be
2672 2506 138 45 hoped,
2830 2509 74 32 hott
2915 2510 18 25 -

1609 2572 98 30 ever,
1726 2563 78 33 that
1825 2571 71 32 you
1931 2557 76 37 will
2036 2557 61 37 not
2115 2567 79 38 stop
2217 2559 99 33 here.
2374 2558 105 33 tour
2497 2562 237 40 countrymen
2754 2554 119 44 (those
2891 2555 43 34 of

1611 2609 110 40 them,
1753 2615 40 27 at
1827 2609 105 38 least,
1955 2609 81 31 who
2067 2614 89 27 mast
2192 2608 105 31 value
2329 2604 50 33 all
2415 2604 81 33 that
2529 2604 100 41 gives
2655 2602 113 33 value
2793 2608 34 27 to
2862 2608 69 27 dr

1609 2652 150 48 country
1775 2654 28 40 !)
1821 2665 66 24 are
1906 2654 143 45 pleased
2069 2654 91 33 with
2180 2654 63 32 the
2263 2656 165 40 prospect
2446 2650 43 34 of
2499 2660 92 34 your
2608 2648 237 45 patriotism;
2862 2649 70 33 and

1611 2704 125 34 fondly
1756 2702 244 44 contemplate
2035 2701 28 34 it
2094 2712 39 22 as
2166 2700 63 33 the
2258 2699 158 46 promise
2448 2696 45 34 of
2516 2698 164 33 ultimate
2712 2691 158 47 security
2891 2704 37 26 to

1610 2752 93 33 their
1721 2751 34 33 al
1763 2760 103 31 waye
1881 2746 301 46 acknowledged,
2216 2746 65 35 but
2310 2752 59 27 too
2400 2744 104 34 often
2528 2744 170 39 assailed,
2720 2741 214 45 privilegeti

1611 2798 111 43 Glory
1733 2798 58 41 Pig
1826 2797 34 33 in
1893 2806 93 31 your
2019 2797 77 32 real
2130 2790 285 48 iiideghdence,
2445 2792 67 33 and
2535 2791 133 43 having
2683 2786 247 46 experienced

1612 2856 92 32 your
1722 2844 191 45 integrity,
1932 2844 85 40 they
2036 2843 89 33 look
2144 2851 51 34 up
2223 2848 37 26 to
2288 2850 91 35 your
2401 2838 190 35 exertions
2610 2837 89 33 with
2717 2845 211 26 uocomaion

1611 2893 174 33 emotion.
1839 2890 17 33 A
1856 2890 17 33 .
1884 2902 63 30 on,
1965 2890 71 40 Sir,
2056 2898 64 24 are
2138 2889 146 33 knows.
2324 2887 65 35 We
2408 2887 93 35 have
2519 2889 61 31 not
2594 2893 83 25 now
2694 2885 40 30 to
2751 2888 138 28 ascerta
2898 2883 33 32 in

1613 2947 34 26 to
1671 2940 94 32 what
1795 2946 106 35 party
1924 2947 72 30 YOU
2030 2936 156 43 belong;
2215 2935 84 33 who
2331 2935 91 32 have
2451 2933 103 34 stouts
2583 2922 106 43 aloof
2708 2929 132 33 amidst
2871 2929 64 33 the

1612 2986 132 33 official
1776 2985 174 43 struggles
1978 2983 44 33 of
2042 2983 48 34 all
2126 2993 67 24 our
2211 2988 103 38 petty
2344 2981 154 44 parties,
2510 2979 69 34 and
2601 2978 122 34 whose
2740 2976 111 34 hands
2863 2987 64 22 are

1617 3033 315 34 uncontaminated
1952 3032 90 33 with
2062 3026 63 39 the
2145 3030 172 45 proceeds
2330 3026 43 34 of
2394 3027 229 43 corruption.

1661 3079 217 45 Assuredly,
1897 3078 72 41 Sir,
1997 3089 72 33 you
2087 3087 63 24 are
2167 3076 136 34 endued
2321 3073 89 35 with
2431 3078 61 28 too
2510 3072 103 39 utpch
2630 3071 165 43 sagacity
2817 3069 40 35 of
2878 3061 38 43 in-

1615 3129 139 39 tellect,
1774 3125 70 35 and
1865 3128 93 33 have
1969 3124 175 46 acquired
2160 3130 60 27 too
2235 3123 92 43 deep
2339 3132 44 24 an
2394 3119 132 44 insight
2545 3120 77 32 into
2643 3118 131 32 human
2792 3124 142 33 nature,

1616 3181 37 28 to
1667 3180 70 30 rest
1753 3172 189 37 contented
1981 3172 86 34 with
2099 3170 60 34 the
2184 3170 146 33 evasive
2356 3177 156 25 answers
2539 3168 48 41 by
2624 3164 122 34 which
2767 3175 92 34 your
2884 3165 35 31 in-

1616 3222 149 44 quiries,
1782 3233 40 21 as
1853 3228 35 27 to
1920 3222 61 32 the
2014 3221 150 41 Liberty
2199 3215 43 35 of
2265 3226 65 24 our
2355 3215 118 43 Press,
2499 3223 64 25 are
2591 3213 206 43 attempted
2828 3217 37 27 to
2893 3213 45 34 he

1615 3268 154 34 silenced
1783 3281 12 26 ;
1813 3267 116 35 while
1946 3276 71 34 you
2037 3275 135 35 possess
2189 3270 63 28 too
2269 3265 103 33 much
2392 3261 286 45 representative
2698 3257 239 46 iserepidity,

1619 3318 13 32 1
1652 3326 58 24 am
1730 3314 216 46 persuaded,
1967 3320 35 26 to
2020 3313 141 35 &Aime
2179 3313 60 33 the
2264 3309 206 37 difficulties
2490 3313 37 28 to
2549 3319 24 20 v%
2587 3307 83 32 hich
2689 3314 73 35 you
2786 3317 77 22 ina
2895 3308 47 31 be

1615 3365 162 43 exposed
1796 3364 34 32 in
1852 3361 170 44 pursuing
2050 3371 92 33 your
2161 3359 176 44 patriotic
2356 3356 229 45 inquisition.
2641 3353 34 33 It
2696 3350 80 35 will
2792 3359 61 26 not
2870 3364 48 34 ap-

1619 3422 105 34 pease
1743 3422 89 32 yon,
1848 3411 71 39 Sir,
1954 3409 79 33 that
2062 3409 63 33 the
2204 3406 157 40 existing
2379 3404 91 33 laws
2486 3413 65 22 are
2571 3398 109 37 found
2699 3399 181 45 adequae
2902 3410 37 22 to

1618 3457 58 34 the
1978 3455 41 34 of
2046 3456 148 33 modern
2467 3451 79 32 Can
2569 3450 27 31 it
2621 3457 133 33 escape
2773 3456 92 33 your
2885 3457 37 22 re-

1618 3506 159 39 flection,
1799 3506 76 32 that
1892 3504 27 32 it
1938 3502 27 34 is
1982 3509 63 28 not
2061 3515 40 20 so
2119 3501 104 35 much
2258 3509 94 35 upon
2370 3497 61 35 the
2451 3500 84 33 laws
2551 3496 222 37 themselves,
2789 3501 38 25 fts
2845 3503 99 34 upon

1619 3554 58 33 the
1696 3554 240 41 interpreting
1968 3549 69 35 and
2065 3548 243 41 administerirk,,
2308 3548 33 41 ,,
2367 3544 38 33 of
2424 3544 116 39 them,
2558 3542 80 32 that
2656 3541 64 33 the
2739 3540 137 45 felicity
2897 3543 44 31 ut

1620 3601 128 43 misery
1768 3598 45 35 of
1834 3598 176 44 legalised
2035 3598 138 35 Society
2193 3594 181 46 depeeds?
2405 3593 105 39 Alas,
2532 3592 26 31 it
2587 3591 28 31 is
2633 3588 85 33 vain
2745 3587 59 33 for
2819 3587 126 34 Juries
2995 3587 5 57 .
3002 3601 8 19 7

1619 3652 33 30 to
1671 3652 57 39 try
1750 3647 58 33 thr,
1833 3645 84 46 fact
1936 3646 48 45 of
2003 3641 163 38 libelif
2194 3643 142 44 Judges
2369 3651 60 22 arc
2465 3643 34 30 to
2531 3635 118 35 decide
2679 3637 37 31 in
2748 3637 92 31 :chat
2861 3633 87 35 Ethel

1619 3696 112 43 ought
1744 3698 37 31 to
1800 3691 157 39 consist!
1989 3692 119 39 Look,
2127 3691 73 40 Sir,
2218 3699 90 26 once
2326 3684 113 43 more,
2469 3689 40 31 to
2537 3684 64 33 the
2633 3680 157 35 conduct
2813 3683 43 32 of
2877 3691 67 24 our

1618 3750 118 26 courts
1752 3754 11 30 ;
1808 3743 155 39 review,
1995 3739 175 43 solemnly
2206 3738 152 39 review,
2408 3733 63 34 the
2512 3729 161 35 verdicts
2722 3729 110 44 given
2863 3729 77 33 into

1622 3791 118 38 them;
1763 3789 73 35 Knd
1865 3789 47 35 do
1942 3795 63 27 not
2029 3788 109 34 sulks
2169 3783 168 46 yourself
2366 3789 37 26 to
2434 3780 171 44 imagine,
2623 3776 59 33 for
2700 3785 70 22 one
2787 3776 159 43 saltier,

1619 3844 172 35 moment,
1807 3839 83 33 that
1916 3847 73 22 you
2020 3835 94 33 have
2143 3839 38 28 at
2203 3834 51 33 all
2284 3827 287 47 accomplished,
2585 3835 38 22 as
2656 3824 26 32 it
2704 3828 99 37 respe
2803 3828 20 37 c
2823 3828 40 37 ts
2883 3823 20 32 !
2903 3823 20 32 h
2923 3823 20 32 e

1619 3887 172 35 Doctrine
1820 3885 45 44 of
1885 3883 133 40 Libels,
2039 3881 63 34 the
2118 3881 109 34 noble
2242 3878 120 48 object
2381 3876 43 34 of
2444 3883 93 37 your
2556 3876 71 32 late
2643 3870 296 45 parliamentary

1622 3934 252 34 interference.
1928 3930 34 35 It
1978 3931 30 33 is
2027 3927 268 45 mortifyingtd
2308 3926 80 33 talk
2407 3924 41 34 of
2459 3933 25 24 a
2497 3921 115 43 Juty,
2631 3920 104 31 when
2758 3926 58 24 we
2835 3917 115 34 know

1620 3981 81 37 that
1717 3993 22 22 a
1759 3978 170 37 .letTeries
1946 3978 107 34 could
2073 3974 203 37 invalidate
2296 3970 60 38 the
2374 3967 123 51 puiest
2525 3957 90 50 coae
2634 3963 43 35 of
2695 3965 94 33 laws
2819 3964 35 34 in
2881 3959 63 39 the

1625 4031 113 34 wtirld
1755 4029 7 33 !

1674 4075 143 38 Doif
1830 4074 150 41 nothing
1998 4081 99 25 mere
2128 4074 27 32 is
2191 4076 39 28 to
2246 4071 47 33 be
2310 4065 208 38 donedo,
2543 4062 73 40 Sir,
2643 4063 109 32 exert
2771 4057 169 46 yourself

1623 4135 46 26 on
1685 4124 132 35 behalf
1838 4122 43 37 of
1903 4121 159 37 tortured
2082 4122 150 35 Wheite
2258 4117 72 37 and
2357 4106 220 45 crtatibuted
2602 4096 210 53 intiodnee,
2832 4113 33 27 to
2880 4106 83 43 'ob,.

2806 4154 13 22 s
