3350 4429
1111 73 149 52 THE
1294 63 378 59 N&TIONAL
1711 57 381 54 REGISTER.

217 226 50 34 of
280 226 64 35 the
361 226 214 47 prejudices
593 227 44 33 he
654 226 73 34 had
754 236 39 22 so
811 224 285 45 unkn9wingly,
1123 222 90 41 and,
1235 231 40 25 as
1293 222 26 33 it
1336 215 220 39 afterwards

219 274 144 46 proved
376 274 250 45 unfoundedly
641 272 244 37 entertained.
917 272 60 34 lie
991 268 171 48 tookjthe
1176 275 80 40 purl
1273 269 78 34 best
1365 265 190 45 becoming

221 324 66 34 the
309 322 190 34 Christian
521 322 197 46 preacher.
770 320 167 37 Genuine
953 318 276 46 philanthropy
1248 318 27 33 is
1293 322 77 33 not,
1388 313 102 35 after
1504 313 51 33 all

220 383 71 25 our
302 371 152 34 boasted
471 370 181 41 kindness,
666 370 65 33 the
746 370 79 33 vice
840 369 44 33 of
891 367 71 34 this
976 377 67 34 age
1085 367 52 33 let
1153 376 39 24 us
1212 365 44 32 be
1266 363 159 40 carefd,
1437 363 99 33 there-

219 419 99 40 fore,
339 420 85 33 bow
442 429 60 25 we
515 418 262 35 circumscribe
790 417 61 33 the
863 415 198 45 operation
1074 413 44 34 of
1133 412 119 44 really
1267 416 288 31 CHARITABLE

223 468 243 34 institutions.
523 467 132 43 Policy
674 465 72 34 and
767 463 200 44 impolicy,
992 462 197 45 propriety
1205 461 65 33 and
1293 457 265 46 impropriety,

221 527 67 24 are
314 522 113 28 terms
449 520 40 28 to
513 514 47 34 be
583 514 139 44 utterly
750 510 207 35 discarded.
1012 510 65 32 Let
1106 520 39 22 us
1175 508 138 41 imitate
1313 508 20 41 s
1354 507 37 33 in
1410 504 73 34 this
1509 503 34 33 in-

222 572 139 33 stance,
386 563 64 33 the
522 560 168 37 fountain
707 559 46 35 of
765 561 51 33 all
1083 556 96 34 from
1199 555 118 34 which
1337 554 65 33 the
1421 553 79 33 rain
1522 550 43 32 of

222 612 70 33 life
307 611 302 34 descends-alike
628 620 103 35 upon
752 609 61 32 the
823 606 80 48 just
920 606 71 34 and
1009 606 64 34 the
1090 602 144 47 unjust!
1287 602 35 33 It
1342 600 30 34 is
1390 600 76 35 this
1483 600 77 34 that

219 659 219 35 constitutes
450 659 156 44 genuine
624 657 169 46 charity.
1278 650 234 34 ONESIMUS.

278 748 85 37 ***
396 745 58 33 To
482 743 64 34 the
575 743 141 34 Letters
743 739 96 34 from
876 739 11 19 '
920 731 420 43 Graeechurch-street,'
1375 731 73 37 rind
1474 730 11 20 '
1507 730 54 34 An

228 791 201 46 Impartial
462 789 174 44 Reader,'
665 789 27 34 it
720 790 31 32 is
776 789 47 44 by
847 797 47 22 no
928 795 122 25 means
1067 783 156 34 difficult
1252 787 37 27 to
1307 782 126 44 reply.
1487 778 74 34 Not

226 843 143 44 merely
389 841 60 33 for
467 841 64 33 the
544 840 87 33 sake
654 836 45 34 of
723 847 61 32 my
811 833 196 46 reputable
1026 831 118 34 friend
1166 830 84 34 who
1274 830 102 32 dates
1397 828 56 34 his
1470 836 71 24 com-

226 891 228 33 munication
488 888 35 34 in
552 885 403 35 Gracechurch-street,
987 881 66 31 but
1080 879 79 33 also
1185 888 46 22 on
1248 881 155 30 account
1434 874 44 34 of
1504 885 43 22 nu-

226 947 149 24 merous
407 937 111 33 other
541 934 227 45 applicants,
802 931 15 33 I
844 934 91 28 must
957 927 133 33 inform
1116 937 63 33 my
1198 931 197 28 courteous
1415 924 131 34 Corres-

226 986 198 44 pondents,
444 983 187 46 presently
645 981 71 33 and
763 977 118 45 nally,
900 976 80 33 that
993 976 106 33 times
1117 973 74 35 and
1209 981 161 33 seasons,
1383 972 61 34 the
1463 970 103 34 when

226 1033 73 34 mud
317 1035 65 33 the
407 1032 104 39 how,
536 1036 70 27 rest
631 1028 162 43 entirely
813 1023 91 35 with
922 1022 145 46 ulyself.

1328 1070 7 1 _
1431 1070 7 1 _
1513 1070 9 1 _

278 1090 53 33 As
365 1095 39 27 to
436 1098 48 22 an
547 1083 200 47 Impartial
778 1077 175 43 Reat:er,'
994 1077 89 35 who
1123 1078 126 33 writes
1286 1075 94 37 with
1411 1074 159 44 singuhr

227 1137 184 45 ameillty,
435 1137 56 32 let
519 1134 73 33 him
609 1131 110 39 look,
746 1129 33 34 if
801 1140 39 22 so
870 1127 46 33 he
944 1126 158 45 pleases,
1122 1134 38 25 to
1180 1126 64 33 the
1261 1131 144 27 current
1420 1122 152 34 number

228 1185 48 33 of
332 1185 172 44 Popular
524 1180 203 35 Preachers
743 1176 25 41 ;'
795 1175 71 35 and
895 1173 44 34 he
967 1172 98 41 will,
1089 1172 17 34 I
1128 1173 115 44 hope,
1265 1182 58 24 see
1342 1181 46 22 no
1406 1179 107 26 cause
1533 1175 37 28 to

229 1232 119 35 doubt
383 1233 61 37 the
474 1230 116 44 lenity
634 1226 44 34 of
718 1224 210 39 Oncsimus,
1004 1221 202 33 hensoever
1232 1221 28 32 it
1284 1231 67 22 can
1383 1220 48 32 be
1460 1217 111 44 fairly

227 1278 194 35 exercised
437 1278 7 33 !
474 1276 81 34 The
574 1278 109 31 tatter
707 1277 86 39 part
808 1270 44 33 of
868 1280 58 33 my
989 1267 202 44 Impartial
1220 1265 176 38 Reader's
1417 1264 156 38 Letteris

231 1329 128 33 worth
376 1325 181 35 attention
570 1335 13 27 ;
602 1324 65 32 but
684 1322 17 33 I
717 1328 94 26 must
828 1317 107 34 defer
952 1316 164 44 noticing
1135 1316 45 41 it,
1204 1316 56 33 till
1280 1316 28 32 it
1328 1315 174 33 becomes
1515 1322 57 34 my

229 1376 182 44 province
428 1378 40 28 to
483 1370 161 37 criticise
664 1370 64 33 the
745 1365 152 35 clerical
917 1363 198 34 character
1130 1362 45 34 of
1188 1363 60 33 the
1270 1367 149 40 present
1440 1361 135 34 Rector

234 1422 50 45 of
296 1420 244 34 Clerkentrell.
605 1415 227 47 Respecting
865 1415 261 40 extemporary
1157 1413 215 40 preaching,
1406 1407 30 35 it
1466 1408 27 34 is
1517 1417 57 33 my

233 1470 79 34 fate
331 1476 40 27 to
396 1469 96 34 have
507 1466 155 34 differed
691 1462 193 47 generally
917 1457 99 34 from
1038 1459 65 33 the
1123 1457 151 41 worthy
1294 1457 130 33 writer
1441 1454 43 35 of
1507 1454 69 35 this

235 1518 126 34 letter.

287 1565 20 34 I
324 1564 94 34 shall
435 1563 51 33 be
500 1560 151 47 pleased
676 1565 39 27 to
733 1558 145 35 receive
896 1554 86 35 such
1009 1552 239 35 information
1264 1561 39 25 as
1320 1550 32 38 it
1370 1561 85 34 may
1478 1550 45 34 be
1543 1550 35 34 in

235 1611 66 37 the
317 1622 132 38 power
465 1610 45 35 of
534 1620 59 35 my
615 1607 317 44 Correspondents
950 1611 39 26 to
1009 1603 281 35 communicate.

1302 1648 224 35 ONESIMrs.

530 1766 223 41 FRENCH
783 1761 305 44 LAURENCE,
1119 1752 150 47 L.L.D.

287 1881 77 34 TO
384 1879 63 35 the
463 1876 226 38 formidable
702 1872 196 43 catalogue
914 1869 43 34 of
976 1865 175 37 deceased
1167 1864 157 35 emioent
1357 1859 223 43 characters,

285 1931 51 34 ho
363 1929 97 33 have
488 1923 244 45 successively
751 1923 89 32 been
868 1916 171 35 snatched
1067 1913 97 34 trim
1188 1911 158 37 society,
1363 1909 133 33 within
1520 1909 63 32 the

253 1984 69 31 last
338 1976 71 34 few
423 1984 125 35 years,
561 1974 28 33 is
604 1981 83 25 now
707 1977 39 27 to
759 1969 45 32 be
820 1964 118 35 added
956 1962 65 35 the
1038 1971 105 24 name
1157 1961 45 33 of
1217 1956 145 37 French
1381 1956 201 38 Laurence,

302 2026 97 34 L.D.
424 2022 72 33 and
527 2021 164 33 Member
709 2016 45 34 of
783 2014 230 34 Parliament
1036 2009 58 34 for
1111 2008 64 34 the
1193 2002 180 45 Borough
1387 2001 45 35 of
1455 2001 106 34 Peter-

291 2072 142 44 )rough.
488 2068 92 35 This
599 2066 215 34 Gentleman
841 2061 69 34 felt
937 2060 65 33 the
1028 2056 130 34 victim
1176 2054 43 34 of
1237 2052 109 45 rapid
1371 2049 71 35 and
1470 2059 91 24 unex-

244 2119 137 48 pected
399 2118 156 33 decline.
608 2114 60 34 lie
692 2112 158 45 expired
873 2119 45 24 on
946 2105 164 43 Monday
1130 2104 85 40 last,
1245 2099 196 43 February
1460 2098 61 39 27,
1547 2095 37 34 in

244 2170 71 33 the
332 2166 133 45 vigour
485 2163 43 34 of
543 2163 53 34 his
611 2163 94 43 days
720 2158 72 35 and
811 2158 61 33 the
891 2153 181 43 maturity
1089 2150 44 35 of
1149 2150 54 33 his
1222 2148 148 34 talents.

300 2211 278 45 Distinguished
596 2222 39 22 as
652 2222 25 21 a
693 2204 171 41 civilian,
891 2216 24 22 a
943 2197 176 50 political
1147 2194 259 47 philosopher,
1431 2202 26 25 a
1482 2196 102 34 poet,

246 2264 73 34 and
335 2275 25 22 a
376 2267 163 33 senator,
557 2258 53 33 his
631 2257 112 34 death
761 2259 109 32 must,
887 2249 157 35 without
1065 2243 201 47 partiality
1283 2248 41 28 to
1348 2239 78 34 him
1450 2239 119 34 tzolivi-

291 2313 104 43 )ally,
423 2309 46 32 be
489 2304 270 35 consideredas
775 2313 24 21 a
822 2298 126 46 pnblic
969 2295 273 33 bereavement.
1294 2289 30 44 EL
1324 2289 14 44 .
1338 2289 15 44 ;
1372 2287 65 34 the
1453 2295 107 35 evit-

275 2370 54 21 ,on
348 2357 45 33 of
432 2356 146 43 igorous
602 2353 195 37 intellects,
815 2343 193 38 combined
1038 2340 91 34 with
1157 2337 237 47 persevering
1411 2334 151 45 applica-

281 2407 77 39 ion,
380 2405 66 34 Dr.
470 2404 185 32 Laurence
674 2408 83 24 rose
777 2398 74 33 into
873 2393 84 43 high
979 2386 242 50 professional
1239 2382 226 35 estimation.
1524 2380 59 33 He

293 2463 111 26 'came
419 2450 211 46 politically
648 2444 117 37 know
765 2456 20 20 't
801 2446 44 39 by
868 2441 65 41 the,
946 2438 123 33 active
1083 2441 87 39 part
1181 2433 80 33 that
1278 2433 43 31 he
1335 2428 111 40 took,
1457 2426 130 44 during

392 2500 35 33 in
454 2497 136 35 favour
613 2494 43 34 of
683 2494 76 32 Mr.
784 2487 112 38 Fox's
914 2484 184 37 coiltcsted
1121 2479 161 37 election
1303 2477 60 34 for
1398 2473 172 35 V('estmirl-

263 2556 79 27 ,ter.
396 2546 73 34 His
497 2554 125 25 career
652 2542 37 32 in
717 2541 61 33 the
806 2542 131 28 Senate
964 2542 74 24 was
1065 2529 131 45 hirltly
1217 2523 246 47 respectable.
1517 2522 71 33 His

254 2595 191 47 opinions,
465 2591 124 34 which
614 2591 45 33 he
684 2594 65 31 not
772 2581 256 46 uofrequeutly
1050 2574 189 39 deliveted
1265 2574 37 33 in
1320 2572 63 34 the
1401 2571 128 33 House
1547 2568 45 33 of

255 2646 211 37 Commons,
488 2649 98 24 were
604 2639 61 33 the
681 2634 116 35 result
820 2631 45 37 of
887 2631 93 40 deep
998 2624 175 46 thought,
1196 2620 162 37 couched
1375 2620 38 33 in
1431 2616 157 43 striking

254 2692 74 34 and
348 2698 158 27 nervous
522 2687 194 44 language,
731 2682 70 34 and
819 2688 98 25 were
934 2676 144 40 alwa7.'s
1095 2667 241 48 respectfully
1354 2665 184 37 received.

311 2739 52 34 As
378 2750 24 22 a
415 2740 91 44 poet
523 2734 71 34 and
613 2733 81 39 wit,
720 2731 61 33 the
835 2722 180 41 itulliad,'
1032 2720 72 35 and
1165 2717 278 41 Probatiooary
1463 2709 124 41 Odes,'

255 2787 48 34 of
314 2786 120 35 which
457 2783 64 35 the
542 2781 154 34 Preface
709 2776 71 35 and
801 2776 117 34 Notes
918 2776 18 28 -
935 2776 35 28 to
989 2770 65 34 the
1072 2769 137 34 former
1230 2773 94 25 were
1342 2761 131 44 mostly
1494 2759 94 33 from

262 2836 60 38 this
343 2844 84 35 pen,
450 2835 94 32 have
557 2824 226 39 established
808 2824 70 33 1)r.
904 2815 215 39 Laurence's
1136 2812 210 45 reputatioc,
1367 2807 143 46 beyond
1528 2806 60 34 the

257 2882 158 37 chances
435 2881 45 33 of
493 2875 234 44 mutability.
778 2871 59 34 He
859 2878 74 22 was
950 2865 78 33 also
1043 2862 137 37 author
1196 2859 43 34 of
1257 2857 143 37 several
1426 2855 164 34 Election

260 2930 176 39 Ballads,
463 2926 128 35 which
609 2923 126 34 reflect
754 2917 117 37 credit
886 2926 45 22 on
950 2913 56 33 his
1020 2911 151 44 genius;
1196 2909 69 32 ant!
1285 2906 43 34 of
1348 2903 149 34 various
1515 2901 52 34 Mi-

257 2989 72 24 nor
361 2978 145 39 Pieces,
541 2972 120 34 which
692 2966 190 47 appeared
908 2963 34 33 iu
970 2960 61 34 the
1091 2956 172 35 Poetical
1298 2948 195 46 Legiter,'
1520 2950 71 33 and

265 3025 125 38 which
418 3021 219 43 sufficiently
669 3018 129 33 evince
831 3013 64 33 the
922 3005 163 46 strength
1114 3005 73 34 and
1224 3000 208 44 versatility
1459 2996 44 34 of
1537 2996 57 34 his

257 3076 152 34 talents.

311 3122 80 34 One
418 3119 45 35 of
481 3118 64 35 the
574 3116 208 34 Executors
800 3107 45 34 of
869 3106 63 35 the
948 3103 77 34 late
1045 3097 169 39 Edmund
1234 3097 142 40 Burke,
1398 3093 30 34 it
1446 3094 149 32 became

265 3171 67 33 the
351 3168 180 45 province
550 3164 45 35 of
622 3163 72 34 Dr.
720 3161 201 33 Laurence,
953 3152 35 32 in
1006 3149 195 43 discharge
1218 3144 46 35 of
1287 3144 63 32 the
1368 3146 94 30 trust
1476 3150 37 24 so
1539 3150 37 24 re-

261 3217 116 51 posed
393 3219 34 32 in
448 3215 94 40 hint,
568 3220 39 26 to
624 3203 239 50 superintend
889 3201 64 33 the
980 3197 248 35 Posthumous
1247 3189 267 39 Publications,

1533 3246 65 22 ous
1541 3193 38 28 te-

257 3266 135 45 getber
412 3263 92 33 with
534 3261 63 33 the
622 3259 111 33 other
764 3253 171 39 Literary
970 3246 208 43 Property,
1208 3239 46 34 of
1281 3239 84 34 that
1397 3236 201 35 iilustri

261 3312 133 35 writer
412 3312 72 35 and
517 3305 180 51 profound
725 3305 210 32 statesman.
989 3294 145 43 Among
1152 3291 99 33 these
1270 3287 141 39 works,
1436 3285 60 34 the
1512 3294 64 25 con-

259 3361 155 44 ducting
441 3359 45 34 of
509 3357 61 35 the
596 3353 63 35 old
722 3346 146 39 Annual
901 3338 200 47 Register,'
1130 3338 37 33 in
1200 3335 61 34 the
1289 3333 247 44 composition
1561 3331 44 32 of

265 3409 130 35 which
418 3409 74 33 Dr.
511 3406 189 33 Laurence
728 3397 72 34 had
836 3394 84 40 long
943 3387 169 43 assisted,
1137 3394 118 27 came,
1286 3385 40 31 at
1354 3383 65 33 the
1434 3379 109 34 death
1561 3378 45 32 of

259 3457 78 35 Alt.
361 3456 149 38 Burke,
526 3450 159 44 entirely
702 3445 112 35 under
831 3441 56 33 his
900 3437 197 35 direction.
1150 3431 57 37 Of
1220 3432 58 34 the
1297 3429 167 37 volumes
1481 3429 99 32 imme-

259 3507 145 44 diately
430 3503 236 43 subsequent,
692 3489 198 50 published
911 3488 48 43 by
981 3483 235 44 Rivingtons,
1244 3480 61 38 Ute
1324 3476 191 41 Prefaces,
1531 3474 71 34 and

259 3565 105 26 some
381 3552 170 46 portions
570 3546 41 34 of
641 3546 63 33 the
739 3540 158 40 History
917 3533 45 37 of
993 3533 169 43 Europe,
1187 3537 66 24 are
1281 3526 148 33 written
1457 3524 46 41 by
1531 3523 71 34 1)r.

262 3605 222 33 Lawrence.
539 3596 117 33 These
674 3585 268 48 compositions
956 3579 120 35 would
1095 3579 111 33 alone
1222 3575 137 33 sustain
1372 3572 58 33 his
1447 3572 156 40 literary

260 3653 213 33 character.
514 3643 109 35 Much
644 3641 30 32 is
689 3639 28 33 it
737 3644 38 26 to
794 3637 45 32 he
857 3628 202 47 regretted,
1075 3627 83 33 that
1178 3624 52 33 his
1247 3621 110 35 other
1371 3619 231 38 avocations,

263 3698 126 35 which
413 3703 102 27 were
533 3686 255 38 multifarious
811 3681 72 34 and
913 3676 239 48 perplexing,
1179 3669 201 48 prevented
1410 3666 76 34 him
1511 3666 94 32 from

259 3744 206 43 extending
484 3742 56 33 his
557 3737 120 37 credit
706 3743 41 24 as
774 3742 47 24 an
849 3729 151 33 author.
1058 3722 117 35 From
1202 3718 91 40 him,
1317 3715 71 37 and
1407 3716 85 43 only
1514 3712 91 41 him,

262 3806 80 24 was
359 3789 216 43 eventually
596 3793 35 27 to
651 3785 47 32 he
716 3776 187 48 expected
920 3775 65 34 the
1002 3770 78 37 real
1102 3768 84 35 Life
1202 3765 44 34 of
1270 3763 143 37 Burke.
1470 3761 56 35 lie
1543 3761 65 33 has

260 3841 182 44 suddeuly
456 3833 200 39 descended
677 3837 39 28 to
732 3828 210 44 thatgrave
969 3833 27 24 w
1007 3822 85 32 here
1110 3816 106 35 there
1245 3814 30 35 is
1302 3823 46 22 no
1367 3816 104 30 more
1485 3807 123 37 either

261 3892 47 37 of
321 3889 106 37 work
450 3896 45 25 or
511 3880 145 38 devise!

315 3937 123 41 Dead,
459 3937 193 33 however,
673 3927 45 34 he
736 3922 76 35 still
830 3922 106 33 lives.
991 3915 72 34 His
1080 3922 165 34 memory
1264 3908 77 35 will
1358 3908 91 44 long
1463 3904 148 37 survive

262 3989 60 34 his
341 3984 138 37 burial.
537 3974 193 40 Endeared
758 3981 39 25 to
822 3971 56 33 his
898 3965 143 37 friends
1068 3964 50 44 by
1147 3961 57 34 his
1230 3961 150 34 virtues,
1406 3957 131 32 yalitei
1558 3953 50 41 by

262 4037 64 34 the
347 4033 129 46 public
494 4029 64 34 for
576 4026 52 34 his
648 4022 183 43 writings,
850 4016 71 35 and
941 4009 190 48 respected
1149 4010 47 44 by
1220 4009 53 33 iris
1291 4003 244 46 compatriots
1552 3999 56 33 for

262 4084 59 34 his
338 4077 203 40 senazorial
560 4074 211 35 character,
794 4070 44 30 he
857 4068 31 32 is
904 4058 201 46 exempted
1126 4056 93 35 from
1240 4057 59 31 the
1316 4059 169 26 com:non
1501 4049 53 33 lot
1572 4046 45 33 of

263 4130 170 37 oblivion
451 4139 13 30 ;
491 4124 73 34 and
592 4124 60 31 the
681 4114 242 39 recollection
943 4108 46 37 of
1005 4109 57 32 his
1090 4110 161 28 conduct
1269 4100 71 38 and
1368 4101 132 33 Ltlentb

1531 4104 25 27 vt
1569 4094 41 35 al

261 4182 122 40 linger
398 4185 104 26 some
521 4174 87 32 time
630 4170 130 41 loni,er
772 4172 135 33 among
924 4154 246 38 mankind.--

2641 43 255 51 MARCH
2921 44 54 48 5.

1768 200 158 41 Though
1946 198 89 32 time
2057 207 25 19 n
2094 195 40 32 lit
2158 204 24 21 w
2193 201 66 25 ear
2276 201 57 31 us,
2349 190 70 33 afid
2443 197 56 22 %be
2516 191 208 38 musrgrow

1766 248 96 34 Such
1881 254 78 25 men
1976 254 65 25 are
2060 246 64 30 not
2143 241 124 43 forgot
2283 247 43 25 as
2340 246 87 25 soon
2445 246 43 22 as
2506 233 107 34 cold!

1765 294 120 35 Their
1902 292 169 44 fragrant
2085 298 165 33 memoq
2271 285 80 33 will
2372 283 135 34 outlast
2518 280 102 35 their
2639 279 39 40 lo
2678 279 19 40 .
2696 279 59 40 nb,

1768 343 132 34 Dubai
1909 338 71 35 m'd
2004 338 60 34 for
2078 345 89 26 ever
2186 337 35 33 in
2241 333 48 34 its
2301 340 87 26 own
2407 328 338 47 perfume.Cow
2757 335 103 27 rrn.

1670 402 94 37 This
1791 403 106 44 hasty
1917 398 70 35 and
2008 396 194 47 imperfeet
2224 394 220 43 testimory,
2469 393 43 33 to
2537 389 65 33 the
2619 389 126 33 merits
2761 385 46 37 of
2832 383 143 39 French

1628 452 202 40 Laurence,
1856 450 63 32 has
1933 446 158 44 nothing
2111 445 66 33 but
2192 443 100 34 truth
2310 439 70 34 and
2402 439 177 39 sincerity
2604 442 37 27 to
2675 435 230 34 recommend
2926 433 45 34 it.

1629 501 58 34 lie
1706 500 28 33 is
1750 509 67 24 one
1847 497 45 34 of
1909 496 123 40 those,
2059 495 52 32 let
2130 493 28 33 it
2189 491 47 34 be
2267 487 138 39 added,
2438 487 80 33 ,vilo
2546 491 113 34 seem,
2685 494 39 24 as
2743 482 131 44 public
2891 491 65 34 per-

1625 559 96 28 sons,
1746 552 38 27 to
1804 546 97 34 have
1917 546 91 32 been
2024 540 161 47 happily
2203 539 117 33 takco
2337 533 94 38 from
2447 533 63 35 the
2523 531 79 35 evil
2621 533 79 33 that
2719 530 31 34 is
2766 539 39 22 to
2836 539 106 22 come
2957 528 9 33 !

1651 598 38 32 le
1708 595 99 34 lived
1822 595 35 33 in
1874 594 120 33 better
2009 591 118 34 times.
2753 578 40 37 d
2802 574 171 38 MICUS.

2056 681 149 38 LORD
2238 677 305 39 kALKLA:.D.

1680 748 150 37 FATAL
1876 744 352 43 DUELTuesday
2262 741 182 44 morning,
2486 738 117 34 about
2644 733 84 34 nine
2757 729 168 44 o'clock,
2953 741 26 24 a

1632 798 158 43 meeting
1807 797 89 33 took
1925 795 106 45 place
2047 800 39 27 at
2108 793 125 33 Chalk
2255 789 129 39 Farm,
2398 789 169 31 between
2591 774 93 43 Lord
2719 777 204 39 Falkland,
2952 787 26 26 a

1631 846 44 34 of
1685 846 65 33 the
1774 844 107 44 royal
1909 852 90 26 navy
2011 866 12 17 ,
2044 840 70 35 and
2130 857 98 8 --
2242 836 163 39 Powell,
2422 835 89 44 Esq.
2531 830 46 35 of
2595 823 294 43 Devonshire-pl
2903 833 70 33 Lce,

1633 893 106 44 They
1765 902 97 22 were
1879 889 171 34 attended
2069 895 39 28 to
2130 888 59 33 the
2207 883 159 47 ground,
2385 883 60 32 the
2463 882 141 34 former
2617 879 47 43 by
2683 876 58 31 Sir
2761 872 45 37 C.
2825 870 152 41 Colon,

1632 940 44 35 of
1688 940 63 35 the
1773 946 112 38 navy,
1904 937 69 34 and
1993 935 64 34 the
2083 937 116 33 latter
2225 934 50 44 by
2295 950 96 7 --
2411 931 110 39 Ross,
2542 928 89 41 Esq.
2652 925 116 39 lately
2786 931 46 24 an
2848 918 125 35 sheer

1638 990 33 33 in
1690 990 63 32 the
1783 989 80 33 lith
1897 984 309 45 light-dragoons.
2257 980 84 34 The
2370 979 164 32 distance
2564 972 44 35 of
2639 978 57 30 ten
2728 977 111 38 paces
2869 969 111 41 iecatg

1633 1030 170 51 stepped,
1821 1033 70 34 and
1910 1033 63 33 the
1997 1031 131 44 pistols
2145 1028 135 35 loaded
2300 1029 51 41 by
2374 1025 60 33 the
2452 1023 167 38 seconds,
2637 1020 61 34 the
2722 1023 144 38 parties
2885 1013 90 34 took

1637 1084 97 33 their
1750 1081 157 44 ground,
1928 1080 120 40 when,
2066 1080 44 43 by
2133 1074 200 50 etiquette,
2362 1074 73 33 Mr.
2461 1069 148 37 Powell
2628 1067 104 43 trim::
2754 1061 157 37 entitled
2933 1067 40 27 to

1637 1131 61 34 the
1711 1130 76 34 first
1804 1129 99 39 shot,
1918 1127 54 34 his
1985 1126 77 33 ball
2075 1126 133 33 fatally
2220 1120 150 38 entered
2387 1120 61 34 :he
2461 1120 96 41 right
2570 1116 104 48 groin
2694 1113 40 33 of
2750 1110 97 34 Lord
2863 1107 94 38 Falk-

1639 1179 97 33 land.
1780 1176 81 35 The
1879 1185 106 25 cause
2004 1172 44 35 of
2061 1172 177 35 thisfatal
2251 1168 86 37 duel
2354 1176 104 26 arose
2471 1166 97 34 from
2587 1175 25 22 a
2628 1155 353 41 misuneerstandirg

1641 1226 78 33 that
1735 1224 89 34 took
1841 1224 105 45 place
1961 1227 38 30 at
2020 1219 182 35 Stevens's
2219 1218 131 39 llotel,
2370 1215 136 34 Bond-s
2512 1204 5 65 t
2526 1217 92 35 reet,
2633 1209 93 34 from
2750 1205 97 33 Lord
2862 1204 119 34 Fall..

1641 1271 83 37 land
1750 1270 213 44 addressing
1990 1270 74 33 Mr.
2108 1266 148 37 Powell
2294 1265 51 44 by
2378 1261 61 34 the
2469 1259 170 37 familiar
2666 1251 240 50 appellation
2935 1250 47 33 of

1649 1322 142 41 fogey;
1817 1329 46 22 on
1892 1316 124 35 which
2041 1316 64 32 the
2135 1316 118 33 latter
2274 1309 201 47 expressed
2503 1307 107 34 inueh
2634 1302 246 46 displeasure,
2915 1307 40 22 re-

1644 1367 185 44 marking,
1905 1363 80 37 that
2009 1364 43 33 he
2072 1362 71 34 had
2160 1365 64 31 not
2241 1359 64 34 the
2336 1359 141 33 honour
2494 1355 44 34 of
2551 1354 112 44 being
2679 1346 219 44 sufficiently
2916 1355 43 25 ac-

1641 1414 176 45 quainted
1838 1413 91 35 with
1950 1411 90 41 him,
2057 1414 39 31 to
2120 1404 133 39 entitle
2280 1406 58 34 his
2360 1402 184 44 Lordship
2580 1406 39 28 to
2635 1398 87 34 take
2751 1406 40 22 so
2818 1395 106 44 great
2953 1402 25 24 a

1873 1459 92 34 This
1990 1459 104 37 drew
2112 1456 97 34 from
2241 1453 97 37 Lord
2360 1453 44 35 F.
2431 1462 25 22 a
2472 1447 177 38 sarcastic
2678 1443 126 45 reply,
2830 1450 126 24 accom-

1644 1498 132 56 panied
1796 1511 48 41 by
1863 1515 100 26 sogne
1990 1505 167 39 threats;
2185 1513 46 24 on
2250 1500 125 37 which
2398 1498 78 39 Mr.
2497 1498 44 34 P.
2572 1492 182 47 rejoined,
2783 1488 84 35 that

1645 1557 72 33 had
1739 1557 79 32 that
1844 1556 38 33 in
1911 1554 56 34 his
1994 1552 96 35 hand
2109 1550 189 46 (meaning
2331 1550 54 33 his
2413 1544 120 45 stick)
2555 1541 123 35 which
2698 1537 126 37 would
2850 1533 131 34 defend

1646 1605 72 32 him
1736 1604 139 41 against
1902 1611 73 25 any
1993 1609 165 33 menace,
2190 1609 92 24 even
2303 1596 94 35 from
2431 1605 25 24 a
2666 1585 100 38 Lord
2790 1584 45 34 F.
2855 1591 47 25 on
2919 1580 63 34 the

1645 1651 132 34 instant
1791 1648 171 38 snatched
1980 1659 25 24 a
2020 1657 91 25 cane
2126 1642 99 39 fi.om
2256 1654 102 24 some
2373 1642 208 45 gentleman
2607 1636 37 35 in
2662 1636 60 33 the
2745 1639 124 30 room,
2894 1629 89 39 and,

1644 1709 38 24 as
1701 1698 27 34 it
1748 1700 28 33 is
1793 1698 189 43 reported,
1997 1696 125 33 struck
2147 1694 72 33 Mr.
2241 1693 44 33 P.
2306 1701 107 33 many
2430 1697 129 26 severe
2575 1685 118 34 blows
2712 1678 92 37 with
2826 1677 46 33 it.
2900 1676 83 33 The

1645 1755 246 37 consequence
1911 1754 74 25 was
2016 1753 22 24 a
2055 1740 195 45 challenge
2282 1739 97 34 from
2399 1736 63 34 the
2496 1735 129 37 latter,
2647 1728 125 37 which
2794 1721 189 50 produced

1645 1795 63 32 the
1726 1792 234 44 melancholy
1981 1786 240 48 catastrophe
2231 1786 122 34 above
2369 1782 133 35 stated.
2557 1779 112 35 After
2681 1776 63 35 the
2756 1772 105 40 duel,
2890 1768 94 35 Lorl

1650 1840 184 35 Falkland
1853 1850 72 24 was
1941 1834 188 47 conveyed
2147 1843 38 27 to
2211 1834 64 34 the
2294 1832 112 34 house
2422 1830 46 33 of
2484 1830 76 33 Mr.
2582 1824 163 44 Powell,
2777 1821 38 35 in
2836 1819 125 34 Devon-

1646 1889 243 44 saire-place,
1918 1887 34 32 in
1969 1886 63 32 the
2050 1884 112 33 latter
2178 1876 239 51 gentleman's
2433 1876 185 43 carriage.

1698 1936 94 34 Lord
1821 1931 187 37 Fa'kland
2024 1929 85 37 died
2126 1935 41 30 at
2179 1935 80 30 two
2280 1928 148 33 o'clock
2446 1936 46 22 on
2515 1919 229 35 Wednesday
2759 1912 182 43 morning.

1697 1984 59 33 An
1775 1981 223 45 Inquisition
2017 1988 74 26 was
2106 1977 112 37 takea
2236 1974 195 47 yesterday
2456 1969 130 38 before
2611 1969 46 33 G.
2676 1955 193 54 llCyclgson,
2893 1963 91 44 Esq.

1651 2031 182 39 Coroner,
1850 2036 43 26 at
1905 2028 61 34 the
1985 2026 112 34 hnae
2115 2024 45 34 of
2174 2026 144 33 Arthur
2337 2020 181 44 Anuesley
2544 2016 159 37 Powell,
2728 2014 89 44 Lsq.
2836 2013 126 33 Devon-

1648 2079 98 33 snire
1763 2078 129 39 Place,
1909 2086 45 24 on
1972 2072 61 35 the
2046 2074 102 44 bady
2158 2072 45 34 of
2220 2072 98 33 Lord
2339 2068 181 39 Viscount
2531 2066 120 41 Carey
2670 2060 206 43 Falkland,
2898 2059 89 33 who

1650 2130 72 31 met
1742 2124 54 35 his
1814 2124 112 33 death
1945 2121 34 34 in
1994 2131 24 26 a
2031 2120 85 35 duel
2130 2131 47 22 on
2194 2118 188 44 Tuesday.

1696 2171 84 37 The
1791 2171 98 45 Jury
1910 2170 143 33 viewed
2075 2167 64 34 the
2157 2165 99 45 body
2272 2164 37 34 in
2333 2174 25 24 a
2374 2161 120 41 coffin,
2526 2157 125 37 which
2672 2165 78 25 was
2764 2156 133 33 rather
2914 2154 38 33 in
2967 2163 24 24 a

1651 2220 123 46 putrid
1791 2226 15 27 !
1806 2226 15 27 ,
1821 2226 63 27 tats
1902 2230 12 25 ;
1941 2216 98 34 after
2059 2215 123 34 which
2210 2215 168 41 Surgeon
2407 2205 208 38 Heaviside
2631 2203 176 45 deposed,
2838 2203 81 33 that
2950 2203 44 32 he

1652 2268 70 33 had
1736 2265 137 37 known
1889 2267 60 32 the
1959 2259 176 39 deceased
2156 2267 78 27 two
2244 2265 125 40 years,
2382 2255 69 37 and
2473 2256 45 33 he
2538 2263 74 24 was
2629 2252 116 34 about
2759 2250 104 44 forty
2883 2257 107 37 years

1650 2315 43 34 of
1704 2326 83 32 a;;e.
1841 2313 61 33 He
1923 2320 76 26 was
2014 2309 122 35 called
2169 2313 39 30 to
2241 2307 86 46 give
2346 2306 53 33 his
2417 2301 221 38 attendance
2653 2304 37 28 at
2711 2298 78 33 Mr.
2807 2294 181 39 I'owell's

1651 2362 126 41 house,
1793 2370 89 24 soon
1894 2357 98 35 after
2008 2367 70 24 one
2094 2354 150 37 o'clock
2267 2365 45 22 on
2329 2352 171 41 Tiaesday
2513 2348 87 41 last,
2611 2346 72 35 and
2701 2346 47 33 he
2756 2343 117 41 found
2898 2342 94 34 Lord

1652 2407 185 38 Falkland
1852 2405 133 45 sitting
2011 2405 35 32 in
2069 2414 25 24 a
2122 2402 124 40 chair,
2278 2401 67 33 but
2363 2400 46 44 by
2426 2398 66 33 the
2507 2402 172 34 surgeons
2699 2392 136 33 advice
2854 2392 45 32 he
2919 2398 78 26 was

1651 2461 67 40 put
1731 2461 39 27 to
1788 2454 84 34 bed.
1926 2452 60 34 On
2002 2450 219 43 examining
2244 2446 66 35 the
2333 2445 116 46 body,
2465 2443 149 33 witness
2636 2437 217 37 discovered
2874 2437 81 33 that
2970 2445 25 25 a

1654 2504 76 34 ball
1748 2503 70 33 had
1835 2499 148 35 entered
1996 2497 63 35 the
2073 2498 122 34 lower
2207 2503 85 38 part
2308 2492 45 35 of
2362 2492 61 35 the
2435 2489 201 39 abdomen,
2650 2497 46 24 on
2709 2485 31 33 ::
2740 2485 15 33 ,
2756 2485 15 33 e
2784 2484 97 44 Het
2901 2483 96 43 side,

1649 2552 70 33 and
1737 2550 64 34 the
1818 2555 204 38 symptoms
2040 2555 98 25 were
2157 2552 90 34 very
2267 2539 198 43 alarming,
2494 2548 40 24 as
2554 2536 64 33 the
2639 2533 76 34 ball
2734 2531 111 35 could
2863 2537 64 28 not
2952 2531 46 33 be

1651 2598 130 34 found.
1833 2585 43 45 'W
1886 2596 106 33 fitness
2010 2591 174 35 attended
2204 2589 56 34 his
2281 2587 181 45 Lordship
2480 2584 93 35 until
2596 2583 46 33 he
2656 2578 177 46 expired,
2861 2583 40 30 at
2917 2582 79 31 two

1654 2644 148 35 o'clock
1843 2654 47 24 on
1920 2640 233 45 Wednesday
2187 2637 181 40 morning.
2422 2633 72 34 Ills
2529 2629 103 44 body
2666 2637 77 24 was
2771 2626 144 45 opened
2949 2634 47 25 on

1654 2692 214 45 Thursday,
1900 2691 107 33 when
2035 2689 30 32 it
2091 2685 195 46 appeared
2306 2683 80 34 that
2409 2681 64 33 the
2492 2679 77 33 ball
2591 2675 69 35 had
2691 2674 130 45 passed
2839 2672 159 44 directly

1655 2750 125 26 across
1796 2740 63 33 the
1873 2737 126 44 cavity
2016 2734 44 34 of
2070 2733 63 35 the
2150 2732 120 44 belly,
2295 2731 73 34 and
2386 2727 135 45 lodged
2541 2726 38 33 in
2595 2725 63 32 the
2675 2721 98 34 back
2794 2722 107 32 hone.
2959 2719 44 33 In

1656 2790 46 32 its
1719 2796 152 34 assage
1885 2786 30 33 it
1933 2783 71 34 had
2021 2780 181 35 wouvaled
2219 2777 145 37 several
2387 2779 144 34 vessels,
2550 2773 64 33 the
2634 2770 109 34 blood
2764 2767 96 34 from
2876 2766 125 34 which.

1658 2828 214 43 ietjselled
1892 2833 35 34 in
1941 2831 61 35 the
2015 2831 145 43 cavity,
2173 2826 71 34 and
2280 2836 63 25 vas
2361 2824 35 33 in
2408 2833 24 22 a
2450 2820 125 46 putrid
2591 2816 189 41 state,and
2800 2824 71 24 one
2884 2815 43 33 of
2939 2813 65 34 the

1656 2885 139 41 largest
1813 2881 185 34 intestines
2016 2877 71 35 had
2104 2877 85 34 also
2205 2874 93 33 been
2320 2869 196 38 wounded.
2567 2868 76 32 Mr.
2665 2861 208 37 Heaviside
2890 2861 111 35 knew

1657 2930 152 43 nothing
1837 2928 45 34 of
1899 2927 63 35 the
1978 2926 109 34 affair
2104 2924 45 34 of
2167 2922 63 34 the
2254 2920 104 44 duel,
2391 2920 66 33 but
2490 2915 64 35 the
2572 2910 131 39 wound
2732 2909 74 35 had
2825 2910 92 34 been
2939 2908 64 34 the

1656 2988 109 25 cause
1781 2976 43 34 of
1838 2975 57 34 his
1909 2973 129 35 death.

1708 3026 89 34 Mrs.
1824 3024 119 41 hiog,
1959 3032 24 24 a
1998 3030 122 31 nurse,
2140 3017 87 37 who
2244 3012 172 38 attended
2444 3011 99 35 Lord
2564 3005 202 43 Falkland,
2789 3013 74 25 was
2880 3002 122 35 called

1659 3074 48 33 in.
1762 3071 73 35 She
1856 3071 67 32 hal
1941 3078 109 25 never
2069 3066 113 35 heard
2202 3064 66 34 the
2287 3059 182 38 deceased
2496 3069 67 34 say
2580 3066 73 34 any
2670 3053 105 43 thing
2794 3050 209 47 respecting

1661 3122 84 32 how
1783 3119 44 34 he
1857 3120 150 32 became
2042 3113 194 37 wounded.
2303 3111 73 34 His
2408 3109 105 41 Lady
2548 3103 73 37 had
2649 3102 116 34 asked
2798 3099 76 34 him
2907 3109 100 25 some

1630 3148 1 65 1
1661 3168 201 45 questions,
1879 3167 65 32 but
1963 3164 45 34 he
2019 3161 144 37 evaded
2181 3159 117 40 them,
2313 3156 71 37 and
2399 3154 207 46 expressed
2621 3161 27 24 a
2670 3149 91 34 wish
2784 3155 40 26 to
2842 3148 118 44 sleep.

1709 3215 124 34 There
1856 3223 73 22 was
1946 3223 46 22 no
2009 3209 177 37 evidence
2202 3220 25 20 'A
2241 3209 155 31 hatever
2405 3208 40 30 to
2459 3200 119 47 speak
2594 3204 38 28 to
2649 3197 60 35 this
2722 3195 103 40 duel,
2846 3204 44 24 or
2906 3194 104 34 what

1635 3263 7 44 1
1665 3262 61 35 the
1744 3262 144 45 dispute
1904 3269 77 25 was
1998 3256 125 35 which
2144 3257 60 33 led
2222 3261 39 27 to
2280 3254 64 33 the
2360 3260 107 26 cause
2485 3248 46 34 0:
2555 3248 44 33 it.
2654 3241 350 45 Verdictwiyist

1664 3318 144 26 mimer
1824 3308 149 41 against
1988 3317 96 22 some
2101 3313 132 35 person
2248 3312 44 22 or
2298 3309 150 34 persons
2461 3298 195 33 unknown.

1717 3358 99 44 Lady
1837 3354 189 35 Falkland
2042 3354 28 32 is
2091 3351 70 34 left
2181 3350 93 35 with
2295 3348 102 34 three
2427 3344 139 35 female
2585 3339 183 43 children,
2797 3337 71 37 and
2885 3346 25 25 a
2928 3337 81 45 boy

1667 3417 46 22 ou
1730 3405 120 33 whom
1869 3403 64 34 the
1949 3403 83 33 title
2044 3399 189 34 de.;olves.

1719 3467 111 34 FIRE
1850 3474 56 26 AT
1925 3462 296 35 KENSINnTON
2262 3452 287 41 PALACF..A
2583 3451 74 35 few
2691 3449 176 45 evenings
2895 3446 115 43 since,

1672 3515 231 40 Kensington
1928 3511 152 40 Palace,
2113 3517 76 26 %vas
2216 3504 216 35 discoored
2464 3507 43 30 to
2536 3502 47 32 be
2601 3509 46 24 on
2676 3498 84 40 fire,
2791 3494 123 35 which
2937 3504 77 25 was

1668 3559 219 38 occasioned
1906 3559 50 44 by
1985 3557 63 34 the
2078 3555 89 41 due,
2196 3553 223 45 proceeding
2435 3549 98 34 from
2559 3559 24 21 a
2600 3555 144 35 copper
2776 3544 83 39 fire,
2887 3540 124 35 which

1668 3606 292 38 communicated
1977 3611 38 27 to
2029 3614 100 22 some
2143 3602 148 41 timber,
2308 3600 83 34 that
2407 3598 59 37 led
2481 3601 39 28 to
2537 3594 61 34 the
2613 3592 169 35 Princess
2792 3588 48 37 of
2857 3586 159 37 Wales's

1669 3660 254 41 apartments;
1951 3654 65 34 but
2031 3652 31 34 it
2076 3652 109 41 being
2200 3650 130 33 tint.-Iv
2349 3644 231 38 discervercd,
2597 3643 28 33 it
2643 3651 72 25 was
2730 3648 91 25 soon
2837 3644 69 39 put
2922 3641 79 28 out.

300 3754 164 33 siending
484 3754 56 21 his
557 3754 120 20 cream
706 3754 41 13 as
774 3754 47 12 au
849 3754 151 8 uu...u..
1058 3754 117 4 ...,....
1204 3754 90 5 ......,

300 3806 43 24 as
359 3789 216 43 eventually
596 3793 35 27 to
651 3785 47 32 he
716 3776 187 48 expected
920 3775 65 34 the
1002 3770 78 37 real
1102 3768 84 35 Life
1202 3765 44 34 of
1270 3763 143 37 Burke.
1470 3761 56 35 lie
1543 3761 65 33 has
2228 3755 17 77 B
2261 3755 15 77 1
2293 3755 64 77 1r1;
2367 3755 72 32 11S.

300 3841 142 44 uideuly
456 3833 200 39 descended
677 3837 39 28 to
732 3828 210 44 thatgrave
969 3822 124 34 where
1110 3816 106 35 there
1245 3814 30 35 is
1302 3823 46 22 no
1367 3816 104 30 more
1485 3807 123 37 either
1723 3813 60 33 On
1796 3809 63 37 the
1878 3807 84 37 10th
1985 3807 92 34 Feb.
2095 3816 25 22 a
2135 3809 185 39 cottagers
2352 3800 102 43 wife,
2473 3800 34 33 in
2526 3797 65 35 the
2610 3794 123 46 parish
2756 3791 45 34 of
2813 3787 209 41 Farnwell,

300 3892 8 35 f
321 3889 106 37 work
450 3896 45 25 or
511 3880 145 38 devise!
1672 3866 136 37 county
1826 3857 45 34 of
1886 3854 150 40 Forfar,
2063 3853 44 33 of
2130 3853 110 33 three
2255 3850 183 39 children,
2469 3854 78 26 two
2567 3846 94 45 boys
2683 3841 72 38 and
2773 3852 26 24 a
2815 3840 91 45 girl,
2934 3837 86 34 who

315 3937 123 41 Dead,
459 3937 193 33 however,
673 3927 45 34 he
736 3922 76 35 still
830 3922 106 33 lives.
991 3915 72 34 His
1080 3922 165 34 memory
1264 3908 77 35 will
1358 3908 91 44 long
1463 3904 148 37 survive
1680 3907 91 37 with
1786 3907 63 34 the
1867 3902 146 37 mother
2031 3912 66 25 are
2114 3899 54 37 all
2192 3899 81 35 well
2294 3896 72 34 and
2380 3895 180 44 thriving.

300 3989 22 33 is
341 3984 138 37 burial.
537 3974 193 40 Endeared
758 3981 39 25 to
822 3971 56 33 his
898 3965 143 37 friends
1068 3964 50 44 by
1147 3961 57 34 his
1230 3961 150 34 virtues,
1406 3957 131 32 valitel
1558 3953 50 41 by
2271 3952 156 37 DIED.

3198 3754 59 444 t

300 4048 26 21 ie
347 4033 129 46 public
494 4029 64 34 for
576 4026 52 34 his
648 4022 183 43 writings,
850 4016 71 35 and
941 4009 190 48 respected
1149 4010 47 44 by
1220 4009 53 33 iris
1291 4003 244 46 compattiots
1552 3999 56 33 fur
1727 4012 58 35 On
1804 4007 187 45 Saturday
2001 3998 90 46 last,
2107 4010 41 30 at
2166 4002 288 38 Twickenham,
2476 3997 73 35 Mr.
2571 3994 165 40 Perrott,
2756 3991 144 34 Master
2919 3986 45 35 of
2976 3997 48 25 an

300 4085 21 32 is
338 4077 203 40 senazorial
560 4074 211 35 character,
794 4070 44 30 he
857 4068 31 32 is
904 4058 201 46 exempted
1126 4056 93 35 from
1240 4057 59 31 the
1316 4059 169 26 com:non
1501 4049 53 33 lot
1572 4046 45 33 of
1685 4061 184 43 Academy
1887 4063 39 28 at
1948 4059 80 30 that
2047 4055 122 44 plaim.
2212 4051 59 34 He
2293 4059 76 24 was
2386 4049 32 32 in
2440 4045 144 44 perfect
2598 4042 144 40 health,
2761 4039 72 34 aunt.
2850 4039 115 32 about
2982 4041 40 28 to

300 4130 133 35 blivion
451 4139 13 30 ;
491 4124 73 34 and
592 4124 60 31 the
681 4114 242 39 recollection
943 4108 46 37 of
1005 4109 57 32 his
1090 4110 161 28 conduct
1269 4100 71 38 and
1368 4101 132 33 talents
1531 4104 25 27 vt
1569 4094 41 35 :all
1659 4109 110 33 _take
1788 4107 85 33 bold
1891 4103 47 34 of
1949 4114 21 22 a
1990 4113 89 24 cane
2096 4107 38 30 to
2154 4101 145 33 correct
2329 4107 69 26 one
2425 4093 46 37 of
2500 4093 54 33 his
2570 4091 180 40 scholars,
2773 4085 107 35 when
2898 4085 45 33 he
2963 4093 60 26 ra-

300 4189 83 35 nger
398 4185 104 26 some
521 4174 87 32 time
630 4170 73 41 loni
703 4170 19 41 ;
722 4170 38 41 er
772 4172 135 33 among
924 4154 246 38 mankind.--
1677 4155 120 37 eitied
1817 4165 47 24 on
1885 4153 56 32 his
1956 4149 91 35 desk
2065 4147 221 37 breathless.
2376 4166 13 6 -

300 4270 116 20 ..5.........
1835 4235 26 6 -
1892 4231 4 59 .
2158 4231 4 59 .

300 4309 123 37 'riuted
439 4304 76 40 and
539 4296 209 40 Published
767 4296 50 35 by
833 4290 73 35 :Lnd
925 4290 63 32 for
1003 4287 38 32 J.
1072 4283 43 34 B.
1144 4280 131 35 BELL
1291 4277 74 35 and
1383 4277 46 34 J.
1456 4276 69 34 1)E
1547 4271 171 43 CAMP,
1747 4279 40 24 at
1804 4270 61 32 the
1886 4265 119 33 nice
2022 4263 45 33 of
2091 4264 52 32 Le
2161 4261 105 33 Beau
2285 4257 164 39 Monde;
2478 4265 59 30 or,
2568 4256 172 37 Literary
2760 4248 74 33 and
2862 4245 163 38 Toshio!
3025 4245 24 38 ,
3207 4227 9 41 i
3216 4227 11 41 .

478 4354 80 35 able
576 4348 216 46 Xagasine,
815 4342 59 34 No
913 4338 59 34 11.
993 4331 351 39 Catherine-street,
1362 4324 158 37 Strand;
1548 4322 72 35 and
1642 4331 84 28 may
1747 4322 47 31 be
1813 4315 71 35 had
1902 4312 46 35 of
1959 4311 53 37 all
2031 4310 64 35 the
2114 4309 201 38 Newsmen
2334 4306 37 34 in
2389 4304 61 35 the
2471 4300 148 38 'hilted
2636 4296 208 47 Kingdom.

228 76 74 50 16i

235 1611 64 37 the

298 1883 1 33 1

285 1931 14 34 h

243 1981 56 34 lay

246 2026 53 35 L.l

244 2132 54 35 pei

244 2170 54 33 the

83 2219 11 19 1

247 2313 52 33 du.

249 2360 50 33 do

259 2407 40 33 tit

220 2469 18 19 'R
248 2453 51 37 he

193 2568 7 6 -
252 2556 47 27 Ste
