3373 4429
219 111 91 53 15A

208 428 4 58 •
260 428 61 58 110
341 428 20 58 W
381 428 61 58 far
465 437 268 40 Commercial
761 438 231 47 Pair(tire
1007 445 91 39 may
1123 433 48 38 be
1194 429 213 43 beneficial
1428 431 44 37 tb
1488 428 70 39 the

213 491 110 46 Arts,
357 493 32 37 is
422 503 24 26 a
476 491 188 51 outstion
696 494 71 33 dot
932 476 180 50 tieeided.
1172 488 37 38 It
1241 497 91 39 may
1354 481 98 41 with
1472 494 65 26 cer-

211 548 130 48 tainty
379 547 48 35 be
449 543 193 44 asserted,
680 542 86 38 that
803 542 69 37 the
892 540 117 38 artist
1043 543 93 33 win)
1168 536 117 39 looks
1320 534 174 41 forward
1515 537 44 35 to

209 607 220 41 p2euniary
454 605 73 30 reN;
540 595 70 39 lad
627 595 119 39 Alone
769 593 78 38 will
870 598 69 32 nes
950 606 45 26 er
1015 591 129 40 attain
1163 588 262 41 excellence..
1472 588 87 38 The

216 657 119 46 great
372 653 184 43 intOtersi
592 648 136 39 ‘vhose
746 659 139 26 names
907 658 66 26 are
1002 644 149 76 Irked
1173 656 53 38 up
1244 647 45 34 to
1317 643 99 37 with
1449 653 87 25 reve-

215 712 132 35 rcuce,
380 704 113 37 knew
519 706 72 33 nut
621 699 107 39 what
751 700 28 37 it
801 712 79 25 was
912 702 45 37 to
994 698 169 50 bargain
1185 696 92 38 with
1299 707 22 25 a
1341 692 220 54 purchaser

213 758 65 38 14
298 758 69 38 the
389 754 307 41 remuneration
718 754 48 37 of
798 752 106 38 their
924 751 178 39 labours.
1161 750 172 38 Honour
1358 758 80 26 was
1455 744 104 40 their

211 810 155 50 •ohject.
426 808 111 39 With
578 808 91 38 that
697 806 146 50 degree
874 803 48 39 of
954 809 263 46 competency
1243 800 129 40 which
1391 797 167 40 enabled

211 863 117 38 Men'
360 867 46 34 to
441 861 47 46 11‘
488 861 15 46 ,
503 861 17 46 C
520 861 17 46 1
572 861 89 50 they
704 857 188 51 wrought
917 856 93 39 with
1049 853 286 56 perseverance
1375 852 163 41 unextin-

217 914 229 52 guishable,
485 914 77 37 and
601 909 283 41 tnaeavoured
921 915 44 33 to
1003 911 142 37 render
1179 906 106 40 their
1307 901 97 44 lives
1423 904 117 39 distin-

219 967 168 52 guished
426 966 77 39 and
542 965 244 43 illustrious;
819 967 74 34 not
930 963 169 51 opulent
1127 959 78 40 and
1245 959 224 39 luxuriou3.
1528 960 27 35 A

217 1022 189 39 different
428 1018 194 54 principle
738 1016 272 39 unavoidably
1033 1016 104 37 arise
1157 1024 150 39 among
1337 1010 21 48 a
1358 1010 21 48 .
1380 1010 85 48 free
1483 1010 76 39 and

219 1071 262 44 commercial
502 1069 158 56 people.
718 1069 151 39 Where
889 1058 112 48 rank
1010 1081 89 39 may
1120 1067 51 38 be
1188 1062 191 43 obtained
1401 1063 50 51 by
1474 1076 65 35 per-

223 1129 113 39 sonal
356 1127 204 43 exertion,
596 1123 79 39 and
704 1123 133 38 where
870 1122 144 39 wealth
1048 1122 31 37 is
1111 1120 69 38 the
1205 1123 118 47 great
1358 1114 204 41 mechanic

220 1192 138 43 power
391 1182 50 50 by
476 1176 128 40 which
644 1178 116 38 those
795 1183 210 31 exertions
1033 1175 176 50 produce
1239 1169 103 40 their
1370 1168 132 44 effect,
1532 1168 31 38 it

217 1234 84 57 :will
325 1240 71 33 not
417 1234 48 37 be
480 1230 235 54 forprizing
735 1228 91 39 that
844 1228 70 38 the
935 1227 84 39 first
1038 1227 137 48 object
1194 1222 48 40 of
1264 1222 151 39 almost
1442 1235 35 24 c'
1491 1233 71 39 cry

226 1293 146 44 votary
394 1286 48 47 of
459 1285 66 38 11.!e
548 1290 81 38 arts
648 1280 144 41 should
817 1281 48 37 be
889 1280 123 38 found
1033 1286 44 31 to
1100 1279 50 37 be
1170 1277 216 53 pecuniary
1410 1274 152 38 emolu-

228 1342 125 38 Meta.
411 1341 61 37 To
490 1338 48 37 be
557 1349 91 27 sure
669 1349 53 26 no
742 1333 119 40 artist
876 1346 74 25 can
971 1337 144 46 expect
1135 1332 48 50 by
1206 1332 69 34 the
1294 1339 111 26 mere
1423 1325 78 46 sale

1514 1325 54 45 .of

228 1395 63 38 his
319 1390 209 41 laborious
550 1390 262 52 productions
831 1393 44 33 to
895 1385 132 39 arrive
1046 1389 43 33 at
1110 1396 74 38 any
1206 1377 273 44 considerable
1496 1374 45 43 de-

230 1460 93 39 gree
356 1446 51 37 of
433 1442 131 41 riches
596 1442 39 38 in
665 1441 260 51 comparison
957 1437 96 38 with
1083 1436 69 39 the
1182 1436 208 37 inercluint
1419 1444 46 25 or
1496 1430 77 38 the

227 1500 162 50 trading
423 1483 274 65 agricuiturist
715 1508 11 31 ;
755 1494 113 38 but
868 1493 113 37 when
1018 1489 50 38 he
1101 1488 102 39 finds
1231 1501 21 24 a
1283 1485 162 52 regidar
1465 1489 100 32 mart

230 1564 102 32 open
353 1553 65 37 for
438 1553 70 33 the
528 1547 120 39 fruits
669 1547 48 39 of
732 1547 60 38 his
811 1545 91 45 toil,
933 1544 51 38 he
1004 1547 106 33 must
1126 1540 233 48 necess,irily
1380 1538 50 37 he
1457 1535 86 38 iden-

229 1604 113 40 tified
365 1603 96 38 with
495 1600 119 39 other
646 1599 253 59 speculators
931 1598 39 37 in
1000 1596 100 38 hard
1135 1593 109 45 cash,
1273 1589 78 43 and
1372 1586 79 41 will
1469 1602 98 26 soon

234 1658 111 39 learn
361 1658 71 38 the
454 1663 65 30 art
528 1652 61 40 \of
604 1652 236 48 estimating

689 1723 80 34 The
791 1722 119 34 worth
933 1721 43 34 of
989 1729 70 37 any
1080 1717 104 46 thing

523 1775 56 43 By
595 1774 65 34 the
679 1779 96 28 mere
794 1782 130 31 money
945 1770 30 33 it
994 1769 76 33 will
1509 1765 2 53 •

239 1834 209 43 tXcellent
469 1834 41 39 as
531 1834 66 38 the
619 1833 93 52 plan
733 1830 47 41 of
794 1828 71 41 the
883 1831 79 38 But
978 1840 81 27 rise
1082 1830 276 37 INSTITUTION
1388 1821 183 56 apphars,

236 1886 99 52 (and
352 1892 14 34 1
389 1889 86 38 fear
497 1886 87 39 that
606 1886 32 38 it
659 1886 30 38 is
716 1884 67 38 the
803 1884 87 37 best
911 1881 91 52 plan
1024 1893 58 25 we
1102 1892 70 26 can
1204 1884 146 46 expect
1370 1877 104 39 from
1505 1876 69 37 the

234 1945 261 50 fregociuting
511 1945 223 45 patronage
756 1936 132 38 whit:h
907 1936 67 37 the
989 1946 100 35 poor
1109 1938 81 33 arts
1209 1931 77 38 will
1319 1943 97 25 ever
1431 1929 138 39 obtain

292 1991 78 41 this
390 1990 416 52 country)—)et—((
826 1985 131 45 would
981 1998 150 38 repress
1149 1985 67 38 the
1235 1984 87 39 idea
1344 1982 35 38 if
1396 1985 14 35 1
1433 1981 137 48 could)

234 2049 139 50 --yet;
397 2049 14 34 1
432 2057 66 25 ant
530 2042 221 53 persuaded
777 2042 89 35 that
888 2040 30 38 it
939 2039 77 38 will
1038 2037 92 39 tend
1150 2041 44 34 to
1212 2047 233 40 encourage
1470 2034 103 38 false
1600 2034 2 65 ,

231 2102 106 37 taste
352 2102 115 40 ;—to
482 2108 233 38 encourage
730 2093 255 39 endeavours
1000 2095 41 33 to
1059 2089 146 51 please,
1235 2093 73 34 not
1328 2093 44 34 to
1390 2086 129 46 excel,
1522 2108 53 7 —

234 2158 46 33 to
309 2153 136 38 excite
477 2151 117 37 those
613 2146 289 52 competitions
922 2146 63 37 tor
1006 2144 105 51 price
1141 2145 76 34 and
1247 2145 72 34 not
1351 2140 67 38 for
1448 2138 125 45 fame,

236 2205 128 39 'which
399 2207 123 37 must;
552 2198 255 52 necessarily,
841 2198 142 38 render
1016 2197 69 37 the
1119 2200 79 32 arts
1225 2191 241 53 despicable,
1495 2191 77 39 and

234 2259 89 39 sink
348 2258 67 37 the
431 2251 91 41 thia
544 2251 213 39 ;;Fuithitts
780 2255 86 33 Hob
887 2251 67 35 the
974 2259 229 38 mercenary
1222 2245 243 52 speculator.

291 2315 43 35 la
354 2310 70 39 the
446 2308 63 38 list
529 2307 48 37 of
607 2304 255 39 Subscribers
899 2309 43 31 to
976 2301 77 39 this
1088 2300 246 43 Institution,
1368 2300 12 35 I
1406 2297 170 38 observe

236 2365 67 39 the
325 2375 138 26 names
483 2359 48 39 of
557 2370 118 38 many
700 2355 46 39 of
762 2369 77 24 our
860 2353 168 53 nobility
1050 2350 286 53 distinguished
1356 2350 48 51 by
1427 2347 148 54 capital

239 2418 156 43 lefters,
426 2414 77 38 and
539 2409 182 53 prtAixect
741 2407 43 39 to
806 2408 67 38 the
892 2420 90 26 sum
1012 2405 47 38 of
1091 2417 78 26 one
1199 2402 180 40 hundred
1408 2401 168 51 guineas

236 2483 64 26 eat
313 2470 39 37 h.
412 2466 97 38 This
529 2467 143 34 sounds
692 2458 320 53 Magnificently,
1028 2446 76 48 anti
1122 2456 137 39 makes
1279 2452 141 41 indeed
1442 2466 22 26 a
1478 2466 96 39 very

237 2524 150 47 tapitol
407 2528 268 43 appearance:
735 2516 92 39 But;
849 2512 99 45 alas,
980 2511 175 51 painters
1173 2518 70 30 are
1270 2512 72 34 not
1368 2505 116 40 made
1522 2505 51 44 by

234 2568 425 57 subscription;—the
706 2564 142 52 family
880 2564 48 39 of
959 2561 302 41 Jlederi—and
1297 2558 109 39 what
1434 2561 30 35 is
1507 2558 69 39 the

236 2626 142 40 family
405 2624 48 38 of
482 2623 70 38 the
588 2622 168 37 MiarriA
789 2619 38 37 iu
860 2616 259 45 comparison
1139 2614 92 39 with
1254 2624 118 38 many
1402 2610 48 39 of
1465 2610 113 39 those

241 2668 150 50 iiriti;h
415 2675 172 39 families
609 2673 129 35 Ivhich
759 2682 67 26 are
848 2678 89 31 seen
967 2668 34 38 in
1020 2668 81 37 this
1122 2665 233 40 list?—The
1374 2663 136 51 family
1534 2662 50 38 of

239 2735 71 34 the
324 2727 265 40 .iledecisilni
613 2731 71 31 not
705 2722 77 38 cent
811 2732 107 35 Mlle
951 2719 240 40 themselves
1218 2717 93 39 with
1333 2730 24 24 a
1377 2727 198 41 company

239 2786 47 35 of
302 2783 240 50 coadjutors
565 2778 111 38 %shot
700 2779 90 47 they
826 2770 184 43 intended
1041 2778 41 32 iv
1104 2771 99 38 raise
1226 2770 67 39 the
1312 2772 86 35 arts
1416 2769 47 38 of
1476 2767 104 41 their

237 2842 177 45 ctnintry
441 2838 41 33 to
506 2833 67 38 the
607 2829 161 53 highest
802 2828 107 52 pitch
941 2825 47 39 Of
1003 2824 239 40 excellence.
1300 2822 254 52 No—person-

239 2882 549 59 ally—individually—they
822 2877 234 53 patronized
1093 2876 98 39 each
1217 2872 174 41 selected
1421 2874 159 38 artist—

240 2942 77 38 and
341 2939 194 39 rendered
557 2937 104 38 their
693 2939 190 37 country,
915 2931 35 37 in
976 2936 9 32 I
994 2927 69 41 hat
1082 2924 253 56 departMent
1354 2926 51 39 of
1419 2927 163 41 Genius,

241 2996 69 38 the
330 2989 282 41 wonder—the
632 2986 156 41 eternd
809 2983 243 39 admiration
1074 2981 50 37 of
1139 2981 65 38 the
1222 2978 124 40 world
1364 2981 8 34 I

295 3048 77 38 But
392 3047 35 37 if
443 3045 31 37 is
493 3043 99 39 time
615 3046 41 33 to
679 3044 94 34 turn
790 3038 110 38 from
912 3038 77 35 this
1007 3034 172 51 critique
1196 3046 52 25 on
1267 3034 67 37 the
1354 3030 229 40 Institution

242 3099 120 45 itself,
394 3096 78 40 and
514 3102 43 32 to
594 3094 125 37 select
750 3092 107 35 from
893 3090 113 37 those
1035 3086 220 52 specimens
1281 3084 47 38 of
1356 3084 50 38 its
1434 3080 151 45 utility,

283 3152 92 39 biell
399 3151 31 38 it
451 3146 119 41 offers
605 3151 44 33 to
680 3144 135 52 public
836 3144 300 40 examination,
1165 3137 93 40 such
1276 3135 177 50 Aubjects
1467 3148 41 25 as
1530 3148 58 25 we

244 3214 91 34 May
361 3203 93 39 with
474 3197 267 54 impartiality
762 3196 131 39 either
908 3206 181 40 approve
1109 3203 47 26 or
1172 3187 214 43 condemn:

315 3249 11 8 •

298 3257 87 39 The
410 3256 151 39 Myra
596 3250 48 38 of
670 3254 182 35 Nra.soN,
883 3248 50 51 by
956 3249 56 35 .1.
1037 3248 67 34 11.
1296 3242 30 38 ig
1351 3249 151 43 among
1517 3237 71 41 the

244 3308 87 43 first
353 3309 90 38 that
464 3307 139 38 claims
622 3317 79 26 our
718 3301 219 39 attention.
996 3298 90 38 The
1106 3296 156 51 subject
1277 3305 73 28 can
1367 3300 120 32 never
1506 3291 85 40 lose

246 3366 48 37 its
317 3364 169 37 interest
506 3359 39 37 in
581 3357 70 38 the
687 3353 144 41 British
868 3353 157 38 bosom.
1085 3353 45 35 In
1148 3360 117 39 every
1284 3345 113 53 point
1419 3343 48 40 of
1489 3345 100 39 view

246 3418 39 38 in
309 3413 128 39 which
459 3411 96 39 such
578 3423 50 25 an
650 3418 247 27 occurrence
918 3405 30 38 is
966 3399 169 56 capable
1162 3399 48 40 of
1235 3400 118 51 being
1368 3397 222 46 e?Aibited,

244 3474 31 37 it
300 3471 107 37 must
428 3469 104 35 rivet
552 3474 77 27 our
660 3462 158 51 regard,
852 3458 77 39 and
963 3457 37 39 in
1033 3468 113 25 some
1183 3457 172 47 respects
1393 3451 102 38 stifle
1522 3451 70 38 the

246 3523 154 38 ardour
435 3516 51 40 of
509 3514 194 41 criticism
737 3514 48 50 by
830 3523 112 26 more
977 3506 231 52 acutc,,,,ontl
1245 3516 113 27 more
1394 3503 200 39 endeared

246 3574 240 40 sensations.
543 3568 92 38 .11r.
658 3568 123 35 bevis
820 3565 71 37 has
924 3562 146 39 chosen
1108 3560 70 38 the
1211 3562 182 34 moment
1410 3556 35 38 in
1466 3555 126 39 which

247 3640 79 26 our
343 3621 185 44 national
549 3621 98 38 hero
678 3618 167 52 expired
869 3618 37 37 ill
927 3614 71 39 Ike
1018 3612 185 52 cock-pit
1235 3609 48 39 of
1306 3609 70 39 the
1413 3608 180 50 Victory.

248 3683 90 37 The
356 3679 115 52 place
493 3676 28 37 is
541 3678 69 34 not
630 3669 246 41 favourable
904 3667 65 38 for
1004 3665 120 40 effect
1143 3678 8 24 :
1183 3676 74 26 nor
1287 3663 72 38 hai
1390 3660 67 40 the
1479 3660 117 39 artist

247 3735 102 39 beeii
381 3730 93 39 able
500 3732 44 33 to
581 3737 221 26 overcome
837 3723 67 39 the
937 3718 306 50 disadvantages
1274 3712 48 40 of
1345 3712 175 53 position
1551 3718 45 33 to

248 3784 130 40 Which
400 3783 48 39 he
484 3793 79 25 was
595 3782 93 34 thus
720 3774 268 41 condemned.
1045 3770 176 52 Perhaps
1253 3768 50 39 he
1322 3763 156 43 fancied
1507 3764 92 40 that

249 3841 26 40 b
275 3841 26 40 e
322 3836 48 53 ga
371 3836 98 53 ined
510 3843 111 28 some
651 3831 113 47 depth
803 3829 35 38 in
878 3828 67 38 the
981 3836 115 27 scene
1117 3823 50 52 by
1191 3820 157 54 placing
1380 3831 220 27 enormous

250 3895 151 48 figures
431 3891 39 35 in
496 3886 69 39 the
593 3885 128 43 front,
741 3881 77 39 and
839 3879 213 50 decreasing
1051 3879 21 50 .
1093 3875 70 39 the
1182 3875 157 38 natural
1356 3873 83 39 size
1457 3872 47 40 of
1528 3872 71 38 the

252 3947 156 52 figure=
430 3941 37 39 io
489 3940 70 37 the
580 3935 104 38 hark
719 3934 175 52 ground.
958 3933 59 37 lie
1049 3928 71 40 has
1150 3926 162 52 thereby
1349 3924 154 52 injured
1541 3924 60 39 his

256 4004 158 48 picture
437 3997 37 35 in
498 3992 66 39 the
588 3993 102 33 most
716 3986 185 39 material
925 3985 125 50 point.
1098 3983 60 38 He
1179 3981 70 37 has
1269 3979 117 39 made
1404 3979 66 39 the
1491 3976 89 54 prin-

255 4051 105 52 cipal
386 4049 37 48 fi
423 4049 18 48 g
441 4049 94 48 guru,
557 4056 99 26 even
696 4041 190 50 allowing
922 4038 65 39 for
1007 4037 66 38 the
1096 4037 100 48 fore
1199 4035 249 45 -shortening
1466 4030 38 39 in
1533 4030 70 38 the

259 4103 241 40 tecumhent
521 4096 194 53 position,
754 4094 119 39 much
913 4097 74 32 too
1023 4085 131 43 small.
1211 4084 84 40 The
1332 4082 272 51 surrounding

256 4170 136 40 group
415 4162 195 44 possesses
640 4148 195 40 liknesses
870 4140 274 52 undoubtedly
1163 4155 11 28 ;
1206 4140 72 37 but
1294 4137 94 52 they
1413 4137 99 38 have
1534 4140 72 34 not

256 4224 76 28 any
372 4206 250 53 expression.
683 4204 132 48 Every
854 4201 280 35 countenance
1167 4192 117 39 lotAs
1313 4204 43 26 as
1398 4188 44 39 if-
1468 4188 31 39 it
1527 4199 81 27 was

256 4266 148 43 selling
441 4258 159 50 (rather
619 4252 204 57 paimtvlly
857 4251 193 54 perhaps)
1087 4246 142 48 4efore
1248 4245 67 41 the
1333 4241 96 45 eisel
1457 4240 47 44 of
1527 4241 81 40 Mr.

0 2329 43 19 '-~;

46 2331 20 14 4-
107 2310 7 11 _

87 2360 27 21 •t~
129 2346 45 30 ~~t

728 236 98 39 I.IA
833 237 38 37 1;

842 380 296 27 INSTITVIJON.

2622 92 252 54 MARCH
2902 92 50 56 5..

1100 83 155 70 ..I►ir
1290 77 384 78 *ittiokAti
1709 79 381 73 tit,GistEli.

1626 231 118 39 Deis
1830 233 119 39 There
1949 233 25 39 -
1997 231 31 37 is
2059 229 162 39 neither
2257 228 107 52 piety
2387 241 47 24 or
2461 240 73 38 anj
2574 224 197 51 gladness,
2812 226 48 38 of
2885 227 76 48 any

1622 298 162 39 species,
1814 285 39 39 in
1889 288 66 37 the
1976 288 278 35 conotenance
2285 281 50 38 of
2359 280 105 39 Lord
2502 278 148 41 Nelson
2667 296 7 21 ;
2708 279 27 38 it
2776 278 97 39 does
2891 275 72 40 not

1623 352 106 25 seem
1752 345 43 32 to
1817 339 50 39 he
1900 351 102 26 even
2031 334 308 51 endeavouring,
2370 339 46 32 to
2451 346 164 38 express
2643 345 73 38 any
2752 330 208 53 emphatic

1625 391 145 51 feeliie;
1788 409 12 28 ;
1830 404 78 28 for
1926 392 30 38 is
1978 392 30 38 it
2027 403 100 26 even
2150 389 70 39 the
2241 389 133 50 visage
2394 385 50 39 of
2466 399 52 26 an
2533 386 189 51 expiring
2753 397 110 26 mith.
2923 385 35 35 It

1626 458 28 25 is
1670 458 24 26 a
1711 451 87 33 blue
1812 445 118 51 Rudy
1949 445 109 40 from
2078 455 26 27 a
2121 444 214 48 disfigured
2353 445 83 32 cast
2456 451 50 26 or
2526 438 146 39 model.
2717 438 87 38 The
2828 448 135 38 young

1624 498 193 38 wounded
1830 498 137 38 officer
1980 497 72 39 has
2065 509 22 26 a
2106 493 177 53 ghastly,
2298 494 244 48 toeneaning
2556 495 282 34 countenance
2852 506 8 28 ;
2885 488 76 39 and

1641 562 43 26 as
1702 550 60 38 his
1775 565 94 27 eves
1902 563 67 25 are
1993 549 181 39 directed
2193 544 176 40 towards
2387 544 69 38 the
2483 549 221 47 spectator,
2722 542 51 39 he
2785 542 176 39 disturbs

1622 602 71 40 the
1731 605 197 53 harmony
1969 602 51 38 of
2053 602 70 38 the,
2157 599 131 41 whole
2326 599 123 51 piece.
2524 596 87 39 The
2646 595 123 52 dyiug
2809 595 155 38 marine

1623 667 125 27 seems
1778 661 44 35 to
1852 658 48 38 be
1930 656 158 39 thrown
2117 656 40 37 in
2176 654 45 38 t')
2241 641 58 51 MI
2320 665 53 38 up
2391 664 24 24 a
2434 663 145 26 Corner
2596 665 8 21 :
2636 647 48 40 he
2707 647 133 52 might
2859 647 103 38 have

1626 709 96 40 been
1742 709 190 40 rendered
1955 705 220 54 144culiarly
2194 704 248 52 interesting.
2474 703 86 38 The
2581 700 183 39 assistant
2784 693 184 58 surgcoi(

1625 762 70 39 has
1715 772 24 30 a
1757 763 126 40 broad
1904 755 123 59 laugh
2059 770 52 30 nit
2133 759 60 39 his
2231 758 146 50 visage.
2435 758 91 38 The
2555 759 113 44 great
2701 752 135 52 figure
2867 751 50 38 of
2936 764 24 26 a

1624 817 161 38 seaman
1828 816 90 38 who
1954 807 137 47 smnds
2124 811 164 53 upright
2323 810 91 38 with
2454 810 60 37 his
2545 807 103 39 back
2687 804 180 39 towards
2896 803 67 39 the

1624 874 219 46 spectator,
1864 867 146 41 breaks
2044 866 72 40 the
2152 865 79 39 slide:
2267 875 131 40 group
2415 879 11 28 ;
2458 862 77 38 and
2565 861 67 38 the
2659 861 117 48 great
2805 855 135 53 dispro-

1628 922 161 48 portion
1824 921 52 39 of
1899 921 60 39 his
1987 921 148 51 figure,
2165 917 77 40 and
2263 917 69 38 the
2360 914 181 39 uncouth
2565 912 176 40 attitude
2763 911 39 38 in
2825 908 128 39 which

1628 973 47 39 he
1689 976 150 45 stands,
1860 973 243 52 destroysail
2119 973 249 50 pretentious
2383 973 41 33 to
2440 969 93 37 that
2550 958 215 58 fiarmony,
2786 960 126 39 which
2928 960 39 39 in

1626 1029 93 37 such
1737 1026 249 51 assemblage
2007 1026 130 51 (night
2153 1022 256 56 particularly
2431 1025 43 33 to
2491 1020 104 38 have
2611 1020 94 37 beea
2726 1015 229 53 preserved:

1628 1082 85 37 The
1735 1083 155 50 painter
1925 1082 98 37 does
2057 1084 72 32 not
2169 1089 152 40 appear
2353 1080 44 33 to
2420 1075 107 38 have
2546 1071 146 39 known
2715 1069 109 39 what
2846 1074 41 31 to
2906 1067 50 39 do

1629 1134 92 38 with
1757 1136 69 35 the
1866 1133 119 52 lights
2023 1128 48 43 of
2113 1131 60 37 his
2228 1128 163 39 various
2437 1126 143 51 lamps.
2652 1128 84 34 One
2772 1120 51 41 of
2851 1121 112 38 them

1629 1186 118 40 looks
1783 1186 84 38 like
1902 1199 27 26 a
1959 1185 120 39 flame
2117 1180 180 41 without
2333 1179 117 52 light.
2524 1181 113 48 Upon
2665 1176 69 40 the
2769 1173 136 40 whole
2952 1175 13 35 I

1628 1245 148 33 cannot
1808 1238 92 52 help
1936 1235 285 54 pronouncing
2254 1234 81 38 this
2367 1233 156 51 picture
2554 1237 44 32 to
2634 1228 48 38 be
2712 1240 79 26 one
2825 1226 50 38 of
2898 1225 66 39 the

1629 1298 163 46 poorest
1830 1291 94 39 with
1964 1294 152 47 respect
2156 1293 41 34 to
2228 1289 143 46 genius
2408 1286 89 37 that
2530 1294 96 27 ever
2649 1284 12 35 1
2694 1278 161 41 beheld.
2913 1280 57 35 Its

1630 1345 128 39 whole
1778 1344 120 39 merit
1926 1343 165 39 consists
2127 1341 39 39 in
2198 1346 113 31 some
2330 1337 105 53 good
2469 1336 176 53 portrait
2673 1332 200 50 drawing.
2931 1331 35 37 ?t

1630 1398 71 38 has
1720 1397 157 39 neither
1907 1395 267 54 perspective,
2192 1390 270 51 composition
2496 1393 50 35 or
2583 1391 113 34 taste.
2756 1387 37 37 It
2811 1387 155 39 excites

1629 1463 77 25 our
1724 1449 327 39 commiseration
2070 1447 73 39 less
2161 1444 97 40 than
2275 1456 77 39 any
2375 1442 182 52 painting
2572 1440 117 40 could
2704 1440 52 39 be
2769 1436 198 51 supposed

1632 1508 40 33 to
1694 1504 51 38 do
1762 1517 51 24 on
1835 1501 70 40 the
1917 1499 110 41 same
2044 1500 157 50 subject
2217 1498 14 45 ;
2261 1496 78 38 and
2360 1499 13 35 I
2393 1495 76 38 will
2487 1501 167 32 venture
2675 1498 41 33 to
2737 1494 126 35 aiscrt
2880 1488 90 39 that

1633 1570 115 38 ninny
1789 1554 133 38 would
1956 1558 74 33 not
2066 1565 100 26 even
2202 1563 119 38 guess
2348 1548 87 38 that
2456 1547 70 39 the
2545 1559 112 26 scene
2678 1544 143 39 before
2839 1541 125 45 them,

1632 1609 223 52 attempted
1876 1613 40 33 to
1936 1604 154 54 display
2114 1605 67 38 the
2197 1603 124 52 dying
2341 1605 201 34 moments
2557 1599 47 39 of
2619 1597 144 41 Nelson
2783 1599 9 33 !

2791 1651 128 38 Drox.

2095 1710 74 45 (To
2189 1714 46 33 be
2254 1708 249 43 continued.)

1906 1809 203 47 F./iilliro
2157 1820 24 32 S
2212 1820 59 32 14.1
2347 1809 57 47 31.
2422 1809 19 47 i
2460 1809 96 47 UCH',
2577 1814 103 33 1809.

1684 1881 158 34 Mantles
1859 1879 69 34 and
1942 1886 103 26 coats
2057 1878 45 34 of
2117 1879 119 31 Green
2267 1873 176 44 Vignnia,
2470 1883 45 24 or
2533 1872 144 33 Merino
2704 1867 120 41 cloth,
2850 1866 46 35 of
2910 1878 58 22 vad

1637 1931 98 33 rious
1752 1925 145 41 shades;
1924 1926 93 33 from
2046 1925 38 33 tls
2089 1919 21 39 e
2126 1925 107 33 sober
2261 1923 71 33 hue
2349 1919 44 34 of
2405 1920 64 33 the
2483 1918 157 45 Spanish
2663 1918 24 33 fl
2691 1929 21 32 y
2733 1924 37 26 to
2792 1918 61 33 the
2872 1925 98 24 more

1636 1978 115 45 lively
1772 1982 217 40 pea-green;
2016 1974 93 33 have
2130 1969 196 37 succeeded
2344 1975 37 26 to
2411 1968 65 33 the
2507 1964 149 46 purple,
2683 1964 125 33 which
2831 1952 141 53 thouglt

1636 2036 19 22 a
1672 2026 126 40 colour
1815 2029 89 27 most
1925 2022 165 43 pleasing
2109 2021 34 33 in
2161 2017 102 38 itself
2276 2016 30 33 is
2319 2026 79 24 now
2415 2016 151 32 become
2585 2020 61 26 too
2661 2011 149 45 general
2832 2019 38 25 to
2901 2010 70 32 find

1636 2085 21 22 a
1677 2074 105 44 place
1794 2072 35 33 in
1847 2082 24 21 a
1883 2070 110 32 select
2007 2067 209 34 wardrobe.
2269 2062 144 35 Scarlet
2443 2062 130 33 cloaks
2590 2070 61 24 are
2676 2070 45 22 no
2739 2061 130 40 longer
2884 2067 81 22 seen

1637 2132 43 21 on
1698 2115 139 48 genteel
1857 2127 157 30 women,
2040 2111 139 50 except
2196 2118 38 30 is
2256 2121 122 32 wraps
2392 2109 57 33 for
2463 2109 64 32 the
2545 2107 202 39 Theatres;
2776 2107 65 32 the
2857 2105 96 33 satia-

1641 2169 57 32 ted
1726 2166 69 46 eyti
1815 2173 97 26 turns
1941 2160 270 46 overpowered
2231 2161 50 43 by
2313 2158 99 34 their
2432 2156 181 34 universal
2631 2156 124 43 glare;
2777 2158 41 28 to
2837 2159 73 27 rest
2927 2160 44 25 on

1639 2225 99 22 more
1772 2215 125 33 chaste
1922 2211 71 34 and
2024 2209 206 41 refreshing
2259 2202 144 39 shades.
2456 2204 159 34 Mantles
2631 2202 67 33 and
2731 2200 152 45 pelisses
2911 2209 64 24 are

1638 2274 80 22 now
1747 2259 213 37 considered
1981 2268 102 22 more
2111 2257 146 40 elegant
2280 2254 102 32 when
2398 2250 169 34 trimmed
2589 2250 89 33 with
2696 2249 87 43 gold
2806 2258 41 21 or
2865 2246 112 32 silver

1638 2311 93 38 l:tee,
1770 2319 43 24 or
1861 2307 175 43 binding;
2078 2315 44 21 or
2154 2302 90 34 wills
2278 2303 135 35 velvet,
2445 2297 141 39 bound,
2610 2307 43 22 or
2683 2293 87 37 laid'
2797 2294 83 39 flat,
2907 2293 70 33 and

1641 2369 24 20 w
1678 2357 80 37 hieh
1794 2355 27 33 is
1854 2354 207 34 sometimes
2080 2350 150 33 finished
2259 2355 38 27 at
2320 2349 43 32 its
2394 2344 254 34 terminations
2668 2337 90 38 With
2787 2353 20 21 a
2830 2350 142 22 narrow

1635 2399 86 50 gold
1736 2404 152 44 edging,
1915 2412 45 27 or
1978 2401 61 33 flat
2057 2398 123 34 braid.
2233 2398 106 31 Some
2355 2404 64 24 are
2435 2391 200 35 decorated
2654 2391 90 32 with
2761 2388 164 33 •borders
2940 2386 44 34 of

1636 2450 177 37 co:mired
1834 2451 89 32 chen
1929 2460 6 20 i
1944 2446 64 43 lle,
2036 2447 67 33 but
2122 2445 98 34 these
2239 2453 66 25 can
2326 2443 85 43 only
2438 2438 240 44 consistently
2704 2435 137 44 belong
2859 2441 37 26 to
2919 2434 60 34 the

1779 2493 5 6 •

1637 2493 170 48 carriage
1826 2503 176 28 costume.

1689 2548 151 33 Bonnets
1872 2544 168 33 continue
2061 2548 38 27 to
2127 2541 45 32 he
2190 2538 143 34 formed
2369 2536 43 34 of
2435 2533 63 37 tlAc
2517 2542 99 25 same
2635 2529 191 38 materials
2852 2539 40 25 as
2919 2529 63 35 the

1639 2601 86 28 coat
1757 2589 43 38 or
1835 2590 151 41 Mantle,
2022 2590 69 33 and
2130 2587 169 35 trimmed
2337 2590 37 28 to
2394 2581 237 45 correspend.
2681 2580 81 33 The
2800 2577 185 35 Patriotic

1643 2642 149 39 helmet,
1818 2640 70 34 and
1911 2639 63 34 the
2011 2636 157 43 College
2204 2636 132 31 bonnet
2365 2631 90 32 each
2485 2639 102 24 worn
2620 2627 87 34 with
2743 2627 104 32 short
2869 2626 113 33 white

1642 2691 78 32 lace
1739 2687 104 40 veils,
1869 2698 64 22 are
1952 2685 132 33 amidst
2119 2682 63 33 the
2213 2686 91 28 most
2326 2679 103 34 novel
2454 2676 71 32 and
2554 2675 198 33 attractive
2772 2674 150 33 articles
2943 2672 46 33 of

1644 2738 72 33 this
1736 2732 104 37 kind.
1892 2734 81 32 The
1995 2731 135 46 purple
2156 2728 67 33 and
2251 2727 61 33 the
2330 2737 106 32 greets
2464 2726 139 31 beaver
2619 2722 76 47 hat,
2718 2721 208 33 somewhat
2940 2719 44 33 of

1644 2785 61 33 the
1729 2781 154 46 Spanish
1904 2781 110 39 fonts,
2042 2778 131 34 turned
2206 2786 47 32 op
2288 2776 90 31 with
2411 2784 24 21 a
2453 2772 91 43 loop
2571 2770 67 33 and
2670 2771 112 31 n•ro'rts
2820 2767 103 33 tassel
2942 2761 46 38 of

1644 2831 98 43 gold,
1769 2825 132 46 falling
1915 2826 162 35 towards
2095 2825 63 33 the
2186 2823 65 34 left
2269 2822 213 43 eye-brow,
2500 2818 70 33 and
2590 2816 236 35 ornamented
2849 2815 89 32 with
2953 2807 26 40 a

1633 2864 1 54 •
1644 2878 102 33 small
1767 2877 154 33 Persian
1941 2875 124 44 plume
2091 2871 43 33 of
2146 2871 61 33 the
2224 2881 99 22 same
2341 2869 145 37 colour,
2515 2867 28 31 is
2570 2864 150 43 making
2748 2864 45 32 its
2811 2872 162 34 appear.

1645 2936 104 30 ante,
1775 2924 73 33 and
1878 2934 39 24 as
1950 2934 25 21 a
2006 2921 174 43 carriage
2207 2916 216 35 decoration
2459 2923 178 37 possesses
2666 2910 103 34 much
2792 2910 191 45 becoming

1645 2974 216 33 attraction.

1695 3021 81 32 The
1794 3020 89 33 robe
1907 3028 37 21 a-
2015 3014 107 43 nido,
2151 3013 142 34 formed
2313 3011 44 34 of
2366 3009 143 44 Tyrian
2528 3006 125 46 bright
2673 3005 137 40 velvet,
2838 3014 43 24 or
2896 3000 71 37 safg-

1649 3073 73 33 net,
1750 3067 113 33 ranks
1892 3065 86 41 high
2008 3064 37 33 in
2073 3060 234 35 fashionable
2336 3058 210 43 splendour.
2601 3057 37 31 It
2654 3054 27 32 is
2700 3052 171 34 trimmed
2896 3052 87 33 with

1649 3116 84 44 gold
1752 3116 98 39 lace,
1876 3112 70 34 and
1975 3117 22 27 n
2019 3111 143 34 Roman
2178 3107 119 45 girdle
2326 3105 44 34 of
2391 3105 85 43 gold
2494 3104 125 41 tissue,
2648 3100 165 35 confined
2835 3102 34 31 its
2889 3099 98 34 front

1655 3164 89 33 with
1773 3172 25 24 a
1831 3161 79 35 rich
1938 3157 189 37 emlfossed
2161 3157 118 44 clasp,
2306 3157 207 30 onraments
2544 3151 63 33 the
2637 3150 142 33 bottom
2798 3146 46 35 of
2856 3154 130 27 waste.

1652 3210 79 34 The
1752 3210 84 33 hair
1869 3208 27 34 is
1920 3206 151 37 secured
2102 3203 91 34 with
2218 3214 22 22 a
2258 3203 99 38 caul,
2378 3210 43 24 or
2443 3198 86 44 gold
2550 3203 57 30 net
2626 3196 150 40 behind,
2802 3196 70 33 end
2885 3203 85 26 orna-

1654 3257 141 34 mented
1822 3255 92 35 with
1944 3265 27 24 a
1985 3252 169 37 bandeau
2173 3262 41 24 or
2241 3249 144 34 diadem
2404 3249 37 32 in
2459 3246 115 35 front.
2626 3246 78 32 The
2720 3243 189 45 Carthage
2926 3253 44 33 cy-

1654 3315 78 25 mar
1754 3314 44 24 or
1820 3305 107 43 fancy
1959 3300 113 41 scarf,
2099 3299 145 34 formed
2272 3296 43 33 of
2331 3295 104 34 Paris
2456 3300 77 35 net,
2563 3293 90 34 with
2683 3291 86 45 gold
2789 3289 188 37 emb:essed

1655 3353 133 34 border
1818 3351 71 34 and
1920 3357 109 34 stars,
2055 3347 129 33 shades
2215 3346 61 33 the
2302 3343 210 39 Shoulders,
2551 3340 120 33 which
2713 3340 76 33 this
2818 3335 170 47 splendid

1655 3406 162 28 costume
1850 3410 26 22 w
1889 3399 84 32 ould
2007 3394 201 35 otherwise
2241 3399 63 26 too
2339 3390 104 34 much
2463 3399 141 34 expose
2617 3399 12 28 ;
2657 3389 64 32 but
2744 3397 58 22 we
2838 3385 149 34 remark

1658 3450 79 33 that
1755 3449 208 33 sometimes
1976 3445 35 33 in
2031 3443 66 34 full
2118 3443 98 32 dress
2235 3439 63 34 tke
2313 3438 105 34 robes
2434 3448 65 24 are
2520 3436 103 33 made
2642 3441 35 27 to
2696 3436 46 33 sit
2763 3433 89 44 high
2872 3433 35 32 in
2926 3432 61 32 the

1657 3495 107 41 neck,
1791 3495 83 34 like
1906 3490 168 45 morning
2117 3490 136 39 habits,
2278 3488 65 33 but
2373 3494 100 25 more
2520 3483 231 34 ornamented
2779 3484 118 31 about
2929 3480 63 34 the

1659 3543 118 34 throat
1799 3542 71 33 and
1885 3542 125 35 bosom
2024 3552 7 20 :
2065 3548 54 22 we
2133 3542 148 34 cannot,
2301 3535 190 38 however,
2511 3530 35 34 in
2559 3542 72 32 any
2649 3540 81 34 way
2747 3528 188 34 subscribe
2952 3533 35 27 to

1658 3602 22 22 a
1698 3591 142 34 fashion
1863 3588 119 33 which
2003 3578 113 44 Ovels
2146 3595 24 22 a
2178 3582 79 45 keit
2281 3579 227 37 distinction.
2558 3579 132 35 Combs
2717 3575 45 33 of
2789 3576 90 32 steel
2898 3575 93 33 rank

1657 3640 133 33 amidst
1804 3637 107 35 other
1928 3633 237 37 fashionable
2180 3635 203 30 ornaments
2400 3627 59 34 for
2472 3627 63 32 the
2555 3625 97 35 hair.
2701 3625 113 32 Shoes
2829 3634 65 21 are
2911 3622 85 33 no'w

1661 3692 83 39 vety
1763 3684 104 35 lunch
1886 3681 183 41 trimmed,
2087 3680 73 34 and
2176 3683 65 30 are
2257 3686 100 26 more
2374 3674 133 43 showy
2522 3673 89 33 than
2631 3679 52 26 we
2704 3672 93 33 have
2813 3670 178 34 observed

1661 3735 97 34 them
1774 3732 60 34 for
1850 3738 97 27 some
1978 3739 118 25 sears.
2152 3725 222 37 Half-boots
2393 3723 43 34 of
2466 3720 118 41 cloth,
2615 3720 57 33 the
2700 3722 131 31 colour
2863 3717 43 34 of
2934 3717 63 34 the

1662 3782 132 46 pelisse
1824 3790 43 22 or
1886 3778 148 39 mantle,
2060 3785 66 25 are
2145 3775 79 35 also
2252 3771 105 37 much
2385 3771 37 33 in
2437 3775 161 39 request.
2649 3768 79 33 The
2748 3772 92 27 most
2855 3764 142 45 genteel

1659 3830 149 33 colours
1832 3837 65 24 are
1924 3828 201 40 Saragossa
2151 3823 148 39 brown,
2326 3819 149 34 various
2492 3816 130 33 shades
2639 3816 41 33 or
2704 3824 126 33 green,
2854 3814 143 40 amber,

1662 3876 69 35 and
1752 3876 84 46 pale
1854 3875 210 45 geranium;
2091 3872 65 35 the
2174 3874 92 28 most
2287 3867 163 41 general,
2476 3863 141 45 purple
2628 3862 67 34 and
2712 3862 155 34 scarlet.

1714 3956 159 41 Friday,
1900 3960 40 30 at
1972 3959 141 39 twenty
2148 3953 155 33 minutes
2335 3956 80 38 i►.a.'t
2448 3957 93 31 two,
2563 3946 61 33 the
2642 3946 53 35 St,
2717 3943 203 44 Doming),
2937 3940 73 39 Ott

1665 4007 133 41 largest
1822 4003 45 46 74
1899 4005 32 32 in
1967 4003 64 33 the
2062 3999 139 35 British
2233 3999 128 41 Navy,
2399 4005 74 24 was
2500 3993 176 34 launehed
2705 3998 38 27 at
2770 3991 67 34 the
2872 3987 129 47 Mors

1669 4051 237 46 Dock-yard,
1928 4049 228 35 Woolwich.
2207 4046 83 35 The
2308 4043 148 38 fineness
2481 4043 46 35 of
2556 4041 63 34 the
2641 4039 167 37 weather
2828 4039 99 32 drew
2949 4017 52 56 iu

1669 4104 172 32 immense
1857 4108 198 26 concourse
2070 4096 47 34 of
2134 4095 136 46 people
2288 4100 39 28 to
2357 4093 144 34 witness
2518 4090 64 32 the
2596 4098 118 31 scene,
2731 4087 72 35 and
2819 4087 64 32 the
2908 4084 94 34 road

1671 4149 94 34 from
1793 4146 219 37 Greenwich
2039 4142 275 39 to..Woolwieh
2346 4149 72 25 was
2448 4137 161 45 entirely
2635 4134 159 37 bliicked
2823 4143 50 33 up
2904 4129 91 37 with

1669 4198 187 43 carriage;
1872 4205 9 32 ;
1911 4201 107 38 Many
2044 4192 46 35 of
2107 4191 120 34 wittch
2251 4196 98 26 were
2373 4192 63 30 not
2466 4186 87 34 atilt
2582 4188 38 39 19
2647 4183 110 38 reach
2787 4181 65 38 the
2872 4179 137 38 DAV

1670 4246 91 47 yard
1779 4244 96 38 until
1891 4253 99 26 some
2017 4241 111 35 hears
2150 4238 98 39 after
2263 4238 65 35 the
2354 4233 154 40 launch..

3172 4303 48 38 ~~'
