3177 4429
213 80 92 51 1:6

210 214 90 40 nish
330 227 51 26 an
410 214 150 39 almost
588 213 233 41 conclusive
849 215 217 52 testimony
1102 215 91 39 that
1222 217 263 38 BONAPARTE
1519 214 31 39 is

211 267 221 53 preparing
467 273 45 33 to
559 265 246 54 accomplish
847 268 69 37 the
951 267 246 40 destruction
1243 268 50 39 he
1338 266 210 41 meditates

211 320 162 52 against
402 321 92 37 that
527 320 156 38 Power.
738 318 197 50 Whether
969 319 50 40 he
1048 320 200 46 succeeds,
1279 319 169 53 entirely
1479 319 45 39 de-

215 372 128 52 pends
373 384 52 26 on
459 371 70 40 the
562 371 171 53 rapidity
757 369 96 41 with
882 372 130 39 which
1042 372 71 39 the
1144 372 149 39 former
1312 372 235 52 anticipates

216 425 71 39 the
306 424 157 38 attack.
517 425 57 38 As
592 425 69 38 the
679 429 161 47 present
860 423 110 40 force
999 425 51 38 he
1078 425 74 39 has
1180 425 35 39 in
1247 426 200 50 Germany
1469 423 74 39 and

216 477 44 38 in
295 475 100 52 Italy
420 477 30 37 is
484 475 193 53 perfectly
699 476 276 52 incompetent
1006 481 45 35 to
1080 477 70 39 the
1168 477 239 39 attainment
1426 476 48 39 of
1488 475 59 39 his

216 530 156 50 object,
404 528 50 39 he
474 527 96 46 will,
602 528 219 52 probably,
856 531 172 50 attempt
1059 534 44 34 to
1136 529 71 39 lull
1245 529 177 45 Austria,
1452 529 50 50 by
1525 540 22 25 a

216 580 231 40 semblauce
468 579 50 40 of
530 580 275 52 negociation,
828 579 84 40 into
926 582 190 51 security,
1136 580 100 40 until
1254 581 70 39 the
1343 593 202 38 necessary

216 633 335 40 reinforcements
570 633 130 39 arrive
720 633 110 38 from
854 633 129 52 Spain.
1042 637 78 35 But
1144 633 78 39 this
1240 632 65 44 dis
1305 632 240 44 Simulation,

219 698 61 27 we
301 685 132 40 would
469 685 237 53 reasonably
732 696 189 43 suppose,
954 685 120 40 could
1103 691 73 34 not
1213 685 149 53 impose
1394 698 53 25 on
1480 684 67 39 the

220 744 110 33 most
360 738 155 39 limited
544 737 77 39 and
652 730 139 47 artless
824 743 163 45 peasant
1019 746 51 30 on
1103 738 70 39 the
1192 737 189 40 Croatian
1401 738 117 38 Moun-

221 791 120 44 tains,
374 790 118 39 much
527 790 72 38 less
627 803 53 25 on
709 803 25 26 a
764 790 169 39 Cabinet
964 790 126 39 which
1127 790 70 39 has
1224 788 260 53 experienced
1504 802 43 25 so

221 856 122 38 many
366 842 137 52 proofs
524 842 48 38 of
588 842 65 39 the
674 841 226 53 insincerity
924 842 76 39 and
1020 842 209 52 treachery
1248 842 47 38 of
1309 842 69 39 the
1396 846 150 46 tyrant.

223 899 37 34 It
282 895 31 38 is
334 894 244 52 impossible,
608 894 201 45 however,
837 901 41 31 to
898 894 217 39 determine
1134 894 87 39 how
1243 894 64 38 far
1325 894 66 39 the
1409 894 113 39 credu-

222 947 71 52 lity
320 948 72 37 and
425 946 243 39 infatuation
694 946 50 38 of
775 946 187 39 Cabinets
989 959 90 39 may
1102 951 72 34 not
1192 946 159 39 extend.
1408 948 78 37 But
1505 945 48 40 of

223 999 71 39 the
314 999 219 52 departure
554 998 47 39 of
625 999 65 38 the
709 1004 163 45 greater
891 1004 87 46 part
998 998 47 39 of
1071 998 66 40 the
1161 998 149 40 French
1331 998 109 39 force
1460 1011 87 26 now

223 1052 39 38 in
287 1055 135 48 Spain,
439 1052 94 38 with
556 1051 66 38 the
638 1051 174 39 obvious
830 1050 194 40 intention
1044 1051 50 39 of
1106 1051 142 52 giving
1266 1051 67 39 the
1352 1051 76 38 last
1446 1050 103 39 blow

222 1110 45 32 tri
288 1109 177 33 German
488 1103 308 51 independence,
810 1116 58 25 we
887 1103 50 39 do
954 1108 71 33 not
1045 1104 196 38 entertain
1263 1103 70 39 the
1354 1107 193 35 remotest

223 1156 148 38 doubt.
428 1159 45 35 In
494 1156 78 38 this
591 1155 67 38 the
677 1161 137 46 tyrant
834 1160 81 34 acts
934 1155 274 52 consistently,
1234 1155 76 40 and
1332 1155 217 52 according

223 1214 46 32 to
301 1208 66 38 the
389 1207 213 52 principles
621 1207 48 38 of
689 1207 69 39 the
771 1208 144 47 justest
937 1207 180 52 political
1136 1207 254 39 calculation.
1444 1207 106 39 That

224 1261 52 38 he
299 1261 70 38 has
394 1263 96 37 been
511 1259 198 52 evidently
732 1259 280 52 disappointed
1038 1272 43 27 as
1113 1265 44 33 to
1182 1260 66 38 the
1280 1259 149 53 facility
1455 1259 94 39 with

224 1313 131 38 which
393 1312 48 39 he
475 1311 194 53 expected
699 1316 41 34 to
776 1311 104 40 bend
908 1312 67 39 the
996 1311 211 53 Spaniards
1227 1317 40 34 to
1286 1311 69 40 the
1375 1312 122 52 yoke,
1521 1311 30 40 is

223 1365 213 39 notorious
467 1365 104 38 from
613 1364 60 39 his
702 1377 109 28 own.
829 1364 269 40 declarations
1128 1377 111 26 some
1266 1364 158 39 months
1456 1377 93 39 ago,

224 1419 116 39 when
363 1417 46 38 be
429 1416 81 39 said
533 1416 89 39 that
635 1421 119 34 even
771 1428 84 27 was
872 1422 41 33 to
932 1417 51 39 be
1000 1416 293 52 accomplished
1325 1416 137 39 before
1482 1416 69 39 the

233 1475 56 34 Ist
308 1469 50 39 of
380 1472 195 48 January.
635 1470 183 37 Another
839 1481 110 39 gross
967 1469 210 52 deception
1200 1469 48 39 he
1267 1468 65 40 fell
1354 1470 84 37 into
1457 1481 93 34 was,

223 1522 69 38 the
314 1520 256 40 indifference
585 1520 48 39 he
652 1522 204 51 supposed
875 1521 66 39 the
961 1528 117 45 great
1098 1520 106 53 body
1227 1520 48 40 of
1300 1522 90 37 that
1410 1520 143 53 people

223 1573 133 39 would
378 1572 72 39 feel
472 1578 44 33 to
537 1572 69 39 the
625 1573 208 39 atrocious
854 1586 132 26 means
1006 1574 48 38 he
1072 1572 215 54 employed
1307 1579 43 33 to
1368 1586 183 39 compass

223 1625 90 48 that
333 1626 89 38 end.
485 1628 59 37 He
578 1625 70 39 has
678 1638 89 26 now
797 1625 175 46 learned,
1003 1626 48 53 by
1076 1625 182 53 personal
1279 1626 273 45 observation,

223 1678 89 45 that
334 1676 48 40 all
406 1677 57 39 his
478 1677 201 52 triamphs
697 1677 79 39 and
797 1677 380 53 dearly-purchased
1201 1678 183 38 victories
1403 1680 39 37 in
1463 1678 90 39 that

223 1735 189 46 Country,
444 1729 105 40 have
580 1735 73 33 not
683 1729 181 53 brought
895 1731 81 38 him
1009 1744 24 26 a
1063 1735 86 47 step
1180 1741 138 28 nearer
1338 1730 44 39 to
1403 1730 66 39 the
1488 1743 44 26 ac-

223 1781 314 53 complishment
556 1781 52 39 of
633 1781 59 39 his
718 1795 189 39 purpose,
937 1783 96 38 than
1055 1783 50 38 he
1123 1783 76 38 had
1221 1781 98 40 been
1338 1785 39 37 ih
1400 1782 156 52 Attgust

223 1834 90 39 last.
376 1838 59 35 lie
467 1837 73 38 has
572 1834 129 39 broke
732 1835 79 37 and
842 1835 214 52 dissipated
1083 1835 105 39 their
1208 1835 143 39 armies
1365 1853 11 26 ;
1407 1835 66 44 but
1473 1835 22 44 ;
1515 1835 38 38 in

223 1887 241 52 proportion
485 1892 44 33 to
550 1887 103 38 their
673 1899 190 33 reverses,
896 1887 102 39 their
1019 1889 249 39 abhorrence
1296 1887 50 39 of
1368 1889 84 39 him
1479 1889 74 39 and

223 1938 63 40 his
315 1941 176 38 detested
528 1938 158 52 family,
715 1941 71 38 has
807 1939 185 52 acquired
1026 1939 222 41 additional
1283 1939 109 40 force
1422 1942 38 38 in
1488 1941 66 38 the

226 1993 154 39 breasts
390 1991 125 38 attic
531 2002 47 27 na
587 1993 25 37 ti
621 2004 79 26 yes.
724 1994 70 37 His
803 1993 208 50 promises,
1026 1993 59 40 his
1098 1994 165 41 threats,
1273 1993 59 38 his
1345 1993 210 52 cajolings,

224 2044 63 38 his
318 2043 190 39 menaced
542 2056 242 38 vengeance,
802 2043 77 39 and
908 2044 202 52 profound
1126 2043 288 48 dissinmlation
1414 2043 22 48 f
1456 2044 102 40 have

227 2102 73 32 not
315 2096 143 51 gained
482 2109 25 24 a
526 2094 128 56 single
673 2096 176 51 partisan
869 2106 150 44 among
1038 2098 70 40 the
1127 2098 193 52 middling
1339 2098 77 39 and
1435 2096 123 40 lower

224 2148 170 39 classes;
425 2148 77 38 and
531 2148 51 38 he
609 2147 71 39 has
705 2148 203 39 sustained
928 2150 67 38 the
1015 2150 219 53 corroding
1253 2150 281 45 mortification
1534 2150 22 45 ;

224 2200 92 39 that
337 2199 51 40 all
410 2200 60 38 his
488 2199 172 47 artifice,
693 2202 76 38 and
804 2202 224 45 seduction,
1061 2202 78 39 and
1159 2202 198 53 promised
1391 2203 164 43 reform,

223 2254 67 38 the
308 2257 72 34 not
403 2254 178 51 produce
599 2264 99 26 even
719 2267 24 24 a
763 2252 171 51 particle
954 2254 50 40 of
1016 2255 249 45 confidence,
1286 2268 44 26 or
1350 2255 119 39 abate
1491 2255 66 38 the

223 2307 102 51 deep
348 2304 157 46 rooted,
544 2304 182 45 national
764 2306 215 52 antipathy
1020 2311 44 34 to
1097 2306 170 40 himself
1307 2307 78 38 and
1433 2307 103 51 parti-

224 2369 103 26 sans.
400 2359 51 37 As
477 2355 99 52 long
608 2368 43 26 as
680 2356 67 38 the
778 2359 156 37 natives
967 2370 102 26 were
1100 2357 204 39 animated
1335 2357 93 39 with
1450 2359 107 38 these

223 2409 248 44 sentiments,
493 2407 50 39 he
562 2407 79 39 had
660 2420 52 26 no
731 2407 118 40 other
872 2414 183 47 prospect
1071 2409 50 40 of
1131 2411 188 52 exacting
1339 2409 217 40 obedience

223 2460 78 40 and
321 2459 254 46 submission,
599 2459 94 40 than
715 2460 50 48 by
787 2460 176 54 keeping
984 2463 111 39 there
1116 2474 24 25 a
1161 2463 171 52 military
1351 2463 110 39 force
1476 2461 60 39 suf-

228 2512 139 40 ficient
387 2517 44 34 to
449 2525 86 26 awe
555 2512 71 39 the
643 2512 128 39 entire
790 2512 257 53 population.
1106 2515 97 38 This
1221 2526 78 26 was
1319 2513 142 53 totally
1482 2516 50 37 im-

223 2564 265 54 practicable,
519 2565 80 39 and
632 2565 230 51 dangerous
880 2567 40 38 in
940 2565 69 40 the
1026 2570 198 43 extreme,
1247 2565 126 40 whilst
1395 2567 162 40 Austria

228 2616 178 47 retained
429 2630 22 25 a
470 2616 228 43 semblance
719 2620 47 35 of
781 2617 84 39 free
886 2617 91 46 will,
997 2621 77 37 and
1095 2619 217 40 continued
1332 2620 71 40 her
1421 2633 106 26 arma-

223 2675 149 39 ments.
404 2668 171 45 Besides,
588 2681 26 26 a
627 2669 116 39 much
764 2670 73 38 less
859 2670 201 51 profound
1077 2670 206 53 politician
1304 2672 97 38 than
1420 2673 109 39 BONA-

227 2739 50 22 PA
288 2737 84 25 RTE
409 2720 334 53 unquestionably
781 2721 46 46 is,
868 2722 130 40 would
1032 2724 104 39 have
1169 2724 246 46 discovered,
1450 2724 107 40 from

221 2787 113 26 some
374 2779 227 47 symptoms
630 2773 39 39 in
698 2773 67 40 the
784 2774 133 39 North
940 2773 47 40 of
1025 2776 176 53 Europe,
1221 2776 89 39 that
1326 2776 70 40 the
1416 2778 115 51 Empe-

223 2841 70 26 ror
314 2830 269 35 ALEXANDER
615 2826 141 52 begins
787 2831 47 34 to
866 2825 151 54 display
1038 2828 196 45 coolness,
1254 2828 35 40 if
1304 2833 71 33 not
1391 2830 107 51 signs
1517 2829 46 39 of

220 2880 168 41 decided
410 2877 214 53 hostility;
653 2878 78 39 and
763 2880 92 39 that
887 2891 25 27 a
940 2884 117 48 great
1087 2880 214 40 alteration
1335 2881 72 39 has
1435 2881 122 39 taken

221 2933 117 53 place
356 2933 39 38 in
411 2931 67 39 the
493 2931 122 39 views
634 2931 78 40 and
730 2930 235 41 sentiments
981 2931 51 39 of
1045 2931 90 40 that
1154 2934 184 45 Cabinet,
1357 2933 50 40 he
1428 2934 130 52 might

220 2986 107 39 have
346 2983 210 46 surmised,
591 2982 109 41 from
725 2983 70 40 the
823 2983 283 40 continuation
1136 2985 51 40 of
1213 2986 67 39 the
1299 2985 198 40 armistice
1518 2987 38 38 in

220 3037 185 43 Finland.
463 3037 86 40 The
562 3040 176 50 journey
758 3034 52 41 of
839 3037 189 39 theKlisto
1046 3037 78 40 and
1144 3039 154 43 QUEEN
1313 3038 48 38 of
1381 3040 172 37 PRUSSIA

220 3096 47 34 to
287 3092 56 39 St.
367 3089 289 52 Petersburgh,
686 3094 189 46 contrary
899 3093 44 35 to
963 3089 60 40 his
1041 3086 334 56 unquestionable
1393 3090 143 40 inclina-

219 3144 107 45 tion,
346 3143 78 39 and
445 3143 35 37 in
504 3142 187 40 manifest
710 3145 211 48 contempt
938 3141 51 39 of
1006 3142 70 39 the
1096 3142 234 52 permission
1350 3144 50 38 he
1416 3148 117 47 grant-

215 3196 53 39 ed
288 3196 113 39 them
422 3200 44 34 to
487 3198 139 35 return
660 3198 43 35 to
732 3194 110 40 their
873 3193 165 54 capital,
1076 3194 73 40 has
1176 3195 183 53 changed
1390 3196 167 39 surmise

220 3248 89 40 into
339 3248 215 51 certainty.
612 3247 96 40 This
737 3247 314 40 determination
1084 3248 52 38 of
1163 3248 253 39 FREDF.RICK
1447 3249 81 39 WIL-

220 3315 104 25 LIAM
347 3301 72 38 has
433 3300 276 51 disappointed
738 3300 84 39 him
857 3299 149 40 besides
1025 3298 51 40 of
1103 3300 174 40 another
1293 3300 113 52 royal
1427 3313 97 40 prey
1541 3318 12 28 ;

217 3354 67 38 for
305 3353 80 39 had
407 3353 93 50 they
521 3351 100 40 been
641 3352 130 52 guilty
790 3351 53 39 of
856 3352 71 39 the
946 3353 287 51 unsuspecting
1264 3353 224 52 generosity
1512 3359 43 33 to

217 3411 142 34 return
384 3410 43 33 to
449 3405 104 38 their
573 3404 151 40 former
743 3404 167 51 capital,
930 3403 131 40 whilst
1082 3405 161 46 Stettin,
1273 3405 184 46 Dantzic,
1479 3406 73 38 and

215 3459 122 39 other
353 3457 209 39 fortresses
579 3469 102 27 were
699 3457 231 52 garrisoned
947 3457 48 52 by
1019 3457 66 39 the
1102 3457 170 43 French,
1306 3461 94 48 they
1421 3457 132 39 would

214 3524 111 32 mow,
343 3507 221 54 according
585 3513 45 35 to
647 3509 149 39 human
814 3508 266 53 probability,
1100 3509 119 39 share
1239 3510 67 38 the
1325 3511 81 37 fate
1423 3510 50 38 of
1486 3511 67 38 the

216 3563 141 46 Royal
389 3561 154 53 Family
567 3561 51 39 of
647 3561 131 53 Spain.
839 3561 89 39 The
953 3560 93 40 toils
1074 3575 107 26 were
1205 3561 116 52 finely
1342 3562 78 39 laid
1439 3579 11 26 ;
1480 3562 73 40 but

213 3618 72 40 the
307 3617 223 39 illustrious
555 3614 156 39 victims
738 3613 66 40 did
834 3619 73 34 not
934 3613 137 53 forget
1090 3614 70 39 the
1176 3617 165 41 Palma
1370 3622 37 31 el
1434 3615 118 40 bona

197 3676 209 46 Prentes,

262 3724 104 39 Such
405 3723 31 37 is
468 3723 69 37 the
566 3718 308 52 imperceptible
901 3718 156 52 change
1088 3718 135 41 which
1244 3718 71 40 has
1341 3711 122 60 lately
1483 3733 45 28 oc-

202 3776 152 41 curred
389 3775 38 37 in
451 3772 67 40 the
540 3770 159 52 politics
718 3770 48 39 of
789 3771 72 39 the
888 3777 158 33 eastern
1067 3772 79 39 and
1168 3772 190 39 northern
1378 3774 175 52 empires

206 3829 44 40 of
360 3827 235 41 Continent.
654 3823 87 39 The
771 3822 243 56 precipitate
1039 3829 138 34 return
1208 3824 51 38 of
1289 3828 83 35 BON
1380 3840 81 24 APA
1470 3841 80 24 RTE

203 3888 47 33 to
278 3881 124 45 Paris,
425 3879 77 40 and
534 3878 72 39 the
626 3875 111 40 short
755 3880 172 47 sojourn
959 3876 50 40 he
1044 3876 31 38 is
1104 3876 84 39 said
1221 3882 45 32 to
1299 3878 102 39 have
1436 3879 115 39 made

201 3934 133 45 there,
366 3946 107 26 seem
497 3931 45 40 to
562 3927 175 43 confirm
768 3930 92 39 that
879 3928 70 41 the
970 3928 231 41 revolution
1226 3935 40 33 io
1286 3930 77 38 this
1381 3931 119 40 elrect
1521 3933 28 35 is

200 4002 103 25 even
324 3991 165 47 greater
510 3984 98 40 than
631 3994 57 26 Ise
706 3981 103 39 have
828 3981 71 39 the
918 3994 178 39 courage
1110 3987 46 34 to
1173 3981 118 51 hope.
1349 3985 86 37 Time
1454 3997 71 26 con-

198 4042 100 38 duct
319 4041 50 38 of
393 4039 70 38 the
491 4035 193 43 Prussian
705 4037 294 44 Government,
1020 4037 110 37 since
1149 4033 70 39 the
1238 4037 237 39 evacuatiou
1507 4038 48 37 of

201 4095 50 35 its
269 4093 228 53 provinces,
520 4090 39 39 iil
582 4088 189 51 oidering
791 4088 71 39 the
882 4088 241 39 arrestation
1142 4088 48 38 of
1208 4090 19 33 1
1241 4090 54 34 till
1319 4090 119 39 CoUtt,
1461 4090 86 37 who

203 4140 107 47 filled
334 4159 24 27 a
378 4146 60 53 pi:
449 4157 13 31 c
476 4157 14 31 ;
519 4142 48 41 of
593 4141 279 43 eVtliiiikfillAto
891 4140 233 43 coulltleuce
1146 4140 124 41 wetter
1292 4141 66 39 the..
1381 4142 167 47 l'rcuch,

2597 66 255 54 MARCH
2887 72 52 47 5.

1610 213 77 39 and
1709 214 89 38 that
1815 214 51 39 of
1889 213 156 40 several
2069 213 118 39 other
2207 210 233 41 obnoxious
2460 208 257 46 individuals,
2737 208 91 39 who
2850 209 105 38 were

1610 263 178 41 likewise
1807 265 230 53 employed,
2073 265 145 51 during
2238 263 71 38 the
2327 261 265 53 occupation,
2627 261 50 52 by
2700 261 70 39 the
2787 273 163 38 enemy,

1610 331 72 26 can
1706 318 48 39 be
1772 317 216 54 explained
2008 318 77 39 and
2106 314 227 41 accounted
2352 314 81 46 for,
2454 327 47 26 or
2516 327 100 25 even
2629 314 203 48 justified,
2852 314 97 50 only

1611 371 48 51 by
1681 370 71 39 the
1768 370 231 40 revolution
2019 369 129 39 which
2169 381 59 26 we
2248 380 172 39 suppose
2440 372 44 33 to
2505 366 105 39 have
2629 366 125 39 taken
2778 366 112 52 place
2913 366 40 37 in

1609 423 69 38 the
1697 423 172 38 Russian
1891 422 190 40 councils.
2112 423 56 50 By
2187 419 83 39 this
2290 423 182 34 measure
2490 418 70 39 the
2572 419 112 38 Kier;
2706 418 48 38 of
2770 419 182 38 PRUSSIA

1610 475 128 38 threw
1767 474 69 39 the
1865 471 190 54 gauntlet
2093 474 38 38 in
2169 475 71 37 the
2271 475 174 50 tyrant's
2477 470 107 46 face,
2619 471 79 38 and
2734 470 217 52 destroyed

1609 540 123 38 every
1766 527 224 51 possibility
2026 526 48 39 of
2101 524 138 39 future
2274 522 306 41 reconciliation
2614 536 48 26 or
2692 528 167 45 pardon.
2916 527 38 37 A

1609 579 307 46 circumstance,
1936 583 73 35 not
2022 576 237 53 sufficiently
2280 575 191 40 adverted
2492 581 59 40 to,
2570 575 158 52 though
2752 575 177 39 mention-

1609 632 45 38 ed
1690 631 39 38 in
1762 630 66 40 the
1850 626 181 44 German
2062 631 78 39 and
2173 630 137 39 Dutch
2340 641 163 39 papers,
2537 627 80 39 will
2648 628 124 44 shew,
2806 627 39 39 in
2880 630 73 37 the

1610 681 165 40 clearest
1808 683 118 52 light,
1961 684 71 38 the
2063 681 237 40 sentiments
2336 679 47 40 of
2415 681 71 38 the
2520 685 106 33 most
2659 679 295 52 distinguished

1612 748 159 40 persons
1793 736 37 37 in
1853 736 175 46 Prussia,
2049 749 52 24 on
2120 736 69 38 the
2218 738 162 48 present
2398 731 239 52 vacillating
2656 736 103 34 state
2785 731 47 38 of
2857 744 71 26 con-

1612 787 168 40 tinental
1801 788 175 52 politics,
2007 789 76 39 and
2115 787 102 53 fully
2251 787 269 39 corroborate
2555 797 76 26 our
2662 796 91 26 own
2790 787 142 47 conjec-

1612 844 120 34 tures.
1791 842 53 37 As
1873 854 102 26 soon
1997 854 41 26 as
2059 841 67 45 the
2145 853 142 39 enemy
2310 840 78 38 had
2408 837 227 41 evacuated
2661 835 148 46 Berlin,
2829 848 123 39 every

1612 893 159 43 Officer,
1792 892 93 40 civil
1906 906 47 26 or
1974 892 172 53 military
2146 892 22 53 ;
2187 894 149 50 began,
2356 905 24 25 a
2399 892 115 39 short
2533 892 98 38 time
2652 889 122 45 after,
2803 893 44 34 to
2876 888 57 39 dis-

1612 958 93 39 pose
1728 945 48 39 of
1801 945 59 38 his
1879 946 154 45 etrects,
2055 959 47 25 or
2122 950 44 34 to
2186 948 209 48 transport
2426 944 110 39 them
2571 948 45 33 ta
2650 940 301 52 Koningsberg,

1611 1010 76 25 a
1719 998 128 52 proof
1873 998 96 52 they
1997 998 78 39 had
2111 997 183 40 received
2328 996 233 39 intimation
2595 996 90 38 that
2705 994 106 37 their
2832 996 96 35 Sove-

1615 1050 109 51 reign
1746 1050 77 38 had
1843 1064 50 26 no
1912 1051 198 39 intention
2133 1050 50 40 of
2196 1050 210 51 returning
2430 1055 46 34 to
2497 1049 91 38 that
2607 1044 167 56 capital,
2792 1046 162 51 though

1613 1103 156 51 pressed
1789 1107 43 34 to
1850 1103 92 39 that
1962 1103 120 39 effect
2101 1103 47 51 by
2172 1103 281 38 BONAPARTE.

1665 1155 102 39 Such
1791 1155 31 39 is
1837 1156 69 38 the
1926 1160 158 47 present
2104 1156 196 38 situation
2315 1155 47 38 of
2373 1155 89 39 that
2474 1159 91 47 part
2584 1152 48 39 of
2642 1152 67 41 the
2721 1150 213 45 Continent
2934 1150 25 45 ;

1616 1207 126 39 which
1765 1207 31 39 is
1814 1214 72 33 not
1907 1207 128 40 under
2056 1207 67 39 the
2143 1207 234 39 immediate
2395 1207 80 39 and
2496 1206 185 39 absolute
2701 1204 189 40 controul
2911 1205 50 38 of

1616 1259 66 39 the
1719 1271 159 41 enemy.
1952 1260 182 40 Another
2166 1259 176 52 change,
2378 1264 74 34 not
2491 1259 74 38 less
2600 1257 248 52 auspicious,
2883 1257 73 37 has

1616 1312 120 39 taken
1757 1312 113 53 place
1904 1312 38 39 iu
1972 1311 164 53 Turkey
2156 1329 12 28 ;
2199 1311 78 40 and
2307 1311 67 40 the
2408 1311 135 40 Divan
2577 1311 71 39 has
2675 1309 159 52 already
2858 1322 74 25 con-

1615 1364 142 40 cluded
1778 1377 24 26 a
1819 1377 122 41 peace
1963 1365 94 38 with
2078 1378 76 25 our
2174 1367 293 37 Government.
2529 1367 35 35 It
2589 1376 78 25 was
2685 1374 208 39 necessary
2911 1367 48 35 to

1615 1416 98 39 take
1731 1417 81 39 this
1840 1419 119 45 view,
1995 1419 40 37 in
2068 1419 116 38 order
2218 1422 45 33 to
2297 1417 189 54 estimate
2519 1416 71 39 the
2621 1416 171 38 chances
2824 1414 132 40 which

1617 1470 159 38 Austria
1796 1469 89 48 has,
1917 1470 40 38 in
1978 1482 90 26 case
2088 1469 47 38 of
2163 1482 24 25 a
2219 1475 169 45 rupture
2408 1468 98 39 with
2532 1470 164 37 France.
2756 1468 74 37 We
2850 1466 106 39 have

1616 1522 137 50 given,
1788 1522 38 38 in
1856 1535 24 25 a
1913 1521 154 40 former
2088 1521 196 47 Number,
2314 1533 111 27 some
2457 1519 145 40 details
2631 1519 170 39 relative
2819 1524 45 33 to
2884 1519 72 39 her

1618 1580 156 45 present
1793 1574 177 52 military
1994 1574 125 39 force.
2176 1576 76 37 We
2285 1573 119 45 have,
2439 1572 40 39 in
2512 1572 71 39 the
2613 1585 110 26 same
2757 1570 200 45 Number,

1617 1626 190 39 adverted
1827 1632 41 33 to
1891 1629 69 37 the
1982 1626 207 53 propriety
2210 1625 48 40 of
2288 1625 137 52 acting
2446 1638 109 32 now,
2587 1624 38 39 in
2657 1623 235 54 preference
2914 1631 47 33 to

1618 1691 73 40 any
1715 1680 138 39 future
1883 1680 187 39 occasion
2088 1696 12 28 ;
2131 1675 76 44 and
2245 1691 79 26 our
2359 1690 162 27 reasons
2556 1676 78 45 will
2634 1676 20 45 s
2688 1689 63 27 we
2787 1675 169 47 believe,

1618 1730 103 40 have
1740 1730 222 45 convioced
1982 1733 71 38 the
2073 1737 103 32 most
2196 1730 220 46 obstinate,
2435 1729 107 52 silly,
2565 1740 48 28 or
2634 1728 174 40 knavish
2830 1741 102 39 oppo-

1619 1788 92 34 nent
1730 1785 50 39 of
1795 1783 259 41 Continental
2076 1785 228 38 resistance.
2349 1781 364 46 Procrastination,
2734 1781 70 38 the
2825 1781 136 38 mania

1619 1837 48 38 of
1681 1837 234 52 negociatinn
1915 1837 21 52 -
1936 1837 22 52 ,
1993 1850 25 25 a
2050 1834 282 41 concealment
2362 1834 109 39 from
2507 1833 72 39 her
2613 1834 178 48 subjects
2810 1833 48 39 of
2885 1833 73 39 her

1620 1889 129 39 whole
1769 1903 102 26 mass
1899 1869 53 59 of
1977 1890 248 52 grievances,
2246 1889 80 38 and
2349 1889 66 38 the
2433 1885 99 53 folly
2556 1885 50 40 of
2629 1885 158 53 relying
2816 1898 53 26 on
2888 1886 73 39 the

1619 1946 83 33 arts
1721 1941 48 39 of
1782 1942 252 53 diplomacy,
2054 1941 152 39 instead
2225 1939 47 38 of
2302 1941 67 38 the
2400 1938 148 46 sword,
2563 1951 70 26 are
2663 1939 71 38 the
2764 1938 198 52 principal

1619 1995 171 51 dangers
1809 2008 59 25 we
1887 1995 234 51 apprehend
2143 1993 65 40 for
2226 1993 93 40 that
2341 1995 138 37 Power
2504 1991 38 38 in
2562 1991 70 38 the
2649 1995 163 47 present
2833 1990 124 39 crisis.

1625 2047 176 38 Another
1821 2048 111 38 more
1954 2047 229 52 propitious
2200 2044 268 53 opportunity
2490 2042 50 40 of
2554 2043 217 51 recovering
2771 2043 22 51 -
2815 2042 72 39 her
2903 2043 39 38 in-

1609 2088 0 24 !

1620 2098 268 54 dependence,
1922 2100 99 38 than
2052 2100 70 38 the
2148 2102 178 47 present,
2359 2096 96 44 will,
2487 2108 61 26 we
2570 2108 70 26 arc
2659 2094 148 47 afraid,
2837 2108 124 26 never

1622 2164 120 39 again
1762 2156 159 48 present
1943 2150 123 40 itself.
2122 2153 60 35 On
2216 2151 71 39 the
2319 2150 174 52 rapidity
2525 2147 50 40 of
2603 2148 72 38 her
2707 2153 260 33 movements

1624 2205 67 35 her
1710 2204 183 39 fortunes
1912 2203 172 53 depend.
2140 2203 146 39 Before
2308 2203 67 39 the
2394 2206 142 47 tyrant
2565 2202 32 37 is
2626 2199 91 40 able
2745 2205 44 33 to
2811 2200 106 39 draw
2939 2212 26 26 a

1620 2255 129 52 single
1769 2257 201 51 regiment
1987 2256 107 40 from
2118 2255 112 53 Spain
2230 2255 22 53 ;
2283 2255 73 39 she
2382 2255 132 51 ought
2542 2258 47 33 to
2616 2252 249 39 overwhelm
2885 2257 52 34 Ba-

1620 2308 129 44 varia,
1788 2309 78 39 and
1903 2321 142 27 secure
2082 2309 67 38 the
2184 2307 220 48 possession
2441 2306 51 40 of
2532 2304 144 52 Tyrol,
2722 2306 135 38 where
2893 2306 71 38 the

1622 2360 188 38 Austrian
1832 2361 280 38 Government
2131 2359 31 38 is
2179 2357 345 51 enthusiasiically
2546 2355 136 40 loved.
2741 2356 89 38 The
2850 2357 90 37 inha
2940 2357 22 37 ,

1622 2412 150 38 bitants
1788 2411 51 40 of
1853 2412 115 39 those
1980 2412 233 39 mountains
2231 2424 105 26 were
2357 2409 149 52 always
2525 2407 231 40 celebrated
2777 2407 65 40 for
2858 2408 105 38 their

1622 2463 152 53 loyalty
1795 2464 77 39 and
1892 2466 172 51 bravery
2085 2476 12 33 ;
2126 2465 93 44 and,
2238 2463 148 53 during
2404 2463 72 38 the
2497 2461 132 38 whole
2656 2472 145 27 coarse
2822 2459 50 39 of
2895 2461 71 38 the

1623 2516 302 53 revolutionary
1946 2531 74 32 war
2021 2531 25 32 s
2066 2516 167 40 evinced
2251 2528 118 27 more
2388 2513 85 40 zeal
2494 2515 80 38 and
2596 2513 152 39 ardour
2767 2512 97 52 than
2882 2526 79 39 any

1620 2568 116 39 other
1755 2570 195 50 province
1969 2569 50 40 of
2035 2569 67 39 the
2124 2569 189 39 Austrian
2333 2568 169 51 empire.
2559 2567 112 51 They
2694 2565 105 39 have
2819 2565 48 38 of
2882 2564 84 41 late

1619 2621 156 39 skewed
1792 2635 25 25 a
1835 2634 105 27 most
1961 2622 226 51 refractory
2207 2621 135 52 spirit,
2362 2620 92 46 and,
2485 2629 54 30 on
2563 2617 155 41 several
2739 2617 223 46 occasions,

1622 2673 128 39 broke
1769 2680 74 33 out
1864 2675 87 39 into
1971 2679 85 34 acts
2075 2674 50 39 of
2140 2668 196 44 rebelYton
2356 2685 50 39 ag
2411 2673 105 37 ainst

2546 2672 71 38 the
2649 2672 201 38 Bavarian
2880 2673 57 38 Go-

1622 2731 228 41 vernment,
1881 2732 45 34 to
1958 2726 130 39 which
2107 2727 92 51 they
2222 2738 106 26 were
2348 2724 116 39 made
2484 2737 103 27 over
2608 2725 51 50 by
2681 2721 71 39 the
2774 2725 126 37 Peace
2921 2720 54 41 or

1624 2779 215 52 Presburg.
1896 2779 89 39 The
2016 2792 109 25 same
2157 2778 230 39 discontent
2419 2777 200 52 pervades
2649 2787 123 39 every
2794 2779 91 48 part
2917 2776 52 39 of

1622 2830 67 40 the
1710 2831 126 40 South
1860 2830 48 40 of
1924 2831 222 44 Germany,
2166 2830 136 39 where
2323 2829 66 40 the
2408 2828 280 41 introduction
2707 2828 51 39 of
2780 2829 70 38 the
2867 2842 73 26 con-

1619 2883 190 52 scription
1831 2883 70 39 has
1920 2883 243 52 completely
2186 2881 202 41 alienated
2408 2881 70 40 the
2498 2881 130 39 minds
2647 2881 48 38 of
2719 2880 70 39 the
2809 2881 157 39 natives

1620 2935 106 39 from
1748 2936 105 39 their
1873 2930 224 58 respective
2118 2936 309 39 Governments.
2486 2935 34 37 A
2539 2933 129 50 single
2686 2934 123 51 spark
2832 2934 31 37 is
2881 2935 63 37 suf-

1622 2988 138 40 ficient
1780 2994 44 32 to
1840 2993 59 35 set
1925 2987 261 40 Switzerland
2220 2988 40 38 in
2293 3001 25 25 a
2352 2986 129 46 blaze,
2512 2986 138 40 where
2681 2985 156 40 French
2871 2993 57 33 out
2928 2993 19 33 ,
2947 2993 20 33 .

1622 3053 115 38 rages
1756 3040 76 39 and
1854 3045 175 48 tyranny
2052 3040 102 39 have
2171 3040 171 39 festered
2373 3052 119 37 every
2516 3039 111 46 heart
2627 3039 22 46 ;
2681 3038 79 39 and
2791 3037 109 41 filled
2935 3040 33 38 it

1624 3092 97 39 with
1741 3092 71 39 the
1831 3096 107 37 most
1957 3105 222 28 rancorous
2198 3092 237 39 sentiments
2466 3092 161 52 against
2657 3091 109 39 their
2786 3097 182 41 wanton,

1622 3144 137 39 brutal
1778 3158 250 39 oppressors.

1672 3197 266 40 BONAPARTE
1970 3200 31 38 is
2020 3203 74 34 not
2113 3196 190 50 ignorant
2323 3196 52 40 of
2400 3196 70 39 the
2490 3196 174 52 popular
2688 3196 215 39 sentiment
2924 3196 39 39 in

1623 3249 220 53 Germany,
1873 3250 78 40 and
1989 3250 32 39 is
2059 3248 198 54 probably
2289 3249 200 53 prepared
2525 3255 45 32 to
2606 3254 106 34 meet
2741 3248 51 40 its
2810 3248 148 40 effects.

1680 3305 83 37 The
1783 3304 157 39 French
1964 3315 118 38 army
2102 3307 83 34 will
2202 3308 193 33 evacuate
2412 3306 61 35 the
2499 3302 167 48 Spanish
2688 3306 213 44 provinces
2921 3315 45 25 as

1619 3359 253 46 tranquillily
1900 3359 84 35 will
2010 3361 47 33 be
2086 3359 155 45 spread,
2261 3359 83 34 and
2363 3369 45 24 as
2426 3358 91 45 they
2543 3358 105 34 shall
2674 3357 109 35 unite
2811 3359 158 34 around

1619 3420 76 25 our
1955 3409 133 39 These
2108 3420 67 25 are
2194 3409 194 38 JOSEPU'S
2408 3406 131 40 words
2559 3406 38 38 in
2616 3406 59 38 his
2695 3405 176 40 circular
2890 3406 57 39 let-

1619 3464 60 34 ter
1697 3464 43 33 to
1762 3461 67 39 the
1853 3459 168 53 Bishops
2040 3456 77 44 and
2140 3459 287 52 Archbishops,
2459 3459 79 38 and
2571 3471 71 26 arc
2669 3458 206 52 evidently
2907 3459 39 37 in-

1619 3513 143 39 tended
1782 3517 44 34 to
1844 3514 172 51 disgui:ic
2037 3513 69 39 the
2127 3513 80 38 real
2243 3524 122 27 cause
2385 3513 48 39 of
2459 3510 109 41 their
2588 3511 231 52 departure.
2877 3513 89 38 The

1619 3579 200 38 pompous
1851 3567 78 38 and
1958 3566 215 39 fastidious
2200 3565 170 52 descripl
2383 3567 61 37 ion
2481 3565 50 38 of
2564 3565 60 38 his
2653 3569 193 33 entrance
2877 3565 87 37 into

1623 3618 169 45 Madrid,
1814 3620 76 38 aud
1915 3619 69 39 the
2006 3620 181 37 mention
2206 3618 50 38 of
2275 3632 44 24 so
2342 3630 120 40 many
2486 3618 262 51 deputations
2771 3617 104 39 from
2897 3617 70 39 the

1616 3671 152 38 several
1792 3672 211 51 provinces
2023 3676 45 34 to
2086 3671 54 39 do
2160 3671 176 51 homage
2368 3676 45 32 to
2427 3671 85 38 the
2533 3683 185 38 usurper,
2741 3683 70 25 are
2832 3669 111 39 calcu-

1617 3723 105 38 lated
1743 3729 44 32 to
1806 3736 167 40 impress
1993 3736 53 25 on
2067 3724 70 38 the
2157 3723 128 39 minds
2316 3722 51 40 of
2394 3722 66 40 the
2492 3722 204 40 Parisians
2727 3722 69 38 the
2826 3722 141 47 belief,

1618 3775 87 38 that
1737 3789 44 25 as
1813 3777 119 51 Spain
1967 3777 31 37 is
2029 3789 92 25 now
2150 3775 243 56 completely
2414 3775 181 52 tranquil
2615 3776 78 37 and
2713 3775 207 41 obedient,
2942 3789 25 25 a

1616 3833 115 45 great
1754 3828 175 52 military
1952 3829 112 38 force
2086 3828 31 38 is
2137 3840 280 38 unnecessacy.
2474 3828 97 39 This
2596 3826 80 39 will
2706 3826 165 53 explain
2893 3828 71 38 the

1617 3880 168 40 affected
1805 3881 146 39 silence
1971 3881 50 39 of
2047 3881 72 38 the
2140 3880 74 40 last
2236 3881 176 51 Bulletin
2432 3881 97 38 with
2551 3879 145 53 regard
2718 3885 43 33 to
2784 3879 182 54 military

1616 3946 274 25 occurrences.

1669 3987 175 51 Tiwig!'
1880 3998 58 26 we
1977 3985 171 45 believe,
2174 3984 104 40 .with
2316 3984 74 41 the
2424 3984 139 41 fullest
2591 3984 254 46 confidence,
2876 3985 92 40 that

1617 4037 210 40 110.tilities
1859 4038 35 38 in
1932 4039 202 39 Germany
2159 4051 70 25 are
2258 4044 71 32 not
2350 4045 172 35 remote,
2559 4051 58 25 we
2650 4038 79 38 still
2763 4038 206 39 entertain

1760 4091 150 38 doubt:
1942 4090 47 39 of
2022 4094 53 35 BO
2086 4106 106 24 NAPA
2204 4095 113 34 RTE'S
2339 4091 220 51 departuru
2580 4090 104 39 from
2721 4091 123 38 Paris.
2902 4095 64 35 An

1616 4148 117 37 ewat
1765 4143 47 38 of
1838 4144 85 40 that
2089 4144 74 40 LAs
2199 4144 98 41 lioeu
2319 4144 197 40 'hitherto
2551 4144 39 52 in
2590 4144 19 52 -
2609 4144 139 52 cue:led
2781 4144 46 52 b;
2857 4155 112 30 su:itc

1089 74 145 54 TIIE
1269 77 377 51 NATIONAL
1684 73 380 52 REGISTER.
