3498 4429
1002 5 171 104 TI

1032 236 113 50 Our
1166 235 133 56 iting,
1322 239 328 48 eronattution,
1672 241 87 43 anb
1782 235 169 51 MAW.

151 386 112 60 No.
289 387 91 56 62.

386 559 353 46 POLITICAL
772 560 469 53 DlSQUisrrioN.

639 711 90 27 NUM
741 711 81 25 HER.
844 711 155 27 •SIXTV.

594 819 187 39 PUBLIC
809 819 240 39 AFFAIRS.

207 943 91 40 The
314 943 175 52 Charges
516 943 159 52 against
694 939 70 41 the
784 939 269 41 Commander
1071 940 41 39 in
1134 940 118 41 Chief
1266 939 215 54 appeared,

154 1004 65 40 for
253 1017 112 26 some
384 1005 112 43 time,
526 1007 43 34 to
589 1003 104 39 have
711 1002 191 43 excluded
924 1015 123 39 every
1067 1002 116 40 other
1201 1003 154 51 subject
1374 1002 109 39 from

155 1068 69 39 the
241 1065 138 53 public
397 1067 211 39 attention.
632 1064 156 39 Serious
802 1076 40 26 as
860 1067 107 38 these
985 1064 170 52 charges
1174 1076 91 33 are;
1286 1063 198 54 repulsive

156 1129 79 38 and
256 1128 194 50 afflicting
475 1139 44 26 as
550 1126 31 39 it
613 1130 105 34 must
745 1126 51 39 be
828 1130 41 33 to
900 1139 122 39 every
1045 1126 141 39 honest
1205 1137 91 27 man
1316 1131 43 33 to
1377 1139 65 26 see
1461 1139 25 26 a

156 1201 227 40 personage
402 1202 44 25 so
465 1186 138 54 nearly
626 1185 117 40 allied
778 1191 45 34 to
859 1185 67 39 the
958 1186 161 46 throne,
1149 1185 78 39 and
1258 1183 126 54 filling
1415 1186 71 40 the

157 1248 163 54 highest
356 1248 214 40 ostensible
602 1248 209 45 situation,
848 1247 208 39 convicted
1081 1247 50 39 of
1161 1259 50 27 an
1246 1247 240 40 association

157 1312 98 40 with
275 1325 26 26 a
322 1311 77 39 vile
418 1323 172 34 woman,
615 1309 77 40 and
712 1307 163 40 accused
896 1307 50 39 of
960 1307 286 53 participating
1265 1307 39 39 in
1324 1307 70 39 her
1413 1309 56 39 ini-

155 1375 137 52 quity,
314 1385 58 26 we
385 1371 53 40 do
455 1376 72 34 not
546 1370 182 40 consider
745 1369 126 45 them,
892 1369 204 46 however,
1116 1368 47 40 of
1179 1368 87 40 that
1285 1368 203 41 exclusive

157 1444 294 41 consequence,
468 1444 43 26 as
537 1437 45 33 to
607 1430 180 40 sacrifice
807 1435 41 34 to
868 1429 110 40 them
997 1441 120 40 every
1140 1429 119 39 other
1278 1430 138 51 object
1442 1429 52 40 of

158 1493 184 43 national
364 1494 154 51 inquiry
542 1492 78 38 and
643 1491 144 45 alarm,
842 1493 35 37 It
896 1504 90 39 may
1007 1491 50 39 be
1075 1489 70 40 the
1162 1491 163 39 interest
1342 1491 50 38 of
1403 1489 65 40 fac-

159 1559 125 43 tious,
307 1569 47 26 or
381 1567 252 38 ►mercenary,
660 1551 236 53 journalists
914 1557 44 33 to
991 1551 105 40 rivet
1113 1552 70 38 the
1201 1550 172 54 popular
1391 1550 78 40 feel-

159 1620 70 52 ing
249 1631 54 26 on
325 1630 24 26 a
366 1617 157 50 subject
559 1629 44 25 so
640 1615 223 52 gratifying
893 1618 43 34 to
967 1617 331 48 party-rancour,
1331 1612 78 40 and
1428 1612 41 40 fa-

159 1680 201 40 vourable
380 1684 43 33 to
454 1678 67 38 the
552 1675 188 41 financial
770 1674 268 53 speculations
1070 1672 51 39 of
1147 1685 320 40 newspaper-pro-

159 1744 176 50 prietors
350 1757 12 27 ;
390 1740 74 38 but
477 1752 59 26 we
555 1737 131 39 would
707 1736 116 39 blush
843 1734 63 40 for
921 1734 202 40 ourselves
1141 1733 77 39 and
1233 1739 256 47 ourcountry

159 1804 38 40 if
210 1817 59 26 we
289 1814 103 27 were
410 1800 209 39 conscious
637 1796 90 40 that
741 1796 81 48 [the
850 1796 193 48 intrigues
1062 1795 51 39 of
1124 1808 25 24 a
1175 1795 228 51 prostitute,
1423 1795 71 39 the

159 1865 208 40 weakness
387 1861 48 39 of
449 1861 71 38 her
541 1871 236 39 paramour,
797 1857 76 39 and
892 1858 69 38 the
978 1856 107 39 vices
1102 1854 50 40 of
1167 1854 74 39 her
1267 1856 227 51 despicable

159 1926 234 40 associates,
436 1933 104 33 were
568 1918 170 52 capable
776 1918 50 39 of
853 1918 201 48 diverting
1093 1915 70 39 the
1195 1915 195 52 vigilance
1416 1919 80 35 and

155 1987 174 52 *anxiety
348 1984 48 40 of
413 1983 66 39 the
501 1982 137 52 public
657 1980 107 39 from
793 1980 70 39 the
880 1990 184 40 progress
1090 1976 80 39 and
1188 1974 309 54 developement

161 2052 50 38 of
239 2049 92 37 that
359 2048 230 37 monstrous
608 2054 151 40 power,
790 2040 128 39 which
940 2039 70 39 has
1041 2052 44 24 so
1121 2036 259 43 successfully
1398 2049 76 27 con-

161 2109 135 53 spired
317 2107 157 52 against
487 2105 70 38 the
575 2104 211 52 happiness
800 2101 76 38 and
892 2099 178 39 freedom
1088 2096 48 40 of
1147 2111 77 25 our
1235 2096 260 52 neighbours.

161 2174 76 35 We
255 2169 79 40 feel
353 2180 53 27 on
437 2167 78 40 this
534 2166 203 43 occasion,
761 2176 60 26 we
836 2166 148 35 cannot
1004 2160 169 44 disown,
1204 2171 26 27 a
1257 2164 104 34 most
1389 2170 81 30 mor-

159 2232 152 51 tifying
331 2229 201 41 sensation
554 2232 43 34 to
618 2225 116 39 think
751 2225 89 38 that
853 2236 74 38 any
944 2220 221 40 individual
1180 2232 51 27 or
1245 2219 253 45 individuals,

163 2304 154 39 among
332 2288 216 44 ourselves,
569 2287 204 40 whatever
790 2285 106 40 their
913 2283 139 39 claims
1072 2287 43 33 to
1135 2281 248 39 abhorrence
1403 2293 91 41 may

163 2354 66 45 be,
250 2350 144 40 should
416 2352 146 37 absoru
581 2347 77 38 and
679 2344 255 52 monopolize
960 2343 70 39 the
1056 2341 164 54 general
1251 2341 142 43 hatred
1421 2343 77 38 and

164 2415 183 41 interest,
359 2409 112 39 when
487 2422 24 25 a
526 2407 112 46 bold,
652 2405 252 53 implacable,
919 2405 77 38 and
1011 2417 150 38 savage
1172 2414 158 38 enemy,
1344 2401 156 41 flushed

165 2476 100 39 with
301 2473 70 38 the
403 2469 169 54 plunder
607 2469 76 38 and
718 2469 242 50 prostration
997 2464 50 39 of
1077 2466 71 38 the
1183 2461 223 47 continent,
1428 2463 73 40 has

165 2533 164 52 already
352 2530 255 56 pronounced
628 2542 76 26 our
717 2541 86 26 own
819 2528 120 38 doom
956 2531 44 33 to
1019 2526 48 38 be
1090 2522 263 47 irrevocable,
1370 2522 77 40 and
1469 2523 32 41 is

165 2594 244 53 developing
431 2606 111 26 more
561 2590 78 40 and
660 2601 113 28 more
810 2588 57 38 his
899 2590 86 35 vast
1016 2597 137 28 means
1182 2583 51 40 of
1260 2582 161 54 putting
1440 2583 63 39 his

170 2668 167 28 menace
373 2655 85 37 into
494 2653 233 38 execution.
782 2648 131 39 While
932 2646 97 39 such
1061 2659 26 25 a
1114 2657 92 26 man
1240 2644 32 38 is
1298 2644 203 52 annexing

170 2731 123 27 every
315 2714 141 40 month
477 2726 24 25 a
519 2726 85 25 new
633 2709 214 52 kingdom,
868 2720 46 26 or
933 2706 208 53 province,
1162 2709 43 33 to
1222 2704 67 39 the
1310 2704 194 39 immense

170 2781 158 51 empire
370 2779 50 35 he
464 2776 72 38 has
581 2771 176 45 created,
795 2769 129 39 whilst
967 2769 60 38 his
1067 2766 203 39 followers
1304 2767 138 48 enjoy,
1463 2765 39 40 in

172 2841 257 52 triumphant
449 2833 279 52 anticipation,
749 2832 69 38 the
836 2829 167 54 plunder
1023 2828 48 39 of
1089 2828 67 39 the
1175 2825 145 41 British
1342 2825 162 43 islands,

170 2910 47 33 to
249 2908 93 32 turn
365 2895 236 52 incessantly
625 2895 67 38 the
711 2891 161 53 regards
900 2890 50 40 of
964 2902 76 26 our
1059 2888 158 41 readers
1234 2898 52 26 on
1305 2885 70 40 the
1390 2891 113 47 petty

170 2962 219 54 squabbles
400 2959 77 40 and
491 2957 70 39 the
573 2953 213 56 groveling
802 2953 104 39 vices
919 2950 48 40 of
980 2952 70 39 the
1069 2948 195 40 wretches
1278 2947 229 52 implicated

171 3026 56 52 by
254 3024 73 39 the
363 3021 80 39 late
462 3017 305 52 investigation,
789 3012 131 43 would
952 3013 138 51 betray
1111 3008 119 53 equal
1253 3008 254 40 inditlerence

174 3092 46 34 to
241 3086 70 40 the
324 3085 159 38 honour
496 3079 78 39 and
589 3078 128 50 safety
735 3076 48 39 of
797 3076 262 50 thecoantry.
1106 3072 76 38 We
1196 3071 103 38 have
1316 3074 72 34 not
1407 3069 103 40 been

176 3145 213 41 insensible
407 3149 44 34 to
469 3141 70 40 the
566 3139 99 40 evils
681 3136 161 40 alluded
862 3142 44 34 to
925 3149 51 25 on
996 3135 93 39 that
1108 3131 210 44 occasion;
1349 3130 74 40 but
1439 3130 72 40 the

177 3213 246 51 portentous
438 3209 145 39 storm,
600 3198 130 40 which
751 3198 32 40 is
802 3196 152 54 rapidly
973 3195 235 51 collecting,
1224 3191 78 41 and
1318 3194 171 39 condens-

177 3274 86 48 ing,
286 3268 78 41 and
385 3265 244 51 blackening
650 3274 100 27 over
782 3272 77 28 our
881 3257 137 46 heads,
1038 3257 145 39 effaces
1201 3267 118 39 every
1337 3257 176 35 remoter

177 3332 138 50 image
334 3327 51 41 of
405 3327 155 52 danger
575 3324 77 39 and
673 3321 325 40 inconvenience.
1052 3317 129 39 When
1201 3328 59 28 we
1279 3312 145 41 behold
1444 3313 70 39 the

174 3392 154 53 glance
346 3389 48 39 of
420 3389 70 39 the
511 3387 150 52 tyger's
679 3396 91 40 eye,
800 3381 74 39 and
891 3393 64 27 see
973 3380 84 38 him
1077 3378 40 39 in
1136 3379 70 38 the
1224 3389 96 39 very
1339 3373 176 41 attitude

177 3454 52 41 of
249 3450 223 52 bouncing,
503 3459 71 26 are
594 3459 58 26 we
670 3449 45 37 to
736 3445 50 39 be
807 3442 172 43 terrified
1002 3442 50 52 by
1083 3439 71 40 the
1188 3438 98 40 hum
1306 3437 48 40 of
1369 3449 144 39 wasps,

180 3514 83 41 and
280 3517 47 35 to
345 3510 129 54 guard
493 3508 162 53 against
673 3506 105 40 their
808 3504 280 52 stings.—Our
1110 3511 92 40 very
1235 3496 133 47 looks,
1401 3497 116 39 when

181 3589 61 27 we
262 3579 74 50 put
354 3570 203 43 ourselves
576 3569 38 39 in
637 3581 25 26 a
697 3570 165 48 posture
880 3563 48 40 of
953 3562 168 40 defence
1139 3559 157 53 against
1323 3557 69 39 the
1410 3557 86 39 fero-

182 3639 117 40 cious
319 3635 77 40 and
417 3632 243 52 sanguinary
679 3643 26 26 n
720 3641 30 27 o
761 3633 111 40 ister,
888 3638 69 27 are
973 3622 250 41 destruction
1240 3624 44 37 to
1303 3620 69 39 the
1390 3617 130 43 whole

182 3711 151 30 swarm
351 3696 48 41 of
415 3694 175 52 buzzing
604 3693 79 38 and
702 3692 172 40 iiexious
893 3689 156 39 insects.

239 3762 90 39 The
350 3756 288 54 investigation
671 3754 32 39 is
732 3764 87 28 now
842 3746 164 44 finished
1024 3764 13 30 ;
1067 3744 80 41 and
1181 3744 72 41 the
1273 3742 176 43 decision
1476 3741 52 41 of

184 3835 81 27 oar
287 3816 333 58 representatives
640 3814 79 40 will
744 3815 98 38 soon
861 3809 151 41 follow.
1067 3807 77 38 We
1161 3804 105 40 have
1289 3804 89 40 that
1395 3803 106 40 confi-

185 3883 129 39 dence
333 3883 40 39 in
392 3880 106 40 their
516 3876 169 43 wisdom
705 3875 78 40 and
810 3870 208 54 integrity,
1039 3867 105 46 that,
1176 3866 40 41 in
1245 3866 69 40 the
1331 3876 170 40 unprece-

187 3944 150 43 dented
357 3935 112 48 crisis
485 3941 43 40 in
544 3939 130 40 which
694 3938 71 41 the
783 3939 170 45 country
973 3932 33 38 is
1023 3927 156 56 placed,
1196 3927 96 52 they
1305 3925 78 40 will
1397 3922 99 41 main-

187 4006 90 40 tain
295 4005 72 39 the
385 4002 177 54 dignity,
583 4002 149 43 virtue,
770 3997 77 41 and
881 3991 299 54 independence
1211 3987 51 40 of
1290 3987 70 40 the
1377 3984 146 43 British

187 4067 420 46 Parliament,—now
626 4062 71 40 the
715 4061 77 44 last
810 4056 154 59 asylum
983 4054 48 44 of
1044 4051 98 44 laws
1160 4049 80 44 and
1258 4045 269 59 rights,—the

237 4133 98 40 le.
354 4128 206 45 IL—Ne.
576 4126 149 44 LXII.

960 392 397 65 SUNDAY,
1423 396 196 54 MAR
1642 394 113 54 CII
1798 394 50 63 5,
1899 389 156 58 1809.

2556 378 190 56 PRICE
2767 376 92 58 84.

1540 561 91 53 only
1639 565 102 48 free
1760 561 263 43 deliberative
2035 556 191 53 assembly
2243 557 40 38 in
2298 554 71 40 the
2388 552 69 40 old
2470 547 139 47 world,
2624 546 239 45 unchecked

1544 621 48 53 by
1611 622 133 40 brutal
1763 622 194 46 violence,
1980 620 164 40 unawed
2165 618 51 52 by
2237 621 191 47 tyranny.
2485 609 94 39 This
2597 609 77 39 last
2689 609 150 39 remain-

1544 684 64 51 ing
1625 687 85 47 stay
1743 681 50 43 of
1818 681 181 41 freedom
2016 679 145 45 ;—this
2192 677 157 39 Pharos
2379 676 41 38 in
2451 670 70 41 the
2551 669 204 51 obscurity
2785 665 81 43 and

1544 748 141 34 storms
1703 743 50 39 of
1779 757 74 26 our
1871 755 92 40 age,
1990 744 104 35 must
2112 741 51 39 be
2183 733 231 57 preserved,
2439 724 197 57 towering
2655 728 78 39 and
2750 726 98 40 efful-

1543 809 109 47 gent,
1670 808 45 37 to
1734 804 119 40 cheer
1872 804 66 39 the
1956 801 200 52 drooping
2191 797 130 39 minds
2354 793 79 40 and
2465 790 102 40 raise
2602 789 70 38 the
2701 785 165 53 sinking

1545 878 172 39 courage
1736 865 48 39 of
1799 865 67 39 the
1880 868 159 48 present
2057 859 236 54 generation
2311 872 12 30 ;
2355 852 209 41 otherwise
2583 848 137 53 public
2737 849 132 38 virtue

1545 926 73 39 and
1638 925 210 52 happiness
1866 935 91 40 may
1981 922 94 39 take
2111 934 24 26 a
2164 920 113 52 long,
2306 917 188 54 perhaps,
2525 909 148 52 lasting
2691 907 180 41 farewell

1546 986 47 39 of
1605 989 162 51 Europe
1785 984 77 41 and
1881 997 76 27 our
1970 996 92 27 own
2081 980 158 41 islands.

1597 1045 467 43 These,.considerations
2098 1056 69 25 arc
2197 1036 237 51 sufficiently
2466 1031 234 54 impressive
2730 1035 46 37 to
2810 1031 40 39 in-

1546 1107 100 53 spire
1665 1107 97 40 with
1781 1107 177 39 firmness
1976 1104 77 39 and
2072 1102 226 53 patriotism
2330 1111 26 27 a
2388 1097 74 39 less
2494 1093 269 52 independent
2791 1093 80 39 and

1548 1167 70 41 less
1636 1168 187 40 virtuous
1841 1170 138 37 House
2009 1165 46 39 of
2078 1167 217 37 Commons
2315 1160 96 41 than
2427 1157 71 39 the
2518 1157 175 51 present.
2750 1152 125 40 Their

1547 1230 262 52 proceedings
1843 1232 107 34 must
1980 1222 220 43 determine
2235 1221 180 40 whether
2431 1218 70 39 the
2518 1214 131 40 moral
2669 1224 208 28 resources

1551 1291 47 38 of
1611 1290 79 40 this
1706 1293 170 47 country
1898 1299 67 27 are
1984 1285 195 40 sufficient
2211 1289 44 32 to
2288 1281 112 39 resist
2417 1279 70 40 the
2505 1279 188 48 tempest,
2726 1273 149 47 which,
2922 1293 6 8 •

1551 1350 92 41 with
1662 1350 72 40 the
1752 1354 107 34 most
1877 1345 188 54 frightful
2082 1349 241 50 symptoms,
2353 1342 31 38 is
2414 1336 216 57 gathering
2662 1333 132 41 round
2824 1333 48 40 it.

1551 1411 83 40 The
1651 1410 161 52 highest
1827 1408 150 41 stretch
1996 1406 47 40 of
2069 1406 152 39 human
2252 1403 146 43 virtue,
2438 1398 165 40 wisdom
2622 1395 79 40 and
2721 1408 156 40 energy

1553 1472 30 40 is
1599 1470 117 40 alone
1734 1473 231 50 competent
1983 1472 46 34 to
2047 1478 184 40 preserve
2242 1476 47 27 us
2303 1463 104 38 from
2420 1460 69 39 the
2507 1456 223 40 calamities
2744 1456 133 39 which

1552 1532 102 40 have
1671 1531 172 40 befallen
1864 1543 74 27 our
1957 1527 246 52 neighbours
2218 1540 13 28 ;
2278 1522 96 46 and,
2392 1532 57 26 we
2465 1521 146 37 cannot
2641 1515 164 40 conceal
2825 1517 52 46 it,

1552 1593 67 40 the
1650 1596 182 37 Moment
1861 1592 31 38 is
1922 1589 81 39 fast
2035 1584 293 56 approaching,
2355 1580 113 40 when
2489 1591 59 27 we
2565 1581 106 34 must
2693 1577 184 51 undergo

1553 1654 73 39 this
1648 1665 136 27 severe
1802 1652 77 39 and
1898 1646 287 56 unparallelled
2203 1644 110 40 trial.
2369 1646 33 35 A
2431 1638 257 41 tremendous
2706 1637 110 40 crisis
2844 1636 35 40 is

1553 1728 96 27 near
1665 1719 45 37 at
1728 1714 105 40 hand
1850 1730 12 28 ;
1892 1713 78 39 and
1989 1707 214 56 impressed
2224 1706 93 39 with
2337 1704 69 40 the
2420 1700 123 43 awful
2557 1698 247 46 conviction,
2816 1710 63 28 we

1554 1782 91 34 turn
1664 1788 132 40 away,
1814 1774 94 39 with
1930 1774 144 37 horror
2091 1768 78 41 and
2199 1768 172 50 disgust,
2405 1763 105 40 from
2542 1773 26 27 a
2591 1762 99 38 Mrs.
2713 1759 164 45 Clarke,

1556 1838 71 40 her
1644 1835 211 41 associates
1873 1834 77 40 and
1969 1843 236 44 paramour,
2235 1827 80 40 and
2346 1822 234 53 consigning
2597 1822 112 38 them
2739 1824 40 35 to
2807 1820 74 40 the

1559 1899 267 51 punishment,
1837 1910 50 25 or
1903 1898 223 47 contempt,
2140 1890 130 40 which
2289 1887 72 40 the
2379 1886 90 45 law,
2486 1897 45 26 or
2544 1881 137 56 public
2696 1880 183 53 opinion,

1558 1972 91 40 may
1670 1959 144 44 inflict,
1831 1956 79 40 will
1928 1965 175 43 propose
2127 1963 111 30 some
2258 1958 200 28 measures
2486 1945 39 39 in
2552 1942 118 40 order
2698 1946 46 34 to
2773 1944 112 37 meet

1559 2021 94 40 with
1672 2019 194 43 fortitude
1886 2019 67 39 the
1972 2013 198 52 alarming
2189 2019 273 31 occurrences.
2516 2007 84 37 Our
2616 2014 92 30 own
2737 2007 148 37 nature

1561 2081 31 39 is
1607 2088 72 33 too
1698 2075 214 45 mercurial
1932 2082 45 33 to
1995 2076 92 52 give
2105 2083 90 40 way
2209 2078 47 32 to
2272 2066 274 56 despondency
2568 2079 12 30 ;
2606 2062 84 41 and
2706 2067 47 37 at
2760 2061 100 43 exig-

1560 2156 96 27 ence
1677 2156 60 26 we
1755 2139 136 43 would
1924 2148 138 41 spurn,
2095 2145 106 28 were
2230 2131 33 41 it
2296 2125 222 56 dependent
2555 2137 54 25 on
2642 2122 73 39 the
2747 2122 139 41 brutal

1560 2204 159 54 caprice
1749 2202 51 39 of
1821 2213 27 27 a
1872 2202 152 50 tyrant.
2079 2194 84 39 Our
2183 2190 111 44 mind
2326 2189 33 39 is
2382 2186 116 40 made
2516 2196 54 41 up
2589 2184 66 39 for
2673 2183 73 40 the
2761 2189 125 37 worst

1559 2269 137 35 events
1716 2259 129 43 which
1864 2271 91 38 may
1988 2257 157 50 happen
2161 2268 17 31 ;
2217 2250 112 45 what
2362 2259 76 33 we,
2463 2243 224 48 therefore,
2713 2255 174 40 propose

1561 2334 89 43 may
1670 2323 99 39 bear
1787 2331 113 27 more
1928 2317 73 39 the
2027 2320 129 45 stamp
2185 2309 50 40 of
2248 2321 78 28 our
2347 2319 90 28 own
2454 2303 169 54 feelings
2641 2302 80 41 and
2740 2303 128 53 princi-

1561 2383 97 53 ples,
1674 2383 100 39 than
1794 2379 116 54 apply
1935 2383 44 33 to
1998 2376 69 39 the
2085 2376 159 51 present
2261 2373 106 37 state
2381 2367 47 40 of
2441 2365 167 52 society.

1611 2445 89 39 The
1717 2443 93 40 fifth
1830 2446 66 34 act
1912 2438 50 40 of
1989 2438 69 38 the
2074 2431 189 45 dreadful
2283 2427 185 54 tragedy,
2502 2424 148 47 which,
2681 2422 70 41 for
2773 2435 118 30 more

1563 2506 96 40 than
1688 2505 185 39 nineteen
1898 2512 131 41 years,
2056 2494 161 43 excited
2248 2493 74 39 the
2347 2486 213 54 sympathy
2581 2485 79 41 and
2688 2491 130 35 terror
2845 2485 51 41 of

1564 2567 210 44 mankind,
1805 2565 32 38 is
1860 2575 106 39 upon
1988 2561 69 38 the
2075 2557 117 53 point
2210 2554 48 40 of
2274 2548 296 53 commencing.
2624 2546 91 40 The
2733 2546 159 39 maths

1565 2629 67 39 has
1649 2626 164 51 already
1833 2626 102 37 been
1955 2620 126 39 raised
2101 2630 22 27 a
2143 2615 123 46 little,
2294 2611 77 40 and
2401 2610 71 40 the
2490 2619 252 43 appearance
2759 2606 50 40 of
2820 2606 73 41 the

1566 2696 96 39 hero
1681 2693 51 40 of
1754 2691 67 39 the
1852 2689 111 52 piece
1996 2686 31 40 is
2056 2682 155 40 looked
2243 2680 65 39 for
2328 2676 96 40 with
2457 2673 188 47 anxious,
2673 2668 230 56 trembling

1567 2759 253 53 impatience.
1877 2756 37 37 It
1939 2753 119 37 bears
2091 2761 24 26 a
2146 2745 172 51 striking
2340 2738 269 44 resemblance
2639 2743 45 35 to
2712 2737 69 40 the
2799 2750 73 40 pro-

1566 2825 183 39 ductions
1767 2820 47 40 of
1831 2830 74 27 our
1924 2811 204 44 immortal
2159 2809 112 41 bard.
2329 2807 86 39 The
2444 2816 115 30 scene
2589 2802 116 41 shifts
2722 2802 96 39 with
2836 2800 60 40 ale

1570 2890 103 34 most
1690 2883 71 39 the
1780 2878 170 53 rapidity
1972 2872 50 41 of
2044 2868 360 58 lightning—from
2427 2868 159 51 Europe
2603 2867 46 35 to
2669 2861 150 47 Afeka,
2849 2865 47 34 to

1570 2948 107 43 Asia,
1709 2941 79 41 and
1814 2937 107 41 back
1939 2934 124 54 again
2081 2939 44 33 to
2154 2934 163 48 Europe
2333 2944 12 28 ;
2374 2926 78 40 and
2479 2924 69 40 the
2581 2921 123 56 prim'
2766 2920 12 40 I
2804 2931 71 43 per-

1569 3018 151 41 sonage
1739 3005 31 38 is
1787 2994 270 57 transported,
2088 3006 44 27 as
2160 2991 38 40 if
2223 2992 53 51 by
2297 2988 71 41 the
2388 2985 117 45 effect
2528 2983 50 40 of
2606 2996 92 39 mag
2724 2996 24 30 K
2786 2981 113 46 from

1573 3069 65 39 the
1662 3066 115 39 Seine
1795 3069 45 33 to
1860 3060 72 41 the
1946 3059 77 43 Po,
2050 3056 109 39 from
2178 3051 146 40 thence
2343 3054 44 34 to
2406 3048 71 40 the
2504 3043 90 43 Nile
2621 3043 80 40 and
2728 3041 172 43 aordan.

1576 3130 58 38 He
1664 3135 215 44 reappears
1898 3131 50 28 on
1968 3117 71 39 the
2057 3112 220 43 Po—from
2298 3110 142 40 thence
2469 3110 32 37 is
2526 3104 211 54 conveyed
2766 3110 46 37 to
2830 3103 74 43 the

1577 3187 170 41 Danube
1765 3184 79 40 and
1863 3178 170 41 Vistula.
2089 3176 74 38 His
2178 3177 99 34 next
2296 3180 249 44 appearance
2565 3167 32 39 is
2610 3178 56 27 on
2686 3165 71 40 the
2771 3164 133 46 Ebro;

1574 3250 76 40 and
1670 3249 71 39 the
1757 3250 98 35 next
1874 3252 115 30 scene
2006 3236 47 41 of
2073 3235 60 40 his
2151 3231 178 53 exploits
2344 3228 79 43 will
2444 3226 198 57 probably
2665 3227 52 39 be
2732 3226 70 41 the
2820 3228 59 38 Da-

1576 3312 106 39 nube
1701 3322 47 26 or
1767 3308 70 39 the
1854 3304 183 39 Niemen.
2091 3299 46 37 In
2170 3293 159 53 perfect
2359 3289 242 51 conformity
2623 3293 45 34 to
2696 3286 72 41 the
2794 3286 115 53 prin.

1577 3369 119 51 ciples
1715 3363 50 43 of
1783 3363 71 39 the
1873 3361 131 52 tragic
2023 3361 77 41 art,
2131 3356 72 39 the
2230 3354 103 39 hero
2361 3351 72 40 has
2456 3350 102 40 been
2578 3346 217 54 uniformly
2816 3359 70 28 suc-

1579 3425 156 47 cessful,
1753 3423 159 52 though
1930 3418 177 43 branded
2126 3416 97 40 with
2242 3428 123 39 every
2385 3411 143 46 crime,
2546 3410 78 40 and
2643 3420 52 27 an
2709 3407 137 52 object
2861 3406 56 41 of

1579 3484 201 46 universal
1796 3490 132 35 terror
1945 3481 81 41 and
2044 3478 266 40 abhorrence.
2367 3472 63 41 Ail
2448 3471 152 40 human
2621 3481 154 37 means,
2800 3469 112 41 have

1581 3553 96 38 been
1698 3561 44 26 as
1759 3550 69 50 yet
1854 3544 129 39 found
2010 3537 228 43 ineffectual
2258 3542 45 35 to
2323 3536 110 38 resist
2453 3534 81 38 him
2567 3531 40 40 in
2629 3530 66 40 his
2717 3529 94 43 mad
2838 3543 47 27 ca-

1584 3625 81 27 reer
1702 3608 47 40 of
1780 3606 197 40 ambition
2010 3605 78 38 and
2122 3611 164 35 cr:ltes,
2316 3594 132 41 whilst
2476 3593 69 41 the
2580 3605 157 40 powers
2767 3591 48 41 of
2836 3592 74 41 the

1583 3670 195 58 probable
1795 3680 69 27 are
1892 3661 230 44 considered
2153 3660 243 48 itiadequ‘te
2414 3660 45 35 to
2479 3656 143 39 render
2637 3656 72 39 the
2728 3665 117 30 cause
2864 3650 53 41 of

1579 3733 144 50 justice
1740 3728 250 53 triumphant
2008 3741 11 30 ;
2049 3724 92 43 and,
2164 3719 217 51 according
2413 3722 43 34 to
2476 3728 111 28 some
2603 3715 51 41 of
2676 3728 79 27 our
2771 3712 120 56 politi-

1585 3795 59 41 cal
1675 3793 152 43 critics,
1860 3800 111 27 some
2008 3785 111 40 Deus
2153 3795 53 27 ex
2244 3783 198 41 machina,
2479 3789 111 30 some
2624 3771 289 58 supernatural

1586 3867 168 43 agency,
1773 3854 32 38 is
1820 3846 91 53 una.
1911 3846 22 53 ,
1933 3846 161 53 ,Adably
2114 3855 207 40 necessary
2342 3847 45 35 to
2404 3844 102 35 stem
2522 3839 71 40 the
2609 3848 143 30 course
2769 3835 50 43 of
2835 3831 80 44 vii.

1586 3918 105 51 lainy
1711 3911 79 45 and
1808 3909 201 52 inkatice.

1637 3980 130 48 Every
1782 3977 191 40 account,
1994 3969 157 53 private
2176 3965 79 41 and
2284 3961 152 56 public,
2466 3961 111 40 from
2594 3960 71 41 the
2680 3957 239 48 Continent,

1586 4051 119 41 every
1727 4033 146 45 article
1886 4033 41 40 in
1948 4033 70 40 the
2037 4030 111 43 Paris
2166 4030 169 52 Papers,
2355 4023 193 56 referring
2567 4028 44 38 to
2630 4020 182 46 Austria,
2830 4019 86 41 furs

3332 631 63 15 -

3398 717 20 11 ~

3333 1840 24 17 4';

3330 2254 19 14 ~

3234 2692 8 11 I'

3363 2933 33 100 I

3370 1362 19 18 ►:;

3214 3056 57 51 el

3320 2837 48 74 ■
