3397 4429
229 87 17 28 E

195 90 57 51 ~~)

1093 72 146 57 THE
1276 66 378 60 NATIONAL
1691 59 379 60 REGISTER.

240 214 133 45 Them
393 228 67 30 nre
481 229 112 27 some
613 215 165 41 notices,
797 211 47 38 of
861 211 66 39 the
947 208 158 52 highest
1129 208 178 40 interest,
1348 202 38 37 in
1415 200 110 39 these

190 291 159 45 papers,
385 279 170 40 tdative
592 282 44 32 to
677 273 172 40 Prussia.
924 270 84 39 The
1042 270 84 38 KIN
1176 265 76 39 and
1290 266 155 40 gurEN
1479 257 46 39 of

195 344 148 43 PRVORI
353 351 21 30 A
398 338 72 43 left
495 335 270 53 Petcrshurgh
788 348 52 26 on
861 334 69 38 the
948 335 84 35 31st
1046 330 48 39 of
1120 331 200 40 January,
1354 322 74 39 and
1462 333 40 26 ar-

197 400 135 46 rived
332 402 37 43 in
389 402 150 39 Aletnel
560 402 103 38 after
681 400 92 38 nine
793 398 112 50 day's
919 398 193 46 journey.
1169 387 124 40 Their
1313 386 216 53 departure

193 464 106 53 frtont
309 461 92 45 that
426 465 99 52 city,
546 463 130 38 where
694 462 92 48 they
807 457 78 40 had
905 457 122 37 taken
1046 452 105 40 their
1167 449 200 40 residence
1383 459 43 25 as
1439 444 92 50 long

198 539 45 30 its
257 523 286 56 Kenitigsberg,
557 521 78 41 ivas
656 520 189 52 occupied
861 520 50 41 by
930 517 65 38 the
1012 513 170 44 French,
1199 511 31 37 is
1248 514 72 34 not
1332 506 174 40 mention-

198 587 67 43 eel,
295 565 2 71 •
322 587 89 41 The
435 587 184 40 Prussian
641 596 128 39 army,
793 579 125 40 which
940 591 77 25 was
1045 570 195 56 supposed
1273 576 44 31 to
1351 569 50 37 be
1421 565 81 39 Mll-

197 647 171 48 inlnted,
389 660 58 28 sic
483 661 70 27 are
586 648 132 50 happv
742 648 44 33 to
807 643 97 46 find,
938 641 188 38 amounts
1156 639 43 33 to
1233 627 146 48 42,600
1410 640 90 27 men

198 715 78 40 4he
296 713 148 53 guards
463 715 172 37 amount
661 712 41 34 to
725 710 118 39 6000,
875 702 67 40 the
972 699 118 40 other
1121 693 92 41 field
1246 692 217 52 regiments
1491 694 41 33 to

201 776 164 45 00,000,
396 774 77 38 and
493 772 71 39 the
591 767 185 54 brigades
795 764 48 40 of
868 761 184 51 Artillery
1075 764 43 33 to
1139 759 116 34 6090.
1315 754 70 38 Ilis
1407 754 124 35 Puoi.-

200 852 32 26 0;
243 850 51 27 AN
313 836 202 40 111.0tsly
536 831 73 39 has
628 830 125 40 issued
774 827 136 39 orders
927 829 40 33 to
994 823 151 48 inspect
1166 819 66 38 the
1263 815 211 39 fortresses
1493 811 39 38 M

201 901 135 43 Neirete
369 899 39 41 in
444 899 152 44 Silesia,
631 895 73 43 and
733 891 202 53 Spandau,
963 887 77 39 and
1072 891 44 33 to
1146 879 139 56 supply
1307 879 112 39 them
1439 876 92 39 with

200 961 181 53 ortilleey
390 985 11 19 4
433 959 286 44 ammunition,
758 953 74 40 and
869 948 237 56 provisions.
1163 947 21 40 '
1185 947 21 40 l
1206 947 22 40 '
1228 947 22 40 W
1280 939 255 52 !‘lagiStrateS

201 1026 51 43 or
268 1026 65 43 11w
356 1026 184 41 different
562 1023 210 52 provinces
793 1018 102 38 have
915 1015 80 39 also
1020 1015 99 37 been
1142 1006 189 53 enjoined
1352 1010 43 39 to
1415 1002 119 40 make

202 1093 161 44 returns
379 1088 47 41 of
437 1088 69 41 the
522 1085 169 40 number
710 1081 50 40 of
775 1093 90 26 men
887 1077 46 39 fit
951 1075 64 39 for
1036 1072 165 44 service,

256 1157 40 46 if
311 1169 58 32 we
380 1169 190 40 compare
588 1155 110 40 these
713 1152 195 39 accounts
926 1143 227 46 with'those
1169 1141 47 40 of
1232 1140 70 39 the
1317 1135 216 56 migration

203 1222 48 44 of
263 1218 83 44 -the
374 1226 104 35 most
496 1212 285 56 distinguished
803 1220 239 43 personages
1062 1205 104 39 from
1191 1201 149 45 Berlin,
1364 1199 66 40 for
1452 1200 57 37 Ko-

204 1281 236 56 pingsberg,
461 1292 59 27 we
540 1276 163 51 indulge
723 1276 70 39 the
811 1270 178 54 pleasing
1012 1269 122 51 hope,
1156 1265 87 39 that
1261 1263 72 39 the
1363 1263 112 39 KING
1494 1258 47 38 of

206 1346 177 48 itAINUA
424 1344 31 38 is
474 1345 71 34 not
565 1336 227 45 indaerent
828 1339 43 32 to
904 1337 65 34 the
989 1332 169 47 tempest
1192 1323 125 41 which
1352 1332 183 30 menaces

207 1406 161 45 Austria
385 1419 12 32 ;
428 1403 76 40 and
536 1401 91 38 that
654 1396 239 53 experience
928 1393 69 47 has
1026 1388 146 53 taught
1192 1387 84 39 him
1294 1385 71 39 the
1382 1384 154 51 danger

208 1466 78 46 and
306 1462 144 54 Macy
483 1462 50 40 of
565 1462 59 39 his
654 1460 154 39 former
828 1454 188 44 conduct,
1051 1450 112 45 when
1185 1449 89 37 that
1303 1457 136 41 power
1457 1457 79 26 was

208 1522 295 54 overwhelmed
536 1525 51 51 by
617 1520 70 41 the.
718 1517 168 43 French.
943 1517 61 39 Ile
1036 1526 81 30 was
1144 1511 67 40 the
1241 1512 98 44 next
1370 1506 137 39 victim

208 1589 78 52 !it'd
301 1589 51 43 he
361 1585 79 48 will
459 1584 48 44 be
527 1600 44 31 59
587 1597 76 39 42;a
669 1583 37 39 in
713 1609 9 19 ,
742 1578 146 48 should
907 1577 66 39 the
991 1587 110 27 same
1120 1572 84 39 fate
1222 1569 122 45 await
1359 1567 175 47 AdSirill.

210 1648 259 48 DrtiifilCiion
498 1649 40 38 in
569 1658 78 33 one
676 1656 90 27 case
795 1642 31 38 is
861 1633 295 46 unavoidable;
1187 1633 37 38 in
1253 1631 70 45 the
1343 1629 135 45 other,
1507 1628 30 39 it

209 1724 93 44 Wray
325 1711 48 43 be
392 1708 165 44 averted
579 1710 51 48 by
650 1717 168 39 energy,
837 1697 288 58 promptitude,
1159 1693 77 41 and
1257 1691 189 40 decision.
1504 1691 32 38 A

208 1770 187 47 drendful
415 1768 288 45 fermentation
722 1767 123 37 exists
868 1763 38 38 in
930 1772 119 39 every
1076 1756 193 53 province
1289 1754 50 39 of
1362 1752 174 40 Prussia.

210 1838 136 41 Secret
359 1833 263 43 associations
639 1830 102 39 exist
757 1830 38 37 in
816 1837 117 39 every
958 1826 133 41 town,
1091 1817 161 43 formed
1270 1830 53 26 on
1344 1815 67 40 the
1430 1826 109 28 same

210 1898 112 58 plan,
356 1894 72 44 but
450 1894 92 39 with
566 1907 24 25 a
608 1891 187 40 different
820 1889 136 50 object
987 1883 40 38 in
1050 1881 115 43 view,
1200 1893 41 25 as
1276 1878 117 39 those
1422 1884 116 37 were,

210 1970 115 39 some
343 1968 115 45 year%
485 1970 96 39 ago,
617 1955 35 38 in
676 1950 171 41 Ireland.
904 1946 110 51 They
1045 1956 67 27 ale
1143 1941 206 39 instituted
1380 1938 65 41 for
1472 1937 69 39 the

211 2031 177 45 purpose
405 2021 48 38 of
470 2016 234 48 reasserting
725 2011 69 40 the
811 2007 293 53 independence
1124 2002 47 41 of
1187 2002 66 39 the
1273 2004 125 40 State,
1421 2011 100 27 re-es-

210 2079 194 57 tahtising
433 2083 67 37 the
534 2080 159 38 honour
713 2073 78 40 and
810 2070 109 51 fame
938 2069 48 38 of
1010 2068 70 41 the
1102 2065 183 41 Prussian
1307 2076 120 33 arms,
1460 2061 78 40 and

210 2143 188 54 residing
415 2140 67 41 the
501 2137 207 44 exactions
725 2135 48 39 of
790 2133 67 39 the
881 2143 158 39 enemy.

265 2217 87 44 The
366 2216 198 44 dis!resses
578 2213 47 51 of
640 2212 66 46 the
728 2213 126 46 State,
875 2206 72 48 and
969 2205 66 39 the
1049 2205 246 48 consequent
1313 2196 220 51 dismission

211 2280 53 45 or
274 2291 25 31 it
317 2275 171 46 number
500 2272 51 43 of
559 2285 176 43 persons,
751 2271 92 47 who
865 2264 102 52 tilled
987 2264 92 41 civil
1101 2264 77 38 and
1194 2261 174 51 military
1390 2261 150 41 offices,

213 2330 78 53 And
312 2337 104 45 lived
438 2336 37 41 in
497 2336 210 53 opulence,
738 2331 102 39 have
860 2326 187 54 deprived
1069 2326 48 39 of
1134 2335 207 30 resources
1359 2320 77 39 and
1456 2333 64 45 em-
1520 2333 22 45 ,

213 2400 210 69 ployment
443 2409 24 30 a
487 2404 86 33 vast
593 2393 171 43 number
789 2391 48 39 of
865 2387 255 43 individuals,
1153 2385 91 39 who
1274 2396 69 26 arc
1372 2380 169 54 capable

215 2461 80 44 and
318 2458 167 57 trilling,
504 2461 107 37 from
630 2454 171 53 despair,
823 2457 41 34 to
885 2452 100 38 form
1005 2451 67 38 the
1094 2453 103 33 most
1214 2445 126 51 hardy
1359 2444 77 46 and
1456 2443 64 39 des-

214 2526 143 54 perate
372 2522 250 54 enterprises.
678 2517 97 40 This
793 2516 208 38 sentiment
1030 2512 30 35 is
1081 2515 71 33 not
1176 2507 181 56 peculiar
1387 2510 41 34 to
1453 2505 90 39 that

216 2585 124 51 order
371 2581 50 45 of
446 2593 87 32 men
569 2580 138 48 alone;
746 2580 69 38 the
848 2575 263 51 interruption
1144 2570 46 39 of
1218 2580 227 32 commerce
1475 2567 70 39 has

210 2647 119 56 Ming
348 2648 73 39 not
441 2646 48 39 of
503 2640 123 52 bread
645 2656 24 24 a
687 2637 170 44 number
878 2636 47 39 of
944 2647 137 41 3oung
1103 2646 105 32 men,
1225 2630 90 40 who
1339 2642 104 44 were
1461 2641 57 26 em-

214 2706 150 60 ployed
394 2706 39 43 in
456 2704 69 47 the
546 2701 360 52 counting-houses
926 2696 74 39 and
1028 2696 252 38 warehouses
1299 2691 47 44 of
1362 2691 67 39 the
1444 2702 77 26 mer-

213 2771 125 44 chant
357 2769 78 41 and
457 2766 319 48 manufacturer.
835 2759 120 41 Their
974 2756 158 43 distress
1149 2756 74 39 and
1246 2753 301 48 abandonment

214 2835 109 51 Mild
343 2829 53 44 be
415 2828 247 57 deplorable.
722 2822 159 43 Besides
899 2820 123 44 these,
1044 2819 113 39 there
1180 2817 30 39 is
1228 2829 22 25 a
1265 2815 105 45 third
1393 2812 97 41 class
1505 2815 43 38 of

213 2904 181 47 perform,
410 2893 136 40 whose
565 2889 194 41 situation
790 2885 45 46 is,
867 2882 34 40 if
928 2881 184 52 possible,
1146 2876 78 43 still
1246 2890 113 32 more
1380 2875 142 39 lament-

215 2955 94 46 able
356 2954 94 56 they
472 2954 150 40 consist
641 2949 47 41 of
702 2949 96 40 such
820 2960 43 26 as
881 2942 105 43 filled
1002 2942 92 40 civil
1115 2943 136 38 offices
1266 2940 38 38 in
1324 2939 69 47 the
1413 2936 133 41 Polish

215 3017 216 59 provinces
445 3013 123 44 ceded
587 3021 45 34 to
653 3015 178 47 Saxony,
852 3007 76 40 and
945 3006 37 40 in
1003 3005 116 40 thone
1139 3004 126 48 which
1289 3001 105 43 form
1417 3014 24 31 a
1459 3004 89 50 part

217 3079 51 44 of
281 3079 70 43 the
369 3077 206 57 Xingdom
596 3076 50 40 of
660 3067 262 58 Westphalia.
979 3067 113 53 They
1113 3078 103 27 were
1234 3063 52 45 all
1312 3060 235 54 discharged

216 3143 109 43 Pont
345 3139 107 44 their
467 3138 150 47 ;aces,
637 3133 78 43 and
735 3128 203 46 dismissed
957 3135 43 37 to
1020 3130 105 39 their
1146 3128 152 40 former
1316 3125 154 40 homes.

327 3228 57 30 we
417 3211 136 45 rellect
568 3226 51 26 on
638 3211 70 39 the
736 3207 171 52 feelings
941 3204 47 40 of
1018 3204 118 40 those
1156 3201 172 44 victims,
1354 3198 137 53 pining
1509 3198 39 39 in

220 3280 149 56 trifeey
390 3278 77 40 and
498 3274 193 43 inaction,
711 3285 48 26 or
795 3269 143 51 roving
966 3266 130 39 about
1127 3278 45 28 as
1199 3260 239 56 vagabonds
1457 3259 38 39 in
1527 3272 22 27 a

415 3334 126 43 which
565 3337 93 44 they
679 3343 100 34 incc
800 3328 204 45 honoured
1037 3327 50 51 by
1110 3325 105 40 their
1240 3322 164 46 talents,
1419 3334 48 27 or
1483 3333 44 27 en
1527 3333 22 27 ,

248 3400 113 45 felt-rd
381 3400 25 41 h
457 3398 103 46 their
579 3398 197 48 industry,
798 3405 58 25 we
885 3394 149 35 cannot
1054 3386 74 41 but
1147 3397 170 41 suppose
1337 3383 93 40 that
1447 3381 105 40 their

223 3461 130 48 Owls
380 3472 70 30 fire
469 3458 167 40 wyrked
653 3461 67 45 'up
754 3459 43 40 to
829 3467 24 25 a
873 3452 200 46 delirium,
1094 3448 128 39 which
1247 3450 106 34 must
1375 3443 177 56 produce

221 3536 115 34 SiMie
367 3519 259 47 ifefilCndons
657 3513 250 45 convulsion.
966 3515 96 37 War
1090 3509 93 48 with
1220 3510 167 41 France,
1421 3504 113 40 assist-

239 3598 85 33 'nCe
352 3589 45 40 to
430 3583 177 44 Austria,
627 3579 177 40 freedom
826 3574 76 40 sand
922 3574 66 39 the
1020 3572 158 48 ancient
1199 3570 119 46 order
1337 3566 48 40 of
1404 3568 145 50 things,

223 3651 110 44 mug
364 3646 52 43 he
446 3647 70 39 the
549 3644 215 39 sentiment
793 3638 76 38 and
898 3635 65 39 the
993 3647 63 39 cry
1083 3634 47 38 of
1157 3631 109 41 these
1291 3630 261 40 unfortunate

220 3706 162 63 people,
441 3707 112 52 They
583 3706 105 37 have
715 3700 174 51 nothing
917 3710 111 26 more
1057 3702 44 32 to
1134 3694 80 39 lose
1232 3691 74 41 but
1326 3705 24 24 a
1372 3690 181 40 trouble-

222 3776 151 43 OM
373 3768 221 45 existence,
633 3764 76 41 and
746 3761 96 52 they
879 3759 100 39 have
1007 3759 70 37 the
1120 3759 188 50 prospect
1328 3754 48 47 of
1393 3752 136 53 regain
1528 3752 24 53 ,

221 3836 71 56 log
311 3831 110 44 *bat
441 3834 96 50 they
557 3826 92 45 lost.
705 3823 150 44 Should
878 3822 66 39 the
969 3824 146 37 PacFsi
1128 3833 45 24 %N
1206 3817 130 46 Kiwi,
1372 3814 178 54 through

220 3898 91 45 Per
330 3907 50 33 Of
398 3891 198 46 ilehision,
619 3892 176 50 attempt
826 3891 43 34 to
891 3883 110 39 resist
1033 3883 67 39 the
1136 3879 164 41 forcible
1330 3883 163 35 current
1512 3878 44 40 of

309 3956 136 61 psiblie
467 3957 182 53 opinion,
681 3950 77 41 and
787 3954 74 34 not
881 3947 118 39 make
1019 3957 50 27 an
1089 3940 118 44 effort
1224 3956 52 27 on
1309 3943 70 45 the
1413 3943 80 39 side
1512 3941 44 40 of

221 4018 182 52 Anfilrin,
436 4018 37 43 in
507 4018 79 40 this
606 4016 72 40 last
713 4007 182 58 struggle
922 4007 61 40 for
1004 4006 315 53 independence,
1339 4019 25 31 a
1382 4004 174 53 popular

222 4082 275 50 to/Motion,
527 4080 98 39 with
664 4075 51 40 all
751 4074 51 39 its
837 4083 190 34 excesses,
1062 4068 32 39 is
1127 4067 285 41 unavoidable.
1470 4067 85 40 The

220 4143 131 51 minds
370 4143 52 52 of
435 4142 70 45 the
524 4140 197 44 Germans
735 4136 112 41 tare
867 4133 99 41 bee;i
998 4131 66 40 for
1096 4143 112 28 some
1238 4130 97 40 time
1355 4128 201 56 brooding

2602 47 248 52 MARCH
2868 48 50 57 5,

1594 219 96 26 over
1710 206 78 38 this
1800 206 106 44 idea,
1926 201 79 41 and
2026 214 67 26 are
2126 193 260 44 familiarised
2415 198 44 33 to
2496 193 51 38 its
2568 190 175 39 horrors.
2798 184 128 41 Utile

1594 266 217 51 monarchy
1835 266 31 39 is
1884 270 44 33 to
1948 265 51 39 be
2020 259 228 58 preserved,
2271 257 67 39 the
2357 253 254 41 inclinations
2630 250 47 39 of
2691 249 69 40 the
2779 244 146 57 people

1594 334 103 34 must
1734 333 74 34 not
1841 328 51 38 be
1928 324 176 40 resisted.
2159 313 74 46 We
2254 319 102 40 have
2374 325 91 31 seen
2485 313 283 56 publications,
2789 306 133 43 which

1594 389 117 53 lately
1736 387 201 53 appeared
1961 387 38 38 in
2019 385 90 39 that
2126 386 174 46 country
2321 397 12 28 ;
2362 378 93 53 they
2489 373 163 41 contain
2681 372 113 46 bold,
2819 381 79 39 mys-

1596 452 150 40 terious
1765 450 207 45 allusions,
1993 445 129 47 which
2151 443 142 40 evince
2316 438 103 41 their
2437 438 215 51 tendency,
2683 433 78 43 and
2779 433 145 48 betray

1596 514 104 39 their
1722 526 221 26 rancorous
1962 510 247 38 abhorrence
2228 504 50 39 of
2293 504 66 38 the
2378 513 159 39 enemy.
2594 498 129 39 These
2741 507 69 27 are
2824 493 77 54 pub-

1596 574 122 40 fished
1739 574 76 38 and
1838 570 221 40 circulated
2080 565 285 52 clandestinely
2383 580 11 30 ;
2425 562 79 39 and
2533 560 94 51 they
2660 556 167 40 breathe
2855 554 70 41 the

1597 643 103 33 most
1721 635 158 40 fervent
1903 633 141 40 wishes
2052 630 76 40 for
2148 630 177 38 German
2350 622 307 53 independence.

1650 712 129 39 Under
1795 710 111 38 these
1935 707 309 40 circumstances
2264 700 170 51 nothing
2454 696 132 41 would
2626 694 50 39 be
2695 704 115 27 more
2829 702 96 39 easy

1597 772 96 39 than
1723 778 43 33 to
1789 770 191 53 orgznize
2014 781 21 26 a
2056 772 116 48 great
2202 763 176 51 military
2407 762 128 41 force,
2565 755 76 50 and
2668 768 53 25 no
2751 757 175 46 country

1597 847 109 40 upon
1736 833 117 40 earth
1876 831 71 39 has
1967 844 24 26 a
2009 833 159 50 greater
2189 826 154 52 facility
2372 823 46 40 of
2446 821 123 51 doing
2591 819 46 46 it,
2665 816 131 38 where
2812 815 115 37 there

1596 909 69 26 are
1683 909 43 25 so
1741 907 117 39 many
1877 891 172 45 officers,
2070 896 43 33 at
2132 892 161 51 present
2315 880 283 57 unemployed,
2620 878 77 40 and
2715 878 131 38 where
2867 874 39 39 al-

1598 961 105 34 most
1739 969 119 39 every
1887 966 111 33 man,
2030 951 107 40 from
2176 948 69 40 the
2265 946 151 43 former
2443 945 116 51 spirit
2578 940 76 39 and
2676 935 249 41 institutions

1597 1018 50 39 of
1654 1019 70 40 the
1742 1016 240 52 monarchy,
2006 1015 31 39 is
2049 1026 24 26 a
2091 1011 159 41 soldier.
2309 1010 84 37 The
2413 1018 110 28 same
2537 1003 171 51 facility,
2730 1002 67 38 the
2816 1011 111 26 same

1596 1080 129 52 spirit,
1744 1080 69 39 the
1822 1090 111 27 same
1949 1076 174 41 motives
2139 1072 103 39 exist
2262 1069 257 52 throughout
2537 1065 71 39 the
2626 1062 194 41 northern
2835 1064 92 47 part

1597 1140 50 40 of
1661 1143 201 48 Germany
1880 1157 12 28 ;
1924 1139 79 39 and
2019 1136 38 40 if
2068 1135 70 40 the
2150 1133 143 53 genius
2313 1131 74 45 and
2405 1139 181 39 courage
2601 1126 51 39 of
2662 1124 66 39 the
2744 1124 183 39 Govern-,

1599 1208 109 34 ment
1726 1202 138 39 march
1887 1213 51 35 on
1958 1198 70 39 the
2047 1209 109 27 same
2176 1193 142 54 height
2336 1191 93 41 with
2448 1191 70 39 the
2533 1183 254 43 inclinations
2802 1183 50 39 of
2861 1182 66 39 the

1600 1263 260 48 inhabitants,
1892 1261 71 40 the
1982 1258 298 59 independence
2300 1252 48 45 of
2370 1257 163 48 Europe
2555 1261 91 40 may
2669 1248 48 41 be
2737 1244 81 41 still
2839 1258 66 40 pre-

1598 1326 154 44 served,

1651 1452 132 41 Dutch
1806 1452 154 53 Papers
1975 1457 45 33 to
2039 1450 70 39 the
2130 1447 107 46 19th,
2267 1444 78 40 and
2367 1442 110 41 Paris
2494 1444 150 47 Papers
2662 1442 43 34 to
2724 1435 71 40 the
2820 1434 110 45 15th,

1600 1520 104 26 were
1715 1506 181 39 received
1915 1518 52 27 on
1981 1501 265 51 Wednesday.
2289 1496 228 51 According
2531 1499 43 33 to
2590 1492 66 38 the
2670 1488 260 53 compulsory

1599 1563 236 37 statements
1856 1557 52 39 of
1932 1557 113 39 these
2066 1557 206 38 Journa:s,
2301 1550 74 39 and
2396 1548 39 39 in
2456 1544 248 52 conformity
2732 1540 96 41 with
2859 1540 71 41 the

1600 1611 122 39 artful
1743 1610 130 52 policy
1896 1609 50 40 of
1972 1610 67 38 the
2070 1611 150 48 tyrant,
2252 1604 70 39 the
2347 1602 158 52 highest
2536 1599 148 58 degree
2709 1593 50 40 of
2784 1592 124 41 enthu-

1599 1663 131 40 siastic
1743 1667 72 48 joy
1831 1663 31 39 is
1876 1659 239 43 manifested
2134 1659 50 52 by
2207 1655 52 41 all
2280 1654 261 52 descriptions
2559 1655 41 35 of
2621 1659 163 41 persons
2803 1646 38 38 in
2863 1646 69 38 the

1600 1717 209 52 provinces
1827 1713 198 54 occupied
2046 1713 50 52 by
2117 1711 70 39 the
2207 1709 171 43 French,
2417 1710 44 34 at
2487 1706 70 39 the
2584 1700 197 41 accession
2803 1698 48 39 of
2861 1698 72 38 the

1606 1768 299 51 Pseudo-King,
1945 1770 176 35 JOSEPH.
2197 1757 344 53 Congratulatory
2589 1754 216 43 addresses,
2852 1752 79 39 and

1603 1821 137 39 marks
1753 1821 50 38 of
1812 1820 182 51 homage
2004 1830 67 27 are
2087 1813 152 56 poured
2254 1814 54 46 in
2308 1813 109 38 from
2434 1822 118 38 every
2571 1812 107 35 town
2694 1804 76 40 and
2786 1802 148 52 village

1602 1876 45 39 of
1677 1876 69 38 the
1778 1871 230 47 Peninsula,
2039 1870 37 39 in
2105 1877 274 41 consequence
2407 1863 51 46 of
2472 1861 78 40 this
2557 1863 216 48 fortunate
2790 1861 139 33 event.

1603 1926 86 40 The
1709 1939 167 39 usurper
1896 1925 31 38 is
1944 1923 128 41 stated
2093 1928 43 33 to
2152 1920 103 39 have
2274 1917 162 45 entered
2456 1912 159 43 Madrid
2633 1923 54 27 on
2707 1910 69 39 the
2794 1907 77 39 22d
2888 1904 51 43 of

1603 1982 197 50 January,
1830 1978 144 38 amidst
1997 1975 67 41 the
2080 1978 146 35 loudest
2245 1971 278 43 acclamations
2554 1964 77 40 and
2652 1964 67 39 the
2738 1965 106 34 most
2857 1975 52 25 un-

1591 2034 170 50 feigned
1778 2036 222 43 transports
2019 2028 47 38 of
2078 2029 65 37 the
2161 2024 262 41 inhabitants,
2453 2019 91 39 who
2559 2014 217 44 assembled
2798 2013 39 39 in

2859 2015 50 38 im-

1607 2096 131 26 mense
1757 2083 155 39 crowds
1925 2087 44 33 to
1983 2083 83 37 hail
2081 2080 71 41 the
2172 2075 229 54 auspicious
2431 2076 137 35 return
2588 2068 50 40 of
2649 2068 106 40 their
2773 2069 163 38 beloved

1606 2137 233 52 Sovereign.
1912 2134 64 41 All
1997 2134 69 39 the
2094 2135 224 51 pageantry

2331 2127 19 61 .
2350 2127 38 61 of
2404 2124 171 52 religion
2595 2121 76 40 and
2707 2120 229 43 arms,—To

1607 2191 144 43 Dow?,
1781 2189 76 39 and
1879 2187 107 40 fixed
2006 2186 211 53 bayonets,
2237 2181 161 52 ringing
2417 2177 48 40 of
2476 2176 112 45 bells,
2609 2173 77 41 and
2705 2171 233 51 discharges

1605 2241 444 52 ofartillery,—priests
2079 2251 38 26 in
2145 2232 230 57 pontificals
2406 2229 78 40 and
2505 2228 152 51 lighted
2687 2223 248 46 matches,—,

1604 2293 260 40 contributed
1885 2298 44 33 to
1951 2291 142 40 render
2109 2290 78 38 this
2205 2298 116 27 scene
2340 2282 182 52 awfully.,
2549 2293 59 26 we
2627 2290 94 40 may
2741 2289 67 37 say
2826 2274 90 39 hori-

1606 2347 83 51 bly,
1717 2344 248 53 impressive.
2022 2347 52 37 As
2094 2356 24 24 a
2137 2339 128 54 proof
2276 2337 51 40 of
2341 2337 65 38 the
2420 2331 242 43 established
2683 2326 253 53 tranquillity

1605 2399 76 39 and
1702 2398 237 40 confidence
1977 2396 61 38 his
2059 2396 170 47 Majesty
2249 2393 32 37 is
2298 2386 270 56 represented,
2598 2396 53 26 on
2670 2382 69 39 the
2752 2380 187 51 entering

1606 2451 69 39 the
1695 2450 112 53 place
1822 2456 48 33 tie
1889 2454 60 34 las
1968 2450 193 41 Delicius,
2189 2450 45 33 to
2267 2444 104 43 have
2401 2437 194 43 mounted
2614 2448 53 27 on
2688 2432 244 44 horseback,

1606 2504 77 39 and
1706 2502 222 54 proceeded
1964 2502 40 39 in
2039 2502 87 38 that
2145 2509 187 32 manner,
2360 2496 137 41 amidst
2516 2494 65 35 the
2598 2489 282 40 acclamations
2896 2487 51 47 of

1606 2559 64 37 the
1681 2561 154 45 people,
1850 2554 181 52 through
2050 2554 69 38 the
2137 2545 156 45 several
2322 2550 139 37 streets
2481 2549 44 35 to
2545 2543 69 38 the
2647 2539 150 40 church
2818 2537 50 39 of
2878 2539 57 50 St.

1610 2609 172 47 Isidore;
1812 2608 77 40 but
1906 2619 119 40 every
2047 2609 137 43 street,
2212 2614 119 39 every
2354 2598 113 53 place
2486 2594 74 40 and
2582 2606 144 28 corner
2744 2602 107 28 were
2869 2603 47 26 oc-

1609 2661 143 52 cupied
1781 2661 77 39 and
1897 2659 104 40 lined
2035 2657 94 39 with
2160 2668 50 26 an
2245 2654 191 39 immense
2473 2649 93 39 host
2584 2646 48 40 of
2663 2646 137 39 armed
2820 2655 90 27 men
2927 2657 13 28 ;

1609 2714 130 39 whilst
1756 2714 71 39 the
1856 2711 137 41 sacred
2014 2722 144 40 person
2179 2707 48 39 of
2259 2707 71 39 the
2366 2701 170 41 beloved
2569 2704 159 35 JOSEPH
2750 2709 81 26 was
2850 2695 89 39 sur.;

1612 2766 176 40 rounded
1809 2766 51 52 by
1872 2778 35 26 .a
1923 2777 144 27 swarm
2082 2761 47 39 of
2139 2759 353 48 Aides-de-Camp,
2515 2751 312 52 Major-domos,
2842 2760 73 40 gen-

1609 2819 148 40 tlemen
1778 2818 48 44 of
1841 2818 70 39 the
1930 2815 313 44 Bed-chamber,
2265 2809 226 54 Equerries,
2504 2805 76 40 and
2601 2818 25 25 a
2643 2803 93 52 long
2757 2805 181 35 etcetera

1611 2872 47 38 of
1674 2871 110 48 titled
1801 2870 165 45 knaves,
1980 2870 76 43 and
2072 2865 193 53 dignified
2281 2859 244 46 scoundrels,
2541 2854 217 58 preceeded
2776 2852 76 40 and
2867 2841 78 63 fol;

1613 2924 123 39 lowed
1756 2926 48 50 by
1825 2936 24 26 a
1864 2920 242 47 formidable
2127 2919 104 52 body
2249 2917 50 39 of
2311 2914 177 52 cavalry.
2510 2910 97 41 This
2620 2908 184 41 cautious
2820 2919 98 39 page-

1612 2975 132 54 antry,
1765 2976 78 39 this
1861 2975 131 39 terific
2010 2983 230 39 ceremony,
2261 2968 80 40 this
2355 2967 176 39 mixture
2546 2963 48 40 of
2615 2957 233 44 confidence
2863 2957 77 39 and

1613 3028 142 45 alarm,
1776 3028 79 40 this
1873 3026 165 43 terrible
2050 3030 221 50 apparatus
2285 3020 50 40 of
2344 3033 24 27 a
2385 3017 177 41 detested
2584 3018 188 48 Usurper,
2786 3009 131 41 march-

1613 3081 67 52 ing
1698 3081 181 52 through
1910 3080 70 39 the
1998 3084 143 35 streets
2156 3076 50 40 of
2228 3089 25 26 a
2271 3071 217 43 distracted
2515 3069 79 40 and
2626 3069 207 48 desperate
2851 3077 93 39 pen,

1615 3148 9 38 1
1624 3148 11 38 ,
1643 3133 50 46 le,
1721 3148 70 26 arc
1802 3133 146 39 foisted
1965 3145 109 40 upon
2085 3130 77 52 the
2181 3125 242 52 unthinking
2444 3122 196 54 populace
2657 3120 48 43 of
2722 3120 165 40 France,
2901 3129 44 31 :14

1615 3189 66 37 the
1700 3201 78 39 gay
1795 3185 357 44 demonstrations,
2181 3180 77 41 and
2283 3180 69 39 the
2370 3177 187 51 ordinary
2580 3171 246 43 ceremonies
2841 3170 48 39 of
2921 3183 27 28 a

1615 3240 131 52 happy
1763 3239 164 53 .people,
1956 3237 154 53 hailing
2133 3235 71 40 the
2236 3237 138 34 return
2404 3230 48 39 of
2476 3240 25 28 a
2520 3224 167 44 beloved
2722 3221 194 43 Monarch
2935 3219 9 40 !

1615 3285 200 61 Compare
1843 3291 81 40 this
1959 3294 176 35 account
2169 3286 98 40 with
2304 3283 70 40 the
2406 3281 118 41 letter
2555 3279 50 40 of
2644 3278 69 39 the
2745 3276 203 40 infamous

1619 3348 148 35 MoaLs
1783 3348 8 33 !
1815 3346 106 39 How
1939 3340 233 56 eloquently
2183 3339 93 40 that
2284 3337 144 40 traitor
2441 3334 131 54 paints
2590 3331 69 40 the
2678 3330 268 52 indignation,

1615 3397 70 40 the
1716 3410 112 39 rage,
1852 3396 76 41 the
1962 3394 237 43 convulsion
2218 3390 51 41 of
2290 3391 74 38 the
2398 3399 201 41 generous
2627 3383 249 40 inhabitants
2903 3379 50 48 of

1616 3450 96 46 the
1711 3449 169 54 capital,
1909 3454 45 35 at
1980 3448 78 41 the
2083 3448 99 40 bare
2211 3443 181 43 mention
2421 3441 51 39 of
2503 3437 266 56 capitulation
2806 3439 45 33 to
2880 3433 69 39 the

1615 3503 176 45 detested
1825 3515 172 40 enemy;
2041 3498 93 50 and,
2161 3494 239 45 wonderful,
2427 3493 230 53 auspicious
2683 3485 236 43 conversion
2939 3489 9 33 !

1616 3556 77 39 this
1711 3555 229 50 indignant,
1971 3554 80 40 this
2070 3549 200 54 outraged
2290 3547 142 57 people
2451 3559 70 27 arc
2546 3543 194 52 suddenly
2761 3537 185 53 changed

1617 3609 84 39 into
1731 3608 119 40 silent
1881 3607 145 44 slaves,
2056 3621 47 25 or
2139 3617 25 26 a
2198 3604 191 48 shouting
2415 3596 157 41 rabble.
2630 3595 122 40 Silent
2781 3592 78 40 and
2881 3591 47 40 de-

1610 3661 150 48 jected;
1788 3660 77 40 and
1899 3660 202 53 petrified,
2115 3670 74 26 •we
2223 3653 190 53 willingly
2431 3651 161 40 believe
2620 3648 110 40 them
2763 3651 45 34 to
2844 3644 106 45 have.

1617 3715 97 39 been
1731 3717 76 37 att
1814 3715 51 39 he
1879 3718 252 48 appearance
2147 3707 48 41 of
2205 3707 70 45 the
2284 3709 164 41 Medusa
2461 3703 105 47 head
2580 3702 50 41 of
2639 3702 69 39 the
2724 3698 228 43 loathsome

1615 3772 208 46 stranger;
1853 3767 80 39 and
1952 3765 34 39 if
2015 3763 224 50 thr,horrid
2259 3759 143 46 silence
2420 3758 72 40 has
2505 3757 103 39 been
2623 3750 266 54 interrupted,
2920 3749 33 44 it

1618 3820 70 39 has
1719 3821 102 51 been
1858 3819 161 41 broken
2057 3816 141 54 by,the
2215 3810 256 46 execrations
2502 3808 78 40 and
2614 3817 220 32 murmurs,
2872 3801 79 57 and

1618 3868 338 53 heart-rending,.
1983 3867 207 57 desperate
2204 3865 184 58 .;ahrieks
2419 3859 50 45 of
2496 3862 71 40 the
2601 3856 125 58 good,
2770 3856 78 40 and
2884 3855 70 40 the

1618 3925 204 52 patriotic.
1881 3928 61 37 To
1962 3927 133 35 crowli
2114 3920 70 41 the
2207 3930 201 30 nauseous
2424 3913 328 56 recapitulation,
2781 3909 72 40 the
2872 3911 54 51 Ty-

1619 3984 89 33 rant
1726 3976 197 50 lactated,
1952 3987 53 28 on
2023 3974 184 51 ffiltefing
2228 3972 76 43 the
2333 3969 168 46 church,
2528 3966 79 41 and
2639 3963 221 56 appearing
2885 3961 45 40 be-

1620 4031 86 41 fore
1724 4032 74 45 the.
1824 4031 122 44 -Altar
1959 4030 51 39 of
2026 4030 69 40 the
2109 4032 306 37 OMNIPOTENT,
2453 4023 67 38 the
2541 4019 182 40 searcher
2740 4016 48 40 of
2804 4017 150 45 hearts,

1618 4084 77 41 and
1715 4085 72 41 the
1808 4096 178 41 avcpgor
2019 4082 52 43 of
2083 4077 200 57 outraged
2298 4080 233 40 innocence,
2564 4077 44 34 to
2627 4072 103 39 have
2748 4069 80 44 said
2829 4069 20 44 ,

1857 4131 214 9 •••

1664 4144 154 46 protcsi
1835 4142 118 44 Then,
1983 4139 138 52 before
2150 4135 99 47 God,
2281 4135 83 37 who
2394 4133 135 38 knows
2557 4129 63 39 the
2643 4128 146 44 hearts,
2819 4126 81 37 that
2923 4123 31 35 it

1814 4187 131 30 .••
1993 4195 9 7 -
2047 4187 5 30 •

219 3120 24 2 WI

14 3188 5 35 •
158 3202 11 21 t
229 3188 4 35 •

118 3285 46 12 ~•.

221 3302 22 20 Ty

92 3472 5 24 •
97 3472 6 24 9
103 3472 6 24 '
109 3472 6 24 3
115 3472 6 24 c
157 3484 6 8 3
163 3484 7 8 ,
223 3477 20 15 a.

43 3665 6 6 °

3210 0 2 25 111
