3412 4429
215 117 94 50 152

209 276 47 34 of
281 288 25 22 a
330 276 137 35 soldier
502 278 73 34 and
604 287 25 24 a
657 276 222 45 gentleman,
907 273 123 35 which
1059 272 178 34 assertion
1273 268 99 35 Lord
1406 266 143 40 Moira,

211 330 39 30 to
269 324 123 35 whom
409 325 45 33 he
470 335 74 24 was
557 324 214 46 personally
785 324 152 39 known,
954 331 76 25 was
1046 320 115 43 ready
1180 324 38 28 to
1230 317 167 34 confirm.

261 372 83 34 The
364 373 312 34 CHANCELLOR
694 371 44 34 of
750 370 60 34 the
828 370 215 39 Excr<tEQu
1057 377 54 25 ER
1129 366 93 40 said,
1253 364 45 34 he
1323 363 63 33 did
1404 365 63 31 not
1483 370 45 25 ex-

211 425 89 39 pect
319 419 83 34 that
429 420 30 33 it
488 430 77 24 was
583 420 63 33 the
664 418 177 34 intention
860 416 44 35 of
919 417 61 33 the
1009 416 106 34 lion.
1144 415 131 33 Mover
1294 417 38 28 to
1363 409 131 46 persist
1515 409 33 32 ill

213 467 58 34 his
291 467 139 34 motion
446 467 131 34 before
602 467 61 34 the
681 471 104 38 great
811 464 167 45 question
1007 461 207 45 respecting
1240 459 61 33 the
1330 457 157 34 conduct
1511 455 43 33 of

211 514 66 37 the
322 515 113 34 Duke
490 514 46 35 of
588 514 116 35 York
746 513 131 33 should
918 513 46 32 be
1005 508 240 35 determine.
1326 504 59 34 He
1429 502 119 45 really

210 562 163 43 thought
389 561 83 37 that
487 572 74 33 any
579 560 177 37 selection
770 559 43 34 of
827 559 182 34 witnesses
1020 557 58 33 for
1096 554 226 44 punishment
1343 549 126 35 before
1487 549 61 34 the

213 609 167 33 decision
398 619 99 35 upon
516 609 64 34 the
596 608 156 35 conduct
770 606 45 37 of
828 606 61 34 the
907 605 107 34 Duke
1033 604 45 33 of
1094 604 129 38 York,
1235 611 38 24 as
1289 598 207 41 calculated
1512 601 37 28 to

211 656 188 46 displease
416 657 61 34 the
494 656 145 46 public,
664 656 69 33 and
749 664 94 25 seem
865 653 136 45 partial
1022 652 37 32 in
1076 650 63 34 the
1154 659 84 34 eyes
1256 647 44 33 of
1315 646 63 34 the
1398 644 150 45 people,

214 703 39 35 in
281 705 219 44 proportion
517 715 39 24 as
575 702 99 35 their
692 702 193 44 testimony
907 711 74 24 was
1013 707 100 25 more
1131 707 41 24 or
1191 697 69 33 less
1276 692 221 35 favourable
1512 697 37 27 to

214 750 103 35 their
333 762 85 25 own
435 752 130 33 views.
619 751 39 34 It
687 761 73 24 was
781 749 53 33 his
856 758 81 22 own
956 746 171 45 opinion,
1150 744 80 33 that
1248 741 142 35 several
1419 738 46 34 of
1489 739 60 33 the

215 800 190 32 Witnesses
430 800 70 33 had
519 800 92 32 been
626 797 120 45 guilty
765 795 43 34 of
822 806 98 33 gross
939 790 293 48 prevarication,
1250 790 66 33 but
1345 788 41 33 he
1407 787 60 32 did
1487 793 59 26 not

222 846 97 33 wish
335 856 73 33 any
430 844 239 46 proceedings
681 850 39 27 to
738 844 44 33 be
801 841 228 37 commenced
1055 839 142 45 against
1217 837 97 33 them
1335 836 35 33 in
1388 834 61 33 the
1467 843 63 35 pre-

211 899 81 34 sent
325 900 102 37 stage
454 892 45 34 of
513 892 64 35 the
592 892 159 45 original
780 889 273 46 investigation.
1106 885 79 35 The
1212 885 142 34 debate
1380 891 73 26 was
1482 881 43 34 ad-

206 938 167 47 journed
392 948 35 27 to
446 939 175 44 Tuesday
637 938 196 44 se'nnight.

573 1002 366 30 MISCELLANEOUS
966 997 226 28 SERVICES.

263 1043 85 38 The
369 1044 124 35 !tousle
507 1048 98 31 went
622 1043 77 33 into
715 1042 60 33 the
796 1039 221 34 Committee
1036 1037 44 34 of
1095 1036 161 45 Supply,
1284 1035 71 33 and
1371 1035 61 33 the
1454 1032 72 34 Ord-

215 1100 116 26 inance
348 1093 69 33 and
442 1091 279 34 Miscellaneous
742 1088 211 39 Estimates,
976 1095 99 25 were
1103 1084 150 34 ordered
1272 1087 39 30 to
1329 1083 46 33 be
1393 1080 77 37 laid
1489 1081 41 33 be-

216 1137 84 34 fore
321 1139 61 33 the
402 1139 236 34 Committee.

270 1187 74 33 Mr.
363 1186 81 34 Asti
456 1193 85 27 LEY
561 1185 89 34 COO
661 1192 80 26 era
759 1182 96 40 said,
880 1181 81 34 that
986 1179 65 34 the
1085 1178 76 34 first
1185 1188 77 24 sum
1292 1175 125 35 which
1444 1174 104 34 stood

217 1243 102 33 upon
331 1235 63 32 the
409 1234 195 33 Estimates
618 1241 74 25 was
705 1230 188 39 200,000/.
915 1228 58 34 for
985 1228 64 33 the
1070 1226 146 35 Extinct
1227 1225 59 33 ion
1304 1224 44 34 of
1361 1224 63 33 the
1440 1224 27 32 N

220 1279 116 35 Debt.
366 1281 80 33 The
457 1289 87 25 next
556 1290 76 25 was
643 1278 184 41 600,0001.
840 1276 59 35 for
913 1276 63 34 the
990 1276 181 43 purchase
1183 1271 44 35 of
1235 1272 194 44 !alipetre.
1461 1269 66 34 Thi
1527 1269 22 34 ,

219 1336 80 25 was
317 1338 22 22 a
357 1338 85 33 very
463 1328 103 43 large
585 1337 93 30 sum,
706 1326 66 34 but
800 1326 30 32 it
860 1335 74 24 was
952 1331 145 37 proper
1114 1326 38 27 to
1169 1322 64 43 lay
1252 1330 50 33 r.p
1326 1329 24 24 a
1372 1317 176 35 sufficient

219 1380 98 30 store
339 1374 58 33 for
415 1374 234 45 prospective
659 1383 74 30 use,
749 1371 70 34 and
829 1371 74 40 this
918 1370 175 44 quantity
1111 1367 116 46 might
1241 1365 188 46 probably
1444 1375 106 25 serve

219 1420 64 37 for
296 1422 28 32 si
387 1431 30 24 ir
429 1431 104 24 seven
548 1431 109 34 years
669 1419 273 46 consumption.

267 1468 83 34 The
381 1469 97 33 third
506 1478 78 24 mon
604 1478 45 24 on
676 1466 63 35 the
767 1466 187 34 estimates
972 1473 77 25 was
1063 1461 190 40 200,000'.
1289 1460 60 34 for
1367 1460 131 44 depots
1512 1459 44 33 of

217 1515 156 45 artillery
373 1515 18 45 -
403 1517 70 33 and
490 1514 257 35 ammunition.
798 1512 119 37 These
938 1511 103 34 three
1054 1520 91 24 sums
1159 1508 194 34 amounted
1369 1514 37 27 to
1426 1507 126 34 rather

219 1572 103 25 more
352 1563 89 33 than
472 1574 24 21 a
528 1563 161 39 million,
717 1560 122 34 which
878 1569 72 25 was
973 1560 115 32 about
1106 1557 163 35 20.000/.
1296 1557 70 32 less
1383 1553 89 35 than
1489 1554 60 34 the

216 1618 100 25 same
328 1610 149 34 articles
494 1609 197 34 amounted
705 1609 71 33 last
788 1617 105 35 year.
938 1607 77 33 But
1032 1605 64 35 the
1111 1604 180 34 ordnance
1304 1602 244 46 expenditure

219 1654 50 38 of
283 1657 146 34 Ireland
450 1668 76 25 was
542 1656 73 35 last
637 1665 92 34 year
748 1654 183 37 increased
948 1654 118 34 about
1080 1652 163 40 70,000/.
1261 1662 40 22 so
1319 1650 79 34 that
1417 1648 61 34 the
1498 1649 35 33 in-

215 1714 125 26 crease
357 1714 98 35 upon
483 1704 64 34 the
580 1704 123 33 whole
731 1703 123 33 would
889 1702 45 33 be
951 1701 72 33 this
1043 1710 93 34 year
1154 1698 164 39 50,000/.
1371 1696 80 34 The
1470 1695 74 34 first

216 1752 204 34 resolution
450 1752 125 33 which
595 1752 47 33 he
660 1749 119 35 would
801 1757 161 37 propose
989 1757 92 28 was,
1115 1746 81 35 that
1214 1744 104 33 there
1337 1744 45 33 be
1398 1744 149 44 granted

215 1798 189 40 450,366/.
424 1795 58 38 for
498 1798 184 34 ordnance
699 1802 115 28 stores
830 1795 60 34 for
909 1796 115 32 Great
1045 1794 159 38 Britain,
1222 1792 58 34 fur
1302 1791 104 34 1809.

267 1845 159 35 General
444 1846 241 35 TARRT.Eros
710 1856 76 22 rise
817 1848 39 28 to
875 1850 65 38 put
956 1843 143 34 several
1121 1839 185 47 questions
1330 1837 159 38 relative
1507 1843 39 30 to

214 1892 69 39 the
296 1893 171 44 military
483 1892 128 35 affairs
628 1891 44 35 of
683 1893 60 33 the
762 1894 169 40 country.

265 1941 60 34 Sir
340 1939 51 35 A.
407 1939 43 34 W
459 1948 227 28 ELLESLEY
696 1939 120 44 spoke
831 1942 39 30 at
881 1948 98 24 some
993 1935 125 45 length
1136 1935 34 35 in
1183 1935 110 45 reply
1310 1939 39 31 to
1364 1932 61 34 the
1444 1931 78 35 Hon-

216 1988 158 35 ourable
392 1988 172 34 Gene's:J.
626 1988 39 32 to
681 1987 198 37 discussine
896 1985 59 32 the
973 1983 193 43 campaign
1196 1981 33 34 in
1261 1980 195 45 Portugal,
1487 1980 61 34 the

219 2035 191 34 Ilonctira!
410 2035 19 34 ,
429 2035 39 34 le
485 2034 159 35 General
664 2031 138 35 seemed
824 2039 39 26 to
882 2031 120 33 throw
1031 2040 100 33 upon
1149 2028 76 37 him
1243 2029 64 34 the
1325 2028 201 44 responsibi-

214 2081 77 45 lity
308 2082 45 31 eo.f
366 2082 61 33 the
446 2080 234 37 Convention
693 2080 43 34 of
748 2080 146 40 Clara,
912 2079 70 35 and
1002 2086 39 26 to
1058 2079 113 34 assert
1191 2076 78 34 that
1281 2078 83 33 that
1382 2085 163 25 measure

215 2130 120 43 might
352 2128 92 34 have
464 2130 89 33 peen
573 2127 197 47 preTented
789 2127 50 43 by
856 2126 53 34 his
924 2124 255 37 ititerference.
1231 2124 97 33 Now
1345 2122 138 45 though
1504 2122 45 33 he

215 2174 86 45 (Sir
315 2176 53 34 A.
392 2174 223 46 Wellesley)
633 2176 64 33 did
726 2174 124 34 flatter
869 2173 150 34 himself
1032 2172 79 35 that
1143 2170 46 35 he
1209 2169 157 44 ettioed
1394 2169 35 34 in
1448 2180 98 22 some

211 2223 137 43 degree
366 2222 61 33 the
444 2223 208 32 confidence
669 2220 44 33 of
723 2222 63 33 the
813 2230 122 33 army,
950 2219 71 33 and
1043 2218 69 33 had
1142 2218 87 33 been
1248 2218 180 34 favoured
1455 2217 89 34 with

210 2268 239 35 confidential
467 2269 227 34 intercourse
717 2267 104 37 from
852 2267 201 39 Ministers,
1080 2270 65 39 yet
1165 2264 44 33 he
1231 2274 90 25 soon
1346 2263 197 45 perceived

210 2313 87 37 that
317 2315 45 34 he
379 2315 61 35 did
458 2321 64 28 not
543 2326 138 33 possess
700 2314 61 35 the
783 2314 207 34 confidence
1018 2310 47 35 of
1078 2313 105 34 those
1209 2311 172 44 superior
1406 2310 139 34 officers

211 2365 92 33 who
321 2372 99 25 were
433 2361 209 46 appointed
677 2362 56 34 his
756 2370 213 26 successors.
1020 2359 63 37 He
1108 2359 103 34 drew
1233 2357 74 35 this
1333 2359 210 33 conclusion

210 2409 100 37 from
330 2408 138 45 having
484 2409 185 45 proposed
700 2413 76 30 two
791 2408 149 33 distinct
959 2417 184 25 measures
1161 2411 35 31 to
1218 2404 61 35 Sir
1303 2404 129 46 Harry
1452 2405 70 34 Bur-

209 2456 107 43 rard,
335 2456 89 33 both
445 2456 41 33 of
502 2456 122 34 which
644 2465 98 25 were
759 2453 161 47 rejected
934 2466 12 30 ;
970 2456 71 33 and
1063 2453 96 35 from
1176 2451 63 35 the
1261 2463 91 33 very
1370 2451 79 35 first
1462 2463 63 25 con-

214 2503 190 35 versation
422 2502 122 35 which
574 2502 47 38 he
648 2504 72 33 had
741 2500 92 35 with
860 2502 59 33 Sir
940 2502 96 34 Hew
1056 2500 242 44 Dalrymple,
1317 2500 45 34 he
1376 2498 71 35 had
1465 2510 61 25 rea-

206 2561 73 27 .aen
293 2557 40 27 to
359 2561 159 34 suppose
539 2550 80 35 that
645 2549 45 35 he
716 2550 64 33 did
804 2552 63 31 not
902 2559 137 33 possess
1067 2548 65 35 the
1154 2548 211 35 confidence
1397 2545 46 34 of
1463 2548 81 34 that

210 2597 143 35 officer.
405 2596 61 35 He
481 2597 72 34 had
575 2596 200 45 uniformly
791 2596 136 41 stated,
953 2596 193 39 however,
1176 2594 80 34 that
1289 2594 44 33 he
1349 2595 194 45 approved

210 2644 50 33 of
272 2646 64 34 the
352 2644 187 46 principle
552 2643 45 35 of
609 2644 81 33 that
709 2643 247 41 Convention,
973 2641 143 44 though
1136 2641 44 35 he
1196 2640 159 45 thought
1374 2642 81 34 that
1481 2641 64 35 the

208 2691 86 52 tore
294 2691 21 52 :
315 2691 45 52 of
372 2701 97 25 some
483 2691 48 34 of
544 2691 63 34 the
622 2692 150 33 articles
791 2700 76 25 was
881 2694 61 30 too
961 2691 74 34 low
1056 2689 60 34 for
1144 2699 25 25 a
1194 2688 224 45 conquering
1434 2699 106 33 army

206 2744 174 41 tqficree
399 2743 52 31 to.
507 2738 73 37 But
600 2737 136 45 feeling
751 2738 81 34 that
860 2737 46 33 he
932 2737 60 33 did
1026 2740 63 32 not
1115 2737 103 45 enjos
1251 2735 64 33 the
1341 2744 65 26 con
1411 2735 133 33 fidence

206 2786 117 35 obis
351 2785 174 45 superior
552 2785 139 41 officer,
720 2785 46 34 lie
783 2784 159 44 thought
960 2785 81 35 that
1072 2783 31 34 it
1124 2783 119 35 would
1261 2786 64 30 not
1344 2781 94 34 have
1455 2784 89 33 been

206 2832 198 45 becoming
422 2832 57 34 his
494 2832 215 41 character,
725 2831 124 41 either
865 2842 39 24 as
930 2839 46 26 an
1002 2831 126 35 officer
1144 2841 43 24 or
1215 2841 25 25 a
1264 2830 221 44 gentleman,
1504 2835 40 31 to

204 2880 99 34 have
320 2887 56 28 s.tt
393 2891 48 34 up
459 2880 54 35 his
530 2880 171 34 standard
722 2880 35 33 in
772 2877 163 39 defiance
954 2877 43 35 of
1023 2878 64 34 the
1104 2877 243 35 Commander
1367 2878 34 33 in
1419 2878 123 34 Chief.

204 2926 58 39 As
278 2931 39 30 to
334 2927 64 35 the
415 2927 198 45 campaign
631 2928 38 34 in
689 2926 130 46 Spain,
839 2926 30 33 it
883 2926 61 34 did
963 2929 65 30 not
1044 2935 146 34 appear
1213 2929 38 30 to
1272 2924 76 33 him
1367 2924 83 34 that
1469 2926 50 33 Mi-

202 2974 135 38 nisters
356 2985 97 25 were
465 2979 40 31 at
520 2975 58 35 all
594 2974 228 47 responsible
846 2973 60 34 for
928 2973 60 34 the
1007 2972 77 35 line
1101 2972 44 34 of
1159 2978 138 30 retreat
1309 2972 163 48 adopted
1494 2973 48 44 by

203 3020 61 37 Sir
281 3021 41 37 J.
340 3021 145 38 Moore.

254 3067 157 37 General
431 3069 249 38 TARLETON
696 3067 122 45 spoke
840 3067 38 34 in
893 3066 259 45 explanation.
1204 3066 81 34 The
1303 3065 116 44 Right
1441 3066 100 37 Hon.

206 3115 220 37 Gentleman
443 3115 73 35 had
533 3117 98 41 said,
658 3117 84 37 that
759 3115 46 35 he
816 3115 184 45 expected
1018 3113 256 35 considerable
1286 3113 61 34 aid
1367 3113 96 34 from
1482 3115 60 33 the

204 3161 234 46 Portuguese
454 3164 172 44 cavalry,
651 3174 40 26 us
754 3172 129 24 reason
904 3162 83 44 why
1016 3161 46 33 he
1081 3161 71 34 had
1172 3165 63 30 not
1264 3161 161 44 brought
1447 3161 96 35 from

200 3209 80 38 this
293 3215 156 40 country
467 3220 25 25 a
504 3217 151 38 greater
665 3211 158 43 cavalry
835 3208 113 35 force.
1003 3208 102 37 Now
1128 3209 56 41 he,
1212 3207 178 45 (General
1411 3209 110 35 'fade-

201 3256 94 45 too)
327 3257 97 34 from
438 3257 59 34 his
515 3268 87 24 own
635 3257 243 46 experience,
905 3255 110 39 could
1045 3256 93 35 have
1168 3255 77 34 told
1264 3255 91 43 him,
1381 3255 84 35 that
1481 3257 61 33 the

202 3304 239 50 Portuguese
452 3305 157 43 cavalry
625 3315 103 25 were
744 3304 64 34 the
822 3307 93 30 most
932 3304 204 33 ridiculous
1166 3301 105 35 force
1300 3304 240 44 imaginable.

204 3352 40 35 A
261 3350 182 48 Captain,
468 3363 46 26 on
542 3351 115 44 ireing
680 3350 196 48 promoted
894 3356 38 28 to
959 3360 24 22 a
1015 3351 209 44 Company,
1251 3350 78 34 told
1361 3351 74 35 him
1452 3363 91 26 once

198 3398 87 39 that
305 3400 30 33 it
359 3409 74 27 was
446 3398 26 38 a
485 3399 109 45 stiod
611 3399 122 46 thing,
749 3398 112 37 as.be
891 3396 124 38 would
1036 3397 112 37 make
1162 3397 97 37 5001.
1276 3409 24 22 a
1323 3409 92 32 year
1427 3398 46 34 of
1486 3398 26 35 it
1528 3411 12 30 ;

201 3448 71 34 but
288 3448 58 35 th;
356 3444 201 47 irsayaft
570 3446 124 35 horses
710 3455 100 27 were
826 3444 198 47 employed
1041 3445 34 34 in
1093 3445 169 44 drawing
1277 3445 54 34 all
1346 3445 61 35 the
1427 3444 116 37 hack-

285 3490 164 47 Voaches
467 3493 37 39 iu
517 3491 151 38 Lisbon.

250 3539 76 37 Mr.
348 3541 254 37 HUIRISSON
621 3540 93 43 mid,
741 3540 84 38 that
844 3539 63 38 the
924 3539 104 38 Vote
1056 3539 45 38 of
1123 3539 142 44 Credit,
1291 3540 72 35 and
1390 3539 64 37 the
1470 3540 72 37 dis

194 3588 116 47 posal
326 3587 50 40 of
389 3588 71 35 .the
472 3598 98 26 sums
586 3598 41 26 so
645 3587 126 44 voted,
798 3586 139 43 would,
965 3587 37 35 in
1028 3588 71 34 due
1116 3588 103 39 time,
1245 3588 47 33 be
1319 3588 78 33 laid
1416 3588 125 35 before

195 3637 69 41 the
278 3634 144 44 'Louse,
450 3635 107 54 wyen
576 3637 217 35 Gentlemen
809 3635 123 33 would
948 3635 94 40 have
1059 3645 47 25 an
1137 3635 248 46 opportunity
1414 3635 44 33 of
1478 3646 43 25 en-

194 3681 130 46 tering
339 3686 89 43 into
444 3683 61 37 the
521 3684 130 34 merits
676 3683 46 33 of
746 3681 63 41 the
823 3681 188 46 question,
1036 3681 72 35 and
1139 3683 104 34 when
1272 3681 56 37 his
1348 3681 195 46 31ajehty's

191 3730 216 43 Ministers,
425 3729 47 37 he
489 3741 77 25 was
581 3732 159 40 certain,
768 3729 125 41 wttuld
909 3736 64 28 not
981 3729 132 39 shrink
1128 3728 97 45 from
1244 3729 63 37 the
1324 3730 216 43 discussion.

193 3777 87 43 The
299 3777 202 39 resolution
517 3789 74 24 was
611 3778 86 34 then
707 3778 180 44 adopted.

243 3817 85 44 The
339 3835 80 25 sum
437 3824 48 34 of
501 3826 233 43 4,170,0001.
754 3835 77 28 was
847 3824 87 34 then
956 3824 117 40 noted
1089 3824 61 35 for
1162 3824 61 34 the
1243 3826 196 37 Ordnance
1456 3826 84 37 Ser.

189 3873 89 41 *ice
301 3872 47 35 of
379 3867 116 46 Great
517 3872 164 41 Britain,
704 3872 72 37 and
793 3872 66 35 the
891 3882 74 24 sum
994 3872 48 34 of
1068 3873 119 44 159,00
1187 3873 60 44 Q/.
1276 3873 61 37 for
1359 3873 66 37 the
1441 3885 98 27 same

185 3920 145 38 Service
348 3918 61 39 far
420 3920 169 37 Ireland.
643 3919 79 37 For
741 3920 61 33 the
822 3918 143 38 French
980 3920 138 45 Clergy
1134 3922 70 33 and
1224 3922 227 44 Emigrants,
1466 3922 73 34 and

187 3969 69 38 the
274 3966 202 44 American
508 3969 207 45 Loyalists,
741 3967 188 41 180,3001.
981 3967 78 44 For
1085 3979 183 34 expenses
1289 3969 47 34 of
1356 3970 180 45 convicts,

185 4015 79 39 dc.
285 4015 167 44 25,0001.
506 4016 81 40 For
602 4015 175 46 Printing
790 4015 72 34 and
878 4015 231 46 Stationary,
1137 4017 67 34 ke.
1230 4017 165 44 31.700/,

235 4055 478 53 Tbeotbegr.umilutifual
729 4074 99 25 sums
844 4061 137 45 having
996 4064 94 33 been
1107 4063 123 43 voted,
1257 4064 64 34 the
1339 4064 125 45 House
1479 4075 38 25 re-

381 4106 25 12 --
451 4102 18 43 i
469 4102 337 43 siLum..;ekr.s-Awas
816 4110 157 34 ordered
987 4116 39 28 to
1175 4111 103 34 dyed
1357 4113 148 34 Monda

964 4142 8 2 _
1046 4111 45 38 he
1110 4121 94 33 rece.
1296 4123 47 28 on
1483 4124 52 34 -Y.

869 4157 97 50 Seim
966 4157 24 50 ,
990 4157 25 50 '
1041 4159 79 43 Mr.
1141 4159 172 46 forrim,
1331 4160 131 39 moved
1489 4172 50 33 im

222 4271 9 30 -
231 4271 9 30 7
241 4271 9 30 '

322 4228 37 106 ri

1091 110 146 53 THE
1274 104 379 57 NATIONAL
1690 100 383 53 REGISTER.

2589 87 250 53 MARC!!
2878 91 54 50 5.

1610 250 207 35 additional
1843 249 91 43 duty
1967 246 45 34 of
2030 246 69 33 five
2115 244 165 43 shillings
2298 253 66 33 per
2389 240 124 34 barrel
2543 248 47 24 on
2617 239 89 33 beer
2722 236 149 33 brewed
2904 234 35 33 in

1617 300 158 34 Ireland.
1831 298 57 34 On
1904 304 111 34 every
2035 292 119 34 barrel
2176 291 45 33 of
2242 291 104 38 malt,
2370 298 45 24 an
2440 286 204 34 additional
2675 285 91 33 duty
2793 285 79 32 also
2901 280 47 35 of

1613 350 69 32 five
1698 345 168 44 shillings
1896 352 66 34 per
1987 340 137 34 barrel.
2177 340 60 32 On
2264 337 90 33 malt
2383 335 185 44 exported
2601 333 97 33 from
2730 320 163 48 Ireland,
2919 339 24 24 a

1611 393 208 34 drawback
1854 391 43 33 of
1918 389 123 34 fifteen
2075 386 164 43 shillings
2268 394 65 33 per
2359 381 141 34 barrel.
2552 381 56 33 On
2636 381 89 32 beer
2756 376 185 46 exported

1613 442 94 34 from
1728 439 167 39 Ireland,
1918 448 22 22 a
1961 435 198 34 drawback
2185 433 45 33 of
2478 429 31 33 A
2538 429 87 41 duty
2644 426 47 33 of
2711 428 53 33 4x.
2784 424 60 37 64.
2872 433 69 34 per

1612 490 126 44 gallon
1756 498 46 21 on
1822 485 124 45 spirits
1963 482 165 33 distilled
2146 482 33 32 in
2207 480 148 34 Ireland
2391 477 97 33 from
2512 487 124 28 sugar,
2662 474 35 33 in
2730 474 76 33 lien
2824 471 43 34 of
2887 470 52 35 all

1612 536 107 34 other
1731 533 136 35 -duties.
1923 531 33 33 A
1974 529 201 33 drawback
2207 526 45 34 of
2271 529 53 31 2s.
2346 526 58 33 6d.
2422 534 67 34 per
2505 524 139 41 gallon,
2672 531 46 22 on
2731 520 126 44 spirits
2872 519 46 44 hy-

1611 583 185 33 drometer
1814 579 124 46 proof,
1958 576 178 45 exported
2156 574 98 34 from
2275 572 162 35 Ireland.
2485 572 119 32 These
2622 568 219 34 resolutions
2854 566 70 33 hav-

1615 634 58 40 ing
1683 632 90 32 been
1788 627 182 43 severally
2003 624 177 44 adopted,
2211 621 89 33 with
2319 617 139 35 several
2493 619 123 32 others
2653 614 293 46 proportioning

1612 679 63 34 the
1691 676 203 35 drawback
1913 684 45 24 on
1977 671 126 45 spirits
2122 676 38 27 to
2189 669 99 34 their
2304 669 130 41 degree
2461 665 45 33 of
2525 665 178 43 strength,
2730 661 64 34 the
2812 660 129 34 House

1613 725 180 39 resumed,
1830 723 103 32 when
1951 722 60 32 the
2046 718 143 45 Report
2205 726 74 25 was
2297 715 151 33 ordered
2467 720 37 26 to
2520 712 45 33 be
2585 709 167 37 received
2770 719 46 24 on
2833 709 106 32 Mon,

1611 768 369 51 day.Adjourned.

1662 868 285 33 INFALLIBLE
1959 862 119 35 Cyan
2096 869 80 24 von
2205 869 21 22 A
2249 859 81 32 Son
2342 866 20 25 r.
2383 859 125 31 Tlino
2520 852 223 39 AT,Take
2760 860 24 24 a
2802 847 78 45 pint
2901 846 44 34 of

1615 915 165 43 vinegar,
1806 911 70 35 and
1898 920 47 24 an
1968 919 112 24 ounce
2106 907 43 33 of
2170 906 126 44 myrrh
2310 917 12 28 ;
2350 904 73 33 boil
2452 904 99 33 them
2582 901 83 33 well
2692 898 171 44 togetlwr
2882 895 59 33 for

1613 963 111 33 about
1748 959 83 34 half
1844 969 46 24 an
1919 959 107 38 hour,
2052 956 67 33 and
2150 956 85 32 then
2264 963 93 34 pour
2391 952 59 32 the
2481 950 116 44 liquid
2627 948 77 33 into
2730 957 21 21 a
2777 947 163 39 tea-pot.

1615 1010 103 34 Then
1731 1009 52 33 let
1804 1006 58 34 the
1887 1004 124 34 mouth
2031 1003 45 33 of
2091 1003 59 33 the
2178 1002 141 45 patient
2337 1002 41 32 be
2400 998 128 44 placed
2549 1006 87 22 over
2655 994 43 40 it,
2724 1003 39 22 so
2781 991 80 34 that
2881 990 59 32 the

1617 1059 63 31 !sat
1704 1064 145 35 vapour
1877 1052 93 34 shall
1993 1050 146 34 descend
2159 1055 39 28 to
2218 1054 59 27 tn
2304 1048 138 32 thrcoit.
2499 1048 60 30 Let
2593 1043 70 33 this
2694 1042 45 33 be
2769 1036 172 37 renewed

1611 1115 115 33 every
1743 1107 151 40 quarter
1906 1100 41 33 of
1961 1110 45 21 an
2021 1100 89 32 hour
2126 1097 52 33 tit!
2194 1100 61 31 the
2275 1102 83 26 cure
2378 1095 27 32 is
2420 1091 171 34 effected.

1665 1167 32 33 It
1729 1166 28 33 is
1782 1161 181 46 expected
1995 1160 80 34 that
2104 1160 61 32 the
2194 1156 228 45 Drury-lane
2451 1155 194 43 Company
2678 1149 78 35 will
2785 1150 45 31 he
2859 1157 85 34 per,

1615 1213 129 34 unwed
1772 1219 38 25 to
1830 1208 163 45 perform
2022 1207 34 34 in
2074 1208 59 32 the
2158 1205 135 45 King's
2304 1204 159 34 Theatre
2491 1211 45 25 on
2554 1200 104 33 those
2676 1198 120 45 nights
2818 1194 120 34 which

1613 1272 64 22 are
1691 1265 60 28 not
1766 1256 273 47 appropriated
2059 1261 38 26 to
2109 1256 59 32 the
2184 1254 142 41 Opera.
2378 1250 78 33 Mr.
2474 1248 143 44 Taylor
2639 1247 63 32 has
2721 1254 85 34 very
2828 1243 94 43 hand-

1613 1309 138 43 somely
1779 1304 188 45 suggested
1987 1302 72 35 this
2083 1302 272 41 arrangement,
2391 1294 70 35 and
2491 1293 184 47 proposed
2712 1298 35 27 to
2777 1291 85 44 give
2880 1289 61 33 the

1616 1365 59 24 op.)
1685 1355 45 33 of
1743 1354 61 33 the
1820 1352 175 34 Theatre.
2023 1350 77 34 free
2113 1348 41 35 of
2169 1355 94 31 rent,
2294 1345 33 34 if
2341 1345 60 34 the
2420 1350 146 27 consent
2582 1341 44 34 of
2639 1341 61 35 the
2713 1337 228 37 subscribers

1615 1413 65 25 can
1700 1404 45 32 be
1757 1398 188 38 obtained.

1848 1492 165 39 PRICE
2044 1493 65 37 OF
2138 1488 197 40 STOCKS
2363 1481 347 43 YESTERDAY.

1612 1559 21 34 3
1655 1567 56 34 per
1710 1567 19 34 .
1740 1556 105 35 Cent.
1872 1556 107 34 Cons.
2259 1548 123 37 Bonds
2414 1548 54 40 11,
2502 1547 43 33 12
2572 1543 146 46 pm.-4
2744 1551 65 35 prr
2832 1539 110 43 Cent,

1662 1606 113 38 ConF.,
1812 1602 66 46 1431
1907 1602 93 46 i-3
2040 1612 65 34 per
2148 1602 105 33 Cent.
2291 1594 170 35 Reduced
2496 1592 66 45 611.
2569 1593 149 41 Long
2748 1589 194 35 Annuities

1723 1650 352 44 11-1114-olnnium
2096 1649 11 33 1
2519 1643 56 38 10,
2594 1641 43 33 13
2655 1638 286 45 pm.Lottery

1659 1700 156 35 Tickets
1835 1698 79 34 aft2l
1941 1695 263 37 19sCor.soli
2222 1693 60 34 for
2298 1693 184 33 Amounts
2500 1688 80 46 67i.

1727 1807 165 54 THE
1939 1800 418 56 NATIONAL
2396 1795 419 56 REGISTER.

2148 1939 255 52 Lonbon,

1938 2015 233 45 SUNDAY,
2203 2013 196 40 MARCH
2430 2015 43 40 5,
2506 2013 113 35 1809.

1886 2137 226 28 POLITIC4L
2130 2134 178 28 SUENTS
2328 2133 52 26 OF
2409 2132 94 27 THS
2520 2132 21 26 11
2542 2132 12 26 .
2562 2130 105 32 EEC,

1661 2255 139 43 Dutch
1817 2257 150 48 Papers
1978 2265 105 27 were
2106 2264 52 26 on
2169 2249 149 52 Friday
2337 2248 182 40 received
2539 2248 40 39 in
2597 2252 109 33 town
2726 2249 45 35 to
2787 2243 70 40 the
2882 2245 59 38 Ist

1610 2319 93 40 inst.
1763 2317 112 51 They
1897 2315 171 41 confirm
2089 2313 66 40 the
2176 2313 223 51 important
2418 2307 255 52 intelligence
2704 2306 89 40 that
2810 2306 131 39 Peace

1607 2380 72 40 has
1714 2380 103 39 been
1853 2375 224 41 concluded
2111 2374 183 39 between
2329 2385 79 26 our
2441 2372 279 38 Government
2756 2366 78 39 and
2871 2365 69 40 the

1607 2444 163 38 PORTE.
1827 2437 99 41 This
1942 2443 136 39 event,
2115 2450 45 26 so
2190 2432 231 53 auspicious
2439 2431 40 39 in
2499 2431 69 39 the
2585 2433 159 48 present
2763 2433 104 34 state
2896 2425 50 43 of

1607 2500 70 40 the
1696 2500 231 44 Continent,
1956 2496 78 41 and
2053 2509 44 26 so
2117 2494 234 52 interesting
2366 2492 39 40 in
2426 2505 25 32 a
2478 2489 257 43 commercial
2759 2489 113 53 point
2898 2489 48 38 of

1607 2562 118 45 view,
1754 2559 103 40 took
1876 2558 116 54 place
2003 2569 61 30 .on
2085 2556 69 39 the
2171 2554 72 43 sth
2269 2554 50 39 of
2344 2556 197 48 January.
2598 2555 47 44 In
2665 2562 278 43 consequence

1607 2626 51 41 of
1671 2626 130 40 which
1822 2626 52 39 all
1894 2624 71 40 the
1993 2627 111 50 ports
2132 2621 39 40 in
2204 2620 70 39 the
2293 2619 176 44 Turkish
2493 2617 163 58 Empire
2675 2630 103 25 were
2797 2617 113 43 imme-

1607 2687 151 54 diately
1781 2687 156 53 opened
1974 2691 45 34 to
2056 2683 148 40 British
2238 2681 119 52 ships.
2415 2682 79 37 Mr.
2526 2682 157 44 ADAIR,
2719 2678 90 39 who
2841 2674 74 41 Con-

1607 2750 148 39 ducted
1785 2750 70 39 the
1872 2746 272 54 negociation,
2172 2743 185 46 evinced,
2376 2741 146 53 during
2542 2740 70 39 the
2630 2753 143 27 course
2791 2738 50 41 of
2850 2740 93 41 that

1607 2810 169 40 delicate
1795 2809 78 46 and
1907 2806 174 41 difficult
2109 2803 262 48 transaction,
2402 2815 26 27 a
2464 2815 90 27 rare
2585 2802 146 52 degree
2767 2800 50 40 of
2843 2813 72 39 pru-

1606 2872 139 46 dence,
1765 2869 103 48 zeal,
1887 2870 78 39 and
1984 2867 236 57 diplomatic
2236 2864 107 47 skill.
2401 2864 61 41 He
2481 2876 207 40 possesses,
2709 2861 187 53 perhaps,
2917 2874 22 33 a

1609 2943 117 28 more
1744 2931 165 39 various
1930 2929 239 52 knowledge
2198 2928 50 39 of
2259 2926 250 40 continental
2532 2924 172 54 politics,
2733 2923 99 39 than
2861 2937 77 38 any

1609 2992 265 54 Diplomatist
1893 3002 60 27 we
1971 3004 92 27 now
2083 2991 118 40 have.
2258 2989 74 40 We
2344 2986 96 43 wish
2460 2999 59 26 we
2533 2985 93 46 had,
2657 2985 39 39 in
2719 2983 76 40 Ibis
2815 2985 105 40 inter-

1605 3056 131 53 esting
1750 3057 207 48 juncture,
1985 3064 26 27 a
2030 3064 91 27 man
2135 3050 53 40 of
2203 3050 60 40 his
2276 3048 143 45 talents
2437 3052 45 39 at
2503 3048 150 38 Vienna
2672 3063 12 32 ;
2713 3060 47 25 or
2789 3047 91 38 that
2907 3050 33 39 it

1607 3129 104 27 were
1731 3115 174 54 possible
1924 3119 44 34 to
1985 3115 174 39 transfer
2180 3112 86 41 him
2281 3116 45 33 to
2343 3110 91 39 that
2448 3111 143 46 Court,
2622 3107 148 44 where,
2791 3107 148 56 during

1607 3178 59 39 kis
1680 3178 77 39 last
1775 3176 177 45 mission,
1981 3174 71 41 the
2074 3178 106 35 most
2199 3174 177 39 arduous
2406 3171 77 43 and
2502 3169 171 40 delicate
2693 3169 87 39 that
2794 3181 74 30 can
2890 3168 50 40 be

1606 3239 220 53 imagined,
1854 3237 51 40 he
1924 3234 259 48 conciliated,
2212 3235 39 37 in
2272 3233 69 39 the
2359 3231 162 53 highest
2533 3230 162 53 degree,
2724 3229 71 44 the
2813 3242 125 43 gene!

1606 3301 58 41 ral
1682 3306 167 41 esteem,
1866 3298 78 45 and
1964 3298 69 41 the
2048 3296 234 40 confidence
2300 3293 48 41 of
2359 3294 71 45 the
2447 3291 184 51 Cabinet,

1659 3364 131 52 Every
1811 3359 142 43 article
1969 3359 43 40 in
2027 3359 116 43 those
2161 3359 151 52 Papers
2331 3354 132 48 allude
2499 3359 44 35 to
2575 3366 24 33 a
2619 3356 98 39 War
2746 3352 182 43 between

1607 3428 157 38 France
1783 3426 77 39 and
1876 3422 167 52 Austria
2072 3435 43 30 as
2132 3417 233 50 inevitable,
2422 3416 87 40 The
2525 3422 180 39 extracts
2720 3415 96 54 they
2837 3428 76 27 con-

1606 3487 84 39 tain
1721 3485 112 44 from
1867 3484 72 40 the
1971 3481 154 44 French
2158 3480 81 43 and
2272 3481 176 39 German
2470 3476 208 48 Journals,
2696 3489 70 27 are
2784 3476 155 54 replete

1606 3548 97 41 with
1721 3546 155 45 similar
1891 3543 295 56 speculations;
2216 3541 96 47 and,
2330 3541 106 43 from
2476 3554 26 27 a
2529 3539 288 56 retrospective
2838 3539 102 39 view

1605 3613 51 41 of
1668 3613 72 51 the
1756 3624 262 38 occurrences
2049 3608 129 41 which
2206 3606 196 59 preceded
2421 3606 70 40 the
2505 3609 80 38 two
2606 3604 77 39 last
2700 3604 239 52 campaigns

1605 3676 41 41 in
1665 3678 223 50 Germany,
1923 3672 131 43 which
2091 3671 98 46 bear
2220 3684 46 32 so
2285 3669 170 53 striking
2477 3681 25 31 a
2519 3666 210 53 similarity
2751 3664 97 41 with
2868 3665 73 40 the

1603 3742 162 50 present
1813 3733 338 46 demonstrations
2193 3732 41 46 in
2282 3730 92 41 that
2406 3735 190 47 country,
2631 3742 63 26 we
2730 3741 71 26 are
2833 3726 105 53 fully

1596 3798 188 53 justified
1801 3798 40 40 in
1859 3795 206 54 believing
2099 3794 93 43 that
2220 3793 211 45 hostilities
2450 3804 71 27 arc
2541 3803 52 30 on
2614 3790 70 40 the
2704 3789 235 41 immediate

1604 3861 118 52 point
1748 3859 52 45 of
1839 3856 296 56 commencing.
2210 3856 46 39 It
2280 3854 71 41 the
2386 3857 191 38 accounts
2606 3852 43 43 in
2679 3852 70 40 the
2779 3850 161 57 private

1602 3924 138 44 letters
1757 3934 77 28 can
1864 3921 52 44 be
1936 3919 124 50 relied
2078 3931 70 38 on,
2165 3917 131 52 which
2323 3920 102 38 state
2444 3917 93 39 that
2550 3914 70 41 the
2639 3917 210 50 arrogant,
2871 3913 70 43 the

1599 3985 224 54 suspicious
1843 3989 156 47 tyrant,
2016 3985 139 38 exacts
2189 3979 53 41 of
2263 3979 71 43 the
2366 3981 198 58 Jmleror
2580 3976 48 40 of
2650 3977 190 43 AUSTRIA
2867 3976 73 39 the

1602 4046 260 52 humiliating
1883 4044 224 48 condition,
2126 4046 85 40 that
2228 4044 50 44 he
2294 4044 138 45 4hould
2440 4042 164 44 disband
2619 4042 60 38 kis
2696 4051 85 28 new
2802 4041 143 45 levies,

1600 4114 79 37 and
1695 4114 146 38 reduce
1857 4111 61 37 his
1935 4110 177 50 military
2121 4108 125 51 force
2264 4110 39 40 tt
2321 4106 150 45 44,000
2489 4114 105 33 men,
2611 4100 79 43 and
2709 4100 234 48 denonnceq

1599 4172 152 47 instant
1769 4168 229 53 hostilities,
2015 4168 37 43 if
2065 4167 81 44 this
2161 4165 209 66 proposal,
2386 4165 131 46 which
2535 4162 71 47 has
2620 4176 57 28 no
2691 4160 165 65 parallel
2871 4159 70 54 fur

0 2206 46 15 r
