3348 4429
1082 67 150 53 THE
1266 65 378 53 NATIONAL
1682 61 379 54 REGISTER.

211 200 80 34 lain
308 210 100 25 some
424 210 156 37 express
613 201 190 47 definition
837 202 47 45 of
905 214 32 21 w
950 202 60 34 hat
1030 214 80 22 men
1128 214 67 22 are
1213 210 38 26 to
1271 202 216 37 understand
1506 206 48 44 by

214 248 164 46 libelling
391 250 18 33 ?
438 248 69 34 Let
539 248 28 34 it
600 248 45 34 he
669 248 172 43 enacted,
870 248 105 35 what
1004 261 57 22 we
1095 261 86 34 may
1200 261 81 34 say,
1307 261 43 24 or
1376 250 104 37 what
1499 263 56 24 we

213 305 86 34 may
320 302 65 28 not
399 307 69 33 say
482 309 13 26 ;
522 295 71 35 and
613 298 50 33 let
681 307 40 24 us
739 296 47 33 be
804 296 133 45 kindly
958 298 197 35 instructed
1169 309 40 24 as
1225 304 35 28 to
1279 298 103 35 what
1397 309 57 24 we
1472 311 81 33 may

210 344 130 41 write,
354 346 71 32 and
442 354 41 24 as
502 352 38 26 to
557 344 103 34 what
694 353 59 25 we
776 354 86 34 may
888 352 64 27 not
978 346 124 34 write.
1155 346 125 45 Ought
1298 346 65 34 the
1377 346 176 35 situation

211 390 48 34 of
270 392 152 33 authors
439 392 37 33 iu
493 391 122 43 Paris,
634 391 74 43 Sir,
729 397 37 28 to
784 391 46 34 be
843 392 70 34 less
922 391 210 37 hazardous
1152 396 89 33 than
1254 394 79 34 that
1351 394 44 33 of
1402 396 154 33 authors

213 438 39 32 in
282 439 149 34 London
445 439 14 34 ?
489 441 146 40 Better,
654 439 193 41 however,
874 441 30 33 is
933 441 60 35 the
1023 441 198 46 discipline
1239 442 45 33 of
1304 444 177 32 incessant
1499 452 38 24 re-

210 487 188 41 striction,
430 487 92 35 than
555 487 64 35 the
648 487 187 46 privilege
866 488 45 34 of
943 488 109 46 being
1095 495 43 28 at
1176 490 142 46 liberty
1350 489 138 46 merely
1514 495 39 31 to

213 535 185 43 *endanger
413 535 202 34 ourselves.

266 585 73 30 Scut
340 582 18 44 -
358 582 128 44 leafing
515 588 92 28 must
640 583 47 33 be
720 582 94 35 done
844 585 207 44 respecting
1083 583 65 37 the
1175 585 142 35 British
1348 585 130 41 Press;
1513 586 46 33 of

215 628 144 40 which,
378 628 61 34 for
452 632 63 32 the
531 632 181 33 alternate
726 640 177 35 purposes
920 633 44 32 of
974 641 129 34 power
1115 644 46 24 or
1174 633 155 40 faction,
1342 633 64 33 the
1417 633 135 44 liberty

216 677 33 34 is
280 677 158 46 artfully
471 678 152 34 blended
659 678 96 34 with
783 678 45 35 its
861 678 289 40 licentiousness.
1224 679 116 35 Suffer
1371 685 81 37 not,
1479 679 73 45 Sir,

216 724 158 34 another
391 726 314 44 alarmist-system
742 731 39 27 to

802 725 237 45 .depreciate,
1072 728 70 33 and
1176 728 132 34 almost
1335 726 219 44 annihilate,

217 771 64 34 the
312 770 201 37 franchises
542 772 44 33 of
614 772 190 37 mankind.
861 774 63 33 Let
943 778 63 31 not
1035 774 64 34 the
1116 776 275 34 licentiousness
1422 775 44 34 of
1493 776 59 33 the

220 820 109 34 _Press
354 821 152 33 succeed
524 827 37 27 to
578 821 59 33 the
652 821 235 34 Jacobinism
902 820 45 34 of
961 822 157 33 France.
1186 822 107 41 You,
1311 822 69 33 and
1411 822 84 33 such
1514 834 39 25 as

219 878 93 33 `•ou,
335 868 115 44 ought
482 874 63 27 not
575 873 39 27 to
648 868 46 33 be
726 868 272 44 apprehensive
1024 868 45 33 of
1089 869 63 34 the
1174 881 163 32 progress
1356 868 47 37 of
1424 869 129 37 human

242 915 158 34 reedom.
462 915 33 33 It
520 915 28 33 is
567 915 60 33 the
638 926 123 33 parer
777 914 47 45 of
835 918 58 30 the
905 926 122 33 purse,
1048 927 73 32 you
1139 927 66 25 are
1230 918 81 33 well
1331 928 143 30 aware,
1483 919 69 33 and

302 963 60 34 the
379 974 119 31 power
528 963 47 40 of
594 965 58 31 the
679 964 143 43 people,
848 961 84 35 that
960 973 83 25 now
1059 964 190 37 threatens
1265 964 63 35 the
1345 965 150 46 vitality
1515 965 43 35 of

220 1019 71 25 our
308 1011 174 43 political
500 1011 198 33 existence.

270 1058 107 39 Alas,
411 1057 59 34 for
504 1057 254 34 Junius—had
790 1056 56 34 his
874 1057 191 44 publisher
1093 1059 103 35 lived
1227 1062 106 33 when
1361 1061 135 47 simply
1515 1065 39 30 to

219 1104 30 21 di
280 1106 85 33 hold
383 1115 24 24 a
424 1115 81 24 man
522 1115 48 33 up
587 1109 39 30 to
645 1104 149 34 ridicule
811 1104 72 34 and
1139 1108 117 45 might
1272 1110 197 33 constitute
1533 1122 21 20 a

386 1153 196 39 Consider,
601 1152 72 41 Sir,
704 1153 52 32 let
781 1161 56 24 me
854 1153 152 34 beseech
1026 1154 44 33 of
1091 1166 91 33 you,
1213 1155 61 34 the
1292 1156 72 33 few
1385 1155 169 45 thoughts

215 1200 150 41 which,
394 1200 159 43 through
587 1200 61 33 the
676 1200 152 33 channel
859 1199 46 34 of
925 1209 223 37 newspaper
1165 1205 239 39 intercourse,
1430 1205 17 32 I
1467 1205 90 33 have

221 1258 89 26 now
343 1248 180 33 ventured
561 1252 40 30 to
641 1246 138 35 submit
815 1252 39 27 to
901 1259 89 32 you.
1067 1250 100 34 Turn
1201 1261 89 24 over
1320 1261 100 24 some
1461 1252 93 33 back

221 1305 112 35 pages
366 1296 45 33 of
448 1297 61 32 the
541 1293 208 35 chronicles
776 1292 44 34 of
854 1304 71 25 our
964 1304 255 38 countrymen,
1253 1299 71 34 and
1355 1300 104 33 mark
1494 1299 61 34 the

220 1344 93 33 time
327 1343 123 37 when,
465 1352 92 24 even
574 1342 130 45 during
720 1351 70 24 one
815 1341 44 34 of
881 1343 63 33 the
961 1349 93 28 most
1071 1344 220 45 degenerate
1310 1346 73 34 and
1402 1345 135 44 disgust-

220 1391 64 41 ing
302 1389 146 46 periods
467 1389 43 33 of
530 1398 69 24 our
615 1389 159 45 history,
793 1388 361 46 ballad-siugersand
1175 1396 253 43 street-cryers
1447 1404 107 31 were,

222 1436 261 40 neverthdess,
513 1436 74 34 still
620 1436 164 37 allowed
817 1437 137 44 openly
992 1443 38 27 to
1050 1440 156 34 ridicule
1224 1441 67 33 and
1328 1441 142 34 rebuke
1494 1441 61 33 the

221 1487 181 33 mistres,e
424 1508 11 18 ,
450 1485 70 34 and
540 1485 197 40 ministers,
754 1482 70 35 and
843 1494 181 25 measures
1035 1487 43 32 of
1093 1487 99 33 their
1202 1489 138 44 prince.
1371 1488 96 39 Yes,
1482 1489 73 41 Sir,

222 1534 78 32 this
345 1539 125 26 trine
496 1531 78 35 fact
602 1543 125 24 occurs
746 1531 113 34 under
876 1533 64 32 the
957 1533 191 45 arbitrary
1166 1543 236 35 government
1417 1537 50 33 .of
1495 1538 60 33 the

219 1579 139 37 Second
380 1578 157 35 Charles
550 1578 182 43 l—How,
751 1578 219 39 indeed,are
983 1581 61 32 the
1061 1581 144 46 mighty
1222 1584 113 34 fallen
1350 1585 9 32 !

270 1625 100 37 Does
387 1626 30 33 it
448 1631 65 30 not
541 1637 106 24 recur
673 1632 38 35 to
731 1637 96 33 your
846 1626 113 41 mind,
984 1628 72 41 Sir,
1078 1629 80 34 that
1174 1641 58 22 we
1251 1641 63 25 are
1323 1631 150 45 driving
1494 1631 61 34 the

219 1675 169 34 doctrine
419 1674 46 35 of
485 1674 111 35 libels
626 1682 35 26 to
696 1684 47 24 an
772 1677 167 31 extreme
972 1675 80 34 that
1085 1676 77 34 will
1183 1677 209 45 effectually
1414 1681 67 32 bar
1504 1681 50 32 all

220 1722 165 46 salutary
406 1719 150 50 inquiry
576 1722 12 33 ?
621 1722 171 44 Perhaps
809 1722 98 32 there
933 1719 17 52 i
966 1719 17 52 8
999 1719 67 52 not,
1085 1723 100 35 after
1200 1719 67 50 all,
1287 1737 69 33 any
1372 1737 89 32 open
1478 1728 83 35 libel

216 1768 155 35 without
389 1781 97 21 some
502 1773 122 30 covert
632 1769 136 44 justice
789 1781 11 26 ;
826 1778 54 31 as,
902 1779 58 22 we
993 1767 128 46 know,
1154 1773 104 34 there
1273 1783 65 24 are
1364 1785 107 34 many
1491 1774 66 34 lies

216 1817 98 35 with
333 1815 110 37 much
463 1817 100 35 truth
594 1819 37 33 in
658 1818 115 33 them.
828 1815 222 44 Competent
1065 1822 37 28 to
1135 1830 113 35 every
1265 1820 97 45 legal
1382 1832 176 34 purpose,

219 1876 80 22 you
325 1865 94 33 have
438 1865 188 34 therefore
640 1864 107 35 acted
767 1863 115 45 right,
898 1863 278 48 meritoriously
1194 1867 116 46 right,
1328 1871 35 31 in
1380 1874 155 40 attempt-

219 1913 64 44 ing
313 1917 39 27 to
384 1912 107 44 bring
515 1911 65 34 the
607 1911 181 34 deci.ions
815 1910 44 34 of
879 1920 67 24 our
965 1911 135 35 Courts
1131 1915 45 34 of
1200 1916 89 34 Law
1307 1917 247 45 immediately

221 1959 116 35 under
351 1958 63 35 the
428 1961 223 43 cognizance
667 1961 44 33 of
723 1959 64 34 the
804 1958 35 33 H
848 1958 60 43 igh
918 1958 2 50 •
931 1959 119 38 Court
1063 1959 47 35 of
1123 1962 246 35 Parliament.
1404 1963 152 45 Judge's,

220 2007 139 45 though
390 2007 243 47 independent
659 2017 41 25 as
730 2011 39 30 to
800 2006 196 43 influence,
1015 2020 64 25 are
1104 2017 66 27 not
1188 2009 185 37 infallible
1385 2022 43 22 as
1446 2015 37 30 to
1505 2013 35 33 in-

217 2054 161 34 ference.

273 2102 267 44 Congratulate
574 2100 180 47 yourself,
789 2101 74 40 Sir,
896 2113 43 24 as
966 2107 38 32 to
1037 2105 65 34 the
1122 2105 169 45 political
1311 2107 184 33 eminence
1512 2118 46 22 on

219 2148 128 35 which
366 2160 73 34 you
457 2150 119 35 stand.
606 2145 107 48 took
729 2150 241 44 backwards,
984 2152 71 34 and
1064 2151 124 46 justly
1205 2154 106 44 pride
1325 2153 168 45 yourself
1512 2165 45 22 on

217 2207 102 33 your
338 2203 80 39 past
430 2198 180 39 conduct;
638 2186 107 45 look
748 2198 201 41 forwards,
972 2200 70 33 and
1062 2210 159 35 prepare
1240 2200 57 33 for
1316 2202 61 34 the
1395 2202 162 43 glorious

219 2254 129 24 career
366 2244 79 33 that
467 2244 28 33 is
509 2244 162 45 opening
689 2244 106 34 itself

802 2244 18 47 .
820 2244 35 47 to
885 2257 96 32 your
998 2249 113 32 view.
1172 2246 128 45 Whigs
1316 2258 41 24 or
1376 2250 126 33 furies.
1519 2249 43 33 of

219 2291 67 33 the
300 2290 208 35 old-school
527 2301 44 24 or
600 2289 44 34 of
666 2290 64 34 the
751 2291 231 43 new-chool,
1005 2293 183 35 catholics
1206 2304 43 24 or
1264 2294 292 39 anti-catholics,

217 2349 84 24 men
318 2348 65 25 are
413 2339 164 44 heartily
606 2339 81 35 sick
717 2340 46 33 Of
785 2341 51 33 all
867 2341 65 33 the
950 2342 100 32 usual
1072 2341 154 43 parties.
1283 2342 34 33 A
1337 2343 119 44 really
1475 2354 78 21 new

217 2393 132 38 party,
365 2396 25 24 a
405 2387 151 43 strictly
574 2385 129 37 honest
730 2387 69 33 and
827 2388 99 45 truly
954 2389 86 32 able
1061 2394 126 38 party,
1208 2389 31 33 is
1256 2388 60 33 the
1337 2396 111 38 party
1473 2400 81 25 now

216 2433 181 45 wanting.
451 2427 151 51 txpect
628 2434 74 33 this
733 2446 81 20 new
847 2439 128 40 party,
991 2443 222 37 co-operate
1231 2438 34 33 in
1279 2437 61 34 the
1358 2437 197 35 formation

220 2480 47 34 of
280 2480 27 33 it
321 2493 11 27 ;
346 2480 70 34 and
433 2480 119 35 doubt
568 2487 61 28 not
651 2489 37 27 to
697 2481 73 33 tind
789 2493 94 33 your
901 2484 85 33 toils
1003 2484 275 41 compensated.
1291 2485 52 44 by
1361 2485 61 33 the
1441 2491 112 27 secret

215 2528 257 44 :approbation
489 2529 45 33 of
556 2539 94 31 your
672 2539 85 24 own
781 2530 224 41 consciern'e,
1029 2531 70 32 and
1117 2531 63 32 the
1204 2531 158 45 grateful
1375 2532 159 34 acclama-

215 2576 100 34 tions
333 2576 44 34 of
394 2585 100 34 your
510 2576 244 46 independent
778 2577 255 46 compatriots.

267 2623 132 37 Aittrch
419 2624 37 41 1,
477 2622 103 37 1809.

1356 2623 151 40 Homo.

482 2754 262 40 DEBTORS
763 2753 124 41 AND
919 2757 319 38 CREDITORS
1250 2760 45 33 fl

351 2895 54 27 TO
436 2895 86 26 TUE
552 2894 162 28 EDITOR
743 2896 52 26 OF
823 2896 85 24 TUE
937 2896 217 26 NATWANL
1183 2897 223 26 RECISTER.

266 2998 261 46 SlR—Every
555 3000 234 33 honourable
817 3001 70 32 and
926 3000 236 45 enlightened
1198 3013 94 31 man,
1330 3001 228 43 throughout

216 3045 103 34 these
341 3047 139 33 United
515 3046 223 45 Kingdoms,
764 3053 94 28 must
887 3047 72 34 feel
983 3050 158 43 grateful
1163 3056 39 27 to
1222 3052 57 32 Sir
1304 3050 144 33 Samuel
1480 3050 50 34 no-

215 3093 111 43 roilly
345 3092 59 35 for
424 3094 56 34 his
498 3094 168 35 intended
687 3094 96 43 Bill,
811 3100 39 28 to
879 3094 45 34 be
943 3097 213 34 introduced
1188 3099 74 31 into
1291 3107 67 24 our
1378 3098 177 43 Imperial

217 3139 250 43 Parliament,
494 3152 46 24 on
567 3142 63 34 the
656 3141 146 47 subject
828 3142 45 34 of
894 3142 63 34 the
973 3143 201 46 Bankrupt
1199 3144 118 34 Laws.
1369 3144 81 34 The
1467 3151 92 27 most

215 3189 144 33 callous
378 3189 44 33 of
443 3189 132 34 human
593 3189 128 45 beings
741 3189 80 34 will
852 3196 61 27 not
943 3191 47 32 be
1013 3194 87 33 able
1122 3191 142 44 Wholly
1293 3197 37 27 to
1358 3193 107 34 resist
1493 3194 63 33 the

214 3237 299 41 representation
533 3235 43 35 he
594 3235 64 35 has
669 3237 112 44 given
797 3247 39 24 as
850 3242 38 31 to
907 3237 64 34 the
987 3240 155 33 relative
1159 3241 193 33 situations
1369 3239 46 35 of
1428 3240 130 34 debtor

209 3281 78 34 and
314 3283 163 35 creditor
513 3286 33 32 in
576 3285 72 33 this
672 3293 176 37 country.
901 3276 54 44 \W
956 3286 76 41 hat,
1065 3287 145 40 indeed,
1239 3287 26 33 is
1283 3281 56 39 sr
1342 3293 215 37 monstrous,

211 3339 43 24 as
274 3330 77 35 first
373 3332 228 44 compelling
618 3333 150 32 debtors
785 3338 37 30 to
841 3333 169 45 practice
1023 3333 229 45 dishonesty,
1277 3335 67 33 and
1364 3335 84 33 then
1467 3346 67 33 pun-

211 3377 126 45 ishing
361 3378 102 34 then'
497 3379 60 33 for
592 3380 60 32 the
677 3380 107 34 etrect
819 3383 44 32 of
883 3381 99 37 their
998 3381 246 44 fraudulency
1324 3383 129 41 What,
1479 3389 76 34 too,

211 3435 71 24 can
302 3426 44 32 be
365 3425 185 45 imagined
579 3437 99 24 more
699 3428 204 45 impolitic,
928 3430 208 45 especially
1167 3435 41 28 at
1227 3430 61 33 the
1307 3437 146 38 present
1482 3441 50 24 mo-

208 3480 120 34 -went,
354 3474 91 34 than
465 3474 63 33 the
553 3482 130 35 system
707 3475 47 34 of
776 3476 208 47 increasing
1002 3477 61 32 the
1081 3488 74 22 sum
1175 3477 45 34 of
1239 3478 144 41 general
1406 3478 149 45 misery,

209 3526 69 28 mot
296 3521 85 45 only
404 3522 51 44 by
476 3522 162 45 keeping
658 3522 89 34 thou
752 3524 17 32 -
769 3524 87 32 sands
874 3524 44 33 of
939 3526 116 35 useful
1084 3524 70 33 and
1186 3526 216 34 industrious
1424 3526 110 34 indivi-

208 3566 111 35 duals
348 3568 139 34 locked
521 3580 46 33 up
585 3566 5 50 •
604 3569 135 38 within
769 3570 63 34 the
854 3573 107 34 walls
991 3574 46 33 of
1058 3582 70 27 our
1148 3574 155 41 prisons,
1331 3574 77 40 lint,
1437 3581 35 26 at
1495 3574 60 33 the

208 3625 103 22 same
345 3618 105 32 time,
477 3617 204 45 burdening
709 3619 64 33 the
804 3619 154 46 already
978 3620 210 45 distressed,
1218 3620 136 41 though
1376 3621 157 45 unimpri-

208 3663 129 40 sorted,
365 3664 150 43 portion
535 3665 44 33 of
600 3665 60 34 the
692 3667 228 44 community
980 3670 51 33 ith
1063 3670 61 34 the
1161 3669 85 37 task
1272 3670 43 32 of
1337 3669 219 44 supporting

207 3710 107 34 those
334 3718 38 26 to
397 3711 119 33 whom
550 3723 58 22 we
625 3712 94 45 deny
751 3715 63 32 the
843 3725 123 24 means
999 3717 44 33 of
1063 3715 194 48 stipportit:,
1257 3715 17 48 ,
1273 3715 17 48 :
1306 3717 243 33 themselves?

204 3757 72 34 Let
293 3770 72 24 any
386 3759 219 33 reasonable
622 3770 81 25 man
724 3769 67 38 put
810 3762 102 34 these
931 3764 132 44 simple
1081 3768 123 44 questi
1204 3768 20 44 o
1224 3768 20 44 n
1244 3768 21 44 s
1283 3776 18 26 t
1300 3776 18 26 o
1342 3764 161 50 himself.

254 3807 124 33 There
391 3808 28 32 is
435 3819 69 21 one
521 3809 209 41 particular
748 3810 288 43 consideration,
1056 3815 141 40 which,
1226 3817 132 40 though
1377 3813 172 38 `should

320 3848 39 39 to
378 3855 97 33 have
500 3856 155 47 escaped
681 3857 64 32 the
775 3854 228 52 immedtaten
1003 3854 113 52 teree
1116 3854 22 52 p
1139 3854 22 52 t
1161 3854 22 52 i
1183 3854 47 52 on
1261 3865 21 32 o
1283 3865 21 32 f
1325 3865 59 33 Sir

1414 3859 136 46 _;e*:lnuel

203 3901 189 45 Rnmilly,
422 3901 117 45 ought
556 3908 38 27 to
617 3905 44 32 he
680 3906 161 41 brought
866 3907 178 34 forward.
1096 3909 58 33 Of
1176 3911 98 34 what
1299 3922 64 24 are
1381 3924 70 24 our
1456 3909 96 48 jail.

196 3948 125 34 likely
343 3958 39 32 to
402 3952 46 31 he
469 3951 204 45 inevitably
693 3954 216 43 composed,
939 3954 33 33 if
992 3956 64 33 the
1084 3957 126 43 rigour
1230 3959 41 32 of
1281 3959 155 45 justice,
1465 3971 38 22 as
1521 3959 24 32 it

195 3998 33 32 is
246 3998 138 40 called,
412 3998 30 33 is
470 3998 106 33 much
600 3999 129 45 longer
749 4000 178 34 admitted
948 4007 37 27 to
1011 4006 195 43 supersede
1226 4006 59 33 the
1312 4011 188 33 mandatcs
1513 4005 39 34 of

191 4055 128 34 mercy
335 4045 12 32 ?
404 4046 109 40 Alas,
539 4057 64 22 are
620 4057 56 22 we
689 4052 64 30 not
771 4050 227 44 obstinately
1016 4052 200 44 employed
1237 4055 33 32 in
1291 4056 78 33 thus
1389 4054 158 45 formiPg

193 4090 234 38 tostriorents
444 4094 60 34 for
517 4106 70 22 our
600 4106 52 32 op
665 4107 18 21 n
698 4097 169 33 eventual
882 4097 224 34 destruction
1122 4102 12 32 ?
1189 4102 78 33 Our
1286 4104 155 43 prisons,
1470 4102 31 46 Si
1501 4102 15 46 .
1517 4102 31 46 r,

189 4148 66 28 ire
273 4141 152 47 already
446 4142 122 47 filling
588 4143 90 37 with
698 4143 231 38 disalintiou
950 4150 38 32 to
1005 4146 64 37 the
1082 4148 163 47 existing
1260 4161 292 34 government—,

2590 59 250 54 IWARCII
2880 64 48 48 5.

1617 209 155 35 because
1789 210 27 34 it
1837 209 31 35 is
1890 210 112 34 under
2019 209 74 35 this
2109 221 91 33 very
2216 215 235 39 government
2470 210 80 38 that
2568 209 99 34 their
2682 209 195 35 miserable
2896 210 35 34 in-

1618 255 182 38 habitants
1813 268 67 24 are
1897 259 151 39 suffered
2066 263 38 28 to
2121 256 89 46 pine
2223 257 35 34 in
2278 257 265 35 wretchedness
2558 256 46 34 of
2614 257 50 34 all
2678 256 242 46 descriptions

1622 302 67 35 Let
1704 314 40 25 us
1756 305 102 40 then,
1887 306 174 34 however
2076 304 93 35 deaf
2191 314 56 25 we
2259 315 85 31 may
2359 306 45 33 be
2420 311 39 28 to
2478 305 61 34 the
2557 305 93 35 cries
2675 304 41 35 of
2739 305 208 45 humanity,

1617 350 109 35 listen
1759 357 35 28 to
1825 353 64 33 the
1911 354 104 46 pleas
2031 352 45 35 of
2098 352 144 45 policy.
2295 352 174 46 Emptied
2490 363 67 24 our
2572 351 94 44 jails
2687 356 98 31 must
2800 364 63 21 one
2881 352 69 45 day

1617 398 65 37 be;
1709 399 73 35 and
1796 402 60 33 the
1874 403 129 41 longer
2016 411 50 24 we
2081 399 104 45 defer
2198 400 58 34 the
2272 400 133 33 release
2419 399 47 45 of
2473 400 96 33 their
2584 403 155 38 tenants,
2767 399 63 34 the
2848 410 102 24 more

1618 444 195 47 inflexibly
1831 457 57 25 we
1907 457 191 37 persevere
2130 448 35 34 in
2198 445 73 35 this
2302 448 139 44 species
2458 446 45 34 of
2524 445 169 46 hostility
2709 452 41 28 to
2770 457 70 24 our
2856 448 71 34 ulti-

1616 498 99 28 mate
1735 495 181 40 interests,
1941 496 57 37 the
2016 504 97 25 more
2144 504 61 25 are
2225 504 51 24 we
2301 496 250 44 aggravating
2576 495 59 33 the
2660 496 125 43 spirits
2805 495 47 45 of
2870 506 78 22 men

1617 541 148 45 already
1792 541 243 37 discontented
2061 543 89 34 with
2177 542 57 34 the
2256 546 148 40 present
2432 541 105 33 order
2564 541 48 45 of
2630 541 137 45 things,
2797 542 84 40 and,
2908 542 46 45 of

1617 598 137 33 course,
1778 592 237 43 augmenting
2034 591 58 32 the
2111 587 155 46 dangers
2282 593 38 30 to
2336 589 110 33 which
2459 600 48 21 we
2519 588 97 33 shall
2630 588 149 40 become,
2806 594 38 28 al
2865 591 83 43 lust,

1616 637 172 44 seriously
1806 639 216 33 obnoxious.
2074 638 109 33 Some
2213 635 262 37 amelioration
2502 634 45 34 of
2567 634 64 34 the
2656 635 162 45 existing
2855 637 76 34 rela-

1617 684 163 45 tionship
1798 685 169 33 between
1982 684 151 34 debtors
2159 685 71 33 and
2255 684 178 34 creditors
2461 681 81 37 will
2576 683 47 34 be
2649 681 109 37 found
2778 689 40 28 to
2838 684 44 33 be
2908 693 40 25 as

1617 731 106 37 much
1741 743 24 21 a
1780 742 169 25 measure
1965 731 43 34 of
2028 731 115 34 sound
2157 731 123 45 polity
2296 741 41 26 as
2356 731 28 34 it
2399 730 27 34 is
2440 730 45 33 of
2498 735 79 30 true
2589 729 286 47 philanthropy.

1668 780 67 34 Let
1748 789 35 24 us
1796 780 115 34 claim
1928 778 61 34 the
2006 778 122 35 credit
2144 778 44 35 of
2205 777 242 47 performing,
2472 777 97 34 from
2587 777 151 35 motives
2756 777 46 33 of
2818 777 109 34 lima

1617 828 97 43 nity,
1744 827 100 34 what
1864 837 59 24 we
1939 827 92 34 shall
2049 827 48 34 be
2126 827 202 34 otherwise
2352 826 204 46 compelled
2583 830 39 30 to
2654 826 163 44 perform
2851 824 96 37 from

1617 874 155 33 motives
1793 874 45 33 of
1858 875 193 45 necessity.
2104 874 72 34 We
2191 879 133 31 cannot
2340 874 106 34 much
2461 874 129 44 longer
2606 872 100 35 defer
2732 874 65 33 the
2813 873 118 34 libera-

1617 921 79 33 tion
1713 920 44 34 of
1776 921 63 34 the
1870 932 110 34 many
2000 921 195 34 thousands
2210 933 84 25 now
2328 921 124 45 laying
2471 920 38 37 in
2539 930 69 25 our
2622 919 91 47 jails
2744 920 63 34 for
2837 920 102 34 debt.

1622 969 119 34 When
1757 969 71 33 this
1843 970 216 41 liberation,
2087 969 191 44 however,
2303 970 94 34 shall
2417 969 94 35 have
2525 970 90 33 been
2626 969 138 46 legally
2778 969 170 41 effected,

1616 1017 78 33 still
1716 1017 27 33 it
1765 1017 76 33 will
1860 1017 47 33 he
1937 1018 58 33 the
2013 1018 91 44 duty
2133 1018 45 32 of
2196 1029 67 24 our
2283 1017 229 44 Legislature
2530 1020 38 30 to
2584 1017 181 40 consider,
2792 1018 37 32 in
2846 1026 76 24 com-

1617 1074 85 26 mon
1721 1063 89 34 with
1831 1064 60 33 Sir
1910 1064 143 35 Samuel
2086 1064 183 45 Romilly,
2295 1064 105 35 those
2422 1074 124 24 causes
2568 1063 135 44 which,
2726 1063 226 46 originating

1619 1113 35 33 in
1672 1111 64 33 the
1753 1107 249 41 coottruction
2022 1111 43 34 of
2087 1122 69 24 our
2184 1113 194 45 Bankrupt
2409 1111 107 35 Laws
2539 1110 70 34 and
2641 1111 35 34 hi
2706 1111 63 34 the
2799 1119 149 37 present

1619 1159 163 45 practice
1800 1157 45 37 of
1864 1160 144 34 Arrests
2022 1159 58 37 fur
2100 1160 116 41 Debt,
2242 1160 176 43 engender
2432 1159 63 35 the
2511 1159 206 35 calamities
2726 1166 223 38 consequent

1618 1217 46 24 on
1683 1207 242 44 imprisoning
1957 1207 64 34 the
2037 1217 132 35 person
2186 1207 44 34 of
2256 1207 64 33 the
2336 1207 145 34 debtor.
2536 1206 110 35 Our's
2667 1217 65 25 are

2751 1207 119 40 ,times
2889 1208 59 41 (as

1619 1254 85 44 long
1722 1257 84 41 they
1830 1256 94 33 have
1943 1256 87 33 been
2047 1253 33 45 !)
2102 1256 104 34 when
2224 1256 26 34 it
2268 1254 30 34 is
2316 1256 214 45 impossible
2546 1254 57 35 for
2621 1264 70 34 any
2706 1263 98 32 man,
2830 1254 116 37 unless

1618 1300 45 33 of
1683 1302 226 34 established
1938 1304 195 43 opulence,
2172 1309 38 28 to
2237 1302 113 35 avoid
2380 1304 202 44 pecuniary
2610 1302 334 35 embarrassments.

1620 1349 243 34 Covernment
1886 1349 28 34 is
1932 1350 103 33 itself
2055 1350 64 33 the
2132 1355 158 38 greatest
2306 1350 132 35 debtor
2450 1359 131 32 among
2598 1359 51 24 us.
2700 1349 37 34 Is
2753 1346 32 35 it
2803 1352 60 31 not
2882 1349 45 34 ab-

1618 1396 84 32 surd
1734 1397 98 40 then,
1857 1409 41 22 as
1918 1398 83 33 well
2023 1409 40 22 as
2081 1397 117 40 cruel,
2225 1402 38 28 to
2291 1402 188 39 persecute
2500 1396 219 34 individuals
2752 1394 64 35 for
2841 1395 105 33 those

1617 1442 244 37 defalcations
1884 1444 120 34 which
2022 1455 84 35 may
2126 1447 96 33 arise
2239 1444 97 35 from
2349 1444 64 34 the
2427 1444 275 37 circumstances
2715 1442 44 35 of
2773 1441 64 38 the
2849 1454 76 22 com-

1618 1491 143 46 munity
1774 1500 37 26 at
1822 1493 103 43 large
1941 1494 11 32 ?

1669 1539 18 33 I
1710 1539 109 46 hope,
1847 1540 77 39 Sir,
1949 1546 37 28 to
2004 1539 76 34 live
2098 1539 87 45 long
2199 1539 142 43 enough
2361 1546 38 26 to
2414 1550 60 22 see
2491 1539 73 35 this
2582 1539 180 44 disgrace,
2785 1538 66 33 the
2868 1547 60 34 sys-

1619 1592 72 26 tem
1720 1587 41 32 of
1783 1587 180 44 confining
1980 1587 167 41 debtors,
2172 1587 136 33 effaced
2334 1586 91 34 from
2448 1598 70 22 our
2544 1586 159 37 national
2732 1585 209 34 character.

1624 1632 33 34 It
1689 1632 65 35 has
1783 1637 145 40 always
1948 1635 161 34 lowered
2128 1644 40 24 us
2187 1635 34 34 in
2256 1635 63 33 the
2346 1635 210 35 estimation
2575 1633 45 34 of
2639 1632 217 44 foreigners,
2882 1632 71 37 and

1619 1681 27 32 it
1667 1682 64 33 has
1741 1682 163 34 inflicted
1920 1683 244 33 incalculable
2183 1682 204 33 calamities
2400 1694 45 22 on
2465 1683 61 33 the
2545 1690 145 35 persons
2700 1681 67 34 and
2785 1680 163 35 families

1617 1727 46 34 of
1684 1740 69 22 our
1765 1729 171 41 suffering
1954 1737 250 35 countrymen.
2243 1729 80 35 Nor
2340 1729 84 35 does
2445 1730 61 33 the
2522 1729 74 33 evil
2615 1729 194 33 terminate
2826 1728 37 33 in
2888 1739 41 22 en-

1617 1775 197 46 gendering
1833 1778 206 34 individual
2061 1776 203 44 privatious
2296 1778 71 33 and
2383 1776 177 35 domestic
2576 1774 236 35 destruction.
2868 1774 64 34 Pri-

1617 1834 98 31 sons,
1739 1826 52 33 let
1808 1825 28 34 it
1852 1826 46 33 be
1917 1824 262 40 remembered,
2205 1834 65 24 are
2282 1830 61 28 not
2361 1822 295 46 penitentiaries!
2706 1822 61 35 He
2784 1822 85 34 who
2884 1822 64 35 has

1619 1872 89 33 been
1728 1872 84 46 long
1827 1872 37 34 in
1879 1872 64 33 the
1963 1872 106 34 Fleet
2086 1883 39 21 as
2144 1881 22 24 a
2184 1871 145 40 debtor,
2356 1872 100 34 often
2473 1881 122 24 comes
2611 1873 78 38 out,
2717 1870 92 34 both
2841 1879 38 24 as
2907 1878 40 26 to

1619 1920 172 44 morality
1818 1920 71 33 and
1909 1924 196 40 property,
2134 1918 92 34 with
2256 1918 63 33 the
2346 1919 187 44 consoling
2550 1924 169 39 prospect
2740 1918 45 32 of
2807 1918 141 44 getting

1622 1968 76 33 into
1719 1968 183 44 Newgate
1917 1977 39 25 as
1981 1977 22 22 a
2029 1967 110 33 felon.
2199 1967 35 33 It
2269 1968 27 31 is
2323 1967 96 41 thus,
2446 1968 144 39 indeed,
2616 1967 79 33 that
2722 1964 228 35 individuals

1620 2015 149 33 become
1780 2015 185 41 criminal,
1981 2014 159 34 families
2151 2013 242 44 degenerated
2402 2015 70 33 and
2484 2014 181 34 dissolved
2676 2024 11 27 ;
2720 2015 70 31 and
2807 2014 139 43 society

1619 2063 206 45 generally,
1852 2061 96 33 from
1964 2062 100 33 these
2082 2061 72 34 and
2170 2062 104 32 other
2291 2061 216 46 concurring
2524 2072 138 30 causes,
2688 2060 27 33 is
2733 2061 104 33 filled
2908 2061 38 33 th

1618 2107 227 47 delinquents
1870 2112 72 34 vutt
1961 2107 169 35 .ne-naced
2148 2108 90 37 with
2257 2108 221 35 desolation.
2535 2109 66 33 Let
2620 2120 53 31 us,
2699 2107 33 33 in
2751 2108 77 33 this
2857 2108 92 33 hour

1619 2157 44 33 of
1676 2159 230 32 tremendcas
1924 2157 235 40 tribulation,
2184 2156 206 45 sedulously
2408 2158 213 33 endeavour
2635 2164 37 27 to
2687 2157 200 35 conciliate
2897 2157 56 34 all

1617 2204 244 46 description,
1880 2204 44 33 of
1946 2215 78 22 men
2046 2204 34 33 in
2105 2202 132 37 favour
2255 2203 45 34 of
2321 2215 67 24 our
2406 2203 170 46 political
2604 2203 239 35 constitution
2858 2217 12 28 ;
2896 2205 52 44 by

1618 2252 181 44 allowing
1819 2251 79 34 tr.:e
1928 2262 137 33 agency
2083 2257 37 26 to
2147 2251 45 32 its
2218 2250 136 46 benign
2380 2251 177 35 influence
2583 2263 131 33 among
2732 2251 118 43 them,
2877 2252 72 34 and

1618 2300 196 44 extending
1828 2303 41 30 to
1889 2298 112 37 them,
2029 2296 168 34 whether
2211 2296 130 46 civilly
2359 2309 43 22 or
2417 2300 233 43 religiously,
2674 2298 59 33 the
2750 2300 200 44 privileges

1622 2346 120 35 which
1774 2348 26 33 it
1822 2348 27 32 is
1872 2356 40 22 so
1931 2347 110 40 nobly
2065 2344 204 34 calculated
2295 2350 38 27 to
2353 2346 149 44 impart.
2558 2346 41 33 If
2622 2356 56 24 we
2696 2346 124 34 would
2841 2348 107 33 make

1619 2405 69 22 our
1702 2400 149 38 country
1872 2394 124 38 loved,
2023 2394 51 32 let
2093 2404 52 27 us,
2172 2402 39 24 as
2230 2404 67 22 one
2327 2393 44 33 of
2395 2404 69 24 our
2487 2399 161 40 greatest
2672 2398 193 31 statesmen
2877 2395 48 33 ad-

1619 2443 116 40 vised,
1761 2444 125 31 hasten
1905 2447 38 26 to
1957 2440 110 34 make
2086 2440 27 32 it
2131 2440 123 45 lovely
2271 2439 8 33 !

1668 2491 126 33 March
1811 2491 38 40 2,
1879 2489 104 34 1809.

2705 2489 203 39 BlIRONS•

1860 2622 292 46 FOREIGN
2191 2622 514 46 INTELLIGENCE.

1676 2743 445 38 THIRTY-SECOND
2147 2744 272 35 BULLETIN
2441 2740 71 38 OF
2531 2741 113 35 THE
2666 2741 221 39 FRENCH

2060 2805 162 35 ARMY
2255 2806 58 34 IN
2344 2804 178 37 SPAIN.

1713 2904 79 34 The
1811 2906 113 33 Doke
1937 2904 45 34 of
1998 2906 206 41 Dalmatia,
2224 2908 111 43 being
2347 2904 148 35 arrived
2507 2902 128 35 before
2654 2903 144 41 Ferrol,
2816 2907 132 34 caused

1622 2953 59 34 the
1702 2954 104 43 place
1826 2961 37 26 to
1884 2953 46 34 be
1949 2953 174 34 invested.
2180 2954 256 44 Negatiations
2452 2962 97 24 were
2569 2952 128 43 begun.
2746 2954 85 33 The
2849 2954 98 34 Civil

1626 3000 246 37 Authorities,
1898 3000 70 33 and
1989 3001 59 32 the
2070 3000 172 43 Military
2268 3001 70 34 and
2359 3000 120 35 Naval
2500 3000 165 41 Officers,
2691 3000 215 34 manifested
2924 3013 24 21 a

1619 3048 220 44 disposition
1858 3056 40 25 to
1916 3048 214 40 surrender;
2160 3051 63 32 but
2243 3050 60 33 the
2334 3048 149 45 people,
2505 3047 181 33 fomented
2705 3048 46 44 by
2772 3048 64 34 the
2854 3050 96 44 spies

1624 3096 122 33 whom
1766 3097 59 32 the
1851 3097 152 43 English
2026 3096 71 33 had
2118 3094 83 43 left,
2218 3097 164 34 resisted.
2435 3097 58 33 On
2512 3094 63 34 the
2591 3094 87 35 24th
2699 3096 59 34 the
2783 3097 111 34 Duke
2911 3098 44 33 of

1625 3144 191 33 Dalmatia
1834 3144 74 32 reer
1909 3144 18 32 ,
1926 3144 76 32 ived
2022 3150 77 26 two
2119 3155 233 33 messengers,
2385 3154 70 22 one
2478 3148 78 28 sent
2587 3143 48 43 by
2655 3144 169 33 Admiral
2856 3144 71 33 Mel-

1620 3189 143 46 garejn,
1778 3190 242 34 Commander
2040 3189 40 34 of
2094 3191 60 33 the
2176 3191 156 45 Spanish
2350 3190 200 45 squadron,
2568 3190 69 33 and
2656 3191 59 32 the
2731 3191 217 40 other,who

1620 3249 103 24 came
1741 3249 120 24 across
1879 3239 64 33 the
1958 3239 219 43 mountains,
2211 3246 77 28 sent
2319 3241 47 41 by
2387 3240 64 33 the
2481 3237 172 46 Military
2678 3239 270 35 Commanders.

1622 3287 119 33 These
1757 3287 165 33 couriers
1943 3295 97 25 were
2060 3287 87 32 both
2184 3293 74 27 sent
2294 3286 158 34 without
2485 3287 63 33 the
2574 3286 217 46 knowledge
2819 3287 45 33 of
2887 3287 63 33 the

1623 3334 146 44 people.
1820 3334 105 44 They
1948 3333 113 33 stated
2085 3334 79 33 that
2185 3335 59 32 the
2263 3334 222 34 authorities
2505 3344 97 24 were
2621 3333 110 34 under
2757 3335 63 33 the
2852 3335 99 38 yoke

1622 3381 41 33 of
1676 3393 25 21 a
1720 3383 145 34 furious
1886 3381 200 44 populace,
2115 3383 148 33 excited
2280 3384 70 32 and
2372 3381 84 44 paid
2477 3383 46 41 by
2543 3381 61 33 the
2622 3389 123 38 agents
2778 3381 47 34 of
2851 3372 79 53 *Eng-

1622 3430 100 40 land,
1748 3431 69 32 and
1846 3431 84 32 that
1949 3429 92 34 5000
2072 3438 80 25 men
2179 3431 195 43 belonging
2393 3437 38 26 to
2450 3430 61 33 the
2530 3430 76 43 city
2626 3430 67 33 and
2718 3430 44 33 its
2779 3431 175 32 environs

1624 3488 93 22 were
1741 3477 33 33 in
1791 3488 111 24 arms.
1931 3477 78 32 The
2026 3476 111 35 Doke
2156 3477 43 33 of
2217 3477 190 35 Dalmatia
2421 3477 70 33 had
2511 3483 35 26 to
2563 3478 141 32 resolve
2720 3489 99 33 upon
2837 3488 91 34 open-

1620 3526 58 43 ing
1697 3527 61 32 the
1778 3524 188 37 trenches;
1995 3524 65 33 but
2078 3523 100 37 from
2197 3524 63 34 the
2280 3526 87 35 21th
2388 3531 37 27 to
2452 3526 60 32 the
2530 3524 105 40 25th,
2656 3527 145 32 various
2828 3535 99 21 move-

1620 3580 112 27 ments
1754 3583 93 24 were
1869 3572 169 34 manifest
2067 3573 34 32 in
2121 3574 60 33 the
2203 3580 112 27 town.
2368 3574 79 33 The
2480 3573 83 34 17th
2593 3573 172 43 regiment
2798 3573 45 32 of
2859 3573 94 41 light

1622 3620 159 45 infantry
1802 3620 71 33 had
1894 3620 170 44 repaired
2095 3627 39 27 to
2159 3622 66 32 Alt
2225 3622 21 32 ,
2246 3622 111 32 ardos
2373 3634 11 27 ;
2412 3621 64 33 the
2499 3620 78 34 31st
2597 3621 171 41 regiment
2791 3620 45 32 of
2857 3619 96 43 light

1619 3669 162 44 infantry
1804 3678 98 24 were
1919 3674 38 26 at
1976 3666 63 32 the
2052 3665 92 37 forts
2163 3670 41 32 of
2217 3648 50 53 11
2287 3670 129 33 Palma
2430 3670 69 34 and
2520 3670 102 32 Saint
2646 3669 152 40 Martin,
2825 3666 70 35 and
2913 3672 41 30 at

1622 3717 185 41 Lagrana;
1833 3717 71 32 and
1923 3726 39 24 as
1981 3713 87 45 they
2091 3717 208 33 blockaded
2321 3717 59 33 the
2400 3717 76 33 fort
2496 3717 103 33 Saint
2619 3715 145 45 Philip,
2785 3716 63 33 the
2865 3726 66 32 peo-

1618 3764 59 44 ple
1697 3765 111 39 began
1826 3769 39 27 to
1887 3763 78 33 tear
1983 3761 61 33 the
2061 3774 266 35 consequences
2346 3764 41 32 of
2400 3776 45 22 an
2459 3765 155 39 assault,
2631 3763 67 33 and
2726 3770 38 26 to
2785 3763 107 33 listen
2913 3770 38 26 to

1617 3822 78 22 men
1715 3811 44 33 of
1772 3822 109 24 sense.
1939 3813 56 31 On
2015 3809 78 35 the.
2093 3814 105 40 '.26th,
2233 3811 102 35 three
2355 3813 87 40 110
2459 3813 45 32 of
2517 3817 117 35 Inter,
2655 3810 33 33 fu
2696 3810 143 34 rubbed
2864 3810 86 34 with

1616 3861 209 39 authority,
1865 3860 72 34 and
1982 3856 59 33 the
2083 3861 168 33 annexed
2297 3861 126 39 letter,
2464 3860 149 34 arrived
2654 3865 39 27 at
2733 3849 65 44 the
2843 3859 89 34 head-

1613 3913 183 38 quarters,
1821 3907 71 34 and
1935 3907 122 44 s,igned
2100 3908 63 33 the
2204 3908 190 35 surrender
2428 3907 45 33 of
2513 3907 61 33 the
2617 3907 117 45 place.
2791 3907 59 33 On
2887 3906 63 34 the

1612 3953 125 45 lath,.
1761 3961 39 28 at
1835 3965 109 24 seven
1982 3952 151 38 o'clock
2163 3957 34 32 in
2224 3958 61 32 the
2313 3957 167 43 morning
2506 3957 63 31 the
2607 3960 99 27 town
2739 3965 76 22 was
2842 3965 86 24 occu-

1617 4004 85 45 pied
1736 4004 48 44 by
1813 3998 63 39 the
1903 4003 34 34 di
1946 4004 99 33 vison
2072 4004 178 41 Mermot,
2276 4003 71 34 and
2374 4004 47 43 by
2450 4015 22 21 a
2500 4003 151 44 brigade
2678 4002 41 32 of
2751 4003 197 43 dragoons.

1617 4052 57 33 On
1691 4051 63 33 the
1774 4062 98 24 same
1891 4050 72 45 day
1982 4051 63 34 the
2060 4052 165 44 garria
2245 4063 73 22 was
2337 4051 178 33 disarmed
2530 4063 9 26 ;
2571 4051 63 32 the
2661 4050 201 41 disarming
2875 4050 77 33 also

1617 4100 183 45 produced
1827 4100 97 33 3000
1950 4101 174 34 muskets.
2177 4100 80 34 The
2293 4101 135 43 people
2461 4100 89 33 who
2582 4100 47 32 do
2657 4106 59 26 not
2751 4098 136 43 belong
2913 4102 39 27 to

1615 4148 152 45 Ferro',
1792 4148 94 35 have
1915 4148 91 37 been
2035 4148 198 38 remanded
2251 4153 38 32 to
2307 4148 99 37 their
2435 4148 167 45 villages.
2653 4146 78 37 The
2743 4144 2 48 •
2756 4155 84 26 men
2867 4144 87 37 whe

217 66 90 54 148

3163 2659 76 129 ~k
