3177 4429
216 100 248 54 MARcii
502 102 51 48 5.

1070 103 145 51 THE
1251 103 294 53 NATION.'

209 249 221 39 arrogance
446 250 99 27 even
566 239 39 39 in
624 253 77 25 our
732 253 73 40 age
836 241 46 38 of
906 241 136 39 brutal
1070 241 195 47 violence,
1287 241 48 38 be
1356 248 69 33 not
1447 242 50 35 im-

209 296 217 53 mediately
446 296 198 56 complied
679 300 207 40 with.—lf
899 300 77 41 this
1009 301 267 53 unexampled
1298 306 65 34 act
1376 301 46 40 of
1436 306 67 34 out-

211 372 110 40 age,
339 360 74 37 and
429 359 145 41 lawless
588 361 240 53 unblushing
848 367 168 47 tyranny
1036 361 70 40 has
1119 361 98 41 ti..;;n
1235 361 164 44 offered,
1417 361 113 40 there

211 420 32 40 is
263 425 72 34 not
352 422 224 46 a,membcr
594 420 50 39 of
653 422 67 39 the
741 424 187 39 Austrian
947 423 182 46 Cabinet,
1150 428 70 33 not
1243 435 52 25 au
1315 420 216 40 individual

211 481 188 41 altachetl
416 485 44 38 to
481 482 65 39 the
566 495 132 40 army,
713 488 71 34 not
816 496 78 30 one
913 482 227 40 inhabitant
1155 483 50 38 of
1227 482 70 40 the
1318 495 214 28 numerous

213 543 227 53 provinces,
461 542 35 39 if
519 544 91 54 they
641 544 104 39 have
771 557 94 27 ever
886 544 70 40 felt
977 543 67 39 the
1062 543 109 40 force
1186 542 47 39 of
1247 543 70 40 the
1337 543 142 43 words,
1481 565 51 8 —

214 607 174 47 Country
402 609 79 34 and
498 607 286 48 Independence
784 607 25 48 *
821 606 86 41 who
926 604 130 39 would
1071 606 70 39 not
1159 604 79 40 risk
1252 604 176 45 fortune,
1450 604 83 45 life,

214 665 197 46 freedom,
431 679 117 39 every
568 666 116 53 thing
700 667 96 40 dear
816 672 43 33 to
889 680 89 26 men
1000 666 76 39 and
1096 666 163 51 binding
1281 678 52 26 on
1354 666 176 45 citizens,

215 741 144 26 sooner
378 728 98 43 than
508 733 165 33 consent
698 735 44 33 to
780 728 105 39 their
921 728 250 52 Sovereign's
1189 728 239 51 submitting
1448 732 43 34 to
1511 741 22 26 a

214 787 222 48 condition,
457 788 126 40 which
606 788 131 39 would
761 789 142 44 reduce
922 788 84 39 him
1037 791 43 34 to
1108 800 22 26 a
1161 793 102 33 state
1285 788 48 38 of
1358 801 43 25 as
1423 801 109 26 com-

216 854 106 53 plete
354 855 185 54 bondage
574 856 78 40 and
691 854 276 53 degradation,
1005 866 41 26 as
1072 854 66 38 the
1178 859 105 37 most
1311 853 220 57 despicable

216 920 198 46 member,
431 932 48 27 or
497 922 169 41 roitelet,
686 919 48 39 of
749 920 67 39 the
841 918 176 41 Rhenish
1039 918 285 53 Confederacy,

268 1010 86 39 The
373 1015 105 37 most
497 1007 229 54 prominent
741 1006 157 40 articles
917 1006 40 40 in
969 1007 128 39 ,these
1131 1019 154 40 papers,
1304 1004 163 41 relative
1491 1009 44 34 to

219 1070 174 53 military
417 1075 261 40 movements,
694 1082 67 26 are
775 1068 67 39 the
856 1067 226 52 following.
1139 1071 28 37 A
1185 1069 159 38 courier
1359 1067 176 52 brought

217 1137 45 39 to
283 1131 171 40 General
470 1134 214 41 OuntivoT,
704 1143 50 24 on
775 1129 69 39 the
868 1128 163 44 9thfolt,
1050 1142 50 25 an
1120 1128 115 39 order
1252 1134 45 34 to
1323 1128 122 38 break
1465 1140 70 39 up,

217 1193 96 40 with
335 1195 69 38 the
422 1206 117 39 corps
556 1193 126 39 under
702 1192 59 40 his
778 1187 230 48 commanid,
1029 1191 76 39 and
1128 1191 124 39 which
1277 1204 78 25 was
1370 1189 144 38 station-

219 1256 50 39 ed
287 1256 120 52 along
429 1256 67 39 the
516 1253 158 45 .Maine,
703 1252 76 41 and
809 1256 44 35 to
874 1253 133 38 march
1038 1252 50 51 by
1110 1251 213 51 regiments
1350 1256 43 33 to
1413 1253 98 47 Augs-

220 1317 119 51 burg.
396 1316 87 40 The
502 1315 185 44 ultimate
706 1313 235 39 destination
958 1312 50 39 of
1018 1312 112 39 those
1148 1316 155 47 troops,
1323 1309 213 51 according

220 1383 45 38 to
296 1391 24 31 a
352 1377 241 41 Franckfort
614 1374 187 45 Journal,
835 1374 31 38 is
893 1374 70 38 the
989 1372 189 43 frontiers
1204 1372 43 38 of
1450 1371 85 38 The

216 1452 110 27 same
345 1452 125 40 paper
489 1439 211 41 mentions,
713 1436 89 40 that
822 1436 65 38 the
904 1440 157 47 reports
1070 1434 50 37 of
1129 1446 24 26 a
1167 1439 165 45 rupture
1346 1433 99 38 have
1459 1431 76 39 had

221 1514 26 26 a
267 1513 92 40 very
379 1500 366 51 disadvantageous
759 1496 120 40 effect
906 1509 53 30 on
978 1496 67 39 the
1070 1496 145 38 Vienna
1227 1505 124 41 paper
1365 1495 141 50 Money
1524 1509 11 27 ;

221 1561 77 41 and
326 1560 157 54 though
515 1561 31 38 it
576 1564 194 47 attempts
801 1561 44 34 to
873 1558 185 51 disprove
1088 1556 67 39 the
1187 1552 246 56 probability
1453 1553 48 37 of
1514 1565 21 25 a

221 1636 97 34 war,
343 1620 309 53 acknowledges
679 1619 89 43 that
794 1619 69 38 the
894 1622 177 48 greatest
1101 1615 162 52 activity
1297 1615 170 52 prevails
1499 1615 37 38 in

221 1687 70 39 the
309 1698 81 27 war
405 1685 273 53 departments
696 1681 48 39 of
769 1680 69 41 the
866 1682 125 37 States
1010 1680 47 39 of
1074 1680 67 39 the
1162 1676 170 43 Rhinish
1357 1677 180 48 League;

222 1747 78 44 and
319 1748 90 38 that
424 1747 135 44 orders
586 1744 104 39 have
718 1743 97 39 been
836 1741 142 44 issued,
1013 1741 76 38 and
1114 1742 202 40 executed,
1344 1737 39 38 in
1414 1739 99 37 Bava-

222 1809 74 46 ria,
315 1807 281 52 Wirtemberg,
621 1804 149 45 Baden,
789 1804 77 39 and
889 1800 246 46 Darmstadt,
1154 1799 92 39 that
1265 1796 105 40 their
1387 1798 131 38 contin-

222 1876 117 48 gents
370 1881 92 40 may
483 1869 48 39 be
561 1866 123 53 ready
704 1871 44 39 to
782 1864 137 44 march
950 1876 52 26 on
1035 1859 69 48 the
1135 1860 86 39 first
1252 1858 149 40 notice.
1454 1857 87 41 The

222 1931 237 53 contingent
487 1928 48 39 of
563 1925 250 53 Westphalia
842 1925 70 38 has
940 1920 189 41 marched
1162 1919 174 40 towards
1368 1920 171 48 Saxony.

223 1996 63 37 On
312 1993 69 39 the
411 1990 91 44 Left
529 1988 135 44 Banks
691 1987 47 44 of
763 1985 70 41 the
865 1984 131 41 Rhine
1023 1984 113 38 there
1155 1993 102 28 were
1276 1991 111 27 some
1406 1991 137 32 move,

227 2059 125 33 meats
371 2052 47 39 of
431 2056 138 46 troops
588 2048 164 51 coining
781 2047 106 46 from
918 2044 203 46 Brabant;
1153 2043 73 38 but
1250 2041 107 46 their
1375 2039 168 47 number

226 2115 31 41 is
273 2114 129 40 stated
420 2126 43 31 as
482 2108 334 46 inconsiderable,

280 2200 32 37 A
328 2194 239 51 namburgh
588 2196 132 51 Paper
738 2191 50 40 of
813 2191 70 40 the
907 2189 90 40 14th
1019 2187 74 43 ult.
1115 2199 100 40 says,
1235 2185 92 46 that
1341 2183 69 41 the
1428 2181 115 41 latest

226 2258 136 44 letters
380 2257 105 40 from
520 2257 154 38 Vienna
698 2267 70 26 are
802 2265 113 33 p►pre
946 2250 167 40 warlike
1143 2249 96 39 than
1269 2246 70 39 the
1375 2244 167 43 former.

228 2320 111 51 They
356 2317 129 53 spesk
502 2316 48 40 of
565 2316 70 39 the
652 2313 224 41 formation
895 2311 50 40 of
958 2311 162 43 armies,
1137 2308 76 39 and
1233 2307 94 53 give
1345 2306 70 39 the
1433 2319 111 26 corn,

227 2380 119 43 ;nand
365 2379 50 39 of
428 2378 70 39 the
515 2391 113 39 army
646 2375 40 39 in
703 2378 201 47 Germany
922 2378 45 34 to
984 2370 69 39 the
1075 2373 241 37 ARCHDUKE
1336 2367 204 45 CHARLES,

228 2440 86 40 The
332 2443 240 38 ARCHDUKE
592 2439 272 43 FERD►NAND,
896 2434 69 39 the
984 2444 109 31 same
1109 2430 155 52 gallant
1281 2428 151 47 officer,
1450 2427 93 39 who

227 2504 164 43 effected
420 2502 61 40 his
509 2506 150 35 retreat
677 2499 93 40 with
797 2503 90 50 part
919 2497 50 45 of
991 2496 71 40 the
1087 2494 187 40 Austrian
1303 2505 116 41 army
1435 2492 107 41 from

231 2567 104 44 Ulni,
365 2567 32 38 is
424 2569 46 34 to
489 2561 215 46 command
737 2574 51 26 an
822 2572 111 39 army
957 2559 39 39 in
1017 2554 193 44 Bohemia
1226 2571 11 27 ;
1269 2554 78 39 and
1371 2552 172 40 General

233 2631 131 38 Count
384 2629 293 44 13ELLEGARDE,
705 2636 78 27 one
802 2621 48 40 of
873 2621 69 40 the
961 2624 107 38 most
1084 2613 287 56 di•tiuguished
1390 2613 156 40 officers

233 2691 39 44 in
295 2689 67 39 tl►e
381 2685 189 48 Austrian
601 2683 165 45 service,
795 2695 80 26 was
894 2686 43 34 to
957 2681 106 38 have
1096 2678 65 39 the
1189 2674 215 43 command
1423 2672 48 40 of
1494 2686 50 26 an

231 2763 111 39 army
363 2745 176 48 destined
555 2750 44 35 to
620 2750 69 33 act
716 2756 54 27 on
801 2743 70 39 the
887 2741 83 40 side
985 2739 51 40 of
1062 2738 115 53 Italy.
1233 2740 58 35 M.
1316 2738 86 38 Von
1429 2738 117 40 FAIW

233 2824 185 33 RENDER,
451 2807 70 44 the
540 2807 184 45 intimate
741 2803 129 40 friend
902 2802 50 41 of
979 2802 72 39 the
1082 2803 237 40 ARCHDUKE
1341 2799 206 41 CHARLES,

234 2872 77 39 and
338 2872 69 39 the
423 2872 187 38 constant
645 2867 194 40 associate
868 2865 39 38 in
926 2863 60 40 his
1010 2861 174 52 military
1206 2859 180 44 labours,
1419 2858 28 38 is
1474 2869 72 40 ap-

235 2933 161 57 pointed
416 2929 194 56 principal
627 2928 268 48 Commissary
915 2926 51 39 of
978 2924 71 40 the
1067 2924 138 51 Army.
1265 2923 61 37 He
1346 2920 30 40 is
1391 2919 133 39 univer-

233 2994 98 53 sally
346 2991 229 50 considered
596 2996 43 34 to
660 2991 104 39 have
783 2989 100 39 been
900 2999 78 27 one
997 2985 50 47 of
1059 2983 69 40 the
1148 2986 104 37 most
1277 2979 270 52 enlightened,

235 3058 162 43 zealous
415 3054 79 41 and
511 3052 131 43 active
659 3053 280 50 co-operators
966 3048 38 37 in
1019 3046 74 39 the
1108 3044 77 39 late
1204 3056 43 41 re
1248 3040 299 54 -organization

235 3118 48 41 of
299 3118 66 39 the
385 3128 130 40 army.
572 3115 63 39 He
664 3125 89 34 rpse
771 3111 110 45 from
899 3107 223 52 obscurity,
1157 3105 78 41 and
1253 3116 105 30 owes
1377 3102 58 39 his
1454 3115 71 40 pro-

235 3181 156 45 motion
403 3177 125 52 solely
548 3181 44 35 to
611 3175 63 41 his
691 3172 132 45 merit.

287 3255 233 53 Magazines
529 3263 71 28 are
614 3248 180 43 likewise
810 3244 177 53 forming
1010 3244 38 39 in
1068 3240 162 44 Austria
1247 3239 79 43 and
1342 3234 207 44 Bohemia.

234 3318 63 44 All
312 3318 70 40 the
402 3313 206 48 Generals,
626 3312 90 41 who
729 3305 262 46 commanded
1004 3318 53 31 on
1081 3304 69 41 the
1161 3300 175 47 Turkish
1350 3296 198 50 frontiers,

235 3380 104 40 have
356 3379 99 40 been
469 3373 170 50 recalled
654 3378 46 35 to
723 3370 169 44 Vienna.

289 3457 44 38 In
352 3467 52 27 an
436 3449 139 44 article
593 3448 106 41 from
723 3445 117 40 Lintz
856 3443 122 40 taken
1007 3441 107 40 from
1136 3452 25 27 a
1179 3437 111 47 Paris
1307 3446 137 43 paper,
1474 3432 77 40 and

235 3515 196 57 probably
450 3510 222 44 fabricated
689 3509 40 46 in
758 3507 71 45 the
848 3504 151 40 French
1023 3498 169 56 Capital,
1213 3498 32 39 it
1271 3498 30 38 is
1318 3496 125 39 stated
1463 3494 90 39 that

235 3579 150 47 doubts
415 3591 69 26 are
511 3570 249 47 entertained
785 3567 178 41 whether
1005 3565 71 40 the
1108 3565 239 39 ARCHDUKE
1365 3559 189 38 CHARLES

236 3652 201 43 approves
463 3637 72 39 the
563 3645 201 31 measures
783 3628 50 50 of
841 3628 67 40 the
928 3630 142 43 Court,
1101 3622 74 41 and
1196 3622 30 39 is
1246 3617 150 54 willing
1422 3622 40 34 to
1483 3627 47 28 en-

236 3707 64 46 ter
314 3702 85 41 into
418 3713 26 27 a
463 3710 85 28 new
563 3698 110 44 War.
731 3693 74 41 We
831 3691 103 40 have
952 3685 181 56 through
1154 3683 66 41 the
1247 3693 110 27 same
1389 3676 164 44 channel

236 3765 73 45 the
326 3759 191 44 assertion
535 3757 90 41 that
641 3756 72 48 the
731 3751 187 50 Austrian
939 3748 162 54 regular
1115 3751 141 45 troops
1273 3743 169 39 amount
1460 3737 93 54 only

235 3833 47 38 to
317 3827 167 44 144,000
520 3833 111 38 men;
677 3819 76 39 but
769 3815 92 43 that
879 3813 32 40 it
939 3813 33 39 is
1003 3814 74 37 not
1109 3802 243 60 practicable
1365 3807 45 37 to
1430 3798 81 44 find
1531 3811 26 27 a

237 3887 105 43 train
363 3883 48 43 of
425 3880 176 56 artillery
622 3879 66 51 for
706 3891 51 34 au
771 3887 112 43 army
905 3872 47 48 of
963 3874 113 45 60,00
1076 3874 46 45 Q.

287 3961 76 40 We
381 3960 106 43 have
510 3956 159 45 noticed
689 3954 79 41 this
796 3953 215 45 statement
1038 3947 111 43 from
1180 3956 53 30 no
1251 3940 120 45 other
1387 3939 171 44 motives

236 4022 100 44 than
352 4028 47 35 to
417 4019 125 51 efface
555 4018 102 44 false
677 4015 252 54 impressions
946 4007 130 46 which
1095 4019 110 30 some
1221 4004 50 43 of
1284 4016 79 28 our
1378 4003 178 41 Readers

239 4097 93 40 may
360 4085 106 40 have
502 4080 183 46 received
718 4078 109 44 from
846 4076 80 44 this
959 4070 141 45 article
1155 4067 78 43 and
1260 4071 46 35 to
1322 4069 150 50 expose
1487 4063 72 43 the

240 4148 217 56 ignorance
487 4143 79 47 and
583 4142 128 53 levity
741 4137 48 48 of
802 4146 111 44 soul°
939 4134 150 51 editors
1104 4131 50 48 of
1181 4142 77 34 our
1276 4126 107 58 daily
1415 4126 139 54 prints.

1548 102 77 52 AL
1661 102 372 53 REGISTER.

2809 105 90 48 133

1593 241 77 37 The
1698 242 91 50 Day
1819 242 52 39 of
1900 241 78 39 this
2009 243 187 51 morning
2231 243 180 38 contains
2446 241 110 40 these
2588 241 151 39 words:

1593 305 30 20 46
1650 299 111 41 learn
1796 301 97 41 with
1918 302 274 39 considerable
2217 302 180 52 anxiety,
2435 301 91 39 that
2556 301 69 39 the
2662 302 240 39 ARCHDUKE

1596 369 27 20 66
1654 361 191 41 CHARLES
1872 361 32 40 is
1919 367 74 34 not
2010 361 190 54 cordially
2233 361 222 41 reconciled
2477 367 41 33 to
2538 361 66 38 the
2626 361 120 39 views
2777 361 48 39 of
2839 363 69 40 the

1651 423 188 39 Austrian
1870 422 180 41 Cabinet.
2102 425 61 38 On
2203 423 58 38 his
2283 423 158 52 genius,
2470 422 74 39 &c.
2567 435 56 25 we
2656 420 143 41 should
2820 420 86 52 rely

1654 495 111 27 more
1782 483 65 40 for
1878 496 154 30 success
2061 484 99 39 than
2181 497 51 26 on
2268 485 67 37 the
2354 482 213 41 combined
2604 482 144 40 talents
2773 482 51 40 of
2837 483 70 40 the

1654 543 185 39 Austrian
1874 543 182 47 Cabinet,
2086 544 77 39 and
2194 542 52 41 all
2270 543 66 38 the
2357 542 191 40 Generals
2568 543 37 37 in
2633 542 48 39 its

1597 606 45 38 In
1658 604 69 39 the
1737 617 111 30 same
1859 604 163 40 column
2037 604 79 40 this
2131 617 124 41 paper
2272 604 72 39 has
2359 604 69 39 the
2445 602 203 53 following
2665 604 162 39 remark
2842 619 69 24 :

1656 671 257 39 BONAPARTE
1931 671 32 38 is
1982 670 157 39 arrived
2159 674 43 34 at
2220 670 229 51 Augsburg.
2511 670 59 37 lle
2589 669 30 39 is
2636 669 84 39 said
2739 674 44 33 to
2804 669 111 44 hay.

1652 736 86 33 sent
1748 731 144 39 formal
1910 731 203 53 proposals
2127 738 44 31 to
2199 732 66 38 the
2285 735 124 38 Court
2426 729 48 39 of
2493 731 161 45 Vienna,
2685 730 129 39 which
2839 731 69 40 de-

1655 793 168 38 manded
1852 793 229 39 immediate
2096 790 265 53 compliance,
2391 790 94 43 and,
2507 789 37 38 in
2563 802 91 27 case
2670 790 50 40 of
2740 788 168 50 refusal.

1598 857 28 19 ••
1656 852 228 44 threatened
1919 853 69 39 the
2022 854 146 37 instant
2198 850 170 40 renewal
2395 850 51 39 of
2469 850 220 39 hostilities.
2746 854 163 51 Among

1656 912 107 38 these
1793 912 216 54 proposals,
2052 913 72 38 &c.
2164 911 78 39 and
2277 911 159 39 insisted
2457 911 91 39 that
2583 909 69 40 the
2682 922 87 28 new
2790 912 123 44 levies

1598 981 30 20 46
1655 976 141 40 should
1817 977 48 38 be
1885 977 165 41 reduced
2070 981 41 34 to
2133 981 148 39 45,000

1651 1064 71 38 Let
1739 1076 74 39 any
1834 1077 91 25 man
1945 1063 50 41 of
2022 1075 189 30 common
2231 1075 107 27 sense
2357 1074 193 40 compare
2580 1062 109 40 these
2713 1068 84 37 two
2815 1065 80 39 arti-

1598 1126 91 46 cles.
1747 1131 43 35 In
1809 1129 69 39 the
1903 1128 84 40 first
2017 1129 66 38 the
2102 1127 131 39 writer
2251 1139 203 39 expresses
2478 1126 59 39 his
2569 1131 133 47 regret
2720 1128 92 44 that
2843 1129 72 39 the

1600 1196 27 31 A
1639 1205 77 24 RCH
1726 1204 50 26 DU
1783 1204 25 24 K
1817 1204 21 25 E
1853 1191 204 44 CUARLES,
2085 1201 51 26 on
2153 1189 130 38 whose
2302 1188 287 51 distinguished
2607 1188 144 40 talents
2770 1191 51 39 he
2845 1191 46 39 be-

1599 1256 117 33 stows
1729 1265 25 24 a
1770 1251 207 52 deserving
1989 1250 242 45 encomium,
2267 1250 256 52 disapproves
2542 1250 48 39 of
2603 1251 67 38 the
2691 1250 221 44 resolution

1599 1315 50 39 of
1662 1315 58 39 his
1753 1317 139 45 Court,
1923 1318 37 35 in
1989 1319 70 35 not
2091 1315 189 52 acceding
2311 1319 43 34 to
2375 1317 294 37 IiON.iPARTE'S
2700 1320 183 34 demands
2900 1335 13 28 ;

1602 1375 139 46 which,
1774 1378 50 39 he
1856 1376 300 52 acknowledges
2186 1376 38 37 in
2252 1376 69 38 the
2347 1376 157 45 second,
2544 1375 182 41 threaten
2758 1378 139 38 hostili-

1600 1437 73 39 ties
1704 1437 129 40 unless
1863 1440 69 40 the
1975 1439 184 41 Austrian
2207 1439 117 48 Army
2363 1437 50 38 be
2433 1437 167 40 reduced
2627 1442 44 34 to
2702 1436 216 54 forty-five

1600 1498 196 41 thousand
1818 1512 103 31 men.
1965 1501 78 37 Can
2066 1511 73 38 any
2165 1496 112 52 thing
2297 1498 48 38 be
2361 1509 112 27 mote
2490 1496 222 54 drivelling.
2763 1501 61 38 He
2841 1513 48 27 ex-

1602 1558 74 40 tols
1708 1559 66 40 the
1807 1561 139 52 genius
1983 1559 46 38 of
2057 1561 69 35 the
2146 1561 239 40 AltfliDUKE
2415 1558 154 52 beyond
2602 1559 67 38 the
2700 1560 215 41 combined

1602 1620 142 40 talents
1775 1620 51 40 of
1851 1620 67 41 the
1944 1623 124 37 Court
2086 1620 78 39 and
2191 1620 69 38 the
2281 1622 138 50 Itrmy,
2453 1618 77 39 and
2609 1619 144 53 guilty,
2784 1626 41 33 at
2844 1620 71 40 the

1599 1696 109 27 same
1727 1684 112 44 time,
1869 1682 50 39 of
1930 1682 66 39 the
2013 1681 4 56 •
2029 1681 215 52 imbecility
2275 1694 40 26 as
2350 1685 44 33 to
2413 1693 170 39 suppose
2602 1681 85 38 that
2707 1683 78 37 this
2819 1693 96 44 very

1606 1744 104 39 Hero
1730 1743 31 38 is
1791 1742 231 40 dissatisfied
2043 1743 87 38 that
2158 1743 60 40 his
2236 1746 172 46 country
2447 1740 70 38 has
2544 1744 70 34 not
2634 1741 216 41 submitted
2870 1749 46 34 to

1603 1805 67 38 the
1700 1809 105 35 most
1839 1804 230 53 degrading,
2118 1802 67 39 the
2232 1807 105 34 most
2373 1806 246 46 ;outrageous
2669 1804 120 38 insult
2815 1817 103 28 .ever

1604 1865 148 39 offered
1769 1872 44 33 to
1832 1878 51 26 an
1903 1864 262 54 independent
2183 1869 102 33 state
2369 1863 98 39 Phis
2487 1863 31 38 is
2542 1876 22 26 a
2591 1864 105 50 good
2717 1865 203 51 specimen

1604 1925 48 40 of
1672 1928 69 39 the
1753 1926 266 41 discernment
2036 1926 77 38 and
2133 1925 177 51 sagacity
2330 1924 48 37 of
2401 1924 71 38 the
2498 1925 137 35 Editor
2654 1928 47 46 of
2713 1929 65 35 the
2796 1928 89 48 Day
2898 1931 19 34 !

1610 1990 73 38 The
1702 1990 190 47 Morning
1917 1989 201 39 Chronicle
2154 1987 72 39 has
2262 1985 97 39 been
2399 1985 191 52 betrayed
2626 1985 174 40 likewise
2836 1989 85 40 into

1605 2061 110 28 error
1734 2050 50 50 by
1801 2049 77 38 this
1900 2061 89 39 very
2004 2044 138 41 article
2163 2047 103 40 from
2288 2047 113 38 Lintz
2417 2062 9 28 ;
2456 2047 77 40 and
2550 2060 165 39 appears
2730 2052 44 34 to
2793 2052 128 39 credit

1607 2109 48 39 its
1672 2114 247 34 statements.

1659 2197 37 37 It
1724 2194 30 39 is
1781 2193 113 40 usual
1926 2192 93 41 with
2050 2193 69 40 the
2152 2193 151 40 French
2328 2194 289 47 Government,
2644 2194 213 41 whenever
2885 2198 34 39 it

1609 2256 138 40 wishes
1760 2261 44 34 to
1814 2255 144 40 delude
1975 2255 66 39 the
2056 2255 135 51 public
2209 2255 162 51 opinion
2392 2255 37 38 in
2450 2257 161 45 France,
2628 2270 46 24 or
2694 2257 67 39 the
2781 2259 117 51 neigh-

1607 2319 171 51 bouring
1793 2321 133 41 states,
1943 2322 41 33 to
2004 2316 194 41 fabricate
2218 2316 170 45 articles,
2407 2317 125 37 which
2548 2329 66 25 are
2622 2319 165 39 ushered
2800 2323 43 34 to
2852 2320 70 39 the

1606 2383 122 40 world
1746 2396 40 25 as
1802 2382 214 53 pretended
2035 2386 174 35 extracts
2226 2380 106 40 from
2352 2382 159 52 foreign
2536 2382 200 51 journals,
2792 2385 130 43 These

1607 2443 200 52 generally
1838 2456 151 40 appear
2016 2444 37 38 in
2075 2456 110 26 some
2212 2456 77 27 one
2319 2441 50 40 of
2388 2443 70 39 the
2489 2443 128 38 minor
2637 2444 109 39 Paris
2765 2458 157 40 papers,

1607 2507 76 39 and
1703 2518 69 27 are
1800 2505 235 39 afterwards
2061 2503 145 53 copied,
2229 2503 38 38 in
2288 2502 52 40 all
2361 2503 66 39 the
2441 2503 188 51 journals
2647 2505 35 38 in
2705 2507 219 52 Germany,

1613 2567 185 45 llollaud,
1832 2567 77 39 and
1941 2567 165 45 France,
2134 2564 78 40 and
2244 2565 117 39 other
2379 2567 202 38 countries
2601 2567 123 39 under
2744 2568 67 38 the
2830 2581 71 28 con-

1611 2628 105 41 trout
1739 2627 47 40 of
1807 2627 70 39 the
1898 2631 146 47 tyrant.
2100 2626 85 39 The
2218 2626 184 39 remarks
2434 2639 52 26 on
2518 2626 163 53 Turkey
2713 2624 213 58 generally

1611 2688 198 54 appeared
1831 2688 126 40 under
1976 2688 67 38 the
2057 2687 87 40 title
2164 2688 50 39 of
2229 2689 158 38 Notices
2407 2687 104 39 from
2537 2689 209 51 Presburg.
2792 2691 131 48 Those

1611 2750 163 41 relative
1793 2756 44 33 to
1858 2748 133 53 Spain,
2027 2748 73 39 and
2121 2747 129 41 which
2270 2760 103 27 were
2391 2747 220 41 calculated
2639 2754 40 32 to
2709 2763 126 39 prove
2856 2752 70 41 the

1611 2810 151 54 facility
1781 2811 77 40 and
1878 2810 222 51 advantage
2126 2807 51 39 of
2198 2809 261 52 subjugating
2477 2809 86 38 that
2582 2815 189 47 country,
2791 2813 131 51 made,

1611 2872 183 53 perhaps,
1809 2871 104 39 their
1931 2870 86 40 first
2036 2882 247 39 appearance
2304 2871 37 35 in
2359 2870 67 38 the
2447 2870 231 48 Hamburgh
2693 2872 208 48 Correspon-

1611 2939 152 39 denten,
1806 2944 47 28 or
1885 2931 71 40 the
1993 2930 242 40 Franckfort
2270 2929 169 40 Journal
2459 2946 12 27 ;
2518 2930 74 38 and
2633 2929 106 40 from
2780 2929 149 45 thence

1611 2995 125 40 found
1755 2993 104 41 their
1876 3006 86 41 way
1983 2993 85 39 into
2095 2993 66 39 the
2185 2991 112 39 Paris
2317 2992 73 39 and
2413 2991 118 39 other
2549 3004 155 39 papers.
2760 2993 90 41 The
2863 3009 43 26 ar-

1612 3056 92 40 ticle
1740 3056 167 39 relative
1938 3060 45 34 to
2015 3053 175 44 Austria,
2225 3053 162 51 tending
2415 3057 44 33 to
2497 3064 149 43 convey
2681 3065 47 25 an
2759 3053 90 40 idea
2883 3057 52 39 of

1615 3117 72 40 her
1731 3116 239 52 inadequate
2015 3126 215 32 resources,
2267 3113 76 39 and
2387 3111 180 52 alluding
2609 3117 41 35 to
2694 3115 70 38 the
2798 3115 111 59 disap-

1613 3177 213 54 probation
1872 3175 48 40 of
1972 3174 71 41 her
2088 3180 110 50 most
2239 3171 287 54 distinguished
2574 3172 169 39 General
2791 3175 71 43 has
2906 3191 26 27 a

1612 3248 159 48 greater
1788 3241 164 53 weight,
1985 3240 112 40 when
2126 3241 33 39 it
2177 3252 167 41 appears
2362 3244 43 33 to
2426 3239 50 39 be
2496 3239 157 39 written
2674 3240 104 39 from
2802 3242 130 53 Lintz,

1615 3317 52 27 an
1702 3304 185 41 Austrian
1922 3302 97 52 city,
2047 3306 71 34 not
2154 3300 65 40 far
2254 3301 100 38 frcm
2392 3299 70 40 the
2491 3300 195 39 Bavarian
2721 3301 210 52 frontiers,

1616 3365 94 40 This
1722 3364 162 53 forgery
1904 3364 50 38 of
1963 3364 109 38 dates
2099 3361 76 40 and
2196 3361 129 53 places
2344 3361 30 38 is
2394 3374 78 26 one
2492 3360 50 40 of
2564 3361 70 39 the
2652 3367 106 34 most
2777 3369 159 50 conspi,

1616 3438 125 28 cuous
1757 3425 172 40 artifices
1963 3423 124 40 which
2109 3423 67 39 the
2209 3422 87 53 wily
2327 3423 143 51 despot
2498 3420 183 54 employs
2714 3428 45 37 to
2781 3426 156 53 impose

1617 3506 105 39 upon
1740 3491 67 40 the
1827 3488 150 41 French
2001 3500 125 39 army.
2183 3488 115 38 After
2316 3487 150 51 having
2485 3485 161 40 formed
2675 3487 71 41 the
2779 3493 159 50 project

1616 3553 48 39 of
1687 3552 233 52 subverting
1950 3550 67 39 the
2054 3549 185 39 Austrian
2277 3547 241 51 Monarchy,
2557 3548 32 39 it
2622 3549 30 37 is
2681 3547 61 40 his
2774 3552 167 41 interest

1618 3619 43 34 to
1688 3612 190 43 circulate
1906 3612 69 39 the
2021 3617 136 46 report
2196 3609 91 39 that
2328 3609 50 39 its
2419 3609 180 52 military
2628 3622 209 30 resources
2863 3626 72 28 are

1617 3674 217 52 extremely
1864 3670 253 54 incomplete,
2146 3671 94 46 and,
2270 3669 302 53 consequently,
2619 3670 72 40 the
2715 3674 226 41 execution

1618 3737 32 40 is
1689 3737 53 52 by
1781 3748 53 27 no
1878 3746 136 26 means
2055 3726 183 47 difficult.
2315 3733 113 46 Upon
2459 3731 71 39 the
2572 3744 109 28 same
2724 3733 214 54 principle,

1619 3798 37 40 if
1667 3796 94 43 such
1794 3809 25 26 a
1850 3807 107 34 man,
1983 3807 41 27 as
2054 3794 69 41 the
2141 3796 241 39 ARCHDUKE
2411 3794 209 44 CHARLES,
2655 3793 111 48 who,
2798 3796 52 52 by
2869 3797 71 41 the

1620 3860 89 52 bye,
1737 3860 156 50 enjoys,
1915 3868 149 40 among
2080 3855 70 40 the
2170 3854 151 41 French
2341 3853 174 48 officers,
2544 3854 67 39 the
2630 3854 158 53 highest
2820 3870 120 40 repu,

1619 3920 128 41 tation
1766 3919 66 39 for
1850 3917 176 53 military
2046 3917 159 45 talents,
2239 3917 31 39 is
2302 3917 202 52 supposed
2535 3921 44 34 to
2607 3915 243 54 disapprove
2871 3921 70 41 the

1622 3997 197 28 measures
1833 3983 47 39 of
1891 3983 60 40 his
1968 3984 139 44 Court,
2119 3981 70 40 the
2207 3981 201 39 inference
2428 3981 32 39 is
2478 3979 197 54 naturally
2698 3981 133 50 made,
2850 3985 92 43 that

1619 4048 69 40 the
1704 4046 190 40 situation
1916 4044 50 41 of
1988 4045 159 41 Austria
2165 4048 106 39 must
2290 4044 50 41 be
2355 4044 226 54 desperate,
2614 4042 74 44 anil
2708 4043 210 59 her.subju-

1606 4114 1 61 '
1623 4120 138 56 gation
1780 4114 231 51 inevitable,

3151 0 24 24 T

3164 60 7 18 1

3168 116 7 77 I
