3177 4429
229 44 248 51 111.VRCII
516 48 51 46 5.

1093 57 146 51 TIIE
1276 58 371 58 NATIONAL
1683 60 370 59 REGISTER.

224 191 84 33 thus
322 190 61 35 the
403 191 155 43 original
572 194 164 34 creditor
752 198 168 34 received
939 200 87 44 only
1050 210 24 22 a
1100 200 172 34 dividend
1292 213 94 33 upon
1411 213 25 24 a
1450 203 78 33 divi-

226 239 109 33 dend.
387 239 90 33 This
498 249 77 24 was
595 241 185 45 evidently
801 254 22 25 a
847 250 103 37 great
966 247 129 39 abuse,
1120 247 67 33 and
1208 248 43 32 he
1271 257 117 28 meant
1406 254 37 30 to
1461 260 65 34 pro-

227 295 105 33 pose,
360 285 80 33 that
459 285 59 34 the
536 288 178 33 creditors
730 291 129 34 should
878 293 44 31 be
940 293 213 35 authorised
1170 282 38 45 to
1221 298 159 43 appoint
1393 307 24 24 a
1430 298 116 40 bank,

226 333 37 32 in
300 332 122 33 which
454 333 61 33 the
541 334 221 45 bankrupt's
793 344 181 39 property
1018 350 85 31 may
1137 341 45 35 be
1208 343 204 44 deposited.
1465 344 83 41 The

223 379 180 34 creditors
422 379 70 34 had
520 381 71 34 this
612 392 129 33 power
756 384 170 45 already,
953 389 65 33 but
1036 389 102 34 there
1156 398 73 25 was
1258 399 45 22 no
1333 391 149 44 penalty
1501 403 46 22 on

226 426 66 33 the
339 437 181 34 assignees
567 429 60 33 for
671 433 330 41 non-compliance.
1084 435 58 43 By
1192 445 85 35 way
1320 436 44 33 of
1398 438 148 39 remedy

229 471 46 35 he
324 481 122 27 meant
488 481 35 28 to
567 487 177 34 propose,
787 478 80 38 that
906 480 35 35 if
973 481 63 39 the
1078 481 180 37 creditors
1297 482 61 34 did
1398 490 60 28 not
1508 493 39 26 at

226 520 99 33 their
357 522 129 34 second
522 526 155 40 meeting
712 526 158 44 appoint
895 527 86 38 such
1013 539 24 21 a
1070 527 105 44 place
1201 528 44 33 of
1265 529 159 44 deposit,
1463 531 84 34 then

224 566 32 34 it
285 566 79 58 :hi)
379 569 46 32 ;id
475 570 41 33 he
557 570 93 34 done
692 572 46 44 ;my
785 572 63 33 the
889 574 312 43 commissioners;
1252 578 71 33 and
1371 579 79 33 that
1488 580 59 31 the

223 624 182 34 assignees
422 617 128 34 should
566 618 45 32 be
627 618 159 45 charged
808 620 46 32 20
873 630 65 33 per
966 627 92 27 cent.
1081 632 46 21 on
1143 621 63 34 the
1222 624 107 33 value
1349 624 43 33 of
1415 627 50 32 all
1487 627 60 32 time

224 663 128 34 efiects
372 664 119 34 which
511 665 84 43 they
619 666 90 43 kept
729 667 34 32 in
783 666 96 33 their
896 667 124 34 hands.
1074 669 61 33 lie
1165 670 78 33 also
1271 677 117 28 meant
1404 679 38 27 to
1462 684 64 32 pro-

224 720 94 33 pose
334 717 221 27 enactments
581 713 122 34 which
743 713 119 33 ••could
898 713 94 34 have
1010 715 61 33 the
1101 716 104 34 effect
1233 717 44 33 of
1299 718 169 45 lessening
1488 722 60 33 the

228 764 183 38 expellees
428 759 185 43 attending
646 761 246 33 commissions
920 761 43 33 of
984 761 229 46 bankruptcy
1234 775 9 21 :
1274 765 34 33 in
1330 768 217 40 particular,

228 806 83 33 that
328 815 45 22 no
392 807 137 33 actions
557 813 38 26 at
626 807 73 32 law
717 807 128 33 should
867 807 44 33 be
940 808 161 44 brought
1117 810 139 41 against
1291 813 174 43 assignees
1492 814 57 33 fur

224 859 263 38 non-payment
503 854 41 32 of
553 853 203 44 dividends,
771 854 123 35 which
912 866 74 22 was
1002 866 22 22 a
1037 866 85 34 very
1137 856 144 35 fruitful
1293 870 123 22 source
1429 862 43 32 of
1482 872 45 24 ex-

227 906 172 38 pencobto
418 900 60 33 the
494 901 217 45 bankrupt's
737 907 128 31 estate.
918 904 60 33 He
1005 905 182 44 proposed
1206 905 81 39 that
1305 908 34 31 in
1354 909 81 33 such
1450 919 97 24 cases

227 946 105 35 there
365 947 130 33 should
523 948 44 32 be
600 959 22 24 a
654 959 182 34 summary
868 950 144 44 remedy
1045 951 48 45 by
1119 952 156 44 petition
1307 958 37 32 to
1372 956 61 33 the
1456 957 91 32 Lord

229 996 240 33 Chancellor.
533 996 58 33 An
620 996 273 37 uncertificated
925 998 185 45 bankrupt
1153 1009 74 28 was
1261 1002 129 44 placed
1417 1003 35 33 in
1488 1004 61 32 the

228 1048 94 30 most
339 1042 219 45 deplorable
582 1042 191 41 situation.
827 1044 70 37 His
920 1044 164 45 industry
1115 1056 71 24 was
1219 1048 73 33 lug
1319 1056 37 26 to
1387 1049 162 43 himself,

227 1090 71 34 and
317 1095 38 28 to
380 1090 89 33 the
469 1095 168 39 country,
671 1090 152 35 because
852 1093 44 33 he
920 1093 109 33 could
1048 1103 109 22 never
1172 1095 61 34 con
1233 1095 20 34 s
1253 1095 85 34 ider
1365 1097 61 34 the
1444 1097 34 35 fr
1479 1097 18 35 u
1496 1097 35 35 it
1532 1097 18 35 s

228 1139 46 40 of
299 1139 30 33 it
353 1148 40 31 as
424 1137 54 38 his
510 1148 98 31 own,
641 1137 71 34 and
732 1139 45 34 he
814 1149 73 22 was
905 1141 206 44 constantly
1140 1140 112 34 liable
1281 1148 37 27 to
1351 1143 45 33 be
1423 1144 107 45 impri-

228 1185 110 34 soned
363 1185 132 44 during
522 1185 63 33 the
611 1185 206 35 remainder
849 1186 43 34 of
914 1185 54 34 his
1000 1187 81 40 life,
1126 1186 57 34 for
1207 1188 105 33 debts
1341 1193 208 33 contracted

228 1233 181 44 previous
437 1237 40 30 to
508 1231 52 35 his
588 1232 253 45 bankruptcy.
921 1233 137 34 Before
1104 1234 60 34 the
1201 1235 67 34 Act
1312 1237 41 33 of
1390 1238 61 33 the
1482 1238 65 35 30m

229 1281 93 34 Geo.
363 1283 58 33 11.
456 1278 60 35 the
547 1279 169 44 granting
750 1280 43 33 of
810 1291 25 22 a
859 1281 204 34 certificate
1089 1291 74 25 was
1195 1283 69 33 left
1292 1289 39 27 to
1358 1284 57 33 the
1431 1286 120 33 Chan,

226 1329 118 43 cellar
360 1329 131 38 alone;
517 1328 65 33 but
614 1337 80 22 now
724 1328 50 41 by
804 1328 79 33 that
901 1329 72 32 Act
994 1329 26 32 it
1051 1339 72 22 was
1141 1329 66 33 left
1224 1335 37 26 to
1280 1330 61 33 the
1358 1332 190 45 creditors,

227 1377 72 34 and
314 1376 116 33 unless
445 1374 200 35 four-fifths
679 1374 40 33 of
743 1375 97 33 them
862 1376 34 32 in
926 1376 151 33 number
1096 1376 67 33 and
1183 1376 107 34 value
1307 1380 188 35 consented
1514 1387 37 27 to

228 1426 57 33 his
302 1424 93 33 'Teel
405 1423 112 43 vinga
535 1421 216 40 certificate,
781 1422 174 34 however
973 1422 72 33 fair
1062 1423 69 33 and
1149 1423 222 35 honourable
1387 1424 61 34 the
1465 1439 66 22 con-

226 1473 85 32 duct
327 1469 45 34 of
397 1472 63 33 the
482 1469 185 41 bankrupt
693 1468 69 33 had
797 1469 87 34 been
895 1469 64 34 she
979 1479 72 25 was
1080 1470 112 38 liable
1208 1476 38 26 to
1266 1473 132 33 remain
1426 1485 122 24 'facer

226 1518 168 41 tificated
412 1518 59 33 for
481 1518 22 32 li
513 1515 48 34 fe.
613 1517 91 33 This
724 1525 73 25 was
811 1522 63 27 not
888 1517 64 35 the
967 1518 87 43 only
1075 1517 174 46 hardship
1265 1530 11 28 ;
1302 1519 58 34 for
1380 1521 44 32 he
1441 1521 106 35 knew

228 1570 28 32 if
276 1573 38 27 to
340 1566 65 33 be
405 1564 61 35 the
485 1563 90 40 fact,
588 1563 91 34 from
700 1563 56 33 his
767 1557 221 51 experience
1006 1565 37 33 in
1065 1565 64 31 the
1146 1565 112 33 Court
1277 1567 41 31 of
1342 1566 208 47 Chancery,

228 1616 80 33 that
327 1613 180 34 creditors
523 1611 203 33 sometimes
743 1610 91 44 kept
846 1620 125 34 away,
990 1610 60 34 the
1064 1612 183 43 bankrupt
1258 1613 60 32 did
1331 1620 59 27 not
1407 1616 143 33 receive

229 1664 60 33 his
307 1661 217 39 certificate,
553 1659 69 33 and
651 1658 45 32 he
725 1657 252 44 immediately
996 1659 149 34 became
1162 1659 115 33 liable
1303 1665 35 27 to
1357 1661 170 46 imprison-

228 1716 97 30 ment
339 1711 47 43 by
407 1709 61 33 the
484 1707 163 34 creditor
677 1706 83 33 who
796 1706 87 44 kept
901 1706 117 33 aloof.
1071 1704 89 34 This
1180 1711 80 38 part
1280 1707 44 32 of
1337 1707 58 34 the
1409 1708 139 45 subject

227 1769 76 24 was
321 1755 195 37 connected
536 1753 93 34 with
646 1753 61 38 the
739 1752 125 45 policy
889 1753 45 32 of
954 1752 275 47 imprisonment
1253 1753 59 33 for
1336 1753 63 35 life
1428 1767 44 22 on
1489 1768 40 24 ac-

228 1811 111 31 count
358 1805 43 33 of
419 1804 100 40 debt,
542 1800 69 35 and
640 1811 45 25 on
713 1800 28 33 it
774 1799 45 32 he
848 1800 118 34 would
984 1809 151 40 express
1165 1799 54 34 his
1237 1800 167 44 opinion,
1422 1804 79 33 that
1524 1805 26 32 it

227 1854 124 34 would
379 1852 46 32 be
451 1850 109 43 doing
587 1847 60 41 the
679 1851 159 39 greatest
856 1847 132 33 benefit
1023 1853 39 26 to
1093 1847 139 41 society
1260 1848 51 41 by
1341 1850 211 45 abolishing

227 1898 208 46 altogether
449 1897 81 33 such
542 1906 22 22 a
581 1900 148 39 system.
775 1893 39 33 If
823 1894 57 33 the
893 1894 187 44 bankrupt
1096 1893 163 33 retained
1271 1904 71 33 any
1356 1903 195 39 property,

228 1949 57 33 his
301 1948 66 33 life
385 1956 73 22 was
471 1943 172 34 forfeited
658 1955 12 26 ;
687 1942 67 33 and
770 1941 97 34 after
878 1942 52 32 all
951 1942 44 33 he
1012 1951 74 22 was
1100 1941 112 33 liable
1225 1946 38 27 to
1277 1943 43 31 be
1332 1943 217 44 imprisoned

224 1996 61 33 for
302 2000 64 30 not
386 1993 133 41 having
539 1990 100 34 what
658 1989 44 33 he
729 1988 84 34 thus
826 1988 107 33 could
952 1994 63 28 not
1032 1987 164 46 possibly
1214 1987 109 34 have.
1376 1989 109 34 From
1499 1993 54 32 his

226 2042 224 45 experience
471 2039 41 33 he
526 2037 106 34 could
648 2047 77 32 say,
742 2035 221 34 certificates
989 2044 97 24 were
1101 2033 136 35 seldom
1264 2035 176 34 withheld
1456 2039 94 32 from

224 2092 190 32 dishonest
432 2086 215 43 bankrupts,
661 2085 63 33 hut
737 2083 99 32 often
849 2081 93 34 from
957 2082 102 34 those
1074 2082 83 33 who
1169 2080 71 35 had
1251 2083 105 33 acted
1371 2085 180 45 honestly.

228 2138 80 33 The
325 2134 148 46 general
500 2131 120 45 object
644 2131 44 32 of
712 2130 246 44 withholding
976 2130 100 33 these
1100 2128 222 34 certificates
1342 2141 71 21 was
1430 2139 35 25 to
1485 2144 45 21 ex-

227 2190 77 28 tort
337 2192 146 33 money,
515 2180 119 33 either
667 2178 93 33 from
796 2177 64 33 the
888 2177 207 45 bankrupts
1121 2176 230 43 themselves,
1383 2184 39 27 at
1455 2178 98 34 after

226 2231 167 45 periods,
418 2238 41 22 or
477 2228 91 33 from
587 2225 99 33 their
704 2224 188 41 relatives,
908 2224 71 34 and
998 2224 60 33 the
1076 2223 122 35 father
1214 2224 43 32 of
1271 2224 61 35 the
1351 2226 200 44 bankrupt,

228 2280 94 32 from
340 2275 165 47 paternal
523 2272 215 44 sympathy,
761 2281 74 22 was
852 2270 97 35 ()Reim
967 2270 204 44 compelled
1192 2276 37 26 to
1251 2276 85 37 part
1365 2272 87 32 with
1487 2274 60 32 the

226 2326 170 41 earnings
412 2322 44 33 of
469 2333 22 21 a
509 2320 66 33 life
588 2320 44 32 of
647 2320 113 32 iutiost
771 2329 35 30 ry
849 2323 34 27 to
898 2328 86 25 save
1005 2316 54 38 his
1095 2328 43 25 on
1155 2316 93 34 from
1271 2320 195 41 perpetual
1486 2320 44 33 im-

229 2372 237 45 prisonment.
517 2367 80 33 The
615 2367 149 32 number
783 2366 44 32 of
844 2366 274 34 uncertifieateil
1144 2365 204 45 bankrupts
1369 2376 72 21 aas
1461 2378 86 32 very

227 2425 119 38 great.
403 2419 40 32 In
463 2414 60 34 the
535 2424 89 34 year
646 2412 87 39 ISO)
751 2413 102 32 there
873 2422 94 22 were
986 2413 70 32 940
1076 2411 216 45 ban!crupts,
1311 2412 66 33 and
1395 2412 41 32 of
1452 2414 98 32 these

228 2467 104 37 there
353 2463 174 35 werelSl
554 2460 157 33 without
733 2471 25 22 a
775 2459 204 33 certificate
994 2472 11 27 ;
1036 2458 34 33 iu
1093 2459 90 33 1;406
1206 2459 104 32 there
1331 2470 92 21 were
1442 2460 66 33 WS

228 2515 70 33 and
318 2512 44 33 of
377 2513 99 32 these
490 2509 64 33 601
580 2517 93 25 were
694 2506 288 34 uneertificated.
1039 2505 144 34 Within
1201 2506 64 32 the
1284 2506 66 33 1:14
1367 2509 47 31 20
1429 2517 118 33 years,

228 2563 64 31 the
312 2559 120 33 whole
448 2557 149 34 number
621 2555 44 32 of
689 2555 203 43 bankrupts
919 2554 70 33 had
1006 2554 93 33 been
1129 2554 143 40 16,202.
1292 2552 67 34 and
1381 2554 43 33 of
1446 2555 103 32 these

229 2607 105 41 0,597
359 2616 96 24 were
488 2603 155 35 without
667 2600 236 34 certificates.
974 2600 44 33 In
1046 2600 105 40 1772,
1176 2610 24 22 a
1227 2606 215 39 temnoorary
1481 2601 66 39 Act

229 2666 79 22 was
321 2653 141 45 passed,
478 2650 143 34 similar
647 2653 38 28 to
712 2648 63 33 the
803 2648 215 44 Insolvency
1038 2646 86 41 Act,
1155 2647 48 44 by
1231 2647 122 34 which
1371 2647 60 32 time
1455 2647 92 32 Lord

234 2701 223 35 Chancellor
475 2709 74 22 was
572 2694 235 46 empowered
826 2699 35 28 to
886 2700 107 38 grant
1019 2695 221 32 certificates
1264 2699 38 28 in
1324 2694 83 33 such
1428 2694 96 33 bank-

231 2756 106 38 rupts
359 2759 40 24 as
418 2747 44 34 he
488 2744 156 44 thought
673 2751 138 37 proper
824 2753 11 28 ;
861 2743 70 33 and
966 2743 34 33 in
1023 2743 109 39 1775,
1156 2751 22 31 a
1201 2741 143 44 similar
1369 2741 71 33 Act
1473 2752 76 24 was

231 2796 145 47 passed.
430 2794 86 34 Was
536 2793 30 33 it
583 2790 214 44 reasonable
814 2789 79 38 that
912 2789 61 33 the
992 2789 79 41 fate
1090 2789 44 39 of
1146 2789 202 44 bankrupts
1364 2789 128 33 should
1506 2790 44 33 be

231 2855 102 24 more
354 2843 35 33 in
404 2842 59 33 the
476 2849 125 37 power
612 2838 44 33 of
660 2837 98 34 their
770 2836 175 40 credttors
961 2846 84 24 now
1063 2835 85 43 th;al
1163 2845 70 22 was
1248 2835 151 41 thought
1414 2846 136 33 proper

231 2891 87 34 then
334 2893 12 32 I
389 2889 96 44 Why
497 2885 129 44 should
644 2884 100 34 these
757 2889 78 32 acts
849 2883 91 35 have
953 2883 90 34 been
1055 2883 81 43 only
1157 2888 208 38 temporary
1437 2882 113 34 What

234 2939 46 34 he
289 2939 129 33 should
433 2944 161 38 propose
607 2943 74 22 was
697 2931 71 34 this
782 2942 9 22 :
811 2929 74 35 ifat
898 2929 63 35 the
972 2929 66 34 end
1050 2930 45 32 of
1103 2931 21 32 2
1137 2940 103 33 years
1253 2929 96 34 after
1361 2929 59 32 the
1434 2930 94 33 bank-

235 2985 118 46 rupt's
381 2986 70 32 last
469 2981 253 35 examination
751 2978 57 33 his
836 2978 202 33 certificate
1064 2978 129 33 should
1212 2982 61 28 not
1294 2979 43 31 he
1355 2978 122 43 signed
1501 2979 47 43 by

233 3032 206 37 four-fifths
456 3031 41 32 of
523 3031 54 32 his
595 3026 195 40 creditors,
824 3024 83 34 then
941 3024 46 33 he
1012 3024 117 45 might
1156 3024 124 45 apply
1302 3024 57 33 for
1388 3024 25 33 it
1434 3031 38 26 to
1492 3024 60 33 the

235 3080 98 34 Lord
354 3078 236 39 Chancellor,
613 3074 83 33 who
722 3071 130 35 should
876 3073 94 32 have
1004 3080 132 35 power
1161 3076 37 28 to
1227 3076 105 38 grant
1362 3070 60 33 the
1439 3081 111 30 same,

233 3129 118 32 unless
369 3128 63 33 the
449 3122 178 38 creditors
643 3120 163 45 assigned
822 3118 236 45 satisfactory
1077 3118 156 43 grounds
1252 3118 59 33 for
1324 3118 59 33 the
1401 3117 150 34 refusal.

233 3176 64 35 He
312 3174 133 33 should
463 3181 161 35 propose
640 3168 78 34 also
735 3169 85 34 that
835 3167 73 33 this
922 3167 133 33 should
1072 3167 92 35 have
1180 3176 24 24 a
1215 3165 267 43 retrospective
1501 3165 34 33 in-

233 3223 158 40 fluence,
404 3220 71 34 and
484 3220 83 33 that
581 3217 51 34 all
647 3216 104 33 those
768 3214 84 35 who
866 3224 97 22 were
978 3220 40 27 at
1038 3219 141 40 present
1195 3224 25 21 w
1234 3213 118 39 ithout
1371 3213 94 33 their
1478 3221 59 25 cer-

233 3270 161 34 tificates
418 3267 60 34 for
506 3272 74 28 two
608 3273 105 37 years
745 3261 131 35 should
902 3262 94 35 have
1030 3261 137 44 liberty
1195 3266 35 27 to
1265 3259 136 45 appeal
1436 3265 39 28 to
1495 3259 59 33 the

235 3318 99 33 Lord
351 3314 231 37 Chancellor.
634 3312 104 32 Here
757 3311 30 33 it
810 3309 115 41 might
951 3309 45 33 be
1012 3307 130 40 asked,
1170 3306 69 34 had
1271 3307 45 33 he
1344 3306 149 44 nothing
1519 3311 37 28 to

233 3374 165 34 propose
413 3363 58 33 for
487 3359 168 44 securing
671 3358 61 34 the
752 3357 233 46 punishment
1003 3356 43 33 of
1055 3354 184 34 dishonest
1254 3354 217 44 bankrupts,
1495 3353 61 34 the

231 3413 168 33 numbers
416 3409 45 39 of
475 3409 119 41 whom
614 3405 70 41 had
703 3403 222 46 multiplied.
978 3403 61 45 He
1058 3403 167 33 believed
1252 3402 83 33 that
1362 3410 67 25 one
1453 3404 105 41 great

231 3469 131 30 reason
381 3458 89 43 why
484 3457 60 33 the
557 3455 139 40 offence
709 3451 105 40 itself
827 3461 70 25 was
911 3449 227 46 multiplied,
1150 3450 155 33 because
1324 3448 27 33 it
1365 3457 77 24 was
1455 3448 103 33 made

233 3517 25 24 a
275 3507 141 45 capital
435 3498 136 48 felony.
626 3500 37 35 It
678 3510 76 24 was
771 3509 81 24 now
869 3500 48 39 $0
934 3507 107 35 years
1052 3497 99 35 since
1168 3504 59 34 the
1239 3495 112 34 crime
1369 3504 73 25 was
1455 3494 105 34 made

234 3553 158 46 capital,
418 3553 131 44 during
562 3548 122 35 which
704 3542 132 50 period
855 3547 99 33 tbere
986 3550 91 28 must
1096 3544 91 34 have
1217 3546 93 33 been
1328 3553 86 33 very
1436 3552 124 25 nume•

234 3612 83 25 rous
352 3602 175 33 instances
557 3598 44 33 of
621 3595 208 39 fraudulent
862 3595 254 41 bankruptcy,
1146 3592 70 45 aod
1245 3595 65 40 yet
1324 3592 12 45 '
1336 3592 12 45 .
1348 3592 24 45 19
1410 3591 51 41 all
1482 3589 79 33 that

234 3650 91 37 time
359 3650 103 33 there
494 3645 69 37 had
592 3646 89 38 been
711 3644 86 44 only
828 3641 104 34 three
976 3641 177 33 instances
1180 3638 43 34 of
1264 3638 223 45 conviction,
1527 3635 26 34 it
1554 3656 8 14 s

235 3703 78 28 two
331 3696 45 35 of
400 3694 117 34 which
539 3693 86 41 they
643 3690 70 34 had
725 3689 165 35 received
905 3699 24 22 a
943 3687 156 44 pardon.
1149 3685 81 34 The
1250 3684 98 35 truth
1371 3694 65 30 was
1436 3694 22 30 ,
1483 3683 81 33 that

233 3755 80 24 men
330 3743 67 35 felt
415 3754 44 24 an
476 3742 164 34 extreme
659 3746 229 37 repugnance
906 3743 39 26 at
973 3735 143 44 putting
1129 3733 61 34 the
1208 3735 76 33 law
1305 3732 34 33 in
1354 3731 116 41 force,
1494 3730 72 34 and

229 3791 207 41 therefore,
463 3790 34 33 in
520 3793 92 30 most
633 3796 112 30 cases,
765 3784 63 35 the
848 3782 209 38 fraudulent
1074 3781 188 45 bankrupt
1289 3780 155 44 escaped
1469 3778 79 33 alto-

231 3839 145 44 gether.
431 3839 60 34 He
510 3836 63 34 did
601 3839 65 33 not
694 3833 93 46 wish
816 3836 39 30 to
881 3833 111 41 harry
1011 3828 159 44 through
1189 3828 64 33 time
1274 3827 76 34 Bill
1381 3826 120 34 which
1525 3824 44 33 he

235 3886 190 45 proposed
468 3892 37 28 to
544 3883 110 43 bring
697 3882 51 38 in.
816 3879 43 40 If
889 3879 86 33 such
1010 3874 33 37 a'
1075 3874 77 44 Bill
1185 3875 73 35 had
1292 3873 126 52 passed
1461 3882 107 34 many

234 3944 109 33 years
360 3944 89 34 ago,
477 3933 81 33 how
595 3930 105 35 much
724 3927 137 35 wealth
880 3922 125 38 would
1025 3924 96 34 have
1139 3922 89 34 been
1250 3921 176 46 acquired
1442 3927 40 27 to
1509 3920 61 32 the

234 3981 128 34 nation
381 3984 47 43 by
461 3980 61 34 the
541 3979 165 44 industry
737 3976 45 33 of
810 3972 237 38 individuals,
1077 3970 89 35 who
1182 3970 72 35 had
1279 3978 84 26 now
1395 3970 91 33 been
1506 3965 67 37 left

236 4031 39 30 to
322 4029 85 45 pine
449 4029 35 33 in
528 4028 172 33 absolute
750 4026 97 30 want
891 4020 70 34 and
1010 4019 210 44 penury,
1220 4018 72 33 and
1338 4016 84 34 how
1465 4023 109 34 many

235 4075 120 48 ileartb
376 4078 81 35 that
477 4083 96 30 were
591 4085 83 26 now
705 4071 144 38 brukeu
875 4069 111 38 dowu
1006 4067 91 37 with
1116 4064 177 40 affliction
1310 4062 144 51 ,would
1482 4062 92 45 have

2835 71 84 47 151

1610 207 84 33 heat
1713 207 84 45 high
1815 209 92 34 from
1926 211 63 34 the
2007 213 122 34 honest
2147 224 85 22 coin
2243 216 125 43 iction,
2395 217 97 38 that,
2516 220 51 43 by
2588 219 262 34 well-directed
2869 222 34 31 in-

1609 253 138 44 dustry,
1761 255 86 45 they
1869 259 69 32 had
1958 259 89 33 been
2060 261 151 40 enabled
2231 270 35 25 to
2284 273 73 35 pay
2376 265 51 33 all
2448 266 100 32 thoso
2559 266 106 37 debts
2687 266 118 33 which
2833 267 85 41 they

1611 298 66 35 had
1697 301 174 46 formerly
1892 305 176 34 incurred.
2120 307 79 33 The
2219 309 97 40 'lon,
2341 311 162 38 Member
2515 312 81 33 then
2614 312 197 38 coneluded

1612 347 141 44 moving
1768 350 58 34 for
1841 351 105 32 leave
1964 357 35 28 to
2019 353 104 43 bring
2138 354 33 32 in
2190 364 22 24 a
2233 356 73 33 Bill
2327 363 37 31 to
2382 357 97 35 alter
2494 358 67 33 and
2576 359 128 37 amend
2724 360 61 34 the
2805 359 98 33 Bank
2915 378 6 5 •

1611 399 81 38 rupt
1713 394 291 37 Laws.—l.eave
2020 400 165 41 granted.

1656 441 79 33 The
1827 441 19 51 A
1865 441 18 51 1
1902 441 37 51 CE
1949 455 77 24 1.3.0
2036 455 22 24 It
2075 446 43 34 of
2127 448 60 33 the
2203 448 86 33 Ex('
2300 461 24 21 n
2337 459 100 32 17911
2438 459 41 32 ER
2496 451 128 37 moved
2635 451 60 38 the
2711 451 94 35 third
2823 452 79 32 read-

1612 488 57 41 ing
1684 487 43 33 of
1737 487 63 35 the
1822 491 117 41 Sugar
1961 493 231 34 Distillation
2212 495 76 34 Bill
2308 509 7 20 :
2342 497 98 34 after
2470 508 25 25 a
2518 500 73 35 fzw
2610 500 122 38 words
2752 500 92 33 from
2864 500 57 31 sir

1611 533 123 33 .lames
1754 536 91 33 Hall
1873 539 86 33 who
1977 539 162 45 opposed
2166 542 65 32 the
2259 541 91 43 Bill,
2375 546 70 33 and
2472 544 97 38 from
2597 546 71 37 Air.
2695 546 76 37 DaN
2781 546 28 35 is
2836 555 27 24 'l%
2876 546 45 37 hu

1611 582 197 43 supported
1827 583 44 41 it,
1891 585 60 33 the
1975 586 76 33 Bill
2073 598 71 22 wai
2164 588 86 35 read
2267 600 22 22 a
2308 589 96 34 third
2427 591 89 34 time
2532 592 70 34 and
2617 593 143 44 passed.

1657 627 78 34 The
1762 631 106 33 other
1896 632 126 34 orders
2040 633 45 34 of
2112 637 61 33 the
2191 635 72 44 day
2285 647 93 22 were
2398 638 84 34 then
2499 639 169 45 disposed
2694 639 35 45 of
2730 639 18 45 t
2766 638 70 38 and
2861 639 60 38 the

1616 674 120 34 House
1750 676 214 45 adjourned.

2033 800 219 50 ThursdaN,
2281 807 146 37 .11arch
2456 810 39 39 9.

2062 879 39 24 SC
2109 880 110 30 97(11
2249 881 25 24 It
2285 881 73 26 1:CO
2370 882 20 24 it
2401 882 60 26 DS.

1658 921 79 34 The
1756 922 117 34 Loan
1903 922 27 34 A
1942 933 198 27 nvocATr.
2166 926 60 33 for
2252 930 244 41 SuoTt.A.ND,
2526 931 115 34 while
2674 931 44 33 he
2747 928 172 41 admitted

1612 967 77 34 that
1721 970 33 32 in
1782 971 43 31 its
1848 971 155 41 original
2033 973 230 41 concoction,
2281 976 102 33 there
2401 987 74 22 was
2493 987 45 22 no
2556 991 13 20 s
2600 985 89 25 stem
2709 989 97 20 MOW

1613 1016 137 43 pletely
1769 1017 203 33 calculated
1991 1022 38 30 to
2049 1019 159 43 produce
2228 1022 58 32 the
2303 1022 141 39 desired
2460 1024 122 40 effect,
2597 1025 87 34 than
2709 1026 77 30 that
2804 1023 117 37 which

1613 1061 69 34 had
1702 1062 86 33 been
1806 1063 157 44 adopted
1985 1065 33 34 in
2039 1067 168 33 Scotland
2229 1068 56 32 for
2303 1070 57 38 the
2383 1071 249 47 preservation
2652 1071 43 33 of
2709 1072 44 31 its
2769 1070 156 39 records,

1612 1108 169 34 declared
1814 1109 54 33 his
1897 1111 219 44 conviction,
2147 1119 80 27 that
2254 1115 72 34 still
2349 1116 103 34 there
2472 1128 73 22 was
2564 1128 44 22 I)
2628 1128 34 25 sv
2674 1124 86 27 stem
2783 1128 24 24 w
2819 1117 102 43 hick,

1613 1155 47 44 by
1678 1156 61 33 the
1757 1157 102 43 lapse
1885 1157 43 33 of
1951 1159 98 41 time,
2079 1159 118 46 might
2231 1167 60 27 not
2323 1166 145 41 require
2496 1166 278 41 improvement.
2826 1162 92 34 Such

1616 1213 72 22 was
1707 1202 61 33 the
1783 1205 175 32 situation
1972 1205 90 34 with
2082 1206 60 38 the
2158 1208 217 41 regulations
2388 1209 58 34 for
2464 1211 60 33 the
2544 1211 250 44 preservation
2811 1211 40 32 of
2864 1211 60 41 thp

1616 1250 161 34 Records
1795 1250 33 34 in
1848 1251 185 38 Scutlaud,
2088 1252 66 34 His
2174 1254 106 40 wish,
2302 1257 184 43 however,
2509 1269 89 27 was,
2615 1265 60 25 Dot
2695 1263 37 27 to
2752 1258 45 32 do
2813 1267 110 33 away

1615 1296 59 33 the
1690 1306 43 22 cx
1742 1296 107 44 istihg
1866 1297 235 43 u:ulations,
2134 1300 64 33 but
2223 1303 190 41 gradually
2444 1311 37 26 to
2506 1305 221 33 ameliorate
2754 1304 69 33 and
2854 1304 45 32 im-

1615 1355 111 33 prove
1743 1343 112 38 them.
1911 1345 54 33 lie
1984 1346 195 33 concluded
2199 1348 46 43 by
2265 1351 144 41 moving
2435 1350 58 34 for
2511 1354 102 31 leave
2642 1358 39 26 to
2708 1351 104 41 bring
2839 1350 34 33 in
2902 1359 24 32 3

1618 1390 72 34 Bill
1709 1390 56 32 for
1785 1390 58 32 the
1860 1393 117 31 better
1997 1394 201 43 regulating
2212 1394 59 33 the
2291 1398 123 40 public
2435 1398 141 33 records
2594 1397 43 34 of
2648 1397 184 34 Scotland.

1664 1439 112 32 twelve
1808 1448 74 24 was
1906 1439 234 45 accordingly
2172 1441 120 43 givel,
2319 1444 67 32 and
2414 1446 61 33 the
2505 1446 91 32 Lord
2629 1446 202 38 Alvocate,
2861 1442 60 33 Sir

1618 1485 44 34 I'.
1690 1485 165 43 Murray,
1890 1486 69 32 Mr.
1990 1487 44 32 H.
2060 1487 159 40 Dundas,
2245 1488 70 35 &c.
2342 1501 98 22 were
2463 1492 213 39 authorised
2704 1498 35 27 to
2766 1499 159 37 prepare

1612 1532 69 33 and
1707 1532 103 44 bring
1835 1532 34 33 in
1899 1534 59 31 the
1983 1534 385 43 same.—Adjourned.

2091 1646 152 43 Friday,
2271 1648 124 33 hArch
2414 1651 37 33 3.
2634 1646 2 43 •

1659 1700 34 34 A
1714 1709 155 33 message
1886 1700 92 33 from
1990 1700 59 33 the
2067 1701 112 34 Lords
2193 1704 206 32 announced
2419 1706 79 33 that
2515 1706 96 33 their
2637 1706 195 46 Lordships
2851 1704 72 34 had

1612 1747 130 45 agreed
1760 1753 37 27 to
1818 1748 59 32 the
1893 1747 91 35 Irish
2006 1747 139 38 Militia
2166 1749 216 34 Enlistment
2404 1752 89 33 Bill.

1659 1794 78 33 The
1757 1794 189 34 Vauxhall
1970 1794 133 43 Bridge
2122 1795 90 39 Bill,
2239 1801 35 27 to
2293 1798 129 33 enable
2439 1799 60 33 the
2509 1798 220 34 subscribers
2740 1804 37 28 to
2791 1799 132 32 collect

1612 1852 22 22 a
1651 1841 156 44 capital,
1831 1852 60 21 sue
1906 1843 69 31 and
1996 1843 43 31 he
2056 1843 97 41 sued,
2174 1844 100 32 build
2295 1844 142 44 houses,
2461 1846 69 32 and
2546 1846 176 44 purchase
2740 1846 158 51 landote
2898 1846 24 51 t

1618 1898 71 24 was
1708 1889 81 33 read
1808 1898 21 21 a
1847 1889 74 32 first
1941 1890 99 32 time.

1664 1937 70 32 Mr.
1759 1936 52 32 Lo
1819 1945 19 21 ('
2492 1938 8 4 -
2518 1938 7 2 -

1847 1943 148 25 KIIART
2014 1935 159 43 brought
2186 1935 32 33 in
2238 1948 20 21 a
2280 1936 70 33 Bill
2367 1943 501 33 tiApra

1617 1983 58 32 the
1695 1982 235 33 Golden-lane
1949 1981 172 45 Brewery
2141 1988 37 28 to
2194 1994 60 21 sue
2264 1984 69 33 and
2350 1985 45 33 be

1617 2039 196 32 managers.

1664 2078 57 32 Sir
1736 2080 35 31 S.
1796 2076 91 33 ROM
1899 2085 104 24 ILLY
2023 2075 157 44 brought
2207 2086 50 34 up
2277 2076 60 34 the
2366 2079 35 32 lit

1616 2126 89 31 laws
1721 2134 80 22 now
1827 2124 33 32 in
1892 2122 96 33 force
2006 2124 219 44 concerning
2241 2121 174 47 bankrup

1617 2171 99 38 time,
1733 2171 67 32 and
1815 2170 149 35 ordered
1984 2174 39 27 to
2040 2170 43 33 he
2100 2170 85 33 read
2207 2180 25 24 a
2258 2171 130 37 second

1618 2217 85 34 19th
1723 2218 84 32 inst.
1821 2217 70 32 and
1912 2216 33 33 in
1961 2216 61 32 the
2040 2216 206 34 meentione
2259 2222 38 28 to
2316 2219 46 32 be

2015 2287 24 24 G
2049 2284 142 27 Emma
2202 2287 24 24 T.
2252 2287 50 25 CI,
2342 2288 19 22 V
2373 2288 22 24 E

1661 2326 73 33 Mr.
1755 2324 109 34 WI'S
1878 2334 20 25 N
1910 2333 20 25 E
1957 2317 119 41 called
2091 2322 63 37 the
2164 2326 175 43 atteatipm
2359 2326 43 33 of
2425 2327 25 33 ta
2453 2339 21 20 u
2503 2326 31 34 If
2541 2334 84 26 ouse
2642 2329 38 30 to
2693 2326 63 35 the
2771 2326 158 43 conduct

1613 2372 44 33 of
1669 2373 70 32 this
1752 2372 120 33 officer
1892 2372 103 33 when
2024 2366 50 39 he
2087 2376 84 27 •was
2192 2372 193 33 examined
2415 2372 129 34 before
2570 2372 59 33 the
2655 2373 216 39 Committee
2888 2372 45 38 of

1612 2419 59 32 the
1691 2419 120 33 whole
1837 2418 124 33 House
1978 2418 206 46 respectin
2218 2418 53 33 his
2300 2419 216 44 knowledge
2532 2418 45 34 of
2598 2420 90 33 Mrs.
2701 2419 145 37 Clark's

1613 2466 196 33 terference
1839 2465 86 33 with
1955 2465 164 44 military
2148 2465 240 41 promotions.
2453 2466 40 43 lo
2522 2466 53 33 his
2609 2477 84 22 own
2726 2467 111 41 mind,
2864 2458 64 44 the

1612 2512 116 48 belief
1747 2512 44 33 of
1813 2512 151 32 General
1996 2510 227 44 elavering's
2251 2513 131 44 having
2414 2513 138 43 grossly
2572 2515 253 44 prevaricated
2855 2525 74 31 wal

1612 2561 157 41 strongly
1808 2558 208 44 impressed,
2042 2557 84 43 and,
2159 2559 112 34 under
2298 2555 90 39 that`
2411 2559 223 43 conviction,
2668 2562 43 33 no
2743 2562 70 32 had
2841 2574 44 21 on
2903 2572 25 30 a

1613 2607 131 40 formf.r
1762 2615 150 32 eventig
1932 2607 102 39 made
2059 2615 24 22 a
2108 2606 137 33 motion
2275 2615 96 35 upon
2395 2607 60 33 the
2473 2606 151 45 sullied,
2648 2608 118 34 which
2789 2609 43 33 he
2851 2620 77 26 was;
2982 2606 5 45 •

1611 2653 216 40 aftemards
1853 2653 150 41 induced
2031 2659 37 26 to
2094 2652 209 41 withdraw,
2333 2659 37 27 at
2391 2654 59 38 the
2480 2654 220 43 suggestions
2717 2654 44 33 of
2784 2656 144 41 variou4

1618 2698 281 43 Members„who
1913 2698 155 44 thought
2083 2699 28 33 it
2127 2699 120 33 would
2269 2702 41 30 be
2324 2711 99 25 more
2443 2700 172 44 properly
2630 2701 34 32 di
2689 2702 119 33 ett.:sed
2825 2702 135 47 winat,

1612 2750 61 34 the
1691 2747 149 33 minutes
1858 2745 129 44 shquid
2003 2746 46 37 be
2062 2745 148 48 printed
2230 2747 67 32 and
2314 2747 231 39 distributed,
2563 2747 71 33 and
2652 2759 110 34 every
2779 2751 128 40 Geatto
2907 2751 21 40 t

1615 2804 77 24 man
1703 2791 112 38 rod&
1827 2791 380 47 refreshiiii(anemory
2229 2793 89 34 with
2337 2794 103 35 those
2463 2802 97 34 parts
2576 2793 41 33 of
2642 2794 59 33 the
2732 2799 195 43 testitany

1618 2836 278 47 wltieh',.intatht
1925 2839 152 34 heroine
2117 2835 61 44 the
2215 2841 138 41 sullject
2393 2839 46 34 of
2473 2842 143 33 debate.
2676 2843 54 31 Ile
2772 2844 157 43 thought

1616 2889 77 33 that
1711 2887 152 34 General
1885 2885 228 47 (layering's
2145 2897 84 22 own
2261 2885 135 35 friends
2428 2888 122 32 would
2569 2888 43 32 be
2640 2889 155 37 nn‘itia,,
2823 2891 57 32 for
2903 2902 26 24 a

1612 2935 132 44 speedy
1765 2933 159 34 decisiiie
1957 2931 43 34 of
2020 2930 63 35 the
2119 2933 120 34 House
2257 2933 206 46 respecting
2481 2934 86 33 him.
2619 2934 57 33 To
2695 2946 154 39 support
2867 2939 66 40 the,

1615 2982 136 33 motion
1767 2992 27 24 w
1807 2981 80 33 Welt
1905 2981 46 32 he
1968 2979 128 34 should
2114 2980 93 34 have
2222 2980 59 33 the
2298 2980 139 34 honour
2458 2987 34 27 to
2512 2980 122 41 make,
2656 2981 43 40 he
2711 2983 128 34 should
2857 2985 77 34 call

1615 3030 61 33 the
1693 3030 178 33 attention
1892 3027 41 32 of
1949 3027 60 33 the
2033 3027 117 33 House
2173 3034 38 28 to
2231 3026 60 37 the
2304 3027 273 33 circumstances
2590 3028 41 33 of
2654 3031 63 41 the
2734 3040 97 24 case.
2884 3033 48 34 In

1616 3077 61 32 the
1694 3077 76 32 first
1787 3076 118 44 place,
1942 3074 155 37 General
2126 3074 195 41 Clavering
2347 3073 72 35 had
2447 3074 132 33 offered
2601 3073 151 44 himself
2765 3089 39 22 as
2822 3089 24 24 a
2864 3089 45 22 vo-

1616 3124 142 44 luntary
1786 3133 25 21 It
1813 3123 19 38 -
1832 3123 113 38 loess,
1964 3120 157 34 without
2137 3122 240 33 solicitation.
2434 3120 83 34 Dad
2549 3122 43 41 he
2620 3122 89 37 been
2725 3126 209 43 compelled

1618 3176 34 27 to
1671 3169 122 37 attend
1814 3168 59 34 the
1900 3168 141 39 House,
2075 3163 272 50 prevarication
2379 3168 117 44 might
2522 3168 92 33 have
2644 3169 90 34 been
2753 3181 98 25 more
2868 3183 69 30 ex-,

1616 3216 156 41 cusable
1772 3216 22 41 '
1794 3217 151 32 because
1956 3226 22 22 a
1990 3226 28 21 w
2029 3215 104 33 itness
2146 3226 40 22 so
2196 3214 157 35 situated
2369 3214 123 37 would
2505 3215 209 34 endeavour
2726 3223 38 27 to
2784 3226 43 37 pr
2826 3226 21 37 o
2848 3226 21 37 t
2869 3226 43 37 ec
2911 3226 22 37 t

1620 3263 157 43 himself,
1794 3262 236 43 but:43eneral
2048 3261 209 44 Clavering,
2287 3260 86 37 who
2408 3261 137 34 offered
2575 3267 37 28 to
2644 3262 202 38 invalidate
2874 3267 63 34 the

1620 3305 437 52 testimeityliCiimither„
2073 3309 70 40 and
2159 3320 24 35 a
2206 3307 169 50 material
2396 3308 161 50 lyjtngss,
2575 3319 74 25 was
2663 3311 152 35 entitled
2835 3318 38 31 to
2890 3324 48 25 no

1620 3356 243 47 indulgente.'
1910 3354 102 50 That
2044 3353 157 50 General
2248 3351 200 54 paVering
2481 3354 72 34 had
2594 3358 257 45 prevaricated
2897 3361 44 34 he

1620 3405 165 40 believed
1813 3416 35 32 tq
1866 3402 211 44 GOtleman
2108 3403 34 45 wo
2143 3403 18 45 ‘
2160 3403 71 45 fild
2257 3403 180 33 entertain
2456 3403 63 40 the
2535 3403 92 41 lest
2649 3403 130 47 domht,
2799 3403 34 38 if
2852 3407 89 46 thity

1624 3448 125 50 peruse
1763 3452 60 33 the
1851 3446 152 38 minutes
2028 3445 51 38 of
2094 3449 59 34 the
2167 3445 2 52 •
2184 3449 185 34 evidence.
2421 3449 79 34 The
2526 3446 99 43 non.
2662 3451 167 35 Member
2858 3455 84 40 then

1624 3500 85 34 read
1723 3498 180 46 questions
1930 3497 71 34 and
2029 3507 157 32 aufswers
2212 3496 91 40 from
2334 3497 157 48 General
2512 3488 230 54 elaverines
2758 3500 188 39 evidence.

1630 3539 103 41 After
1749 3546 123 35 which
1893 3546 44 34 he
1951 3544 143 43 moved,
2177 3544 100 34 That
2297 3544 28 33 it
2347 3554 74 24 was
2438 3543 61 34 the
2511 3546 151 41 opinion
2682 3546 43 33 of
2738 3546 61 34 the
2822 3549 126 35 Douse

1626 3594 79 33 that
1724 3592 154 35 General
1896 3592 196 43 Clavering
2108 3591 69 33 had
2197 3592 137 44 grossly
2353 3592 260 53 4)revaricated
2639 3593 35 33 in
2694 3593 59 34 the
2773 3596 176 35 evidence

1631 3641 118 39 which
1769 3640 45 38 he
1833 3632 69 40 had
1918 3639 109 44 given
2040 3647 38 25 at
2095 3638 60 32 the

1677 3689 57 33 Sir
1752 3687 37 34 M
1801 3696 81 25 ATII
1892 3694 61 25 VW
1980 3686 155 33 WHITE
2160 3685 28 33 It
2199 3692 132 33 tot.Ey
2352 3684 137 43 4tated,
2519 3684 80 44 that
2620 3686 159 37 General
2799 3689 152 37 Clavens

1630 3736 76 44 ing,
1726 3735 34 33 in
1780 3735 53 33 his
1848 3733 269 40 examination,
2137 3732 71 34 had
2225 3729 45 38 no
2289 3729 177 47 intention
2485 3731 40 37 of
2548 3735 276 46 prevaricating
2844 3737 107 35 when

1632 3785 44 32 he
1693 3793 72 22 was
1782 3780 193 34 examined
1989 3793 12 27 ;
2029 3780 70 33 and
2117 3770 200 56 proposed,
2336 3777 131 48 berore
2492 3780 86 45 they
2597 3778 131 37 should
2751 3794 100 24 come
2871 3791 38 26 to
2928 3796 26 28 a

1633 3836 99 33 vote,
1747 3828 80 34 that
1844 3826 61 34 the
1923 3827 112 38 Duke
2053 3821 31 46 of
2083 3821 15 46 .
2108 3826 154 46 Argyle,
2281 3831 37 35 to
2335 3826 122 34 whom
2478 3826 18 34 .
2496 3826 53 34 the
2568 3828 157 34 (ieneral
2748 3840 73 24 was
2839 3831 96 44 relat
2935 3831 20 44 f

1632 3878 45 34 ed
1693 3879 47 43 by
1760 3874 196 44 marriage,
1974 3873 130 35 should
2121 3876 45 32 be
2180 3873 194 46 permitted
2388 3868 45 39 to
2444 3873 85 45 give
2541 3875 176 33 evidence
2728 3883 41 27 at
2789 3876 61 51 the
2867 3872 92 52 Bar,

1635 3931 37 32 to
1688 3922 149 39 confirm
1866 3921 64 34 the
1946 3918 254 38 conversation
2223 3920 118 35 which
2362 3921 157 34 General
2538 3922 198 44 Clavering
2754 3924 70 35 had
2845 3926 35 34 in
2902 3927 57 35 his

1635 3970 248 37 examination
1892 3967 117 35 stated
2020 3974 38 27 to
2078 3969 94 34 have
2186 3969 67 34 had
2271 3967 91 35 with
2378 3969 91 34 him.
2500 3969 157 50 General
2681 3959 202 57 Clavering
2893 3959 35 59 ha
2946 3959 18 59 4

1638 4022 90 38 been
1743 4018 37 40 in
1793 4016 63 34 the
1866 4016 138 33 service
2020 4016 44 32 of
2075 4016 52 32 his
2141 4022 152 38 country
2309 4016 98 34 since
2421 4016 45 33 he
2479 4026 73 30 was
2571 4016 43 35 14
2626 4028 107 33 years
2744 4017 43 33 of
2798 4029 83 33 age,
2894 4022 70 33 and

1641 4067 70 35 had
1720 4061 142 51 always
1877 4062 198 38 conducted
2091 4062 151 40 himself
2258 4063 34 35 in
2303 4074 24 26 a
2341 4072 145 27 manner
2500 4058 193 52 becoming
2702 4063 61 37 the
2776 4064 194 51 charactej

2378 1943 26 27 to
2421 1938 130 37 onabk
2561 1937 63 35 the
2642 1939 226 44 proprietors
2884 1935 45 37 et

2378 1995 18 24 e
2404 1985 86 34 sued
2510 1987 35 33 in
2562 1987 60 33 the
2634 1994 122 26 names
2771 1985 154 34 of4heir

2378 2079 56 32 bill
2458 2079 37 33 to
2512 2079 96 34 alter
2622 2076 84 41 twit
2787 2092 6 15 )
2903 2076 4 41 •

2378 2131 430 38 tpts,.

2511 2159 11 17 t
2577 2163 15 11 .
2656 2153 5 32 •
2706 2153 99 32 .o:et
2930 2158 11 12 )
2955 2153 5 32 •

2378 2171 11 33 ri
2414 2173 40 31 tit
2779 2165 12 18 p
2786 2190 6 5 •
2858 2172 65 37 chi
2974 2165 4 44 '

2380 2219 119 43 prime
2528 2242 11 12 .
