3177 4429
217 67 252 56 MARCH
504 70 51 47 5.

216 214 73 34 had
308 217 142 33 stained
472 216 214 34 themselves
699 217 91 35 with
806 221 109 34 blood
933 222 131 44 during
1083 223 61 33 the
1162 223 252 44 insurrection,
1441 227 87 35 have

216 262 91 33 been
333 262 176 35 arrested.
563 265 169 34 Admiral
765 268 184 43 Obregon,
979 269 118 34 whom
1129 270 60 33 the
1220 273 135 43 people
1381 274 70 33 had
1472 285 40 22 ar-

215 309 118 43 rested
360 311 130 43 during
516 311 59 33 the
605 312 255 44 insurrection,
887 317 63 34 has
976 317 91 34 heeu
1087 322 64 39 put
1169 322 39 30 at
1226 320 60 32 the
1305 319 91 35 head
1416 320 40 33 of
1469 322 61 32 the

216 358 159 33 arsenal.
429 358 120 35 There
568 358 92 35 have
677 360 91 37 been
783 361 110 37 found
913 364 37 33 in
964 364 61 34 the
1044 373 83 35 port
1142 366 104 34 three
1265 367 128 33 vessels
1409 367 43 32 of
1467 369 64 35 112

215 413 104 34 guns,
332 410 76 30 two
425 405 45 34 of
477 406 61 40 88.,
562 418 67 21 one
647 407 113 44 0f74,
784 416 78 28 two
879 409 44 35 of
927 409 63 44 61,
1013 411 104 34 three
1135 412 163 44 frigates,
1320 413 70 33 and
1408 424 24 24 a
1447 426 64 24 con-

216 451 188 33 siderable
420 454 150 33 number
588 456 41 32 of
641 463 197 34 corvettes,
863 458 115 46 brigs,
1002 458 70 34 and
1088 458 169 35 unarmed
1274 462 143 40 vessels,
1435 471 97 26 more

216 498 91 33 than
327 500 91 34 1500
437 502 118 43 pieces
572 502 44 32 of
628 513 137 26 cannon
783 504 44 34 of
839 516 110 34 every
967 504 92 40 size,
1085 507 70 32 and
1173 507 241 34 ammunition
1423 508 43 34 of
1476 510 53 33 all

216 546 124 35 kinds.
396 549 35 33 It
450 549 27 33 is
498 549 178 43 probable
694 550 79 34 that
795 554 60 32 but
875 553 58 33 for
950 553 61 33 the
1030 553 223 44 precipitate
1270 559 138 30 retreat
1422 556 41 33 of
1469 556 61 34 the

221 594 167 43 English,
412 595 71 34 and
508 595 60 34 the
598 598 110 34 affair
735 599 44 33 of
793 600 58 33 the
870 600 100 41 16th,
998 599 86 46 they
1106 600 122 33 would
1246 600 94 34 have
1357 602 171 45 occupied

219 640 149 41 Ferrol,
397 643 70 34 and
485 644 118 34 seized
625 645 72 33 this
715 645 180 35 beautiful
914 647 194 45 squadron.
1159 647 80 33 The
1266 647 174 45 Military
1462 651 67 32 and

219 687 124 35 Naval
372 690 150 35 Officers
554 692 93 34 have
674 693 115 33 taken
815 693 61 34 the
899 693 89 34 oath
1007 699 37 28 to
1065 693 100 44 King
1181 693 143 46 Joseph
1350 697 92 32 with
1470 698 61 33 the

216 741 162 38 greatest
405 738 220 35 enthusiasm
696 739 111 35 What
823 742 87 43 they
927 743 117 33 relate
1059 742 44 33 of
1116 741 98 34 their
1238 743 184 41 sufferings
1440 743 93 35 from

237 784 43 32 he
298 784 131 33 lowest
444 787 131 34 classes
582 787 61 34 oft
652 785 43 35 he
710 789 132 44 people
856 790 70 33 and
940 790 60 33 the
1016 788 168 45 English,
1199 789 27 32 is
1244 790 285 34 inconceivable.

217 829 123 41 Order
359 833 119 44 reigns
497 834 35 33 in
554 834 177 43 Gallicia,
764 836 67 33 and
850 836 61 33 the
928 836 190 44 authority
1144 836 44 32 of
1209 836 59 33 the
1292 836 98 43 King
1420 837 28 32 is
1476 848 38 22 re-

214 879 224 34 established
458 880 34 35 in
510 882 71 33 this
601 881 197 41 Province,
816 894 65 21 one
900 882 43 34 of
954 883 61 34 the
1032 889 92 28 most
1142 883 250 33 considerable
1410 883 41 34 of
1472 886 61 33 the

219 927 158 40 Spanish
396 928 215 45 Monarchy.
664 930 155 34 General
837 932 167 33 Laborde
1024 930 61 34 has
1101 928 111 34 found
1231 938 39 26 at
1286 932 184 41 Comma,
1488 944 45 22 on

216 973 65 33 the
307 973 203 41 sea-shore,
542 986 105 25 seven
667 978 123 44 pieces
807 978 41 33 of
861 989 151 31 cannon,
1051 978 119 33 which
1200 978 59 33 the
1296 978 148 44 English
1462 980 71 32 had

216 1019 131 34 buried
377 1032 45 22 on
442 1023 61 34 the
523 1025 98 40 16th,
651 1029 64 30 not
748 1026 106 43 being
876 1026 87 33 able
990 1032 38 26 to
1062 1026 87 32 take
1180 1024 94 34 them
1304 1036 126 34 away.
1482 1028 51 32 La

221 1065 184 40 nomana,
430 1070 213 35 übandoned
678 1072 48 45 by
757 1072 61 33 the
846 1072 150 45 English
1023 1072 69 34 and
1120 1071 56 33 his
1198 1083 83 22 own
1305 1078 142 39 troops,
1472 1074 61 33 has

217 1116 71 32 Ned
311 1117 89 32 wit!►
418 1117 73 35 500
509 1130 90 30 men,
627 1120 35 33 in
694 1121 111 33 order
833 1127 35 27 to
896 1120 122 34 throw
1041 1117 150 35 himself
1213 1121 74 32 into
1319 1120 213 35 Andalusia.

216 1157 123 46 There
372 1167 183 32 remained
586 1173 39 28 at
659 1168 132 33 Lisbon
816 1168 86 43 only
920 1169 115 33 about
1058 1168 21 33 4
1107 1176 43 22 or
1174 1167 92 35 5000
1287 1168 244 43 Englishmen.

217 1211 64 33 AK
300 1211 64 35 the
384 1214 176 44 hospitals
576 1214 70 34 and
666 1215 48 33 all
736 1215 60 32 the
816 1215 207 44 magazines
1044 1214 322 37 wefeembarked,
1393 1215 67 33 and
1474 1215 61 32 the

214 1258 167 43 garrison
390 1270 21 24 -
411 1270 87 24 were
517 1263 201 44 preparing
735 1267 37 32 to
790 1243 165 57 abt;don
973 1261 74 34 this
1062 1260 141 40 nation,
1224 1271 40 24 as
1291 1261 183 41 indignant
1498 1269 38 26 at

217 1306 61 33 the
300 1307 139 45 Perfidy
452 1307 44 34 of
509 1309 59 33 the
592 1309 163 44 English,
769 1320 39 25 as
821 1311 86 43 they
924 1320 66 22 are
1006 1310 182 44 disgusted
1204 1310 47 43 by
1266 1309 61 34 the
1344 1310 191 33 difference

217 1351 45 34 of
286 1364 159 25 manners
475 1357 67 33 and
569 1358 174 41 religion,
770 1358 48 44 by
847 1358 63 33 the
937 1357 185 34 continual
1153 1356 70 33 and
1257 1356 120 33 brutal
1414 1357 106 32 intetn-

217 1410 157 35 perance
392 1403 43 32 of
450 1404 61 32 the
529 1404 149 45 English
699 1410 136 39 troops,
849 1406 70 33 and
932 1404 79 33 that
1020 1413 202 33 arrogance
1233 1402 66 34 and
1318 1402 219 41 ill-founded

217 1449 106 46 pride
340 1449 123 46 which
482 1450 126 34 render
627 1453 73 32 this
713 1453 123 33 nation
849 1453 130 32 odious
998 1456 37 27 to
1056 1450 60 33 the

480 1570 324 46 IMPERIAL
834 1571 445 46 PARLIAMENT.

633 1704 174 39 HOUSE
842 1706 66 38 OF
939 1704 188 39 LORDS.

683 1814 188 48 Monday,
894 1813 90 39 Feb.
1006 1817 65 38 27,

2825 78 90 51 149

1596 231 74 25 was
1685 228 38 28 to
1741 224 44 32 be
1809 224 155 33 dreaded
1983 223 84 34 that
2082 223 64 34 the
2181 223 169 46 Regency
2382 223 222 35 established
2637 223 106 34 there
2769 223 60 33 did
2846 230 64 27 not

1596 276 92 27 meet
1704 269 61 34 the
1783 272 133 33 wishes
1928 269 43 35 Of
1993 272 61 33 the
2085 272 136 44 people
2238 270 45 34 of
2303 270 79 35 that
2401 278 170 38 country.
2596 269 124 33 which
2753 281 72 22 was
2844 272 65 32 the

1596 327 97 22 more
1710 322 38 27 to
1766 319 46 32 be
1830 320 194 41 regretted,
2049 328 39 25 as
2107 319 77 33 that
2205 318 168 45 Regency
2393 328 76 24 was
2484 317 204 44 appointed
2706 315 113 35 under
2846 317 63 35 the

1597 363 204 37 immediate
1818 366 161 33 sanction
1994 364 45 35 of
2050 365 183 34 Ministers
2245 365 99 34 here.
2375 365 58 34 He
2445 365 196 33 concluded
2661 364 89 33 with
2763 367 146 38 moving

1593 409 58 33 for
1657 422 46 22 an
1716 412 156 33 Address
1886 419 39 26 to
1936 412 53 33 his
2002 412 175 46 Majesty,
2190 412 157 44 praying
2356 412 80 33 that
2446 412 46 32 he
2507 411 119 34 would
2642 411 47 34 be
2701 412 209 45 graciously

1596 458 143 40 pleased
1766 464 39 27 to
1820 459 118 33 direct
1955 461 80 32 that
2059 471 24 24 a
2101 459 110 34 letter
2226 458 96 34 from
2347 458 91 34 Lord
2463 458 180 34 Visconti,
2669 459 239 44 Castlereagh

1592 508 39 28 to
1649 504 56 33 Sir
1729 504 94 34 Hew
1846 507 236 43 Dalrymple,
2107 504 70 37 and
2205 508 111 32 dated
2335 507 60 32 the
2420 506 65 35 4th
2506 506 44 32 of
2570 507 100 44 Sept.
2693 507 106 43 NOS,
2822 517 66 24 con-

1593 550 138 44 taining
1746 554 142 34 certain
1905 555 215 40 enclosures,
2148 554 90 34 with
2257 554 124 44 copies
2408 554 44 33 of
2472 552 104 35 those
2603 555 219 40 enclosures,
2850 563 39 25 re-

1593 599 164 41 4pecting
1769 600 64 33 the
1848 602 255 44 appointment
2137 600 44 34 of
2199 612 24 24 a
2242 600 171 45 Regency
2433 601 35 32 in
2500 600 194 44 Portugal,
2721 602 116 44 might
2864 602 47 32 he

1598 645 70 33 !aid
1683 645 128 35 before
1828 647 64 34 the
1905 647 141 37 House.

1644 691 92 34 Lord
1755 693 248 35 LIVFRpoot.
2021 696 145 34 assured
2185 694 61 34 the
2265 693 122 35 Noble
2407 694 89 34 Earl
2512 696 83 33 that
2609 694 244 45 individually
2865 696 47 35 he

1594 739 106 32 could
1731 739 93 33 have
1857 752 45 21 no
1918 741 183 44 objection
2121 749 38 27 to
2192 744 59 43 lay
2283 742 124 34 before
2427 742 63 33 the
2507 742 126 33 House
2649 743 52 33 all
2722 743 64 33 the
2802 744 112 33 donw

1597 793 111 26 meats
1722 789 66 31 and
1815 790 52 31 all
1881 789 58 33 the
1959 791 133 40 papers
2106 790 158 44 relating
2282 795 35 27 to
2341 790 177 40 Portugal
2537 791 66 31 arid
2634 791 125 41 Spain,
2791 791 119 32 which

1598 835 43 28 lie
1659 843 40 21 or
1716 833 51 34 his
1785 836 202 41 colleagues
2006 847 96 24 were
2120 837 34 32 in
2172 836 200 45 possession
2389 836 53 40 of,
2467 836 72 33 and
2559 836 33 33 in
2623 847 24 22 a
2665 836 71 33 few
2757 836 87 46 days
2859 839 52 33 all

1597 882 77 31 that
1691 889 92 26 were
1801 892 137 34 proper
1956 889 35 27 to
2013 891 93 27 meet
2133 883 61 34 the
2216 883 126 45 public
2359 894 69 33 eye
2458 883 128 32 Should
2604 883 45 32 be
2668 886 187 40 presented
2876 893 38 25 to

1598 926 78 34 that
1694 928 148 39 !louse;
1870 930 64 33 hut
1945 931 60 33 the
2022 932 107 33 letter
2141 932 67 33 and
2225 930 184 34 enclosure
2428 930 35 34 in
2480 932 167 41 question
2665 941 97 24 were
2779 931 43 33 of
2836 932 80 34 that

1596 973 224 45 description
1839 976 94 37 that,
1958 980 194 32 consistent
2169 979 86 33 with
2275 989 67 21 our
2368 979 87 41 duty
2472 985 37 25 to
2530 979 57 32 the
2609 979 135 33 Prince
2760 978 156 44 Regent,

1598 1020 66 33 and
1682 1023 193 34 consistent
1906 1026 85 31 with
2023 1026 60 32 the
2105 1026 139 32 honour
2277 1025 69 33 anti
2363 1026 194 32 character
2582 1026 43 32 of
2647 1026 71 31 this
2744 1032 145 26 country
2903 1051 12 15 ,

1599 1069 105 33 could
1721 1075 60 28 not
1795 1070 46 33 be
1859 1071 195 41 produced,
2098 1072 58 35 lie
2176 1071 198 34 undertook
2392 1077 38 27 to
2444 1072 64 43 lay
2519 1074 50 31 all
2590 1072 175 44 requisite
2783 1080 133 38 'tapers

1599 1115 126 33 before
1742 1117 61 32 the
1827 1117 123 33 'louse
1969 1120 201 43 respecting
2186 1120 61 32 the
2264 1120 137 32 several
2437 1120 120 43 topics
2575 1120 155 32 touched
2751 1130 96 32 upon
2864 1120 34 43 by
2898 1120 18 43 ,

1599 1161 59 34 the
1681 1163 119 33 Noble
1837 1162 102 43 Earl,
1962 1166 69 32 and
2050 1168 184 40 suggested
2264 1166 63 33 the
2346 1167 237 33 forbearance
2609 1167 43 32 of
2675 1168 163 41 pressing
2862 1166 54 35 his

1599 1209 150 40 motion,
1765 1217 38 26 at
1817 1212 92 33 least
1928 1214 86 32 until
2029 1213 110 34 there
2139 1214 206 33 documents
2360 1214 126 33 should
2505 1215 43 32 be
2562 1215 74 32 laid
2654 1224 46 24 on
2719 1213 61 34 the
2800 1214 113 33 table.

1605 1256 222 46 Adjourned.

1976 1381 170 38 HOUSE
2176 1383 65 37 OF
2270 1383 269 38 COMMONS.

2069 1500 185 47 Mont*,
2276 1500 90 35 Feb.
2386 1505 63 32 27.

1649 1553 97 34 Lard
1762 1553 116 35 Ptnr
1889 1564 24 24 v
1933 1554 157 43 hronght
2108 1565 47 30 up
2173 1554 64 32 the
2256 1554 139 41 Report
2413 1554 43 32 of
2467 1552 58 34 the
2548 1553 180 34 Wexford
2746 1556 172 34 Election

1603 1603 235 40 Committee,
1854 1603 130 41 stating
2014 1602 80 33 that
2114 1600 60 33 the
2204 1599 216 34 Committee
2453 1599 71 33 had
2559 1600 106 34 found
2688 1603 96 33 Ahrl
2806 1605 112 38 Ram,

1611 1651 27 45 E
1638 1651 28 45 N
1667 1651 28 45 .
1715 1650 86 44 duly
1819 1651 138 33 elected
1976 1650 59 33 for
2056 1649 60 32 the
2133 1648 78 34 said
2230 1652 149 38 county,
2396 1645 67 34 and
2486 1645 77 34 that
2593 1649 59 32 the
2673 1649 177 40 Petition,
2876 1662 40 21 so

1605 1697 58 35 far
1677 1708 39 24 as
1735 1697 183 45 respected
1938 1697 89 37 him,
2062 1706 72 22 was
2160 1694 181 33 frivolous
2368 1694 66 33 and
2458 1695 203 34 vexatious,
2713 1697 105 44 They
2846 1697 74 33 had

1605 1746 77 32 also
1694 1744 107 33 found
1830 1743 163 33 William
2016 1744 185 41 Congreve
2231 1742 27 33 A
2269 1742 149 38 Ilcock,•
2440 1741 85 44 lisq.
2555 1742 56 31 dug
2657 1743 141 34 elected
2812 1756 11 26 ;
2849 1744 72 32 and

1607 1793 79 33 that
1703 1792 59 33 the
1782 1792 177 43 Petition,
1977 1801 38 24 so
2034 1791 56 33 far
2105 1799 40 22 as
2218 1788 184 44 respected
2437 1787 92 41 him,
2557 1799 72 22 was
2653 1795 63 27 not
2743 1789 177 37 frivolous

1605 1840 69 33 and
1691 1839 209 34 vexatious.

1080 71 152 56 IiFTE
1266 73 373 56 NATIONAL
1676 78 376 52 REGISTER.

718 1899 325 27 DISTILLERIES.

262 1956 98 35 Lord
376 1956 34 34 D
449 1961 150 28 TtxtEir
618 1952 96 41 said,
731 1952 44 34 he
791 1963 80 24 rose
888 1958 39 27 to
944 1952 74 34 call
1032 1952 102 33 their
1147 1952 200 45 Lordships
1364 1952 180 35 attention

215 2009 38 30 to
280 2017 22 21 a
331 2004 141 44 subject
498 2002 41 33 of
568 2002 59 32 the
646 2004 161 39 greatest
823 2001 230 43 importance
1071 2008 38 26 to
1128 2001 60 32 the
1207 2001 165 33 interests
1390 2001 90 33 both
1507 2000 41 33 of

213 2055 73 32 this
306 2057 83 39 part
407 2049 44 34 of
467 2049 60 33 the
546 2048 137 34 United
707 2047 183 45 Kingdom
901 2047 70 33 and
996 2047 158 34 Ireland.
1209 2049 60 33 He
1286 2048 193 40 observed,
1494 2048 48 43 by

214 2102 63 31 the
295 2107 103 25 votes
416 2096 41 33 of
470 2096 61 33 the
554 2095 125 33 llouse
697 2095 44 33 of
756 2095 208 39 Commons,
983 2093 81 34 that
1090 2105 26 24 a
1140 2095 71 33 Bill
1234 2106 71 22 was
1325 2095 39 33 in
1383 2105 163 35 progress

214 2147 107 33 there
340 2146 56 33 for
415 2144 217 45 permitting
648 2141 235 38 Distillation
904 2141 97 33 from
1018 2141 118 35 Grain
1165 2143 34 32 in
1227 2141 165 39 Ireland,
1421 2141 67 33 and
1517 2143 28 33 it

216 2205 76 22 was
312 2191 184 47 probable
523 2191 81 33 that
620 2190 85 34 that
725 2190 74 34 Bill
820 2190 116 43 might
961 2198 90 25 soon
1065 2198 105 25 come
1188 2190 111 34 under
1316 2189 100 34 their
1433 2190 94 33 consi-

213 2242 187 34 deration.
454 2238 86 33 Had
556 2238 61 33 the
639 2238 125 34 Nob:e
782 2238 190 40 Secretary
992 2235 44 33 of
1051 2238 104 31 State
1185 2237 117 41 (Lord
1325 2235 220 45 Liverpool)

215 2289 90 33 been
321 2288 35 32 in
376 2287 60 32 the
455 2284 139 39 House,
620 2284 46 33 he
681 2284 131 33 should
833 2284 92 33 have
945 2283 128 33 moved
1089 2283 59 33 for
1172 2293 99 25 some
1299 2293 137 34 papers
1461 2293 85 25 con-

214 2334 126 34 nected
359 2333 93 34 with
474 2331 71 33 this
560 2330 168 45 subject;
755 2331 63 32 hut
836 2340 40 22 as
894 2330 78 32 that
994 2330 124 33 Noble
1140 2330 93 33 Lord
1250 2328 77 35 wais
1338 2328 142 40 a'bsent,
1500 2330 43 32 he

213 2382 133 33 should
365 2385 180 40 postpone
562 2376 215 37 hisination
793 2383 37 27 to
846 2376 157 35 another
1026 2378 90 44 day.
1172 2378 43 34 In
1240 2376 60 35 the
1325 2387 105 24 mean
1455 2376 89 34 time

177 2444 6 6 •
216 2430 45 32 he
279 2427 156 41 thought
450 2427 28 32 it
501 2426 99 41 right
617 2431 39 26 to
674 2425 122 34 notice
810 2425 83 33 thus
907 2426 107 41 early
1026 2434 25 24 a
1070 2428 135 31 matter
1221 2422 45 35 of
1277 2434 41 22 so
1337 2424 105 34 much
1460 2434 64 24 con-

211 2485 178 34 sequence
409 2480 35 26 to
476 2473 61 32 the
562 2472 93 33 vital
676 2472 165 35 interests
856 2470 43 34 of
914 2473 63 32 the
992 2477 174 38 country,
1183 2471 70 35 and
1271 2476 38 28 to
1325 2476 111 35 state,
1463 2471 81 34 that

216 2524 46 32 he
286 2522 73 35 Bill
379 2520 130 34 should
528 2518 226 45 experience
772 2519 56 33 his
842 2519 155 33 decided
1023 2519 234 44 opposition,
1289 2518 33 32 if
1338 2519 30 32 it
1385 2528 77 25 was
1479 2524 66 28 not

216 2569 164 38 arrested
399 2568 33 34 in
451 2568 46 33 its
516 2575 170 35 progress
702 2567 34 33 in
749 2565 154 34 another
921 2565 454 45 quarter.—Adjourned.

687 2662 189 52 Tuesday,
895 2665 94 38 Feb.
1010 2667 67 35 28.

261 2722 109 34 Some
393 2720 148 45 private
559 2719 94 34 Bills
671 2724 98 30 went
794 2718 155 45 through
970 2718 98 35 their
1094 2717 206 47 respective
1315 2720 136 44 stages,
1473 2718 70 37 aid

215 2771 66 35 the
301 2771 128 34 !louse
441 2766 220 47 adjourned.

635 2882 261 50 Wednesday,
927 2883 142 38 March
1096 2885 35 34 1.

262 2949 117 34 Their
394 2946 196 46 Lordships
607 2956 100 25 were
723 2946 158 44 engaged
896 2944 57 34 till
967 2955 25 22 a
1002 2943 81 35 late
1102 2943 180 47 periodic)
1298 2943 64 35 the
1377 2943 167 46 evening,

215 2996 155 45 hearing
380 3000 204 39 arguments
596 2993 43 35 of
652 2994 157 34 Counsel
826 3004 44 22 on
887 3002 24 25 a
933 2993 98 34 Writ
1048 2993 44 33 of
1108 2993 131 41 Error,
1265 2992 221 34 Pemberton
1505 3002 37 24 v.

216 3045 146 41 Oakes,
386 3043 63 34 the
464 3041 143 35 further
620 3040 273 35 consideration
917 3039 44 35 of
987 3040 124 37 which
1142 3050 78 27 was
1244 3039 206 47 postponed
1467 3045 38 28 to
1520 3050 26 25 a

215 3093 125 37 future
356 3092 74 45 day
436 3089 132 45 .—Adj
574 3099 45 24 ou
625 3089 84 35 rned
716 3111 9 11 .

666 3194 219 51 Thursday,
904 3195 152 39 March
1075 3198 39 37 2.

266 3262 80 35 The
367 3260 98 35 Irish
483 3259 146 38 Militia
647 3259 221 37 Enlistment
894 3257 77 35 Bill
992 3269 72 24 was
1083 3256 90 38 read
1196 3267 25 27 a
1238 3256 100 37 third
1356 3256 91 37 time
1469 3256 71 37 and

219 3311 142 47 passed.

268 3359 80 34 The
371 3356 86 37 Earl
475 3354 45 37 of
550 3356 266 37 Livaaroor.
846 3354 191 46 presented
1063 3358 86 41 part
1166 3352 44 34 of
1220 3352 65 37 the
1318 3354 219 44 C►►rrespon-

221 3407 112 33 denee
351 3404 207 44 respecting
574 3403 132 45 Spaiu,
724 3403 123 37 which
866 3402 71 35 had
956 3403 91 37 been
1063 3399 131 37 moved
1211 3399 74 43 for,
1300 3400 170 34 eonsistio
1507 3399 44 34 of

222 3455 61 34 the
301 3452 233 35 instructions
562 3454 77 32 sent
657 3455 79 31 out.
788 3450 80 37 The
885 3455 72 31 rest
972 3448 46 38 of
1038 3449 64 40 the
1122 3446 334 50 Correspondence,
1492 3446 54 35 his

224 3501 181 45 Lordship
425 3498 96 41 said,
548 3497 125 37 would
699 3497 46 35 be
777 3497 78 38 laid
881 3496 130 37 before
1038 3497 66 37 the
1122 3497 130 37 House
1281 3494 93 37 with
1391 3495 51 35 all
1463 3504 81 33 pm-

221 3550 93 34 Bible
341 3548 128 46 speed.
517 3546 83 37 The
632 3544 148 47 Papers
814 3554 94 27 were
932 3543 158 37 ordered
1121 3548 39 32 to
1192 3543 47 38 be
1254 3542 268 47 priatedo—Ad-

215 3596 177 46 journed.

689 3706 165 52 Friday,
879 3707 144 39 March
1038 3709 41 37 3.

759 3788 253 30 TOUTVGALL.

272 3842 83 35 The
374 3840 89 37 Earl
481 3837 46 39 of
547 3836 452 40 BUCKlNGliAmsminn
1013 3835 81 38 said
1110 3834 64 38 the
1185 3833 237 40 unfortunate
1436 3831 111 38 result

222 3887 47 37 of
288 3892 65 35 the
378 3889 193 46 campaign
588 3889 37 33 in
644 3887 178 45 Portnal
836 3886 71 35 and
930 3883 119 47 Spain
1077 3882 185 47 produced
1278 3887 138 32 matter
1429 3879 45 40 of
1491 3889 39 28 re-

221 3944 83 39 gret
327 3943 40 31 to
383 3947 115 35 every
526 3947 79 25 man
624 3935 87 35 who
733 3934 73 34 had
836 3934 65 33 the
925 3932 200 48 happiness
1150 3931 47 37 of
1214 3933 143 44 society
1371 3934 45 32 at
1431 3930 116 37 heart.

222 3986 122 35 These
373 3985 227 46 campaigns,
627 3984 45 35 he
690 3981 183 38 lamented
901 3984 40 32 to
972 3989 84 38 say,
1084 3989 100 26 were
1198 3978 118 38 ended
1342 3979 40 34 in
1407 3987 30 25 a
1465 3986 84 34 way

223 4033 130 37 which
393 4039 40 30 at
459 4032 89 46 only
562 4032 137 46 deeply
726 4028 159 38 afflicted
908 4039 112 35 every
1044 4026 151 45 Egglish
1212 4029 145 41 bosom,
1381 4026 70 34 but
1479 4025 56 34 cir-

221 4085 223 33 cumstances
459 4080 145 38 existed
624 4078 126 38 which
784 4078 150 34 induced
953 4077 76 34 him
1046 4081 40 30 to
1104 4075 125 43 think,
1254 4074 98 44 that,
1377 4071 174 38 valuable

227 4136 41 33 as
294 4129 72 43 NO
393 4129 219 40 (*auction
651 4126 48 40 of
737 4124 183 48 Portugal
952 4127 30 37 is
1013 4130 38 34 to
1081 4123 74 39 tbis
1196 4128 175 43 country,
1402 4121 78 40 still
1521 4120 32 38 it

2062 1893 125 24 ARMY
2220 1891 248 26 ESTI7IIATES.

1655 1932 80 34 The
1752 1936 165 32 St.cnr.T
1930 1942 80 25 tRV
2043 1939 40 26 at
2107 1931 105 33 WAR
2230 1930 118 34 called
2376 1931 61 32 the
2466 1930 180 33 attention
2663 1929 44 34 of
2730 1930 61 34 the
2810 1932 81 34 Com-

1609 1981 123 34 mittee
1750 1989 37 25 to
1811 1981 61 32 the
1889 1981 198 40 remaining
2107 1978 112 43 Army
2239 1978 203 37 Estimates,
2453 1977 72 33 and
2541 1977 131 40 stated,
2685 1977 80 34 that
2783 1978 138 45 though

1611 2028 44 33 he
1671 2028 60 34 did
1749 2034 63 27 not
1830 2027 107 34 think
1955 2028 27 32 it
2001 2034 188 26 necessary
2218 2030 39 26 to
2283 2023 248 44 recapitulate
2558 2023 59 33 the
2633 2035 94 21 sums
2745 2024 175 46 formerly

1611 2076 105 32 voted
1736 2075 112 33 under
1865 2075 70 32 this
1951 2073 109 41 head,
2079 2072 44 33 he
2146 2070 128 35 should
2293 2072 45 33 be
2355 2070 144 44 happy,
2519 2070 188 34 however.
2726 2078 37 27 to
2779 2082 143 26 stnswer

1606 2134 72 33 any
1696 2122 169 45 question
1893 2122 204 43 respecting
2119 2120 112 39 them,
2257 2128 43 24 or
2316 2117 61 34 the
2394 2118 144 37 farther
2557 2119 103 32 items
2680 2119 44 33 he
2747 2128 73 25 was
2836 2131 85 24 nosy

1605 2170 116 34 about
1739 2176 37 27 to
1792 2170 136 34 submit
1944 2174 38 28 to
2009 2167 96 33 their
2119 2165 263 46 appmhation.
2434 2154 61 45 lie
2516 2166 120 33 would
2654 2166 86 43 only
2759 2169 164 41 remark,

1612 2216 91 35 with
1716 2223 145 37 respect
1881 2224 37 25 to
1935 2217 58 32 the
2009 2225 92 22 sums
2115 2212 176 44 formerly
2309 2211 123 41 voted,
2459 2212 84 33 that
2557 2222 46 24 an
2622 2212 158 33 increase
2798 2216 124 32 would

1606 2264 46 33 he
1683 2264 144 33 noticed
1846 2262 45 34 of
1913 2263 19 33 7
1952 2271 40 24 or
2007 2263 21 32 S
2047 2259 174 34 thousand
2239 2258 137 45 pounds
2394 2269 100 22 more
2513 2258 84 33 than
2619 2258 60 33 the
2694 2261 168 34 estimate
2878 2262 47 33 of

1606 2310 71 33 last
1695 2321 100 33 year,
1811 2310 61 33 for
1884 2310 60 33 the
1962 2320 74 37 pay
2055 2307 43 34 of
2112 2308 60 33 the
2196 2317 118 33 army.
2362 2304 91 34 This
2471 2306 158 34 increase
2647 2316 77 24 was
2733 2310 40 30 to
2792 2308 44 34 be
2857 2317 44 25 ac-

1606 2357 152 35 counted
1775 2356 74 41 for,
1867 2355 91 34 from
1977 2367 45 22 an
2040 2355 204 34 additional
2263 2354 158 34 increase
2438 2350 111 35 ofthe
2561 2362 119 33 army,
2695 2354 63 33 the
2776 2356 146 41 regular

1605 2415 104 32 army
1733 2404 109 44 being
1863 2411 142 37 greater
2021 2408 39 28 at
2079 2407 144 39 present
2248 2401 87 33 than
2363 2400 30 33 it
2425 2408 73 25 was
2529 2400 70 33 last
2627 2409 15 27 3
2652 2408 81 32 ear,
2765 2402 69 32 and
2861 2402 65 33 the

1607 2453 143 33 Militia
1767 2460 103 26 more
1885 2450 249 34 considerable
2151 2447 48 45 by
2216 2453 64 28 not
2296 2447 66 33 less
2379 2446 87 34 than
2487 2446 43 37 12
2555 2457 41 24 or
2628 2447 136 39 18,000
2779 2459 144 24 men.—

1607 2499 105 33 With
1730 2497 131 44 regard
1879 2504 38 27 to
1937 2499 58 32 the
2014 2496 198 43 remaining
2226 2505 93 24 sums
2353 2500 38 26 to
2420 2494 46 32 be
2499 2493 124 39 voted,
2648 2496 105 33 there
2789 2505 94 25 were
2897 2506 27 25 a

1606 2545 72 35 few
1700 2546 122 45 points
1852 2544 43 34 of
1918 2544 182 34 variation
2114 2543 79 33 also
2209 2542 96 34 from
2335 2541 69 33 last
2418 2550 107 34 year.
2576 2541 79 34 The
2670 2543 168 33 estimate
2864 2543 60 35 for

1607 2595 61 34 the
1688 2594 93 34 Staff
1802 2602 46 24 or
1878 2593 190 34 Garrisons
2095 2589 122 34 would
2250 2590 45 31 be
2314 2587 217 44 necessarily
2551 2597 99 24 more
2667 2589 259 35 considerable

1607 2643 86 32 than
1710 2641 71 34 last
1799 2649 105 34 year.
1954 2640 81 32 The
2049 2647 76 24 sum
2144 2636 105 33 voted
2269 2635 58 33 for
2344 2634 71 34 this
2441 2643 161 35 purpose
2628 2636 73 33 last
2733 2646 91 34 year
2850 2636 76 35 had

1605 2699 104 22 come
1726 2687 103 34 much
1847 2687 103 33 short
1965 2687 41 32 of
2029 2686 60 33 the
2106 2683 259 46 expenditure,
2389 2692 45 24 on
2453 2687 155 33 account
2623 2682 45 33 of
2694 2682 63 33 the
2779 2683 146 45 foreign

1605 2735 151 41 service,
1775 2740 64 27 not
1856 2734 159 33 foreseen
2031 2737 39 31 at
2088 2732 61 33 the
2167 2732 89 33 time
2283 2730 45 33 of
2356 2730 124 43 voting
2507 2728 102 33 those
2624 2730 200 34 estimates.
2878 2732 46 34 In

1606 2784 64 33 the
1683 2784 207 33 allowance
1910 2780 58 33 for
1983 2780 61 33 the
2065 2779 156 37 Chelsea
2238 2777 219 45 pensioners,
2485 2773 102 35 there
2614 2786 74 24 was
2701 2786 24 24 a
2740 2779 167 33 consider-

1605 2829 85 35 able
1709 2830 177 40 increase,
1919 2828 94 33 from
2033 2828 61 33 the
2122 2826 158 33 increase
2296 2823 45 33 of
2355 2823 59 34 the
2434 2832 146 35 persons
2598 2823 34 32 in
2653 2830 100 28 want
2777 2826 41 32 of
2839 2825 85 34 that

1607 2878 119 39 relief,
1740 2878 67 33 and
1827 2883 38 27 to
1879 2877 61 41 tbe
1956 2884 74 25 sum
2049 2875 58 33 for
2122 2871 162 35 widows'
2298 2871 164 44 pensions
2480 2868 103 35 there
2597 2880 73 24 was
2687 2871 78 33 also
2778 2881 24 24 a
2817 2872 106 33 small

1605 2924 181 41 addition,
1813 2924 139 44 arising
1977 2923 93 33 from
2088 2920 61 35 the
2166 2930 94 24 same
2277 2928 119 25 cause.
2453 2919 43 32 In
2516 2917 60 32 the
2601 2919 168 33 estimate
2786 2919 57 33 for
2861 2921 65 33 the

1607 2974 137 34 several
1763 2973 189 33 volunteer
1965 2979 123 37 corps,
2107 2968 100 34 there
2225 2975 76 26 was
2316 2976 24 22 a
2355 2963 169 35 decrease
2541 2962 43 34 of
2593 2965 187 40 300,0(101.
2796 2967 129 44 owing

1607 3024 39 31 to
1663 3021 61 33 the
1737 3019 249 35 considerable
2001 3017 169 40 decrease
2179 3015 84 34 that
2277 3013 69 34 had
2361 3012 111 33 taken
2490 3009 106 46 place
2615 3012 34 33 in
2662 3011 81 34 that
2758 3012 168 46 descrip.

1607 3060 77 41 tint;
1701 3067 43 33 of
1755 3067 128 39 force;
1911 3067 63 32 but
1990 3066 60 32 the
2069 3061 112 37 Local
2199 3060 143 35 Militia
2360 3059 106 40 being
2492 3070 21 22 a
2539 3067 80 24 new
2636 3060 71 33 and
2726 3070 100 24 more
2851 3071 48 22 ex-

1607 3117 148 43 pensive
1793 3112 275 38 establishment
2106 3109 86 34 than
2231 3109 63 34 the
2333 3106 221 38 volunteers,
2596 3116 46 24 an
2685 3106 159 34 increase
2881 3106 47 35 of

1609 3162 222 45 1,200,0001.
1852 3159 69 35 had
1939 3161 86 32 heen
2042 3156 215 37 occasioned
2268 3165 45 24 on
2324 3154 80 34 that
2415 3158 170 30 account.
2636 3151 94 35 This
2745 3154 181 41 increase,

1609 3210 185 41 however,
1812 3215 39 28 to
1871 3208 63 35 the
1951 3206 120 37 whole
2087 3204 44 34 of
2143 3204 63 33 the
2219 3208 148 30 amount
2395 3201 123 33 would
2550 3204 60 28 not
2644 3201 47 33 be
2719 3210 46 24 an
2789 3204 138 32 annual

1605 3268 178 38 expense,
1814 3268 43 21 as
1884 3255 97 34 their
1996 3252 177 44 clothing,
2189 3250 211 41 amounting
2415 3254 38 28 to
2479 3247 190 43 400,0001.
2699 3248 126 37 would
2851 3249 78 35 last

1607 3307 57 34 for
1681 3306 85 35 four
1781 3313 119 37 years.

1655 3353 80 38 The
1750 3352 198 41 following
1962 3358 93 27 sums
2074 3354 97 26 were
2186 3344 85 37 then
2290 3344 106 33 voted
2418 3356 63 21 :

1611 3400 76 39 For
1696 3399 196 46 defraying
1902 3398 61 35 the
1972 3397 136 44 charge
2125 3393 44 35 of
2176 3393 149 33 Officers
2343 3391 45 35 4ef
2399 3392 63 34 the
2479 3390 135 38 Public
2633 3391 79 35 De-
2758 3390 2 56 .

1655 3452 185 43 partmem
2121 3458 15 9 .
2150 3439 4 56 •
2711 3439 46 45 L.
2757 3439 163 45 257,711

1610 3496 78 37 For
1706 3496 59 35 the
1793 3493 47 38 In
1854 3491 70 39 and
1952 3493 76 34 OM
2052 3488 213 39 Penbioners
2281 3485 45 37 of
2350 3487 161 35 Chelsea
2523 3485 70 34 and
2622 3487 67 34 Kil-

1655 3543 185 35 mainham
1858 3537 191 52 Hospitals
2766 3523 161 53 492,412

1611 3591 78 38 For
1702 3591 176 38 Pensions
1892 3594 39 28 to
1951 3587 164 34 'Widows
2133 3582 43 35 of
2187 3582 149 35 Officers
2787 3585 135 40 49,437

1609 3641 204 38 Volunteer
1827 3637 119 44 Corps
1958 3634 59 35 for
2040 3633 115 34 Great
2173 3631 149 35 Britain
2336 3630 71 35 and
2425 3628 152 35 Ireland
2728 3632 201 40 1,000,5,0

1612 3687 112 38 Local
1737 3679 1192 44 `lllitial,Xl9,Bo3

1661 3736 71 38 Mr.
1748 3732 159 38 BRAND
1928 3728 135 38 wished
2080 3732 39 31 to
2135 3726 109 34 know
2263 3725 86 33 how
2362 3726 60 33 the
2439 3735 185 37 expences
2646 3726 193 45 attending
2862 3728 66 40 the

1612 3783 219 39 Volunteers
1854 3788 97 26 were
1972 3782 64 32 not
2053 3772 217 38 diminished
2290 3772 92 34 from
2401 3772 104 37 those
2522 3772 44 34 of
2577 3774 70 33 last
2670 3784 110 33 year,
2807 3775 37 34 in
2862 3776 66 33 the

1609 3841 98 27 same
1722 3823 222 52 proportion
1963 3835 39 25 as
2019 3823 99 37 their
2135 3822 168 34 numbers
2326 3820 69 37 had
2412 3821 91 35 been
2516 3821 222 35 diminished
2759 3822 51 45 by
2828 3823 100 34 their

1610 3876 152 39 transfer
1774 3876 79 34 into
1866 3873 63 37 the
1944 3873 111 35 Local
2073 3869 156 38 Militia.

1659 3927 76 37 Mr.
1753 3924 246 35 HussitssoN
2015 3918 177 37 observed
2210 3918 35 35 in
2264 3915 124 46 reply,
2412 3915 84 35 that
2520 3915 76 38 this
2620 3928 76 24 was
2715 3917 38 35 in
2780 3927 25 24 a
2820 3921 109 39 great

1610 3984 165 28 measure
1789 3972 129 43 owing
1932 3973 38 33 to
1989 3967 61 35 the
2062 3967 274 38 circumstance,
2353 3965 79 34 that
2448 3964 64 37 the
2524 3964 209 37 Volunteer
2745 3966 184 45 Cavalry,

1612 4023 63 35 the
1687 4025 91 33 most
1792 4017 200 47 expensive
2009 4019 85 40 part
2121 4012 44 37 of
2186 4012 61 37 the
2278 4010 305 46 Establishment,
2617 4025 98 24 were
2734 4013 78 34 still
2835 4013 53 38 ke.

1612 4081 79 37 up;
1716 4068 70 37 and
1807 4067 85 35 that
1906 4064 71 34 this
1995 4071 91 39 year
2095 4062 65 39 the
2177 4071 165 39 expeoce
2359 4058 44 39 of
2413 4059 196 51 cloathing
2627 4063 63 37 the
2709 4063 130 38 Volum

1615 4117 126 40 would
1757 4117 45 37 be
1822 4111 187 40 incurred.
