3390 4429
181 180 81 35 For
275 181 61 32 the
351 181 126 45 Royal
497 182 176 46 Military
694 183 53 33 As
778 183 73 32 lam
872 188 37 27 at
926 182 162 33 Chelsea
1207 201 18 7 -

183 228 81 34 For
281 228 64 34 the
367 222 124 52 ttoyal
513 228 174 46 Military
704 229 156 45 College
1004 247 17 8 -
1212 247 18 8 -

182 276 84 34 l'or
286 275 135 34 retired
439 276 69 33 and
527 278 203 44 officiating
749 278 207 44 Chaplains
1055 295 14 8 -
1214 295 15 7 _

182 322 83 35 For
288 324 172 34 Pensions
481 331 35 27 to
539 325 180 33 Children
736 324 46 34 of
795 325 178 34 deceased
991 325 156 34 Officers
1212 344 18 8 -

181 371 210 34 Aleclicines
405 372 72 33 and
502 371 175 46 Hospital
700 372 195 45 Expences

1332 181 193 39 L.'23,359

1391 230 133 33 16.913

1388 276 87 41 24,9
1486 278 12 32 2

1395 325 132 34 14:300

1369 371 156 41 115,0'21

645 429 274 25 DISTILLERY
947 430 119 25 BILL.

236 465 63 34 Sir
317 467 120 34 Joni
462 468 227 34 NEWPORT
704 468 163 45 opposed
883 468 61 33 the
970 468 90 40 Bill,
1075 477 38 25 as
1124 467 207 35 calculated
1351 470 40 35 to
1407 465 118 46 injure

184 514 69 45 the
268 515 133 44 people
420 515 41 32 of
476 515 158 33 Ireland.
691 513 57 35 111!
762 515 131 33 denied
906 515 100 33 what
1020 515 67 35 had
1106 516 89 32 been
1206 515 77 32 said
1297 526 46 21 on
1357 526 24 21 a
1393 514 132 33 fortner

185 561 172 45 evening,
385 562 50 44 by
452 563 63 33 the
531 561 224 35 Chancellor
771 561 44 34 of
836 562 64 34 the
932 562 224 44 Exchequer
1180 561 59 34 for
1260 561 161 39 Ireland,
1447 562 80 32 that

185 609 67 37 the
272 609 135 43 people
425 609 44 33 of
488 612 80 32 that
586 615 156 38 country
762 619 98 31 were
879 611 171 44 disposed
1074 617 34 26 to
1128 609 104 33 resist
1247 608 61 33 the
1328 608 198 44 operation

184 656 50 40 of
248 656 63 34 the
334 657 120 34 Laws.
508 658 61 33 lie
586 658 107 33 could
713 663 63 27 not
796 658 143 33 believe
969 658 80 33 that
1077 658 60 32 the
1166 657 137 44 people
1336 665 99 37 were
1466 666 41 24 na-

188 704 143 43 turally
346 703 168 46 disposed
534 711 39 27 to
589 705 99 33 resist
704 706 61 31 the
782 705 90 33 laws
886 717 9 28 ;
925 705 64 41 but
1009 702 46 35 he
1070 704 136 33 wished
1225 704 79 33 that
1319 704 64 33 the
1401 704 106 43 Legis-

188 751 125 35 latnre
332 752 120 32 would
471 752 168 34 consider
652 751 165 34 whether
847 752 59 33 the
925 754 93 31 laws
1037 751 77 34 that
1134 750 72 33 had
1226 751 89 31 been
1333 750 105 33 made
1459 750 66 33 had

193 798 96 35 been
296 798 228 45 judiciously
544 800 163 33 enacted.
744 798 84 34 The
847 800 110 41 Right
973 800 103 34 Hon.
1096 798 214 43 Centlcanan
1329 795 197 43 concluded

191 847 98 33 w:th
312 847 158 43 moving,
501 848 83 33 that
607 847 64 33 the
702 847 142 44 Report
875 847 129 33 should
1025 843 44 35 tie
1098 846 110 43 again
1227 844 161 34 referred
1413 849 37 28 to
1468 847 61 32 the

196 894 241 33 Committee.
491 892 79 35 The
593 893 125 34 House
743 895 86 32 tlnnt
863 893 167 39 divided,
1062 893 105 35 when
1194 892 64 38 the
1274 894 169 32 numbers
1460 905 45 32 ap-

193 938 358 50 peared—Ayesl99
570 939 8 46 I
604 941 97 34 Noes
718 940 41 34 61
785 939 8 47 1
817 940 183 47 Majority
1022 940 35 44 in
1075 939 131 43 favour
1222 939 44 34 of
1287 939 66 38 the
1369 939 78 34 Bill
1467 940 43 35 be-

193 989 67 43 sng
288 991 266 40 recommitted,
566 990 61 34 38.

723 1044 118 25 FLAX
873 1045 124 25 st:En.

247 1083 76 38 Mr,
356 1082 168 35 FosTr.n
547 1083 130 40 moved
704 1094 25 24 a
762 1082 229 37 Reso:ution,
1018 1082 60 33 for
1095 1083 169 46 granting
1277 1093 24 24 a
1320 1082 150 46 Bounty
1493 1082 43 33 of

195 1130 57 35 ss.
275 1141 66 34 per
359 1130 128 34 bushel
507 1142 45 21 on
572 1131 60 32 the
650 1131 74 33 first
743 1129 138 38 50,000
899 1131 145 33 bushels
1063 1128 183 46 in►l►orted
1266 1131 77 33 into
1365 1131 163 34 Ireland.

246 1179 85 38 Whe
360 1178 221 41 Resolution
602 1188 73 25 was
702 1179 136 43 agreed
873 1176 320 51 to—Adjoprned.

172 54 106 47 130

1049 52 150 51 THE
1234 52 283 51 NATION
1517 52 1 51 .

666 1285 193 47 Tuesday,
886 1286 70 53 Feb
956 1286 24 53 :
997 1290 66 41 28.

243 1348 76 35 Mr.
353 1349 48 35 P.
428 1350 161 32 MonitE
622 1350 191 43 presented
831 1361 24 22 a
879 1350 161 37 Petition
1059 1350 91 34 from
1170 1350 61 37 the
1257 1350 164 38 Debtors
1450 1359 63 24 con-

194 1397 99 37 fined
312 1396 35 34 in
360 1398 63 32 the
439 1396 81 34 Jail
534 1397 46 32 of
596 1395 206 45 Giweatry.
831 1408 87 33 pra)
932 1396 59 43 in;;
1010 1398 119 34 relief.

247 1444 59 33 On
321 1444 63 33 the
402 1443 136 33 motion
555 1443 46 33 of
617 1446 60 32 the
699 1444 122 34 LORD
860 1446 27 32 A
899 1454 200 26 ovocATE
1126 1446 45 34 of
1199 1447 248 39 Scort.A.No,
1473 1446 63 33 the

197 1491 79 35 Bill
306 1491 54 33 for
377 1492 193 43 amen.ling
586 1491 63 34 the
665 1493 92 39 lawo
776 1502 40 24 as
835 1496 38 30 to
893 1492 99 33 child
1023 1493 148 45 tutmler
1199 1493 35 33 in
1261 1493 125 33 Scotla
1389 1504 19 21 n
1413 1493 21 32 d
1465 1504 71 22 was

194 1539 91 50 read
304 1550 21 21 a
343 1539 126 43 seco,ci
490 1539 102 39 time,
618 1539 69 32 and
704 1539 102 38 after
820 1548 24 24 a
861 1539 71 32 few
956 1539 119 33 words
1094 1539 94 34 from
1213 1540 59 33 Sir
1290 1543 39 31 S.
1354 1539 137 41 Itomill
1500 1552 35 30 v,

194 1584 216 46 expressing
424 1596 25 22 a
475 1585 98 45 hope
585 1584 86 35 That
690 1586 89 33 lime
789 1585 130 35 should
940 1586 46 33 be
998 1586 107 43 given
1123 1592 39 30 to
1181 1587 168 34 consider
1365 1587 63 33 the
1447 1587 90 38 Bill,

195 1632 126 35 which
348 1632 211 44 introluced
583 1644 46 24 an
645 1633 203 54 important
867 1633 200 34 alteration
1098 1636 77 33 into
1193 1635 61 33 the
1272 1636 86 33 Law
1376 1633 45 34 of
1435 1632 81 37 Scot-

194 1681 106 40 land,
326 1681 61 33 the
410 1681 73 33 I:ill
504 1691 72 21 was
593 1682 215 33 committed
828 1681 58 34 for
906 1681 72 33 this
994 1681 73 43 day
1082 1681 190 40 sennight.

247 1728 77 33 Mr.
351 1728 54 35 BA
419 1736 79 25 NKs
519 1728 86 33 then
625 1728 145 39 moved,
797 1729 81 32 that
894 1739 40 22 as
951 1728 40 33 J.
1011 1728 117 34 Alines
1214 1728 107 44 Shee,
1346 1729 96 34 alias
1454 1729 64 34 Cal-

195 1783 99 30 vert,
321 1775 69 33 had
410 1776 91 31 been
516 1774 123 45 guilty
656 1774 45 32 of
712 1778 102 41 grosS
834 1775 291 44 prevarication,
1148 1776 70 33 and
1235 1775 69 35 had
1319 1778 219 39 afterwards

194 1822 228 39 :absconded,
449 1821 37 33 in
502 1821 110 34 (tiller
625 1828 86 27 ton%
723 1822 59 33 oid
806 1824 109 40 being
931 1821 112 35 taken
1056 1824 73 33 into
1148 1825 169 40 custoly,
1345 1825 45 33 he
1407 1824 130 34 should

194 1871 51 33 be
261 1870 211 33 committed
488 1876 37 26 to
540 1870 197 52 Newgate,
763 1870 71 34 and
863 1870 80 47 that
973 1871 63 33 the
1062 1871 150 44 Keeper
1227 1871 43 33 of
1283 1867 184 47 Newgate
1494 1873 44 32 he

194 1917 177 45 required
390 1923 38 27 to
446 1915 105 50 bring
569 1917 76 35 him
656 1928 47 39 tip
716 1916 125 35 before
853 1919 60 47 11R;
928 1907 141 59 topini
1077 1926 7 24 t
1093 1924 54 26 tee
1160 1917 100 34 from.
1271 1918 90 51 time
1378 1928 37 33 to
1436 1919 100 48 time,

195 1976 44 27 us
257 1956 267 63 required.---4
530 1964 83 34 hese
633 1956 135 54 itesOlu
776 1964 93 34 limb
891 1975 94 24 were
997 1967 132 41 agreed
1149 1972 56 27 to.

480 2004 2 4 •

508 2034 188 34 WIEDOWS
724 2036 57 25 OF
811 2035 154 27 NAVAL
993 2035 229 32 OFFICERS.

351 2053 38 37 __-.
407 2078 14 6 .•
452 2053 4 37 .
528 2053 2 37 •

250 2086 71 45 INTr
321 2086 18 45 r
339 2086 230 45 .gi.t.i..l.T.
569 2086 18 45 -
587 2086 35 45 Er
645 2088 122 34 Pol.E
787 2098 80 24 rose
886 2093 38 28 to
941 2099 106 30 move
1067 2088 57 33 for
1137 2091 106 32 leave
1265 2098 39 28 to
1324 2091 105 43 bring
1456 2092 35 35 is
1515 2102 22 22 a

196 2134 85 37 11ill
300 2134 58 38 for
367 2132 187 45 'Mein:ore
568 2145 86 33 easy
677 2145 67 33 pax
755 2141 98 26 meta
863 2134 43 33 of
919 2134 59 34 the
999 2135 174 34 Pensions
1191 2143 39 27 to
1245 2139 59 32 the
1318 2139 168 33 Widows
1499 2139 43 33 of

200 2183 115 38 Navy
331 2183 184 41 (Hikers..
534 2180 84 37 The
633 2181 83 33 rood
736 2192 72 26 wao
822 2181 37 34 in
875 2193 22 22 a
919 2192 85 34 very
1026 2183 335 43 flourishing-state,
1380 2186 69 33 and
1468 2186 67 35 had

196 2230 97 38 been
311 2230 84 33 aide
413 2236 37 26 to
470 2231 116 32 invest
607 2229 183 35 173.000/.
814 2230 33 33 in
868 2231 61 32 the
948 2230 105 33 three
1072 2242 66 33 per
1156 2238 111 28 cents.
1302 2232 71 33 and
1406 2235 28 34 it
1467 2245 72 22 was

196 2276 187 46 propwed
399 2278 35 31 in
450 2285 247 34 consequence
716 2282 38 26 to
770 2277 162 32 increase
951 2277 61 32 the
1032 2278 164 43 pensions
1218 2284 35 27 to
1279 2278 63 34 the
1369 2281 165 39 widows,

195 2324 143 37 no-that
358 2324 59 32 the
437 2322 143 46 highest
599 2324 130 32 should
750 2326 45 28 he
814 2324 73 33 SU
902 2334 22 22 a
965 2334 78 27 ear,
1072 2326 60 33 the
1156 2330 89 30 next
1261 2328 74 33 TO/.
1356 2328 69 33 and
1443 2336 39 25 so
1502 2328 33 34 iu

196 2373 242 102 trreporting.
490 2372 120 38 These
645 2372 169 44 pensions
835 2370 67 33 had
925 2370 163 38 hitherto
1107 2374 91 32 been
1215 2374 84 44 only
1322 2375 162 44 payable
1502 2375 33 33 in

222 2439 11 14 e
236 2420 131 37 9udon,
392 2418 69 33 and
481 2418 61 41 the
560 2415 124 41 object
700 2419 44 33 of
757 2426 65 26 toe
848 2418 71 34 Bill
940 2430 74 22 was
1035 2420 79 33 that
1137 2420 87 43 they
1241 2421 129 33 should
1391 2433 81 22 now
1492 2424 44 33 he

196 2467 94 44 paid
312 2472 38 27 to
372 2465 64 35 the
456 2476 31 22 w
496 2465 116 33 Wows
635 2471 39 30 at
690 2467 63 32 the
769 2465 163 39 different
954 2469 120 43 plae!.s
1091 2466 43 34 of
1147 2467 99 34 their
1258 2469 137 40 abode,
1421 2471 34 34 in
1474 2471 61 33 the

195 2524 104 27 same
319 2524 79 22 was'
419 2523 39 22 as
477 2518 37 27 to
533 2517 64 28 the
630 2513 152 34 widows
807 2511 44 40 of
870 2513 178 50 .Mililary
1069 2515 164 34 Oliceri.
1291 2516 38 34 It
1361 2526 73 24 was
1456 2520 79 32 also

195 2561 188 45 proposed
399 2558 80 37 that
501 2559 100 33 these
617 2561 167 44 pensions
801 2559 125 35 should
948 2562 45 38 lie
1015 2574 41 31 pi:
1068 2563 33 32 id
1119 2563 208 44 quarterly.
1367 2564 170 35 Another

195 2608 130 44 object
357 2607 45 34 of
430 2608 64 39 the
522 2607 80 38 Bill
639 2615 89 32 was,
756 2613 37 28 to
814 2617 73 34 pay
908 2608 136 33 retired
1082 2610 146 34 Marine
1258 2611 152 35 Officers
1437 2614 100 35 their

195 2654 181 46 half-pay
420 2661 40 39 tit
501 2654 98 35 their
635 2666 85 22 own
751 2654 240 48 habitations.
1061 2656 59 35 Ile
1152 2657 119 33 would
1305 2660 80 33 also
1428 2657 107 45 state,

193 2704 87 38 that
312 2705 59 32 the
400 2701 112 34 Lord;
537 2701 46 33 of
612 2702 59 32 the
705 2701 214 44 Admiralty
950 2702 71 34 had
1049 2704 28 33 it
1106 2705 35 32 in
1173 2706 292 44 contemplation
1499 2715 37 27 to

190 2751 181 33 establish
390 2760 24 24 a
430 2751 293 43 compassionatp
737 2750 61 33 list
817 2748 60 34 for
895 2751 63 32 the
972 2752 124 35 Navy,
1109 2753 145 32 similar
1266 2758 38 27 to
1317 2753 81 41 that
1415 2756 119 46 which

191 2809 50 22 cx
249 2798 7 32 i
265 2797 74 34 titer!
358 2797 58 33 for
431 2794 64 35 the
510 2806 122 32 army.
684 2796 80 34 The
795 2797 128 33 lionnu
932 2799 104 31 ruble
1052 2798 165 34 Member
1235 2800 81 32 then
1336 2800 198 37 concluded

190 2844 100 43 with
309 2844 149 38 moving
475 2843 56 33 for
550 2844 105 34 leave
674 2849 35 27 to
732 2844 105 43 bring
857 2845 32 31 in
913 2856 22 21 a
958 2845 72 34 Bill
1046 2846 41 32 of
1101 2848 60 32 the
1180 2854 128 27 nature
1324 2850 122 32 which
1475 2850 60 34 ha;

188 2894 97 34 been
306 2893 156 41 already
484 2891 135 35 stated.
671 2889 115 45 After
801 2902 24 22 a
841 2890 104 35 short
971 2895 273 40 conversation,
1270 2895 33 33 fn
1325 2896 120 34 which
1480 2898 58 35 Sir

190 2941 45 33 C.
261 2941 92 33 Pole
370 2940 70 34 and
474 2940 71 32 Mr.
579 2937 171 45 Caleraft
769 2940 92 34 took
879 2950 21 22 a
921 2947 102 37 part,
1048 2942 216 44 expressiug
1279 2941 100 35 their
1394 2955 118 34 appro-

190 2988 132 39 bation
341 2987 41 32 of
399 2988 61 31 tile
472 2987 185 43 proposed
673 2995 180 32 measure,
880 2987 104 33 leave
1003 2996 76 41 was
1089 2989 154 43 granted
1260 2992 252 45 accordingly.

241 3034 98 34 Lord
365 3034 57 33 Fo
435 3043 197 25 LicsToNE
651 3043 80 22 rose
750 3039 38 27 to
808 3031 104 37 mode
931 3034 80 34 that
1028 3035 60 50 the
1109 3037 125 33 House
1251 3039 44 32 he
1311 3039 120 33 called
1449 3051 89 24 over

190 3093 51 21 on
265 3080 244 44 Wednesday,
535 3083 64 35 the
615 3081 64 33 Bth
709 3079 45 35 of
772 3081 146 40 March,
945 3084 65 32 the
1020 3083 74 43 day
1113 3084 202 44 appointed
1336 3084 59 34 for
1409 3086 129 46 taking

190 3131 80 32 jot°
293 3129 269 33 cousideration
580 3129 60 32 the
664 3128 177 40 evidence
872 3139 45 24 on
935 3130 61 33 the
1013 3130 154 44 charges
1183 3131 142 44 against
1343 3133 64 32 the
1428 3133 109 35 Duke

191 3177 46 32 or
267 3176 125 33 York.
448 3176 242 40 Considering
716 3176 61 33 the
811 3176 233 44 importance
1071 3177 44 33 of
1139 3180 60 32 the
1231 3181 158 35 busitmss
1415 3182 120 35 which

194 3224 125 33 wound
341 3227 85 30 then
450 3231 103 25 come
581 3221 129 40 before
738 3222 63 33 the
829 3223 144 41 House,
997 3224 72 33 and
1088 3224 61 54 the
1168 3227 154 34 obvious
1341 3229 195 45 propriety

188 3274 111 34 tlero
319 3280 74 27 gas
422 3268 83 38 that
523 3270 61 40 the
602 3270 219 43 atteodaqee
839 3270 45 34 of
898 3273 177 33 members
1094 3273 128 41 khould
1251 3274 46 33 be
1328 3286 41 27 as
1397 3275 70 34 full
1498 3288 40 24 as

187 3315 132 50 jiossibl
319 3315 17 50 ,
335 3315 34 50 ..
386 3319 44 32 he
449 3318 59 33 did
524 3321 63 31 not
605 3318 174 40 conceive
795 3318 79 34 that
895 3320 102 33 there
1016 3319 107 38 could
1139 3321 45 32 be
1199 3332 72 33 any
1291 3321 189 46 uttjection
1499 3333 37 26 to

188 3367 66 34 the
278 3373 69 27 nro
358 3365 73 34 ion.

239 3423 112 38 After
369 3430 100 26 some
487 3420 253 35 observations
768 3420 96 35 from
881 3422 63 34 the
964 3423 228 40 Chancellor
1219 3424 43 34 of
1286 3426 63 34 the
1382 3429 130 34 Exehe

184 3469 24 46 A
208 3469 24 46 u
231 3469 50 46 je
298 3469 67 33 and
390 3469 72 33 Mr.
491 3469 139 40 Minks,
647 3481 21 21 a
685 3470 63 32 div
756 3470 91 34 ision
867 3470 91 33 took
978 3471 119 44 place,
1128 3472 73 33 arcs
1219 3474 103 34 there
1339 3476 191 45 appeared

183 3520 63 34 for
259 3517 60 35 the
332 3515 294 46 moiion,--Ayes
648 3516 64 35 102
736 3515 7 46 I
769 3516 98 35 Noes
881 3517 43 34 13
945 3515 7 47 I
980 3517 182 46 Majority
1189 3521 61 35 87.

560 3592 122 26 DUKE.
710 3593 58 22 Of'
797 3583 162 34 YORK'S
990 3594 181 25 LETTrit.

235 3632 76 34 'fir.
404 3631 45 38 NV
526 3627 56 38 1.41.:
602 3641 78 25 rose
700 3638 38 26 to
768 3632 168 40 observe,
957 3632 83 33 that
1067 3632 34 34 in
1121 3626 61 51 thc
1202 3634 107 41 letter
1328 3635 123 41 which
1472 3639 60 35 The

183 3680 122 37 Duke
326 3679 46 33 of
396 3677 112 35 York
533 3678 71 33 had
625 3678 92 37 been
745 3678 152 33 ablvi,te
931 3677 35 35 tti
1002 3679 83 34 send
1106 3686 38 27 to
1159 3680 80 35 that
1261 3683 139 41 Ilimse,
1422 3686 26 40 it
1467 3697 45 34 ap-

180 3726 144 46 peared
346 3733 37 26 to
404 3725 73 33 him
498 3726 102 32 there
618 3736 76 26 was
705 3736 70 34 one
788 3726 213 46 paragraph
1019 3726 122 37 which
1160 3735 91 30 lutist
1264 3731 45 32 ho
1318 3729 214 46 consideyed

177 3787 44 21 vs
239 3785 25 26 a
281 3775 136 33 breach
437 3772 44 35 of
495 3776 61 31 the
578 3774 202 45 privileges
793 3772 46 47 of
854 3774 78 33 that
954 3775 142 43 Ilmise.
1149 3776 61 34 Ile
1243 3778 187 37 therefore
1448 3793 81 24 now

176 3835 20 25 e.
202 3834 72 21 aye
294 3822 138 34 Notice.
449 3821 79 33 that
550 3831 46 22 on
620 3821 142 44 Months)
762 3821 21 44 ,
802 3820 178 45 se'onight
1012 3822 44 32 he
1074 3823 96 34 511011
1169 3823 33 34 id
1220 3827 133 33 submit
1372 3839 24 24 a
1417 3828 94 38 rteco-

176 3872 139 38 lutio:!,
338 3869 33 34 io
403 3879 83 34 coo-
485 3879 20 34 ,
506 3879 146 34 equenee
678 3868 40 32 of
744 3880 25 22 a
788 3873 217 40 paragraph
1039 3866 48 40 of
1101 3872 64 33 the
1193 3873 113 45 letter
1306 3873 19 45 -
1325 3873 116 45 tyhich
1475 3879 53 34 his

331 3918 181 41 Highnits,
536 3915 63 35 the
624 3917 107 35 Doke
758 3917 44 34 of
830 3917 110 35 York
960 3917 72 35 had
1054 3919 89 34 been
1159 3920 149 34 advised
1326 3931 38 25 to
1382 3925 145 43 addres.,

177 3974 41 25 to
241 3969 63 30 the
331 3963 142 34 'loose.

222 4013 83 34 The
398 4024 20 22 A
432 4023 21 24 N
521 4023 20 22 I,
552 4022 50 25 1.0
612 4020 24 25 It
653 4010 45 34 of
718 4011 64 33 the
801 4012 268 40 Foccrtrqtfrltt
1089 4015 107 34 Mild
1213 4020 60 30 not
1294 4017 87 46 help
1401 4018 105 38 think-

174 4074 61 26 intr.
255 4062 28 33 it
300 4063 105 32 mich
444 4070 102 24 name
575 4055 67 39 fair
643 4055 18 39 .
684 4065 39 28 to
756 4070 14 21 o
788 4061 209 33 ihatitsod,
1017 4071 22 21 a
1058 4063 196 33 resolution
1278 4075 85 33 pre‘
1375 4068 78 33 ions
1470 4075 52 34 to,

169 4111 94 50 'pan
280 4110 98 37 ;Liter
397 4108 63 35 the
485 4106 181 39 decision.
720 4106 41 41 It
781 4119 78 35 was
875 4114 63 31 not
956 4108 77 35 fair
1050 4115 12 28 t
1110 4115 138 40 perwit
1274 4123 26 24 st
1323 4115 44 33 ch
1371 4126 21 24 a
1397 4126 61 35 rge
1486 4122 38 31 to

1590 190 92 35 liatir
1700 202 89 22 over
1805 193 61 33 the
1886 193 91 33 brad
1996 193 44 33 of
2061 191 56 33 hig
2140 193 123 43 Royal
2291 193 196 43 Highne.*
2507 203 38 22 as
2565 193 33 33 if
2621 193 102 33 there
2745 193 71 32 had
2836 193 92 32 been

1586 248 22 24 a
1623 236 165 46 princely
1806 239 234 35 interference
2052 250 46 24 on
2111 240 53 33 his
2183 246 84 41 rat
2282 241 234 33 inconsistent
2536 241 90 33 with
2647 240 59 33 flu,
2727 241 202 45 privileges

1587 285 44 34 of
1649 286 242 33 Parliament.

1637 332 72 34 Mr.
1733 333 239 35 PoNSONfir
1995 333 84 34 then
2091 334 94 40 said,
2200 333 81 35 that
2301 334 45 34 he
2365 334 72 35 had
2456 340 77 30 two
2550 334 187 45 questions
2754 339 41 30 to
2816 339 64 39 put
2894 339 40 28 to

1589 379 63 34 the
1667 379 118 45 Right
1806 381 99 33 lion.
1933 384 193 41 Secretary
2146 384 188 44 opposite,
2369 384 122 33 whom
2516 384 43 32 he
2577 392 81 25 saw
2675 383 35 33 in
2730 383 57 34 his
2805 383 129 44 place,

1587 437 98 34 upon
1701 426 157 47 subjects
1879 429 126 34 which
2020 439 103 28 came
2181 429 91 34 ithin
2293 430 53 33 his
2367 431 235 44 department
2620 443 11 27 ;
2660 430 60 33 the
2738 430 79 33 first
2839 441 92 30 was,

1591 475 164 33 whether
1773 476 63 32 the
1848 476 141 44 Treaty
2008 474 168 39 between
2196 477 72 32 this
2301 483 156 38 country
2477 477 69 33 and
2568 476 156 40 Sweden
2746 477 71 34 had
2836 477 96 34 been

1587 522 214 41 roucluded,
1817 523 67 33 and
1905 522 167 34 whether
2088 523 63 34 the
2170 523 227 35 ratification
2415 526 45 33 of
2477 526 27 34 it
2525 526 70 32 had
2616 526 92 33 been
2726 526 174 33 received
2915 522 17 35 ?

1590 569 79 33 The
1681 570 131 33 second
1832 572 164 44 question
2024 581 90 31 was,
2146 572 167 34 whether
2330 573 63 32 the
2415 562 154 44 British'
2577 572 118 40 force,
2709 572 124 34 which
2862 573 72 34 hail

1590 618 90 33 been
1696 624 77 28 sent
1791 617 94 35 from
1910 619 129 33 Lisbon
2063 622 37 30 to
2119 619 132 39 Cadiz,
2275 619 69 34 had
2363 620 89 33 been
2474 619 141 46 refused
2633 617 197 41 admission
2850 615 83 43 inti

1591 664 80 33 that
1688 670 115 35 town,
1820 677 38 21 as
1878 665 71 34 had
1970 665 89 33 been
2079 666 174 45 reported
2269 666 13 33 ?

1639 712 71 33 l‘lr.
1735 713 190 43 Secretary
1948 713 58 33 CA
2016 723 137 24 NNYNG
2170 713 169 45 believed
2350 713 81 43 that
2446 715 63 34 the
2528 717 122 41 treaty
2667 713 92 35 with
2777 712 156 37 Sweden

1592 758 70 33 had
1680 759 89 35 been
1785 759 211 41 concluded,
2015 762 65 33 but
2095 759 83 35 that
2194 762 61 33 the
2275 762 224 34 ratification
2520 762 70 33 had
2613 767 63 30 not
2694 769 58 26 vet
2771 761 158 34 reached

1591 806 71 34 this
1681 813 151 38 country
1847 821 11 24 ;
1884 808 86 39 and,
1987 808 33 33 in
2034 819 144 22 answer
2197 815 39 26 to
2262 808 63 35 the
2341 809 130 34 second
2485 809 170 45 question
2674 808 44 33 of
2726 809 63 32 the
2811 808 119 43 Right

1594 854 98 33 lion.
1715 855 176 41 Member,
1909 855 45 33 he
1969 856 106 32 could
2091 856 87 44 only
2197 861 109 35 state,
2321 856 98 40 that,
2433 857 37 32 in
2490 857 102 44 point
2611 856 45 33 of
2678 855 90 41 fact,
2794 855 48 34 he
2859 847 70 41 way
2930 847 4 54 ;

1591 906 61 27 not
1669 901 175 48 infiqmed
1863 901 43 34 of
1918 901 64 34 the
2000 904 98 40 truth
2117 902 46 39 of
2183 901 60 45 the
2258 911 129 39 report
2402 912 38 27 to
2459 905 125 37 which
2606 905 65 34 the
2691 904 117 44 night
2823 898 110 40 Hon.

1594 945 215 38 Cen.leman
1824 950 162 33 alluded.

1638 997 83 33 The
1740 997 123 33 House
1877 997 84 34 then
1974 1003 100 37 •went
2094 998 77 34 into
2189 1010 22 25 a
2230 999 224 46 Committee
2471 1010 99 35 upon
2596 999 64 37 the
2676 998 100 44 Corn
2799 998 138 34 Distil.

1592 1044 79 44 lery
1697 1043 71 43 Pro
1775 1044 106 34 hibiti
1889 1056 44 21 on
2096 1048 148 34 Several
2258 1050 249 32 alllCHtilllClltS
2526 1058 99 24 were
2639 1048 135 46 agreed
2792 1051 57 38 la,
2862 1039 72 41 and

1592 1090 64 34 the
1676 1097 126 39 report
1824 1102 73 24 was
1917 1093 180 47 received.

1643 1139 85 34 Mr.'
1744 1141 188 41 Secretary
1967 1141 54 33 CA
2034 1150 109 24 NNIN
2151 1153 13 32 C
2164 1153 14 32 r
2209 1141 83 34 then
2322 1141 152 35 alluded
2497 1152 35 24 to
2551 1154 103 22 some
2678 1142 260 43 observation,

1594 1185 125 34 which
1741 1187 67 33 had
1825 1187 90 37 been
1932 1187 105 34 made
2055 1200 45 21 on
2119 1189 63 32 the
2191 1188 138 34 former
2344 1191 156 41 evening
2513 1192 44 40 by
2574 1201 45 22 an
2635 1192 96 33 Hon.
2751 1191 188 33 Members

1597 1225 119 41 whom
1749 1233 44 33 he
1825 1233 60 34 did
1922 1240 60 28 not
2008 1245 60 24 see
2096 1235 35 34 in
2164 1238 53 32 his
2237 1238 109 43 place
2365 1238 93 43 (Mr.
2484 1239 59 32 W.
2563 1239 141 38 Smith)
2724 1238 214 45 respecting

1597 1280 131 44 Sicily.
1781 1280 79 34 The
1881 1281 113 48 flight
2014 1274 98 43 Hon.
2137 1281 209 52 Seeretai)
2346 1286 187 41 regretted
2551 1280 89 38 that
2652 1285 83 44 they
2758 1285 71 32 had
2845 1285 93 34 been

1599 1328 102 34 made
1719 1333 39 30 at
1773 1329 67 40 all,
1866 1318 39 44 as
1922 1330 85 43 they
2037 1341 97 24 were
2151 1332 85 44 only
2251 1332 207 43 calculated
2479 1337 38 28 to
2535 1331 308 51 excite.lealousy
2863 1332 76 35 and

1596 1376 184 43 suspicion
1796 1376 165 34 between
1981 1377 59 33 the
2070 1383 76 43 tlvo
2174 1380 200 41 countriel,
2391 1376 5 50 '
2435 1380 61 35 lie
2516 1382 83 33 then
2616 1381 135 37 stated,
2771 1380 83 33 that
2874 1380 64 34 the

1598 1429 90 26 most
1708 1410 157 57 Friendly
1884 1424 280 45 understanding
2180 1427 142 33 existed
2336 1424 169 46 betwOn
2523 1428 72 33 this
2609 1433 154 41 country
2784 1428 71 33 and
2875 1427 64 34 the

1599 1469 151 34 Sicilian
1766 1472 255 41 Government,
2050 1468 69 38 and
2153 1476 168 31 between
2340 1470 102 48 their
2441 1470 20 48 .
2461 1470 206 48 respeciive
2678 1480 144 39 troops.
2877 1474 63 34 Hod
2961 1468 4 51 •

1597 1518 79 34 also
1693 1518 130 40 added,
1840 1519 32 32 in
1886 1519 255 35 confirmation
2158 1521 44 32 of
2213 1521 81 33 that
2310 1520 93 43 fact,
2420 1522 81 34 that
2520 1524 61 33 the
2602 1520 100 45 King
2719 1526 45 30 of
2785 1522 63 34 the
2859 1526 79 30 two

1600 1565 143 32 Sicilies
1766 1576 71 22 was
1857 1565 152 34 inclined
2036 1572 38 27 to
2106 1569 130 34 intrust
2264 1569 63 35 the
2347 1570 191 34 command
2557 1570 44 34 of
2617 1570 56 34 his
2689 1580 105 33 army
2817 1577 37 27 to
2875 1571 59 32 the

1597 1611 241 35 Commander
1871 1612 45 33 of
1936 1613 60 34 the
2028 1613 139 35 British
2202 1622 145 39 troops,
2378 1617 125 33 which
2536 1628 78 25 was
2642 1611 229 40 amlustance

1597 1658 208 35 confidence
1820 1662 120 44 rarely
1958 1662 123 37 shewn
2100 1663 47 45 by
2163 1674 71 33 any
2249 1663 144 46 foreign
2412 1676 132 35 power
2562 1664 162 37 towards
2739 1664 175 39 another.

1567 54 46 51 L
1680 52 378 56 REGISTER.

2569 56 252 53 MARCH

2014 1761 262 48 liedneslay,
2304 1762 154 38 .3larek
2483 1767 32 34 1.

1650 1821 71 35 Mr.
1736 1824 31 34 (1
1775 1832 24 33 t,
1813 1832 70 34 ITT
1923 1833 22 24 .7
1964 1834 80 24 rose
2061 1830 38 27 to
2112 1831 105 33 inove
2235 1826 58 33 for
2308 1826 106 34 leave
2432 1831 41 30 to
2490 1824 106 47 tiring
2613 1827 35 32 in
2666 1837 21 24 a
2705 1826 77 34 Bill
2797 1826 61 35 for
2875 1826 72 50 thg,

1603 1867 128 37 Relief
1748 1871 44 33 of
1808 1872 157 32 Debtors
1985 1872 33 33 in
2042 1871 162 34 Ireland.
2256 1872 60 37 He
2335 1873 187 45 proposed
2541 1874 83 33 that
2648 1873 61 33 the
2731 1874 64 44 pro
2794 1874 21 44 v
2816 1874 21 44 i
2837 1874 21 44 s
2858 1874 21 44 i
2880 1874 43 44 on
2922 1874 21 44 t

1598 1916 45 34 of
1650 1917 63 33 the
1731 1917 73 33 Bill
1825 1919 129 37 should
1974 1919 41 33 he
2033 1919 143 34 similar
2191 1925 37 28 to
2243 1920 104 35 those
2363 1920 45 34 of
2421 1922 64 33 the
2505 1922 71 34 Act
2601 1920 45 34 of
2661 1922 105 40 MI,
2797 1923 91 33 with
2917 1932 25 26 a

1598 1963 71 34 few
1689 1962 234 47 exceptions,
1951 1967 118 34 which
2093 1967 43 34 he
2151 1968 131 35 should
2300 1969 222 45 afterwavils
2536 1969 138 37 submit
2693 1976 40 27 to
2751 1970 63 34 the
2833 1969 73 51 plea
2907 1969 19 51 :
2926 1989 18 8 -

1598 2021 81 25 sure
1698 2011 44 34 of
1755 2013 59 34 the
1831 2014 314 33 House.—Leave
2164 2016 165 43 granted.

1648 2060 57 33 On
1724 2059 61 35 the
1806 2061 136 33 motion
1956 2061 44 33 of
2017 2062 69 33 Mr.
2113 2061 56 34 Fo
2178 2072 65 25 ST3
2256 2074 40 30 it,
2321 2062 64 35 the
2407 2063 96 37 Irish
2529 2065 106 35 Bank
2652 2065 99 35 Note
2767 2065 172 48 Forgery

1602 2106 223 34 Prevention
1848 2108 72 33 Bill
1938 2119 73 24 was
2028 2108 86 33 read
2132 2120 20 22 a
2166 2111 98 34 third
2284 2112 87 33 time
2387 2112 71 33 and
2478 2113 145 44 passed.

1648 2156 58 33 On
1726 2153 64 34 the
1807 2156 137 33 motion
1972 2158 44 32 of:
2031 2157 70 34 Mr.
2126 2158 267 43 llustctssoti,
2419 2151 66 43 the
2504 2159 129 35 House
2655 2159 167 45 resolved
2843 2160 105 35 itself

1600 2202 74 32 into
1694 2211 24 22 a
1741 2203 221 37 Comtnittt:e
1990 2204 44 33 of
2062 2192 162 67 Suppiy,
2251 2211 38 28 to
2326 2206 120 33 whizh
2478 2217 97 24 were
2604 2204 161 46 referred
2793 2211 148 32 several

1604 2250 182 33 Accounts
1802 2250 154 35 relative
1975 2256 35 28 to
2029 2250 64 34 the
2119 2261 150 26 amount
2296 2252 48 34 of
2370 2254 227 45 Exchequer
2636 2255 109 43 Bills,
2772 2256 72 35 and
2880 2257 66 34 the

1604 2296 158 41 Loyalty
1786 2296 113 34 Loan.

1646 2342 44 33 In
1706 2342 61 34 the
1787 2344 234 43 Committee,
2047 2344 63 39 the
2127 2356 76 25 sum
2220 2347 44 33 of
2276 2348 203 40 5,000,000
2497 2360 78 24 was
2591 2349 109 37 voted
2720 2349 59 34 for
2798 2350 143 45 paying

1597 2391 56 33 off
1676 2391 222 45 Exchequer
1923 2393 89 33 Bills
2034 2399 39 27 to
2101 2394 63 33 the
2180 2405 98 22 same
2301 2392 165 44 aOtount,
2493 2398 59 33 for
2567 2396 64 35 the
2643 2399 141 33 service
2809 2400 47 32 of
2876 2400 66 33 the

1598 2446 90 33 year
1714 2437 63 39 180
1776 2437 43 39 S,
1844 2441 235 43 outstanding
2100 2443 71 33 and
2197 2444 228 43 unprovided
2456 2444 73 34 for.
2587 2445 87 34 Also
2701 2445 64 33 the
2794 2457 79 26 sum
2902 2446 45 35 of

1597 2484 116 39 47,65
1713 2484 47 39 W.
1781 2485 53 34 7s.
1859 2486 58 35 9d.
1948 2487 59 33 for
2036 2490 138 44 paying
2205 2491 53 33 ow
2282 2491 70 33 and
2381 2491 235 45 discharging
2647 2491 196 37 Annuities
2869 2494 72 34 due
2967 2484 2 52 •

1597 2532 112 37 undc.r
1726 2533 63 37 the
1808 2535 158 44 Loyalty
1991 2536 109 34 Eosin.
2153 2538 79 33 The
2254 2538 170 44 Speaker
2439 2539 89 33 then
2543 2539 163 33 resumed
2725 2541 64 34 the
2805 2542 136 43 Chair,

1596 2581 70 33 and
1683 2582 59 31 the
1766 2581 138 44 Report
1920 2594 73 21 was
2007 2584 154 33 ordered
2179 2590 38 28 to
2231 2584 229 40 brreceived
2485 2591 237 37 to-morrow.

1646 2628 56 32 On
1722 2628 60 33 the
1801 2631 144 38 motiost
1963 2629 43 34 of
2028 2631 74 33 Mr.
2130 2633 263 41 ITUsKISSON,
2424 2634 61 35 the
2505 2634 129 34 House
2654 2640 92 28 went
2770 2636 79 34 into
2875 2637 67 37 the

1600 2674 219 34 Committee
1837 2676 43 32 Of
1898 2678 111 44 Ways
2026 2679 69 33 and
2118 2680 141 39 Means,
2285 2681 35 32 in
2343 2691 24 21 w
2381 2679 83 35 hich
2489 2680 28 34 it
2536 2693 72 22 was
2628 2683 182 41 resolved,
2838 2685 105 34 That

1597 2721 104 35 there
1720 2724 43 32 be
1781 2724 116 47 17thctl
1917 2726 63 32 tke.
2004 2737 76 33 suns
2109 2726 44 32 of
2173 2726 202 41 5,000,000
2405 2730 47 44 by
2484 2730 228 44 Exchequer
2741 2731 112 40 Bills,
2882 2732 60 33 for

1597 2764 224 48 complr;ting
1839 2773 60 31 the
1917 2783 73 22 sum
2004 2772 57 33 •of
2072 2776 241 40 '20,000,000,
2339 2776 60 33 the
2420 2777 207 39 remainder
2653 2777 44 34 of
2718 2778 123 34 which
2865 2790 54 22 w;i

1598 2817 117 33 raiwil
1740 2818 44 41 by
1806 2817 58 34 the
1898 2818 90 35 ‘Var
2014 2820 123 35 Taxes
2171 2822 58 41 for
2249 2824 308 45 180S..7—Iteport
2575 2830 39 27 to
2633 2824 45 34 be
2696 2825 170 35 received
2887 2833 38 28 to-

1599 2875 177 22 morrow.

1646 2911 74 34 Mr.
1748 2914 157 33 FOSTER
1925 2908 159 51 brought
2108 2927 50 34 up
2177 2928 21 22 a
2218 2917 76 33 Bill
2314 2917 59 34 for
2386 2920 17 32 o
2404 2919 154 44 Tanling
2580 2928 25 25 a
2623 2919 152 46 Bounty
2803 2931 46 25 on
2875 2921 64 37 the

1602 2957 248 46 impoctalion
1864 2961 43 32 of
1923 2961 91 34 Flax
2035 2965 91 32 Seed
2146 2966 77 33 into
2249 2944 148 58 Irelaud
2396 2944 43 58 rs
2439 2944 128 58 .—Read
2582 2976 25 24 a
2628 2967 77 50 first
2734 2969 103 44 time;
2868 2968 71 39 aiid

1598 3002 38 37 to
1651 3007 45 38 be
1715 3008 85 34 rewi
1814 3019 24 22 a
1853 3009 129 33 second
2001 3017 235 28 to-morrow.

2047 3081 241 26 BANKRUPT
2317 3083 138 25 TAWS.

1646 3117 61 33 cir
1721 3118 51 35 SA
1783 3128 86 25 Arun
1880 3129 20 21 L
1918 3117 110 37 ROM!
2040 3130 19 22 I.
2068 3130 53 24 I.lf
2144 3131 78 24 rose
2241 3130 38 26 to
2298 3124 107 32 make
2440 3122 57 34 lii,
2515 3124 185 45 promised
2719 3125 143 37 motion
2888 3138 50 34 on

1597 3164 74 35 this
1701 3164 155 45 subject.
1911 3167 38 34 It
1981 3169 181 33 certainly
2183 3167 90 43 svhS,
2315 3169 35 33 In
2382 3170 56 33 his
2465 3172 155 43 opinion
2648 3183 87 35 very
2753 3174 187 34 desirable

1598 3211 80 35 that
1707 3214 60 33 the
1791 3221 142 35 present
1965 3221 133 38 systro,
2117 3207 45 41 of
2186 3216 193 46 bankrupt
2407 3216 96 38 law's'
2517 3219 130 35 should
2679 3222 43 32 be
2738 3222 200 34 abolished

1596 3260 223 45 altogether,
1843 3261 69 34 and
1930 3262 152 34 another
2107 3265 219 35 substituted
2354 3266 37 35 in
2425 3267 46 33 its
2492 3268 122 45 place.
2668 3268 78 34 The
2778 3270 79 33 first
2875 3270 61 37 (*-

1597 3306 73 34 feet
1703 3305 45 35 he
1766 3307 128 34 should
1918 3311 122 33 notice
2073 3321 91 31 was,
2189 3311 83 35 that
2295 3314 200 43 according
2526 3320 38 27 to
2590 3314 64 34 the
2686 3325 145 35 present
2859 3328 60 34 sys-

1597 3359 89 38 tem,
1720 3365 90 35 even
1841 3356 100 41 ;titer
1956 3369 24 22 a
1998 3358 189 48 bankrupt
2223 3359 69 34 bad
2309 3361 110 45 given
2438 3372 50 34 up
2520 3363 52 34 all
2604 3363 56 34 his
2681 3371 182 39 property
2896 3371 43 30 to

1597 3404 56 31 nts
1669 3404 190 44 creditoll,
1878 3412 64 37 Set
1962 3415 33 22 in
2014 3416 97 22 some
2132 3407 176 35 instances
2328 3409 45 34 he
2402 3410 70 33 had
2491 3410 181 35 creditors
2686 3412 85 33 who
2790 3413 64 34 did
2874 3422 64 27 not

1594 3458 105 25 come
1715 3450 33 33 in
1770 3451 91 34 with
1881 3452 61 32 the
1963 3457 71 38 rest
2067 3458 35 28 to
2132 3454 107 35 share
2262 3456 33 33 in
2317 3456 41 33 th
2359 3456 21 33 e
2408 3457 190 34 dividend.
2654 3459 54 34 Of
2732 3461 74 33 this
2844 3461 94 34 kind

1600 3508 72 24 was
1691 3498 60 33 the
1767 3509 79 24 case
1861 3498 35 35 in
1917 3496 120 44 'which
2056 3511 24 22 a
2098 3502 190 45 bankrupt
2308 3515 76 25 was
2401 3504 117 35 liable
2548 3504 59 34 for
2626 3517 22 24 a
2666 3508 104 40 debt,
2791 3509 37 33 in
2849 3520 105 22 con—

1581 3543 178 45 junction
1793 3547 90 35 with
1911 3559 22 34 ir
1965 3554 120 43 satrety
2101 3561 11 28 ;
2141 3550 60 33 the
2233 3557 126 40 surety
2386 3553 45 41 of
2456 3554 63 32 the
2543 3553 193 45 bankrupt
2760 3567 79 22 was
2872 3561 64 28 not

1594 3593 146 44 obliged
1761 3600 38 27 to
1817 3598 106 31 core
1951 3589 38 39 in
2021 3591 91 40 with
2147 3598 63 33 the
2244 3599 110 33 other
2382 3600 196 41 creditors,
2606 3596 73 40 and
2699 3604 146 39 receive
2881 3604 34 33 hi

1592 3640 109 33 share
1720 3640 41 34 of
1772 3644 61 32 the
1851 3643 210 41 dividends;
2088 3657 91 21 even
2196 3645 99 44 after
2315 3648 66 40 the
2381 3648 21 40 .
2402 3648 90 40 bank
2503 3654 84 37 rope
2608 3648 71 35 had
2693 3650 243 35 surrendered

1591 3690 52 32 all
1665 3689 54 32 his
1740 3697 196 38 property,
1967 3691 43 34 he
2037 3694 107 33 could
2172 3704 103 24 come
2293 3705 97 34 upon
2411 3689 56 54 hit
2485 3689 18 54 9
2522 3689 56 54 for
2596 3697 63 33 the
2675 3705 183 37 payment
2891 3698 46 34 of

1594 3735 61 34 the
1684 3737 85 34 debt
1789 3738 209 34 contracted
2017 3744 38 28 to
2089 3732 63 43 tAe
2177 3748 139 39 sutty,
2347 3743 138 40 when,•
2497 3743 33 33 if
2555 3743 61 33 the
2636 3745 190 45 bankrupt
2862 3746 72 46 had

1596 3782 163 46 honestly
1780 3785 184 44 complied
1985 3788 87 33 with
2093 3789 60 34 the
2174 3789 202 46 iiiiiipetjon
2394 3789 44 45 of
2461 3790 63 33 the
2558 3791 72 33 law
2669 3794 33 33 in
2721 3794 129 43 givinx

1590 3826 52 39 all
1680 3831 54 34 his
1761 3841 195 38 property,
2043 3836 120 41 •could
2187 3843 60 28 not
2281 3839 92 35 have
2396 3848 22 25 a
2450 3837 168 45 farthing
2641 3841 37 33 in
2695 3841 63 33 the

1591 3879 79 34 One
1685 3878 123 48 object
1827 3880 44 34 of
1894 3880 74 41 the
1970 3880 15 38 .
1985 3880 66 38 Bill
2073 3879 124 40 would
2228 3885 188 35 therefore
2446 3887 61 40 be,
2536 3887 80 33 that
2652 3889 85 34 such
2772 3892 161 32 sureties

1587 3926 132 35 should
1739 3939 100 24 come
1858 3928 40 39 in
1922 3921 89 44 With
2042 3932 61 41 the
2122 3932 110 35 other
2258 3932 194 38 creditors.
2506 3932 80 37 The
2604 3941 90 30 next
2725 3935 124 38 defect
2882 3935 47 43 he

2948 3971 13 9 ~

1586 3973 130 53 shbulq
1737 3977 120 47 notice
1877 3989 87 31 was,
1995 3978 27 39 it
2048 3976 64 39 ion
2130 3980 99 34 often
2249 3980 210 47 happened,
2489 3981 84 35 that
2608 3983 61 34 the
2683 3984 183 46 assignees
2887 3985 52 37 of

1589 4022 60 33 the
1669 4022 217 50 bankrupt's
1913 4033 117 28 estate
2047 4028 195 35 converted
2263 4031 61 32 the
2343 4037 182 38 property
2554 4037 38 27 to
2609 4030 97 35 their
2725 4043 86 25 own
2831 4039 93 30 tea;-
2946 4067 9 15 ,

1587 4080 139 35 pomry,
1741 4082 58 25 use
1852 4074 70 34 and
1942 4076 177 48 eugagini;
2139 4076 33 39 in
2190 4077 144 37 ruinous
2352 4078 266 44 speculations,
2656 4080 24 33 it
2711 4081 224 34 sometintes•

1584 4116 196 48 happened
1799 4121 79 34 that
1896 4119 65 39 the
1975 4123 181 54 assiolees
2172 4123 214 56 theniselves
2415 4126 151 54 lideanac
2601 4128 305 58 bankrupts,.
2907 4126 39 60 itigk

2132 4170 228 9 ..•
2374 4170 5 9 •
2494 4170 5 9 .
2522 4170 5 9 .
