3177 4429
1072 76 144 52 THE
1251 78 374 57 NATIONAL
1661 81 377 52 REGISTER.

1472 185 67 1 ---•

320 198 64 37 my
407 190 96 46 duly
540 196 77 33 and
658 201 226 35 conscience
933 206 94 46 only
1065 206 122 38 which
1222 207 138 37 induce
1400 221 58 24 me
1498 215 38 31 to

263 244 130 32 mount
412 242 65 41 the
504 243 162 45 throne,
699 260 80 26 AND
802 265 84 25 NOT
922 265 64 26 MY
1020 268 89 24 OWN
1139 270 187 24 PRIVATE
1345 270 184 27 INCLINA•

256 296 17 32 .
273 296 106 32 TIONI.
439 292 26 38 I
498 308 61 24 am
592 300 150 53 Filiting
768 307 38 32 to
844 308 178 47 sacrifice
1041 320 64 38 my
1124 318 81 27 own
1226 311 222 45 happiness,
1478 317 34 32 be-

263 338 116 44 cause
400 343 24 39 f
441 346 112 39 think
565 360 80 34 you
661 353 98 37 have
780 359 97 33 need
892 358 50 48 of
966 371 74 31 me,
1067 361 104 47 Jro
1170 361 63 35 the
1253 363 236 37 tv:!chlissiw,.t
1489 363 15 37 ,
1505 363 32 37 ;:

556 402 125 38 These
709 409 229 38 sentiments
957 422 104 26 were
1082 411 128 38 either
1240 413 210 50 suggeste,!

211 443 72 40 the
313 449 106 45 most
441 446 282 57 blasphemouti
752 457 234 54 hypocrisy;
1016 474 50 25 or
1095 476 102 27 were
1226 467 91 34 torn
1351 465 105 38 from
1487 480 47 25 ai,

211 498 259 40 excruciated
491 504 244 47 conscience,
767 509 77 39 and
872 522 24 27 a
922 513 233 53 trembling,
1183 514 204 52 dastardly
1410 519 128 44 heart,

215 549 184 52 appalled
422 554 48 51 by
495 556 67 37 the
582 556 120 41 fierce
723 561 76 39 and
837 561 208 53 indignant
1078 566 161 51 glances
1270 567 48 39 of
1350 569 69 40 the
1449 574 66 34 out-

213 602 124 52 raged
357 604 177 48 citizens,
567 609 74 38 and
664 611 156 54 fearing
843 614 35 37 in
900 628 120 40 every
1042 617 118 47 hand,
1178 618 76 38 and
1272 620 126 38 under
1419 634 111 38 ever!.

215 654 167 47 mantle,
410 657 70 38 the
514 661 96 38 steel
646 661 41 45 of
687 661 21 45 .
724 676 22 26 a
780 669 224 39 murderer.
1072 672 84 37 The
1195 672 162 51 anxiety
1396 673 48 38 of
1472 674 66 35 tlu•

216 709 145 38 wretch
384 709 131 52 might
537 715 100 44 hive
656 716 189 41 extorted
867 720 77 37 this
971 720 226 40 semblance
1225 723 50 37 of
1292 725 247 54 generosity,

214 759 77 39 and
306 765 181 47 stamped
504 767 185 52 sincerity
707 781 53 40 on
785 771 57 37 hip
857 770 189 41 effusions
1063 774 61 38 for
1143 776 67 37 the
1232 782 206 38 moment;
1467 777 69 38 b;it

214 811 33 39 it
269 826 74 26 was
363 814 70 38 the
449 822 239 51 repentance
707 822 74 37 and
806 826 195 48 promised
1020 827 253 38 amendment
1289 828 48 48 of
1352 841 22 25 a
1395 829 141 51 culprit

214 865 152 47 cau4ht
381 865 39 39 in
444 868 67 38 the
533 878 77 34 very
609 878 20 34 -
645 878 67 32 act
732 873 47 38 of
803 875 185 53 pilfering
1007 893 12 30 ;
1049 879 73 38 and
1144 880 90 37 wi!.o
1254 893 79 40 say
1355 882 39 40 in
1421 895 92 25 ever

211 917 268 53 bye-stander
498 933 51 26 an
570 921 239 45 instrument
828 927 48 39 of
883 931 267 50 punishment.

272 996 116 40 After
413 998 71 40 the
520 1002 105 39 Mass
656 1002 48 41 he
733 1007 188 43 returned
960 1007 39 39 in
1038 1007 69 40 the
1137 1023 107 25 same
1265 1010 133 44 order,
1421 1011 76 39 and
1519 1025 19 24 a

213 1046 130 41 salute
361 1050 52 39 of
443 1064 24 25 a
484 1051 177 41 hundred
693 1069 100 39 gams
814 1059 236 39 announced
1072 1061 58 38 his
1157 1070 189 45 entrance
1369 1063 81 38 into
1472 1064 69 37 the

213 1093 167 51 `Palace.
439 1106 53 38 At
513 1106 116 52 night
646 1108 116 39 there
784 1123 76 24 was
879 1126 25 25 a
932 1111 161 53 general

216 1165 81 27 was
318 1157 188 50 repeated
524 1170 52 26 on
596 1160 69 39 the
684 1166 79 33 two
781 1161 24 41 f
804 1161 24 41 o
828 1161 47 41 ll
875 1161 47 41 ow
922 1165 35 38 in
1020 1166 144 51 nights.
1222 1169 59 35 On
1313 1168 66 37 the
1398 1170 63 34 '24i
1472 1170 21 34 It
1519 1182 20 22 a

216 1207 171 48 circular
407 1221 79 26 was
498 1209 208 43 addressed
722 1218 47 35 to
785 1217 67 37 the
872 1208 268 60 Archbishops
1157 1220 77 38 and
1254 1221 164 50 lt4hops
1430 1226 37 32 of
1483 1222 59 38 his

217 1258 213 53 kingdom,
465 1261 38 40 in
531 1263 130 50 which
696 1266 155 40 JOSEPH
870 1269 214 53 employed
1101 1269 66 41 the
1186 1284 109 39 'mole
1311 1271 231 53 *disgusting

215 1311 112 47 clang
348 1315 332 41 ol'disinterested
703 1320 183 45 motives,
905 1325 252 35 attachment
1173 1329 41 33 to
1233 1324 66 38 the
1315 1324 224 52 Spaniards,

217 1367 27 35 a
260 1363 126 43 desire
407 1372 45 33 to
483 1368 90 40 heal
602 1370 105 41 their
726 1372 164 38 wounds
908 1389 11 22 :
950 1374 78 39 and
1058 1375 90 44 then
1169 1375 214 47 concludes
1404 1376 48 52 by
1475 1376 45 39 de-

216 1416 123 52 siring
369 1419 115 52 theni
562 1426 41 33 to
632 1427 135 35 return
803 1423 146 47 thanks
984 1430 43 41 to
1062 1427 89 45 Goo
1188 1428 65 38 for
1287 1427 69 39 the
1391 1441 151 26 success

219 1469 125 39 which
369 1472 48 38 he
445 1472 70 38 has
550 1473 96 39 been
681 1474 152 53 pleased
865 1482 43 33 to
940 1478 119 52 grant
1095 1483 43 35 to
1169 1479 69 40 the
1274 1493 105 25 arms
1406 1479 48 39 of
1486 1482 37 35 hi

219 1527 145 45 august
384 1524 184 45 brother,
589 1526 66 38 the
678 1530 195 50 powerful
895 1532 194 50 Emperor
1106 1530 47 40 of
1168 1531 67 39 the
1259 1532 167 44 French,
1448 1535 78 35 wh..

219 1573 72 50 has
309 1576 78 38 had
410 1589 54 26 no
480 1577 117 39 other
617 1579 100 38 view
737 1580 96 40 than
855 1585 43 33 to
918 1583 93 47 give
1033 1583 67 51 the
1119 1584 209 52 Spaniards
1356 1597 24 25 a
1400 1583 142 52 lasting

217 1638 124 41 peace
358 1628 76 39 and
849 1633 65 41 Oh
935 1648 69 38 yes
1022 1638 9 35 !
1062 1633 66 39 the
1147 1637 170 43 victims,
1338 1636 60 41 his
1428 1649 91 41 rapa

219 1676 78 54 Oty
328 1681 76 39 and
444 1681 208 50 insatiable
684 1683 198 43 ambition
914 1685 105 40 have
1055 1688 227 44 murdered,
1305 1693 120 47 enjoy
1468 1688 74 39 Ihe

217 1730 125 53 peace
356 1731 51 39 of
413 1733 69 39 the
494 1747 138 38 grave,
648 1736 78 46 and
744 1744 48 30 an
811 1736 289 53 independence
1119 1741 156 51 beyond
1289 1742 69 37 the
1372 1741 115 38 reach
1502 1742 46 35 of

219 1786 26 44 4
263 1788 150 47 tyrant.
449 1788 77 37 But
548 1788 67 38 the
632 1788 84 39 fate
744 1785 50 43 of
815 1791 129 45 those,
966 1792 87 38 who
1076 1793 100 38 have
1198 1793 204 43 survived,
1426 1794 27 35 is
1467 1793 52 37 dis-

217 1835 144 53 tinctly
383 1838 168 39 marked
569 1840 48 52 by
639 1853 25 26 a
681 1841 138 40 decree
836 1834 47 47 of
908 1845 92 37 Jan.
1023 1845 112 41 fifth,
1155 1845 128 38 which
1302 1846 139 37 orders
1456 1846 85 37 that

217 1900 27 40 p.
265 1892 146 45 special
433 1892 184 51 Military
656 1894 187 39 Tribunal
869 1894 99 39 shall
994 1897 50 38 be
1071 1896 154 38 formed
1245 1902 44 33 to
1316 1902 59 46 try
1406 1896 50 38 all
1488 1910 39 24 re-

219 1941 183 45 cruiters,
431 1942 77 47 and
537 1943 53 40 alt
609 1944 91 41 who
720 1951 111 34 enter
868 1948 84 38 into
974 1946 66 39 the
1059 1951 176 48 enemy's
1265 1952 168 46 service,
1489 1951 53 48 By

217 1990 80 41 this
325 1993 142 40 decree
498 2008 119 41 every
652 2009 93 28 man
777 1998 87 39 who
896 1998 117 40 takes
1041 2014 52 38 up
1129 2014 106 25 arms
1256 2002 154 50 against
1433 2000 109 54 Kiel;

219 2046 158 39 JOSEPN
394 2044 102 40 shall
520 2048 48 39 he
591 2052 98 45 shot,
732 2052 77 38 and
836 2065 119 31 every
990 2053 193 38 recruiter
1201 2055 164 44 hanged.
1422 2053 125 47 Thea:!

219 2109 71 27 arc
308 2098 69 39 the
398 2099 87 38 first
506 2099 189 53 blessings
720 2104 51 37 of
798 2104 59 39 his
878 2104 226 52 auspicious
1121 2105 76 40 and
1217 2105 180 52 paternal
1416 2106 105 46 reign
1535 2121 11 27 ;

220 2151 77 38 add
309 2163 41 26 as
371 2164 98 26 soon
487 2165 43 26 as
544 2152 51 39 he
605 2153 70 39 has
684 2156 208 51 organised
908 2156 60 40 his
984 2161 141 39 system
1139 2157 281 48 orexpionage,
1434 2147 111 47 when

219 2197 53 44 all
287 2204 67 37 the
376 2203 129 39 bonds
524 2204 48 40 of
587 2198 335 58 neighbourhood
958 2210 76 37 and
1054 2211 66 35 the
1140 2210 77 39 ties
1235 2210 47 37 of
1303 2210 216 48 consangui-

220 2254 85 52 nity
325 2267 67 39 are
412 2261 91 34 rent
520 2259 193 41 asunder;
744 2259 112 48 whet)
879 2259 164 40 brother
1065 2259 76 39 will
1179 2262 47 37 be
1254 2261 224 40 distrustful
1502 2262 46 38 of

219 2306 182 46 brother,
433 2307 78 39 and
530 2308 125 40 friend
677 2310 50 38 of
751 2311 154 45 friend;
943 2313 94 40 then
1059 2313 66 38 the
1147 2313 210 52 Spaniards
1378 2313 76 39 will
1475 2327 44 24 en-

211 2359 92 50 joy,
334 2357 35 39 in
392 2357 73 39 full
485 2372 194 33 measure,
715 2376 109 24 some
839 2365 48 37 of
908 2365 67 38 the
1009 2365 244 47 advantages
1274 2365 196 50 possessed
1495 2366 21 35 1)

219 2409 70 39 the
307 2411 255 47 Brabanters,
593 2413 169 43 French,
794 2415 73 40 &e.
925 2418 77 38 But
1023 2417 67 38 the
1108 2430 111 26 AMP
1244 2417 51 38 of
1325 2418 104 38 their
1447 2417 77 52 poli-

219 2461 93 46 tical
326 2463 213 52 happiness
559 2464 77 40 will
654 2466 47 38 be
722 2469 195 43 attained,
944 2469 112 43 whets
1075 2469 90 51 they
1182 2483 63 28 WC:
1261 2469 66 39 the
1344 2469 177 52 conscrip-

220 2509 90 44 tion
331 2515 250 45 introduced,
618 2518 77 37 and
711 2518 104 39 their
834 2519 128 53 youth
984 2526 91 32 torn
1096 2520 104 39 from
1235 2520 67 39 the
1322 2520 222 44 shriekie...l.,

219 2567 213 40 elistracted
454 2569 193 46 mothers,
669 2571 74 37 and
762 2571 177 54 dragged
961 2572 94 52 with
1087 2572 104 39 their
1209 2572 170 39 fettered
1403 2572 103 39 hand
1532 2600 13 20 ,

221 2619 79 39 tied
321 2623 41 34 to
386 2620 67 38 the
470 2620 70 38 tail
560 2622 48 37 of
634 2635 22 24 a
679 2623 257 39 Gendarme's
953 2626 132 44 horse,
1122 2630 43 32 to
1185 2626 66 37 the
1271 2626 132 38 Banks
1423 2626 63 37 oft
1498 2626 48 39 he

220 2670 170 45 Vistula,
424 2685 48 27 or
493 2673 67 38 the
576 2674 230 40 Mountains
824 2678 48 39 of
1178 2678 103 50 fight
1300 2678 66 39 the
1383 2678 161 43 battles,

219 2722 78 39 and
327 2730 187 46 promote
550 2725 66 39 the
635 2727 181 39 criminal
839 2732 176 48 projects
1046 2730 46 39 of
1120 2743 24 25 a
1178 2735 201 46 stranger,
1409 2730 133 39 whom

220 2776 94 53 they
354 2776 105 40 have
496 2791 44 24 so
569 2778 118 40 much
722 2793 118 27 cause
872 2786 43 34 to
943 2781 143 41 abhor,

270 2859 130 39 These
437 2861 146 51 Papers
613 2859 81 39 also
730 2862 162 38 contain
922 2862 70 39 the
1028 2863 287 53 thirty-second
1354 2863 188 47 Bulletin.

220 2911 38 40 It
278 2911 182 39 contains
478 2926 48 24 an
550 2919 170 33 account
742 2914 48 38 of
816 2914 69 38 the
911 2915 210 39 surrender
1141 2917 48 37 of
1209 2917 149 45 Ferrol,
1380 2919 74 35 and
1478 2919 67 37 the

220 2969 168 46 capture.
406 2963 48 38 of
470 2965 69 39 the
561 2965 90 39 fleet
681 2968 34 35 in
745 2966 66 38 the
833 2967 195 39 harbour.
1085 2968 97 39 This
1217 2968 169 40 Bulletin
1415 2970 128 37 moat()

220 3017 122 39 make
353 3017 115 39 those
488 3017 246 51 unthinking
748 3017 161 52 personS
921 3020 37 38 in
979 3020 80 39 this
1074 3026 165 47 country
1254 3020 130 45 blush,
1403 3020 34 38 if
1450 3021 93 52 they

221 3081 104 26 were
343 3069 169 52 capable
531 3070 51 58 of
604 3072 89 37 that
720 3072 215 46 sensation,
973 3073 91 38 who
1098 3072 53 39 fill
1187 3073 105 39 their
1320 3073 226 39 loathsome

224 3120 183 43 Columns
424 3122 94 38 with
541 3123 231 40 unfounded
793 3123 222 40 calumnies
1041 3125 152 46 against
1219 3125 67 39 the
1305 3131 118 44 great
1444 3139 103 24 mass

219 3172 51 40 of
294 3172 67 40 the
391 3172 169 53 Spanish
580 3174 252 52 population.
889 3177 85 39 The
994 3190 142 40 enemy
1157 3177 164 40 himself
1350 3177 32 39 is
1402 3176 138 41 forced

221 3231 46 33 to
283 3226 52 39 do
356 3239 47 26 an
438 3226 260 53 involuntary
717 3221 176 60 homage
921 3234 41 34 to
985 3229 105 39 their
1123 3229 223 48 patriotism
1369 3230 76 38 and
1465 3224 60 46 vif-

217 3283 105 39 tnre,
354 3278 52 52 by
428 3278 183 52 delaring
631 3282 87 35 that
737 3280 69 39 the
824 3285 105 47 most
956 3281 248 40 determined
1228 3283 214 38 resistance
1462 3295 80 25 was

219 3331 117 40 made
354 3330 51 52 by
429 3330 69 39 the
520 3331 256 40 inhabitants
794 3332 51 40 of
879 3333 136 43 Ferrol
1031 3348 12 30 ;
1074 3335 74 38 and
1185 3334 87 39 that
1302 3334 31 40 it
1362 3347 79 26 was
1472 3335 70 38 the

219 3383 211 53 treachery
448 3383 50 38 of
515 3384 71 39 the
617 3385 145 50 higher
781 3385 136 45 order,
946 3387 71 38 the
1036 3387 91 38 base
1146 3386 236 40 dereliction
1411 3387 47 38 of
1473 3386 70 39 the

217 3433 242 41 constituted
481 3437 253 45 authorities,
759 3438 126 39 which
909 3437 137 53 placed
1074 3441 66 38 the
1156 3439 98 53 city,
1277 3438 67 40 the
1370 3438 174 40 arsenals

224 3481 80 46 aria
322 3487 189 53 shipping
537 3488 37 39 in
594 3490 67 38 the
680 3502 133 39 power
844 3490 48 38 of
914 3485 72 46 the
1006 3490 194 44 invaders.
1259 3490 96 40 This
1372 3490 170 41 Bulletin

217 3541 236 41 terminates
489 3542 96 38 with
622 3542 69 39 the
722 3534 171 60 groisest
920 3544 125 38 abuse
1076 3541 48 46 of
1149 3534 69 50 the
1239 3543 163 51 English
1431 3556 109 39 army

219 3593 77 39 and
330 3595 156 40 nation,
515 3594 76 39 and
620 3595 77 40 hon
697 3595 104 40 Ours
835 3596 107 38 them
966 3596 91 39 with
1080 3596 67 39 the
1183 3601 106 38 most
1326 3609 219 26 rancorous

214 3646 191 40 elrusions
423 3646 51 39 of
487 3648 168 52 enmity.
715 3646 270 54 Immediately
1017 3647 105 48 after
1141 3648 69 40 the
1243 3653 182 46 capture,
1454 3651 60 38 MA-

217 3712 185 31 ZAREDOI
425 3711 78 27 one
516 3699 48 39 of
576 3699 111 39 those
709 3702 162 38 traitors
889 3702 92 39 who
1000 3700 86 40 first
1106 3702 187 39 attached
1307 3699 236 50 themselves

219 3756 45 34 to
283 3750 66 40 the
380 3751 182 39 fortunes
583 3752 48 38 of
663 3752 70 38 the
767 3765 180 40 usurper,
976 3754 78 39 and
1072 3767 89 25 now
1191 3754 77 39 fills
1283 3754 67 39 the
1367 3754 116 39 office
1500 3754 48 38 of

220 3803 185 39 Minister
433 3804 51 38 of
497 3806 168 45 Marine,
697 3819 79 25 was
811 3806 168 39 ordered
1015 3810 45 34 to
1096 3806 131 52 repair
1246 3811 45 33 to
1329 3804 154 44 Ferrol,
1502 3806 38 38 in

214 3856 120 41 anger
352 3861 44 34 to
417 3861 74 47 put
511 3857 67 38 the
596 3857 159 39 Marine
768 3861 111 35 there
891 3862 81 34 into
987 3862 65 34 the
1070 3861 86 45 mnst
1156 3861 21 45 .
1178 3861 239 45 ilourishing
1429 3863 112 33 state.

216 3915 85 32 Our
321 3909 211 52 provident
549 3909 77 39 and
646 3908 165 53 vigilent
828 3909 202 40 Ministers
1046 3909 76 39 will
1136 3911 47 38 be
1196 3909 89 39 able
1306 3915 44 33 to
1370 3917 172 32 account

216 3969 61 32 we
295 3966 117 40 trust,
443 3967 43 34 to
523 3963 67 39 the
609 3963 138 39 nation
769 3967 43 34 at
848 3961 125 52 large.
1002 3963 78 39 and
1101 3961 259 54 particularly
1381 3969 44 33 to
1460 3965 60 37 Ire-

216 4012 106 46 land,
353 4015 89 43 why
463 4028 137 26 means
624 4028 104 26 were
754 4019 72 34 not
846 4015 123 39 taken
989 4020 44 33 to
1069 4019 165 50 prevent
1253 4028 44 26 so
1317 4015 226 52 important

215 4067 26 39 A
254 4064 89 43 fleet
361 4067 79 40 and
457 4067 175 41 arsenals
651 4067 142 59 falling
814 4068 85 40 into
920 4067 69 41 the
1011 4067 123 41 hands
1153 4067 51 43 of
1218 4067 67 40 the
1305 4080 156 41 enemy.

990 4173 4 0 ,

1144 4162 9 14 •
1241 4159 1 18 •
1266 4159 7 18 0.

2819 89 51 50 l,:i
2884 97 19 45 ;

1659 223 35 35 It
1713 234 78 26 was
1811 223 183 50 reported
2016 237 48 21 on
2093 224 136 37 Vridav
2254 226 109 45 night
2386 226 86 38 that
2494 226 66 38 the
2580 226 150 37 'French
2753 224 106 39 Fleet
2887 227 38 38 in

1611 275 148 47 ilasque
1780 275 135 37 ;loads
1935 275 73 38 had
2031 276 96 37 been
2148 276 190 47 captured
2363 278 47 35 by
2435 291 76 24 our
2529 278 200 50 squadron
2745 293 11 26 ;
2787 278 67 38 but
2877 289 52 27 no

1607 325 92 37 inch
1722 327 138 38 novice
1893 327 72 37 has
2000 327 97 39 been
2131 327 184 51 officially
2353 330 194 37 received.
2604 330 86 37 The
2719 328 209 53 fOliowing

1609 389 67 25 •.re
1700 378 67 37 the
1786 379 93 50 only
1912 378 203 45 authentic
2146 379 239 52 particulars
2417 380 87 38 that
2539 380 102 38 have
2660 385 69 46 yet
2748 381 98 38 been
2867 393 61 28 rc.

1609 429 132 38 coived

2277 487 26 18 gi
2357 495 87 26 RMM
2476 493 84 26 Orr
2589 495 288 25 ItOCIIEFOILT.

1707 544 78 33 The
1821 544 119 34 Naiad
1970 544 149 48 frigate,
2146 546 44 33 of
2289 557 54 22 Flll
2414 547 119 39 brings
2554 547 228 41 intelligence
2805 548 43 34 of
2867 549 61 33 the

1613 589 133 35 French
1761 594 198 41 sqstadron,
1987 593 39 33 of
2040 595 99 35 eie,lit
2160 595 65 31 sail
2246 593 41 31 of
2301 593 59 32 Ow
2382 595 86 38 line,
2494 594 67 31 awl
2583 602 74 24 two
2674 595 164 40 frigate's,
2867 596 60 31 be-

1609 639 58 38 Hz
1682 648 80 22 seen
1779 652 46 21 on
1850 639 135 43 Friday
2006 641 157 46 meaning
2163 641 24 46 ?
2215 641 58 32 the
2287 641 86 34 24th
2389 641 69 33 ult.
2477 648 38 26 at
2531 641 204 43 day-light,
2759 643 168 43 btanditig

1626 692 59 26 utu
1711 685 141 45 Basque
1874 687 135 34 Roads.

1709 733 77 32 The
1811 733 117 34 Naiad
1951 744 70 22 was
2039 733 155 33 ordered
2209 739 35 31 to
2264 733 158 44 proceed
2456 733 32 32 in
2507 737 102 40 quest
2624 733 45 33 of
2682 733 60 33 the
2759 733 159 35 Channel

1613 778 115 38 fleet,
1753 781 69 32 and
1841 782 261 32 communicate
2125 788 35 25 to
2193 781 91 32 Lord
2307 781 175 34 Gambier
2515 785 59 26 the
2606 780 174 34 situation
2798 780 45 37 of
2856 783 73 33 thife

1605 826 193 44 squadron,
1825 828 69 33 and
1922 828 74 32 that
2017 827 40 31 of
2070 828 63 32 the
2151 826 158 45 enemy's
2330 839 142 28 course,
2505 839 54 26 rc.
2665 828 70 33 and
2753 826 64 44 she
2836 830 87 32 bore

1617 883 38 31 I!)
1678 875 236 41 aecordingly
1937 875 85 32 with
2041 885 24 21 a
2083 883 96 33 ure4,
2198 875 41 32 of
2249 874 83 33 sail.

1713 921 46 33 Bs
1782 921 176 44 half-past
1972 932 103 24 seven
2091 922 163 39 o'clock,
2272 924 60 30 the
2350 930 120 28 enemy
2483 919 14 32 9
2497 919 14 32 P
2526 921 178 47 gqiiiifirqp
2727 921 92 34 !lOVe
2833 927 38 28 to
2893 924 37 34 iet

1613 967 139 45 Rasque
1786 967 135 41 (toads,
1946 969 65 33 and
2044 969 125 33 b..!'ore
2197 970 98 35 eight
2324 969 143 33 o'clock
2493 969 69 33 five
2580 977 142 32 strange
2739 969 67 33 sail
2830 980 94 21 were

1613 1024 76 22 •een
1722 1015 149 43 hearing
1889 1020 39 27 at
1948 1016 45 33 N.
2014 1015 47 33 N.
2082 1016 37 31 W
2161 1016 83 33 who
2274 1023 58 31 tint
2357 1016 207 41 answering
2581 1015 61 33 the
2659 1016 106 41 given
2784 1017 111 43 signal
2895 1017 19 43 ,
2914 1017 19 43 .

1607 1061 248 35 immediately
1881 1062 204 38 announced
2118 1068 37 27 to
2187 1064 59 31 the
2276 1063 53 35 Cie
2329 1063 18 35 ,
2347 1063 53 35 tir
2426 1064 85 40 they
2537 1072 94 21 were
2650 1063 183 37 enemies;
2861 1072 66 25 our

1612 1109 172 40 •quadron
1804 1098 84 48 then
1907 1110 85 33 bore
2019 1119 65 38 up,
2109 1109 70 33 anti
2209 1110 132 32 chased
2369 1103 64 39 the
2454 1119 124 33 enemy
2602 1110 33 31 in
2656 1108 60 32 the
2738 1109 45 34 N.
2800 1109 47 33 N.
2871 1110 57 33 W.

1609 1156 87 32 tiptil
1716 1156 61 33 the
1789 1154 116 43 signal
1919 1155 44 33 of
1978 1157 91 31 reeal
2089 1166 72 24 was
2180 1157 100 32 made..
2296 1157 46 39 by
2361 1156 60 35 the
2432 1156 124 35 Ciesar
2567 1167 12 28 ;
2610 1156 84 33 then
2711 1156 130 33 hauled
2862 1167 66 24 our

1654 1204 71 39 ind,
1750 1204 67 32 and
1835 1204 105 32 stenod
1959 1202 155 33 towards
2127 1214 66 21 our
2210 1204 194 43 squadron.

1701 1250 93 34 Soon
1811 1248 99 34 after
1926 1248 78 33 nine
2022 1260 51 21 we
2087 1243 110 39 found
2215 1251 58 32 the
2289 1258 141 27 strange
2448 1248 98 46 ships
2559 1254 37 27 to
2614 1248 45 33 be
2670 1248 103 33 three
2792 1250 137 34 French

1607 1294 163 41 frigates,
1786 1296 132 34 chased
1938 1296 46 35 by
2006 1296 53 32 his
2081 1296 188 44 Majesty's
2288 1297 83 43 ship
2389 1297 144 33 Amelia
2549 1298 70 31 and
2640 1296 183 34 Dotterel!
2843 1307 86 31 gun.

1607 1344 93 41 brig.
1754 1344 110 33 Made
1883 1344 65 32 sail
1972 1350 33 25 to
2026 1345 59 30 the
2117 1344 48 32 N.
2193 1344 66 32 and
2291 1344 96 32 little
2413 1344 96 31 after
2530 1350 57 26 tem
2606 1343 60 33 the
2685 1343 159 45 enemy's

1607 1397 102 28 .rates
1728 1391 89 32 took
1838 1390 135 33 shelter
1990 1390 111 38 under
2120 1390 60 33 the
2200 1390 172 39 batteries
2402 1390 43 33 of
2461 1391 106 33 Sable
2585 1389 197 38 d'Olonne,
2807 1390 123 34 where

1610 1439 84 43 they
1724 1447 97 25 were
1854 1447 87 24 soon
1972 1437 172 34 attacked
2179 1439 48 43 by
2258 1439 60 32 the
2346 1439 137 37 C;esar,
2524 1437 181 43 Donegal,
2740 1437 191 41 Defiance,

1615 1485 182 39 Emerald,
1818 1483 209 44 Amethyst,
2041 1485 69 32 and
2133 1483 157 33 Amelia.
2344 1483 33 35 A
2396 1483 181 33 continual
2598 1483 66 33 fire
2682 1494 72 22 was
2771 1485 91 45 kept
2884 1496 47 32 up

1610 1530 57 33 for
1684 1541 85 22 near
1789 1537 74 27 two
1885 1531 120 38 hours,
2026 1531 104 33 when
2150 1532 24 30 it
2193 1530 138 33 ceased.
2387 1530 80 32 The
2490 1530 118 33 Naiad
2637 1538 34 25 nt
2693 1530 70 34 this
2781 1532 89 32 time
2893 1539 40 26 at

1607 1578 252 33 considerable
1877 1578 176 40 distance,
2070 1577 106 34 could
2197 1584 57 26 met
2277 1577 159 44 pee.sibly
2461 1576 105 33 know
2588 1576 60 34 the
2674 1578 109 33 result
2800 1579 44 32 of
2871 1579 63 35 the

1619 1625 110 34 Letion
1746 1638 12 26 ;
1785 1626 64 31 hut
1867 1635 46 22 no
1929 1626 113 32 doubt
2060 1635 66 22 eau
2143 1626 45 31 he
2203 1625 224 32 entertained
2443 1622 41 33 of
2498 1624 97 32 their
2614 1625 133 41 having
2763 1629 112 34 taken
2891 1635 43 26 or

1609 1668 189 48 destroyed
1819 1672 63 33 the
1898 1683 143 38 enemy,
2093 1672 56 41 By
2181 1681 67 22 one
2267 1670 144 34 o'clock
2431 1670 116 45 spoke
2567 1671 58 33 the
2647 1672 188 38 Alcmene,
2859 1672 72 34 and

1610 1720 148 34 pointed
1775 1727 60 25 nut
1858 1720 60 32 the
1942 1719 174 47 situation
2135 1717 43 34 of
2193 1719 60 32 the
2272 1727 139 33 enemy.
2470 1716 132 33 Before
2621 1716 83 34 four
2721 1719 59 33 the
2800 1719 133 45 squad.

1611 1776 63 21 roil
1693 1766 110 34 under
1821 1766 157 45 Captain
2004 1763 223 43 Beresford's
2257 1766 123 31 orders
2412 1765 141 43 passed,
2581 1765 194 45 consisting
2793 1765 41 33 of
2849 1761 84 38 feiur

1618 1831 25 11 -.•
1654 1814 20 30 il
1696 1812 43 33 of
1752 1813 61 33 the
1833 1814 87 35 line,
1939 1814 65 39 and
2024 1814 60 31 the
2109 1811 268 43 Indefatigaolu
2406 1811 151 43 frigate.
2611 1812 161 44 Captain
2803 1808 128 38 Beres:

1612 1860 15 31 3
1628 1860 15 31 .
1643 1860 46 31 ord
1708 1869 92 33 gave
1820 1858 231 35 information
2072 1859 80 33 that
2184 1859 61 32 the
2272 1857 159 41 enemy's
2458 1857 182 45 squadron
2672 1859 67 33 had
2773 1860 157 43 escaped

1612 1906 90 33 from
1727 1906 185 40 L'Orient,
1931 1904 65 34 and
2016 1905 197 38 concluded
2233 1906 93 32 them
2359 1912 37 26 to
2415 1906 44 30 be
2486 1916 56 22 ves
2548 1916 12 19 s
2562 1906 54 32 el:
2634 1903 77 44 just
2739 1907 189 35 attacked,

1617 1952 54 33 De
1693 1954 80 32 then
1792 1954 162 33 directed
1974 1954 52 32 his
2037 1962 129 30 course
2185 1951 57 34 for
2259 1952 168 34 Admiral
2448 1950 204 47 Stopford's
2672 1954 197 46 squadron,
2893 1954 41 32 of

1617 1998 116 33 which
1754 2000 43 32 he
1820 2011 73 21 was
1911 1998 125 34 nearly
2061 2000 34 32 in
2114 1998 110 43 sight.

1707 2049 57 30 On
1783 2047 59 34 the
1863 2047 123 33 follow
1998 2037 56 52 lit;,;
2070 2046 72 44 day
2172 2047 59 31 the
2258 2044 119 37 Naiad
2409 2046 60 33 fell
2506 2047 34 32 in
2576 2046 89 33 with
2693 2044 61 33 the
2781 2047 154 33 Cuckoo

1613 2094 190 39 -chooner,
1830 2095 71 32 anti
1920 2096 129 35 learnt,
2070 2095 78 31 tltat
2181 2093 57 33 Sir
2267 2094 39 32 .1.
2333 2094 103 32 Duck
2481 2091 115 37 orlh's
2623 2094 182 44 squadron
2826 2094 109 38 could

1612 2148 60 25 not
1693 2141 43 32 he
1753 2147 35 27 at
1809 2138 71 39 any
1900 2148 100 34 great
2016 2138 176 41 distance,
2223 2140 60 31 she
2297 2139 184 34 therefore
2506 2141 163 44 returned
2687 2148 35 24 to
2746 2143 61 31 the
2828 2151 86 44 squa-

1612 2189 86 32 dron
1719 2194 35 25 to
1774 2189 84 41 give
1877 2190 60 31 the
1955 2189 231 32 inforp:ation
2207 2187 163 31 received
2391 2189 48 39 by
2456 2187 61 32 the
2537 2187 133 35 Nui7oi,

1659 2237 9 17 6
1676 2241 9 12 6
1707 2233 167 39 Enemy's
1897 2237 103 30 Parer
2014 2237 35 30 in
2074 2236 139 41 Ila,lne
2239 2233 246 33 llusad.—One
2500 2233 191 41 3-decker,
2705 2241 57 27 ten
2778 2233 133 34 2-deck-

1611 2293 73 26 ers,
1711 2293 66 21 one
1793 2282 138 39 50-gun
1950 2281 94 44 ship,
2072 2282 69 31 and
2157 2281 90 31 Tour
2265 2281 161 40 frio'es.

1707 2330 51 31 .it
1776 2329 102 31 Sable
1954 2331 26 30 0
1988 2328 273 39 tonni—Thrce
2281 2328 164 40 frig.‘.!es.

1706 2376 141 32 British
1869 2376 106 32 Force
1988 2378 81 30 with
2272 2374 343 43 3lopford—Thrce
2626 2374 65 33 sail
2709 2374 44 33 of
2769 2375 60 33 the
2841 2374 90 43 line,

1611 2427 83 28 tour
1711 2422 165 39 frigates,
1902 2422 69 33 and
1990 2431 65 24 one
2073 2421 97 40 brig.
2207 2460 7 1 _

1710 2470 99 32 With
1840 2469 155 41 Captain
2021 2466 208 41 BPreil'ord,
2255 2469 71 31 cnd
2352 2470 123 38 nearly
2506 2470 34 32 in
2567 2470 19 41 ~
2585 2470 19 41 i
2604 2470 58 41 ght
2683 2469 45 45 of
2758 2469 175 39 Admire

1613 2506 326 61 Siop,fird—Four
1949 2515 64 34 sal!
2034 2515 41 37 (i)?
2091 2515 58 32 the
2169 2515 9 32 I
2187 2511 69 43 hie,
2272 2515 65 32 am!
2355 2517 69 30 One
2444 2516 142 43 frigate.

1664 2640 28 39 A
1702 2652 122 40 mqng
1835 2641 72 50 thp
1928 2642 302 50 extraordinary
2255 2640 253 51 phenomena
2522 2640 50 39 of
2585 2641 66 37 the
2669 2646 156 46 present
2842 2653 93 39 age,

1610 2705 44 25 so
1674 2693 132 38 fertile
1844 2687 38 44 in
1913 2693 261 43 revolutions,
2206 2692 178 51 political
2420 2693 76 39 and
2529 2693 195 43 national,
2756 2707 89 39 may
2885 2695 48 37 he

1603 2743 126 52 justly
1769 2743 198 41 reckoned
2013 2745 67 39 the
2126 2745 216 38 formation
2381 2745 48 50 of
2463 2757 22 25 a
2520 2758 85 25 new
2637 2747 169 50 empire,
2854 2746 78 43 and

1611 2797 67 37 the
1707 2796 273 39 introduction
2017 2792 47 44 of
2099 2800 213 47 European
2350 2794 263 46 civilization,
2660 2799 83 34 into
2783 2797 67 39 the
2872 2812 39 24 re-

1612 2854 106 32 mote
1744 2846 145 40 islands
1926 2850 191 43 scattered
2158 2862 98 34 over
2289 2850 69 39 the
2379 2855 85 32 vast
2493 2862 171 40 expanse
2699 2850 47 44 pf
2769 2845 66 41 the
2855 2852 79 48 IV

1610 2901 90 39 cilic
1733 2902 150 38 Ocean.
1948 2902 70 38 We
2050 2915 67 24 are
2156 2901 156 39 assured
2344 2901 89 38 that
2467 2902 196 43 Tallama,
2714 2908 15 33 t,
2746 2902 78 37 hie
2825 2902 15 44 C,
2884 2915 47 26 or

1611 2954 231 50 Sovereign,
1881 2953 47 39 of
1954 2957 66 34 the
2049 2954 126 38 Island
2210 2953 50 39 of
2290 2954 224 53 0-wy-hee,
2546 2967 76 25 one
2641 2953 50 38 of
2717 2954 67 37 the
2812 2954 122 41 Sand.

1612 3005 97 38 wich
1742 3017 150 40 group,
1922 3020 48 24 or
2006 3005 283 53 Archipelago,
2319 3018 44 25 so
2395 3005 84 39 well
2497 3005 146 39 known
2666 3006 38 37 in
2741 3007 66 35 the
2830 3006 81 39 rela-

1612 3057 103 38 tions
1750 3057 50 38 of
1827 3071 78 25 our
1941 3059 404 50 circumnavigators,
2374 3057 70 39 has
2463 3063 71 33 not
2554 3056 91 53 only
2669 3058 203 50 subjected
2891 3065 41 35 to

1612 3109 57 38 bis
1706 3109 208 39 dominion
1955 3112 67 37 the
2068 3111 247 48 surrounding
2315 3111 22 48 .
2378 3109 156 43 islands,
2584 3109 72 39 but
2692 3111 31 37 is
2757 3110 174 40 actively

1613 3161 209 53 .miployed
1856 3162 38 38 in
1926 3163 216 50 extending
2170 3163 60 37 his
2270 3175 135 39 power
2437 3175 50 24 on
2513 3172 120 39 every
2668 3159 94 40 side.
2841 3154 96 52 This

1612 3211 216 47 Chieftain,
1859 3214 69 38 the
1965 3217 227 50 Bonaparte
2224 3215 46 37 of
2303 3214 66 39 the
2408 3214 164 44 Pacific,
2603 3214 156 52 though
2780 3214 53 40 he
2859 3229 74 28 can

1610 3266 155 39 neither
1795 3266 112 39 write
1937 3280 72 26 nor
2052 3267 109 46 read,
2204 3268 44 44 is,
2295 3266 281 44 nevertheless,
2619 3267 193 39 endowed
2843 3268 92 44 with

1609 3317 289 53 distinguished
1949 3319 185 44 abilities,
2187 3330 163 40 energy,
2396 3318 73 39 aad
2528 3319 215 39 ambition.
2811 3322 126 46 ,Nnul.

1611 3370 87 39 hers
1716 3370 51 39 of
1798 3370 145 39 British
1977 3372 74 38 and
2086 3371 51 39 of
2167 3372 148 37 French
2356 3372 259 48 renegadoes,
2646 3385 50 24 or
2725 3371 210 45 desertciA,

1609 3435 70 26 arc
1709 3422 214 52 employed
1968 3422 37 39 in
2043 3422 243 52 facilitating
2331 3423 59 38 his
2430 3425 171 48 projects
2630 3423 47 38 of
2705 3423 231 48 cohlitierce

1609 3474 77 39 and
1719 3475 46 39 of
1795 3480 208 46 conquest.
2072 3475 187 45 Already,
2303 3476 28 38 it
2365 3477 32 38 is
2430 3481 167 35 certain,
2639 3475 92 41 that
2850 3490 65 25 car-

1611 3529 73 35 ries
1714 3541 51 25 on
1796 3529 17 35 a
1813 3529 17 35 -
1853 3520 113 47 trade
1985 3527 92 40 with
2102 3521 141 50 China,
2274 3527 93 39 with
2406 3539 111 27 sonic
2555 3527 50 38 of
2619 3528 69 38 the
2707 3528 204 51 dependen-

1607 3581 80 37 cies
1724 3580 46 38 of
1798 3582 149 48 Japan,
1995 3580 92 38 with
2125 3581 70 38 the
2216 3580 4 51 •
2230 3582 183 35 Ladrone
2463 3580 145 38 Islands
2644 3581 78 38 and
2919 3598 13 28 ;

1609 3644 74 26 nor
1711 3632 30 39 is
1772 3633 31 37 it
1820 3632 178 39 doubted
2034 3632 89 40 that
2157 3633 47 37 he
2237 3632 76 39 will
2344 3646 97 24 soon
2481 3632 188 47 navigate
2705 3633 66 38 the
2804 3634 128 40 South

1610 3686 71 35 Sea
1701 3684 38 38 in
1776 3685 70 38 the
1881 3685 183 52 opposite
2083 3684 209 45 direction,
2324 3689 44 34 to
2406 3685 67 38 the
2494 3685 180 38 Western
2713 3685 139 38 shores
2885 3684 52 39 of

1612 3737 171 41 Mexico,
1815 3739 120 43 Peru,
1965 3737 73 40 and
2070 3737 117 39 Chili.
2248 3739 195 35 However
2461 3736 214 39 incredible
2696 3736 31 39 it
2748 3749 92 41 may
2864 3750 69 39 ap.

1609 3802 109 37 pear,
1749 3803 58 24 we
1839 3802 70 26 are
1941 3790 156 39 assured
2120 3790 87 39 that
2228 3789 48 39 he
2306 3802 189 40 possesses
2515 3802 25 24 a
2569 3787 168 47 marine,
2765 3790 168 39 consist,

1607 3841 128 39 mo.of
1747 3842 93 37 nine
1863 3841 137 39 vessels
2017 3859 9 28 ;
2057 3855 151 39 among
2223 3842 126 38 which
2369 3854 69 25 are
2456 3846 97 40 two,
2581 3842 136 38 armed
2739 3843 77 37 and
2835 3856 66 24 cu-

1649 3874 24 19 r.`

1607 3893 317 51 per-bottomed.
1981 3894 198 45 Tahama,
2209 3895 31 38 it
2275 3894 31 38 is
2336 3893 194 47 believed,
2559 3894 77 38 will
2674 3895 157 47 subject
2863 3900 13 33 t
2883 3854 50 81 he

1607 3946 152 51 Society
1782 3946 77 45 and
1881 3946 183 44 Friendly
2091 3946 158 48 islands,
2280 3959 44 26 as
2339 3946 85 40 well
2445 3960 41 26 as
2500 3959 120 38 many
2641 3946 50 38 of
2700 3947 67 38 the
2794 3947 138 41 others

1607 3999 37 37 in
1661 3999 89 38 that
1761 4003 167 47 quarter
1957 3998 47 38 of
2019 3999 67 39 the
2109 3999 136 53 globe.
2303 4000 125 38 Wheel
2450 4011 58 26 we
2528 3999 135 41 reflect
2682 4011 51 26 on
2748 4000 67 38 the
2835 4013 73 37 geo-

1605 4049 204 53 graphical
1848 4052 174 50 position
2054 4051 51 40 of
2131 4051 71 40 the
2220 4051 203 40 Sandwich
2459 4049 161 44 Islands,
2654 4049 136 54 placed
2830 4065 45 26 as
2889 4056 48 43 •it

1607 4115 104 27 were
1734 4104 47 53 1.o).
1805 4109 162 45 nature,
1994 4109 44 34 to
2057 4109 171 35 connect
2249 4106 184 41 America
2452 4104 94 53 with
2568 4104 125 53 Aiia;•
2717 4106 77 44 and
2820 4119 84 27 com-

1631 4172 18 12 -
1709 4170 26 14 ai-g
1743 4176 7 6 •
2019 4174 17 11 t
2109 4161 31 24 i•
2140 4161 15 24 '
2203 4163 34 21 IA-
2288 4173 11 12 •

204 63 253 65 ;IrARCIT
497 69 52 48 5.

3161 0 14 69 1
