3236 4524
1082 125 148 52 THE
1264 122 376 56 NATIONAL
1674 115 379 57 REGISTER.

208 124 259 65 MARCH
498 124 89 56 26.

216 279 175 40 Motion;
417 282 43 30 to
475 275 126 38 which
625 274 99 35 Lord
749 274 187 35 ALTHOR
945 283 52 26 PC
1020 274 185 47 proposed
1232 285 46 25 an
1299 274 254 40 Amendment,

210 335 142 46 stating
369 334 85 37 that
469 343 39 26 as
529 334 57 34 his
605 332 128 46 Royal
752 332 185 45 Highness
960 332 167 45 resigned
1150 331 64 38 the
1230 332 191 37 command
1436 330 44 35 of
1492 330 64 35 the

210 404 128 37 army,
364 391 65 37 the
446 390 129 40 House
588 391 90 35 does
693 394 63 31 not
775 390 109 35 think
899 390 31 35 It
948 398 190 38 necessary
1157 400 76 24 now
1251 394 39 33 to
1309 387 158 48 proceed
1482 397 73 33 any

211 451 167 40 further.
430 448 59 38 To
508 448 72 37 this
607 448 83 35 Mr.
707 448 210 35 PEKCEVA
930 456 21 25 L
981 446 128 34 moved
1135 457 46 24 an
1200 445 254 40 Amendment,
1476 443 83 37 that

215 511 70 35 the
300 506 107 38 word
437 517 78 24 now
531 506 46 34 he
593 504 171 35 omitted.
819 506 73 33 Mr.
918 504 209 34 PERCIVA.
1137 502 53 35 es
1212 501 240 38 Amendment
1479 509 78 25 was

216 567 154 37 earried
386 566 52 44 by
456 573 25 25 a
494 562 180 47 majority
699 562 44 34 of
751 561 72 35 235
841 567 41 30 to
906 561 79 35 112.
1043 557 97 38 Lord
1176 559 293 35 FOLKESTONE
1496 554 65 37 has

219 625 113 46 given
359 621 126 35 notice
509 619 44 37 of
576 618 56 35 his
657 619 178 35 intention
861 622 40 31 to
930 617 112 37 make
1067 625 99 25 some
1187 615 144 35 further
1355 618 208 31 statements

221 679 215 46 respecting
449 677 58 34 his
519 676 126 45 Royal
664 674 203 46 Highness,
892 685 47 24 on
958 676 61 33 the
1039 672 87 38 11th
1146 672 41 35 of
1199 676 91 31 next
1305 669 141 39 month.

272 738 57 35 As
344 733 61 38 far
417 746 40 25 as
478 735 31 35 it
523 744 76 25 aas
614 733 163 46 possible
791 738 38 30 to
847 731 184 40 ascertain
1048 731 60 34 the
1121 729 126 48 public
1264 729 156 45 opinion
1429 737 44 25 on
1491 725 74 35 this

223 800 233 32 momentous
471 791 187 46 goestinn,
677 791 31 34 it
723 790 142 37 seemed
885 795 39 30 to
943 788 182 43 coincide,
1141 793 40 30 at
1194 787 107 40 least,
1317 787 37 35 in
1365 784 64 38 the
1446 793 119 26 neces-

224 853 76 45 sity
320 853 38 33 in
378 848 125 37 which
520 849 63 34 the
600 848 132 40 DuliZ
746 848 43 38 of
801 846 137 40 YORK
953 856 76 27 wai
1037 844 133 47 placed
1191 849 38 30 to
1240 852 177 26 renounce
1429 841 54 37 his
1496 852 47 34 ap-

228 909 211 48 pointment
449 906 45 37 of
502 905 247 38 Commander
762 905 34 38 in
808 904 123 41 chief.
952 904 198 34 Whatever
1165 902 132 43 maybe
1307 900 63 35 the
1380 899 190 35 sentiment

229 969 46 39 of
292 966 53 34 his
363 965 97 46 guilt
477 961 72 37 and
567 963 210 41 innocence,
802 961 65 34 the
886 961 150 45 feeling,
1058 969 56 26 we
1134 958 77 37 will
1232 958 76 34 risk
1328 961 41 30 to
1383 966 84 35 say,
1498 960 73 28 was

229 1022 168 51 general,
425 1020 85 39 that
537 1019 56 39 his
613 1018 126 48 Royal
768 1018 183 45 Highness
971 1016 70 40 had
1056 1017 106 45 given
1181 1015 126 45 proofs
1323 1012 46 35 of
1383 1012 188 35 weakness

230 1080 74 38 and
324 1078 366 40 inconsiderateness,
725 1082 38 30 to
787 1074 117 47 speak
924 1072 45 39 of
992 1074 74 37 him
1082 1083 41 25 as
1141 1071 167 45 tenderly
1324 1080 43 26 as
1398 1067 175 47 possible,

234 1137 130 39 which
390 1134 237 50 disqualified
659 1134 76 34 him
762 1131 60 37 for
860 1142 48 26 an
944 1131 105 34 office
1085 1129 44 34 of
1153 1128 85 38 such
1264 1131 106 40 great
1396 1124 180 46 respotisi,

233 1196 133 41 bility.
417 1194 57 35 As
488 1198 39 30 to
540 1192 57 35 his
612 1191 171 45 military
795 1191 132 34 talents
948 1199 54 25 we
1024 1187 77 35 will
1113 1196 63 33 say
1189 1185 98 38 little
1304 1183 148 44 ;-..they
1467 1191 109 26 never

235 1250 194 51 produced
456 1259 25 26 a
495 1248 117 46 single
628 1248 172 35 brilliant
816 1248 210 41 advantage
1044 1250 40 31 to
1103 1243 56 37 his
1175 1248 168 37 country.
1397 1239 51 35 As
1463 1246 35 27 to
1515 1238 63 34 the

234 1310 163 37 services
410 1307 47 34 he
475 1316 86 37 may
580 1306 96 37 have
703 1304 175 35 rendered
893 1304 37 33 in
951 1302 57 34 his
1033 1298 178 48 capacity
1226 1297 44 35 of
1283 1296 242 44 commander
1543 1294 37 34 in

242 1367 250 43 Chief;--we
522 1362 125 39 would
683 1362 47 34 he
745 1361 64 35 the
840 1359 72 35 last
946 1368 149 38 persons
1126 1358 34 33 in
1174 1355 191 38 esistence
1382 1361 39 28 to
1437 1354 144 34 detract

240 1424 99 35 from
353 1423 118 41 them,
496 1420 124 37 either
638 1419 98 37 from
751 1422 112 43 party
882 1416 174 41 motives,
1081 1424 48 25 or
1143 1413 156 46 private-
1311 1410 195 45 malignity
1524 1422 61 30 ;

242 1483 70 33 but
325 1482 31 34 it
374 1481 31 35 is
423 1478 219 46 impossible
661 1482 41 28 to
722 1476 142 45 impute
880 1480 39 30 to
937 1474 54 34 his
1011 1472 116 46 single
1141 1470 208 40 exertions,
1364 1467 158 44 activity
1541 1475 46 25 or

240 1539 235 50 patriotism,
501 1545 71 35 any
604 1533 263 35 amelioration
902 1530 126 35 which
1049 1538 85 35 may
1154 1527 97 34 have
1279 1525 115 34 taken
1424 1525 107 44 place
1551 1524 35 32 in

243 1596 65 37 the
327 1596 170 48 militpry
513 1593 249 44 department.
813 1589 93 35 This
921 1585 278 39 amelioration,
1213 1581 145 41 should,
1380 1580 89 34 with
1487 1590 103 25 more

242 1652 221 52 propriety,
491 1651 44 33 be
553 1646 209 37 attributed
777 1650 39 31 to
834 1645 65 35 the
915 1645 188 41 menacing
1121 1641 70 35 and
1208 1639 270 43 accumulating
1499 1636 69 37 dan-

242 1720 85 38 gers
345 1709 44 35 of
410 1719 71 25 our
507 1706 178 35 situation
698 1703 169 45 ;They
886 1711 102 26 were
1011 1711 38 25 so
1070 1704 126 40 urgent
1212 1709 39 26 as
1270 1703 38 30 to
1331 1696 53 34 fix
1401 1706 25 26 a
1443 1706 89 27 mass
1552 1693 44 34 of

247 1769 138 34 talents
403 1766 71 35 and
488 1765 187 37 attention
692 1773 44 24 on
755 1762 83 34 that
849 1761 246 45 department,

299 1825 92 34 This
410 1822 200 35 collection
638 1820 44 35 of
707 1830 119 25 means
857 1817 70 37 and
961 1814 220 46 knowledge
1213 1811 71 38 and
1311 1811 285 35 circumstances

249 1887 98 39 must
376 1879 222 44 necessarily
619 1878 97 34 have
728 1874 178 46 operated
919 1871 240 45 beneficially
1176 1880 46 24 on
1243 1869 61 34 the
1320 1877 106 32 army
1441 1878 11 30 ;
1478 1865 71 33 and
1567 1863 30 34 it

253 1939 66 34 has
332 1941 169 43 become,
519 1946 25 24 w
556 1936 63 33 hat
639 1935 31 33 it
686 1944 81 24 now
788 1932 46 41 is,
847 1931 64 34 the
925 1937 120 27 terror
1062 1928 44 34 of
1114 1938 71 25 our
1199 1935 148 34 enemy,
1365 1923 70 34 and
1453 1922 63 35 the
1532 1920 44 33 ad-

253 1995 180 37 miration
450 1993 45 35 of
509 2003 113 33 every
641 2002 85 24 man
746 1989 85 34 who
855 1989 63 32 has
932 1985 221 44 attentively
1170 1982 198 37 examined
1388 1980 47 34 its
1453 1976 128 46 organi-

255 2053 145 41 zation.
443 2048 226 44 Therefore,
686 2057 59 26 we
762 2056 64 26 are
843 2044 59 35 far
915 2044 96 38 from
1031 2042 174 43 thinking
1224 2041 79 37 that
1322 2037 109 35 other
1448 2036 152 34 Officers

253 2120 66 25 are
338 2114 79 37 not,
442 2113 40 30 at
514 2108 106 40 least,
647 2117 41 24 as
717 2105 94 45 fully
847 2107 214 41 competent
1095 2106 37 30 to
1167 2098 56 38 fill
1250 2108 40 22 so
1326 2096 203 44 important
1554 2102 46 24 an

254 2169 106 34 office
387 2176 43 26 as
462 2165 56 35 his
547 2164 124 44 Royal
693 2161 181 44 Highness
892 2171 12 30 ;
932 2169 45 25 or
1009 2158 80 39 that
1114 2166 72 34 any
1206 2153 210 35 relaxation
1446 2150 41 34 of
1519 2148 81 33 zeal

255 2236 45 24 or
319 2223 201 46 discipline
535 2220 79 34 will
632 2220 45 40 be
694 2223 185 43 apparent
892 2228 84 24 now
990 2215 80 34 that
1088 2215 64 33 the
1180 2212 60 34 1)t:
1251 2220 56 26 ter,
1326 2209 43 35 of
1382 2207 137 41 YORK
1539 2206 64 33 has

254 2281 152 46 yielded
435 2287 39 27 to
507 2280 63 34 the
604 2278 217 34 unanimous
853 2272 107 35 voice
989 2271 45 34 of
1058 2270 63 34 the
1153 2268 150 35 Public.
1367 2264 80 34 The
1478 2261 106 37 crimi-

256 2339 63 35 nal
358 2337 191 34 weakness
579 2337 45 33 he
652 2330 197 47 displayed
880 2329 131 41 during
1041 2327 56 34 his
1121 2323 217 37 connection
1372 2321 94 35 with
1508 2320 93 33 Mrs.

262 2395 194 34 CLARKE
483 2392 176 37 rendered
696 2389 57 34 his
782 2385 228 45 resignation
1041 2388 63 28 not
1134 2382 85 41 only
1250 2382 125 40 urgent
1407 2378 63 33 but
1493 2375 93 34 indis-

260 2452 170 47 pensible
443 2463 13 30 ;
501 2448 71 37 and
620 2459 57 22 we
707 2456 64 26 are
806 2444 132 45 happy
971 2445 39 31 to
1054 2439 172 50 perceive
1254 2435 81 35 that
1369 2434 64 34 the
1473 2433 131 35 DUKE

263 2507 67 35 has
347 2507 193 46 complied
560 2506 93 34 with
665 2503 15 35 -
680 2503 65 35 this
774 2499 197 44 necessity.

313 2567 39 33 It
371 2567 31 33 is
419 2564 219 47 impossible
654 2567 64 30 not
744 2564 40 30 to
808 2558 135 34 advert
959 2567 50 22 on
1024 2554 73 38 this
1103 2551 20 38 -
1123 2551 167 38 occasion
1306 2555 39 31 to
1363 2549 64 35 the
1443 2546 141 45 enlight-

266 2624 93 34 ened
390 2622 202 48 principles
624 2619 46 38 of
691 2627 67 28 our
787 2613 259 43 constitution,
1070 2611 126 33 which
1225 2609 135 35 enable
1389 2606 64 34 the
1480 2604 128 46 public

268 2681 159 54 opinion
458 2685 40 30 to
530 2678 170 35 exercise
718 2686 25 27 a
763 2672 170 38 controul
957 2680 40 25 so
1023 2668 197 35 beneficial
1238 2666 71 37 and
1328 2665 174 40 decisive,
1519 2670 91 26 over

267 2739 66 38 the
359 2743 165 30 servants
541 2735 44 34 of
606 2735 64 33 the
686 2737 111 32 state.
847 2730 84 34 The
959 2726 128 46 public
1108 2725 198 44 judgment
1335 2733 84 32 may
1442 2730 72 32 err,
1545 2719 65 34 but

267 2796 65 35 the
348 2794 132 46 public
493 2794 146 45 feeling
658 2799 111 28 never
783 2800 12 30 ;
821 2787 72 34 and
912 2784 144 44 though
1074 2794 24 24 a
1110 2789 105 39 great
1234 2792 90 22 mass
1338 2778 45 35 of
1395 2778 60 34 the
1473 2776 137 46 people

270 2864 87 33 may
386 2854 94 32 have
500 2852 90 37 peen
620 2849 253 43 incompetent
900 2848 40 31 to
959 2841 149 37 unravel
1129 2839 64 34 the
1213 2836 227 48 perplexing
1463 2844 91 24 mass
1571 2831 46 35 of

270 2910 177 34 evidence
477 2907 78 37 laid
581 2906 130 34 before
737 2903 64 35 the
819 2901 128 38 House
959 2897 46 35 of
1022 2898 211 39 Commons,
1259 2894 71 34 and
1343 2891 269 39 discriminate,

274 2967 96 34 with
390 2967 63 33 the
478 2974 91 25 over
586 2963 83 34 nice
685 2957 211 38 distinction
925 2955 45 35 of
986 2955 63 34 the
1067 2954 81 40 bar,
1167 2954 169 32 between
1359 2947 167 46 specious
1541 2944 70 35 and

274 3030 165 45 positive
456 3027 123 45 wilt;
607 3024 105 34 there
730 3031 77 26 was
823 3026 61 30 not
904 3030 24 22 a
941 3017 113 45 single
1075 3013 202 35 individual
1297 3011 45 35 of
1352 3011 78 35 that
1448 3008 165 39 number,

278 3087 180 33 however
474 3081 145 38 limited
646 3081 58 33 his
717 3077 228 38 intellectual
959 3085 115 30 bense,
1091 3073 81 34 that
1193 3071 73 35 had
1303 3074 66 30 not
1385 3069 116 33 moral
1518 3076 99 24 sense

275 3143 149 46 enough
455 3146 39 30 to
522 3138 188 48 perceive,
738 3137 83 34 that
850 3133 61 34 the
933 3132 129 34 writer
1078 3130 46 34 of
1147 3128 65 34 the
1424 3125 126 32 letters
1577 3128 40 26 to

280 3202 92 34 Mrs.
390 3200 190 34 CL4ELKE
609 3207 76 25 was
704 3200 60 30 not
782 3204 24 22 a
824 3191 40 34 fit
881 3198 135 38 person
1035 3194 37 28 to
1088 3188 46 33 be
1149 3184 178 35 intrusted
1343 3180 91 38 with
1450 3191 44 22 an
1514 3178 103 34 office

280 3257 44 37 of
338 3256 89 46 high
448 3253 296 48 responsibility.

332 3314 35 37 It
405 3315 30 33 is
452 3324 41 25 as
517 3311 155 37 difficult
692 3314 40 30 to
750 3315 84 39 pass
849 3315 90 25 over
971 3302 65 35 the
1052 3301 141 44 manly,
1218 3298 99 39 firm,
1343 3295 70 35 and
1440 3294 183 47 patriotic
1638 3294 1 61 i

281 3373 158 34 conduct
458 3370 45 34 of
520 3369 73 35 Mr.
617 3367 220 39 WARDLE,
866 3364 85 34 who
971 3360 159 44 brought
1147 3356 164 37 forward
1341 3356 98 32 these
1457 3352 165 43 ch:lrges,

285 3429 115 35 under
435 3426 210 37 difficulties
664 3422 69 37 and
755 3431 177 30 menaces,
961 3416 120 38 which
1101 3415 154 38 induced
1271 3424 24 22 a
1312 3412 148 34 number
1480 3409 45 33 or
1541 3418 61 33 per-

285 3500 99 31 sons,
403 3488 87 37 who
509 3485 175 37 admired
710 3484 57 34 his
801 3482 174 39 conduct,
1004 3483 39 30 to
1062 3476 146 38 tremble
1225 3481 39 28 at
1284 3475 63 33 the
1365 3472 261 43 consequeoces

286 3547 46 35 of
345 3548 56 34 his
420 3548 99 41 zeal,
539 3544 197 46 integrity,
749 3540 72 35 and
841 3536 228 48 patriotism.
1127 3536 34 33 It
1198 3533 124 35 would
1356 3531 129 40 betray
1496 3539 24 24 a
1539 3539 67 32 pro-

288 3604 115 35 found
425 3604 194 45 ignorance
638 3600 45 35 of
690 3609 66 25 our
774 3596 161 44 history,
946 3605 40 24 as
1004 3591 45 38 of
1061 3592 61 34 the
1134 3591 130 35 abuses
1279 3587 234 45 inseparable
1531 3583 97 34 from

291 3671 149 38 power,
456 3666 39 30 to
515 3658 182 41 overlook
717 3656 63 35 the
797 3654 209 44 important
1017 3650 223 44 advantages
1251 3646 64 35 the
1330 3645 137 45 people
1476 3640 154 47 acquire

291 3722 94 34 from
403 3720 135 46 having
548 3731 25 24 a
589 3729 85 25 man
687 3717 45 35 of
741 3717 54 34 his
809 3711 262 43 ivaexibility,
1083 3709 69 34 and
1169 3716 172 35 courage,
1356 3705 35 34 in
1406 3704 59 34 the
1480 3703 150 35 number

292 3778 44 33 of
351 3780 97 33 their
476 3775 324 50 representatives.
842 3771 58 34 He
921 3770 64 33 has
1004 3767 151 34 merited
1175 3765 38 33 in
1241 3775 24 24 a
1291 3762 69 35 full
1388 3769 162 26 measure
1566 3758 65 34 the

293 3835 137 34 thanks
465 3834 44 35 of
540 3834 56 34 his
628 3839 157 37 country
803 3842 13 30 ;
848 3827 71 37 and
951 3835 58 25 we
1035 3834 66 24 are
1134 3821 130 45 happy
1296 3826 38 27 to
1365 3817 169 46 perceive
1551 3815 80 34 that

294 3892 65 34 the
377 3892 157 34 citizens
552 3888 41 35 of
607 3888 250 43 Canterbury,
888 3885 96 33 have
1002 3879 106 37 voted
1129 3879 74 33 him
1224 3878 61 33 the
1300 3875 162 34 freedom
1480 3873 43 35 of
1535 3872 99 35 their

419 3945 268 48 accompanied
719 3944 91 34 with
846 3941 99 34 their
964 3937 135 37 thanks
1128 3935 59 33 for
1206 3933 63 35 the
1286 3943 149 25 manner
1453 3932 33 33 in
1509 3928 122 34 which

295 4006 45 33 he
353 4006 203 34 conducted
573 4005 60 34 the
648 4002 240 48 proceedings
902 4007 45 25 on
961 3996 61 34 the
1036 3994 155 43 charges
1202 3991 143 43 against
1358 3990 61 34 the
1433 3989 73 33 late
1524 3989 106 33 Com

299 4064 151 34 wander
467 4063 34 34 in
517 4059 128 39 Chief.
664 4061 81 35 The
758 4058 118 35 Cities
893 4054 45 35 of
951 4054 175 43 Glasgow
1140 4049 69 35 and
1225 4046 206 37 Rochester
1447 4045 91 34 have
1552 4054 64 24 con-

299 4123 112 34 vened
428 4123 174 45 meetings
613 4119 60 37 fur
687 4119 61 33 the
762 4126 98 25 same
876 4109 180 50 patriotic
1072 4116 159 38 purpose
1251 4117 8 27 ;
1292 4103 72 35 and
1382 4113 56 25 we
1454 4107 91 31 trust
1564 4098 73 35 this

299 4178 234 35 hoLourable
553 4175 180 47 example
745 4172 77 37 will
839 4172 46 33 be
898 4165 177 39 followed
1087 4166 48 44 by
1147 4172 113 34 every
1277 4161 110 34 other
1397 4157 240 47 corporation

299 4235 37 39 iu
348 4235 61 37 the
430 4235 136 39 United
583 4232 200 47 Kingdom.
795 4227 87 38 This
895 4226 30 35 is
940 4225 60 37 the
1013 4224 112 35 fittest
1139 4228 239 38 recompance
1391 4217 58 37 for
1460 4226 79 25 men
1553 4226 28 25 w
1591 4213 47 35 ho

2829 104 93 50 201

1617 253 128 34 render
1775 249 269 46 distinguished
2074 247 155 33 services
2258 253 37 25 to
2329 244 98 34 their
2458 252 151 34 country
2627 241 96 40 ;it
2751 240 195 33 resembles

1617 309 64 33 the
1696 308 97 35 civic
1806 317 145 31 crown,
1975 304 64 34 the
2055 304 118 33 laurel
2191 300 156 43 branch,
2360 299 190 35 conferred
2567 299 47 44 by
2634 296 61 33 the
2709 295 167 34 ancients
2897 302 50 26 0Q

1618 365 97 35 their
1742 364 236 37 benefactors
1993 361 72 34 and
2099 360 143 34 heroes.
2295 359 31 32 A
2355 356 272 35 remuneration
2647 363 34 26 in
2702 361 129 32 money
2867 358 80 26 was

1619 425 156 47 thought
1807 422 48 37 of
1884 422 107 37 when
2026 420 63 34 the
2113 418 190 35 exertions
2321 416 44 34 of
2387 415 226 37 individuals
2640 413 132 33 tended
2791 419 98 26 more
2907 413 40 28 to

1623 487 167 40 promote
1804 480 65 37 the
1886 480 120 37 views
2023 477 44 34 of
2080 478 61 33 the
2160 476 151 41 Prince,
2339 474 90 35 than
2457 472 61 33 the
2536 472 167 39 interests
2719 469 43 34 of
2772 469 154 33 thecom-

1623 540 154 44 munity.

1669 593 60 35 Sir
1763 592 155 38 DAVID
1955 591 184 38 DUNDAS
2165 598 77 26 was
2276 586 210 48 presented,
2504 596 46 25 on
2582 582 233 45 Wednesday
2832 586 37 30 to
2895 579 58 35 his

1625 648 211 39 MAJESTY
1872 654 44 30 at
1948 647 64 35 the
2044 648 135 40 Levee,
2206 656 99 35 upon
2334 645 189 43 receiving
2556 643 54 33 his
2629 643 259 43 appointment
2914 646 44 25 as

1628 704 246 39 Commander
1890 704 38 37 in
1943 703 123 44 Chief,
2089 703 71 34 and
2181 712 73 25 was
2284 712 122 22 sworn
2422 702 35 32 iu
2476 711 22 22 a
2517 698 163 34 member
2695 694 45 33 of
2757 694 61 33 the
2841 693 115 44 Privy

1630 762 169 39 Conseil.
1852 763 61 35 He
1930 763 31 33 is
1975 772 25 24 a
2017 762 117 34 brave
2145 759 67 35 and
2231 758 237 34 meritorious
2487 757 133 34 Officer
2636 767 11 27 ;
2674 754 67 32 but
2760 761 57 25 me
2835 750 124 35 would

1630 821 125 35 rather
1781 829 64 26 see
1858 820 76 34 this
1951 820 204 44 important
2172 816 116 35 Office
2307 815 188 34 entrusted
2525 819 37 27 to
2576 823 21 22 a
2627 810 174 43 Military
2823 807 136 41 Board,

1630 888 47 25 nu
1707 888 26 24 a
1760 878 91 46 plan
1881 873 209 40 somewhat
2121 873 144 35 similar
2285 878 39 30 to
2354 870 84 35 that
2469 870 43 34 of
2525 870 61 33 the
2616 867 128 37 Board
2771 865 44 35 of
2829 865 112 34 idnxi-

1630 935 118 44 rnity,

1688 1046 156 40 Letters
1859 1044 123 41 dated
1998 1042 164 43 the2tst
2181 1041 90 40 inst.
2290 1041 104 39 have
2414 1041 103 39 been
2537 1033 183 45 received
2743 1033 106 39 from
2864 1030 83 52 Ifol-

1636 1098 109 44 land.
1804 1098 115 52 They
1937 1097 52 41 do
2003 1102 74 34 not
2094 1095 263 40 corroborate
2378 1093 69 39 the
2467 1093 187 52 previous
2675 1093 208 38 accounts,
2903 1098 43 26 re-

1636 1150 138 40 ceived
1802 1150 180 53 through
2004 1150 67 38 the
2096 1161 106 26 same
2233 1146 187 45 channel,
2441 1147 47 37 of
2503 1142 213 41 hostilities
2737 1139 148 52 baying
2901 1152 45 26 ac-

1638 1204 126 52 tually
1785 1204 261 40 commenced
2078 1201 177 39 between
2276 1200 162 43 Austria
2470 1196 73 39 and
2569 1199 165 37 France.
2793 1194 85 35 The
2895 1202 52 26 ex-

1641 1261 126 37 treme
1786 1256 168 41 caution
1972 1256 93 52 they
2091 1253 167 41 observe
2277 1253 37 35 in
2333 1250 213 52 adverting
2565 1256 43 32 to
2621 1247 69 39 the
2711 1254 262 31 occurrences

1642 1323 40 26 in
1701 1310 206 52 Germany
1928 1309 31 38 is
1976 1320 25 26 a
2033 1307 125 52 proof
2183 1304 47 39 of
2256 1303 70 40 the
2346 1305 190 50 rigorous
2562 1299 261 54 precautions
2843 1294 130 39 which

1644 1363 100 47 have
1763 1362 102 39 been
1893 1359 172 52 adopted
2086 1364 44 34 to
2146 1362 168 50 prevent
2334 1354 253 53 intelligence
2606 1352 47 39 of
2667 1352 71 40 the
2771 1348 80 41 real
2868 1352 105 33 state

1645 1415 50 39 of
1708 1416 87 38 that
1824 1419 171 47 country
2035 1411 122 53 being
2185 1408 254 40 transmitted
2472 1413 43 34 to
2537 1406 90 39 this.
2688 1406 56 54 By
2767 1417 24 24 a
2810 1413 142 40 carmpa-

1648 1469 105 39 thon
1789 1467 52 39 of
1877 1466 105 40 their
2014 1468 196 40 contents,
2242 1463 69 38 the
2337 1460 207 51 following
2577 1456 259 54 particulars:
2861 1466 112 39 may,

1649 1521 202 44 however,
1880 1519 51 39 be
1950 1517 194 41 collected
2164 1513 74 41 and
2261 1513 119 41 relied
2399 1512 204 44 on,The
2619 1509 191 39 Austrian
2830 1506 148 40 armies

1650 1586 71 28 are
1753 1570 242 53 universally
2021 1571 38 38 in
2099 1569 154 43 motion
2270 1583 12 31 ;
2309 1565 78 39 and
2415 1577 69 28 are
2516 1564 63 38 far
2597 1576 113 27 more
2740 1570 233 40 numerous,

1649 1625 259 45 formidable,
1951 1623 74 39 and
2061 1624 128 37 better
2218 1618 234 54 organised,
2484 1615 96 53 than
2614 1615 91 52 they
2734 1613 104 52 have
2875 1612 102 38 been

1651 1678 253 53 represented
1945 1677 38 38 in
2020 1676 71 41 the
2139 1685 142 43 papers
2317 1671 126 46 under
2478 1669 67 48 the
2591 1665 190 41 controul
2823 1663 47 40 of
2902 1664 76 38 the

1652 1736 150 48 tyrant.
1880 1730 112 50 They
2029 1728 104 39 have
2170 1726 158 39 arrived
2380 1722 143 40 before
2569 1733 105 32 now,
2725 1717 136 53 amply
2895 1715 84 48 and

1655 1785 130 39 better
1833 1781 183 54 supplied
2066 1780 94 39 than
2210 1779 39 38 in
2288 1791 77 39 any
2404 1775 154 39 former
2601 1772 233 51 campaign,
2876 1767 102 41 with

1655 1850 118 39 every
1830 1835 142 40 article
2016 1831 180 41 essential
2246 1837 44 32 to
2326 1843 24 28 a
2387 1828 195 51 vigorous
2627 1822 253 54 prosecution
2929 1820 51 39 of

1669 1889 223 45 ilostilities,
1923 1894 40 32 at
1997 1886 105 39 their
2132 1884 217 52 respectise
2386 1881 131 52 places
2536 1878 48 39 of
2610 1878 257 43 desteettion,
2901 1873 83 39 and

1659 1944 100 39 have
1796 1941 196 53 probably
2026 1938 197 40 sustained
2261 1935 162 51 already
2453 1932 69 38 the
2554 1931 84 39 first
2668 1928 130 40 shock
2817 1928 58 45 ..of
2909 1926 74 39 the

1658 2008 158 37 enemy.
1891 1996 87 37 Tne
2007 1990 248 40 nomination
2282 1988 48 39 of
2357 1987 70 39 the
2458 1983 217 40 Archduke
2693 1982 71 38 CH
2776 1993 122 26 ARLES
2936 1984 47 32 to

1662 2050 66 38 the
1747 2046 112 43 chief
1873 2046 76 39 and
1971 2041 287 43 uncontrouled
2275 2039 214 40 command
2518 2036 50 38 of
2595 2035 67 39 the
2685 2035 217 51 respective
2922 2044 45 24 ar-

1664 2104 111 40 mies,
1793 2101 72 38 has
1881 2096 198 56 produced
2099 2095 65 38 the
2184 2094 156 52 highest.
2353 2091 239 41 confidence
2607 2091 35 34 in
2662 2087 70 37 the
2751 2086 137 38 ()Thee,.
2908 2083 80 39 and

1663 2153 159 46 soldier,
1844 2151 76 40 and
1935 2148 163 41 diffused
2112 2159 145 39 among;
2276 2157 118 39 every
2412 2144 102 38 cias3
2532 2141 48 38 of
2587 2140 190 40 Austrian
2798 2138 190 50 subjects,

1662 2207 71 39 the
1760 2210 105 34 most
1881 2203 191 52 sanguine
2089 2202 120 53 hopes
2229 2198 46 38 of
2289 2210 165 26 success.
2517 2196 58 37 Ile
2602 2193 132 51 places
2758 2189 159 39 nimseif
2942 2192 45 34 at

1662 2261 70 39 the
1746 2258 105 40 head
1871 2256 50 41 of
1943 2256 87 40 that
2057 2254 111 39 force
2185 2252 201 38 wherever
2406 2250 26 37 it
2463 2259 90 39 may
2577 2246 63 44 be,
2669 2244 128 38 which
2819 2242 94 38 shalt
2935 2241 54 39 be

1664 2311 176 53 opposed
1860 2315 44 34 to
1919 2309 87 44 that
2022 2303 263 43 commanded
2307 2304 48 50 by
2376 2306 9 27 R
2387 2316 72 24 -ON
2470 2314 78 25 APA
2558 2314 79 22 RTE.
2722 2308 156 38 rrson.
2900 2293 93 39 The

1665 2366 157 51 highest
1837 2359 222 52 unanimity
2080 2357 170 52 prevails
2268 2356 37 37 in
2317 2367 119 39 every
2454 2352 191 52 province
2660 2352 41 33 of
2717 2347 178 44 Austria,
2909 2343 84 43 and

1665 2431 24 27 a
1716 2414 181 41 cheerful
1932 2412 236 41 submission
2199 2413 44 34 to
2267 2408 66 38 the
2353 2417 220 31 measures,
2593 2400 201 54 proposed
2830 2399 48 51 by
2915 2409 52 40 go-

1667 2474 213 35 vernment
1898 2467 40 38 in
1956 2465 78 40 this
2049 2465 221 50 important
2283 2461 208 50 juncture,
2510 2454 287 53 distinguish's
2812 2452 65 37 the
2895 2461 74 27 con-

1668 2524 93 38 duct
1776 2520 48 39 of
1838 2520 72 39 the
1924 2522 180 51 peasant,
2134 2529 41 25 as
2194 2513 87 40 well
2302 2526 43 26 as
2376 2512 93 38 that
2500 2507 48 39 of
2563 2507 70 39 the
2670 2505 226 41 Nobleman
2914 2502 79 39 and

1669 2574 228 43 Merchant.
1954 2571 86 39 The
2073 2568 143 39 militia
2245 2565 141 40 evince
2406 2578 40 24 as
2469 2561 117 39 much
2608 2559 85 39 zeal
2724 2559 77 38 :cud
2823 2556 170 47 alacrity

1669 2643 43 26 as
1743 2628 69 39 the
1833 2624 162 53 regular
2013 2634 141 39 corps;
2184 2619 77 40 and
2293 2619 69 38 the
2401 2614 270 52 Ilungari:ms,
2700 2626 45 25 so
2779 2608 109 41 often
2924 2607 74 40 the

1672 2688 145 35 terror,
1848 2678 74 39 and
1945 2678 38 38 in
2020 2688 22 26 a
2062 2675 110 39 crisis
2200 2672 146 39 almost
2366 2668 157 53 equally
2559 2667 246 48 dangerous,
2836 2662 64 40 the
2921 2661 78 38 last

1672 2748 98 39 prop
1806 2731 51 40 of
1881 2731 70 39 the
1991 2730 178 51 Empire,
2197 2724 150 52 display
2370 2735 44 26 as
2444 2720 118 39 much
2583 2719 154 38 ardour
2751 2730 52 25 on
2824 2715 66 38 the
2907 2727 63 37 re-

1671 2791 87 35 sent
1793 2786 206 41 occasion,
2028 2794 41 26 as
2088 2780 92 50 they
2210 2777 66 40 did
2300 2777 38 38 in
2373 2776 92 39 that
2486 2770 248 41 memorable
2763 2781 93 31 one,
2885 2769 119 35 sslien

1675 2841 91 51 they
1782 2836 167 53 stepped
1972 2833 172 39 forward
2169 2837 39 32 to
2228 2833 170 47 support
2418 2828 69 38 the
2517 2824 123 51 rights
2660 2822 48 38 of
2722 2825 148 35 Mattis
2888 2820 87 37 THE-

1677 2908 98 24 RESA
1798 2891 158 51 against
1987 2888 69 39 the
2092 2883 133 43 united
2243 2885 141 35 efforts
2404 2880 47 39 of
2472 2880 167 43 France,
2669 2874 176 45 Prussia,
2876 2871 125 53 Spain

1675 2946 76 38 and
1776 2948 122 35 Bavat
1911 2943 51 38 ia.

1726 2998 86 38 The
1832 2994 207 51 following
2057 2991 104 39 facts
2174 3002 92 39 may
2289 2986 178 40 likewise
2481 2986 48 38 be
2549 2982 119 39 relied
2685 2994 69 26 on.
2815 2980 31 38 A
2863 2981 145 47 strong

1680 3048 285 41 :ermentation
1981 3048 123 35 exists
2120 3045 37 37 in
2173 3040 145 53 Tyrol;
2348 3038 77 40 and
2445 3040 107 37 these
2569 3037 124 38 brave
2711 3031 304 41 Mountaineets

1678 3104 102 38 have
1799 3100 206 41 exhibited
2039 3098 94 38 such
2158 3094 133 39 marks
2311 3092 46 39 of
2386 3091 247 40 disaffection
2654 3093 45 34 to
2720 3087 72 38 the
2813 3083 200 41 Bavarian

1681 3157 291 40 Government,
2008 3152 93 37 that
2120 3150 66 37 the
2204 3154 157 37 greater
2382 3149 94 48 part
2496 3143 47 38 of
2557 3142 69 39 the
2649 3141 54 39 BA
2713 3139 138 39 varian
2874 3142 143 46 troops

1682 3210 70 38 has
1780 3209 102 37 been
1920 3203 181 44 ordered,
2141 3201 120 38 muter
2304 3203 131 35 Baron
2478 3198 85 37 Vos
2601 3195 185 43 WnEosl,
2836 3196 41 33 to
2908 3189 109 51 keep

1684 3262 106 39 them
1811 3260 39 39 in
1871 3272 100 25 awe.
2029 3256 255 41 Sentiments,
2304 3249 159 53 equally
2487 3248 170 39 fevourn
2668 3244 63 39 We
2752 3252 45 33 to
2817 3243 66 40 the
2895 3254 123 26 cause

1684 3314 48 40 of
1750 3313 161 40 Austria
1931 3312 30 38 is
1980 3309 124 52 going
2118 3313 43 32 to
2178 3306 169 39 contend
2372 3304 78 44 for,
2484 3315 69 25 are
2569 3296 256 46 manifested,
2858 3291 161 56 though

1684 3372 72 35 not
1788 3380 44 25 so
1854 3361 162 57 openly,
2046 3363 53 52 by
2138 3358 50 40 all
2224 3358 70 39 the
2331 3361 126 34 States
2494 3356 90 37 that
2621 3356 103 35 have
2760 3347 260 51 volitatarily

1685 3419 182 44 entered,
1918 3430 46 26 or
2002 3417 99 37 been
2137 3416 172 46 presse4
2366 3411 85 35 into
2487 3407 70 39 the
2596 3403 184 43 Rhenish
2819 3400 180 41 Confede-

1689 3485 107 40 racy.
1857 3470 86 40 The
1972 3467 197 40 desertion
2192 3465 106 37 from
2321 3462 67 38 the
2412 3461 197 39 Bavarian
2627 3457 79 40 and
2731 3454 294 51 Wurtemberg

1689 3531 142 46 troops
1846 3536 78 25 was
1938 3536 43 26 so
1995 3517 215 46 universal,
2223 3519 85 38 that
2329 3516 30 38 it
2373 3528 78 25 was
2466 3513 122 39 foutvi
2604 3511 235 53 expedient,
2851 3507 178 40 towards

1689 3578 69 39 the
1773 3578 77 39 end
1865 3575 50 39 of
1930 3574 71 39 last
2015 3572 157 45 month,
2192 3576 43 32 to
2252 3581 167 27 remove
2438 3567 111 38 them
2564 3570 44 34 to
2628 3578 25 26 a
2672 3569 164 44 greater
2846 3561 183 40 distance

1690 3630 105 40 from
1818 3630 69 39 the
1906 3630 188 38 Austrian
2114 3622 224 40 frontiers.'
2376 3621 89 39 The
2485 3618 285 52 co-operation
2792 3614 48 39 of
2867 3617 164 47 Saxony

1694 3684 37 39 in
1752 3684 78 38 this
1860 3681 219 47 iniquitous
2099 3676 244 53 aggression,
2374 3676 31 38 is
2425 3678 70 34 not
2516 3671 91 41 only
2630 3667 195 43 doelkful
2846 3669 70 39 but
2933 3677 99 40 may

1693 3736 48 40 be
1755 3733 142 41 denied
1917 3732 91 40 with
2026 3731 144 50 safety.
2228 3729 104 44 And,
2354 3726 37 39 if
2404 3741 54 24 we
2472 3725 97 39 take
2588 3725 71 39 the
2673 3722 130 41 raoral
2820 3720 214 39 character

1695 3789 46 39 of
1754 3790 71 38 the
1845 3785 234 52 Sovereign,
2109 3785 70 37 the
2209 3781 169 51 feelings
2399 3780 48 39 of
2464 3780 67 39 the
2551 3780 156 38 Saxo,is
2726 3775 78 40 and
2828 3775 65 38 the
2913 3772 98 51 long-

1694 3840 242 43 established
1975 3836 137 52 family
2138 3835 169 39 alliance
2344 3835 178 37 between
2559 3831 74 38 the
2660 3836 83 34 twa
2764 3834 150 35 courts,
2946 3827 90 38 into

1696 3891 315 46 consideration,
2042 3904 60 25 we
2125 3888 74 39 feel
2232 3888 72 39 less
2340 3886 220 38 hesitation
2591 3891 43 32 to
2670 3881 191 41 discredit
2882 3882 67 35 the
2973 3891 43 26 re-

1693 3947 146 52 ported
1858 3956 256 40 repugnance
2130 3941 47 39 of
2191 3940 89 40 that
2297 3939 145 40 Prince
2459 3944 43 33 to
2518 3938 235 38 contribute
2771 3941 41 32 to
2830 3934 66 38 the
2915 3944 100 27 :rser-

1698 4002 128 39 throw
1845 3997 48 39 of
1917 3997 172 40 Austria.
2150 3994 85 39 The
2268 3992 144 40 hostile
2441 3990 341 40 demonstrations
2812 3987 80 39 said
2924 3992 44 32 to
2988 3985 51 38 he

1702 4052 116 39 made
1845 4052 51 51 by
1919 4050 79 39 the'
2021 4051 115 43 KING
2170 4046 47 39 of
2242 4048 26 38 P
2278 4059 137 26 e-USSLA
2469 4058 89 28 may
2581 4041 176 53 postlibly
2778 4041 202 51 originate
3000 4038 41 38 in

1701 4106 67 40 the
1782 4103 273 53 speculations
2089 4101 77 39 and
2203 4100 137 39 wishes
2361 4098 51 40 of
2425 4098 71 39 the
2515 4100 152 37 writers
2687 4096 48 38 of
2748 4095 113 38 these
2884 4093 158 43 letters,

1702 4160 38 38 in
1760 4157 131 39 which
1930 4156 93 51 they
2060 4167 71 27 are
2169 4152 309 52 unequivocally
2510 4149 233 40 mentioned
2759 4165 11 28 ;
2803 4148 70 38 hat
2909 4146 35 38 it*
2961 4157 81 26 env

1701 4208 180 58 political
1903 4212 234 50 conjecture
2157 4212 41 34 to

2233 4207 85 37 that
2347 4218 64 39 ile
2411 4218 43 39 -p
2453 4218 21 39 e
2474 4218 21 39 c
2496 4218 22 39 e
2543 4217 60 25 eee
2603 4217 21 25 k
2726 4204 56 35 fte
2796 4201 83 37 terel
2901 4213 51 22 oe
2978 4199 67 37 the
