3236 4524
217 100 254 61 MARCH
488 100 86 52 26.

504 583 128 28 MARY
661 583 235 33 BATEMAN,
915 582 91 27 THE
1026 581 262 28 SORCERESS.

230 672 6 9 ,
269 637 163 41 LEEDS,
452 635 164 34 MARCH
641 633 195 47 18,.—Tke
867 632 86 35 trial
981 630 45 35 of
1058 631 111 44 Mary
1208 630 181 38 Bateman
1417 630 60 38 for
1502 631 65 37 the

223 686 135 35 'Wilful
383 683 167 43 Murder,
565 681 44 35 of
624 680 184 44 Relaice:i
808 680 20 44 •
828 680 145 44 Perigo,
993 678 86 35 wife
1104 679 45 34 of
1168 673 170 40 William
1357 679 151 47 Perigo,
1528 680 45 33 of

220 735 195 43 Brainley,
433 741 90 26 near
541 731 71 34 this
650 736 119 35 town,
797 726 231 35 commenced
1057 726 197 45 yesterday
1286 729 185 44 morning,
1496 729 71 33 and

223 781 197 39 continued
442 778 92 34 until
552 788 89 25 near
665 778 86 33 nine
781 775 149 45 o'clock
960 781 40 28 at
1019 774 117 45 night.
1189 775 83 33 The
1280 772 91 46 jury
1407 776 161 34 without

223 831 157 41 retiring
398 826 112 37 found
526 826 61 34 the
602 826 169 45 prisoner
788 824 136 45 guilty.
967 823 80 34 The
1068 822 123 45 Judge
1208 822 34 33 in
1261 833 22 24 a
1304 829 92 27 most
1416 824 130 44 impres-

223 881 79 34 sive
320 878 151 34 Manner
491 875 128 44 passed
634 879 169 30 sentence
831 872 44 34 of
904 870 124 37 Death
1058 880 100 35 upon
1188 869 72 34 this
1280 870 184 34 wretched
1494 882 50 24 wo-

224 939 99 30 man,
354 924 71 35 and
444 933 39 24 as
503 922 144 33 isusnal
667 922 38 33 in
724 931 97 25 cases
835 920 41 34 of
906 919 151 34 Murder
1074 917 156 35 ordered
1259 915 63 37 her
1339 919 96 44 body
1457 926 37 27 to
1522 921 46 33 be

226 977 109 46 given
354 980 38 26 to
404 971 65 34 the
471 971 21 44 -
493 971 175 44 Surgeons
685 970 60 34 for
763 967 206 35 dissection.
1022 966 81 34 The
1117 966 172 34 Prisoner
1304 966 156 45 todelay
1479 977 69 25 exe-

223 1024 124 35 cution
369 1017 161 50 pleaded
556 1026 227 35 pregnancy,
808 1026 45 24 on
873 1013 122 37 which
1016 1024 24 22 a
1055 1012 94 46 jury
1178 1013 43 33 of
1240 1020 158 27 matrons
1420 1025 72 24 was
1508 1015 40 34 di-

223 1070 123 35 rected
359 1075 38 27 to
417 1068 48 32 be
481 1065 255 43 immediately
758 1062 261 48 impannelled,
1037 1061 71 34 and
1124 1067 38 28 to
1175 1067 152 39 prevent
1345 1063 63 32 the
1426 1072 142 26 women

224 1120 97 34 from
341 1115 149 43 leaving
506 1120 104 28 court
626 1114 53 34 all
699 1114 61 33 the
778 1111 106 34 doors
911 1120 99 25 were
1033 1110 156 33 ordered
1215 1115 39 27 to
1274 1110 44 33 he
1343 1110 137 34 closed.
1533 1111 34 33 A.

217 1167 93 47 jury
330 1165 112 43 being
459 1161 157 40 formed,
640 1162 71 34 and
731 1159 159 46 charged
909 1157 35 34 in
964 1157 63 33 the
1043 1157 104 33 usual
1168 1166 161 32 manner,
1356 1157 136 33 retired
1511 1157 59 34 for

224 1217 65 33 the
309 1220 164 39 purpose
489 1206 45 38 of
547 1209 237 45 discharging
798 1207 98 34 their
906 1206 91 44 duty
1017 1204 70 35 and
1108 1204 111 34 found
1240 1205 79 33 that
1332 1204 63 34 she
1411 1217 76 22 was
1504 1211 63 30 not

226 1261 93 37 with
339 1259 119 46 quick
483 1257 117 37 child.
651 1260 85 34 The
752 1256 201 37 execution
973 1253 76 34 will
1072 1252 45 34 of
1141 1261 126 26 course
1291 1252 87 34 take
1398 1253 104 45 place
1521 1265 46 22 on

230 1309 182 46 Monday.

279 1358 34 34 A
327 1359 164 43 singular
511 1358 270 48 circumstance
795 1346 172 39 occurred
980 1358 45 24 on
1036 1346 63 34 the
1114 1346 87 33 trial
1214 1346 43 34 of
1265 1346 100 34 John
1383 1346 109 45 Leng,
1528 1349 45 34 of

228 1406 65 37 the
308 1406 78 45 city
406 1406 45 44 of
480 1406 129 39 York,
640 1402 87 34 who
752 1410 71 32 was
843 1396 159 35 indicted
1022 1395 59 33 for
1114 1394 178 44 wilfully,
1319 1396 247 43 maliciously,

229 1454 70 35 and
748 1457 44 25 or
802 1447 142 41 cutting
960 1442 104 34 John
1081 1442 141 44 Crosby
1241 1443 44 33 of
1299 1442 61 34 the
1378 1443 76 33 said
1473 1444 94 44 city,

230 1504 193 39 labourer,
451 1508 92 27 over
559 1499 57 33 his
647 1498 67 34 left
733 1506 71 33 eye
836 1492 91 35 with
956 1502 25 21 a
1003 1489 208 45 pitchfork,
1240 1489 174 45 whereby
1443 1489 44 34 he
1505 1483 63 43 did

231 1552 76 33 him
335 1550 132 45 bodily
491 1548 103 33 harm
614 1546 79 33 that
733 1544 58 33 his
817 1541 69 34 life
906 1548 74 25 was
999 1537 195 45 despaired
1224 1537 189 34 of.—The
1444 1539 123 43 Judge

230 1599 137 44 having
383 1594 161 45 charged
559 1596 60 32 the
647 1594 119 41 Jury,
793 1589 85 45 they
902 1585 136 38 retired
1059 1596 24 22 a
1100 1585 252 34 considerable
1370 1586 100 40 time,
1496 1587 70 33 and

230 1646 169 34 returned
419 1656 25 24 a
471 1643 143 35 verdict
641 1637 383 44 of---ruanstaughtcr.
1075 1632 72 34 His
1182 1633 181 44 Lordship
1381 1633 187 34 _observed

234 1695 87 44 they
343 1694 71 34 had
496 1693 190 43 ails-spent
712 1685 99 37 their
836 1685 106 39 time,
979 1693 38 25 as
1051 1680 63 37 the
1147 1691 81 22 man
1251 1693 71 22 was
1341 1681 76 33 still
1437 1681 130 44 living,

231 1744 64 32 the
322 1744 172 43 prisoner
517 1737 106 37 could
656 1737 130 39 not.be
813 1731 120 54 guilty
963 1728 41 35 of
1026 1728 270 44 manslaughter
1362 1730 209 33 reconsider

233 1801 94 34 your
588 1787 59 33 On
666 1796 25 22 a
713 1782 167 47 question
898 1782 98 31 from
1028 1789 25 27 a
1075 1776 194 46 juryman,
1293 1776 57 34 his
1372 1776 195 46 Lordship,

230 1837 97 41 said,
360 1838 92 44 they
490 1835 28 20 44
546 1844 97 25 were
672 1830 125 37 bound
830 1835 38 27 to
895 1833 124 28 return
1048 1835 24 24 a
1107 1822 309 46 verdict—guilty
1447 1835 43 24 or
1507 1832 61 28 not

457 1884 105 43 They
586 1880 136 34 waited
736 1887 97 26 some
844 1876 85 34 time
950 1874 35 33 in
997 1874 61 33 the
1077 1872 99 41 Box,
1194 1872 70 34 and
1283 1873 85 33 then
1382 1872 54 34 his
1457 1872 92 35 Lord-

233 1933 85 45 ship
339 1932 194 46 requested
568 1930 100 34 them
704 1928 109 45 again
846 1928 39 32 to
915 1923 126 39 retire,
1071 1920 122 33 Which
1212 1920 87 44 they
1329 1919 80 40 did,
1434 1920 69 33 and
1531 1928 38 27 at

234 1981 122 44 length
392 1980 170 37 returned
580 1989 24 24 a
621 1974 146 38 verdict
793 1971 150 35 of—not
973 1970 132 44 guilty.
1161 1968 57 34 On
1240 1967 119 35 which
1382 1967 54 41 his
1457 1968 92 34 Lord-

231 2029 86 44 ship
334 2029 98 40 said,
520 2024 37 37 It
575 2026 32 34 is
635 2034 98 37 your
754 2020 157 40 verdict,
937 2024 64 28 not
1018 2017 93 33 mine
1124 2019 12 32 i
1165 2016 85 33 how
1267 2024 74 35 you
1359 2024 66 25 can
1443 2015 126 46 acquit

234 2086 97 34 your
360 2075 230 34 consciences
620 2074 158 34 lamat
794 2080 24 24 a
833 2069 70 34 loss
921 2070 39 30 to
1188 2063 61 34 He
1279 2061 85 35 then
1381 2062 190 34 addressed

234 2124 63 32 the
315 2124 171 45 prisoner
608 2122 84 33 The
712 2126 128 28 reason
861 2115 85 44 why
969 2114 60 34 the
1045 2114 100 43 Jury
1166 2111 93 34 have
1273 2109 189 46 acquitted
1482 2122 87 33 you,

242 2169 14 35 I
276 2177 135 28 cannot
437 2171 197 39 discover;
661 2178 77 35 you
774 2167 93 33 have
885 2161 71 37 had
989 2172 24 22 a
1036 2169 148 26 narrow
1201 2164 157 38 escape';
1387 2158 187 34 therefore

237 2219 53 33 let
325 2228 58 25 me
399 2218 130 34 advise
562 2226 73 37 you
654 2220 39 30 to
713 2216 45 32 be
778 2222 87 34 very
896 2210 246 44 circumspect
1175 2207 34 32 in
1234 2215 96 37 your
1348 2205 122 34 future
1486 2216 64 24 con-

241 2264 87 35 duct
344 2280 11 28 ;
384 2265 61 33 for
461 2265 33 33 if
504 2276 72 34 any
594 2264 104 47 thing
715 2261 46 35 of
774 2259 72 35 this
859 2263 76 30 sort
956 2257 148 45 happen
1115 2255 126 45 again,
1254 2264 72 34 you
1345 2262 65 27 can
1439 2254 131 45 hardly

236 2319 138 39 expert
394 2320 39 27 to
452 2319 96 28 meet
563 2311 91 35 with
673 2309 87 35 such
776 2319 24 24 a

280 2362 213 34 STILTING
521 2357 287 37 Merest.—On
839 2353 142 44 Friday
1005 2350 70 34 last
1104 2360 25 25 a
1162 2357 92 35 very
1280 2348 287 46 extraordinary

221 2417 139 39 -wager
376 2420 77 24 was
465 2408 152 34 decided
637 2417 100 33 upon
757 2404 60 34 the
836 2401 86 34 road
945 2401 167 33 between
1141 2396 221 45 Cambridge
1378 2395 70 35 and
1466 2396 78 33 Hun-

231 2458 167 44 tiugdon.
451 2456 33 34 A
510 2456 220 33 Gentleman
748 2451 45 35 of
806 2450 61 34 the
886 2448 138 33 former
1054 2447 109 44 place
1181 2444 70 35 had
1272 2444 122 34 betted
1411 2456 24 22 a
1452 2445 98 33 consi-

230 2504 157 35 derable
403 2515 80 24 sum
498 2503 44 34 of
556 2510 130 37 mousy
707 2500 81 34 that
816 2499 45 32 he
882 2494 122 34 would
1030 2505 45 33 go
1089 2505 24 21 a
1129 2493 91 46 yard
1241 2492 91 34 from
1354 2491 64 33 the
1430 2492 139 41 ground

234 2563 98 35 upon
347 2554 115 39 stilts,
490 2552 60 33 the
578 2551 165 33 di,trance
772 2545 44 34 of
841 2544 137 35 twelve
1005 2543 117 39 miles,
1152 2539 130 34 within
1312 2539 63 33 the
1403 2549 111 34 space
1532 2539 45 34 of

231 2600 87 35 four
338 2598 113 35 hours
480 2600 70 34 and
566 2609 24 24 a
608 2596 103 41 halt;
722 2604 21 26 -
743 2604 43 26 no
802 2594 185 44 stoppage
1007 2598 76 26 was
1100 2593 39 30 to
1156 2593 47 30 be
1227 2585 180 41 allowed,
1434 2593 138 39 except

234 2649 139 44 merely
400 2648 63 34 the
491 2650 86 32 time
608 2646 115 33 taken
742 2655 50 32 up
810 2642 34 33 in
862 2637 235 45 exchanging
1122 2648 69 22 one
1217 2636 85 43 pair
1329 2634 43 34 of
1389 2633 94 40 stills
1513 2634 59 34 for

231 2696 174 41 another,
432 2696 70 33 and
517 2705 91 25 even
628 2694 86 33 then
736 2691 53 33 his
807 2689 76 33 feet
902 2696 97 26 were
1028 2693 70 25 not
1121 2689 37 28 to
1189 2683 107 34 touch
1325 2683 63 32 the
1414 2682 152 44 ground.

239 2747 60 33 He
315 2744 142 35 started
477 2750 39 28 at
541 2743 61 33 the
627 2739 131 35 second
793 2737 87 34 mile
908 2743 104 27 stone
1039 2733 97 34 from
1167 2730 236 44 Cambridge,
1430 2740 45 22 on
1509 2730 64 33 the

236 2793 242 43 Huntingdon
498 2791 105 39 road,
632 2794 38 28 to
704 2798 50 35 go
782 2787 57 33 six
859 2784 104 34 miles
980 2787 64 27 out
1061 2781 70 33 and
1150 2776 58 38 six
1244 2779 35 33 in
1293 2790 12 27 ;
1330 2778 63 34 the
1421 2777 76 33 first
1528 2778 45 33 he

234 2841 213 45 performed
465 2839 37 34 in
519 2849 69 24 one
607 2838 94 33 hour
736 2835 70 34 and
831 2832 83 46 fifty
948 2830 169 40 minutes,
1143 2826 70 35 and
1240 2826 60 33 did
1330 2825 61 34 the
1410 2825 163 34 distance

233 2890 96 33 back
348 2889 34 33 in
403 2894 78 28 two
497 2887 109 34 hours
624 2884 70 34 and
712 2883 102 34 three
833 2881 170 37 minutes,
1029 2888 38 21 so
1088 2877 81 33 that
1189 2875 45 33 he
1252 2880 97 27 went
1368 2872 61 34 the
1449 2872 123 33 whole

234 2937 46 34 in-
304 2937 109 33 three
446 2935 112 35 hours
591 2933 72 35 arid
700 2929 210 45 fifty-three
945 2927 169 40 minutes,
1156 2922 131 44 having
1324 2921 247 43 thirty-seven

230 2985 158 33 minutes
406 2989 41 30 to
476 2992 109 37 spare
602 2979 148 46 beyand
767 2976 64 34 the
857 2976 90 33 time
960 2973 164 35 allawed
1144 2970 102 39 him;
1274 2969 44 33 he
1333 2967 191 46 appeared
1547 2979 22 24 a

231 3032 100 45 good
351 3032 87 34 deal
467 3030 182 45 fatigued,
677 3027 74 35 and
770 3026 53 35 his
843 3024 129 39 hands,
1000 3024 54 31 we
1076 3017 235 43 understand,
1339 3026 99 24 were
1462 3017 109 33 much

222 3080 207 41 •blistered,
442 3078 96 35 from
555 3078 60 34 the
627 3074 196 39 continued
844 3080 164 37 pressure
1026 3079 98 34 upon
1142 3074 71 26 one
1230 3070 97 40 part.
1380 3063 106 41 This,
1515 3073 57 24 we

233 3128 162 40 believe,
424 3128 28 33 is
485 3126 63 34 the
578 3125 78 34 first
670 3112 4 56 •
690 3123 255 45 performance
974 3117 45 35 of
1041 3117 63 33 the
1131 3113 90 35 kind
1239 3122 87 25 ever
1343 3112 200 44 attempted
1559 3122 11 30 ;

231 3175 67 35 but
313 3185 40 25 as
371 3176 154 43 novelty
542 3181 164 38 appears
724 3180 39 26 to
780 3172 152 35 attract,
950 3174 40 25 as
1018 3164 85 34 well
1121 3172 39 24 as
1178 3162 130 39 direct,
1332 3159 61 33 the
1409 3169 163 24 manners

233 3224 46 33 of
289 3223 64 33 the
370 3231 89 37 age,
484 3221 143 45 stating
641 3230 85 33 may
746 3217 162 46 possibly
931 3215 151 34 become
1096 3221 40 24 as
1154 3207 233 38 fashionable
1402 3206 35 35 in
1454 3208 117 41 these,

233 3281 41 26 as
292 3272 148 44 stilting
456 3280 73 24 leas
549 3270 33 33 in
598 3269 142 34 former
759 3267 118 33 times.

282 3319 34 35 A
337 3318 73 35 few
429 3319 94 44 days
537 3319 97 33 since
651 3318 77 33 -Mr.
744 3317 77 44 Jup
830 3325 38 34 p,
892 3322 24 24 a
928 3306 230 48 respectable
1169 3305 150 41 farmer,
1344 3307 39 31 at
1396 3300 175 43 Slinfold,

233 3376 89 27 near
343 3366 207 43 Horsham,
560 3377 20 22 -
580 3377 41 22 on
648 3363 170 44 entering
834 3371 69 24 one
934 3359 45 33 of
993 3358 54 34 his
1077 3356 126 40 barns,
1228 3352 112 34 heard
1362 3351 63 34 the
1442 3351 129 44 crying

234 3417 44 33 of
291 3426 46 24 an
371 3413 136 44 infant,
534 3413 126 34 which
689 3409 184 38 attracted
904 3407 54 33 his
992 3404 197 39 attention,
1213 3400 69 34 and
1300 3405 40 28 at
1374 3399 118 43 length
1512 3398 58 33 led

236 3463 73 34 him
330 3471 38 26 to
386 3474 22 24 a
429 3472 130 26 corner
576 3461 45 35 of
633 3462 63 33 the
716 3461 107 34 barn,
852 3456 122 33 where
986 3454 44 33 he
1045 3450 214 35 discovered
1277 3459 22 22 a
1319 3446 81 34 rush
1423 3445 146 40 basket,

230 3511 185 45 carefully
435 3511 157 33 covered
615 3509 92 34 with
726 3519 24 21 a
771 3501 281 38 handkerchief,
1071 3497 123 37 which
1219 3497 45 33 he
1277 3502 79 28 cast
1374 3494 63 39 off,
1465 3496 105 31 when

235 3562 35 32 to
288 3560 7 34 !
326 3566 79 28 two
426 3557 124 46 lovely
573 3557 131 41 babes,
731 3566 25 24 a
771 3556 73 41 boy
859 3550 70 34 and
948 3550 91 45 girl,
1062 3549 120 32 about
1198 3556 22 22 a
1241 3544 120 33 month
1382 3541 77 39 old,
1488 3550 64 34 pre-

233 3609 124 33 sented
373 3608 219 34 thearselves
618 3613 38 26 to
677 3604 63 34 the
758 3599 207 38 astonished
986 3596 152 39 farmer,
1169 3594 99 40 who,
1296 3591 189 39 however,
1506 3589 44 32 im-

233 3657 203 34 meJtatolv
452 3654 189 44 conveyed
659 3652 65 35 the
739 3648 129 37 basket
882 3646 91 35 with
992 3646 45 33 its
1054 3648 165 32 contents
1237 3647 37 27 to
1294 3639 54 33 his
1367 3637 102 41 wife.
1488 3637 65 35 tell-

233 3704 63 44 ing
314 3704 79 43 her,
477 3712 40 25 as
549 3703 65 34 she
634 3702 71 32 had
730 3699 104 33 ofteu
870 3692 136 37 wished
1025 3692 58 34 for
1119 3690 183 39 children,
1330 3689 44 32 he
1396 3694 73 25 was
1486 3694 81 24 now

230 3752 213 33 enabled-to
455 3757 155 39 present
628 3750 64 33 her
712 3746 90 34 with
817 3755 21 25 a
1058 3737 72 35 and
1143 3735 139 37 related
1303 3735 59 34 the
1380 3732 190 34 attendaut

231 3801 304 38 circumstances,
557 3798 107 34 when
700 3795 91 34 Mrs.
827 3793 109 44 Jupp
956 3785 168 39 received
1142 3785 61 33 the
1234 3782 209 43 foundlings
1478 3780 92 34 with

233 3848 180 34 maternal
435 3847 185 38 kindness,
647 3844 71 33 and
738 3837 180 51 procured
935 3848 25 22 a
974 3834 144 37 careful
1136 3841 106 30 nurse
1264 3829 61 34 for
1343 3828 96 34 them
1456 3828 34 33 in
1509 3826 63 34 the

233 3895 167 45 village,.
419 3895 125 34 where
556 3894 90 45 they
659 3904 67 22 are
752 3900 83 22 now
852 3887 118 41 living
987 3882 69 34 and
1076 3881 123 44 likely
1215 3886 37 27 to
1267 3876 46 35 do
1336 3876 100 34 well.
1489 3876 81 33 The

233 3943 136 34 infants
390 3952 102 25 were
513 3943 123 34 neatly
667 3937 163 41 dressed,
854 3934 69 34 and
956 3932 71 33 bad
1051 3928 93 35 each
1166 3939 31 27 a
1227 3925 139 45 change
1395 3922 46 34 of
1454 3922 76 45 baby
1530 3922 19 45 -

231 3991 99 35 linen
350 3991 107 44 lying
483 3991 50 44 by
550 3989 103 34 them
667 3987 45 34 _in
733 3985 61 35 the
829 3983 145 34 basket.
1026 3978 107 43 They
1156 3974 93 34 have
1266 3983 112 34 every
1409 3980 138 35 appear-

230 4048 91 25 ance
339 4038 45 34 of
397 4039 113 43 being
523 4037 120 41 twins,
660 4035 74 35 and
755 4042 92 25 were
862 4025 180 48 baptized
1058 4030 39 30 at
1108 4035 22 24 a
1149 4020 272 46 neighbouring
1431 4017 137 37 church

235 4085 81 44 (the
354 4085 193 34 Ministers
567 4085 87 44 lady
670 4082 19 43 -
689 4082 96 43 being
801 4088 69 25 one
887 4077 41 33 of
950 4076 63 34 the
1029 4070 194 50 sponcers)
1243 4070 47 45 by
1311 4070 61 32 the
1391 4075 120 25 names
1531 4064 45 34 of

235 4133 123 35 Moses
379 4133 104 38 Rush
504 4131 146 40 March,
678 4130 72 34 and
768 4124 174 39 Caroline
961 4121 98 44 Rush
1083 4117 148 37 March.
1286 4114 148 45 Proper
1449 4122 122 31 means

231 4180 96 38 have
344 4183 92 33 been
451 4180 111 37 taken
581 4186 39 31 to
637 4187 106 27 trace
758 4181 65 28 nut
836 4173 100 34 their
954 4166 195 39 unnatural
1169 4170 163 40 parents,
1358 4163 65 35 but
1436 4170 46 25 no
1500 4160 54 33 dis-

233 4238 142 39 covery
402 4230 66 38 has
497 4230 92 37 brCil
618 4226 135 43 sziade;
778 4233 67 27 oar
876 4228 84 28 maa
980 4222 38 32 to
1046 4217 124 37 whom
1196 4212 193 47 so9picioq
1415 4218 73 31 was
1515 4213 57 32 at-

2855 113 99 51 207

1635 237 144 44 tached,
1808 250 74 22 was
1900 240 37 34 in
1954 250 253 34 consequence
2218 242 112 34 taken
2349 254 64 32 up,
2440 243 69 33 and
2526 244 213 32 underwent
2758 253 46 24 an
2824 244 124 33 exami-

1632 286 124 33 nution
1775 286 131 35 before
1917 298 24 24 a
1959 287 227 44 Magistrate
2199 296 40 26 at
2258 289 202 40 Horsham,
2473 291 67 33 but
2550 300 41 24 as
2608 291 158 45 nothing
2774 291 196 45 appeared

1633 337 35 27 to
1680 331 138 48 justify
1838 334 276 45 thesuspicion,
2141 335 45 34 he
2219 347 73 22 was
2313 337 201 35 dismissed.

1680 380 461 35 LoNcr.vtrY.--There
2160 384 30 33 is
2219 394 80 24 now
2319 384 118 43 living
2454 385 35 32 in
2506 383 100 44 good
2639 384 148 43 health,
2811 390 40 31 at
2865 386 104 34 Mat.

1632 426 90 34 ton's
1759 429 155 43 Corner,
1942 430 35 33 in
1995 430 63 33 the
2093 431 126 43 parish
2248 431 44 35 of
2310 432 143 41 Bolney
2499 431 159 41 Suffolk,
2685 444 25 22 a
2738 443 83 24 man
2839 430 129 38 named

1631 474 197 44 Chatfield,
1857 476 84 34 who
1957 478 35 32 in
2011 477 208 34 December
2237 478 86 40 last,
2350 478 167 33 attained
2536 480 64 33 the
2617 485 71 38 nob
2705 480 45 34 of
2760 480 66 35 101
2845 491 124 34 years.

1631 522 66 33 and
1722 523 112 34 under
1852 524 276 33 circumstances
2148 531 63 27 not
2231 526 60 33 the
2311 533 92 28 most
2433 526 222 34 favourable
2673 531 38 28 to
2728 528 87 34 such
2835 539 46 24 an
2897 537 47 26 ex-

1632 570 126 33 tended
1779 570 131 46 period
1926 572 43 34 of
1978 573 208 40 existence,
2200 583 39 22 as
2256 572 103 35 after
2370 574 190 34 excessive
2577 572 194 45 drinking,
2796 585 44 24 or
2861 576 107 35 when

1632 619 204 33 summoned
1869 625 38 27 to
1926 626 71 27 rest
2015 621 48 41 by
2083 619 64 35 the
2165 620 142 44 fatigue
2324 620 44 34 of
2382 621 148 39 labour,
2557 618 46 35 he
2623 620 69 34 had
2713 622 93 33 bed
2822 622 87 45 long
2927 622 35 37 in

1633 664 58 33 the
1710 666 105 35 habit
1832 665 45 34 of
1890 667 130 44 taking
2037 667 30 33 it
2098 678 40 22 as
2154 667 243 34 convenience
2425 667 155 40 offered,
2608 669 211 33 sometimes
2836 680 46 22 on
2900 671 67 34 the

1631 712 143 34 surface
1804 713 45 33 of
1860 724 22 22 a
1911 713 152 45 reeking
2095 713 182 45 dunghill,
2303 710 72 39 and
2389 720 39 27 at
2447 715 123 33 others
2585 726 45 21 on
2649 715 65 33 the
2730 716 136 45 mucky
2882 717 86 35 hot.

1632 765 72 27 torn
1724 759 44 35 of
1776 771 25 24 a
1817 761 113 45 leaky
1958 762 123 40 hovel,
2108 761 59 35 for
2186 769 38 27 to
2241 762 64 34 the
2329 763 237 33 constitution
2597 761 45 34 of
2657 763 188 44 Morucbey
2862 764 105 43 (that

1633 807 107 46 being
1761 809 54 33 his
1848 808 230 41 nick-uatne)
2102 811 85 41 they
2211 820 94 24 were
2340 810 105 33 alike
2478 809 188 35 harmless.
2721 810 110 34 Some
2861 822 107 32 years

1631 865 81 34 ago,
1741 855 63 34 the
1820 856 60 32 old
1899 855 112 34 man's
2043 857 209 33 habitation
2274 867 76 22 was
2381 857 107 32 burht
2518 857 125 39 down,
2670 857 64 32 but
2754 862 39 27 to
2815 865 155 37 prevent

1633 904 58 32 the
1710 904 66 32 full
1795 902 196 45 operation
2010 902 45 33 of
2079 905 81 34 that
2180 904 89 45 fiery
2288 902 211 47 ejectment,
2526 904 45 33 he
2596 904 93 33 took
2709 906 201 43 pos'se-ision
2927 905 46 35 of

1632 960 20 22 a
1671 957 84 38 part
1769 950 44 34 of
1827 951 61 33 the
1903 951 193 40 ruins,aid
2109 951 162 34 retained
2285 952 45 41 ir,
2347 961 39 24 as
2401 951 255 45 hisprincipal
2672 951 295 45 lodging-place,

1632 999 128 43 during
1776 997 60 35 the
1859 997 119 35 whole
1996 1000 41 33 of
2048 998 60 35 the
2126 999 148 43 ensuing
2295 1000 144 33 winter.

1680 1046 86 33 Last
1795 1046 106 33 week
1932 1055 98 25 some
2068 1046 269 45 evil-dit.posed
2375 1055 146 35 persons
2556 1044 150 37 entered
2731 1044 74 35 .the
2839 1046 131 45 parish

1632 1093 130 34 church
1785 1093 44 33 of
1844 1094 116 33 Great
1978 1093 193 45 Hrington,
2185 1094 34 33 in
2237 1093 393 45 lionhamptonshire,
2644 1093 70 34 and
2730 1093 120 35 broke
2867 1104 97 33 open

1633 1140 59 34 the
1710 1134 131 51 family
1863 1141 99 34 vault
1983 1141 41 32 of
2047 1141 61 32 the
2137 1141 116 43 Right
2285 1141 99 33 Hon.
2417 1142 90 34 Earl
2537 1142 175 41 Spencer,
2745 1140 106 34 when
2877 1142 90 45 they

1632 1188 164 45 stripped
1818 1188 63 33 the
1897 1188 119 33 coffins
2034 1189 194 33 contained
2255 1189 145 33 therein
2428 1188 45 34 of
2498 1188 99 34 their
2613 1188 155 45 'plates,
2798 1188 132 45 handles
2930 1188 19 45 s
2949 1188 20 45 ,

1632 1235 70 34 and
1717 1235 228 34 ornamental
1965 1234 195 35 furniture.

2190 1332 65 35 I'o
2258 1333 33 35 L
2300 1333 51 34 IC
2352 1333 25 34 .E
2376 1333 13 34 .
2394 1355 9 13 .

2036 1442 415 27 MARLBOROUGH-STR
2460 1444 97 25 MET.

1677 1483 188 37 SETTING
1886 1483 113 37 FIRE
2016 1495 54 25 TO
2095 1496 21 24 A
2140 1486 249 34 DWELLING
2413 1480 275 39 HOUSR.—An
2702 1479 156 47 oilman,
2877 1483 90 37 *fro

1633 1532 136 33 resided
1802 1534 35 32 in
1865 1531 132 37 John's
2003 1541 136 33 -court,
2178 1532 308 44 Golden-square,
2526 1543 74 24 was
2633 1532 163 41 charged
2826 1534 51 43 by
2913 1534 58 34 hit

1632 1580 215 43 neighbours
1869 1580 89 33 with
1976 1581 132 40 setting
2124 1581 65 32 tire
2202 1585 38 28 to
2256 1579 57 34 his
2329 1585 228 39 apartments
2575 1580 35 33 in
2629 1580 60 33 the
2705 1581 122 32 above
2844 1587 124 35 court,

1632 1637 43 24 on
1693 1628 195 45 Thursday
1905 1629 84 32 last.
2030 1626 38 34 It
2082 1628 203 45 appeared,
2304 1628 46 44 by
2374 1628 59 33 the
2451 1628 176 33 evidence
2640 1626 44 34 of
2695 1638 24 21 a
2734 1628 91 33 Mrs.
2845 1628 125 44 Pratt;

1632 1674 65 33 and
1711 1675 109 34 other
1835 1675 235 45 neighbours,
2087 1676 78 33 that
2180 1685 46 22 on
2243 1685 44 24 an
2298 1676 120 32 alarm
2428 1672 45 35 of
2486 1674 65 33 fire
2569 1674 209 45 prevailing
2787 1681 38 27 at
2838 1676 131 35 eleven

1633 1720 145 37 o'clock
1799 1734 47 22 on
1860 1722 195 45 Thursday
2075 1724 180 41 morning,
2274 1722 63 33 the
2353 1727 228 39 apartments
2602 1721 122 34 rented
2744 1724 46 40 by
2813 1722 58 32 the
2893 1724 60 41 pri-

1632 1779 102 24 soner
1754 1779 98 25 were
1867 1770 118 33 broke
2004 1780 110 34 open,
2141 1770 69 33 and
2228 1781 22 22 a
2278 1770 69 32 fire
2365 1768 43 34 of
2427 1768 275 41 combustibles,
2737 1769 87 33 such
2841 1779 41 24 as
2897 1770 73 33 oil.

1635 1817 181 41 bladders,
1839 1819 243 43 gunpowder,
2115 1822 84 34 tax,
2233 1817 71 34 &c,
2334 1825 74 25 was
2425 1815 213 46 discovered
2657 1826 46 22 on
2735 1817 64 34 the
2818 1817 94 34 floor
2931 1817 39 34 is

1637 1864 57 33 the
1710 1864 139 35 middle
1865 1863 46 37 of
1925 1865 60 34 the
2004 1874 117 25 room.
2174 1864 81 35 The
2282 1863 242 44 wainscoting
2552 1864 43 32 of
2617 1861 61 34 the
2699 1872 104 24 room
2831 1874 74 24 was
2922 1874 47 24 on

1635 1912 63 34 fire
1713 1912 34 33 in
1761 1920 112 35 every
1893 1918 84 40 part
1991 1924 11 28 ;
2029 1910 70 37 and
2117 1912 96 33 from
2231 1911 109 35 other
2356 1911 282 35 circumstances
2660 1910 28 33 it
2718 1919 76 24 was
2809 1919 143 38 suspect.
2952 1919 19 38 ,

1633 1959 43 33 ed
1702 1959 79 34 that
1801 1961 27 32 it
1848 1971 76 24 was
1943 1959 161 44 wilfully
2120 1965 53 28 set
2187 1970 45 22 on
2251 1946 79 46 fire.
2383 1958 80 34 The
2490 1959 167 45 prisoner
2682 1968 77 24 was
2765 1967 18 25 -
2783 1967 72 25 seen
2869 1967 38 26 to
2921 1969 48 32 go

1635 2011 63 30 out
1722 2007 40 34 of
1780 2007 61 34 the
1859 2019 100 24 room
1978 2008 117 34 ahout
2108 2019 24 21 a
2159 2013 151 39 quarter
2330 2004 47 34 of
2399 2016 45 22 an
2467 2006 91 33 hour
2584 2004 129 33 before
2730 2006 64 33 the
2811 2006 66 32 fire
2897 2015 77 24 wav

1633 2055 226 44 discovered,
1873 2057 67 32 and
1962 2061 90 39 part
2063 2054 45 34 of
2122 2054 57 34 his
2198 2054 110 44 goods
2333 2063 96 24 were
2447 2052 189 43 removed,
2653 2053 19 33 -
2672 2053 57 33 but
2747 2053 46 34 he
2815 2063 73 25 was
2906 2056 66 32 not

1638 2102 152 34 ensured.
1844 2104 80 33 The
1933 2104 19 44 -
1952 2104 156 44 prisoner
2131 2112 76 24 was
2223 2100 214 35 committed
2454 2100 61 34 for
2532 2099 104 35 trial;

1680 2151 63 34 AH
1778 2158 294 27 UNEXPEcIED
2108 2148 326 34 111:ET1NG.--1.11
2467 2148 208 33 the.obove
2702 2148 130 41 Office,
2858 2158 25 24 a
2916 2156 58 26 re.:

1635 2198 188 44 spectahie
1843 2199 189 43 publican,
2048 2207 22 22 a
2093 2196 227 35 Freeholder
2349 2194 44 34 of
2407 2194 226 40 Middlesex,
2669 2194 85 33 who
2773 2194 73 33 load
2867 2206 103 21 come

1635 2246 99 35 there
1756 2256 47 24 on
1821 2245 176 39 business,
2023 2244 131 34 beheld
2180 2250 41 27 at
2237 2244 61 34 the
2319 2243 67 34 bar
2404 2243 57 33 his
2486 2254 85 24 own
2593 2242 100 43 wife,
2724 2243 84 33 wbo
2836 2243 89 44 elop
2924 2243 22 44 e
2947 2243 22 44 d

1635 2294 139 33 sixteen
1793 2293 142 33 months
1952 2301 70 34 ago
2052 2291 90 34 with
2160 2301 24 24 a
2205 2291 167 45 Serjeant
2389 2289 43 34 of
2456 2290 63 34 the
2539 2290 161 40 Guards,
2725 2289 71 34 and
2818 2290 70 34 bad
2906 2297 65 27 Pot

1630 2342 99 32 .since
1748 2341 91 33 been
1858 2341 111 32 heard
1989 2337 53 35 of.
2095 2337 72 34 She
2193 2335 194 48 appeared
2406 2337 105 33 there
2531 2344 35 26 to
2587 2337 124 45 perfer
2727 2348 22 22 a
2767 2337 204 44 complait4

1632 2388 141 43 against
1787 2388 155 33 another
1961 2396 213 33 paramour,
2203 2386 89 34 with
2317 2386 119 32 whom
2451 2383 63 33 she
2536 2385 69 32 had
2629 2383 136 46 eloped
2793 2383 97 34 from
2908 2385 65 33 the

1637 2434 176 46 Sedeant.
1865 2435 71 32 She
1954 2434 64 34 fell
2037 2435 78 33 into
2132 2444 24 25 a
2171 2444 128 24 swoon
2317 2444 48 22 on
2383 2432 201 45 beholding
2604 2431 65 34 her
2692 2432 180 40 husband,
2901 2432 72 33 and

1632 2481 96 34 after
1743 2481 155 44 retiring
1912 2481 96 33 from
2020 2481 61 32 the
2099 2481 130 40 Office,
2252 2481 66 34 she
2340 2489 74 25 was
2432 2483 67 41 put
2516 2479 79 34 into
2609 2489 24 25 a
2647 2480 136 43 coach,
2797 2479 71 34 and
2883 2487 90 27 cow

1636 2529 112 46 veyed
1765 2539 110 35 away
1893 2530 46 44 by
1959 2530 67 33 her
2036 2529 130 34 lawful
2187 2539 52 21 ou
2252 2538 78 22 tier.

1918 2616 338 46 4CCI.DEA7SS
2284 2616 178 39 OFFEZb
2478 2613 105 47 CES,
2617 2614 70 48 tfc.

1682 2725 59 35 Au
1776 2724 216 47 inquisition
2029 2734 78 24 was
2139 2722 112 35 taken
2269 2722 197 51 yestcreay
2489 2722 35 33 in
2544 2721 118 35 Great
2682 2721 294 46 Cm-am-street,

1635 2772 126 35 before
1779 2773 46 34 G.
1848 2773 195 44 Hodgson,
2074 2772 86 44 Esq.
2193 2771 168 34 Cormer
2375 2770 58 34 for
2466 2769 227 43 Middlesex,
2713 2780 46 21 on
2778 2773 63 30 the
2871 2769 100 45 body

1635 2820 44 34 of
1689 2832 24 22 a
1730 2822 195 33 new-born
1944 2819 130 40 infant,
2095 2819 110 33 found
2225 2819 37 33 in
2282 2820 59 32 the
2362 2817 109 35 shore
2490 2816 43 34 of
2545 2830 21 20 a
2590 2817 110 33 house
2718 2816 37 34 in
2774 2816 61 34 the
2850 2817 125 35 above

1635 2876 124 27 street.
1808 2868 124 37 There
1945 2877 78 24 was
2042 2877 47 22 no
2107 2867 119 32 direct
2239 2865 176 34 evidence
2434 2870 38 28 to
2492 2875 118 34 prove
2630 2865 103 39 how,
2751 2875 47 22 or
2812 2865 35 31 in
2867 2863 105 37 what

1637 2926 163 32 manner,
1814 2915 64 34 the
1904 2915 103 35 child
2036 2924 104 24 came
2167 2913 76 34 into
2271 2913 64 34 the
2354 2913 131 39 shore;
2513 2915 61 30 but
2594 2913 187 44 suspicion
2799 2911 176 35 attached

1636 2963 103 33 Itself
1754 2973 87 34 very
1860 2963 163 43 strongly
2043 2968 37 26 to
2100 2970 21 25 a
2141 2960 136 34 female
2295 2965 162 35 servant,
2486 2966 66 26 out
2580 2959 44 34 of
2649 2960 124 44 place,
2794 2957 85 34 who
2898 2957 77 35 bad

1635 3011 260 44 clandestinely
1917 3009 64 34 left
2003 3012 63 31 her
2086 3009 181 43 lodgings,
2284 3011 43 31 at
2343 3018 24 24 a
2385 3005 149 38 baker's
2551 3008 110 41 shop,
2675 3018 45 22 on
2741 3006 126 40 which
2887 3017 89 35 pre•

1637 3059 103 35 mises
1757 3060 64 32 the
1838 3058 100 33 child
1962 3067 73 24 was
2052 3056 133 41 found,
2211 3056 67 34 and
2310 3056 64 32 she
2394 3056 65 33 bas
2480 3056 98 33 since
2597 3056 90 32 been
2706 3056 270 44 apprehended

1636 3107 66 33 and
1721 3105 230 40 committed,
1967 3105 96 34 from
2076 3103 315 37 Hatton-Garden
2407 3100 131 37 Office.
2581 3103 81 33 'the
2679 3100 200 35 Coroner's
2895 3112 83 24 very

1636 3156 74 32 diet
1736 3165 72 22 was
1828 3154 189 32 delivered
2042 3152 206 45 agreeable.
2272 3156 38 27 to
2330 3151 65 33 the
2415 3151 197 41 testimony
2633 3149 44 34 of
2693 3148 79 35 two
2789 3152 189 44 stlrgeont,

1641 3203 91 34 That
1744 3204 58 31 the
1813 3201 97 34 child
1920 3198 72 34 had
2008 3200 81 33 died
2099 3200 106 45 from
2225 3200 220 32 inattention
2461 3202 38 30 tit
2516 3198 57 33 the
2590 3197 111 33 birth.

1683 3250 34 33 A
1731 3249 131 43 family
1879 3248 202 43 consisting
2096 3247 45 34 of
2154 3249 80 31 inn.;
2252 3254 151 35 persons
2415 3244 43 33 of
2472 3244 60 34 the
2548 3255 103 22 name
2670 3243 45 33 of
2739 3244 119 34 Smith
2878 3255 102 26 were

1635 3296 171 40 drowned
1827 3298 71 32 last
1916 3295 106 33 week
2041 3306 46 24 on
2104 3295 60 33 the
2186 3292 194 37 Cornwall
2405 3300 119 33 coast,
2545 3293 33 32 in
2594 3302 252 37 consegnence
2861 3293 45 34 of
2915 3295 66 33 the

1639 3346 196 35 incursions
1851 3343 43 34 of
1909 3343 61 33 the
1989 3353 76 31 sea,
2099 3343 120 33 which
2239 3345 122 39 swept
2386 3348 112 35 away
2529 3339 100 34 their
2661 3340 181 44 dwelling
2861 3341 35 33 in
2914 3343 66 35 the

1637 3393 99 45 night
1755 3392 44 34 of
1812 3394 61 31 the
1894 3391 84 33 19th
2001 3391 81 35 in,t,
2134 3390 83 34 The
2239 3389 117 33 house
2389 3396 74 25 was
2487 3385 162 35 situated
2669 3397 46 24 on
2732 3398 45 22 an
2792 3387 190 37 eminenoe

1637 3441 41 33 of
1698 3451 25 24 a
1736 3439 163 33 hundred
1918 3438 73 33 feet
2002 3437 193 45 adjoining
2207 3433 260 38 Acliftwhich
2489 3445 94 34 gave
2601 3445 102 33 way,
2728 3433 74 34 and
2822 3436 83 34 thus
2916 3437 44 35 de-

1637 3488 143 44 stroyed
1798 3485 63 35 the
1876 3485 177 33 sniferers.

1681 3537 60 33 On
1756 3535 142 41 Friday
1917 3531 194 46 se'tmight,
2139 3543 22 22 a
2180 3531 164 44 singular
2362 3529 174 34 accident
2564 3529 254 46 happened•in
2835 3529 146 39 Covent

1635 3583 281 43 Arden.—=The
1932 3580 128 34 driver
2074 3579 44 34 of
2131 3591 25 22 a
2167 3580 265 40 market-cart,
2464 3579 86 33 who
2577 3578 73 33 had
2680 3579 92 33 been
2792 3580 193 43 wantonly

1637 3632 145 39 heating
1801 3631 54 33 his
1880 3630 120 39 horse,
2031 3638 32 24 TV
2069 3638 39 24 as
2141 3630 33 32 in
2204 3628 61 32 the
2283 3632 61 28 act
2363 3624 43 35 of
2434 3627 144 41 cutting
2597 3625 63 34 the
2685 3626 141 34 animal
2850 3626 89 33 with
2957 3637 27 25 a

1636 3678 254 44 coach-whip,
1912 3676 104 34 when
2047 3674 64 35 the
2127 3674 79 38 lash
2228 3674 142 43 caught
2383 3674 76 32 bim
2480 3674 112 33 round
2611 3673 64 34 the
2689 3673 115 40 rrck,
2822 3674 69 33 and
2915 3674 66 34 the

1635 3726 111 34 shock
1762 3725 135 34 locked
1931 3725 53 32 his
1993 3723 60 45 jaw
2053 3723 20 45 .
2073 3723 20 45 .
2147 3723 41 34 In
2207 3723 76 33 this
2300 3720 178 34 situation
2511 3720 44 33 he
2576 3731 77 24 was
2685 3722 193 45 conveyed
2904 3729 39 26 to
2960 3733 27 25 a

1636 3785 150 34 surgeon
1798 3772 58 33 for
1869 3772 214 40 assistance,
2108 3770 71 34 and
2197 3770 56 33 his
2257 3767 84 48 jaw
2372 3778 72 24 was
2465 3767 184 37 unlocked
2663 3780 12 28 ;
2704 3769 70 33 but
2793 3768 27 34 it
2848 3769 138 35 locked

1636 3824 107 43 again
1765 3821 63 34 the
1844 3830 96 24 same
1958 3819 119 45 night,
2105 3819 69 34 and
2194 3819 45 32 he
2258 3811 196 39 continued
2487 3817 78 33 ins
2578 3811 63 46 dan
2641 3811 20 46 ;
2661 3811 128 46 ;rrous
2811 3822 94 28 state
2924 3817 63 34 till

1638 3870 145 44 Sunday
1805 3868 167 41 morning
1993 3867 107 34 %%ben
2115 3866 44 33 he
2183 3863 180 46 expired.
2415 3863 63 35 Ile
2498 3863 66 34 has
2593 3863 70 34 left
2679 3863 21 46 a
2700 3863 22 46 .
2722 3863 90 46 wife
2830 3865 70 33 and
2927 3876 41 22 se-

1639 3918 98 35 veral
1756 3915 183 35 children.

1684 3965 57 34 An
1761 3961 118 37 infant
1902 3961 116 40 child,
2036 3961 117 34 about
2170 3971 24 24 a
2212 3958 124 37 month
2356 3959 78 41 old,
2460 3969 76 26 was
2555 3957 111 35 found
2692 3964 38 28 nt
2751 3957 64 35 the
2832 3958 94 37 door
2943 3958 46 37 of

1641 4015 70 33 Mr.
1733 4010 142 46 fledge,
1891 4011 34 33 in
1941 4009 299 43 Oxford-street,
2252 4013 40 28 at
2309 4018 111 24 seven
2435 4007 144 35 o'clock
2604 4018 45 21 on
2666 4006 196 45 Thursday
2876 4017 115 25 even—

1639 4062 71 44 ing,
1733 4059 89 34 with
1838 4070 22 22 n,
1880 4064 84 28 note
1975 4057 159 45 praying
2152 4057 57 33 for
2228 4058 63 32 the
2310 4054 151 37 welfare
2477 4054 43 35 of
2532 4055 61 34 the
2615 4054 100 33 child
2732 4059 40 27 at
2792 4055 64 34 the
2875 4055 116 35 hands

1637 4108 41 34 of
1706 4119 99 24 some
1835 4106 91 33 kind
1956 4106 224 43 Christians,
2205 4106 71 33 and
2304 4103 221 43 accounting
2542 4100 59 35 for
2622 4102 46 34 its
2686 4113 189 33 exposure
2893 4102 97 35 from

1642 4154 183 43 wretched
1847 4160 157 38 poverty
2023 4163 9 27 ;
2062 4163 47 22 no
2128 4161 100 26 trace
2249 4152 64 33 has
2333 4157 63 39 yet
2415 4153 90 33 been
2528 4150 216 33 discovered
2765 4150 46 34 of
2832 4150 64 33 the
2923 4162 45 24 au-

1639 4202 143 40 natural
1802 4202 143 37 mother
2001 4202 63 37 the
2082 4201 104 37 child
2211 4209 72 26 wag
2303 4200 190 45 conveyed
2507 4206 38 28 to
2565 4199 64 34 the
2648 4208 97 35 poor
2765 4199 126 37 house.

1076 97 149 53 THE
1260 102 379 58 NATIONAL
1675 107 380 54 REGISTER.

270 241 83 35 The
377 237 97 34 Lord
496 235 116 35 Chief
632 234 124 35 Baron
783 234 77 35 told
878 233 64 34 the
954 231 98 46 Jury
1072 233 64 34 the
1154 231 77 37 fact
1251 243 72 24 was
1342 237 137 41 proved
1498 249 47 21 un-

217 286 281 51 questionably,
516 282 70 35 and
602 282 45 34 he
664 281 200 47 expressed
885 291 99 25 some
998 281 164 41 indignat
1180 282 61 33 ion
1257 288 39 28 at
1307 282 65 34 the
1389 283 180 46 language

217 334 239 51 represented
481 340 39 28 to
548 331 93 34 have
659 340 106 25 come
784 330 93 34 from
898 330 100 33 Lord
1026 330 195 45 Kenyon,
1241 330 60 34 the
1318 331 190 45 absurdity
1528 333 45 33 of

217 384 125 39 which
361 390 117 37 every
497 377 206 48 attorney's
720 378 103 35 clerk
842 376 107 38 could
973 377 91 34 have
1084 376 79 35 told
1204 377 90 35 him.
1344 377 61 37 lie
1423 379 78 34 said
1521 380 46 33 he

217 431 130 39 should
366 429 170 37 consider
567 426 187 35 hereafter
775 426 102 34 what
906 424 132 45 degree
1054 424 46 35 of
1127 425 244 45 punishment
1397 426 61 34 the
1488 428 60 45 pri-

217 490 107 28 soner
339 477 171 37 merited.
565 472 81 39 The
663 474 103 45 Jury
782 472 109 37 found
914 472 272 46 him—Guilty.
