3236 4524
405 285 338 50 POPULAR.
794 281 86 51 PR
893 285 80 47 EA
984 282 89 51 CH
1083 282 149 51 ERS.

667 365 80 38 No.
780 363 106 38 XX%
907 364 76 39 111.

262 490 119 41 What
403 500 138 34 wealth
559 500 38 34 in
613 500 116 38 •outs,
743 500 80 33 that
842 508 102 31 soar,
966 496 99 41 dire,
1083 507 111 34 range
1211 494 159 45 around;

262 542 227 50 DiAlaining
507 548 115 39 limit,
639 559 44 21 or
699 547 97 33 from
815 547 89 32 time
924 555 43 25 or
985 544 105 44 place
1107 556 11 28 ;

261 593 85 35 Aud
369 594 90 34 hear
476 602 37 26 at
535 604 105 31 Once,
661 598 33 31 in
889 593 194 34 extensive
1100 593 102 38 hear,

261 632 84 44 the
360 643 198 47 Almighty
580 644 92 34 nut
691 641 72 34 and
785 643 59 33 the
863 639 217 47 Trumpet's
1100 639 122 37 Sound
1239 639 63 34 !

1256 686 185 39 Youria.

432 785 129 41 REVS
592 784 144 40 JOLIN
769 783 286 45 HEWLETTi
1083 783 45 39 B.
1142 783 54 39 Ds

731 861 58 25 OF
809 859 90 27 THE

585 922 253 28 FOUNDLING
863 919 188 30 CII.IPP.t:

131 976 4 57 •
196 979 33 39 A
242 978 120 53 spirit
379 978 52 40 of
444 978 196 54 Oriigious
659 978 169 52 enquiry
850 991 129 25 seems
996 976 207 54 generally
1217 976 176 41 excited;
1450 979 37 38 It

143 1041 83 30 was
244 1033 176 43 natural,
443 1031 158 41 hided&
622 1033 89 37 that
732 1031 223 39 successive
987 1036 230 33 ctittracters
1245 1030 47 44 of
1320 1031 70 38 the
1413 1030 50 39 mi-

139 1085 145 39 nisters
304 1087 48 39 of
365 1087 188 51 religion,
570 1084 250 53 extensively
839 1083 302 46 disseminated,
1162 1083 144 40 should
1337 1089 150 34 attract

143 1150 115 28 more
278 1141 94 37 than
396 1140 113 39 usual
530 1139 201 39 attention
756 1139 184 37 towards
959 1136 172 51 religion
1154 1137 123 39 itself.
1335 1137 152 52 Young

137 1201 171 43 persons
325 1192 229 53 especially,
576 1193 96 37 with
704 1191 137 38 whom
861 1191 70 39 the
952 1191 178 50 practice
1149 1180 53 50 oi
1226 1189 137 40 divine
1384 1201 78 28 wor-

141 1244 87 53 ship
250 1245 30 38 is
296 1250 69 34 too
380 1259 24 22 ()
426 1251 66 32 ten
515 1246 66 38 the
598 1243 118 43 effect
737 1244 48 37 of
796 1243 97 52 duty
919 1244 139 39 rather
1074 1244 98 39 than
1191 1243 50 40 of
1253 1241 170 54 delight,
1443 1243 50 41 Of

138 1298 197 52 necessity
365 1299 137 38 rather
531 1298 97 39 than
659 1298 48 39 of
738 1296 259 45 inclination,
1029 1289 210 58 perceived
1261 1298 90 39 that
1372 1297 115 39 there

141 1361 94 35 was,
257 1350 37 38 in
317 1350 67 39 the
404 1350 167 39 beatific
587 1349 52 40 of
666 1348 190 47 holiness,
876 1350 235 51 something
1135 1349 204 53 infinitely
1370 1363 115 26 more

139 1402 211 39 estimable
365 1403 94 38 than
476 1404 92 50 they
592 1415 106 26 were
715 1402 262 39 accustomed
998 1409 41 31 to
1061 1402 236 52 anticipate.
1346 1403 110 38 Thou-

138 1455 132 45 sands,
306 1455 52 38 let.
396 1457 32 37 it
465 1456 50 39 be
549 1456 154 51 hoped,
737 1454 128 53 living
900 1468 103 25 once
1037 1454 110 39 alike
1178 1454 231 41 indifferent
1440 1460 44 34 to

136 1507 201 39 churches
372 1524 47 24 or
451 1508 182 53 chapels,
665 1508 81 39 will
774 1521 90 26 now
901 1507 193 46 exclaim,
1129 1507 97 40 with
1264 1507 119 54 pious
1410 1508 71 39 Dr.

143 1557 203 52 Watts;—

377 1617 99 34 Lord
496 1617 7 33 !
537 1617 85 33 how
644 1616 198 43 delightful
861 1615 63 35 'tis
946 1622 39 28 to
1003 1625 58 25 see

385 1667 32 32 A
441 1665 125 34 whole
581 1665 185 43 assembly
789 1664 165 45 worship
974 1665 84 32 thee
1074 1663 8 34 !

381 1708 19 39 I
418 1713 99 35 have
535 1714 91 34 been
646 1713 123 38 there,
783 1713 67 34 and
865 1714 79 33 still
965 1713 122 34 would
1103 1722 74 34 go;

378 1757 85 39 'Tis
478 1761 83 34 like
574 1770 22 24 a
613 1761 103 33 little
737 1760 156 35 Heaven
911 1761 139 33 below.

188 1818 60 43 Of
261 1819 83 40 this
357 1819 229 54 gratifying
601 1819 244 41 attendance
861 1833 52 26 on
930 1818 283 41 ecclesiastical
1228 1818 252 47 ordinances,

132 1881 78 30 our
227 1873 198 40 churches
456 1874 80 39 and
557 1872 180 52 chapels,
759 1873 226 51 reckoning
1002 1872 172 52 nothing
1195 1885 52 26 on
1267 1885 78 27 our
1362 1886 115 38 many

135 1926 120 38 other
276 1926 198 52 religious
503 1924 249 48 assemblies;
783 1926 155 39 furnish
973 1925 283 40 incontestible
1274 1925 163 40 evidence
1437 1925 20 40 .
1457 1925 21 40 .

133 1980 69 37 Go
222 1977 132 41 where
381 1985 61 34 we
463 1991 111 40 may,
608 1980 112 53 right
751 1991 50 26 or
831 1977 89 45 left,
950 1970 196 48 eastward
1175 1991 51 26 or
1256 1980 224 46 westward,

133 2028 112 41 from
266 2031 283 53 Lisson-green
580 2037 44 33 to
661 2033 71 39 the
765 2031 243 52 Foundling,
1038 2030 106 40 from
1174 2031 57 39 St.
1252 2033 170 40 James's
1443 2033 35 38 in

137 2083 222 52 Piccadilly
380 2088 44 35 to
446 2086 58 40 St.
524 2087 116 51 Mary
663 2089 40 34 at
741 2083 96 46 Hill,
856 2096 64 33 or,
939 2083 169 53 turning
1135 2083 208 46 southern,
1372 2082 107 43 from

137 2138 59 38 6t.
220 2139 198 51 George's
450 2138 41 39 in
522 2138 71 40 the
628 2137 197 53 Borough
861 2141 46 34 to
940 2137 70 40 the
1043 2134 164 53 Asylum
1232 2135 165 53 Chapel,
1420 2151 40 26 as-

133 2189 182 40 *mailed
335 2190 230 44 audiences,
582 2203 142 39 young
744 2190 79 40 and
844 2190 84 43 old,
958 2190 195 40 however
1170 2187 215 41 otherwise
1402 2189 54 40 dif-

137 2241 152 52 fering,
311 2243 136 52 testify
469 2249 248 34 UnanAnous
749 2254 274 28 concurrence
1046 2241 40 40 in
1108 2242 67 39 the
1196 2241 280 52 performance

135 2293 53 50 of
215 2296 237 39 devotional
485 2300 309 47 engagements:
850 2296 221 38 Whatever
1098 2300 71 33 are
1200 2295 70 39 the
1304 2296 105 38 vices
1435 2290 50 43 of

135 2337 81 48 our
235 2361 92 35 age,
351 2348 27 39 it
417 2348 33 39 is
477 2354 90 37 not,
596 2361 43 26 as
660 2349 28 38 it
711 2352 175 47 respects
906 2346 187 51 religion,
1115 2347 69 39 the
1202 2360 76 38 age
1298 2348 48 39 of
1361 2360 94 40 prac-

137 2400 97 39 tical
255 2400 215 52 infidelity.
530 2402 109 37 Even
660 2399 240 40 theoretical
932 2399 194 53 infidelity
1156 2413 135 26 ceases
1318 2413 90 26 now
1428 2406 45 35 to

138 2452 116 39 assail
276 2466 78 26 our
373 2466 106 32 ears,
515 2452 77 40 and
615 2452 123 40 insult
756 2466 77 26 our
850 2452 152 39 hearts.

188 2507 169 50 Happy;
385 2502 222 50 therefore;
638 2518 69 27 am
742 2507 15 37 I
794 2511 43 33 to
854 2507 184 43 observe,
1071 2504 306 53 independently
1397 2505 78 40 and

137 2556 354 53 conscientiously,
515 2556 51 40 of
588 2558 71 38 the
678 2563 163 47 present
861 2557 210 52 preacher,
1091 2557 70 39 the
1187 2559 126 38 REV.
1335 2559 138 38 JOHN

138 2611 283 46 HEWLETT,
443 2611 91 38 that
563 2610 61 39 his
646 2610 135 52 pulpit
816 2609 169 39 labours
1017 2623 69 27 are
1104 2609 217 52 eminently
1343 2610 110 40 calcu-

136 2661 111 40 lated
285 2668 43 34 to
372 2662 168 53 impress
574 2665 69 38 the
683 2662 351 53 understandings,
1072 2662 76 40 and
1188 2662 185 52 improve
1409 2663 67 40 the

136 2715 272 52 dispositions,
437 2715 51 39 of
503 2718 67 37 the
589 2725 222 32 numerous
841 2715 78 38 and
939 2714 248 53 respectable
1207 2715 210 39 audiences
1433 2722 43 34 to

133 2769 132 39 which
283 2769 94 52 they
400 2783 70 25 are
487 2769 253 52 eontinir.lly
762 2767 223 40 addressed.
1045 2770 59 38 He
1122 2770 45 43 is,
1186 2767 48 40 be
1256 2770 30 38 it
1311 2767 164 47 known,

136 2822 193 52 Morning
364 2823 203 40 Preacher
600 2826 43 34 at
677 2824 69 37 the
781 2819 230 54 Foundling
1041 2819 185 54 Hospital
1246 2837 11 27 ;
1304 2822 79 38 and
1415 2822 60 40 his

131 2872 164 43 hearers
317 2875 120 51 being
456 2875 146 51 chiefly
634 2875 117 40 those
787 2872 90 39 who
914 2872 139 41 attend
1095 2872 190 54 morning
1305 2874 169 47 service,

133 2935 69 31 are
222 2928 233 52 necessarily
491 2927 76 40 less
600 2927 300 52 promiscuous,
939 2926 79 40 and
1055 2927 288 52 consequently
1363 2941 113 26 more

131 2980 231 51 reputable,
398 2980 100 39 than
548 2980 194 39 numbers
778 2979 50 39 of
857 2979 97 40 such
994 2992 164 40 persons
1194 2993 45 26 as
1274 2993 69 26 are
1383 2993 91 26 seen

130 3033 226 52 thronging
374 3038 43 33 to
438 3033 71 39 the
528 3033 196 39 devotion
744 3032 51 40 of
810 3032 69 40 the
895 3045 191 39 evening.
1144 3032 89 40 'The
1259 3032 85 40 fact
1361 3033 32 38 is
1411 3046 43 26 ac-

130 3081 268 56 knowledged
413 3103 11 22 ;
456 3085 79 40 and
569 3085 71 39 the
678 3085 236 40 distinction
951 3085 31 39 is
1018 3084 211 53 deserving
1257 3085 52 40 of
1338 3085 112 41 obser-

130 3137 157 38 ration.

184 3189 59 39 Of
263 3189 70 40 the
352 3189 224 41 individual
606 3189 157 53 history
784 3189 50 39 of
856 3190 80 39 Mr.
960 3180 190 56 Hewlett,
1172 3191 15 37 I
1218 3202 66 27 am
1304 3189 171 43 enabled

125 3247 48 35 to
191 3248 122 39 state,
347 3243 233 53 accurately
602 3243 31 38 it
653 3242 32 40 is
707 3242 198 46 believed,
938 3242 91 39 that
1048 3241 48 40 he
1115 3241 196 53 formerly
1331 3241 102 56 kept
1452 3256 24 26 a

125 3295 161 46 school,
315 3293 65 41 for
398 3308 116 27 some
533 3308 133 40 years,
692 3300 44 34 at
755 3294 265 40 Shacklewell
1036 3311 9 28 ;
1076 3293 94 41 with
1196 3294 146 48 which,
1364 3295 83 40 how-

124 3356 116 39 ever,
261 3351 51 37 he
333 3347 71 39 has
423 3348 158 53 parted,
600 3350 141 38 rather
761 3347 364 52 advantageously.
1166 3350 63 38 He
1247 3348 32 40 is
1297 3351 48 37 of
1359 3352 86 48 Mag-

123 3402 123 41 dalen
267 3399 180 54 College,
463 3403 38 38 in
516 3400 260 52 Cambridge.
835 3403 77 38 Mr.
934 3402 175 39 Hewlett
1127 3402 31 38 is
1174 3400 149 47 known
1344 3402 39 39 in
1403 3404 69 38 the

124 3454 169 53 literary
317 3455 141 45 world,
478 3468 45 26 as
542 3455 151 39 author
707 3454 51 39 of
789 3468 24 25 a
874 3452 257 41 Vindication
1154 3454 50 39 of
1226 3455 70 39 the
1328 3456 144 38 Parian

125 3502 261 50 Chronicle;'
417 3521 25 25 a
461 3511 105 34 tract
588 3507 129 39 which
749 3506 177 54 displays
958 3511 118 48 great
1110 3506 182 54 learning
1319 3521 54 26 on
1403 3507 71 41 the

122 3562 164 51 *abject
304 3561 53 39 of
384 3561 71 39 the
476 3560 248 40 Arundelian
754 3560 188 39 Marbles.
999 3561 63 39 He
1082 3560 71 39 has
1174 3559 85 41 also
1277 3560 194 40 collected

120 3617 81 39 and
223 3612 213 53 published
470 3613 117 39 three
611 3612 187 40 volumes
831 3612 48 39 of
906 3613 61 38 his
1000 3613 188 39 Sermons
1206 3630 12 28 ;
1250 3613 76 39 and
1363 3613 50 39 he
1441 3615 31 38 is

115 3679 100 28 now
234 3666 158 48 editing
409 3678 24 26 a
449 3666 98 39 New
582 3665 163 40 Edition
768 3665 51 39 of
843 3666 79 38 The
944 3666 126 45 Bible,
1089 3665 217 52 originally
1330 3666 119 39 under-

122 3719 126 41 taken
267 3719 52 52 by
346 3719 70 39 the
433 3717 84 41 late
540 3720 70 38 Dr.
632 3720 207 50 Gregory,
867 3718 131 39 which
1022 3730 167 40 appears
1209 3718 203 52 monthly,
1434 3719 37 38 in

117 3780 138 48 parts;
287 3771 78 40 and
387 3772 131 38 which
552 3771 196 53 promises
777 3776 45 33 to
848 3770 145 53 supply
1017 3784 22 25 a
1058 3771 110 53 truly
1199 3770 188 40 valuable
1407 3770 45 43 de-

117 3828 228 40 sideratum
370 3826 46 38 id
429 3839 80 25 our
528 3823 255 52 theological
816 3822 224 41 literature.
1101 3827 34 37 It
1167 3829 104 34 must
1297 3824 47 39 be
1364 3837 107 34 seen,

115 3893 105 28 even
239 3879 111 40 Irvin
373 3879 80 39 this
471 3878 117 52 hasty
607 3878 280 52 specification
907 3878 51 38 of
974 3876 59 39 his
1051 3879 217 44 exertions,
1285 3878 91 40 that
1395 3880 81 38 Mr..

113 3933 187 43 Bewlett
320 3933 32 38 is
372 3931 256 53 abundantly
648 3930 197 53 qualified
867 3930 65 46 for
952 3930 60 40 his
1031 3930 158 40 clerical
1219 3931 254 40 avocations.

171 3987 135 40 There
339 3986 30 38 is
404 3985 122 39 much
557 3984 241 53 impressive
827 3983 216 52 solemnity
1065 3983 96 40 both
1183 3983 37 38 in
1243 3984 69 40 the
1331 3997 142 39 person

112 4041 84 43 •od
220 4051 169 27 manner
405 4037 51 40 of
472 4037 81 39 this
572 4037 215 52 preacher.
847 4037 71 38 His
937 4035 263 54 professional
1220 4036 255 53 deportment

115 4096 35 39 is
165 4091 243 52 sufficiently
430 4089 220 47 dignified,
672 4090 78 39 and
772 4089 61 40 his
850 4094 281 34 countenance
1147 4089 31 39 is
1198 4089 216 40 indicative
1431 4090 48 39 of

115 4147 65 40 his
197 4147 211 50 sincerity.
471 4146 74 39 His
565 4144 157 45 action,
739 4142 207 45 however,
978 4141 31 39 is
1036 4141 103 40 little
1166 4141 162 46 varied;
1357 4143 118 40 while

112 4200 67 41 his
201 4200 133 44 voice,
358 4195 206 56 naturally
587 4194 276 56 unpowerful,
893 4193 229 53 frequently
1146 4194 188 40 becomes
1363 4199 90 38 inau-

112 4252 129 46 dible.
300 4252 99 44 This
417 4251 129 45 latter
561 4251 137 45 defect
717 4251 38 44 is
771 4254 48 39 to
841 4250 47 43 be
908 4246 224 57 regretted,
1159 4247 187 52 because,
1365 4261 111 32 care•

2551 130 257 65 MAIICH
2824 146 83 52 26.

1556 267 100 52 folly
1678 280 43 27 as
1740 272 79 37 Mr.
1844 268 207 40 Hewlett's
2070 273 190 38 Sermons
2277 285 70 26 are
2366 274 233 51 composed,
2619 274 52 39 lie
2689 287 122 26 never
2832 274 48 40 de-

1559 319 117 41 livers
1694 334 52 27 an
1767 324 294 52 uninteresting
2074 331 214 33 sentence:
2317 325 53 39 he
2387 337 92 41 says
2499 326 172 52 nothing
2700 328 74 39 but
2791 326 111 44 what

1559 374 136 39 merits
1711 380 43 35 to
1773 377 50 40 be
1843 377 148 44 hearri;
2019 376 79 40 and
2120 378 137 44 much,
2277 390 98 40 very
2389 378 141 46 much,
2549 379 87 39 that
2657 380 59 39 his
2735 380 167 43 hearers

1559 432 106 35 must
1685 430 48 39 be
1750 430 174 40 anxious
1949 436 44 33 to
2022 435 180 35 treasure
2222 443 54 40 up
2295 430 64 41 for
2374 430 109 40 their
2500 444 89 27 own
2607 436 171 39 service.
2837 436 65 39 He

1556 480 152 41 seldom
1739 482 213 52 entangles
1978 482 176 47 himself,
2198 496 78 27 nor
2309 483 99 40 does
2451 483 51 41 he
2538 485 164 54 perplex
2738 485 161 50 others,

1557 533 93 40 with
1674 535 67 40 the
1761 536 198 40 subtilties
1989 535 51 40 of
2065 535 214 54 theology;
2309 549 46 26 or
2388 536 71 40 the
2484 537 170 61 dogmas
2670 540 50 39 of
2737 540 164 40 school-

1722 588 215 47 Practieal,
1957 588 137 41 rather
2113 589 98 40 than
2232 587 257 48 theoretical,
2510 592 60 38 his
2589 594 216 53 reasoning
2825 606 48 41 ap-

1556 639 107 52 peals
1687 640 170 56 directly
1877 647 43 35 to
1941 644 70 38 the
2034 641 335 56 understandings
2388 643 51 40 of
2450 643 61 40 his
2530 645 209 46 auditors;
2770 647 61 39 his
2850 646 32 39 il-

1554 691 239 44 lustrations
1818 707 70 28 are
1906 694 217 56 familiarly
2146 696 266 54 intelligible;
2446 698 79 39 and
2552 698 63 39 his
2643 697 257 43 conclusion*

1553 758 71 27 are
1643 746 208 40 therefore
1865 749 337 38 demonstrative.

1606 800 197 41 Whether
1832 809 61 32 we
1913 815 70 26 are
2002 808 41 33 to
2082 802 157 52 impute
2267 802 31 39 it
2315 807 46 35 to
2392 802 98 41 such
2511 803 319 41 considerations
2850 815 46 30 as

1553 850 71 43 the
1651 854 236 53 foregoing,
1918 854 195 56 Certainly
2138 856 30 40 it
2189 857 31 37 is
2236 857 236 40 sometimes
2491 859 70 39 the
2578 856 135 41 defect
2731 859 51 38 of
2811 860 80 40 Mr.

1554 905 208 43 Hewlett's
1780 908 237 47 discourses,
2047 909 234 50 commonly
2315 909 96 48 with
2448 911 117 40 those
2596 911 204 41 delivered
2838 913 57 52 I.y

1553 972 119 39 many
1708 960 122 40 other
1865 961 191 40 christian
2088 963 172 46 teachers
2261 963 22 46 ;
2314 964 87 39 that
2421 964 51 39 he
2491 966 227 51 expatiates
2748 978 51 26 on
2820 965 73 39 the

1552 1013 190 52 necessity
1761 1013 52 40 of
1833 1015 224 53 possessing
2075 1015 100 40 faith
2198 1017 174 39 without
2389 1016 233 53 explaining
2641 1018 71 39 the
2727 1018 167 40 method

1552 1065 52 53 by
1628 1065 126 45 which
1779 1067 32 40 it
1845 1081 74 27 can
1956 1069 50 39 be
2041 1069 208 41 obtained.
2308 1070 72 40 We
2415 1069 100 40 hear
2543 1070 263 54 satisfactorily
2806 1070 19 54 ,
2848 1069 52 47 of

1604 1119 70 39 the
1696 1121 129 46 truth,
1844 1110 80 51 and
1944 1121 69 40 the
2034 1121 66 40 life
2185 1122 77 40 but
2278 1129 59 32 we
2354 1122 52 39 do
2428 1128 72 33 not
2518 1122 107 40 learn
2660 1124 167 51 enough
2850 1124 48 39 of

1552 1178 27 19 66
1603 1172 67 39 the
1828 1174 131 39 which
1987 1174 177 47 .leads•to
2183 1173 113 43 truth
2329 1176 38 37 in
2387 1175 81 40 this
2489 1175 138 46 world,
2656 1178 78 38 and
2757 1182 44 34 to
2823 1176 71 41 life

1552 1224 38 39 in
1612 1224 69 40 the
1700 1239 48 26 ne
1782 1233 28 33 t.
1872 1230 102 51 Easy
1996 1227 32 39 is
2060 1226 30 40 it
2109 1233 44 34 to
2166 1227 77 41 -tell
2265 1239 89 32 men
2382 1233 45 33 to
2463 1227 51 40 be
2530 1230 129 51 good,
2687 1244 47 34 or
2757 1234 43 34 to
2818 1243 48 26 ex-

1548 1278 94 39 hort
1663 1292 81 38 goo
1794 1289 90 31 men
1904 1286 44 33 to
1963 1279 70 40 the
2054 1280 176 52 practice
2249 1280 48 40 Of
2320 1280 146 40 virtue.
2524 1281 63 39 All
2602 1283 71 44 the
2692 1281 198 53 difficulty

1551 1331 197 47 cOtiSists,.
1770 1346 47 25 or
1838 1333 30 39 it
1890 1333 30 39 is
1936 1331 67 41 the
2020 1331 112 41 work
2146 1333 48 39 of
2206 1335 132 45 truth,
2370 1335 37 38 in
2426 1332 233 56 explaining
2678 1339 43 35 to
2737 1337 154 38 sinners

1551 1384 92 39 how
1663 1387 33 45 It
1709 1389 34 37 is
1762 1385 96 53 they
1876 1400 67 27 are
1963 1391 44 34 to
2035 1387 170 40 become
2224 1388 209 53 righteous
2448 1401 11 28 ;
2491 1388 76 39 and
2588 1394 41 33 to
2654 1388 233 52 invigorate

1548 1450 100 27 even
1671 1439 38 39 itt
1730 1439 72 40 the
1819 1439 141 40 bosoms
1959 1439 24 40 .
1998 1440 51 39 of
2062 1440 70 39 the
2146 1437 119 48 elect,
2283 1441 67 38 the
2372 1446 106 33 trust
2497 1441 89 39 that
2654 1441 171 39 endures
2842 1446 46 34 to

1547 1491 71 40 the
1637 1482 76 50 end
1733 1486 40 43 V'
1827 1492 112 47 This,
1970 1493 287 45 nevertheless;
2289 1493 31 38 is
2354 1493 71 39 the
2459 1498 116 47 peat
2607 1493 91 40 task
2738 1493 50 40 of
2802 1493 85 40 him

1548 1544 106 47 who,
1676 1559 43 26 as
1752 1558 79 27 one
1851 1545 50 39 of
1929 1546 67 39 the
2031 1546 198 52 heavenly
2252 1546 226 45 workmen,
2510 1546 118 39 needs
2660 1552 74 33 not
2763 1552 45 35 to
2836 1547 52 40 be

1547 1597 189 40 ashamed
1756 1598 50 38 of
1820 1598 60 39 his
1898 1598 185 52 spiritual
2108 1598 313 52 workmanship.

1599 1650 280 52 Intelectually
1903 1651 252 39 illuminated
2174 1663 44 28 as
2238 1651 50 38 he
2315 1654 45 43 is,
2388 1651 202 47 elevated,
2621 1664 44 26 as
2682 1651 52 41 he
2756 1652 132 53 ought

1547 1707 43 34 to
1610 1702 91 46 feel,
1731 1704 133 38 above
1900 1703 226 53 particular
2152 1706 237 51 prejudices;
2422 1708 15 37 I
2477 1717 79 26 was
2589 1707 227 40 astonished
2838 1713 47 33 tis

1546 1755 97 40 hear
1668 1760 74 37 Mr.
1762 1756 175 39 Hewlett
1958 1756 220 53 preaching
2198 1760 156 50 against
2445 1757 198 52 visionary

1546 1812 15 35 I
1591 1808 102 47 fear,
1722 1809 157 45 indeed,
1904 1811 91 39 that
2023 1811 31 39 it
2076 1811 30 38 is
2126 1815 41 34 to
2185 1818 113 32 some
2316 1809 152 52 feeling
2490 1811 48 39 of
2563 1812 78 39 this
2661 1818 143 34 nature
2829 1821 58 31 we

1546 1869 106 33 must
1670 1867 111 34 trace
1800 1863 61 40 his
1877 1863 165 53 general
2063 1864 229 39 reluctance
2322 1870 43 33 to
2394 1863 203 41 elucidate
2624 1869 30 20 '
2675 1865 71 39 the
2778 1867 81 48 Mys-

1545 1920 89 47 tery
1656 1915 50 41 of
2037 1916 226 46 Godliness,
2280 1917 206 46 however,
2517 1917 32 39 it
2563 1916 79 40 still
2661 1930 79 33 one
2756 1918 48 39 of
2815 1919 70 39 the

1541 1974 181 48 greatest
1735 1969 208 52 mysteries
1956 1968 94 40 with
2066 1969 130 40 which
2217 1969 150 40 human
2380 1969 144 52 being
2538 1983 69 26 are
2619 1971 265 51 acquainted;

1543 2022 79 39 and
1643 2020 90 41 well
1752 2022 98 39 does
1869 2021 31 40 it
1919 2021 158 40 behove
2106 2022 70 40 the
2254 2022 196 39 Stewards
2470 2020 44 41 of
2544 2022 51 39 its

1544 2073 178 40 whether
1757 2087 91 26 men
1878 2074 81 39 will
1996 2074 100 41 hear
2115 2087 48 26 or
2192 2076 180 44 forbear,
2406 2080 74 33 not
2518 2080 45 35 to
2596 2075 141 41 shrink
2772 2075 92 52 from
2864 2075 24 52 .

1543 2126 222 53 declaring,
1793 2140 46 27 as
1871 2127 94 53 they

1988 2140 103 40 ,may
2122 2126 122 43 know
2272 2127 46 46 it,
2400 2128 72 40 the
2491 2126 129 43 whole
2640 2128 168 41 Council
2837 2126 51 44 of

1543 2179 90 39 God
1749 2178 198 54 Standing
1982 2180 181 40 between
2198 2181 71 38 the
2290 2180 144 40 Maker
2470 2179 76 41 and
2577 2183 70 38 the
2675 2185 204 41 creature,

1541 2232 69 38 the
1630 2230 118 53 pillar
1780 2230 51 41 of
1853 2231 125 40 cloud
2013 2232 54 54 by
2100 2233 78 53 day
2199 2233 78 40 and
2308 2233 47 39 of
2382 2233 77 40 fire
2491 2231 52 56 by
2564 2232 132 53 night,
2738 2233 53 40 let
2811 2236 69 38 the

1541 2284 181 41 minister
1741 2283 52 39 of
1817 2284 187 46 religion,
2035 2285 276 43 wheresoever
2330 2285 194 50 situated;
2544 2284 129 43 shake
2700 2287 70 40 the
2787 2287 93 40 diet

1540 2336 50 39 of
1603 2336 80 40 this
1702 2337 117 38 earth
1839 2337 105 38 from
1970 2339 58 39 his
2050 2339 98 40 feet:
2588 2342 236 38 ONEsiltes.

1591 2392 149 39 March
1759 2393 111 44 23t1t4
1896 2387 113 44 1809.

2002 2517 333 40 PROII.NrIA
2339 2518 76 39 LS.

1972 2641 221 44 SURREY
2224 2641 211 44 ASSIZES.

1817 2713 244 38 Ilti*GSTO!l,
2087 2712 202 33 THURSIS.I
2302 2719 46 32 Y,
2369 2719 159 26 MARCH
2550 2709 59 35 23.

1589 2765 170 39 William
1780 2770 102 34 John
1903 2771 136 45 Speed,
2057 2781 21 22 a
2102 2770 397 34 Lieutenant-Colonel
2529 2772 34 33 in
2582 2773 60 33 the
2661 2778 123 35 arms',
2804 2785 59 26 wn

1540 2816 159 34 indicted
1720 2817 57 33 for
1795 2818 170 45 bigamy,
1980 2818 33 34 in
2028 2818 190 45 Marrying
2235 2818 80 34 Ann
2329 2817 143 43 Thorn,
2491 2818 54 33 his
2564 2819 136 40 former
2715 2823 86 33 wife
2820 2828 57 28 he•

1540 2863 60 45 ing
1617 2864 78 33 still
1709 2865 130 41 living.
1894 2864 37 35 it
1949 2867 190 45 appeared
2165 2867 79 34 that
2262 2865 60 35 the
2342 2867 169 44 prisoner
2524 2875 37 26 at
2581 2869 61 33 the
2662 2862 84 48 far,
2765 2870 35 35 in
2818 2871 61 34 the

1540 2922 91 32 year
1654 2910 105 44 17f5,
1780 2923 76 24 was
1878 2923 46 24 an
1943 2914 136 43 Ensign
2099 2915 34 33 in
2152 2914 63 33 the
2235 2915 176 40 Mattines,
2431 2915 69 33 and
2519 2915 148 34 became
2683 2919 176 43 acquaint-

1539 2960 43 33 ed
1598 2959 93 35 with
1711 2970 26 24 a
1753 2961 91 33 Miss
1863 2961 152 40 Nelson,
2035 2961 125 33 whose
2176 2961 123 34 father
2319 2963 73 32 wai
2409 2961 86 33 then
2512 2974 45 22 an
2575 2963 214 43 Alderman,
2805 2967 73 34 and

1541 3007 85 33 who
1646 3007 70 35 had
1735 3009 91 34 been
1852 3020 25 24 a
1906 3009 137 43 Mayor
2061 3007 45 35 of
2133 3005 164 39 London.
2352 3001 60 43 He
2431 3011 156 33 married
2609 3013 78 34 that
2711 3013 100 45 Lady
2831 3026 48 24 on

1539 3053 63 34 the
1618 3052 65 38 9th
1703 3054 45 37 of
1761 3058 219 45 September
2013 3046 107 52 1189,
2152 3061 40 30 at
2211 3056 64 35 the
2296 3054 130 37 Parish
2447 3059 44 32 of
2510 3058 169 35 Furneux
2702 3059 174 45 Pelham,

1539 3100 35 37 In
1594 3103 60 34 the
1681 3109 136 40 county
1846 3103 45 35 of
1923 3100 194 38 Hertford.
2172 3103 60 35 He
2258 3098 194 41 continued
2489 3106 92 33 with
2617 3109 54 33 his
2707 3109 87 34 wife
2820 3111 60 34 fur

1539 3161 98 24 some
1656 3154 120 41 years,
1795 3152 70 34 and
1886 3151 70 35 had
1975 3144 167 43 children
2159 3150 51 46 by
2228 3151 90 43 her,.
2335 3151 65 37 but
2420 3152 37 34 in
2473 3163 246 37 consequence
2746 3156 45 34 of
2813 3157 76 35 hat

1540 3200 196 43 propriety
1755 3198 45 35 of
1812 3200 158 35 conduct
1985 3211 46 22 on
2052 3200 56 34 his
2130 3203 100 41 parts
2246 3201 67 33 she
2331 3213 74 28 was
2424 3202 206 45 compelled
2648 3209 39 27 to
2706 3203 86 35 seek
2822 3215 40 26 re-

1538 3246 85 44 fuge
1641 3246 92 34 with
1755 3247 66 34 her
1845 3246 138 43 father,
2002 3248 70 34 and
2093 3248 35 33 in
2146 3248 64 33 the
2228 3257 91 35 year
2337 3246 89 38 1192
2444 3249 150 35 articles
2608 3248 43 35 of
2663 3254 215 43 separation

1539 3304 97 24 were
1654 3293 120 45 signed
1794 3296 168 33 between
1980 3295 116 34 them.
2151 3293 81 37 The
2267 3295 167 45 prisoner
2451 3307 76 25 was
2543 3299 141 34 abroad
2704 3299 59 34 for
2777 3312 104 24 some

1539 3341 104 41 time,
1658 3341 70 35 and
1748 3343 35 34 in
1800 3344 61 33 the
1877 3353 90 33 year
1985 3343 89 35 1799
2095 3344 44 34 he
2152 3343 131 46 lodged
2300 3345 33 33 In
2348 3344 61 34 the
2431 3346 112 33 house
2561 3346 44 34 of
2616 3356 24 25 a
2657 3347 76 37 Mr.
2751 3347 131 37 Thorn

1537 3398 22 25 a
1585 3391 233 44 respectable
1848 3391 145 34 market
2019 3391 194 46 gardener,
2246 3402 87 26 near
2367 3391 163 46 Putney.
2583 3394 58 34 Ile
2657 3405 89 25 soon
2765 3392 113 39 found

1539 3438 120 32 means
1677 3442 38 30 to
1734 3437 182 35 insinuate
1935 3437 148 35 himself
2095 3439 77 33 into
2185 3438 63 35 the
2265 3433 135 41 favour
2413 3441 44 35 of
2470 3441 57 35 hii
2537 3442 130 34 second
2680 3442 201 45 daughter,

1535 3484 69 33 and
1624 3484 65 34 she
1709 3496 76 24 was
1805 3487 198 43 persuaded
2031 3493 37 27 to
2093 3496 124 35 marry
2242 3488 89 34 hini.
2383 3489 61 33 Ile
2472 3491 230 41 represented
2733 3490 154 37 himself

1534 3537 40 28 as
1592 3542 24 24 a
1637 3530 298 38 Lieut.-Colonel
1963 3535 33 32 in
2015 3535 63 33 the
2099 3535 132 45 Army,
2261 3536 69 33 and
2347 3547 39 24 as
2402 3547 70 22 one
2491 3536 133 44 having
2637 3539 61 33 the
2713 3537 78 34 best
2807 3549 46 24 ex-

1538 3581 222 43 pectations.
1814 3580 71 37 His
1903 3581 187 45 marriage
2106 3583 91 33 with
2217 3583 100 35 •Miss
2348 3585 156 41 Nelson,
2531 3585 71 34 and
2631 3586 57 33 his
2718 3586 162 46 identity

1538 3627 107 44 being
1663 3628 157 44 proved,
1846 3631 86 33 Miss
1951 3630 125 34 Thorn
2095 3631 175 43 deposed,
2303 3632 81 33 that
2417 3633 53 46 the
2470 3633 19 46 .
2517 3633 171 33 Prisoner
2718 3644 104 24 came
2838 3641 40 28 to

1538 3676 107 43 lodge
1663 3683 37 27 at
1720 3676 66 34 hot.
1804 3676 154 35 father's
1975 3689 45 22 on
2041 3679 59 32 the
2119 3670 64 41 dth
2203 3677 46 37 of
2270 3679 181 38 October,
2473 3678 110 43 1799,
2598 3679 69 35 and
2695 3680 64 34 she
2778 3691 73 25 mar-

1539 3723 76 33 ried
1637 3722 76 35 him
1731 3724 34 33 in
1796 3725 64 33 the
1883 3724 211 35 November
2115 3724 210 41 following.
2379 3726 112 35 After
2511 3729 44 32 1w
2575 3728 69 34 had
2663 3729 99 33 lived
2784 3730 92 33 with

1539 3769 63 35 her
1617 3771 117 34 about
1749 3771 73 35 five
1843 3774 142 32 filalltilS
2001 3774 44 33 he
2062 3780 93 28 went
2176 3780 38 28 to
2236 3772 177 43 Halifax,
2427 3776 71 33 and
2520 3772 63 37 left
2602 3776 63 34 her
2680 3787 196 35 pregnant.

1539 3815 59 38 lie
1616 3828 112 26 never
1741 3822 239 32 contributed
1997 3820 59 35 far
2074 3822 63 33 the
2147 3828 157 39 support
2322 3822 44 34 of
2380 3822 63 34 the
2456 3822 115 35 child.

1585 3876 81 33 The
1693 3878 169 41 ptkoner
1891 3878 81 34 said
1996 3878 47 34 he
2074 3878 69 35 had
2173 3878 109 35 erred
2309 3880 162 44 thrn*-h
2504 3880 209 44 ignarance.
2766 3880 115 39 Aftet

1537 3922 143 44 signing
1696 3935 22 22 a
1736 3926 91 33 deed
1843 3924 44 35 of
1898 3926 213 44 separation
2126 3926 93 35 from
2243 3928 56 33 his
2316 3925 104 43 wife,
2439 3930 46 33 he
2502 3927 189 37 instituted
2708 3939 24 25 a
2748 3931 71 33 suit
2841 3932 39 33 in

1541 3971 63 33 the
1624 3972 280 35 Ecclesiastical
1924 3972 135 43 Court,
2085 3974 124 37 either
2225 3983 39 27 to
2289 3978 146 43 compel
2458 3977 56 34 Iris
2536 3977 83 34 wife
2641 3983 38 28 to
2699 3985 120 28 return
2837 3983 44 32 td

1539 4018 91 41 him,
1650 4029 44 24 or
1709 4025 38 28 to
1766 4028 60 37 get
1845 4032 46 22 an
1917 4023 170 33 absolute
2102 4023 210 45 separation
2313 4023 21 45 s
2367 4024 71 34 and
2476 4025 35 32 in
2530 4036 22 22 a
2570 4024 158 44 motion,
2746 4026 130 35 which

1541 4077 73 25 was
1630 4067 105 34 made
1753 4069 37 33 in
1806 4069 66 33 the
1889 4067 129 47 King's
2041 4070 138 41 Bench,
2210 4069 58 38 for
2284 4083 24 24 a
2328 4071 248 44 prohibition,
2600 4072 94 37 Lord
2714 4071 163 46 Kenyon

1540 4115 70 34 had
1628 4115 78 34 said
1722 4115 96 33 from
1832 4116 64 34 the
1917 4115 141 44 Bench,
2076 4119 83 34 that
2173 4117 102 37 after
2302 4119 79 35 that
2413 4121 91 33 deed
2525 4120 44 34 he
2587 4131 76 25 was
2687 4130 40 26 as
2744 4121 77 37 free
2837 4126 46 32 at

1538 4163 71 33 air.
1663 4163 193 45 Thinking
1872 4162 152 38 himself
2048 4167 84 33 thus
2156 4165 81 38 free
2265 4167 96 34 from
2380 4168 189 41 restraint,
2596 4168 45 37 he
2655 4168 65 35 did
2748 4178 129 37 marry

1544 4212 86 33 Nliss
1644 4212 143 40 Thorn,
1818 4212 71 34 and
1917 4214 196 40 continued
2143 4215 98 38 with
2270 4215 65 37 her
2363 4218 94 34 anti)
2485 4215 60 40 his
2570 4209 148 57 tonal''
2718 4209 21 57 ,
2752 4217 129 38 duties

1537 4259 123 38 called
1675 4259 244 38 biaralma&

1043 135 148 54 TIM
1228 136 380 52 NATIONAL
1643 125 385 64 REGISTER.
