3236 4524
220 89 256 63 MARCH
498 89 89 53 26.

717 233 152 43 FIRE
899 227 154 46 ARTS.

214 347 92 30 THE
326 339 250 37 MONUMENT
594 334 59 40 Oi
684 345 73 26 SIR
776 344 151 27 RALPH
948 332 338 44 ABERCROMBIE,
1313 335 231 32 EXECUTED
1576 332 2 45 '

628 402 59 28 BY
712 400 304 34 WESTMACOTT,
1043 400 41 26 R.
1106 400 41 25 A.

262 462 64 40 To
343 469 221 45 perpetuate
580 465 64 34 the
659 474 167 35 memory
843 462 45 37 of
905 462 203 35 illustrious
1122 459 143 35 actions
1276 468 41 26 as
1330 456 85 37 well
1433 465 41 25 as
1488 455 64 34 the
1607 455 1 59 '

215 533 125 28 tames
358 524 44 34 of
417 526 104 33 Mose
534 524 48 44 by
598 521 125 37 whom
741 520 86 35 such
840 520 142 35 actions
1004 519 91 33 have
1121 517 90 34 been
1231 513 227 50 performed,
1488 511 65 34 has

217 581 96 35 been
325 580 182 35 esteemed
522 581 63 34 the
605 579 176 47 province
797 578 44 35 of
860 576 65 34 the
940 579 91 39 arts,
1050 583 86 26 ever
1160 573 98 35 since
1289 572 64 34 the
1369 574 74 31 arts
1461 569 94 34 have

216 635 96 37 been
332 637 35 35 in
384 637 202 35 existence.
614 637 180 44 Statuary
809 634 130 34 claims
957 630 393 48 particularattention
1368 627 34 34 in
1411 625 73 34 this
1501 635 38 24 re-

222 699 123 40 spect,
364 696 155 33 because
533 694 60 34 the
611 692 189 35 materials
810 690 31 34 it
855 690 171 45 employs
1045 687 162 46 promise
1218 685 65 34 the
1300 683 206 43 durability
1519 679 45 35 of

223 758 104 37 ages,
340 750 70 34 and
425 751 63 33 the
504 755 185 40 apparent
704 748 178 44 difficulty
901 743 44 37 of
959 746 45 33 its
1024 745 149 34 labours
1182 742 180 35 awakens
1376 738 164 35 astonish

226 813 102 28 ment
344 807 70 34 and
433 807 52 34 fix
500 807 197 34 attention.
750 804 79 34 The
857 800 139 37 defects
1023 801 113 34 under
1167 798 122 34 which
1307 797 53 34 all
1389 796 64 33 the
1480 803 64 35 per-

224 861 208 37 formances
445 863 44 34 of
510 865 178 44 Statuary
710 872 93 25 seem
830 859 227 46 principally
1078 863 37 28 to
1146 857 47 33 be
1215 852 210 48 depressed,
1456 860 67 25 are
1539 860 25 25 a

228 924 104 30 want
352 919 43 34 of
405 919 152 35 distinct
574 920 97 43 light
699 918 70 35 and
795 918 168 33 shadow.
1012 915 81 34 The
1109 912 104 46 glare
1231 911 44 35 of
1290 911 115 33 white
1422 907 142 35 marble

229 976 83 34 will
325 981 64 28 not
405 976 139 46 permit
567 976 106 33 those
690 974 162 34 delicate
869 973 148 33 hollows
1035 970 122 35 which
1182 970 86 44 give
1297 965 203 37 animation
1526 970 39 28 to

231 1032 180 41 features,
422 1032 72 34 and
507 1032 217 45 expression
749 1035 39 31 to
813 1041 25 24 a
854 1029 123 33 whole
994 1026 129 45 figure,
1148 1030 39 31 to
1218 1025 46 33 be
1292 1020 213 47 perceived,
1527 1024 39 31 at

231 1100 77 34 any
325 1089 256 35 considerable
599 1089 168 35 distance
782 1100 12 28 ;
819 1087 71 34 and
907 1084 111 46 again
1039 1083 63 35 the
1121 1081 149 47 general
1296 1081 104 33 effect
1417 1080 30 33 is
1468 1087 74 26 com-

241 1146 146 47 pletely
410 1146 90 43 lost,
529 1146 32 34 if
574 1146 103 35 these
693 1146 81 34 nice
791 1143 150 35 touches
956 1140 43 37 of
1010 1142 66 33 the
1095 1137 133 38 chissel
1259 1147 67 26 are
1350 1142 64 28 too
1430 1136 139 45 closely

233 1202 296 47 contemplated.
581 1204 39 34 It
638 1204 46 41 is,
700 1200 202 44 therefore,
921 1198 171 35 manifest
1115 1196 85 34 that
1226 1202 91 38 very
1335 1198 104 41 great
1455 1198 99 30 atten-

241 1261 83 34 tion
340 1258 120 47 ought
477 1264 40 32 to
529 1257 46 39 be
595 1260 92 45 paid
717 1264 39 30 to
775 1259 60 33 the
852 1257 165 46 position
1035 1254 44 34 of
1107 1264 72 34 any
1200 1251 104 47 piece
1330 1248 43 35 of
1391 1254 180 40 statuary.

241 1315 84 38 The
335 1317 100 45 light
454 1316 130 37 should
601 1319 47 33 be
664 1315 190 37 contrived
875 1324 43 24 so
932 1318 39 30 to
989 1309 69 39 fall
1075 1320 98 35 upon
1194 1309 32 35 it
1246 1318 40 25 as
1305 1310 39 32 to
1362 1307 85 45 give
1461 1316 112 37 every

242 1375 170 45 possible
429 1374 209 46 advantage
657 1378 40 30 to
724 1374 64 33 the
816 1369 107 38 chief
947 1368 267 48 prominencies
1230 1380 11 28 ;
1277 1365 72 34 and
1364 1364 34 35 if
1416 1374 25 26 a
1454 1369 124 39 strong

243 1433 157 33 shadow
415 1433 99 34 from
528 1442 72 34 any
615 1435 89 41 part
715 1430 45 34 of
771 1429 63 34 the
846 1427 183 45 building,
1046 1426 37 34 in
1103 1424 123 35 which
1247 1423 31 34 it
1294 1422 30 34 is
1337 1421 161 43 erected,
1513 1430 65 24 can

244 1491 194 45 generally
462 1492 45 32 be
523 1489 148 34 thrown
683 1495 100 37 upon
794 1485 60 35 the
870 1485 94 34 sides
983 1493 43 25 or
1042 1481 151 37 inferior
1213 1483 104 43 parts
1341 1478 41 35 of
1397 1478 65 33 the
1482 1487 73 24 com-

243 1545 183 45 position,
444 1544 86 37 such
548 1557 25 22 a
587 1544 156 35 shadow
763 1541 113 45 ought
893 1545 65 31 not
973 1546 40 28 to
1032 1539 45 34 be
1094 1537 201 46 neglected.
1325 1534 137 35 Indeed
1479 1533 102 34 there

241 1612 117 25 seems
373 1609 37 28 to
431 1605 46 32 he
494 1612 24 24 a
528 1607 107 40 great
650 1602 85 33 deal
751 1598 44 35 of
803 1598 74 35 this
889 1602 76 31 sort
981 1596 46 33 of
1041 1594 97 46 light
1149 1594 69 34 and
1235 1592 126 41 shade,
1376 1590 124 35 which
1519 1590 60 34 the

243 1661 113 33 artist
372 1661 119 44 ought
507 1663 38 31 to
560 1657 131 47 tegard
712 1655 93 35 with
820 1665 40 24 as
887 1654 105 34 much
1024 1650 182 37 attention
1238 1661 39 22 as
1310 1648 63 35 the
1400 1645 184 37 architect

246 1716 257 45 undoubtedly
521 1715 63 35 did
602 1715 35 35 in
656 1713 64 37 the
737 1713 161 46 position
913 1709 44 35 of
984 1710 63 33 the
1078 1707 176 34 windows
1273 1707 71 33 and
1362 1706 164 33 columns
1544 1703 45 33 of

248 1773 65 39 the
332 1773 184 45 building.
570 1772 19 34 I
621 1782 60 22 am
703 1770 59 34 led
778 1775 37 30 to
833 1769 99 34 these
966 1766 223 39 reflections,
1214 1774 46 24 on
1285 1763 64 33 the
1367 1762 161 45 position
1551 1760 43 33 of

248 1831 124 45 pieces
389 1830 43 33 of
443 1835 182 39 statuary,
638 1831 50 44 by
707 1828 64 34 the
783 1825 139 46 subject
937 1824 113 35 under
1069 1819 301 47 contemplation.
1400 1818 60 34 No
1476 1818 91 34 shim-

250 1887 81 34 tion
351 1887 106 34 could
480 1886 93 34 have
599 1886 91 33 been
709 1893 99 25 more
826 1879 269 37 unfavourable
1111 1883 35 28 to
1161 1876 31 34 it
1206 1876 86 35 than
1306 1876 83 33 that
1417 1874 35 34 in
1467 1873 122 35 which

253 1943 34 34 it
302 1942 137 37 stands.
495 1942 40 34 In
554 1942 100 34 front
671 1942 66 34 the
756 1939 120 35 whole
888 1938 103 34 effect
1010 1932 46 38 of
1076 1935 27 34 it
1120 1935 28 33 is
1166 1933 159 43 entirely
1352 1932 70 33 lost
1439 1941 12 32 ;
1478 1931 67 34 and
1565 1930 33 34 if

257 2003 66 33 the
340 2007 193 40 spectator
548 2011 126 24 moves
691 1998 161 37 towards
866 1998 57 34 his
938 1996 71 35 left
1026 1994 93 35 hand
1137 1994 37 35 in
1193 1993 116 46 hopes
1323 1991 41 34 of
1376 1991 144 45 placing
1539 1990 56 34 his

254 2068 76 35 eye
351 2059 34 33 in
396 2067 27 26 a
441 2068 99 24 more
555 2057 254 44 commanding
828 2055 120 47 point,
978 2053 45 34 he
1042 2061 89 26 soon
1161 2050 91 34 finds
1271 2048 152 41 himself
1447 2046 146 46 wedged

257 2118 81 34 into
357 2130 24 22 a
392 2120 133 33 corner
541 2118 151 35 whence
711 2117 58 34 his
782 2112 183 48 expected
978 2124 90 33 coup
1087 2109 102 37 d'eeid
1206 2109 28 34 is
1251 2107 213 38 contracted
1480 2107 78 34 into
1573 2117 24 25 a

261 2174 202 35 miserable
476 2174 78 35 side
566 2186 111 33 peep,
696 2173 125 35 which
837 2171 138 37 affords
1005 2170 76 34 him
1097 2178 24 24 a
1143 2177 90 35 very
1252 2165 110 34 weak
1381 2163 216 46 conception

260 2230 47 35 of
327 2231 65 34 the
424 2230 136 35 whole.
628 2231 84 34 The
742 2229 161 37 window
933 2228 159 45 directly
1122 2223 136 37 behind
1289 2222 65 34 the
1393 2225 207 30 monument

261 2287 148 35 throws
425 2300 25 22 a
463 2287 110 46 dingy
587 2285 100 46 light
704 2297 98 34 upon
820 2284 63 34 the
907 2283 118 37 backs
1046 2281 44 35 of
1103 2280 60 35 the
1194 2277 112 35 heads
1324 2276 44 34 of
1382 2276 63 35 the
1462 2275 117 46 princi-

259 2344 67 47 pal
345 2346 148 44 figures,
510 2343 69 35 and
596 2343 151 33 renders
771 2342 96 34 them
893 2352 39 25 as
958 2339 71 35 flat
1043 2337 70 34 and
1133 2336 157 39 lifeless,
1312 2343 39 24 as
1370 2333 64 33 the
1452 2333 149 44 profiles

259 2404 85 33 that
359 2411 66 26 are
441 2399 312 45 instantaneously
772 2395 210 48 performed
1013 2396 48 43 by
1082 2393 64 34 the
1172 2401 79 24 new
1270 2393 131 43 patent
1421 2388 176 35 machine.

263 2458 85 35 Yet
371 2458 53 34 all
456 2457 73 34 this
561 2457 31 33 is
620 2466 45 24 no
693 2454 145 39 further
863 2452 65 35 the
946 2451 97 35 fault
1072 2450 45 33 of
1143 2448 64 34 the
1224 2446 112 40 artist
1354 2445 89 34 than
1468 2456 40 22 as
1539 2445 61 34 the

259 2513 183 35 situation
462 2523 84 35 may
565 2517 93 30 have
676 2512 92 33 been
796 2507 67 35 left
892 2513 39 30 to
953 2507 57 34 his
1035 2504 143 41 choice,
1213 2513 43 24 or
1283 2513 41 22 as
1342 2502 45 33 be
1403 2511 85 34 may
1508 2502 96 33 have

262 2572 94 33 been
374 2569 208 47 compelled
602 2574 37 28 to
658 2567 163 35 conform
842 2562 154 38 himself
1017 2568 38 28 to
1081 2572 44 22 an
1142 2558 207 47 appointed
1369 2558 120 44 place.
1539 2556 64 35 No

262 2633 214 31 monument
494 2637 86 24 ever
593 2624 109 34 owed
720 2624 66 34 less
815 2628 39 31 to
874 2622 45 34 its
938 2620 164 47 position
1115 2619 89 33 than
1220 2616 87 34 does
1326 2614 70 37 this
1413 2614 136 34 labour
1563 2613 46 35 of

266 2685 81 34 Mr.
372 2685 260 34 Westmacott.

315 2741 139 37 Placed
475 2741 34 34 in
526 2740 84 35 such
626 2747 47 26 an
689 2737 122 38 unfair
830 2737 107 47 point
952 2734 45 35 of
1010 2734 117 38 view,
1144 2731 74 35 this
1237 2728 233 45 magnificent
1486 2737 119 37 group

265 2800 83 34 will
364 2798 164 45 scarcely
542 2802 97 31 meet
651 2796 65 34 the
724 2796 137 46 justice
887 2793 45 35 of
952 2792 86 35 such
1056 2790 125 35 critics
1200 2798 40 24 as
1266 2786 92 35 look
1376 2784 58 35 for
1459 2784 148 45 general

265 2856 165 45 striking
444 2863 254 37 appearance.
754 2852 53 34 Its
829 2850 128 34 merits
978 2858 66 25 are
1062 2843 200 41 obscured;
1305 2841 87 41 and,
1419 2841 190 34 whatever

267 2913 237 37 deficiencies
521 2911 30 34 it
567 2920 85 35 may
670 2920 155 35 possess,
837 2908 106 34 those
958 2903 229 37 deficiencies
1206 2910 65 24 are
1286 2897 162 44 strongly
1468 2896 122 45 height-

267 2972 94 33 ened
379 2970 50 45 by
445 2969 47 35 its
508 2966 193 38 situation.
754 2965 79 34 The
848 2965 116 43 figure
991 2960 46 37 of
1051 2960 59 35 Sir
1143 2956 144 45 Ralph,
1305 2954 126 35 which
1452 2954 28 32 is
1498 2963 112 34 every

274 3030 125 32 where
417 3024 228 46 intercepted
677 3024 52 44 by
745 3022 80 34 that
846 3018 45 38 of
913 3019 63 34 the
996 3014 235 47 Highlander
1254 3012 84 34 who
1369 3011 28 33 i
1426 3009 188 45 receiving

274 3083 78 34 him
369 3083 39 33 in
425 3083 58 33 his
500 3090 111 32 arms,
630 3079 30 35 is
673 3078 77 35 still
782 3086 99 26 more
906 3076 178 34 obscured
1103 3072 50 45 by
1173 3070 61 34 the
1251 3069 99 45 light
1367 3067 109 44 being
1488 3066 103 34 imme-

267 3139 148 44 diately
433 3137 137 35 behind
589 3137 44 34 it.
686 3136 84 37 The
789 3136 158 34 features
961 3131 44 35 of
1035 3132 61 33 the
1124 3126 283 45 magnanimous
1441 3124 174 43 Genral,

274 3196 110 35 when
404 3194 143 35 viewed
573 3193 96 37 from
687 3204 22 22 a
738 3193 105 34 small
870 3190 180 38 distance,
1080 3195 65 25 are
1161 3182 164 45 strongly
1344 3180 155 34 marked
1520 3180 97 34 with

274 3253 84 37 that
373 3252 219 46 expression
608 3252 44 34 of
661 3248 222 46 resignation
899 3246 67 34 and
987 3241 203 38 victorious
1196 3239 69 46 joy
1289 3237 79 34 that
1381 3236 161 34 elevates
1556 3236 65 34 the

274 3321 86 25 man
377 3309 44 34 of
430 3309 180 46 patriotic
627 3318 163 33 courage
806 3318 9 28 ;
836 3305 63 34 the
918 3304 158 34 features
1093 3298 43 35 of
1143 3298 63 34 the
1226 3292 231 46 Highlander
1467 3292 78 33 also
1557 3302 65 22 are

274 3366 234 47 exquisitely
524 3364 157 35 touched
704 3363 91 34 with
828 3366 117 39 regret
964 3358 73 35 and
1055 3356 157 34 warlike
1228 3351 164 40 ardour;
1434 3350 65 33 but
1517 3348 106 34 when

278 3426 66 33 the
354 3429 195 39 spectator
565 3423 230 33 endeavours
814 3424 38 30 to
888 3417 100 35 unite
1015 3415 102 33 these
1134 3409 210 38 sentiments
1363 3410 38 31 to
1421 3405 60 34 the
1500 3406 124 34 whole

276 3493 139 34 group,
435 3490 39 25 as
490 3481 30 33 it
534 3477 163 46 entirely
717 3477 31 33 is
765 3474 188 47 presented
969 3480 39 26 to
1029 3471 74 33 him
1121 3474 39 28 at
1176 3477 67 33 any
1271 3465 102 44 point
1401 3462 46 34 of
1467 3461 94 37 view
1578 3464 46 31 he

280 3550 87 34 may
385 3537 214 34 endeavour
632 3540 40 30 to
691 3529 156 45 obtain,'
869 3530 46 34 he
945 3529 89 34 tinds
1064 3537 45 24 no
1141 3522 163 50 rF3ible
1324 3520 244 35 assimilation
1586 3519 44 33 of

285 3598 104 33 ideas
405 3606 11 24 :
446 3593 63 35 the
528 3592 143 43 whole,
702 3601 43 24 as
762 3591 43 33 he
821 3598 77 26 sees
926 3587 43 41 it,
997 3595 47 24 no
1067 3582 120 35 where
1207 3576 243 46 corresponds
1468 3574 92 37 with
1581 3576 46 33 its

287 3659 123 40 parts.

344 3715 91 40 But,
456 3711 190 35 whatever
661 3718 89 35 may
769 3709 44 33 be
841 3703 163 38 allowed
1030 3702 63 34 for
1108 3710 39 25 so
1168 3697 70 34 had
1263 3705 22 25 a
1317 3692 180 48 position,
1517 3690 20 35 I
1557 3687 70 38 feel

286 3770 139 47 myself
439 3767 149 46 obliged
608 3771 38 28 to
670 3776 67 34 say
751 3764 80 35 that
847 3774 25 24 a
891 3759 211 37 front-view
1123 3754 45 37 of
1189 3755 73 32 this
1291 3754 209 32 monument
1518 3748 110 35 could

287 3830 38 33 in
344 3839 45 24 no
424 3826 182 34 direction
635 3822 46 35 of
712 3823 64 34 the
804 3820 96 46 light
919 3820 46 32 be
983 3815 112 47 good.
1147 3813 83 34 The
1247 3809 98 35 back
1364 3807 45 35 of
1424 3807 63 34 the
1506 3804 99 46 High-

285 3885 131 37 lander
430 3889 113 28 meets
572 3881 61 34 the
651 3889 72 35 eye
754 3885 60 28 too
846 3873 248 50 prominently
1111 3870 71 34 and
1200 3869 169 41 destroys
1385 3865 63 33 the
1467 3865 164 38 interest,

286 3943 98 33 from
404 3940 64 34 the
485 3950 87 33 very
589 3943 89 41 spot
700 3931 47 40 at
762 3934 118 35 which
901 3944 25 22 a
946 3930 194 46 judicious
1166 3925 111 35 critic
1303 3922 76 34 will
1400 3924 44 33 be
1457 3920 61 35 the
1538 3924 93 31 most

287 4009 111 33 eager
419 4004 40 28 to
488 3997 155 33 observe
666 3996 56 35 it.
776 3993 37 34 It
836 3991 31 34 is
886 3996 60 28 not
970 3990 67 32 but
1067 3991 39 28 at
1129 3993 24 25 a
1179 3979 255 37 considerable
1452 3978 178 40 distance,

288 4067 33 24 w
333 4057 85 32 here
436 4063 112 35 every
566 4052 104 44 thing
681 4055 138 40 except
847 4045 145 46 general
1017 4042 109 35 effect
1147 4042 27 31 :!;
1189 4037 159 45 entirely
1368 4037 86 38 lost,
1469 4035 79 33 that
1569 4033 63 33 the

289 4113 117 44 figure
425 4110 47 35 of
488 4110 58 35 Sir
563 4110 47 34 R.
633 4104 269 39 Abercrombie
922 4102 87 34 rises
1041 4095 215 44 sufficiently
1271 4095 122 35 above
1410 4093 193 43 thegroup

289 4167 61 39 his
367 4170 161 45 charger
541 4168 86 37 then
644 4165 53 35 dw
710 4161 124 38 'tllest
857 4167 64 30 ato
945 4167 27 26 a
1000 4157 204 41 Galloway
1226 4159 96 34 runt,
1342 4159 40 26 or
1400 4157 112 27 seems
1530 4152 37 30 to
1587 4147 43 34 be

2837 70 104 52 205

1610 220 165 38 intended
1793 220 63 35 for
1871 231 70 24 oue
1956 221 45 33 of
2011 221 63 34 the
2088 222 105 34 short
2210 222 111 32 steeds
2339 220 48 45 of
2394 222 60 32 the
2465 220 120 32 desart
2602 229 47 22 on
2667 216 124 35 which
2806 226 56 25 we
2876 224 70 27 are

1610 279 78 33 told
1707 281 61 32 the
1793 279 229 34 Mamelukes
2042 288 97 22 were
2170 278 86 34 used
2275 282 38 28 to
2331 278 110 33 make
2469 275 99 35 their
2595 274 183 34 ferocious
2810 282 137 25 excur-

1615 333 113 37 lions:
1755 334 60 35 the
1832 335 105 33 hoisc
1956 335 99 43 gives
2074 344 39 25 us
2127 331 188 38 therefore
2331 332 64 34 the
2414 332 83 33 idea
2515 331 41 33 of
2576 341 26 22 a
2617 331 146 33 conceit
2780 340 43 22 or
2841 331 109 32 misc..

1615 391 103 34 rable
1747 392 159 32 allusion
1922 396 38 28 to
1987 391 64 32 the
2080 396 155 38 country
2267 390 35 32 in
2334 389 124 33 which
2487 389 60 32 the
2567 393 104 37 great
2704 386 247 34 Unintnancler

1613 446 214 34 terminated
1863 448 56 33 his
1950 446 228 34 honourable
2194 455 148 26 career:
2374 446 20 33 I
2421 455 69 25 can
2518 444 131 43 hardly
2685 443 141 33 believe
2865 442 85 33 that

1616 503 73 35 Mr.
1711 503 239 34 Wegtmacott
1976 502 273 35 condescended
2276 508 39 27 to
2333 501 144 34 consult
2505 500 200 33 Theodore
2733 496 115 37 }Wok
2867 498 81 34 !---1

1618 559 94 45 hope
1741 559 61 33 the
1832 559 97 35 reins
1954 559 67 34 and
2041 559 71 40 bit,
2128 559 41 33 hs
2189 557 86 34 well
2294 568 39 24 as
2361 559 65 33 the
2458 565 105 37 spurs
2595 554 43 35 of
2661 556 58 32 Sir
2741 553 124 47 Ralph
2884 565 69 24 are

1618 614 112 34 under
1747 617 64 32 the
1839 615 133 34 chissel
1989 614 44 35 of
2048 615 76 33 Mr.
2146 613 61 34 W.
2236 612 58 35 for
2316 613 64 34 the
2414 612 169 34 leathern
2613 611 123 33 bridle
2752 611 67 33 and
2850 618 103 38 ru4ty

1622 672 69 43 hit,
1715 683 39 21 as
1775 672 83 33 well
1874 683 41 22 as
1943 671 63 34 the
2036 670 150 45 painted
2219 679 89 35 spur
2341 679 83 22 now
2458 666 176 35 attached
2667 674 39 27 to
2738 667 61 33 the
2818 667 136 45 figures

1623 729 92 33 have
1728 741 25 22 a
1770 729 196 34 miserable
1982 736 253 37 appearance.

1669 794 78 35 The
1763 794 120 33 naked
1904 794 112 44 figure
2041 793 159 34 beneath
2222 790 63 34 the
2319 789 107 34 horse
2453 788 30 34 is
2500 800 24 22 a
2559 788 105 46 piece
2693 787 45 37 of
2751 788 210 35 admirable

1624 852 198 45 sculpture.
1873 850 80 33 The
1970 850 184 43 fore-part
2176 848 44 34 of
2230 848 59 33 the
2308 846 70 34 left
2393 857 78 22 ara'
2490 847 27 32 is
2537 846 175 34 however
2732 852 60 28 not
2804 857 39 24 so
2875 846 87 34 well

1626 907 148 34 finished
1786 915 40 25 as
1843 905 63 34 the
1930 912 72 28 rest
2019 905 41 34 of
2091 906 64 33 the
2184 905 116 44 body.
2352 905 80 33 The
2451 902 180 34 extended
2660 904 93 33 hand
2773 914 98 33 upon
2896 905 67 32 the

1626 963 231 47 ground,and
1873 963 64 34 the
1954 963 219 33 indentmeot
2190 961 44 34 of
2246 961 63 34 the
2323 960 154 35 muscles
2494 970 46 25 on
2557 960 64 34 the
2634 959 188 41 shoulder,
2838 970 66 25 are
2923 958 46 38 of

1629 1022 216 33 themselves
1859 1019 215 44 expressive
2091 1018 44 35 of
2163 1018 63 34 the
2241 1029 122 32 agony
2382 1016 45 35 of
2454 1016 137 35 intense
2609 1016 89 45 pain
2713 1029 12 28 ;
2772 1016 113 34 while
2904 1017 65 35 the

1631 1077 94 35 hand
1749 1077 83 34 that
1852 1076 77 34 still
1948 1087 130 34 grasps
2109 1081 38 28 at
2178 1075 60 34 the
2264 1074 116 34 fallen
2398 1074 171 34 standard
2590 1074 111 44 finely
2717 1072 167 46 displays
2902 1074 67 34 the

1632 1134 161 45 tenacity
1809 1133 47 33 of
1876 1133 165 45 military
2061 1133 202 33 resolution
2290 1133 35 32 in
2354 1129 63 35 the
2435 1137 159 27 moment
2611 1130 46 33 of
2679 1129 138 46 painful
2839 1131 132 35 death.

1633 1192 89 34 This
1734 1191 131 44 figure,
1889 1199 97 25 were
2003 1191 30 33 it
2061 1189 176 43 original,
2258 1188 122 34 would
2406 1187 47 33 do
2472 1187 65 33 the
2552 1187 169 44 sculptor
2743 1185 60 33 the
2824 1186 149 45 highest

1636 1246 151 35 honour.
1839 1244 40 38 It
1897 1245 27 34 is
1943 1244 176 35 however
2134 1256 24 22 a
2173 1254 116 34 copy.
2343 1244 57 33 On
2420 1250 156 26 account
2604 1243 46 33 of
2674 1243 65 33 the
2753 1245 221 41 execution,

1638 1305 31 33 it
1682 1303 123 35 would
1832 1303 48 34 be
1905 1302 182 45 unseemly
2121 1306 39 28 to
2192 1306 120 39 regret
2333 1302 60 32 the
2413 1305 99 28 want
2530 1299 44 33 of
2602 1297 220 45 uniformity
2854 1300 35 33 in
2908 1302 66 32 the

1638 1364 174 30 costume.
1865 1359 100 44 Why
1996 1359 31 32 is
2054 1357 64 34 the
2141 1356 115 45 dying
2288 1354 142 37 French
2456 1355 139 33 soldier
2622 1355 122 33 naked
2778 1355 107 35 when
2910 1356 65 34 the

1645 1416 138 35 British
1804 1416 154 34 General
1972 1414 69 34 and
2059 1413 60 34 the
2134 1413 233 44 Highlander
2380 1421 65 25 are
2463 1413 183 45 correctly
2662 1411 144 34 clothed
2825 1413 35 33 in
2876 1413 102 34 their

1643 1482 137 35 proper
1793 1472 91 45 garb
1900 1472 13 33 ?
1942 1470 120 45 surely
2083 1470 30 33 it
2132 1470 30 33 is
2191 1473 63 30 not
2270 1468 63 34 the
2350 1472 139 31 custom
2507 1467 43 33 of
2564 1468 61 33 the
2646 1468 141 34 British
2807 1479 106 35 army
2935 1476 41 28 to

1643 1528 90 46 strip
1752 1528 63 34 the
1831 1527 94 35 slain
1939 1527 9 34 !
1962 1528 97 33 Or
2074 1526 87 34 does
2187 1524 64 34 the
2269 1524 105 34 artist
2393 1534 104 24 mean
2517 1524 72 33 this
2607 1524 59 33 for
2682 1534 45 22 an
2754 1524 224 45 allegorical

1645 1586 112 44 figure
1774 1584 45 35 of
1835 1584 120 35 Gallic
1975 1592 131 37 power
2125 1583 81 33 thus
2223 1580 207 45 conquered
2445 1579 71 41 and
2532 1579 207 45 compelled
2758 1585 38 28 to
2815 1573 72 41 Lite
2914 1583 61 33 the

1644 1642 165 45 ground?
1840 1642 47 34 In
1903 1649 46 25 no
1968 1648 145 25 manner
2131 1637 235 37 whatsoever
2387 1636 77 33 will
2485 1636 28 32 it
2530 1645 110 34 agree
2659 1636 90 33 with
2770 1637 60 33 the
2848 1643 73 30 rest
2939 1638 45 34 of

1649 1698 59 34 the
1722 1708 118 34 group
1857 1708 9 22 :
1896 1694 136 45 though
2054 1695 19 33 I
2093 1700 91 27 must
2203 1693 268 43 acknowledge
2499 1693 79 34 that
2597 1693 60 33 the
2680 1698 110 27 worst
2807 1694 84 34 that
2908 1706 71 24 cam

1649 1757 46 33 be
1709 1754 78 35 said
1807 1753 45 35 of
1867 1753 28 33 it
1915 1753 43 43 is,
1984 1752 81 33 that
2081 1752 31 33 it
2130 1752 28 33 is
2171 1756 66 28 too
2256 1749 96 44 good
2372 1748 59 34 for
2450 1748 61 34 the
2533 1753 86 28 rest.

1696 1822 80 34 The
1795 1817 262 47 Highlander's
2087 1817 71 33 left
2189 1815 97 34 hand
2315 1814 117 45 might
2464 1814 122 43 surely
2610 1813 93 34 have
2738 1815 89 34 been
2859 1815 125 35 better

1652 1878 130 45 placed
1800 1876 91 34 than
1907 1876 112 33 under
2036 1873 60 34 the
2115 1872 106 45 thigh
2251 1871 44 34 of
2315 1872 60 33 the
2395 1871 174 34 General.
2620 1872 81 33 The
2719 1873 203 34 animation
2942 1872 45 35 of

1652 1932 190 37 sentiment
1861 1933 28 33 is
1906 1932 71 33 lost
1994 1930 34 34 in
2047 1930 86 34 such
2164 1941 22 22 a
2205 1929 145 44 regular
2368 1928 148 54 method
2537 1925 39 35 of
2595 1926 150 45 helping
2760 1938 24 22 a
2800 1930 183 35 wounded

1654 2001 80 25 man
1750 1989 97 34 from
1864 1987 54 34 his
1932 1987 118 34 horse.
2104 1985 35 34 A
2157 1995 164 25 common
2341 1984 146 33 servant
2509 1983 119 34 would
2648 1983 104 34 assist
2772 1983 53 35 his
2844 1994 138 27 master

1656 2049 35 33 in
1721 2044 85 34 that
1835 2053 158 31 manner,
2027 2042 67 35 but
2118 2052 47 24 an
2192 2040 237 35 affectionate
2459 2041 159 37 servant,
2648 2050 24 22 a
2699 2041 288 37 warm-hearted

1657 2100 190 46 Highland
1874 2100 151 40 soldier,
2055 2098 124 33 would
2215 2098 100 41 clasp
2347 2096 53 33 his
2422 2096 234 33 commander
2675 2095 90 35 with
2797 2098 67 33 less
2890 2109 80 24 cere-

1656 2170 125 32 mony,
1798 2157 72 35 and
1891 2156 123 35 would
2028 2156 152 44 thereby
2205 2154 152 45 impress
2379 2153 61 33 the
2454 2152 196 35 beholders
2667 2153 90 34 with
2771 2164 100 25 more
2889 2166 74 25 com-

1658 2215 228 34 miseration.

1704 2280 83 33 The
1804 2280 177 44 sphinxes
1993 2287 65 25 are
2074 2275 157 45 clumsy,
2248 2274 69 34 and
2333 2283 64 24 are
2415 2271 163 47 perhaps
2596 2272 171 45 designed
2785 2280 40 28 to
2843 2276 47 34 be
2908 2287 85 37 spee

1659 2335 132 34 cimens
1818 2333 45 34 of
1887 2333 191 46 Egyptian
2107 2333 201 44 sculpture.
2361 2329 109 44 They
2499 2329 47 34 do
2575 2340 46 24 no
2654 2333 130 32 accord
2806 2333 91 33 with
2929 2335 65 35 the

1659 2402 116 34 group
1809 2393 122 32 above
1965 2391 115 33 them.
2132 2388 138 35 Indeed
2302 2387 63 33 the
2398 2385 163 46 pedestal
2578 2386 89 33 dues
2683 2394 61 27 not
2774 2391 219 46 sufficiently

1662 2450 142 33 elevate
1820 2447 64 33 the
1903 2445 242 34 monumental
2180 2454 119 34 group
2319 2444 120 33 above
2459 2441 115 41 them,
2600 2443 69 33 and
2700 2444 87 44 they
2809 2444 96 38 have
2934 2450 65 33 the

1661 2512 235 37 appearance
1912 2502 43 34 of
1962 2502 203 41 something
2180 2509 100 25 more
2300 2499 87 34 than
2409 2507 97 24 mere
2524 2498 191 45 auxiliary
2732 2500 145 41 figures.
2916 2502 84 37 The

1665 2559 161 46 pedestal
1846 2558 116 44 ought
1980 2564 37 28 to
2036 2558 96 32 have
2159 2556 71 33 had
2251 2565 100 24 more
2366 2555 43 33 of
2425 2555 63 32 the
2507 2554 190 46 Egyptian
2713 2555 213 38 character.

1714 2624 105 35 With
1832 2624 53 34 all
1917 2626 45 33 its
1982 2623 128 41 faults,
2135 2622 74 34 this
2230 2622 28 33 is
2277 2620 248 35 nevertheless
2543 2629 22 22 a
2589 2620 110 45 finely
2725 2624 169 41 wrought
2915 2636 64 33 per-

1668 2683 198 34 formance.
1919 2679 105 35 With
2060 2683 148 40 respect
2241 2683 37 27 to
2306 2678 204 43 secondary
2530 2676 300 41 considerations,
2856 2682 89 33 such
2965 2693 39 24 as

1669 2741 59 34 the
1747 2745 100 30 turns
1861 2737 44 35 of
1917 2737 119 43 limbs,
2057 2735 59 34 the
2131 2737 86 32 ttow
2230 2734 46 35 of
2288 2734 178 45 drapery,
2487 2732 63 38 the
2569 2732 187 46 markings
2774 2735 43 33 of
2825 2737 177 44 features,

1669 2797 69 34 and
1750 2796 196 45 corporeal
1963 2794 151 34 muscles
2132 2792 70 35 and
2217 2792 149 39 sinews,
2386 2790 27 34 it
2431 2791 30 33 is
2480 2789 125 46 highly
2627 2790 169 41 finished,
2820 2796 71 32 and
2911 2806 93 27 must

1670 2855 45 32 he
1741 2851 176 46 regarded
1950 2861 39 24 as
2015 2861 24 22 a
2066 2850 107 44 piece
2193 2848 44 34 of
2269 2848 276 43 workmanship
2577 2848 135 33 almost
2744 2848 206 38 unrivalled
2973 2856 33 32 in

1672 2910 146 33 modern
1838 2908 119 33 (lines.
2011 2907 76 33 But
2113 2916 40 22 as
2185 2916 25 22 a
2245 2906 137 40 whole,
2407 2913 40 24 as
2480 2914 24 22 a
2523 2903 152 33 massive
2691 2902 70 34 and
2794 2906 214 50 interesting

1674 2966 106 41 piece
1795 2963 45 34 of
1852 2963 202 43 sculpture,
2080 2970 39 24 ns
2134 2970 25 22 a
2176 2970 119 34 group
2311 2959 124 34 which
2456 2960 63 32 the
2537 2959 168 43 pathetic
2726 2967 143 34 powers
2889 2962 45 34 of
2946 2976 41 33 ge-

1674 3024 78 33 nius
1769 3020 120 44 might
1907 3019 92 33 have
2015 3017 200 35 exhibited
2233 3022 39 27 to
2291 3015 63 34 the
2373 3015 155 41 feelings
2545 3013 44 34 of
2602 3025 21 24 a
2647 3014 142 34 British
2810 3019 144 43 public,
2983 3024 27 33 it

1677 3083 28 31 is
1721 3077 183 44 certainly
1924 3086 85 34 very
2042 3074 201 34 defective.
2298 3072 203 33 Whatever
2530 3072 210 43 sensibility
2770 3073 63 33 the
2856 3076 99 45 sight
2974 3078 41 35 of

1680 3137 69 33 this
1767 3141 204 27 monument
1991 3142 84 32 may
2106 3130 176 38 awaken,
2309 3129 83 32 that
2419 3129 208 41 sensibility
2650 3129 76 32 will
2758 3130 46 33 be
2823 3142 100 25 inure
2942 3133 70 35 due

1680 3197 35 28 to
1734 3191 61 32 the
1812 3189 229 43 melancholy
2062 3187 70 33 and
2152 3184 439 44 never-to-he-forgotten
2610 3187 174 33 occncion
2819 3188 80 34 that
2919 3202 94 31 gave

1682 3248 25 34 it
1727 3248 85 41 rise,
1832 3247 90 34 than
1938 3252 37 27 to
1989 3255 70 34 any
2072 3246 133 43 pettims
2226 3242 209 43 emanating
2452 3240 94 34 from
2563 3241 63 33 the
2644 3242 96 34 mind
2763 3243 44 33 of
2823 3246 59 33 the

2897 3249 105 43 sculls-

1682 3308 72 31 tor.

2828 3305 59 31 CH
2896 3314 9 21 I
2915 3314 97 25 RON.

1736 3423 87 40 The
1860 3422 87 39 Life
1980 3422 50 39 of
2060 3422 70 39 the
2167 3423 125 38 Great
2323 3420 129 44 John,
2485 3422 120 39 Duke
2635 3420 50 40 of
2713 3422 311 56 Marlborough,

1685 3476 126 40 which
1832 3478 229 48 Bonaparte
2082 3475 70 38 has
2178 3481 85 32 sent
2282 3477 45 34 to
2347 3474 69 39 the
2434 3481 163 45 present
2636 3475 136 45 Duke,
2804 3477 30 38 is
2854 3480 172 50 perhaps

1687 3530 69 40 the
1774 3527 92 53 only
1903 3528 202 47 remaining
2105 3528 24 47 -
2147 3526 187 52 example
2354 3526 48 39 of
2434 3539 25 25 a
2479 3527 231 52 few.copies
2732 3530 157 48 printed
2914 3544 109 38 upon

1689 3581 149 41 vellum
1860 3593 139 40 paper,
2021 3580 76 38 and
2117 3579 135 39 bound
2275 3582 37 34 in
2331 3591 24 27 a
2376 3585 107 32 most
2504 3580 146 51 superb
2673 3593 181 33 manner,
2885 3583 50 52 by
2960 3598 45 25 or-

1689 3635 69 40 der
1793 3634 51 39 of
1876 3632 139 45 Sarah,
2044 3632 180 39 Duchess
2259 3631 50 40 of
2337 3631 317 53 Marlborough,
2686 3633 38 38 in
2761 3635 119 39 order
2902 3641 60 33 to'
2980 3637 50 39 be

1690 3686 206 56 presented
1916 3690 43 35 to
1995 3684 71 40 the
2095 3685 187 38 different
2313 3685 219 38 monarchs
2557 3685 51 38 of
2633 3689 177 48 Europe.
2868 3689 86 39 Ore
2989 3690 46 38 of

1691 3744 67 37 the
1795 3742 244 40 ornaments,
2068 3750 56 26 on
2159 3736 130 39 which
2311 3737 120 38 much
2461 3749 180 40 expence
2672 3741 76 38 and
2771 3739 148 40 labour
2955 3742 78 40 had

1690 3794 102 39 been
1828 3790 214 44 bestowed,
2073 3802 80 27 was
2189 3789 256 40 transmitted
2485 3790 54 52 by
2577 3790 72 39 the
2687 3793 176 40 Duchess
2883 3798 44 34 to
2966 3796 66 39 the

1694 3847 106 51 King
1817 3844 50 39 of
1878 3846 170 39 France;
2087 3843 79 39 and
2190 3855 40 26 as
2245 3843 79 39 this
2344 3843 176 52 original
2537 3843 78 39 and
2630 3843 177 52 splendid
2829 3846 154 39 edition
3006 3849 28 37 is

1694 3911 89 28 now
1832 3896 222 40 extremely
2086 3908 151 34 scarce,
2280 3898 235 48 Bonaparte
2564 3896 73 39 has
2673 3898 185 39 returned
2900 3905 44 34 to
2969 3900 69 39 the

1693 3950 141 52 family
1867 3950 48 39 of
1942 3938 299 63 Marlborough
2274 3948 71 40 the
2374 3963 107 39 copy
2516 3950 131 39 which
2667 3963 80 26 was
2766 3951 210 52 deposited
2999 3956 38 37 in

1695 4003 65 40 the
1782 4003 151 39 French
1970 4002 194 39 National
2203 4002 188 53 Library.
2451 4002 87 41 The
2559 4003 109 39 work
2693 4017 78 25 was
2804 4004 157 40 written
2987 4006 51 41 by

1695 4055 156 41 Mallet.
1881 4056 66 38 the
1971 4056 116 43 Poet,
2109 4055 89 39 who
2222 4055 178 39 received
2425 4059 128 34 mow.
2575 4055 109 40 from
2706 4056 69 41 the
2791 4058 183 41 Duchess
2994 4061 47 39 of

1698 4108 308 53 Marlborough,
2037 4120 43 27 as
2100 4120 24 27 a
2143 4107 152 41 reward
2315 4107 65 43 for
2401 4108 61 40 his
2479 4108 159 40 labour.

1094 84 146 54 THE
1274 81 378 54 NATIONAL
1687 78 387 57 REGISTER.'
