3236 4524
262 110 270 77 itARCIt

2897 135 87 46 195

1160 128 144 59 THE
1338 130 374 63 NATIONAL
1748 128 377 65 REGISTER.

309 266 67 32 hen

393 265 22 44 s
416 265 276 44 communicated
709 269 39 28 to
767 265 59 34 the
852 267 138 44 people
1017 272 39 30 at
1082 268 119 45 large,
1218 279 93 37 gave
1329 270 141 37 infinite
1483 275 89 32 sails-

270 305 158 43 raction.

318 360 128 34 About
472 358 105 35 three
601 356 151 39 o'klock
780 369 46 28 os
842 360 65 34 the
938 369 98 27 same
1052 361 72 46 day
1139 361 81 46 (the
1244 363 89 45 22d)
1361 366 66 34 the
1455 366 138 45 people

268 406 152 35 became
429 407 112 43 again
554 411 89 40 very
667 405 239 43 tumultuous,
934 409 93 35 from
1048 412 61 33 the
1128 411 81 35 idea
1226 413 78 40 that
1320 415 70 39 the,
1402 420 97 28 town
1518 425 74 24 was

268 454 196 44 betrayed,
488 454 74 34 and
581 454 80 34 that
696 452 178 38 measures
895 467 94 24 were
1007 459 151 44 secretly
1178 462 175 40 arranged
1374 463 48 33 by
1442 463 99 32 those
1553 470 40 26 at

270 503 64 34 the
361 501 93 34 head
477 498 44 38 of
544 503 125 39 affairs
697 501 59 37 for
785 503 144 45 putting
947 506 28 33 it
994 504 76 34 into
1094 506 61 37 the
1183 507 110 34 hands
1310 509 41 33 of
1359 500 65 44 the
1444 519 145 35 enemy.

269 546 109 48 They
411 549 174 35 declared
611 552 84 33 that
712 550 151 46 nothing
892 549 132 37 should
1056 552 128 46 satisfy
1204 555 96 33 theM
1328 562 45 28 on
1406 556 69 34 this
1501 557 91 33 head

270 598 104 34 short
400 596 45 35 of
456 608 25 22 a
508 599 161 44 positive
686 598 69 34 and
783 600 161 44 explicit
963 599 228 37 declaration
1222 601 92 34 from
1346 604 65 33 the
1446 604 146 44 English

269 641 234 44 themselves,
529 656 46 25 ou
595 645 126 37 whose
739 644 139 38 honour
895 647 70 33 and
987 648 97 44 good
1102 648 92 33 faith
1214 648 86 46 they
1329 651 70 33 had
1428 652 60 32 the
1504 660 87 26 most

269 690 143 48 perfect
425 693 176 41 reliance,
621 694 81 33 that
716 693 89 46 they
819 694 125 34 would
961 696 105 33 assist
1085 696 33 33 in
1133 694 61 35 the
1211 687 148 44 defence
1374 698 141 43 against
1534 702 60 32 the

269 750 168 24 common
454 750 145 35 enemy.
637 742 41 34 It
692 751 73 24 was
783 742 189 45 requested
985 741 260 47 pailicutarly,
1260 745 76 33 that
1357 751 76 27 two
1455 745 137 34 British

272 788 169 39 Officers,
467 798 69 24 one
563 788 43 34 of
620 789 100 34 them
749 789 44 33 of
806 790 59 34 the
882 789 191 44 artillery,
1100 789 126 37 should
1246 793 133 45 inspect
1402 791 61 34 the
1487 793 89 35 forti-

269 836 181 40 fications,
472 835 37 34 in
526 835 234 47 conjunction
778 834 90 37 with
889 843 77 27 two
980 837 154 46 Spanish
1152 839 161 39 Officers,
1329 840 70 33 and
1419 846 37 26 to
1470 844 120 40 super-

270 882 120 35 Intend
406 883 69 34 and
494 882 122 35 direct
634 885 65 33 the
728 883 257 46 preparationi
999 885 56 33 for
1069 883 162 37 defence.
1283 886 93 34 Two
1390 881 148 40 Officers
1556 891 46 32 of

270 930 61 34 the
345 931 230 45 description
593 930 143 35 desired
765 930 142 39 .waited
926 932 237 45 accordingly
1188 946 44 22 on
1248 933 59 34 the
1323 945 196 32 governor,
1546 937 47 39 by

269 978 61 33 the
351 979 141 35 British
516 976 273 38 Commander's
806 980 124 35 orders
945 989 12 32 ;
984 979 69 34 and
1067 980 52 34 all
1139 980 59 34 the
1217 981 150 34 Officers
1384 981 43 33 of
1442 981 57 34 the
1517 983 60 33 Bri-

270 1025 71 34 tish
357 1028 367 45 Staffaccompanied
750 1028 61 33 the
828 1025 110 35 friars
959 1028 83 32 who
1064 1033 97 28 Were
1189 1035 92 30 most
1298 1029 123 34 active
1439 1031 66 32 and
1526 1030 69 35 had

268 1081 93 35 most
381 1075 178 35 influence
575 1074 33 34 in
625 1075 162 45 keeping
798 1074 60 35 ti*.
879 1076 136 45 people
1036 1074 129 35 within
1179 1076 135 34 bounds
1328 1082 37 28 to
1383 1087 24 22 a
1423 1072 172 48 balcony,

270 1129 151 33 whence
439 1124 66 33 the
534 1122 109 35 friars
664 1123 208 44 harangued
905 1124 64 33 the
989 1123 197 44 populace,
1212 1135 21 31 g
1238 1124 98 44 iving
1370 1124 96 33 them
1483 1135 111 33 every

269 1183 54 26 ass
324 1183 19 26 t
343 1183 19 26 o
372 1181 89 24 ance
480 1170 45 34 of
537 1170 59 33 the
626 1170 260 45 co-:operation
902 1170 43 37 of
960 1170 63 33 the
1048 1170 135 33 British
1204 1170 14 33 f
1219 1182 115 27 orces,
1352 1172 69 33 and
1437 1172 60 33 the
1512 1183 61 33 sup-

270 1230 89 39 port
376 1217 43 35 of
433 1220 61 33 the
516 1217 135 35 British
673 1218 142 41 nation,
839 1218 72 33 and
928 1218 210 44 frequently
1166 1217 182 46 appealed
1367 1225 37 27 to
1429 1219 59 34 the
1511 1220 65 34 Bri
1589 1241 6 5 •

270 1271 72 34 tish
364 1266 155 37 Officers
537 1270 38 30 to
601 1265 154 35 confirm
775 1267 47 43 by
841 1261 100 38 their
956 1276 85 24 own
1061 1266 119 34 voices
1199 1266 67 34 the.
1278 1266 146 45 pledges
1440 1266 103 44 given
1561 1269 35 33 in

270 1318 98 34 their
404 1325 106 22 name
526 1313 69 33 and
612 1313 100 33 their
731 1320 183 38 presence.
966 1315 92 32 This
1089 1313 219 44 proceeding
1325 1313 70 33 had
1409 1315 67 32 'the
1491 1315 105 34 effect

270 1367 45 32 of
330 1362 183 48 perfectly
531 1359 170 46 quieting
715 1359 63 35 the
794 1359 139 46 people
948 1346 60 48 for
1033 1358 71 35 this
1122 1359 103 35 tithe.
1276 1361 104 44 They
1398 1361 200 45 disperged,

266 1414 70 33 and
374 1410 137 35 retired
544 1415 39 28 to
617 1408 100 34 their
748 1409 136 41 homes,
908 1408 138 35 amidst
1077 1404 87 38 loud
1198 1411 102 31 visas
1326 1409 33 33 in
1378 1408 145 35 `favour
1557 1411 45 31 of

272 1461 145 45 George
439 1457 86 37 111.
541 1456 69 34 and
644 1456 211 34 Ferdinand
882 1455 99 37 Vii.
1015 1456 71 34 and
1103 1456 61 34 the
1183 1454 141 37 British
1342 1457 72 33 and
1444 1457 151 45 Spanish

268 1509 159 33 tuitions.

317 1558 59 33 On
405 1556 63 33 the
483 1553 87 41 23d,
588 1563 22 24 a
635 1552 269 46 protlamation
925 1563 61 25 wa
1019 1552 117 34 issued
1155 1553 48 41 by
1222 1551 61 34 the
1307 1550 202 44 Governor,
1527 1554 70 32 and

270 1605 59 33 the
348 1602 125 37 father
495 1602 181 45 guardian
694 1600 45 33 of
765 1600 61 33 the
846 1602 228 44 Capuchins,
1103 1599 144 43 (whose
1261 1602 164 32 sanction
1444 1610 73 24 was
1535 1611 43 24 ne-

267 1662 146 34 cessary
433 1657 39 28 to
490 1649 150 37 contirni
661 1649 63 33 the
741 1654 209 28 assttrances
969 1649 106 43 given
1106 1646 35 34 in
1168 1648 61 33 the
1248 1657 99 24 name
1374 1649 45 32 of
1430 1648 60 33 the
1509 1650 86 31 civil

274 1702 165 43 power),
456 1696 216 43 containing
690 1695 149 46 pledges
857 1695 58 34 fogy
934 1695 61 34 the
1020 1694 177 46 adoption
1224 1694 45 34 of
1296 1706 113 33 every
1439 1695 51 33 me
1517 1706 81 22 sure

268 1748 144 33 desired
429 1748 46 43 by
497 1746 61 32 the
576 1744 184 44 populace
774 1743 59 34 for
846 1744 64 33 the
922 1743 149 34 defence
1087 1743 70 33 and
1174 1743 157 43 security
1352 1742 44 34 of
1406 1742 61 34 the
1483 1747 115 35 town,

268 1795 67 33 and
361 1795 201 45 promising
581 1792 61 33 the
661 1792 183 33 disolissal
863 1791 44 33 of
930 1783 156 41 several'
1098 1791 209 34 ohnoxiotts
1338 1800 161 34 persons,
1528 1791 70 33 and

268 1853 24 22 rt
311 1843 209 44 partkular
537 1840 150 44 inquiry
710 1841 76 32 into
804 1839 63 34 the
885 1839 156 33 conduct
1069 1838 44 34 of
1140 1838 60 33 the
1221 1838 168 44 Marquis
1406 1839 40 32 de
1470 1837 129 35 Ville'.

270 1890 85 33 who
380 1900 73 22 was
472 1891 33 31 it,
526 1887 156 39 custody
707 1886 45 34 of
765 1887 60 33 the
846 1887 197 44 Capuchin
1062 1885 122 41 friars;
1196 1886 70 33 and
1284 1885 148 35 secured
1450 1886 149 43 eqoally

269 1941 93 31 from
383 1938 60 32 the
457 1938 184 43 populace
659 1935 72 32 and
750 1933 93 34 from
861 1944 135 34 escape
1016 1935 34 32 in
1067 1933 98 34 their
1181 1933 142 44 priory.
1380 1928 146 39 resides
1541 1933 60 33 the

268 1985 151 41 general,
433 1983 185 45 suspicion
637 1983 46 32 of
697 1993 21 22 a
735 1982 124 44 design
879 1987 38 28 to
935 1982 131 43 betray
1085 1981 64 35 the
1168 1985 102 35 town
1283 1982 48 31 by
1349 1991 119 22 means
1483 1980 44 34 of
1539 1980 63 33 the

270 2031 250 34 introductiea
539 2030 45 34 of
595 2029 143 44 foreign
755 2034 144 40 troops,
922 2028 63 35 the
1020 2028 163 46 Marquis
1209 2028 45 33 de
1274 2028 115 34 Villel
1421 2027 70 34 had
1522 2037 57 24 ren-

270 2079 110 33 dered
402 2078 150 34 himself
574 2078 211 45 personally
815 2076 209 46 ildspected,
1057 2078 50 44 by
1126 2078 177 38 releasiog
1318 2075 139 34 several
1476 2073 43 34 of
1540 2075 63 33 the

269 2135 145 34 persons
433 2126 163 34 confined
625 2135 47 21 on
704 2126 60 32 the
780 2124 138 45 ground
937 2124 46 34 of
1004 2125 111 40 being
1130 2122 171 34 attached
1319 2130 39 26 to
1377 2122 64 33 the
1462 2121 139 34 French

269 2176 164 32 Interest.
489 2174 61 33 He
569 2181 73 24 was
661 2172 174 44 reported
857 2178 34 27 to
908 2172 97 33 have
1020 2172 185 39 declared,
1224 2171 78 33 that
1312 2171 51 32 all
1377 2170 119 33 others
1517 2170 85 32 who

267 2232 100 21 were
381 2220 164 33 confined
565 2220 56 33 for
640 2219 81 34 that
738 2223 107 31 cause
866 2218 70 33 had
954 2220 87 41 only
1062 2223 39 30 to
1129 2228 46 34 go
1195 2217 157 44 through
1372 2218 61 32 the
1452 2217 92 32 form
1564 2217 43 31 of

268 2268 148 44 sending
435 2268 77 32 hitn
529 2278 22 21 a
570 2267 175 45 petition,
770 2272 37 27 to
826 2265 130 33 obtain
976 2267 59 33 the
1054 2269 99 30 stunts
1172 2256 224 50 induigence.
1455 2264 54 32 lie
1530 2263 70 34 had

268 2316 79 33 also
369 2317 209 43 interposed
598 2324 91 33 very
709 2313 266 44 injudiciously
989 2313 35 33 in
1044 2314 61 32 the
1121 2313 237 33 amusenients
1375 2311 45 33 of
1439 2310 60 34 the
1514 2322 69 33 peo

267 2365 78 45 ple,
370 2363 122 33 wl.ich
509 2363 109 43 Leing
634 2363 145 32 always
811 2360 155 34 marked
989 2360 90 33 with
1097 2361 172 32 allusions
1294 2363 37 27 to
1358 2357 67 34 the
1446 2357 135 33 cireum-

263 2414 139 31 !•hiuces
420 2409 44 34 of
480 2411 64 32 the
561 2413 145 43 present
927 2408 112 33 laniat
1048 2408 77 32 ions
1139 2417 37 24 to
1199 2405 222 39 Ferdinand,
1437 2409 39 28 to
1491 2406 90 32 'Mer-

266 2469 56 32 le;
339 2460 71 32 and
441 2458 286 44 independence,
758 2457 24 32 it
806 2469 21 20 r,
839 2467 39 21 as
894 2454 183 45 suppozsed
1098 2456 79 32 that
1195 2454 54 33 his
1269 2453 170 44 hostility
1456 2456 71 31 Was
1544 2454 38 31 di-

266 2507 123 33 rected
405 2506 146 45 against
569 2505 99 35 these
684 2504 265 35 acclamations
969 2502 43 33 of
1026 2502 137 44 liberty
1176 2502 69 34 and
1266 2502 143 44 loyalty
1431 2500 34 33 in
1485 2500 99 45 parti-

270 2556 109 33 :ular.

315 2603 81 33 The
423 2601 172 46 Marquis
612 2600 70 35 had
703 2598 143 37 carried
866 2598 56 34 his
940 2597 243 34 interference
1215 2596 34 33 in
1269 2595 72 35 this
1365 2596 106 44 point
1487 2606 39 22 so
1544 2594 60 34 far

265 2657 39 26 I.s
317 2657 37 26 to
371 2649 142 34 confine
531 2660 94 22 some
641 2649 117 33 ladles
775 2650 32 32 ia
821 2648 61 32 the
898 2647 128 33 'louse
1039 2646 40 32 of
1096 2646 185 41 !IMfry,
1293 2644 67 32 and
1380 2648 39 30 to
1436 2643 165 34 threaten

265 2698 124 34 others
406 2698 94 34 'with
522 2696 63 34 the
602 2704 99 26 sante
719 2694 217 45 disgraceful
958 2691 227 47 ptinholunent
1204 2704 11 26 ;
1256 2691 66 34 and
1358 2689 74 34 this
1452 2696 150 37 outrage

265 2754 45 25 on
327 2746 235 44 respectable
582 2744 151 35 females
754 2744 171 33 rendered
958 2743 63 32 the
1051 2743 135 41 people
1215 2748 40 24 so
1287 2738 144 35 furious
1449 2739 152 43 ,a.gtiitist

266 2792 91 43 him,
377 2794 79 33 that
475 2793 155 43 nothing
648 2794 66 32 but
731 2792 63 33 the
811 2789 214 35 veneration
1045 2789 35 33 in
1095 2787 118 33 which
1234 2787 61 33 the
1312 2785 208 47 Capuchins
1535 2794 66 25 are

266 2841 84 34 held
367 2841 241 35 could:l'ord
626 2841 76 32 him
719 2839 175 43 security.

314 2887 128 38 About
461 2889 135 35 twelve
613 2887 74 35 this
706 2888 72 43 day
796 2887 61 33 the
876 2884 189 47 populate
1083 2882 206 46 proceeded
1317 2887 39 28 to
1384 2880 65 35 the
1478 2880 126 35 Castle

263 2936 46 34 of
322 2940 112 32 Santa
451 2931 190 45 Catalina,
666 2936 72 33 and
761 2934 200 34 demanded
980 2931 61 34 the
1059 2942 131 33 person
1209 2930 43 34 of
1266 2929 154 35 General
1440 2928 162 40 Canal),

265 2983 76 35 late
359 2987 132 33 second
511 2985 35 33 in
565 2983 189 34 comaiand
774 2983 40 33 of
829 2982 60 34 the
909 2979 157 44 Spanish
1088 2986 128 37 troops
1232 2976 200 46 employed
1452 2976 33 33 in
1508 2970 71 39 Por-

266 3031 116 45 tugal,
406 3033 72 34 and
496 3032 158 35 another
674 3032 165 45 prisoner
856 3027 164 35 coutiaed
1041 3027 117 41 there,
1185 3026 91 34 both
1302 3022 44 35 of
1368 3022 120 37 whom
1515 3022 85 45 they

265 3086 124 28 meant
406 3086 39 28 to
465 3086 67 41 put
557 3086 39 28 to
622 3079 131 35 death.
807 3078 73 34 But
915 3077 52 44 by
1002 3074 63 33 the
1091 3074 259 44 interposition
1384 3071 43 34 of
1449 3070 152 37 Colonel

266 3128 148 43 Roche,
439 3129 87 35 who
548 3128 69 33 !lad
625 3125 83 45 just
728 3123 149 37 arrived
896 3124 96 33 from
1020 3122 154 40 Se%ille,
1196 3122 71 33 and
1284 3118 157 37 another
1460 3118 142 34 British

265 3175 151 43 Officer,
445 3177 86 32 who
566 3176 92 33 both
691 3172 193 35 addfessed
913 3172 100 33 them
1044 3170 35 33 in
1108 3169 174 46 Spanish,
1306 3167 71 34 and
1406 3167 197 44 impressed

265 3224 98 33 them
394 3224 91 33 with
514 3233 25 25 a
565 3226 110 31 tense*
697 3221 44 34 of
763 3220 64 35 the
847 3219 252 45 impropriety
1117 3217 44 33 of
1172 3217 86 33 such
1277 3215 141 34 violent
1433 3211 169 43 conduct,

263 3270 90 45 they
372 3270 171 35 desisted.
596 3263 156 50 Shortly
770 3268 113 41 after;
904 3267 189 40 however,
1111 3265 87 45 they
1213 3262 123 34 seitied
1356 3262 87 34 Don
1459 3259 143 46 Joseph

265 3317 187 44 lieredia;
480 3319 87 34 who
586 3317 71 39 bad
676 3324 25 27 a
717 3317 72 34 few
811 3317 109 34 hours
941 3315 126 33 before
1095 3314 89 32 been
1209 3309 202 39 distdissed,
1440 3313 39 30 at
1504 3307 100 35 their

263 3366 178 43 instance,
469 3366 99 35 from
586 3365 57 35 his
659 3364 106 37 Office
782 3363 44 37 of
852 3363 194 34 Collector
1075 3360 44 34 of
1144 3360 61 33 the
1230 3346 133 48 Ilublic
1380 3357 126 39 Rents,
1532 3354 70 35 and

265 3413 120 35 killed
405 3417 74 32 him
511 3425 46 24 on
575 3413 63 34 the
657 3415 102 44 spot.
811 3402 60 44 lie
893 3420 77 25 was
984 3407 89 48 just
1098 3407 172 45 stepping.
1296 3407 77 33 into
1393 3415 21 24 a
1433 3405 104 37 boat,
1563 3407 41 30 to

265 3463 111 37 make
394 3463 57 34 his
467 3471 136 35 escape
621 3468 38 28 to
681 3459 92 35 Port
793 3459 54 33 St.
869 3459 129 43 Mary.
1039 3456 84 35 The
1140 3458 70 31 rest
1230 3454 44 34 of
1283 3452 80 34 that
1381 3452 77 43 day
1476 3449 128 47 passed

268 3510 161 35 Without
446 3522 72 33 any
537 3509 144 35 further
696 3509 146 33 tumult.

312 3557 272 41 Tnutt9DAV,
599 3556 200 34 2C—The
816 3562 99 27 town
928 3554 164 45 appears
1111 3560 90 35 very
1212 3546 105 48 quiet
1335 3547 71 35 this
1426 3544 178 46 morning,

265 3606 69 33 and
367 3607 27 33 it
420 3607 27 34 is
476 3605 122 46 hoped
625 3614 47 25 no
699 3604 143 33 further
866 3602 236 33 disturbance
1126 3596 76 35 will
1232 3595 89 35 take
1346 3595 124 46 place,
1522 3594 81 34 The

267 3652 141 35 Priests
423 3654 71 34 and
517 3653 128 39 Friars
671 3652 96 34 have
793 3648 156 37 exerted
980 3648 215 34 themse:ves
1213 3654 89 34 very
1320 3643 109 35 much
1450 3646 35 30 to
1505 3645 80 31 tran-

265 3702 159 44 quillize
454 3702 63 34 the
544 3700 137 46 people
711 3697 243 45 throughout,
980 3694 204 57 preaching
1208 3690 72 37 and
1310 3689 229 46 haranguing
1569 3689 35 32 in

262 3756 113 39 every
403 3755 155 40 quarter
586 3748 129 35 where
746 3757 72 33 any
847 3743 226 47 di.pusttion
1106 3739 44 34 of
1170 3739 164 34 violence
1363 3749 77 24 was
1465 3733 139 43 shewu,

267 3795 208 47 hazarding
500 3796 99 35 their
617 3806 151 37 persons
785 3800 40 28 to
841 3802 87 25 save
948 3791 60 33 the
1028 3789 143 37 victims
1199 3784 152 37 marked
1372 3784 60 34 for
1444 3783 141 34 destruc-

265 3844 91 40 tion,
381 3846 73 35 and
485 3846 105 45 using
617 3844 56 34 all
706 3842 99 35 their
836 3839 180 38 inftttencU
1045 3839 39 33 td
1111 3839 137 32 restore
1276 3843 116 37 peace
1414 3830 70 37 and
1507 3829 98 47 good

266 3895 35 30 to
311 3891 80 39 der.

1902 86 27 19 4.

1656 276 243 45 Martinique,
1924 278 61 32 the
2021 275 123 32 whole
2161 270 40 34 of
2230 273 138 38 which,
2395 272 92 32 with
2507 270 63 33 the
2596 270 198 43 exeeation
2815 267 43 34 of
2890 269 89 33 Fort

1659 322 190 41 Bourbon,
1879 321 119 35 which
2036 330 73 26 was
2126 315 182 50 expected
2329 326 35 26 to
2379 318 194 33 surrender
2590 317 35 32 in
2642 330 22 20 a
2682 318 71 32 few
2776 318 32 31 d:
2811 330 70 27 v,,,
2903 328 22 21 t%
2937 326 39 24 as

1656 369 35 34 in
1706 377 67 26 our
1791 370 214 45 possession.

1706 418 76 33 The
1796 417 137 33 details
1956 417 43 33 of
2011 415 60 34 the
2099 412 130 37 attack
2246 413 65 33 are
2327 413 109 43 given
2456 417 38 27 at
2523 409 255 38 considerable
2797 410 122 44 length
2939 411 38 34 in

1654 462 65 35 the
1757 457 202 40 Barbudoe
1983 464 181 41 Mercury,
2181 461 91 34 from
2303 457 119 37 which
2448 456 59 37 *e
2525 463 146 30 extract
2698 459 61 32 the
2790 461 188 32 substance

1656 510 44 34 of
1715 511 60 33 the
1792 508 200 48 tolerative.
2099 508 5 48 .

1702 557 81 33 The
1804 557 228 46 Expedition
2065 544 159 46 'Arrive&
2236 554 51 35 toff
2287 554 13 35 -
2340 555 77 32 fat
2424 548 74 47 into
2641 544 17 41 *
2657 544 133 41 Ntatoinv
2812 552 60 33 the
2888 552 89 35 9.9111

1656 604 44 33 of
1711 605 182 44 January.
1946 598 57 40 tht
2022 605 60 32 the
2099 600 168 43 morning
2284 601 43 34 of
2341 604 63 32 the
2418 598 90 38 :10oh
2528 599 85 35 they
2633 602 194 40 separated
2848 601 33 31 in
2901 607 39 27 tee

1656 651 189 43 divisions,
1884 652 61 34 the
1977 653 136 33 Acosta
2144 650 157 44 hoisting
2323 646 21 37 a
2375 648 115 33 broad
2522 637 174 54 pendant,
2735 650 69 30 and
2832 647 145 44 leading

1658 692 79 41 that
1757 699 87 33 with
1866 699 61 34 the
1954 698 158 34 division
2146 697 43 33 of
2213 699 60 31 the
2307 707 98 22 arms
2447 696 112 32 under
2589 691 60 37 the
2675 694 241 33 Cominaniier
2943 696 34 32 in

1659 745 115 34 Chief
1796 746 69 33 and
1887 746 57 32 Sir
1962 746 45 32 G.
2040 745 170 39 Prevost,
2236 733 167 44 intetided
2424 749 37 26 to
2477 741 106 34 effect
2602 751 22 22 a
2650 741 145 47 landing
2828 741 34 32 in
2898 742 77 44 Bay

1661 782 161 46 Itabert;
1852 793 111 33 while
1994 793 58 34 the
2079 793 168 33 Admiral
2278 790 59 34 flir
2357 790 46 34 A.
2426 790 208 38 Cochrane,
2663 787 198 45 proceeded
2884 787 90 33 with

1656 840 78 33 toot
1756 841 112 32 under
1890 840 119 46 Major
2035 840 156 33 General
2211 831 182 41 Maitland
2428 836 113 34 round
2578 836 145 41 Maran,
2745 835 69 33 and
2831 834 148 35 entered

1659 894 61 26 tae
1744 887 77 43 Bay
1841 887 44 34 of
1900 891 34 31 St
1954 891 103 32 Lore.
2239 887 1 43 •

1706 935 78 33 The
1799 937 240 32 Commander
2057 935 33 33 in
2113 932 113 35 Chief
2241 932 248 44 immediately
2511 930 115 35 issued
2644 940 20 24 a
2686 930 292 41 Proclamation;

1659 981 152 45 inviting
1831 984 63 33 the
1912 983 223 33 inhabitantt
2156 989 34 26 to
2207 981 131 33 submit
2357 978 252 43 immediately
2642 985 37 26 to
2709 978 56 32 his
2785 976 193 47 Majesty's

1659 1028 131 43 forces,
1809 1030 149 43 holding
1972 1036 66 33 out
2063 1041 46 20 on
2128 1030 60 32 :he
2207 1039 66 21 one
2295 1028 89 33 hood
2404 1030 64 31 the
2484 1026 223 41 advantages
2738 1025 84 43 they
2854 1023 123 35 would

1659 1078 123 32 derive
1799 1077 94 33 from
1910 1078 102 43 quiet
2027 1072 227 43 submission,
2272 1076 69 31 aad
2360 1085 44 21 on
2424 1075 61 32 the
2502 1072 105 34 other
2626 1072 61 33 the
2705 1072 177 45 calamity
2897 1071 83 34 that

1663 1126 117 32 would
1796 1126 96 38 arise
1911 1124 93 33 front
2022 1135 22 22 a
2061 1123 156 33 fruitless
2236 1123 216 33 resistance;.

1711 1172 40 32 In
1768 1172 58 33 the
1843 1170 193 37 afternotin
2052 1170 44 33 of
2107 1170 175 40 the:3olli,
2311 1170 58 32 the
2383 1162 158 41 division
2558 1167 110 34 under
2685 1166 64 34 the
2766 1165 214 35 immediate

1659 1220 188 32 command
1876 1218 45 34 of
1954 1217 386 35 Lieuteaant-Geueral
2376 1215 211 40 Beckwith,
2613 1215 150 33 effected
2781 1224 21 24 a
2832 1214 148 44 landing

1659 1272 38 27 at
1727 1265 142 35 Robert
1885 1279 9 26 ;
1923 1267 59 33 Sir
2000 1267 45 33 G.
2083 1265 164 39 Prevost,
2274 1264 69 33 aced
2372 1261 194 46 Brigadier
2582 1261 155 34 General
2761 1260 216 45 Iloughtoa,

1664 1315 87 32 with
1786 1315 64 33 the
1881 1313 77 34 first
1989 1313 176 43 Brigade,
2197 1312 129 33 landed
2361 1311 90 40 first,
2476 1310 70 33 and
2563 1309 185 33 advanced
2786 1309 63 33 the
2877 1318 100 25 same

1659 1361 150 45 evening
1822 1371 98 22 some
1937 1362 159 33 distance
2126 1359 76 33 into
2220 1358 60 33 the
2298 1357 165 44 country.
2517 1356 92 34 This
2626 1355 154 34 britrade
2796 1355 183 35 consisted

1662 1404 44 38 of
1731 1408 61 34 the
1809 1409 64 35 7th
1894 1408 184 44 regiment,
2109 1408 109 34 under
2235 1404 385 34 Lieuteurant-Colonel
2646 1382 229 59 Pilenham,
2903 1403 73 35 .23d

1663 1455 109 34 under
1815 1454 387 37 Lieutenant-Colonel
2258 1453 105 40 Ellis,
2398 1453 71 33 and
2494 1452 70 32 five
2597 1452 208 43 tompanies
2833 1449 46 34 of
2909 1452 61 32 the

1669 1504 94 32 West
1800 1504 112 34 India
1944 1505 189 41 regiment,
2159 1501 112 34 under
2291 1496 384 38 Lieutenant“7olonel
2696 1498 132 45 Tolley,
2835 1511 8 20 a
2896 1492 81 41 The

1662 1550 126 33 second
1820 1548 154 46 brigade
2002 1551 56 33 led
2087 1551 50 40 by
2169 1547 389 34 Lieutenant-General
2600 1544 96 34 Beck
2704 1556 28 21 w
2743 1545 67 40 ith,
2838 1545 137 44 having

1662 1599 113 32 under
1801 1599 74 33 him
1894 1598 366 43 Brigadier-General
2274 1594 176 40 Colville,
2474 1589 177 39 consisted
2669 1592 43 33 of
2722 1593 59 32 the
2799 1592 63 35 Sth
2880 1594 78 39 regi-

1665 1652 90 26 ment
1774 1646 115 33 under
1906 1644 123 45 Major
2047 1646 89 45 Matt
2146 1643 97 41 Well,
2272 1643 57 33 the
2352 1641 80 37 lath
2447 1641 111 34 under
2578 1641 397 32 Lieuteuaot-Colonel

1667 1693 139 43 Keane,
1824 1694 70 33 and
1907 1693 84 34 four
2007 1693 207 45 companies
2228 1690 107 33 °Nile
2352 1690 51 32 Ist
2421 1689 96 44 West
2536 1687 107 34 India
2660 1688 189 41 regiment,
2865 1687 111 34 under

1664 1739 60 33 the
1759 1739 123 47 Major
1915 1739 156 37 Clifton.
2122 1737 79 43 The
2233 1747 141 24 reserve
2407 1734 233 35 commanded
2659 1736 47 30 by
2748 1735 230 33 Lieutenant-

1667 1787 152 34 Colonel
1843 1788 220 40 Blackwell,
2087 1785 174 35 consisted
2290 1783 41 33 of
2343 1783 60 34 the
2417 1783 45 33 3d
2480 1782 180 33 battalian
2679 1770 12 44 (
2691 1770 12 44 .
2702 1770 63 44 10111
2785 1781 193 43 regiment,

1667 1834 107 34 tinder
1795 1834 123 46 Major
1935 1834 174 41 Mackey,
2130 1833 58 33 the
2205 1833 97 33 flank
2321 1831 209 44 companies
2544 1828 44 32 of
2603 1830 80 32 the'
2701 1830 61 33 sth
2786 1830 191 43 regiment,

1667 1881 59 33 the
1743 1881 60 34 Ith
1824 1883 180 34 battalion
2033 1881 43 33 of
2091 1883 60 32 the
2169 1879 59 41 601
2228 1879 40 41 h,
2295 1879 69 33 and
2380 1879 63 34 the
2456 1876 64 35 4th
2542 1869 102 40 West
2657 1876 109 35 India
2785 1877 193 43 regiment.

1665 1928 144 46 Triuity
1828 1929 231 35 suiTentlered
2079 1941 46 21 on
2145 1929 57 32 the
2215 1928 93 33 3lst:

1711 1978 79 33 The
1818 1974 133 38 second
1975 1977 174 41 division,
2166 1980 111 28 under
2309 1974 60 32 the
2396 1970 189 35 robitnand
2614 1969 44 37 of
2670 1968 312 37 Ma'ir-General

1668 2024 198 40 Maitland,
1890 2026 77 32 also
1984 2023 130 34 landed
2144 2034 43 21 Oft
2220 2022 60 33 the
2306 2019 86 35 30th
2412 2017 37 35 at
2469 2021 52 31 St.
2554 2015 105 37 Lute.
2717 2006 79 46 The
2815 2014 22 37 fc
2845 2026 47 25 rst
2906 2017 78 33 bri=

1665 2073 105 44 Bade,
1793 2073 61 33 led
1883 2074 46 43 by
1957 2070 296 46 Majiar-:leueral
2278 2066 196 38 Maitland,
2502 2066 133 43 haying
2654 2065 111 33 under
2781 2065 73 33 him
2880 2065 104 33 Lieu.

1667 2113 292 43 tenant-Colonel
1994 2119 152 40 Barnes,
2170 2117 174 37 consisted
2369 2115 44 33 of
2439 2113 63 33 the
2531 2109 71 39 63,1
2639 2109 189 46 regiment,
2872 2112 111 34 under

1669 2166 387 35 Lieutetiatit-ColOnel
2078 2152 319 54 Fairtlough;and
2411 2160 112 37 York
2546 2161 175 40 Rangers;
2732 2160 111 31 under
2859 2156 124 47 Major

1671 2215 223 33 Henderson.
1946 2213 79 33 The
2056 2213 130 33 second
2217 2211 164 43 brigade,
2405 2205 237 38 cominanded
2678 2207 48 31 hy
2750 2206 233 32 Lientrnant.

1665 2259 149 35 Colonel
1830 2259 128 40 'Real%
1982 2259 178 35 consisted
2192 2257 43 34 of
2246 2258 59 37 the
2324 2255 98 35 flank
2440 2254 211 44 companies
2728 2254 59 31 oho
2811 2252 79 33 16.11
2911 2252 70 33 and

1663 2308 87 35 46111
1769 2306 51 46 ren
1820 2306 34 46 t•
1854 2306 122 46 iments,
2003 2308 110 34 under
2141 2304 120 47 Major
2287 2303 138 46 Payne,
2451 2302 63 33 the
2541 2297 83 37 14th
2652 2300 138 43 regime
2806 2307 35 31 .1,
2872 2311 17 19 11
2898 2300 85 32 ll:ter

1668 2354 122 46 :MOW
1824 2356 207 40 Davidson,
2057 2353 111 38 York
2207 2354 38 34 L.
2282 2352 32 33 I.
2354 2352 235 35 Volunteers,
2617 2350 111 31 oad'er
2750 2349 51 31 Lie
2815 2348 169 35 a.o•,at-

1667 2401 150 35 Colonel
1839 2404 201 40 Streicher,
2062 2398 70 45 told
2160 2399 61 37 Sth
2249 2398 57 34 W.'.
2330 2398 30 35 I.
2389 2398 196 44 regithent,

1668 2451 151 34 Colonel
1852 2450 168 35 Prevost.
2086 2448 83 34 The
2200 2456 157 31 reserve,
2400 2443 233 35 commanded
2669 2443 47 44 liy
2751 2441 233 33 LiemetWlif•

1663 2498 150 34 Culdael
1848 2494 372 44 MiNair,.enniisted
2238 2493 44 34 of
2314 2494 58 32 the
2399 2493 90 34 90th
2510 2492 194 41 regiment,
2730 2489 113 33 Under
2863 2489 123 46 Maj:ir

1670 2545 164 44 Wright,
1859 2545 69 34 and
1943 2545 45 37 fld
2011 2545 102 33 ‘Vest
2133 2543 120 40 India,
2280 2550 46 25 on
2339 2541 52 32 ler
2408 2538 125 45 Major
2555 2532 122 38 Alleti.

1711 2593 81 34 The
1814 2593 74 33 fort
1906 2598 39 27 at
1959 2587 102 51 Cape
2075 2590 171 44 Solomon
2264 2597 74 24 was
2356 2587 111 34 taken
2485 2585 197 44 posSession
2704 2581 53 43 of,
2780 2584 69 31 and
2884 2582 79 44 posi-

1668 2639 91 34 tions
1779 2643 100 32 were
1893 2640 106 34 taken
2019 2640 58 33 for
2091 2639 63 33 the
2166 2644 159 38 purpose
2339 2633 43 35 of
2394 2640 35 28 at
2438 2634 83 32 ITlrk
2529 2631 59 45 lug
2609 2642 22 21 tt
2646 2631 53 33 ith
2713 2626 105 39 erekt
2848 2630 142 45 Pigeon

1670 2688 136 41 Island;
1830 2688 119 33 which
1971 2687 79 33 held
2070 2694 65 25 out
2156 2685 53 33 till
2231 2683 60 34 the
2309 2682 61 34 4th
2399 2680 44 35 of
2460 2679 208 44 February,
2696 2678 69 33 and
2797 2678 84 33 then
2911 2688 59 21 sur-

1668 2734 170 34 rendered
1850 2735 41 33 at
1905 2733 348 43 discretion,nearly
2272 2730 100 44 sixty
2392 2733 79 30 then
2486 2738 45 22 on
2546 2727 60 32 the
2626 2730 79 39 part
2728 2725 41 33 or
2784 2725 60 33 the
2859 2732 131 37 enemy

1669 2781 135 46 hating
1817 2784 91 32 been
1928 2781 115 34 killed
2060 2791 44 24 or
2126 2776 177 39 wounded
2321 2777 128 41 during
2467 2776 60 32 the
2546 2774 294 32 bombardment.
2897 2772 77 41 Five
2974 2772 20 41 •

1667 2831 137 34 officers
1818 2830 71 34 and
1913 2829 65 35 ISO
1991 2830 163 43 privates
2171 2825 43 34 of
2233 2826 60 33 the
2319 2823 165 47 garrison
2502 2820 234 34 surrendered
2754 2820 180 44 prisoners
2952 2818 44 35 of

1671 2888 91 31 war,
1779 2878 71 33 and
1873 2881 185 31 Were-sent
2075 2887 47 24 on
2143 2874 111 33 hoard
2274 2872 63 33 the
2355 2864 177 47 Pompee.

1721 2927 38 32 lb
1770 2926 60 33 the
1843 2928 103 31 m'ean
1959 2926 86 32 time
2063 2920 299 47 Majtii.4ieneral
2381 2915 183 44 Maitland
2585 2914 90 34 With
2695 2915 60 32 the
2776 2915 96 32 main
2890 2914 103 44 body

1667 2974 57 32 of'
1740 2974 54 33 his
1825 2973 174 39 division,
2028 2969 184 35 advanced
2239 2970 37 31 to
2316 2959 35 41 La
2352 2959 18 41 t
2369 2959 146 41 rnehtin.
2596 2960 396 37 Lieutenant-General

1672 3021 203 39 Beckwith
1894 3021 70 34 and
1989 3019 57 35 Sir
2065 3017 46 34 G.
2135 3017 106 38 Pfevo
2242 3017 21 38 4
2263 3017 43 38 t,
2341 3009 206 48 proceeded
2577 3009 162 33 towards
2770 3009 125 33 Bruno
2928 3009 70 33 and

1669 3069 187 40 Sourrier,
1874 3069 131 44 having
2028 3064 169 46 frequent
2225 3061 214 37 skirmiahes
2466 3071 25 21 w
2504 3059 53 33 itb
2588 3057 64 34 the
2676 3069 130 32 enemy
2832 3069 45 21 ou
2898 3057 98 33 their

1668 3117 138 34 march.
1860 3117 59 33 On
1936 3116 63 33 the
2016 3115 44 32 2d
2080 3112 44 34 of
2139 3112 190 41 February
2348 3109 87 43 they
2456 3106 71 34 had
2542 3117 24 24 a
2580 3116 98 24 more
2694 3106 149 41 gfaieral

1671 3164 86 34 with
1775 3163 63 35 the
1847 3161 128 39 (nimbi'
1989 3164 37 32 in
2039 3163 60 33 the
2113 3156 302 46 neighbnurhood
2430 3154 41 33 of
2483 3154 191 34 tiourrier,
2688 3162 22 22 a
2720 3151 90 44 aheig
2819 3155 37 30 ht
2874 3154 84 31 whin
2972 3151 22 34 h

1667 3211 130 34 affords
1817 3221 24 24 a
1856 3208 249 44 commanding
2122 3208 175 33 situation
2311 3197 270 43 forattacking
2601 3198 76 33 fort
2695 3197 94 34 Bow
2802 3210 84 21 non.
2916 3200 80 33 The

1669 3261 201 43 possession
1884 3257 43 35 of
1939 3257 72 33 this
2029 3255 130 43 height
2177 3265 73 22 was
2268 3250 226 34 olostinatelv
2511 3246 189 37 contested
2721 3249 46 40 by
2789 3248 59 32 the
2867 3256 130 30 enemy

1668 3307 59 33 for
1743 3307 142 33 several
1906 3306 122 33 hours.
2078 3304 106 43 They
2205 3298 215 46 reratedly
2446 3295 159 43 charged
2639 3295 69 34 'lair
2725 3301 145 35 troops,
2898 3294 98 41 who,

1654 3365 52 24 •as
1722 3354 99 34 often
1841 3354 162 34 received
2022 3352 97 34 them
2139 3360 45 21 on
2203 3350 61 32 the
2281 3348 105 43 point
2412 3344 44 35 of
2469 3345 60 33 the
2545 3344 175 44 bayonet.
2776 3343 78 33 'no:
2870 3352 76 34 ene
2946 3352 26 34 m
2972 3352 26 34 y

1671 3412 94 24 were
1782 3407 39 28 at
1838 3400 120 44 length
1974 3399 130 34 driven
2138 3396 94 35 from
2262 3394 98 34 their
2381 3392 178 45 position,
2593 3391 70 34 and
2695 3399 69 24 our
2786 3398 126 34 troops
2931 3387 85 33 ona•

1668 3448 123 37 tained
1804 3446 201 47 possession
2019 3446 43 33 of
2070 3445 65 35 the
2151 3442 143 47 height.
2344 3439 80 37 The
2443 3450 25 22 ss
2481 3438 86 34 hole
2581 3439 44 33 of
2639 3438 64 32 the
2720 3437 133 35 detail.
2872 3437 43 32 of
2929 3439 72 32 this

1667 3497 110 35 affair
1791 3497 71 33 had
1876 3498 65 32 not
1958 3493 154 34 -Patted
2137 3490 214 35 Ilarbadoes
2368 3493 39 30 at
2427 3487 61 33 the
2506 3487 71 32 last
2594 3485 85 33 date
2693 3485 44 33 of
2748 3485 98 32 these
2868 3493 133 37 papers

1669 3546 83 43 (the
1774 3544 81 33 11th
1884 3542 89 41 ult.)
1993 3552 67 24 our
2083 3533 77 41 los;
2183 3539 60 39 ic,
2243 3539 20 39 n
2263 3539 123 39 howevi
2400 3547 30 31 r,
2446 3534 118 35 stated
2585 3543 35 22 at
2639 3528 46 38 12
2701 3543 80 21 men
2798 3531 113 33 killed
2930 3533 72 32 and

1668 3593 72 34 240
1760 3591 193 37 wounded.
2004 3591 28 32 A
2043 3591 138 41 flatboat:
2197 3588 63 32 the
2278 3585 139 34 officers
2435 3592 80 28 are,
2537 3581 162 44 Captain
2720 3579 144 45 Taylor
2882 3578 43 32 of
2940 3583 61 28 the

1667 3643 80 39 7th,
1767 3639 125 46 Major
1919 3635 178 37 Maxwell
2130 3633 33 34 if
2189 3634 65 34 the
2285 3632 79 39 Bth,
2401 3630 71 34 and
2492 3628 163 45 Captain
2675 3628 174 37 Sinclair,
2870 3626 43 33 of
2939 3627 63 32 toe

1665 3689 105 39 25th,
1793 3676 143 48 kilted;
1967 3684 70 34 and
2065 3679 392 37 I,k-infonaut-Colonel
2494 3669 241 43 Packen!mm
2767 3676 44 32 of
2841 3674 59 32 the
2919 3673 81 40 ,to,

1672 3736 137 47 Majors
1825 3731 194 47 Campbell
2035 3730 69 35 anti
2120 3729 142 35 Turner
2280 3726 45 34 of
2350 3728 61 33 the
2432 3725 122 43 Royal
2581 3723 96 32 West
2699 3723 106 33 India
2820 3720 183 43 Itai.,,ers,

1668 3783 70 35 and
1754 3782 161 46 Captain
1929 3778 207 37 Gladnanes
2148 3776 43 33 of
2202 3778 60 32 the
2276 3775 47 34 Sd
2343 3775 102 34 West
2465 3771 109 34 India
2841 3781 20 19 I)
2869 3770 129 32 twded.

1674 3827 397 44 Lieatenant-Greperal
2098 3826 201 33 Beckwith
2321 3823 85 33 who
2435 3821 63 35 led
2533 3822 63 31 the
2614 3819 145 39 attack,
2780 3817 67 31 had
2878 3829 20 20 a
2920 3823 83 25 anti=

1671 3891 76 25 row
1763 3886 148 37 escape.
1931 3886 24 24 a
1971 3875 138 33 soldier
2127 3873 105 39 beiag
2252 3870 118 34 killed
2396 3870 50 43 by
2466 3869 56 32 his
2538 3867 92 34 side;
2679 3866 81 34 The
2871 3862 44 34 of
2939 3870 64 27 the

1670 3937 126 33 enemy
1818 3926 30 33 is
1863 3922 119 35 stated
2001 3928 38 27 at
2053 3922 117 33 about
2189 3919 71 35 300
2278 3930 93 25 men.

1719 3974 109 34 After
1857 3972 72 34 this
1957 3971 123 34 action

2096 3969 79 39 .the
2204 3977 133 33 enemy
2361 3961 260 40 concentrated
2652 3960 59 34 the
2740 3948 120 45 whole
2893 3958 40 33 of
2950 3958 56 34 his

1671 4023 99 34 force
1804 4022 35 34 in
1860 4020 94 33 Fort
1972 4018 191 35 Wootton.
2219 4015 128 45 .Major
2360 4013 168 35 •General
2554 4007 180 35 Maitland
2756 4009 91 32 with
2876 4010 53 28 his

2946 4009 41 31 ui-

1675 4070 113 35 vision
1805 4069 131 33 moved
1954 4068 96 32 from
2070 4064 204 39 Lamentin,
2300 4061 113 34 round
2432 4061 63 32 the
2515 4057 71 35 Cul
2598 4059 44 30 de
2660 4067 58 21 •ill!
2737 4055 47 34 de
2803 4051 142 37 Cutter.
2966 4062 39 25 to

1672 4119 105 46 point
1798 4116 124 44 Negro
1936 4126 11 30 ;
1972 4113 72 34 and
2066 4111 125 46 Major

2202 4110 22 54 /
2224 4110 226 54 Henderson,
2471 4106 96 40 with.
2585 4106 54 32 his
2659 4110 126 37 party,
2805 4100 201 47 proceeded

1674 4169 47 41 by
1742 4170 115 30 water
1871 4173 122 25 across
2017 4161 89 33 Fort
2130 4157 123 46 Royal
2271 4156 80 44 Bay
2367 4155 109 35 dorin
2493 4153 58 37 to•
2551 4153 78 37 Cass
2642 4150 180 40 Naviere,
2835 4148 71 35 and
2920 4144 91 40 took

1671 4226 25 24 a
1713 4213 164 46 roaition
1894 4221 46 25 on
1957 4209 63 34 the
2039 4207 148 46 heights
2202 4206 119 34 above
2340 4204 44 39 it,

583 4007 223 46 ATTACK
824 4010 66 40 UN
917 3999 369 48 MARTINIQUE.

270 4175 15 17 ,
317 4137 253 53 intelligence
596 4152 76 27 was
703 4139 201 48 yesterday
922 4135 241 45 received.by
1181 4134 63 37 the
1263 4134 116 41 Ilam,
1406 4126 149 39 arrived
1573 4133 38 30 at

268 4192 204 48 Liverpool
493 4192 94 35 from
609 4191 235 38 Barbadoes,
873 4186 125 35 which
1025 4186 66 33 she
1108 4183 70 35 left
1194 4194 47 24 on
1259 4183 61 34 the
1341 4180 87 37 lith
1447 4175 44 39 of
1515 4174 94 39 Feb.

265 4239 45 37 of
320 4250 46 28 an
381 4241 136 38 attack
542 4235 139 50 hiving
699 4235 216 50 been_atade
948 4234 52 46 by
1032 4241 70 27 our
1126 4239 137 39 'troops
1280 4241 46 25 on
1354 4228 65 38 the
1439 4222 122 39 bland
1576 4222 43 37 of

120 3761 11 19 4
