3403 4524
1028 94 19 21 /
1077 81 149 51 THE
1261 79 381 54 NATIONAL
1680 78 381 52 REGISTER.

182 207 240 43 sentiments
441 209 48 39 of
504 211 66 38 the
592 211 239 53 Sovereign,
860 213 64 40 his
941 213 223 45 illustrious
1183 230 162 38 spouse,
1364 216 80 41 and
1465 216 65 40 the

182 262 198 52 majority
402 261 51 40 of
468 263 58 39 his
547 265 194 51 subjects,
771 279 58 26 we
861 280 112 40 may,
1010 268 250 53 confidently
1292 269 78 39 and
1395 267 133 54 boldly

181 319 149 43 assert,
351 315 91 40 that
470 315 35 43 if
522 317 162 40 Prussia
704 318 102 39 take
826 333 38 35 an
863 333 19 35 •
895 321 132 40 active
1050 327 106 47 part,
1178 322 69 39 she
1265 322 77 39 Aid
1368 322 54 39 do
1441 322 31 39 it
1492 325 38 37 in

181 365 156 44 favour
356 369 52 39 of
423 370 175 40 Austria.
657 373 61 37 On
741 371 69 41 the
837 374 190 40 eventual
1059 376 191 45 conduct,
1273 389 47 26 or
1350 376 69 39 the
1444 389 64 39 pre-

181 426 92 33 sent
291 420 131 54 policy
437 420 50 39 of
500 422 162 48 Russia,
681 424 31 39 it
729 424 31 38 is
781 438 113 27 more
911 426 171 40 difficult
1098 433 41 33 to
1153 426 136 47 decide
1305 443 13 30 ;
1339 428 76 40 but
1431 441 98 26 even

180 471 74 40 the
286 472 217 53 testimony
534 475 50 40 of
608 477 70 38 the
716 490 143 41 enemy
892 483 288 37 corroborates
1208 481 69 39 the
1310 482 220 52 important

180 523 247 47 fact,—that
457 527 73 41 she
567 529 80 38 will
683 536 74 33 not
791 536 65 34 act
883 536 161 45 agerst
1080 533 176 40 .Austria.
1313 533 214 45 However,

180 576 40 40 if
252 588 78 31 our
367 580 182 45 Readers
583 594 69 26 are
853 589 46 33 to
932 585 118 39 allow
1081 600 25 25 a
1139 585 125 53 single
1291 585 170 53 particle
1489 586 46 39 of

180 632 115 51 goad
314 645 126 33 sense,
468 632 180 50 honour,
684 648 48 26 or
754 635 209 54 integrity,
1005 643 41 33 to
1067 639 104 39 exist
1191 640 38 37 in
1263 640 70 38 the
1352 640 177 39 councils

180 683 54 43 of
267 685 89 38 that
371 691 136 43 court,
539 702 47 25 or
617 689 87 38 that
726 702 22 25 a
769 690 125 51 spark
917 691 47 38 of
984 693 180 38 PiTea's
1195 692 141 52 genius
1374 693 78 37 and
1488 692 47 39 of

181 737 298 43 CATIIERINE'S
515 741 217 45 ambition,
774 743 111 39 lurks
922 744 38 38 in
1015 745 71 38 the
1142 750 191 35 remotest
1365 744 85 40 fold
1485 745 48 38 of

181 790 307 43 ALEx.s.ora's
526 793 130 47 heart,
705 795 93 51 they
834 802 106 33 must
976 796 50 38 be
1061 797 221 40 convinced
1325 797 92 40 that
1460 798 70 39 she

180 842 85 39 will
304 850 65 33 act
389 847 84 48 for
508 847 178 39 Austria.
763 849 73 39 We
872 850 120 44 have,
1033 849 206 45 however,
1283 863 115 30 some
1428 850 102 41 facts

180 894 138 41 which
357 909 94 40 may
490 898 123 53 guide
650 913 79 25 our
780 902 270 51 speculations
1095 904 41 43 in
1183 904 80 40 this
1302 909 230 46 respect;—

180 946 76 41 the
275 948 120 41 recall
430 948 53 40 of
508 952 110 38 ROM.
643 966 131 27 NZOFF
798 954 107 41 from
948 956 125 45 Paris,
1107 956 71 40 the
1196 957 131 51 chang
1330 970 24 25 e
1393 958 37 43 in
1460 957 70 39 the

178 999 168 54 foreign
381 1002 275 61 department,
694 1007 71 38 the
802 1007 24 52 n
826 1007 94 52 egoc
920 1007 118 52 iatio
1038 1007 24 52 n
1102 1009 24 39 w
1126 1009 72 39 ith
1234 1011 60 37 'Tu
1303 1009 116 52 rkey,
1457 1010 70 38 the

172 1055 183 54 journey
394 1057 45 38 of
485 1057 105 40 their
628 1058 190 40 Prussian
852 1061 208 50 Majesties
1089 1067 47 39 to
1170 1063 67 38 St..
1266 1063 261 51 Petersburg,

178 1106 84 39 and
292 1108 70 40 the
389 1120 207 32 measures
613 1110 217 56 bordering
849 1126 51 26 on
920 1111 136 43 actual
1085 1114 183 53 hostility
1303 1120 46 33 to
1371 1116 151 39 France

178 1160 162 40 carried
385 1160 87 40 into
502 1163 214 39 execution
755 1178 52 26 on
844 1166 105 39 their
987 1170 136 37 return
1141 1185 11 32 ;
1315 1167 111 41 these
1463 1181 66 26 are

177 1208 126 50 facts,
338 1213 123 60 which
461 1213 25 60 ?
519 1219 41 35 at
580 1227 76 41 any
678 1217 122 40 other
819 1218 159 56 period,
1011 1219 136 40 would
1169 1221 47 38 be
1235 1220 231 41 considered
1488 1234 41 26 as

180 1265 280 53 unequivocal
477 1267 141 53 proofs
633 1267 51 40 of
707 1283 26 26 a
763 1270 102 40 total
885 1271 158 52 change
1064 1272 39 40 in
1126 1273 70 39 the
1214 1272 132 56 policy
1369 1274 50 38 of
1439 1273 91 40 that

180 1317 148 40 Court.
381 1320 76 38 We
472 1325 107 34 must
593 1320 308 54 acknowledge,
924 1337 59 27 we
1004 1337 69 27 are
1093 1338 155 37 among
1266 1328 70 38 the
1358 1328 171 39 number

180 1369 56 44 of
257 1371 115 39 those
394 1371 94 46 who
509 1372 221 53 anticipatr..,
764 1375 93 43 that
872 1382 148 40 event;
1050 1378 94 46 and,
1183 1378 113 39 when
1333 1393 59 26 we
1427 1378 99 40 look

180 1421 111 44 back
311 1424 67 38 the
398 1426 115 47 short
531 1439 119 38 space
669 1427 52 39 of
755 1434 81 33 two
857 1442 131 40 years,
1020 1429 116 40 when
1162 1433 269 38 ALEXANDER
1450 1433 57 39 dis-

176 1474 152 93 flayed
346 1489 43 25 so
407 1478 122 41 much
549 1476 172 56 loyalty,
752 1482 110 51 good
881 1482 120 46 faith,
1030 1483 51 38 an
1081 1483 26 38 d
1129 1483 156 53 magnan
1285 1483 26 53 i
1311 1483 26 53 m
1337 1483 105 53 ity,
1469 1499 59 27 we

200 1526 123 56 ondly
344 1530 77 39 and
443 1531 317 59 pertinaciously
783 1534 150 41 adhere
954 1540 43 35 to
1017 1535 70 40 the
1120 1537 123 53 hope,
1281 1537 90 39 that
1393 1550 24 26 a
1437 1539 59 39 Mo-

177 1580 146 47 narch,
357 1581 94 39 who
487 1585 118 40 stood
625 1597 118 34 once,
775 1587 77 40 and
889 1600 43 26 so
961 1589 253 53 deservedly,
1252 1589 98 53 high
1382 1589 38 39 in
1459 1591 69 40 the

176 1638 154 34 esteem
348 1633 51 39 of
428 1633 83 46 this
529 1643 194 45 country,
754 1638 81 45 will
854 1652 102 27 soon
992 1641 102 40 rank
1131 1642 119 61 again
1269 1655 156 38 among
1456 1644 70 39 the

175 1693 113 41 zpost
308 1685 144 41 ardent
471 1687 51 40 of
547 1702 78 27 our
644 1698 235 45 supporters
900 1693 39 39 in
958 1693 148 40 favour
1126 1698 21 39 o
1147 1698 21 39 f
1202 1693 300 44 universalfree-

172 1736 117 44 dom.
347 1740 105 44 Dent
484 1740 78 44 ark
578 1741 158 43 follows
754 1744 51 41 of
819 1757 141 30 course
977 1746 40 44 in
1036 1746 71 45 the
1126 1753 148 38 vortex
1289 1747 52 41 of
1354 1749 171 41 Russian

172 1791 183 61 politics.

231 1894 133 40 These
384 1907 292 41 appearances,
691 1912 45 27 so
755 1900 314 53 corresponding
1090 1902 94 39 with
1202 1902 69 40 the
1289 1903 143 43 wishes
1449 1907 76 39 and

174 1944 195 46 interests
384 1948 53 41 of
443 1949 128 58 'every
594 1964 109 34 man,
733 1954 93 39 who
855 1954 146 39 knows
1020 1959 43 34 to
1083 1957 231 51 appreciate
1335 1958 71 40 the
1426 1959 79 39 bles-

176 2000 115 52 sings
304 2001 51 39 of
367 2000 198 51 freedom,
586 2004 79 39 and
694 2010 44 34 to
759 2006 135 40 whom
915 2007 233 53 oppression
1170 2009 78 39 and
1278 2008 156 43 lawless
1465 2026 40 26 ra-

178 2053 100 56 pine
309 2066 71 28 are
413 2055 181 51 subjects
612 2056 50 40 of
674 2057 268 48 abhorrence,
974 2057 168 43 become
1174 2074 113 27 more
1319 2065 204 53 cheering,

180 2105 122 40 when
330 2107 139 45 united
498 2108 94 40 with
614 2109 70 39 the
702 2122 87 26 new
807 2112 117 51 spirit
943 2111 52 39 of
1017 2112 145 53 liberty
1186 2115 74 38 and
1297 2117 226 50 resistance,

180 2158 137 40 which
335 2159 72 45 has
429 2154 103 52 dnce
550 2174 112 27 more
678 2163 204 53 displayed
904 2164 120 47 itself,
1043 2166 96 39 with
1159 2179 45 27 so
1225 2169 118 39 much
1363 2169 159 53 vigour,

180 2209 45 41 in
244 2222 124 43 every
389 2218 94 47 part
498 2212 51 40 of
572 2215 136 52 Spain.
767 2217 86 39 The
870 2217 89 39 iron
981 2230 132 27 crown
1136 2232 92 40 may
1251 2220 48 39 he
1318 2220 79 40 still
1419 2224 84 38 shat-

181 2263 139 41 terred
345 2277 53 27 on
415 2258 71 56 Ole
501 2265 103 40 head
622 2268 50 39 of
683 2268 71 40 the
774 2272 137 50 tyrant
930 2270 188 48 himself;
1150 2272 77 39 and
1248 2287 22 25 a
1290 2272 79 40 fair
1388 2288 109 27 morn-

181 2314 77 54 ing
287 2329 92 41 may
413 2320 165 38 succeed
609 2321 70 39 the
711 2319 98 54 long
837 2323 78 39 and
944 2323 142 40 dismal
1115 2324 120 52 night
1256 2326 47 39 of
1325 2328 194 40 disorder.

182 2368 77 39 We
275 2381 74 32 can
369 2382 126 27 never
520 2372 188 41 abandon
735 2374 80 38 this
843 2375 105 46 idea,
970 2388 43 26 as
1032 2376 99 52 long
1161 2391 43 26 as
1221 2391 24 26 a
1265 2393 69 38 ray
1354 2380 51 38 of
1419 2381 104 51 hope

183 2419 144 50 shoots
344 2421 136 47 across
502 2422 69 40 the
591 2424 182 52 political
804 2426 184 43 horizon.
1045 2431 37 38 It
1102 2443 93 39 may
1227 2431 47 39 be
1294 2445 113 27 more
1427 2448 94 26 con-

178 2474 151 43 Sistent
356 2474 94 40 with
477 2474 69 40 the
573 2481 159 50 temper
751 2480 79 38 and
852 2479 213 56 principles
1083 2481 50 39 of
1157 2496 112 27 some
1290 2486 168 46 writers,
1478 2493 44 34 to

182 2524 187 48 discover
389 2525 97 54 only
509 2530 171 39 motives
712 2531 50 38 of
793 2537 133 35 terror
947 2535 74 38 and
1057 2533 300 53 despondency,
1387 2541 135 39 where

181 2590 66 28 we
268 2580 80 50 find
378 2593 24 26 a
431 2593 142 34 source
591 2582 48 40 of
670 2584 253 41 consolation
943 2602 11 27 ;
985 2587 73 39 but
1089 2588 189 44 however
1311 2593 94 52 they
1430 2606 91 40 may

183 2630 120 44 exult
325 2631 37 39 iu
380 2631 69 48 the
467 2635 209 39 conscious
694 2637 112 48 pride
836 2637 47 40 of
907 2639 183 52 superior
1107 2654 113 28 sense
1237 2643 78 39 and
1336 2650 163 46 penetra-

182 2685 106 45 tion,
311 2698 57 25 we
387 2685 131 52 would
539 2692 71 34 not
630 2688 190 41 abandon
841 2705 77 26 our
937 2693 109 50 good
1067 2694 169 52 opinion
1256 2695 50 39 of
1329 2698 191 39 mankind

182 2735 70 44 for
287 2737 105 41 their
424 2739 110 50 good
572 2741 169 59 opinion
761 2743 51 39 of
840 2744 252 45 themselves,
1152 2746 63 40 All
1250 2748 70 39 the
1354 2751 167 51 Weekly

182 2789 170 53 Papers,
390 2790 149 44 almost
561 2794 174 44 without
767 2797 231 52 exception,
1029 2812 106 25 seem
1165 2805 45 34 to
1247 2802 104 39 have
1380 2802 80 41 laid
1494 2805 30 38 it

181 2841 122 41 down
321 2845 40 46 ai
381 2855 51 26 an
455 2844 224 41 invariable
697 2846 86 40 rule
814 2850 37 38 in
870 2850 104 38 their
998 2851 282 51 speculations,
1302 2859 43 33 to
1367 2862 157 45 present

180 2896 109 39 their
309 2896 182 43 Readers
520 2898 94 53 only
634 2901 97 38 with
767 2902 67 39 the
860 2903 168 52 gloomy
1049 2903 83 41 side
1153 2906 48 39 of
1224 2906 67 39 the
1309 2909 213 50 question;

182 2949 81 38 and
285 2949 241 45 influenced,
548 2965 57 26 we
626 2953 132 41 would
781 2955 120 52 hope,
921 2956 138 39 rather
1080 2957 52 52 by
1154 2963 174 43 custom,
1350 2961 98 39 than
1470 2962 51 53 by

182 3002 215 52 principle,
420 3004 141 45 evince
581 3018 51 26 no
653 3008 113 37 small
788 3007 148 52 degree
965 3008 50 39 of
1036 3009 226 40 exultation
1281 3014 117 39 when
1421 3014 102 40 their

183 3054 170 52 gloomy
376 3056 285 53 anticipations
690 3059 105 39 have
829 3061 99 39 been
964 3061 175 40 realized
1170 3063 52 52 by
1243 3078 279 30 occurrences.

182 3107 103 39 This
304 3107 190 47 conduct,
516 3109 104 40 from
643 3112 206 40 whatever
866 3128 119 26 cause
1019 3115 30 39 it
1080 3128 92 41 may
1201 3118 190 50 proceed,
1414 3120 30 39 is
1465 3120 39 39 in-

183 3159 161 52 finitely
363 3159 227 54 dangerous
609 3165 76 38 and
707 3165 324 53 reprehensible;
1062 3169 93 46 and,
1178 3174 103 35 Were
1306 3171 31 39 it
1364 3171 136 41 univer-

180 3211 104 60 sally
304 3213 193 53 adopted,
516 3217 252 53 considering
788 3219 70 39 the
874 3226 116 46 great
1023 3220 200 43 influence
1253 3223 126 40 which
1400 3226 98 39 Jour-

181 3257 143 47 nia;ts
356 3266 104 41 have
491 3281 99 27 over
624 3270 69 39 the
730 3270 136 52 pnblic
887 3273 183 52 opinion,
1108 3274 32 38 it
1170 3278 131 38 would
1333 3278 116 39 leave
1469 3292 52 26 no

180 3319 125 45 tither
324 3318 255 51 alternative,
599 3322 97 39 than
720 3330 44 33 to
787 3338 202 28 renounce
1020 3326 183 40 freedom
1222 3328 48 39 of
1284 3330 236 46 discussion,

178 3383 52 27 or
250 3376 44 37 to
309 3372 293 52 contemplate,
625 3376 93 39 with
748 3378 126 41 moral
904 3380 215 51 certainty,
1149 3380 71 39 the
1247 3383 150 38 arrival
1429 3384 50 39 of
1499 3399 24 25 a

178 3424 163 54 period,
358 3425 115 47 When
485 3428 164 52 Cuglish
659 3442 87 26 men
765 3430 130 40 would
917 3433 142 39 evince
1072 3445 43 27 as
1131 3435 118 38 much
1264 3435 257 44 indifference

174 3490 51 28 as
244 3478 97 53 they
361 3478 155 53 display
539 3482 150 39 ardour
717 3489 39 32 at
777 3490 171 45 preseet,
980 3484 66 38 for
1076 3485 71 40 the
1179 3485 182 41 interests
1381 3503 47 25 or
1446 3490 50 40 ho-

172 3543 115 28 nour
307 3531 50 39 of
370 3531 107 39 their
496 3539 185 50 country.
715 3536 97 39 This
826 3537 78 40 evil
925 3539 115 38 habit
1058 3539 70 39 has
1148 3552 45 26 so
1215 3542 117 40 much
1352 3543 165 40 vitiated

172 3583 115 43 their
307 3585 143 40 British
472 3583 182 54 feelings,
676 3587 79 40 and
774 3602 102 27 even
891 3591 116 39 those
1028 3591 128 40 which
1174 3605 69 27 are
1261 3591 193 45 common
1474 3604 43 32 to

172 3650 131 40 every
335 3651 92 27 man
450 3635 50 43 of
513 3639 230 48 education,
772 3643 92 39 that
885 3644 92 51 they
1002 3651 148 33 cannot
1169 3646 129 51 guard
1320 3648 66 39 the
1407 3661 83 27 com-

172 3702 100 28 mon
294 3690 126 40 forms
441 3690 50 39 of
506 3691 227 52 politeness,
756 3694 213 41 whenever
984 3697 96 52 they
1100 3698 144 39 advert
1263 3705 45 34 to
1320 3702 69 39 the
1410 3702 85 40 lead-

170 3744 74 54 in;
267 3750 89 34 then
380 3745 37 38 in
442 3745 116 39 those
580 3746 208 43 countries
819 3749 125 40 which
976 3762 70 27 are
1081 3755 109 35 most
1208 3751 146 54 closely
1378 3755 137 40 united

171 3802 47 37 to
255 3810 96 34 otirs
372 3800 51 51 by
444 3798 70 39 the
534 3798 72 40 ties
635 3798 51 40 of
704 3800 221 53 friendship
959 3802 78 39 and
1058 3803 221 52 reciprocal
1318 3811 195 37 interests.

170 3852 139 41 There
331 3852 32 39 is
381 3865 44 26 as
441 3852 122 39 much
595 3849 99 56 folly
717 3866 43 27 as
778 3854 197 53 brutality
1009 3855 38 40 in
1072 3857 98 39 such
1194 3861 321 41 unwarrantable

167 3906 243 44 strictures;
442 3904 79 40 and
543 3904 37 40 if
593 3906 93 53 they
709 3906 107 40 have
835 3920 51 26 no
909 3913 154 48 respect
1080 3907 63 41 for
1163 3909 70 40 tho
1244 3909 211 45 character
1470 3928 46 27 or

167 3957 176 43 welfare
376 3958 50 41 of
454 3958 107 40 their
579 3964 194 50 country,
803 3960 129 40 which
974 3966 105 34 must
1109 3960 123 41 suffer
1264 3961 109 41 from
1411 3967 104 40 their

165 4011 224 47 insolence,
436 4013 98 52 they
576 4011 164 48 should,
807 4020 45 33 at
885 4015 119 46 least,
1051 4015 106 41 have
1199 4029 112 28 some
1359 4026 157 45 respect

165 4064 71 43 for
266 4065 260 51 themselves,
576 4065 54 56 by
678 4068 220 57 observiag
935 4068 70 43 the
1033 4082 46 30 us
1083 4068 69 43 ual
1192 4068 96 44 laws
1324 4071 50 40 of
1400 4072 94 47 deco-

163 4114 115 53 ruin.

2556 72 253 52 MARGIT
2846 77 87 50 26.

1648 214 74 38 We
1740 211 79 43 feel
1840 213 70 40 the
1928 211 159 54 highest
2105 211 148 53 degree
2264 208 47 41 of
2323 209 229 43 exultation
2571 208 40 39 in
2631 207 122 58 being
2772 207 93 43 able
2884 214 45 35 to

1597 266 170 41 confirm
1789 265 70 40 the
1880 269 203 40 accounts,
2111 262 228 54 previously
2362 261 198 48 received,
2591 256 52 44 of
2653 274 50 26 an
2725 260 207 44 universal

1596 319 116 53 spirit
1739 318 50 41 of
1812 319 214 40 resistance
2060 317 150 52 having
2241 320 99 35 once
2360 327 113 28 more
2507 313 236 41 manifested
2765 307 167 48 itselfin

1598 376 67 35 the
1685 372 203 40 Northern
1909 371 214 40 Provinces
2140 370 48 39 of
2213 370 131 52 Spain.
2402 369 87 39 The
2524 369 124 38 brave
2669 372 190 48 peasants-
2884 370 59 40 of

1598 424 185 46 Gallicia,
1827 426 124 43 Leon,
1981 423 78 40 and
2096 422 195 47 Asturias,
2329 437 45 24 so
2408 420 112 41 often
2554 420 299 47 calumniated,-
2869 433 72 28 we•

1598 478 113 40 blush
1726 484 44 34 to
1782 490 85 39 say,
1881 488 103 28 even
2006 477 38 38 in
2065 475 77 40 this
2156 481 189 45 country,
2365 476 105 39 have
2489 474 102 44 risen
2606 472 120 53 again
2747 485 53 27 on
2820 476 116 39 their

1596 544 246 40 oppressors,
1870 529 77 40 and
1982 530 157 40 harrass
2157 528 81 41 and
2255 529 163 52 destroy
2438 528 113 39 them
2572 527 50 52 by
2642 531 189 37 constant
2849 530 83 40 and

1597 583 198 53 irregular
1830 582 175 40 attacks.
2060 585 73 38 We
2161 595 72 27 are
2269 580 210 54 positively
2510 579 204 43 informed
2750 580 92 40 that
2859 583 73 43 the

1598 637 149 41 French
1776 637 112 40 force
1907 635 38 40 in
1967 634 169 41 Gallicia
2166 637 97 39 does
2282 643 70 32 not
2373 637 174 45 amount
2575 637 44 37 to
2647 637 152 43 20,000
2818 647 110 37 men,

1594 690 78 39 and
1693 690 110 44 these
1821 702 151 40 appear
1991 694 43 33 to
2055 689 50 39 be
2124 702 111 28 worn
2250 693 73 34 out
2339 689 59 52 by.
2411 687 207 44 incessant.
2636 685 90 47 toil,
2756 685 176 53 hunger,

1594 743 78 39 and
1693 743 164 40 disease.
1915 741 87 41 The
2023 741 191 53 patriotic
2233 741 248 39 inhabitants
2503 738 48 39 of
2574 738 116 41 those
2720 739 210 52 provinces

1594 796 104 41 have
1713 795 200 44 resumed,
1941 808 43 26 as
2003 808 58 25 we
2079 793 203 61 predicted
2302 800 78 33 two
2396 791 163 43 months
2580 806 96 39 ago,
2695 793 71 39 the
2781 793 124 44 enthu-

1594 849 117 39 siasm
1731 849 78 40 and
1826 861 178 40 courage
2017 847 129 39 which
2170 846 168 39 marked
2357 860 44 24 so
2421 844 268 54 prominently
2702 844 118 41 -their
2841 848 91 41 first

1594 900 151 43 efforts.
1801 901 87 40 The
1903 901 142 52 rigour
2059 900 48 39 of
2117 900 70 40 the
2203 900 143 39 winter
2361 898 128 40 drove
2507 898 111 40 these
2639 912 105 39 poor
2764 900 163 54 people,

1594 954 188 40 destitute
1804 967 43 26 as
1876 953 92 53 they
1993 966 104 27 were
2125 953 51 39 of
2202 953 71 38 the
2306 952 177 52 simplest
2507 952 239 39 necessaries
2765 953 50 39 of
2841 954 89 47 life,

1596 1007 77 39 and
1696 1002 69 45 the
1794 1012 107 34 most
1920 1007 184 39 essential
2125 1005 159 41 articles
2314 1005 47 39 of
2385 1003 201 54 clothing,
2614 1003 109 43 back
2753 1010 47 35 to
2822 1007 110 40 their

1596 1061 139 39 homes
1753 1077 12 28 ;
1811 1061 79 38 and
1926 1059 69 40 the
2044 1064 158 47 present
2249 1059 163 39 horrors
2446 1057 50 41 of
2533 1058 158 53 hunger
2730 1058 78 40 and
2836 1059 96 43 cold

1594 1113 272 52 outweighed,
1910 1126 44 26 as
1983 1111 132 61 might
2152 1113 50 39 be
2228 1111 209 53 expected,
2477 1110 70 40 the
2580 1115 182 37 remoter
2796 1116 136 39 terror

1594 1166 50 40 of
1667 1167 172 51 slavery.
1910 1166 89 39 The
2039 1165 275 53 invigorating
2346 1165 80 39 and
2465 1165 193 51 cheering
2692 1178 93 39 rays
2820 1166 51 40 of
2902 1180 31 34 a,

1594 1220 189 39 southern
1799 1231 72 26 sun
1889 1217 105 41 have
2013 1219 176 40 restored
2207 1218 111 39 them
2346 1222 45 34 to
2407 1215 85 47 life,
2522 1217 149 52 vigour
2687 1219 77 39 and
2785 1230 25 27 a
2820 1218 109 46 keen

1594 1285 111 26 sense
1747 1272 51 40 of
1826 1271 107 40 their
1969 1273 177 48 injuries.
2217 1270 115 52 They
2376 1281 78 27 can
2493 1281 92 26 now
2617 1269 185 53 dispense
2830 1273 98 41 with

1596 1325 69 38 the
1682 1339 66 25 use
1768 1324 51 39 of
1837 1325 90 39 hats
1946 1325 77 39 and
2048 1325 130 46 shoes,
2215 1324 94 52 they
2331 1335 74 27 can
2434 1333 118 39 carry
2585 1322 39 40 in
2654 1322 106 43 their
2796 1323 105 54 knap-

1593 1377 116 39 sacks
1728 1378 67 39 the
1817 1377 148 41 week's
1993 1383 235 34 sustenance
2242 1393 12 30 ;
2289 1376 78 39 and
2399 1372 270 44 emboldened
2696 1376 52 54 by
2777 1378 149 52 partial

1592 1443 168 33 success,
1793 1431 78 39 and
1905 1431 150 52 taught
2073 1431 66 38 the
2160 1430 248 51 advantages
2430 1428 47 39 of
2503 1441 50 26 an
2585 1429 201 53 irregular
2805 1431 122 41 mode

1593 1482 48 44 of
1665 1483 184 45 warfare,
1886 1483 94 52 they
2011 1482 79 39 will
2114 1483 167 39 become
2309 1495 116 27 more
2450 1482 247 44 formidable
2717 1483 97 40 than
2830 1498 98 31 ever

1593 1540 41 39 to
1656 1535 104 40 their
1776 1535 202 41 infamous
2002 1535 198 40 invaders.

1646 1589 94 39 This
1759 1589 183 53 pleasing
1964 1587 252 53 intelligence
2233 1587 30 40 is
2282 1586 242 41 corrobated
2541 1587 52 53 by
2614 1587 72 40 the
2713 1589 150 43 arrival
2880 1592 53 40 of

1593 1641 69 39 the
1678 1644 100 48 Busy
1809 1646 152 40 cutter,
1991 1641 130 39 which
2144 1641 76 40 loft
2241 1641 145 43 Lisbon
2419 1654 53 26 on
2490 1641 71 39 the
2580 1641 97 39 26th
2696 1642 45 39 ai
2773 1644 130 41 Febru-

1593 1706 86 40 ary.
1737 1694 72 39 We
1838 1693 107 41 learn
1974 1693 109 40 from
2109 1694 79 40 this
2212 1707 156 32 source,
2409 1693 92 39 that
2533 1693 70 39 the
2636 1694 155 41 French
2822 1696 104 41 have

1592 1746 239 41 abandoned
1848 1748 71 39 the
1937 1749 252 50 Portuguese
2206 1746 209 47 frontiers,
2440 1744 80 41 and
2543 1746 89 41 that
2649 1747 71 39 the
2738 1748 123 41 levies
2881 1752 51 39 of

1592 1799 91 40 that
1702 1799 215 53 kingdom,
1951 1799 161 53 uniting
2138 1799 98 40 with
2272 1799 71 40 the
2376 1798 174 40 remains
2585 1799 52 39 of
2667 1800 71 39 the
2757 1804 170 51 Spanish

1592 1865 130 39 army,
1752 1853 107 39 have
1881 1858 73 48 put
1989 1852 242 40 themselves
2259 1853 128 39 under
2422 1851 72 40 the
2522 1853 217 39 command
2774 1856 51 39 of
2854 1856 73 39 the

1596 1905 200 40 Patriotic
1822 1907 209 43 ROMANA,
2070 1905 91 39 who
2187 1918 81 26 was
2306 1904 235 53 preparing,
2571 1910 41 34 at
2640 1905 70 40 the
2743 1907 105 41 head
2881 1909 51 46 of

1591 1962 146 44 25,000
1750 1971 107 37 men,
1897 1964 48 34 to
1964 1959 65 40 aid
2052 1958 67 40 the
2130 1958 143 43 efforts
2285 1958 47 39 of
2347 1958 70 40 the
2437 1958 129 40 brave
2583 1965 202 46 peasants.

1645 2088 104 40 Lord
1770 2089 171 40 COCRRA
1952 2102 53 25 NE
2028 2087 158 40 arrived
2205 2092 44 35 at
2271 2085 219 56 Plymouth
2524 2100 53 27 on
2597 2089 181 56 Monday
2802 2091 39 40 in
2859 2092 72 43 tha

1593 2141 242 52 Impericuse
1858 2143 106 39 from
1987 2140 208 41 Gibraltar
2213 2140 77 40 and
2311 2140 137 40 Cadiz.
2507 2143 61 38 He
2585 2141 71 40 has
2672 2143 182 52 brought
2870 2145 59 39 in.

1590 2192 214 54 telligence
1824 2194 104 39 from
1952 2194 118 51 Spain
2091 2193 48 39 of
2153 2206 24 26 a
2196 2193 178 53 pleasing
2393 2192 278 54 complexion.
2745 2199 89 38 The
2854 2198 72 43 let.,

1591 2252 81 33 ters
1690 2246 106 39 from
1818 2245 209 40 Gibraltar
2042 2259 69 26 are
2130 2246 50 39 of
2191 2251 72 34 the
2281 2246 94 39 28th
2396 2245 73 40 ult.
2529 2246 87 40 The
2628 2254 103 35 most
2743 2250 167 41 interest-

1591 2298 67 53 ing
1678 2298 84 41 fact
1780 2304 43 34 at
1844 2304 161 47 present
2024 2298 163 48 known,
2222 2298 157 53 though
2413 2298 226 40 somewhat
2673 2302 253 56 confusedly,

1591 2352 43 45 is,
1654 2352 91 39 that
1776 2357 44 33 at
1843 2352 124 40 Cadiz
1991 2352 152 39 serious
2177 2352 172 40 tumults
2366 2352 107 39 have
2491 2352 148 51 arisen,
2672 2355 109 39 from
2802 2370 25 25 a
2844 2370 66 26 sus
2911 2380 18 21 •

1589 2404 135 52 picion
1744 2417 53 26 on
1820 2404 70 40 the
1915 2409 91 47 part
2024 2405 51 38 of
2088 2404 67 40 the
2176 2404 158 53 people,
2353 2408 76 34 too
2448 2404 87 40 well
2548 2406 185 50 justified
2752 2408 51 52 by
2824 2409 102 44 fatal

1586 2456 242 53 experience
1859 2457 37 39 in
1933 2457 122 40 other
2087 2461 202 47 quarters,
2309 2457 89 39 that
2418 2456 106 40 their
2543 2459 259 52 magistrates
2820 2476 106 30 were

1589 2507 220 41 unfaithful
1843 2515 41 34 to
1902 2509 71 40 the
1991 2523 119 26 cause
2130 2509 48 40 of
2191 2509 107 40 their
2326 2513 189 57 country.
2572 2512 86 40 The
2691 2512 237 46 immediate

1589 2563 184 39 occasion
1793 2562 32 39 is
1845 2562 244 40 understood
2109 2567 43 35 to
2172 2562 52 41 be
2243 2561 70 40 the
2329 2561 213 56 following

1642 2619 118 37 Some
1806 2615 50 39 of
1891 2615 71 40 the
2008 2614 155 43 French
2200 2615 215 52 prisoners,
2445 2615 109 50 who,
2582 2616 131 41 under
2741 2619 91 41 that
2859 2620 71 40 de•

1589 2668 207 53 scription,
1828 2667 79 40 had
1936 2669 103 40 been
2069 2682 43 26 so
2141 2668 97 60 long
2267 2667 187 40 confined
2481 2674 44 33 at
2555 2670 137 47 Cadiz,
2715 2673 118 40 made
2858 2674 71 39 the

1589 2721 220 53 suspicious
1824 2720 102 41 otter
1944 2721 50 39 of
2013 2722 105 38 their
2132 2734 174 27 services
2330 2725 43 38 to
2398 2721 187 53 garrison
2604 2722 71 40 the
2693 2728 124 43 town,
2846 2727 79 40 and

1589 2778 45 34 to
1652 2773 119 40 make
1787 2773 79 40 this
1883 2773 189 53 proposal
2099 2772 221 54 palatable,
2347 2772 187 41 declared
2561 2776 241 44 themselves
2818 2783 43 37 to
2876 2781 50 38 be

1592 2825 132 47 Poles,
1753 2826 79 40 and
1850 2831 73 34 not
1950 2826 263 40 Frenchmen.
2271 2825 86 41 The
2378 2826 185 53 Marquis
2584 2828 50 39 de
2672 2828 139 50 Ville!,
2842 2833 56 39 Go-

1590 2891 146 27 vernor
1755 2878 51 40 of
1840 2878 71 40 the
1942 2877 132 54 place,
2104 2893 85 25 was
2219 2877 184 54 disposed
2422 2883 46 35 to
2494 2885 143 58 accept
2655 2881 53 44 of
2726 2883 80 43 this
2824 2884 105 43 offer

1591 2931 157 52 against
1779 2930 133 40 which
1932 2931 70 40 the
2035 2931 248 40 inhabitants
2300 2930 210 45 mutinied.

1644 2983 104 39 Lord
1769 2986 250 44 COCHRANE,
2052 2983 129 39 whilst
2215 2996 52 26 on
2290 2983 58 39 his
2380 2983 151 40 station
2552 2985 39 40 in
2627 2985 73 45 the
2730 2991 174 40 Mediter-

1590 3048 163 34 ranean,
1787 3037 129 40 raised
1944 3050 102 27 even
2066 3037 70 40 the
2153 3040 124 37 naval
2293 3040 223 46 reputation
2536 3039 50 43 of
2598 3039 61 40 his
2678 3048 174 48 country
2869 3045 56 52 by

1589 3089 61 39 his
1669 3089 234 54 intrepidity
1923 3089 77 40 and
2015 3089 215 54 vigilance.
2288 3089 370 56 Notwithstanding
2675 3094 69 40 the
2769 3094 157 45 limited

1591 3155 136 26 means
1747 3142 52 40 he
1818 3142 80 40 had
1918 3146 44 35 at
1980 3142 60 41 his
2069 3141 206 52 controul,
2303 3142 48 39 he
2370 3143 142 52 spread
2528 3144 128 41 alarm
2675 3149 78 39 and
2776 3155 149 48 terror,

1589 3194 123 53 along
1740 3195 71 39 the
1832 3198 181 48 enemy's
2031 3200 126 44 coast,
2187 3195 110 39 from
2327 3195 70 41 the
2418 3197 198 51 Pyrenees
2635 3204 44 34 to
2699 3202 70 40 the
2787 3203 137 54 Gulph

1590 3247 48 39 of
1654 3249 168 44 Genoa;
1853 3249 78 38 and
1952 3247 59 40 his
2027 3247 159 41 defense
2206 3248 51 40 of
2272 3249 130 39 Rosas
2421 3246 72 43 has
2507 3248 73 52 left
2598 3265 25 26 a
2641 3253 181 52 splendid
2836 3270 60 26 mo-

1589 3306 168 34 nument
1789 3300 51 40 of
1861 3301 110 39 what
2003 3301 148 41 British
2173 3301 171 53 bravery
2365 3300 33 40 is
2417 3304 172 51 capable
2619 3306 50 38 of
2689 3309 213 53 executing
2902 3309 24 53 *

1589 3353 112 40 when
1722 3353 207 41 animated
1950 3354 53 53 by
2022 3354 70 40 the
2109 3352 203 54 example,
2341 3352 78 41 and
2438 3356 148 51 guided
2604 3358 53 53 by
2688 3360 72 40 the.
2776 3361 150 43 talents

1587 3405 50 39 of
1663 3419 25 25 a
1722 3411 250 35 COCHRANE.
2029 3407 90 39 The
2154 3407 216 52 splendour
2400 3407 79 39 and
2513 3410 133 54 utility
2683 3413 52 39 of
2761 3415 63 45 his,
2841 3430 61 27 ser-

1589 3458 104 40 vices
1726 3459 169 52 impress
1923 3459 71 41 the
2026 3459 254 56 triumphant
2319 3459 248 51 conviction,
2615 3465 90 40 that
2737 3468 71 40 the
2851 3482 50 40 ap-

1587 3511 229 52 pointment
1867 3511 51 40 of
1961 3511 155 40 similar
2165 3514 165 39 Officers
2387 3519 46 33 to
2486 3514 70 40 the
2604 3521 217 40 command
2881 3522 51 41 of

1584 3578 77 26 our
1697 3578 113 40 army
1850 3566 32 38 is
1900 3565 53 39 all
1987 3566 96 39 that
2112 3566 30 39 is
2170 3566 188 53 requisite
2376 3570 44 33 to
2443 3568 124 41 make
2584 3569 30 40 it
2640 3583 44 26 as
2702 3575 198 52 enterpris-

1584 3617 70 52 ing
1687 3619 76 38 and
1783 3618 177 40 efficient
1993 3631 46 27 as
2070 3620 30 37 it
2134 3619 79 40 had
2236 3620 99 38 been
2356 3619 37 38 in
2417 3618 71 40 the
2507 3622 98 39 time
2634 3624 52 40 of
2705 3625 70 40 the
2794 3630 130 39 Great

1587 3670 119 40 Duke
1752 3670 50 40 of
1840 3673 348 39 MARLBOROUGH.
2265 3673 96 38 This
2409 3674 255 48 conviction,
2705 3691 60 27 we
2797 3685 125 44 trust,

1584 3720 80 40 will
1701 3723 214 53 gradually
1952 3725 174 51 explode
2159 3723 70 43 the
2264 3726 204 45 cautious,
2506 3728 194 54 dilatory,
2745 3733 79 40 and
2863 3733 39 40 al-

1583 3781 106 35 most
1709 3776 203 53 dastardly
1946 3790 215 34 measures,
2200 3778 131 40 which
2361 3778 87 50 disg
2453 3781 117 43 raced
2597 3795 74 27 our
2702 3783 83 43 late
2816 3785 85 41 mili-

1583 3831 87 47 tary
1708 3829 250 52 operations.
2015 3831 87 39 The
2122 3831 90 54 Mini
2212 3831 22 54 s
2235 3831 92 54 try,
2366 3835 30 41 w
2395 3835 31 41 h
2426 3835 31 41 o
2491 3846 71 28 are
2598 3835 129 43 afraid
2758 3839 51 39 of
2836 3853 58 30 em-

1583 3879 169 54 ploying
1768 3895 79 27 our
1877 3895 113 40 army
2016 3896 51 26 on
2100 3898 25 26 a
2160 3883 116 54 large
2308 3888 104 39 scale
2446 3887 48 41 of
2528 3888 167 50 service,
2722 3891 105 41 have
2848 3900 76 38 not

1581 3933 219 40 benefited
1818 3935 122 43 flinch
1962 3935 50 52 by
2036 3937 69 39 the
2125 3939 159 51 perusal
2306 3940 47 39 of
2367 3954 77 37 our
2461 3940 150 53 history
2631 3959 14 30 ;
2683 3944 76 40 and
2789 3946 133 53 judge

1581 3985 69 39 the
1674 3986 145 43 British
1841 3989 210 39 character
2088 3990 124 54 solely
2252 3991 102 41 from
2395 3994 105 40 their
2528 4007 104 27 own.
2691 3998 87 39 The
2809 4013 28 38 g
2841 4002 81 39 ood

1580 4051 111 27 sense
1711 4039 77 39 and
1808 4039 71 40 the
1898 4041 137 40 native
2054 4056 25 38 c
2079 4056 25 38 o
2104 4056 51 38 ur
2154 4056 78 38 age
2263 4046 50 39 of
2327 4046 67 40 the
2412 4046 158 48 Public,
2598 4051 146 40 second
2745 4051 25 40 e
2770 4051 25 40 d
2826 4054 50 52 by
2898 4067 27 26 a

1583 4093 214 52 repetition
1814 4093 48 39 of
1884 4094 176 53 exploits
2080 4109 41 27 as
2138 4096 183 43 effective
2336 4114 41 25 as
2392 4101 117 41 those
2528 4100 230 56 performed
2780 4106 50 52 by
2854 4106 69 39 the

1580 4144 157 54 gallant
1759 4146 107 43 Lord
1889 4152 184 38 Lucaß
2073 4161 67 37 NE,
2160 4157 106 37 must
2288 4152 223 58 ultimately
2536 4156 177 54 triumph
2735 4170 98 31 aver
2855 4159 69 53 (be

2868 4209 5 2 .

3184 820 72 363 it
