3339 4524
206 103 96 53 196

252 236 32 37 A
295 243 11 26 t
322 239 66 32 the
405 237 86 33 flare
510 239 45 34 of
569 241 60 32 the
648 239 72 33 last
733 246 176 27 account*
926 236 94 38 from
1038 229 234 51 Martinique
1289 234 79 45 (the
1387 230 66 35 6th
1476 231 87 37 ult.)

200 287 272 45 preparations
485 295 102 24 were
607 285 151 43 inakin4
775 283 63 35 for
850 296 45 22 an
913 285 94 44 attac
1007 285 19 44 .
1026 285 20 44 k
1067 293 103 37 upon
1187 282 64 43 the
1267 280 126 35 works
1414 279 44 34 of
1474 279 91 34 Furt

206 332 198 43 Bourbon,
426 332 125 37 which
578 344 96 24 were
699 332 185 47 expected
904 339 39 30 to
960 333 47 34 be
1025 330 213 48 completed
1259 328 37 37 in
1315 327 104 45 eight
1447 330 44 31 or
1508 332 57 27 ten

206 380 52 35 da
268 392 46 24 vs.

257 430 80 33 The
366 429 231 37 inhabitants
622 424 48 39 of
694 429 65 35 the
794 429 118 37 island
939 438 103 25 were
1067 431 41 32 at
1133 426 98 35 least
1248 424 164 40 neutral,
1444 420 35 35 if
1504 428 61 28 not

206 476 167 45 friendly
392 484 39 27 to
450 489 70 22 our
539 477 195 34 reduction)
768 476 44 35 of
839 477 43 35 it.
935 477 107 33 They
1062 476 76 33 had
1155 481 65 27 not
1248 474 38 34 in
1312 483 72 33 any
1406 471 163 34 instance

208 526 172 44 annoyed
400 536 70 24 our
489 531 146 39 troops,
661 521 71 38 and
754 524 164 35 towards
932 524 64 33 the
1015 522 188 45 squadron
1222 521 72 33 had
1311 521 130 33 shown
1466 524 103 37 great

208 574 248 45 hospitality,
481 574 141 45 having
639 574 222 45 repeatedly
878 574 178 45 supplied
1082 572 102 34 them
1207 568 93 35 with
1332 567 109 44 fruit,
1459 575 89 35 vege-

211 622 141 41 tables,
372 622 72 35 Sec.

263 671 57 33 An
339 670 94 34 offer
449 677 40 26 to
507 670 195 34 surrender
718 669 72 35 had
817 670 107 40 been,
947 669 28 33 it
994 678 78 24 was
1091 665 96 40 said,
1217 670 79 31 sent
1312 664 48 45 by
1381 661 65 35 the
1465 660 85 37 inha-

209 720 143 33 bitants
371 717 45 35 of
442 719 54 33 St.
523 717 178 40 Pierre's,
729 719 67 32 but
814 719 44 31 its
883 716 215 34 immediate
1126 713 208 46 possession
1352 722 76 25 was
1455 710 97 33 consi-

211 767 112 34 dered
358 765 44 35 of
428 776 48 26 no
509 776 267 37 cousequence,
806 776 41 25 as
881 765 28 34 it
930 770 96 28 must
1044 763 135 34 follow
1198 763 65 33 the
1291 759 77 35 fate
1400 757 47 37 of
1476 757 93 37 Fort

217 815 201 37 Bourbon.

557 904 263 37 CAPTURE
848 904 70 33 OP'
948 900 289 39 CAYLNNE.

215 1018 7 9 •
269 1004 177 47 Cayenne
464 1005 70 37 has
547 1004 239 38 surrendered
807 1009 39 30 to
861 1004 63 33 the
943 1004 126 34 united
1093 1002 143 39 Briti.h
1256 1000 72 37 and
1343 1002 231 43 Portuguese

214 1054 141 37 forces.
410 1055 70 33 We
500 1063 66 25 are
583 1057 61 30 not
664 1054 183 34 informed
862 1051 45 34 of
921 1052 63 33 the
1004 1051 178 45 previous
1196 1050 220 45 operations
1430 1048 145 44 against

215 1102 53 39 it,
295 1103 65 35 but
378 1102 98 37 have
495 1102 64 34 the
572 1102 234 35 satisfaction
822 1101 44 34 of
878 1101 59 46 lay
948 1101 64 46 ing
1029 1098 131 38 before
1178 1098 64 35 the
1259 1097 132 48 public
1416 1096 65 35 the
1504 1095 54 37 fol-

216 1149 149 50 lowing

713 1207 50 28 CA
776 1204 296 34 rittYLATION,

219 1256 203 48 J'roposed
438 1257 54 45 by
511 1256 139 35 Victor
670 1256 174 44 Hughes,
870 1253 139 38 Officer
1033 1253 46 34 of
1094 1252 64 35 the
1182 1252 141 45 Legion
1341 1250 43 35 of
1398 1248 177 44 Honour,

274 1305 291 37 Commissioner
580 1304 44 33 of
656 1304 58 35 his
732 1300 165 50 Majesty
928 1302 66 34 the
1025 1303 187 44 Emperor
1228 1300 72 34 and
1320 1299 117 44 King,
1466 1298 83 35 Com-

269 1352 154 35 mander
438 1352 35 34 in
493 1352 117 35 Chief
621 1351 44 34 of
676 1352 176 45 Cayenne
868 1350 73 34 and
961 1350 148 34 French
1124 1350 174 44 Guyana,
1311 1346 67 35 and
1394 1345 182 46 accepted

267 1402 56 45 by
340 1400 131 34 James
491 1401 116 34 Lucas
626 1400 109 41 Yen,
752 1400 90 40 P,ost
860 1396 167 50 Captain
1045 1398 35 33 in
1094 1395 58 37 his
1170 1395 193 37 Britannic
1382 1393 194 48 Majesty's

269 1448 171 41 Service,
465 1448 259 45 commanding
756 1448 65 34 the
852 1446 195 38 combined
1074 1446 126 38 Naval
1224 1443 150 44 English
1389 1443 73 34 and
1486 1442 67 34 Por-

268 1504 157 40 tuguese
445 1494 157 44 Forces,
617 1495 72 37 and
707 1495 154 37 Manuel
880 1495 195 44 Marques,
1093 1493 146 41 Knight
1261 1489 44 37 of
1319 1493 60 33 the
1398 1491 177 45 Military

270 1543 144 37 Orders
428 1544 45 35 of
480 1544 41 39 St
521 1544 20 39 i
541 1544 148 39 lienois
706 1544 157 40 d'Avie,
879 1540 399 38 Lieutenant-Colonel
1300 1540 33 33 in
1348 1538 128 43 Chief,
1505 1538 71 33 and

270 1592 187 37 Director
469 1592 46 34 of
529 1592 61 37 the
612 1591 125 47 Corps
754 1591 45 35 of
813 1591 203 41 Artillery,
1033 1589 46 35 of
1095 1589 117 41 Fara,
1239 1586 257 45 commanding
1513 1585 64 35 the

270 1641 193 39 advanced
483 1641 120 45 Army
621 1641 45 34 of
678 1638 66 38 the
761 1641 242 43 Portuguese.

278 1689 196 45 Although
493 1689 69 33 the
575 1688 191 34 advanced
787 1694 100 38 posts
904 1688 94 33 have
1015 1687 93 34 been
1137 1683 164 39 carried,
1324 1682 72 37 and
1413 1682 85 37 that
1514 1682 63 35 the

228 1735 296 39 Commissioner
550 1736 45 34 of
607 1736 61 34 the
704 1734 187 48 Emperor
922 1734 72 35 and
1022 1731 107 48 King
1159 1723 32 44 h
1222 1730 158 37 reduced
1400 1730 94 37 with
1522 1729 58 35 his

226 1786 184 34 Garrison
425 1792 39 27 to
483 1786 66 33 the
562 1788 118 38 town,
704 1779 50 40 he
769 1791 103 28 Owes
891 1782 30 35 it
948 1787 40 31 to
1015 1783 106 34 those
1136 1770 214 45 sentimenti
1375 1778 47 38 of
1437 1780 142 33 honour

223 1833 132 37 'which
387 1832 98 37 have
502 1833 148 45 always
678 1831 267 46 distinguished
966 1831 169 33 him—to
1153 1830 65 35 the
1231 1827 132 37 valour
1380 1827 74 34 and
1483 1826 96 45 good

226 1881 163 35 conduct
403 1880 50 37 of
463 1879 66 35 the
546 1880 144 35 officers
717 1880 73 34 and
807 1879 155 35 soldiers
991 1878 118 39 under
1139 1877 58 33 his
1209 1876 287 35 command—to
1517 1872 65 37 the

223 1930 240 35 attachment
482 1929 45 34 of
541 1929 60 33 the
621 1929 230 34 inhabitants
867 1924 46 38 of
922 1925 64 35 the
1015 1925 150 44 Colony
1186 1924 63 34 for
1266 1924 58 34 his
1339 1922 164 47 Mtgesty
1518 1922 66 37 the

230 1977 193 46 Emperor
437 1976 72 35 and
531 1975 191 46 King—to
737 1974 151 38 declare
907 1974 191 47 publicly,
1123 1972 83 35 that
1225 1972 46 34 he
1286 1970 214 38 surrenders
1517 1970 67 33 less

227 2031 45 28 to
291 2028 64 32 the
370 2024 107 35 force
493 2024 90 35 than
600 2029 39 31 to
657 2023 65 37 the
746 2023 229 37 destructive
989 2028 137 39 system
1152 2017 47 37 of
1219 2020 206 45 liberating
1450 2019 52 35 all
1521 2017 63 34 the

228 2074 125 37 slaves
372 2072 87 35 who
477 2072 136 35 should
617 2072 89 47 join
722 2072 63 34 the
801 2080 148 35 enemy,
959 2069 73 37 and
1050 2067 47 38 of
1107 2067 162 47 burning
1283 2067 54 35 all
1354 2067 65 35 the
1437 2067 131 46 planta

229 2124 102 34 tions
348 2120 73 37 and
441 2127 105 39 posts
565 2119 124 37 where
707 2119 107 35 there
829 2117 130 37 should
970 2119 51 34 be
1032 2126 73 38 any
1121 2115 211 37 Vesistance.

229 2170 7 6 •
280 2169 85 38 The
381 2167 293 38 Commissioner
687 2166 46 37 of
741 2167 64 35 the
819 2165 190 48 Emperor
1019 2165 272 45 Commanding
1302 2163 35 35 in
1348 2160 131 46 Chief,
1488 2157 100 41 after

230 2217 143 46 having
389 2217 198 37 witnessed
604 2216 64 35 the
683 2215 162 47 burning
856 2213 44 37 of
908 2212 148 39 several
1070 2212 248 46 plantations,
1336 2210 248 48 particularly

229 2267 60 35 his
313 2275 105 31 own,
441 2264 67 35 the
526 2268 94 31 most
635 2262 261 37 considerable
912 2258 48 38 of
978 2261 66 34 the
1062 2258 154 48 colony,
1240 2259 73 34 had
1328 2256 209 38 attributed
1556 2256 28 34 it

229 2319 45 30 at
302 2313 79 35 first
394 2319 43 28 to
458 2311 67 35 the
552 2310 198 37 casualties
764 2308 47 37 of
836 2319 97 33 war,
948 2308 74 37 and
1042 2308 64 34 the
1122 2306 322 46 disorganization
1462 2303 46 35 of
1520 2303 64 35 the

227 2372 133 34 gangs,
384 2360 73 35 and
476 2360 67 34 the
557 2359 207 37 liberation
780 2355 46 39 of
836 2356 63 37 the
913 2357 145 40 slaves,
1085 2354 197 47 appeared
1303 2359 39 31 to
1361 2354 77 33 him
1465 2362 26 25 a
1506 2361 52 25 mo-

229 2415 171 39 mentary
415 2417 169 26 measure
596 2420 13 27 ;
637 2407 66 35 but
722 2405 115 46 being
849 2404 151 39 assured
1020 2405 37 34 in
1075 2404 157 44 writing
1248 2401 84 38 that
1346 2401 65 35 the
1431 2400 154 45 English

229 2458 74 34 and
318 2457 230 44 Portuguese
561 2454 158 37 Officers
733 2452 109 38 acted
860 2453 38 37 in
909 2452 125 37 virtue
1046 2450 47 37 of
1107 2452 65 35 the
1183 2450 131 34 orders
1329 2446 44 39 of
1385 2447 59 37 his
1461 2447 120 44 Royal

229 2504 194 43 Highness
437 2504 67 35 the
531 2497 135 40 Prince
687 2502 161 47 Regent,
878 2499 71 38 and
978 2499 163 44 wishing
1167 2503 39 30 to
1235 2506 90 27 save
1354 2497 66 35 the
1449 2496 135 44 colony

230 2552 102 38 from
348 2552 98 37 total
462 2550 246 44 destruction,
732 2550 73 34 and
833 2556 38 28 to
894 2556 175 39 preserve
1089 2546 58 35 his
1161 2551 133 39 august
1310 2543 168 38 master's
1500 2543 64 35 sub-

221 2602 119 45 ject-,
369 2602 90 32 who
477 2601 72 33 had
568 2602 109 45 given
698 2598 77 34 hint
808 2608 43 24 so
868 2608 107 33 many
996 2595 130 46 proofs
1160 2593 44 35 of
1233 2594 102 34 their
1356 2590 229 38 attachment

230 2650 74 33 and
322 2648 169 45 fidelity,
524 2648 63 33 the
607 2646 289 37 Commissioner
913 2643 44 35 of
972 2643 57 35 his
1052 2641 182 46 Imperial
1248 2641 72 37 and
1342 2641 129 46 Royal
1506 2639 56 35 Ma-

222 2695 110 47 jesty
346 2695 216 35 surrenders
579 2696 64 33 the
658 2694 137 44 colony
826 2698 40 30 to
891 2693 65 34 the
973 2693 120 33 forces
1110 2688 46 37 of
1179 2689 58 35 his
1258 2689 124 46 Royal
1401 2687 188 46 Highness

231 2745 65 37 the
321 2745 132 33 Prince
476 2741 139 50 Regent
633 2752 47 25 on
694 2743 64 34 the
778 2739 198 45 following
992 2738 233 37 conditions:

287 2792 105 47 [The
407 2791 155 35 articles
578 2791 123 34 which
720 2789 151 34 follows
889 2797 66 26 are
976 2785 47 38 16
1041 2787 37 32 in
1094 2786 170 34 number.
1309 2784 39 37 It
1365 2784 31 35 is
1411 2783 161 47 stipulat-

231 2841 47 35 ed
298 2841 80 34 that
393 2841 66 35 the
477 2838 185 45 garrison,
690 2837 64 34 the
780 2837 100 35 Civil
898 2835 71 35 and
1000 2833 180 46 Military
1200 2830 167 46 Officers,
1385 2831 73 38 &c.
1494 2830 100 34 shalt

234 2891 50 32 be
299 2894 78 27 sent
393 2894 40 27 to
455 2887 161 39 France,
632 2888 72 32 and
720 2887 89 38 they
823 2883 112 47 agree
948 2889 63 28 no•
1031 2889 39 27 to
1090 2883 106 33 serve
1211 2881 145 46 against
1372 2881 65 35 the
1457 2876 137 39 Prince

240 2937 162 45 Regent,
419 2947 45 21 or
484 2934 56 34 his
560 2935 135 40 Allies,
722 2931 61 35 for
798 2942 71 25 one
887 2941 104 37 year.
1003 2927 19 47 ]

332 2986 57 35 At
405 2985 63 35 the
481 2981 190 38 advanced
691 2987 83 40 post
794 2979 46 37 of
854 2980 167 43 Bourde,
1037 2975 80 38 this
1134 2976 87 37 12th
1239 2975 48 37 of
1297 2975 90 37 Jan.
1415 2974 109 37 1802.

705 3026 178 50 (Signed)
1180 3026 155 34 VICTOR
1351 3025 197 40 HUGHES,

1168 3073 33 37 .1
1204 3078 111 31 AYES
1333 3074 136 34 LUCAS
1491 3071 104 39 Yso,

1170 3122 188 34 MARVEL
1372 3119 222 41 MARQUES.

506 3210 334 58 lINIPERTAL.
870 3213 394 51 PARLIANIEN

665 3330 182 46 HOUSE
881 3333 69 39 OF
980 3328 197 43 LORDS.

680 3441 202 48 Alondall,
912 3438 148 38 March
1090 3438 69 37 20.

283 3509 85 37 The
387 3507 129 47 Royul
539 3503 135 38 Assent
693 3513 78 25 was
790 3503 109 44 given
918 3503 51 33 by
987 3498 248 38 Commission
1253 3502 41 30 to
1320 3494 65 35 the
1403 3493 203 46 following

236 3557 216 39 tills—the
489 3554 167 44 Mutiny,
692 3553 97 34 Two
810 3549 116 45 Sugar
945 3541 132 43 'Trade
1100 3546 246 47 Regulation,
1371 3543 151 35 Annual
1545 3541 43 35 In-

233 3607 193 46 demnity,
451 3602 76 37 and
547 3600 135 38 Scotch
702 3596 280 40 Child-murder
1002 3593 110 39 Burr.

687 3699 200 48 Tuesday,
918 3697 146 40 March
1083 3697 69 37 21.

287 3762 66 38 No
374 3759 168 35 business
554 3756 45 35 of
612 3756 249 45 importuitee.

3208 1215 26 100 I

651 3854 272 46 Wednesday,
941 3852 156 39 .)larch
1144 3854 19 33 2
1163 3854 20 33 .
1675 3835 162 38 resigned
1860 3835 56 27 his
1935 3835 85 35 post
2039 3835 41 21 of
2101 3835 250 22 Comtnanner
2369 3835 35 15 in
2440 3835 94 14 bole
2541 3835 26 18 ',
2596 3835 30 8 IL
2683 3835 39 7 ELM
2741 3835 38 6 11‘1
2779 3835 9 6 ,
2819 3835 8 5 I
2836 3835 111 5 WS,••••
2992 3835 38 1 ••m

1292 3885 2 2 •

857 3918 113 34 arded
1015 3918 38 35 in
1098 3918 100 34 their
1228 3914 215 50 respective
1476 3915 136 43 stages,
1676 3881 56 34 his
1741 3880 216 45 judgment,
1985 3874 85 33 why
2092 3873 64 32 the
2176 3868 128 34 House
2329 3863 44 35 of
2388 3865 195 34 Commons
2598 3857 133 35 should
2750 3860 65 30 not
2833 3863 105 24 come
2953 3856 38 28 to
3008 3860 26 24 a

288 3927 157 40 Several
480 3926 100 35 Bills
619 3932 103 25 were
756 3919 91 35 forw

235 3980 74 37 and
338 3979 103 35 their
464 3967 498 51 Lotilships—Adjourned.
1674 3906 289 57 detertartatinn
1991 3909 175 45 :ui.some
2202 3921 103 40 parts
2339 3913 45 33 of
2414 3912 64 33 the
2494 3907 176 35 evidence
2693 3904 123 35 which
2848 3902 63 32 the
2957 3899 76 33 had

1678 3977 111 33 heard
1808 3979 39 30 at
1859 3972 99 34 their
1977 3972 84 37 bar,
2087 3967 71 34 and
2177 3977 47 21 on
2246 3961 124 34 which
2391 3959 91 45 they
2502 3957 71 33 had
2593 3960 64 28 not
2678 3959 60 38 yet
2756 3947 201 48 expressed
2983 3956 50 24 an

1676 4025 171 45 opinion.
1905 4022 58 32 lie
1998 4019 66 32 felt
2093 4025 40 24 as
2161 4012 164 43 forcibly
2363 4019 40 24 as
2437 4017 72 33 any
2539 4015 70 24 one
2644 4000 109 37 could
2781 3997 168 47 pos:ibly
2983 3994 50 32 do

693 4070 227 46 Thursday,
944 4068 148 37 March
1110 4069 66 37 23.
1680 4075 61 32 the
1773 4074 35 32 lo
1808 4074 18 32 ,
1826 4074 18 32 s
1870 4067 187 35 sustained
2098 4064 52 35 by
2197 4062 63 33 the
2284 4063 158 38 country
2474 4055 35 33 in
2549 4052 63 34 the
2653 4049 226 44 resignation
2904 4044 43 33 of
2970 4043 64 33 the

285 4144 86 35 The
394 4141 91 37 Earl
507 4137 47 38 of
570 4139 141 35 Rossi.
722 4144 22 25 v
758 4144 21 24 N
804 4130 197 48 p.resenled
1020 4141 24 24 a
1046 4128 20 35 -
1067 4128 169 35 Petition
1265 4123 96 40 from
1372 4124 74 37 the
1467 4126 148 34 Prison-
1680 4121 202 34 ilinstrinui
1918 4123 201 37 personage
2150 4111 89 33 wlio
2268 4108 71 34 had
2368 4104 120 35 lately
2524 4102 90 34 been
2640 4103 41 31 at
2711 4097 64 34 the
2807 4094 91 34 head
2919 4093 41 32 of
2976 4094 59 28 the

235 4205 61 26 ers
326 4188 170 38 iot.tined
526 4188 61 34 for
621 4186 90 33 debt
744 4183 39 34 In
816 4181 61 33 the
913 4180 104 33 Four
1041 4173 137 40 Courts
1207 4178 106 33 !!I!tr
1313 4178 18 33 ,
1331 4178 109 33 halsea
1470 4175 146 40 Prison,
1678 4180 124 32 army,
1830 4166 71 34 and
1919 4175 46 25 no
1981 4174 83 22 man
2083 4160 110 35 could
2215 4160 137 33 lament
2370 4162 105 25 more
2489 4148 120 44 sincer
2609 4148 40 44 el
2649 4148 21 44 y
2692 4147 90 34 than
2802 4146 43 31 he
2863 4141 81 39 did,
2970 4139 65 33 the

239 4241 168 44 Dahill:,
437 4237 130 40 which
588 4245 77 27 was
683 4228 162 41 ordered
863 4233 39 32 to
922 4224 53 40 lie
996 4237 47 26 on
1063 4226 63 35 the
1139 4219 410 52 table.—Adjourued,
1638 4217 25 31 11
1680 4226 109 27 cause
1834 4212 125 38 which
1985 4212 60 34 led
2070 4217 37 27 to
2144 4209 48 35 A.
2272 4205 73 35 His
2373 4200 181 38 intention
2598 4206 76 26 was
2714 4189 145 39 formed
2885 4200 46 24 on
2957 4195 78 26 ma-

2528 4519 2 4 .

1094 97 151 57 THE
1279 91 384 61 NATIONAL
1697 91 396 58 REGISTER.

2583 90 257 54 MARCH
2880 94 32 48 2
2931 94 47 54 6.

2079 240 172 47 Friday,
2267 241 146 39 March
2434 243 69 35 24.

1677 307 80 35 The
1775 308 125 47 Royal
1917 309 132 35 Assent
2078 321 78 24 was
2181 311 111 45 given
2324 317 39 28 to
2391 307 146 37 several
2567 307 132 47 public
2733 306 73 37 and
2832 306 151 47 private

1635 356 94 35 Bills
1744 358 50 45 by
1814 358 250 35 commission.

1680 405 80 34 The
1788 406 87 34 Earl
1896 406 45 33 of
1956 407 78 34 lay
2044 416 177 26 BRPOOL
2241 405 77 35 laid
2336 417 47 24 on
2412 406 64 33 the
2502 405 104 33 table
2623 404 47 34 of
2691 404 64 35 the
2772 404 128 34 House
2919 411 58 26 fee

1633 459 98 28 turns
1748 452 44 35 of
1801 455 63 34 the
1881 456 99 33 Staff
1993 455 44 34 of
2050 455 59 34 the
2126 456 120 43 Army
2265 455 43 33 of
2324 455 118 44 Spain
2461 455 35 33 in
2518 452 197 45 Portugal.

2065 523 184 28 FERROL
2276 522 259 34 SQUADRON.

1684 570 97 35 Lord
1812 570 253 39 AUCKLAND
2098 574 136 37 moved
2267 573 59 33 for
2361 573 64 33 the
2460 570 236 35 instructions
2734 574 78 32 sent
2838 573 40 32 to
2919 567 65 38 the

1641 619 138 35 British
1800 621 177 33 Generals
1993 621 37 34 in
2055 621 131 45 Spain,
2207 620 91 35 with
2328 619 133 45 regard
2481 626 39 26 to
2539 620 60 33 the
2620 619 188 45 squadron
2825 618 103 44 lying
2946 621 40 30 at

1641 667 149 41 Ferrol,
1821 669 125 35 which
1976 670 72 34 had
2074 671 93 33 been
2185 669 155 35 sullered
2361 673 38 28 to
2430 667 67 34 fall
2531 665 79 35 into
2634 669 63 33 the
2719 665 112 34 hands
2852 664 45 33 of
2922 665 63 32 she

1642 716 156 43 French,
1827 728 39 22 as
1886 717 45 33 he
1946 717 64 33 did
2030 723 60 28 not
2109 717 110 34 think
2241 717 31 34 it
2298 716 163 46 possible
2490 715 60 33 for
2576 716 57 32 his
2652 712 197 45 Majesty's
2870 710 113 35 Mini-.

1637 769 89 28 sters
1740 769 39 28 to
1799 764 96 34 have
1912 765 188 44 neglected
2131 767 135 41 taking,
2281 764 86 34 such
2388 772 184 25 measures
2590 762 126 34 which
2739 758 126 38 would
2885 759 94 33 have

1638 813 149 34 secured
1805 813 86 34 such
1920 823 24 24 a
1968 815 175 32 valuable
2161 824 66 32 squ
2231 814 132 33 adron.

1687 860 97 35 Lord
1804 860 71 35 MIT
1884 872 85 25 LGR
1978 873 53 22 AV
2042 872 24 25 E
2092 860 191 38 declared,
2308 861 83 32 that
2413 859 172 34 Admiral
2610 856 56 37 De
2682 856 150 44 Courcy
2852 853 135 44 having

1637 908 156 48 applied
1813 913 37 28 to
1867 909 61 33 the
1951 908 168 37 Admiral
2156 908 257 44 commanding
2441 914 38 26 at
2517 906 148 40 Fri-nil,
2695 906 34 33 in
2760 905 110 33 order
2906 902 80 32 that

1641 959 59 32 the
1719 958 102 44 ships
1839 957 116 45 might
1976 958 45 33 he
2044 957 177 34 removed
2241 961 38 28 to
2295 967 22 22 a
2337 966 103 24 more
2456 965 125 24 secure
2603 960 100 38 port,
2740 951 169 34 received
2929 948 57 34 for

1637 1017 155 31 answer,
1813 1004 81 37 that
1917 1005 133 34 Ferrol
2072 1016 74 24 was
2157 1016 25 22 a
2194 1010 124 39 strong
2330 1004 111 45 place
2459 1003 120 34 which
2595 1002 107 34 could
2721 999 130 34 defend
2874 997 117 39 itself,

1637 1056 69 33 and
1728 1054 81 35 that
1825 1055 31 33 it
1876 1063 76 26 was
1977 1054 159 44 thought
2164 1063 103 25 more
2298 1050 204 37 conducive
2531 1056 38 28 to
2589 1050 63 33 the
2670 1049 151 33 interest
2854 1045 45 34 of
2928 1044 61 33 the

1641 1102 156 45 Spanish
1817 1101 81 33 that
1916 1102 90 44 they
2024 1102 131 34 should
2190 1100 141 34 remain
2361 1098 120 34 there.
2533 1098 143 43 Acting
2707 1107 41 22 as
2784 1096 64 33 the
2867 1094 124 37 allies,

1639 1156 63 30 not
1719 1150 64 35 the
1795 1154 152 30 masters
1962 1148 44 35 of
2020 1149 132 45 Spain,
2166 1150 28 33 it
2215 1159 77 21 was
2306 1147 235 45 impossible,
2555 1146 100 34 after
2666 1143 86 35 such
2771 1154 46 24 an
2830 1146 159 34 answer,

1639 1200 80 32 that
1744 1208 72 34 any
1838 1198 141 34 violent
1996 1207 165 25 measure
2179 1195 131 35 should
2331 1196 47 33 be
2396 1194 113 33 taken
2531 1200 35 26 to
2596 1193 146 33 enforce
2779 1191 103 34 what
2917 1195 73 25 was

1637 1246 159 45 thought
1809 1246 47 45 by
1878 1245 65 37 the
1961 1245 202 46 Spaniards
2181 1248 180 41 contrary
2389 1248 39 28 to
2447 1243 63 35 the
2529 1243 169 34 interests
2711 1239 45 34 of
2764 1239 98 33 their
2880 1245 90 26 coun-

1638 1298 77 43 try.

1685 1342 113 35 After
1813 1354 22 22 a
1854 1343 73 33 few
1948 1341 256 35 observations
2233 1338 96 35 from
2359 1337 99 35 Lord
2491 1332 377 46 Buckinghamshire,
2893 1328 98 35 Lord

1641 1391 122 44 Gray,
1779 1390 72 34 and
1873 1390 98 35 Lord
1991 1390 211 45 Mulgrave,
2232 1385 96 37 Lord
2348 1384 203 38 Auckland
2567 1383 137 46 agreed
2730 1388 39 28 to
2791 1378 200 37 withdraw

1641 1440 57 34 his
1714 1440 157 34 motion.

2238 1493 73 26 11'.4
2324 1492 63 26 TY.

1690 1550 96 34 Lord
1804 1550 154 37 DARN!
1975 1558 57 26 UV
2052 1545 237 40 understood,
2320 1545 100 33 since
2446 1543 44 34 he
2512 1541 71 35 had
2601 1539 148 35 entered
2770 1539 61 33 the
2851 1537 143 38 House,

1642 1598 81 35 that
1749 1610 47 24 no
1826 1597 222 47 opposition
2083 1594 129 35 would
2238 1596 46 33 be
2309 1592 107 34 made
2453 1598 37 26 to
2522 1591 63 33 the
2614 1590 158 33 motions
2802 1585 44 34 of
2871 1597 22 21 ‘i
2908 1584 85 33 hich

1643 1648 43 34 he
1702 1645 72 35 had
1791 1648 111 43 given
1917 1643 139 38 uotice.
2109 1643 64 35 He
2193 1642 125 34 would
2339 1638 189 37 therefore
2554 1637 141 44 merely
2713 1643 96 26 state
2829 1633 111 33 them.

1693 1695 97 34 Lord
1809 1695 79 34 fay
1899 1702 178 27 EneooL
2107 1689 100 43 said,
2226 1689 79 34 that
2326 1689 105 32 there
2452 1696 98 24 were
2569 1694 77 26 two
2675 1683 44 34 of
2746 1683 61 33 the
2828 1680 149 46 proposi-

1643 1742 96 34 tions
1755 1747 39 30 to
1817 1741 124 35 which
1962 1741 46 33 he
2024 1737 109 38 could
2165 1742 65 32 not
2248 1736 150 34 accede.
2453 1734 81 34 The
2554 1734 77 33 first
2660 1741 76 25 was
2756 1730 60 34 the
2838 1728 136 46 produc-

1643 1791 78 35 tion
1737 1789 46 35 of
1805 1791 77 35 Mr.
1902 1787 197 45 Canning';
2117 1787 115 33 letter
2254 1791 38 28 to
2311 1783 77 35 Mr.
2411 1782 145 39 Friere,
2580 1780 72 38 and
2675 1780 71 33 Mr.
2770 1774 164 38 Friere's
2957 1782 39 24 to

1646 1839 58 34 Sir
1721 1837 104 37 John
1847 1839 150 34 Moore.
2049 1835 122 35 These
2186 1831 332 38 communications
2539 1839 94 25 were
2654 1833 63 27 not
2750 1826 152 38 official,
2930 1832 66 22 nor

1644 1885 86 37 such
1747 1896 41 25 115
1806 1886 37 34 in
1861 1884 56 35 his
1946 1884 157 46 opinion
2138 1891 100 26 were
2257 1889 141 37 proper
2433 1878 57 33 for
2511 1887 66 34 pro
2585 1874 164 35 auction.
2804 1874 58 32 To
2894 1871 103 34 these

1646 1944 154 35 papers,
1824 1933 72 35 and
1928 1932 65 34 the
2014 1930 236 37 innructions
2282 1929 89 41 they
2405 1924 213 39 contained,
2646 1924 45 32 he
2720 1920 98 41 said,
2842 1920 64 34 the
2931 1917 45 33 ad-

1646 1993 113 26 vance
1776 1980 46 35 of
1843 1981 65 38 the
1918 1989 107 37 army
2055 1981 74 32 into
2148 1978 223 34 Salamanca
2389 1974 110 34 could
2519 1980 60 26 not
2601 1974 45 32 he
2665 1969 122 46 justly
2813 1965 184 37 ascribed.

1648 2031 80 34 The
1742 2029 110 34 other
1870 2029 144 37 motion
2027 2028 44 34 of
2080 2027 61 33 the
2157 2026 129 34 Noble
2302 2023 93 35 Earl
2418 2021 124 34 which
2562 2021 45 33 he
2624 2019 66 34 felt
2711 2015 152 37 himself
2880 2013 119 35 hound

1648 2086 39 27 to
1701 2087 148 37 oppose
1867 2087 94 32 was,
1989 2075 64 35 the
2085 2075 116 33 letter
2228 2072 98 34 from
2346 2072 76 34 Mr.
2443 2068 169 45 Canning
2641 2072 38 28 to
2701 2067 59 32 Sir
2790 2063 96 35 flew
2909 2062 71 34 Dal-

1649 2126 163 45 rymple,
1837 2124 113 37 dated
1977 2122 64 35 the
2060 2122 84 35 18th
2161 2120 48 34 of
2231 2119 235 46 September,
2493 2115 158 35 relative
2670 2120 38 26 to
2728 2113 64 33 the
2820 2113 176 40 Regency

1649 2173 37 35 in
1704 2172 202 45 Portugal,
1928 2171 73 37 and
2015 2170 90 37 with
2128 2169 125 35 which
2272 2177 96 26 were
2382 2163 198 39 connected
2600 2163 211 33 documents
2839 2157 162 34 relative

1649 2225 39 31 to
1706 2222 65 34 the
1798 2222 161 33 interior
1974 2222 241 43 government
2232 2215 45 33 of
2298 2215 85 35 that
2411 2217 176 39 country,
2615 2209 124 34 which
2760 2207 30 35 it
2807 2203 196 47 appeared

1650 2269 130 45 highly
1804 2269 197 45 improper
2016 2271 41 30 to
2073 2265 64 43 lay
2156 2263 130 34 before
2303 2262 65 33 the
2386 2261 146 45 public.

1696 2316 83 34 The
1796 2315 209 43 remaining
2024 2311 165 35 Motions
2217 2309 46 35 of
2285 2308 98 34 Lord
2408 2307 168 43 Darnley
2597 2314 99 25 were
2713 2300 170 37 deferred
2904 2296 97 35 until

1648 2363 63 37 the
1726 2363 117 45 grand
1860 2361 204 37 discussion
2082 2369 102 35 upon
2197 2359 64 34 the
2274 2356 126 34 affairs
2419 2354 44 35 of
2479 2354 113 44 Spain
2613 2353 97 34 shall
2722 2350 91 35 take
2829 2348 110 46 place
2956 2355 48 25 on

1648 2413 64 34 the
1731 2411 170 38 intended
1922 2409 150 35 Motion
2087 2406 47 37 of
2151 2406 99 34 Lord
2267 2400 404 48 tirey.—Adjourned.

2034 2541 180 43 HOUSE
2243 2541 67 38 OF
2340 2536 286 43 COMMONS.

2100 2676 197 50 Monday,
2328 2678 148 38 March
2494 2678 67 34 20.

2094 2758 94 26 THE
2209 2754 123 28 DUNE
2353 2754 58 26 OF
2435 2752 142 26 YORK.

1702 2816 83 39 The
1801 2817 306 35 Ctrk'stcrritott
2126 2810 46 34 of
2194 2809 63 34 the
2278 2809 128 34 Elicit
2417 2810 148 35 EQUER
2580 2800 97 43 said,
2694 2798 103 37 after
2813 2797 100 35 what
2939 2793 74 37 bad

1651 2864 133 52 passed
1805 2865 38 34 in
1861 2864 64 34 the
1954 2858 130 37 House
2107 2869 48 24 on
2183 2856 189 34 Saturday
2391 2854 184 41 morning,
2604 2850 56 34 his
2682 2848 125 46 Royal
2829 2845 188 44 Highness

1644 2915 74 34 *the
1739 2914 116 34 Duke
1870 2908 48 38 of
1939 2908 118 38 York
2091 2906 74 35 had
2202 2904 71 35 felt
2307 2904 26 32 it
2357 2902 56 34 his
2430 2902 90 43 duty
2542 2907 38 27 to
2602 2898 91 33 wait
2728 2906 98 35 upon
2848 2893 58 35 his
2924 2894 57 33 Ma-

1646 2961 106 50 jesty
1773 2960 96 35 with
1886 2969 25 25 a
1928 2956 131 37 tender
2076 2954 45 35 of
2135 2954 58 34 his
2210 2950 246 45 resignation,
2479 2948 70 34 and
2574 2947 83 33 that
2674 2942 227 45 resignation
2920 2941 94 33 with

1659 3008 177 38 heartfelt
1851 3015 161 28 concern
2027 3002 70 37 and
2117 3006 141 40 regret,
2285 2999 71 34 had
2370 3000 92 32 been
2481 2994 180 45 accepted
2680 2994 51 43 by
2751 2992 57 34 his
2832 2987 181 46 Majesty.

1657 3059 85 37 The
1766 3065 131 28 reason
1916 3053 90 45 why
2026 3052 56 34 his
2101 3048 126 47 Royal
2249 3046 187 46 Highness
2469 3044 72 34 had
2570 3048 66 30 not
2668 3040 132 35 before
2835 3038 104 33 made
2970 3043 46 27 an

1658 3107 94 35 offer
1766 3105 46 37 of
1830 3102 228 48 resignation
2078 3110 93 30 was,
2196 3097 84 34 that
2295 3094 66 35 the
2381 3094 129 35 House
2535 3091 130 34 should
2680 3090 79 33 first
2772 3085 129 35 decide
2919 3092 100 38 upon

1659 3158 66 34 the
1740 3161 107 39 great
1861 3150 174 47 question
2052 3146 45 35 of
2119 3146 59 34 his
2191 3145 96 44 guilt
2306 3154 45 24 or
2376 3143 198 33 innocence
2593 3139 37 33 in
2655 3143 144 39 respect
2820 3141 39 27 to
2876 3132 63 34 the
2960 3131 38 34 al-

1659 3202 109 48 leged
1780 3202 142 44 charge
1950 3196 47 38 of
2017 3195 222 46 corruption
2252 3202 44 26 or
2310 3190 172 37 criminal
2499 3188 241 34 connivance.
2794 3182 128 33 While
2936 3180 83 34 that

1661 3254 136 43 charge
1817 3247 189 38 remained
2026 3241 221 39 undecided,
2272 3241 33 34 if
2328 3239 58 34 his
2412 3236 125 45 Royal
2558 3234 185 46 Highness
2763 3230 72 34 had
2854 3226 167 46 resigned

1667 3302 56 34 his
1734 3299 197 41 situation,
1959 3294 28 34 it
2006 3293 123 33 would
2148 3291 98 34 have
2263 3287 144 35 seemed
2426 3296 40 22 as
2481 3283 33 35 if
2536 3283 44 34 he
2601 3282 69 33 had
2689 3280 93 35 done
2802 3289 41 24 so
2857 3283 38 28 to
2914 3279 109 32 avert

1662 3361 74 34 any
1754 3346 148 35 further
1915 3340 244 50 proceedings
2187 3338 146 45 against
2357 3335 93 39 him,
2476 3332 71 34 and
2576 3330 193 35 therefore
2799 3327 57 32 his
2887 3324 126 44 Royal

1668 3397 185 46 Highness
1879 3393 112 35 chose
2010 3390 128 34 rather
2172 3391 40 30 to
2245 3384 111 45 delay
2393 3384 56 33 his
2476 3379 226 44 resignation
2730 3377 59 33 till
2807 3376 64 33 the
2897 3372 128 34 House

1667 3448 72 34 had
1755 3450 105 30 come
1876 3449 39 27 to
1928 3450 26 25 a
1969 3437 163 35 decision
2148 3445 46 24 on
2207 3433 84 35 that
2308 3431 124 47 point,
2447 3430 86 33 than
2552 3430 107 32 leave
2678 3424 58 34 his
2751 3424 196 33 character
2957 3429 71 24 ex-.

1669 3494 110 47 posed
1792 3497 39 30 to
1851 3489 63 35 the
1925 3487 187 46 suspicion
2131 3483 46 34 of
2193 3482 138 45 having
2347 3482 96 32 done
2460 3488 73 24 any
2564 3476 104 41 thing
2685 3471 164 44 through
2876 3481 24 21 a
2911 3465 113 37 dread

1667 3553 45 25 or
1728 3536 278 51 apprehension
2024 3534 44 35 of
2091 3531 104 35 what
2224 3529 115 45 might
2360 3530 46 32 be
2424 3527 63 33 the
2503 3515 164 43 decision
2685 3520 45 34 of
2744 3521 64 33 the
2831 3519 126 33 House
2980 3524 46 22 on

1667 3602 26 24 a
1707 3588 174 48 question
1897 3596 40 22 so
1952 3581 170 38 material
2145 3587 37 26 to
2203 3579 56 34 his
2275 3579 197 33 character
2489 3573 71 33 and
2577 3573 158 32 honour.
2789 3567 60 33 Ile
2867 3575 76 24 was
2959 3573 46 22 au-

1672 3637 163 35 thorised
1869 3635 51 43 by
1954 3633 54 34 his
2044 3628 124 46 Royal
2206 3626 185 44 Highness
2422 3628 39 28 to
2497 3619 111 35 make
2639 3619 60 33 the
2717 3612 313 39 communication

1674 3687 124 34 which
1819 3685 44 33 he
1881 3683 72 34 had
1972 3683 110 37 done,
2106 3676 73 35 and
2198 3674 61 34 the
2280 3678 123 39 regret
2417 3669 124 37 which
2561 3666 45 34 he
2626 3666 64 33 felt
2709 3674 46 22 on
2776 3663 61 34 the
2856 3659 174 37 occasion

1676 3736 120 33 would
1817 3737 64 31 not
1900 3730 138 46 permit
2057 3725 77 35 him
2152 3730 40 28 to
2210 3733 65 34 say
2295 3720 109 35 much
2422 3730 47 24 on
2489 3717 61 34 the
2578 3713 159 45 subject.

1724 3784 72 33 Mr.
1832 3782 237 33 BATliuttsr
2109 3772 99 41 said,
2261 3769 145 44 though
2450 3767 57 33 his
2554 3762 129 46 Royal
2728 3756 185 47 Highness
2956 3752 71 35 had

1783 3830 53 34 led
1860 3828 47 34 hi•
1974 3830 46 30 'st
2039 3822 43 34 of
2101 3820 250 38 Commander
2369 3817 35 33 in
2440 3814 126 37 Chief,
2596 3811 30 32 it
2646 3821 77 22 was
2740 3817 48 24 no
2818 3815 146 30 reason,
2992 3803 38 32 in
