3272 4524
240 286 270 43 Wednesday,
530 285 128 38 about
676 283 145 37 twelve
840 282 176 45 o'clock,
1037 282 59 38 his
1111 283 175 51 Majesty
1309 282 159 38 arrived
1491 286 40 34 at

182 340 72 40 the
272 340 178 44 Queen's
468 327 163 53 'Palace,
660 335 107 38 from
793 333 201 47 Windsor,
1024 334 135 39 where
1178 334 51 39 be
1253 347 77 25 was
1351 334 181 39 received

184 392 54 52 by
254 392 72 39 the
341 391 139 39 Dukes
496 389 47 39 of
553 389 133 44 York,
703 385 291 47 Cumberland,
1009 390 154 43 Sussex,
1179 386 77 40 and
1274 386 256 56 Cambridge.

185 449 56 38 At
259 450 83 33 two
356 443 163 40 o'clock
539 443 60 38 his
620 444 171 47 Majesty
814 438 87 40 held
924 452 22 26 a
969 441 157 51 private
1152 443 143 37 Levee.

240 498 90 40 The
347 490 215 58 following
581 495 79 39 had
681 496 71 38 the
781 493 161 40 honour
969 493 48 40 of
1031 493 117 53 being
1166 493 211 54 presented
1400 496 44 37 to
1472 491 61 41 his

189 555 177 47 :Majesty
386 566 69 21 :---

237 607 158 33 Ceneral
418 606 61 34 Sir
510 602 123 34 David
657 600 167 40 Dundas,
857 612 97 34 upon
973 600 56 35 his
1045 601 111 45 being
1182 600 208 46 appointed
1421 601 83 34 Com-

187 654 152 38 mander
358 656 37 32 in
416 652 137 40 Chief;
582 651 60 33 the
673 651 89 34 Earl
796 647 44 34 of
865 648 156 37 Orford,
1054 659 97 35 upon
1178 648 216 44 succeeding
1419 657 35 25 to
1476 648 54 34 hi,

188 705 112 38 title;
331 700 128 46 Major
488 698 124 40 Leith,
646 709 100 33 upon
780 697 53 33 his
859 698 227 45 promotion.
1113 697 69 34 and
1204 706 99 33 upon
1332 696 54 34 hi;
1409 704 120 26 return

187 752 99 34 from
305 751 139 45 Spain;
472 750 112 40 Capt.
609 748 136 38 Blake,
764 755 99 34 upon
883 744 53 32 his
970 745 234 43 promotion;
1237 744 292 34 Lieut.-Colonel

191 802 122 38 Scott,
327 797 44 34 of
380 798 61 33 the
458 796 90 34 9Cth
563 795 190 40 regiment,
769 803 97 32 upon
883 791 53 33 his
950 791 236 44 promotion;
1217 789 125 46 Alajor
1354 791 32 35 N
1395 796 136 37 ()mot,

191 847 44 32 of
246 848 61 32 the
324 846 91 35 85th
431 844 83 35 rifle
535 844 191 41 regiment,
745 850 107 33 -upon
874 840 52 33 his
950 840 228 43 promotion,
1202 841 72 32 and
1296 843 123 30 return
1437 839 93 34 from

191 894 139 46 Spain;
363 894 61 32 the
445 891 237 45 Archhi,lipp
698 887 44 33 of
755 887 157 40 Dublin,
939 896 98 34 upon
1058 887 54 33 his
1129 887 143 33 arrival
1293 887 35 33 in
1348 887 181 44 England.

246 948 74 40 His
352 950 175 52 Majesty
555 944 89 39 held
663 957 25 25 a
710 941 119 51 Privy
853 939 182 46 Council,
1067 946 40 33 at
1140 940 131 39 which
1305 940 60 40 Sir
1400 940 126 39 David

191 1002 171 40 Plinths
380 1013 80 26 was
481 993 254 47 introduced,
764 993 76 39 and
861 1005 129 27 sworn
1010 993 38 38 in
1067 1005 21 26 a
1107 993 198 48 Member,
1333 993 77 39 and
1429 992 98 39 took

190 1055 64 50 his
273 1059 85 33 seat
378 1059 43 33 at
441 1052 71 39 the
535 1045 262 45 Honourable
820 1045 129 39 Board
965 1045 275 53 accordingly.

190 1116 6 6 '
247 1108 74 40 His
338 1109 174 47 Majesty
533 1115 102 40 gave
650 1101 157 54 private
827 1098 211 39 audiences
1058 1103 41 33 to
1117 1100 67 38 the
1204 1096 168 41 Cabinet
1393 1097 116 40 Minis-

190 1165 83 35 ters
296 1163 175 50 present,
501 1156 77 39 and
612 1155 60 39 .Sir
709 1153 131 39 David
870 1152 182 43 Dundas,
1083 1150 70 40 the
1188 1152 269 43 Commander
1492 1153 38 37 in

194 1208 132 45 Chief.
384 1213 138 38 About
536 1211 59 37 six
614 1205 162 41 o'clock
796 1211 59 33 set
875 1204 70 45 off,
967 1218 50 25 on
1036 1204 59 38 his
1115 1209 142 34 return
1273 1208 43 35 to
1329 1204 201 39 Windsor.

248 1269 76 35 We
357 1261 242 44 understand
632 1260 92 38 that
755 1258 61 39 Sir
844 1259 47 37 D.
917 1258 163 39 Dundas
1110 1258 30 38 is
1169 1261 74 33 not
1273 1261 43 33 to
1344 1256 96 41 hold
1465 1257 69 39 the

193 1331 112 28 same
324 1318 285 52 appointment
633 1325 43 25 as
703 1311 91 38 that
814 1310 48 38 of
886 1310 69 38 the
992 1309 118 40 Duke
1143 1311 47 37 of
1218 1309 132 40 York.
1411 1311 60 37 Ile
1500 1311 33 37 is

193 1370 96 52 only
319 1376 43 33 to
384 1371 47 38 be
454 1365 272 44 Commander
756 1363 40 39 in
820 1362 130 46 Chief,
979 1362 79 40 but.
1074 1367 71 37 not
1166 1363 363 52 Captain-Genera!

193 1423 51 40 of
269 1423 70 39 the
358 1422 145 52 King's
523 1419 107 41 Land
654 1420 161 38 Forces.

194 1505 6 5 -
246 1475 105 41 Both
377 1478 157 37 Houses
566 1472 47 40 of
635 1468 253 41 Parliament
906 1481 71 26 are
997 1467 194 52 expected
1211 1470 46 37 to
1277 1467 171 51 adjourn
1476 1481 54 26 on

190 1527 253 52 Wednesday
477 1531 115 39 next,
621 1521 60 41 till
712 1520 211 53 Thursday
959 1520 216 52 sennight,
1212 1533 54 26 on
1303 1526 171 34 account
1488 1520 50 39 of

190 1583 71 41 the
289 1585 133 34 Easter
446 1578 210 52 Holidays.

246 1637 72 35 We
339 1635 105 37 have
472 1631 119 52 given
622 1632 37 37 in
681 1628 176 41 another
892 1630 90 48 part
1000 1624 172 40 detailed
1194 1630 193 37 accounts
1407 1624 125 41 under

190 1689 107 39 their
335 1691 224 46 respective
592 1684 129 45 dates,
751 1681 50 39 of
827 1680 69 39 the
915 1691 139 26 causes
1093 1678 73 38 and
1191 1690 187 39 progress
1397 1678 50 38 of
1462 1678 69 39 the

190 1742 83 39 late
294 1741 278 38 disturbances
598 1742 41 33 at
657 1735 142 39 Cadiz.
856 1731 111 51 They
989 1730 78 40 will
1088 1730 50 39 he
1167 1730 126 39 found
1313 1736 44 33 to
1378 1744 130 26 corres-

190 1794 111 56 pond
334 1794 96 38 with
451 1792 71 39 the
543 1787 197 59 principal
768 1782 365 43 communications
1162 1796 58 26 we
1241 1783 103 39 have
1367 1783 162 51 already

190 1847 133 39 Made.
383 1845 116 52 They
523 1856 83 31 are,
645 1853 61 26 we
736 1837 263 46 understand,
1029 1837 255 39 transmitted
1306 1837 48 54 by
1381 1850 24 25 a
1437 1850 67 40 per-

189 1900 74 43 ion
285 1898 52 39 of
346 1903 117 47 great
483 1892 317 54 respectability,
831 1891 90 39 who
943 1902 79 27 was
1042 1900 24 27 a
1084 1889 157 40 witness
1263 1887 48 41 of
1335 1887 69 40 the
1422 1896 85 33 tran-

190 1955 178 41 sactions
389 1950 50 40 he
458 1949 211 40 describes.

242 2008 77 37 We
338 2003 158 40 believe
624 2001 69 38 the
711 2001 137 48 report
868 1995 50 40 of
932 2007 52 26 an
1022 1993 269 43 insurrection
1312 1995 38 39 in
1370 1995 161 39 Sweden

190 2057 229 53 originated
458 2056 37 38 in
519 2067 24 25 a
560 2054 293 40 circumstance
872 2047 239 53 sufficiently
1133 2048 154 39 serious
1306 2048 37 38 in
1365 2048 50 38 its
1435 2061 72 26 con-

190 2124 231 41 sequences,
441 2112 72 34 but
533 2111 72 35 nut
624 2119 43 27 so
681 2102 102 43 fatal
804 2107 45 33 to
866 2101 70 39 the
947 2113 144 39 repose
1107 2100 47 39 of
1168 2101 71 39 the
1261 2100 124 40 realm
1401 2113 45 26 as
1465 2100 70 39 has

190 2166 104 39 been
317 2159 298 57 apprehended.
673 2160 37 37 It
722 2169 128 26 seems
867 2153 90 39 that
974 2159 80 32 two
1069 2153 219 48 regiments
1309 2153 66 47 (of
1383 2152 146 40 Militia

191 2231 45 26 as
254 2218 96 52 they
390 2226 69 27 are
477 2211 145 46 called,
651 2211 78 38 but
756 2220 63 27 we
854 2205 246 40 understand
1120 2205 69 39 the
1205 2205 130 39 whole
1355 2205 172 40 Swedish

194 2284 115 25 army
333 2283 28 25 is
381 2268 48 40 of
438 2267 92 39 that
550 2263 269 52 description)
840 2263 71 35 not
927 2257 151 52 having
1100 2257 98 39 been
1219 2258 90 39 able
1328 2263 44 33 to
1389 2257 142 40 obtain

191 2324 106 39 their
317 2335 92 40 pay,
438 2317 210 53 expressed
680 2315 110 40 their
811 2316 243 37 resentment
1075 2310 38 38 in
1142 2324 24 25 a
1187 2311 209 39 mutinous
1420 2323 84 26 man-

191 2391 94 31 lier;
318 2374 79 41 and
435 2368 330 45 subordination,
794 2367 52 50 by
878 2363 69 39 the
974 2368 157 37 utmost
1162 2363 209 39 exertions
1397 2362 50 40 of
1462 2365 69 37 the

193 2430 176 43 officers,
396 2424 122 43 could
537 2427 71 34 not
644 2420 52 40 be
716 2415 194 46 restored,
941 2413 102 41 until
1065 2413 106 41 their
1205 2414 193 40 demands
1426 2427 106 27 were
1546 2413 1 59 .

191 2483 104 51 fully
334 2478 190 40 satisfied.
593 2473 125 40 Their
755 2483 156 28 arrears
944 2467 124 52 being
1100 2466 254 56 discharged,
1383 2469 32 39 it
1449 2480 83 28 was

193 2535 136 51 hoped
347 2533 94 51 they
463 2526 132 43 would
615 2532 136 34 return
770 2530 44 33 to
834 2520 234 40 obedience.

248 2589 87 39 The
357 2584 136 40 Dutch
515 2584 161 50 Papers,
696 2591 41 26 as
761 2575 86 41 well
882 2587 41 26 as
944 2572 69 40 the
1029 2571 164 41 Private
1215 2575 174 41 Letters,
1420 2574 91 41 coin-

194 2642 90 41 cide
305 2642 37 37 in
363 2639 152 48 stating
537 2635 67 39 the
624 2636 169 48 capture
820 2627 48 41 of
889 2627 60 39 his
970 2627 209 51 Majesty's
1198 2626 150 53 frigate
1369 2629 139 38 Proser-

193 2695 109 51 pine.
361 2691 74 39 She
457 2702 79 25 was
556 2687 122 39 taken
713 2685 37 38 in
776 2681 70 40 the
881 2679 320 40 Mediterranean
1225 2680 52 50 by
1297 2680 67 39 the
1380 2679 151 41 French

193 2746 170 51 frigates
384 2746 57 35 La
461 2740 202 51 Penelope
683 2737 78 40 and
781 2738 57 37 La
853 2731 254 41 Paulincare.
1152 2733 123 38 From
1293 2732 67 40 the
1378 2732 152 40 French

194 2798 150 45 official
365 2799 208 39 accounts,
595 2792 28 39 it
644 2802 188 43 appears,
850 2785 86 39 that
959 2785 70 39 she
1059 2785 203 39 sustained
1277 2785 64 47 :an
1359 2797 151 40 engage-

193 2857 112 37 ment
334 2850 50 40 of
412 2850 115 38 three
556 2850 185 47 quarters
769 2839 51 40 of
853 2851 50 26 an
931 2837 107 39 hour
1069 2837 157 50 against
1245 2850 45 25 so
1307 2850 184 39 superior
1511 2850 24 26 a

193 2906 129 44 force,
344 2903 37 39 in
398 2901 131 40 which
552 2900 66 38 she
637 2896 79 39 had
736 2895 141 40 eleven
899 2903 90 26 men
1005 2887 124 41 killed
1147 2906 12 30 ;
1189 2889 80 39 and
1290 2889 67 40 the
1380 2890 151 39 French

194 2961 169 47 frigates
383 2967 117 28 came
522 2953 56 39 oft
595 2950 174 39 without
789 2947 72 39 the
879 2943 78 40 loss
977 2942 48 41 of
1041 2954 25 27 a
1083 2944 128 46 single
1231 2954 93 27 man
1343 2941 128 41 killed
1489 2955 47 27 or

194 3008 215 46 'wounded.
464 3005 155 41 French
639 3001 183 51 modesty

248 3067 34 38 A
305 3063 117 38 letter
438 3061 72 38 has
529 3059 99 39 been
648 3052 188 45 received
868 3048 107 40 from
996 3059 52 27 an
1082 3046 148 41 Officer
1248 3059 50 27 on
1318 3046 131 43 board
1469 3046 69 40 the

196 3116 155 51 Lively,
379 3113 120 39 !aled
522 3109 141 41 March
685 3112 43 40 7,
757 3105 97 39 then
875 3102 61 40 off
960 3098 170 48 Mamia,
1160 3113 30 24 a
1211 3098 118 41 small
1348 3099 116 53 place
1485 3112 52 26 on

194 3170 72 40 the
285 3167 278 43 TC.;:t:,roast
598 3163 47 39 of
679 3158 137 56 Spain,
846 3156 132 39 where
1009 3154 94 50 they
1136 3165 106 27 were
1263 3151 213 53 employed
1498 3152 40 40 in

194 3222 171 41 nifordia
372 3234 24 34 -g
429 3219 211 39 assistance
658 3220 45 34 to
742 3211 70 39 the
840 3208 162 53 Spanish
1023 3204 195 43 Patriots.
1277 3204 96 41 This
1391 3207 33 40 is
1442 3219 74 27 con-

190 3275 159 44 clusive
370 3273 48 39 of
435 3272 69 39 the
523 3268 128 52 safety
672 3267 50 39 of
737 3265 70 39 the
836 3261 146 52 Lively.

248 3328 90 39 The
357 3330 154 47 Treaty
531 3324 182 39 between
731 3319 125 37 Great
879 3314 150 40 Britain
1051 3311 80 40 and
1152 3312 138 53 Spain,
1316 3324 63 27 we
1396 3312 119 40 under-

193 3381 135 44 stand,
357 3392 81 25 was
470 3379 61 48 sig
535 3374 73 40 ned
722 3366 250 52 Widnesday
991 3383 12 28 ;
1033 3367 77 41 but
1137 3378 112 27 some
1271 3364 176 44 articles,
1469 3370 73 35 not

193 3441 71 50 yet
283 3431 196 57 precisely
497 3425 200 52 adjusted,
729 3437 69 25 are
820 3419 71 41 left
908 3419 64 40 for
994 3419 138 45 future
1153 3423 301 47 arrangement.

249 3490 35 37 It
305 3502 32 25 is
354 3483 148 46 stated,
523 3483 85 38 that
635 3482 102 34 `.o
761 3475 74 39 and
856 3487 112 26 some
989 3476 118 39 other
1139 3471 200 39 harbours
1367 3470 51 38 of
1444 3470 71 40 Gal-

190 3542 94 41 liria
306 3554 71 25 are
396 3549 93 26 now
515 3547 103 40 open
650 3537 44 33 to
716 3527 163 54 English
902 3527 122 52 ships.
1082 3529 89 38 The
1188 3522 350 40 communication

190 3594 98 41 with
312 3594 41 39 th
404 3594 118 37 Ports
541 3587 48 39 of
613 3583 185 41 Asturias
831 3581 71 39 has
920 3586 72 34 not
1013 3581 99 39 bef7ai
1143 3575 231 43 obstructed
1394 3576 53 51 by
1472 3576 70 39 the

188 3659 168 40 enemy,
381 3646 110 39 since
510 3641 61 40 his
591 3646 254 46 appearance
862 3646 52 26 on
933 3632 70 40 the
1022 3633 206 41 Northern
1248 3630 137 40 shores
1407 3628 46 40 of
1474 3630 70 40 the

190 3705 163 39 Douro.

184 3757 40 45 P.
244 3757 92 39 Don
378 3754 107 38 Joze
522 3744 152 44 Herida
712 3741 93 40 who
840 3751 78 27 was
937 3737 123 53 lately
1083 3735 224 43 massacred
1326 3739 41 34 at
1404 3735 139 47 Cadiz,

185 3822 86 26 was
298 3821 26 26 a
353 3804 144 41 cousin
530 3801 48 40 of
594 3800 67 38 the
683 3796 145 39 Prince
846 3791 47 39 of
908 3794 69 37 the
1007 3796 146 40 Peace,
1183 3789 79 40 and
1284 3801 78 26 was
1383 3788 53 50 by
1459 3788 84 39 him

184 3859 222 58 promoted
430 3862 45 34 to
494 3855 71 39 the
583 3850 117 41 office
722 3848 48 38 of
784 3844 201 43 Collector
1004 3844 51 38 of
1063 3842 146 41 Public.
1226 3847 106 34 rents
1346 3841 80 39 and
1447 3842 73 39 Cus-

187 3924 125 32 toms.
373 3914 63 38 He
457 3922 80 24 was
556 3920 24 25 a
596 3917 91 28 man
706 3900 90 40 held
809 3901 38 38 in
861 3899 163 53 general
1045 3896 269 43 detestat;on;
1331 3894 80 39 and
1440 3894 103 39 until

185 3970 54 40 he
259 3981 83 26 was
374 3964 131 41 raised
537 3961 51 41 by
624 3958 61 39 his
703 3957 142 37 cousin
876 3958 44 33 to
940 3965 24 24 a
985 3956 105 34 trust
1110 3948 100 41 both
1247 3946 200 41 lucrative
1466 3946 78 41 and

187 4018 272 48 respectable,
490 4028 83 25 was
593 4011 92 51 only
710 4010 150 39 known
879 4018 43 26 as
943 4018 19 25 a
985 4003 223 53 smuggler.

241 4074 189 43 Tuesday
454 4070 72 40 the
552 4065 102 40 Lord
680 4064 148 50 ;Mayor
848 4057 168 40 ordered
1039 4057 69 39 the
1129 4057 107 51 price
1270 4052 48 40 of
1348 4052 126 43 bread
1502 4057 43 33 to

174 4130 63 40 'be
259 4124 175 44 reduced
449 4121 94 43 half
557 4134 48 26 an
628 4116 144 45 assize,
810 4126 50 27 or
885 4116 56 34 Id.
965 4111 38 38 in
1025 4109 72 39 Ihe
1117 4108 100 53 peck
1244 4106 98 47 loaf,
1381 4110 46 35 to
1446 4107 100 39 take

183 4183 39 54 pi
222 4183 59 54 jec
281 4183 20 54 .
325 4181 39 37 'ti
372 4181 7 37 '
387 4194 14 25 s
435 4179 96 47 day.
589 4173 86 39 The
709 4173 193 48 quartern
944 4162 90 40 loaf
1068 4161 46 39 of
1149 4161 198 47 wheaten,
1381 4160 34 41 is
1446 4159 102 47 thou

181 4241 47 38 to
253 4239 50 39 be
319 4233 89 44 sold
428 4231 66 41 for
513 4234 56 35 Is.
589 4228 86 47 21d.
709 4221 81 44 and
810 4215 231 47 household
1068 4220 53 38 Is.
1143 4219 86 46 10.

2561 131 260 51 MARCH
2852 136 80 47 26.

1656 279 44 35 lit
1737 275 70 39 the
1839 276 141 38 House
2011 273 48 39 of
2091 274 223 37 Commons
2334 282 53 26 on
2408 269 163 52 Friday,
2600 269 72 38 the
2692 270 185 50 Serjeant
2895 273 44 34 at

1603 326 328 54 Arrnsreported,
1943 326 87 39 that
2046 325 237 52 Brig.-Gen.
2307 324 167 39 CLAVER
2483 337 71 22 !NG
2569 334 81 26 was
2669 320 41 50 in
2727 321 63 40 his
2805 327 111 34 custo-

1600 381 67 52 dy,
1688 380 78 39 and
1786 393 52 25 on
1858 379 73 39 the
1954 378 155 39 Motion
2130 377 48 39 of
2190 379 81 37 Mr.
2288 377 142 37 WYNN
2450 376 33 40 it
2503 387 78 26 was
2600 374 190 50 ordered,
2822 373 93 41 with-

1602 439 72 34 out
1703 448 74 39 any
1800 431 167 46 debate,
2040 430 91 44 that
2147 425 181 45 General
2347 429 247 40 Ct.avEnien
2628 428 52 41 be
2698 428 242 43 committed

1603 493 40 33 !o
1962 483 86 40 The
2070 484 138 38 House
2229 481 72 39 has
2320 481 94 39 thus
2432 481 135 39 shewn
2588 480 71 41 the
2686 485 144 47 purest
2861 481 51 39 im-

1600 540 204 52 partiality
1824 540 52 48 by
1896 535 221 53 extending
2137 540 45 34 to
2202 540 85 41 two
2308 546 109 37 men,
2444 533 207 61 offending
2680 534 43 40 in
2740 535 72 39 the
2832 546 109 27 same

1600 594 158 51 degree,
1792 593 78 38 and
1891 588 184 41 different
2094 588 96 52 only
2230 587 38 39 in
2290 587 120 47 rank,
2446 587 71 39 the
2535 600 112 26 same
2679 600 185 35 measure
2893 586 52 47 of

1602 646 269 52 punishment.
1904 643 96 40 This
2022 640 244 54 proceeding
2287 645 150 47 cannot
2448 639 77 46 but
2538 640 135 40 excite
2689 640 70 39 the
2779 638 158 54 highest

1599 698 231 39 sentiments
1850 697 48 38 of
1915 694 285 54 approbation.

1654 754 34 37 It
1707 751 31 40 is
1756 763 22 27 a
1798 751 86 39 fact
1903 763 54 25 no
1991 748 74 39 less
2082 745 183 53 singular
2285 745 97 45 than
2409 750 110 40 true,
2546 744 91 40 that
2657 757 43 26 as
2719 743 64 40 his
2803 743 135 53 Royal

1604 803 193 52 Highness
1815 803 70 39 the
1913 801 116 40 ,)like
2060 801 47 37 of
2137 800 112 40 York
2272 813 80 25 was
2372 798 165 53 coining
2556 810 56 41 up
2631 810 52 27 on
2702 797 165 53 Friday,
2897 796 40 50 in

1600 855 58 39 his
1681 856 132 39 chaise
1850 855 79 39 and
1968 854 109 41 four,
2105 852 107 43 from
2246 853 190 40 Windsor
2456 854 44 37 to
2530 856 125 39 town,
2685 863 80 26 one
2793 850 48 38 of
2868 849 72 40 the

1599 908 149 39 leaders
1761 907 86 46 fell,
1870 907 78 39 and
1964 920 78 25 was
2061 905 180 52 drigged
2261 905 53 53 by
2340 905 67 40 the
2426 905 118 39 other
2558 905 138 38 horses
2714 902 67 44 for
2802 917 24 25 a
2843 915 73 27 con-

1597 960 197 40 s:derable
1831 960 196 40 distance.
2085 960 89 37 The
2199 971 187 40 carriage
2412 971 83 25 was
2523 971 99 26 soon
2644 957 188 54 stopped,
2861 957 79 47 and

1599 1029 51 24 :10
1670 1013 183 43 accident
1874 1011 51 41 of
1938 1025 25 26 a
1987 1011 157 39 serious
2161 1017 146 33 nature
2327 1011 167 39 ensued.
2542 1011 90 39 .But
2652 1010 31 38 it
2704 1009 103 40 took
2829 1009 112 52 place

1598 1067 144 40 almost
1778 1064 164 52 exactly
1978 1065 191 51 opposite
2200 1068 45 34 to
2284 1065 94 40 Mrs.
2399 1062 187 43 Clarke's
2619 1063 143 48 house,
2791 1062 41 40 in
2870 1062 70 41 the

1598 1120 279 52 King's-road,
1899 1115 403 53 Westbourn-place,

1650 1174 86 39 The
1773 1173 174 52 receipts
1984 1170 48 39 of
2072 1168 71 39 the
2186 1168 262 40 Drury-lane
2483 1181 220 39 company,
2748 1168 39 39 in
2825 1168 117 39 three

1768 1232 43 33 at
1831 1226 70 38 the
1922 1226 132 50 Opera
2070 1224 154 46 House,
2245 1221 221 41 amounted
2486 1227 43 33 to
2549 1221 59 39 tit(
2631 1233 86 26 s,im
2733 1220 59 39 of
2792 1225 148 41 2,:00t.

1648 1279 112 39 Since
1781 1284 69 37 the
1872 1273 252 43 memorable
2153 1287 99 40 year
2276 1279 117 37 1659.
2426 1274 109 38 after
2554 1273 69 39 the
2654 1272 231 52 deposition
2897 1272 50 39 of

1603 1331 176 39 Richard
1804 1329 231 45 Cromwell,
2067 1328 116 39 when
2219 1341 24 26 a
2284 1328 167 40 Council
2489 1326 48 39 of
2562 1325 172 40 (ieneral
2757 1326 184 48 Officers,

1599 1384 126 40 which
1748 1388 81 35 met
1850 1389 46 33 at
1922 1380 268 52 Wallingford
2210 1383 155 44 House,
2393 1381 220 52 arrogated
2636 1384 43 32 to
2698 1377 243 41 themselves

1598 1449 22 25 a
1637 1437 107 52 right
1772 1442 46 33 to
1843 1435 193 39 interfere
2056 1435 117 46 with,
2211 1435 79 38 and
2307 1439 45 34 to
2372 1433 211 40 over-rule
2602 1433 70 38 the
2688 1430 94 46 civil
2809 1442 135 40 power

1596 1491 50 38 of
1677 1492 67 38 the
1766 1493 128 40 State,
1932 1500 52 26 no
2000 1492 177 47 attempt
2191 1486 51 39 of
2264 1486 91 41 that
2372 1492 150 37 nature
2543 1486 71 40 has
2630 1486 99 39 been
2751 1483 133 46 made,
2900 1487 44 35 at

1598 1556 100 27 once
1719 1556 43 26 so
1781 1541 257 44 indecorous,
2076 1540 78 39 and
2187 1551 51 26 so.
2271 1537 381 50 unconstitutional,
2687 1551 44 25 as
2758 1537 72 40 the
2863 1535 79 39 late

1599 1596 167 40 Address
1785 1593 189 40 intended
1995 1598 44 33 to
2059 1591 104 40 have
2183 1590 100 41 been
2302 1591 214 59 presented
2530 1596 43 34 to
2584 1590 72 41 the
2672 1589 272 43 Commaader

1599 1650 44 44 in,
1655 1648 130 47 Chief,
1818 1648 52 52 by
1890 1659 25 26 a
1935 1644 92 47 club
2048 1644 52 46 of
2125 1643 177 46 General
2331 1644 167 41 Officers
2531 1649 81 34 met
2648 1642 64 40 fur
2731 1643 96 40 that
2845 1654 94 40 pur.,

1599 1715 109 39 pose.

1648 1756 195 38 REMARK
1851 1767 107 25 ABLE
1980 1750 344 40 FUNERAL.On
2349 1749 164 51 Sunday
2544 1747 78 40 last
2652 1761 81 28 was
2763 1747 178 47 interred

1598 1807 38 38 in
1665 1807 70 39 the
1762 1805 136 41 burial
1932 1802 159 56 ground
2117 1802 52 39 of
2191 1805 57 37 St.
2272 1802 164 39 Martin-
2450 1800 299 46 in-the-Fields,
2780 1800 71 41 the
2881 1813 61 28 re-,

1599 1859 126 41 mains
1741 1858 50 47 of
1819 1858 123 51 Hugh
1969 1858 185 43 Hewson,
2183 1853 96 41 who
2296 1853 90 41 died
2409 1859 37 34 at
2470 1853 71 40 the
2558 1852 204 40 advanced
2796 1865 74 35 a:se
2898 1851 51 43 of

1598 1917 63 34 85.
1720 1912 85 38 The
1824 1910 189 40 deceased
2033 1922 80 26 was
2132 1920 26 26 a
2177 1920 94 30 man
2288 1907 50 39 of
2350 1919 54 37 no
2420 1919 116 27 mean
2554 1905 211 52 celebrity,
2783 1905 159 51 though

1598 1978 51 26 no
1668 1963 159 41 funeral
1846 1961 265 43 escutcheons
2131 1961 182 41 adorned
2335 1962 60 38 his
2414 1961 156 44 hearse,
2601 1971 50 26 or
2678 1957 86 41 heir
2778 1955 167 56 expeet

1597 2022 71 34 ant
1687 2016 146 53 graced
1856 2016 64 39 his
1937 2015 223 53 obsequies,
2217 2016 64 38 He
2301 2027 79 28 was
2399 2026 53 27 no
2470 2010 72 41 less
2557 2024 24 25 a
2600 2023 229 41 personage
2844 2010 97 45 than

1599 2070 69 39 the
1687 2068 188 41 identical
1907 2067 120 53 Hugh
2053 2069 133 51 Strap,
2215 2067 138 40 whom
2373 2068 73 40 Dr,
2470 2062 169 43 Smollet
2655 2062 74 41 has
2748 2057 195 50 rendered

1597 2138 45 24 so
1668 2120 311 54 conspicuously
2010 2120 241 52 interesting
2285 2119 40 40 in
2346 2118 60 44 his
2424 2118 90 41 Life
2533 2117 76 40 and
2631 2115 252 43 Adventures
2901 2114 51 41 of

1602 2176 209 40 Roderick
1837 2165 210 52 Random,
2076 2172 79 39 and
2190 2171 66 40 for
2287 2171 188 53 upwards
2503 2170 48 41 of
2578 2169 111 52 forty
2722 2181 119 41 years
2865 2165 48 59 hat
2930 2165 17 59 4

1598 2229 102 52 kept
1728 2242 25 24 a
1770 2226 300 43 hair-dresser's
2100 2224 103 52 shop
2236 2224 39 39 in
2307 2224 70 40 the
2408 2224 135 39 above
2563 2222 152 54 parish.
2774 2220 86 40 The
2880 2220 46 40 de-

1597 2281 139 40 ceased
1769 2293 81 26 was
1885 2293 25 31 a
1944 2290 96 39 very
2074 2276 235 53 intelligent
2341 2290 113 32 man,
2483 2276 78 40 and
2595 2275 103 39 took
2731 2274 155 51 delight
2907 2274 40 51 iu

1597 2334 241 50 recounting
1859 2330 72 41 the
1954 2330 240 45 adventures
2213 2329 50 39 of
2278 2329 61 39 his
2353 2329 110 52 early
2484 2327 81 41 life.
2623 2329 63 39 He
2699 2326 132 54 spoke
2850 2324 97 43 with

1597 2386 183 53 pleasure
1799 2385 51 40 of
1864 2385 72 38 the
1955 2383 98 39 time
2072 2381 51 40 he
2144 2381 141 52 passed
2306 2381 40 39 in
2360 2381 71 39 the
2450 2380 154 40 service
2623 2378 48 40 of
2685 2381 72 38 the
2776 2381 171 48 Doctor,

1597 2439 77 39 and
1708 2440 32 39 it
1759 2448 79 27 was
1869 2437 61 39 his
1961 2434 128 52 pride,
2118 2447 46 25 as
2183 2432 91 43 well
2294 2446 44 27 as
2359 2433 137 43 boast,
2524 2437 44 35 to
2595 2445 71 40 say
2686 2431 92 40 that
2797 2430 51 41 he
2868 2431 78 41 had

1597 2492 99 39 been
1726 2489 201 43 educated
1961 2491 39 35 in
2020 2487 70 38 the
2118 2499 115 28 same
2251 2486 201 53 seminary
2473 2485 97 39 with
2600 2498 46 26 so
2674 2485 163 40 learned
2870 2479 80 46 and

1597 2543 293 54 distinguished
1911 2554 25 27 a
1957 2541 230 40 character.
2245 2541 74 39 His
2339 2538 102 53 shop
2467 2551 84 28 was
2568 2537 112 53 hung
2701 2537 130 43 round
2851 2530 96 50 with

1600 2596 113 39 Latin
1733 2595 257 53 quotations,
2019 2593 79 40 and
2117 2593 50 39 he
2187 2593 137 39 would
2342 2591 228 54 frequently
2591 2596 115 51 point
2725 2595 79 47 out
2823 2595 44 34 to
2887 2590 61 45 hia

1599 2655 220 34 customers
1838 2648 80 39 and
1937 2647 314 50 acquaintances
2268 2644 72 40 the
2353 2643 156 41 several
2524 2656 136 27 scenes
2678 2642 39 39 in
2738 2642 210 51 Roderick

1603 2701 203 45 Random,
1822 2700 234 53 pertaining
2072 2704 44 34 to
2131 2696 183 46 himself,
2330 2698 128 45 which
2476 2696 76 40 had
2569 2696 105 38 their
2686 2694 260 47 foundation,

1600 2760 72 34 not
1694 2757 37 37 in
1750 2754 67 38 the
1840 2754 193 38 Doctor's
2046 2750 209 40 inventive
2270 2747 136 58 fancy,
2424 2751 74 39 but
2507 2750 40 40 in
2561 2748 113 39 truth
2692 2746 78 43 and
2785 2746 161 53 reality.

1603 2807 85 40 The
1709 2805 177 52 meeting
1919 2805 40 39 in
1980 2817 22 25 a
2030 2804 182 39 barber's
2232 2803 103 59 shop
2363 2807 45 35 at
2438 2799 509 57 Newcastle-upon-Tyne,

1602 2861 70 38 the
1691 2862 241 47 subsequent
1961 2855 174 41 mistake
2154 2862 43 32 at
2226 2855 72 40 the
2320 2869 84 32 inn,
2432 2855 107 39 their
2571 2854 152 39 arrival
2751 2852 194 52 together

1603 2914 37 38 in
1664 2913 182 43 London,
1860 2909 80 40 and
1959 2909 69 40 the
2049 2909 217 39 assistance
2288 2908 94 53 they
2398 2907 263 53 experienced
2679 2906 107 38 from
2803 2908 150 51 Strap's

1603 2965 143 46 friend,
1775 2976 106 26 were
1912 2961 53 40 all
1998 2960 50 40 of
2072 2961 91 39 that
2184 2961 260 51 description.
2503 2961 71 38 We
2604 2959 243 40 understand
2881 2957 69 41 the

1603 3018 190 40 deceased
1815 3017 73 38 has
1907 3013 73 41 left
2006 3013 148 40 behind
2173 3013 86 40 him
2281 3026 50 26 an
2352 3012 213 41 interlined
2596 3025 105 39 copy
2733 3011 51 39 of
2811 3011 110 40 Rode-

1606 3071 86 50 rick
1727 3070 210 44 Random,
1968 3066 185 53 pointing
2172 3071 76 34 ocit
2267 3066 113 39 these
2400 3065 118 44 facts,
2549 3061 181 56 shelving
2763 3065 92 39 how
2885 3065 66 40 far

1605 3122 96 54 they
1721 3135 104 28 were
1843 3119 189 41 indebted
2046 3124 45 35 to
2105 3118 71 40 the
2193 3118 144 52 genius
2357 3118 48 40 of
2415 3118 70 40 the
2502 3119 170 43 Doctor,
2692 3118 79 39 and
2785 3122 44 35 to
2842 3117 110 40 what

1604 3182 141 35 extent
1759 3176 96 51 they
1877 3185 110 27 were
2003 3171 214 41 bottomed
2238 3171 37 38 in
2297 3171 157 53 reality.
2516 3170 87 40 The
2617 3170 191 39 deceased
2829 3170 124 40 could

1609 3242 119 28 never
1747 3228 170 40 succeed
1950 3226 37 38 in
2019 3226 168 51 gaining
2206 3236 115 26 more
2355 3223 98 41 than
2474 3236 25 27 a
2517 3222 249 52 respectable
2786 3223 145 39 subsist-

1605 3295 98 26 ence
1733 3282 54 51 by
1824 3280 65 40 his
1918 3278 131 47 trade,
2078 3279 77 38 but
2186 3276 50 39 he
2267 3276 203 53 possessed
2503 3288 50 27 an
2574 3275 300 54 independence
2907 3275 48 39 of

1607 3333 109 43 mind
1735 3332 188 53 superior
1948 3335 45 35 to
2023 3330 60 41 his
2105 3328 169 43 humble
2294 3331 223 40 condition.
2574 3328 59 40 Of
2660 3328 83 40 late
2763 3343 117 39 years
2900 3328 52 40 he

1607 3402 79 26 was
1704 3384 217 54 emi:loyed
1942 3398 43 26 as
1995 3385 159 51 Keeper
2171 3384 52 39 of
2236 3383 69 39 the
2320 3380 252 43 Promenade
2583 3381 40 40 in
2637 3381 164 40 Vitliers
2810 3381 139 47 Walk,

1610 3439 183 53 Adelphi,
1824 3437 80 41 and
1926 3450 78 26 was
2023 3436 120 48 much
2163 3435 163 40 noticed
2347 3437 77 39 and
2446 3436 204 53 respected
2672 3435 53 56 by
2746 3435 72 40 the
2837 3435 92 39 inha-

1609 3495 151 40 bitants
1779 3493 90 39 who
1889 3489 237 54 frequented
2144 3488 93 41 that
2255 3489 129 59 place.

1661 3547 87 40 The
1776 3542 193 53 difficulty
1993 3542 48 41 of
2066 3542 335 52 pronunciation,
2420 3541 256 53 considering
2693 3541 72 39 the
2785 3540 142 52 provin-

1609 3599 170 41 cialisms
1798 3598 80 39 and
1894 3596 250 53 perversions
2164 3594 193 41 attached
2379 3600 45 34 to
2444 3607 79 28 our
2539 3593 351 51 mother-tongue,
2920 3593 33 40 is

1609 3650 285 44 incontestible
1909 3667 11 22 :
1951 3650 74 39 but
2053 3647 78 39 this
2161 3646 198 54 difficulty
2380 3661 94 39 may
2496 3646 52 39 be
2564 3646 281 44 ameliorated,
2859 3654 71 44 per-

1610 3706 100 54 haps
1728 3703 211 46 removed,
1974 3702 48 52 by
2046 3702 65 52 vig
2117 3699 142 54 ilantly
2280 3702 190 52 perusing
2505 3698 71 41 the
2606 3698 188 40 columns
2820 3698 50 39 of
2891 3705 12 18 '
2920 3700 33 38 A

1610 3757 171 44 General
1798 3758 292 48 Pronouncing
2107 3755 241 53 Dictionary
2368 3754 50 39 of
2431 3755 69 38 the
2516 3751 163 52 Engaish
2704 3752 252 51 Language,'

1609 3813 74 39 &c.
1713 3815 58 48 By
1800 3809 183 39 William
2020 3806 172 47 Enfield,
2222 3808 115 38 M.A.
2393 3809 165 47 Among
2576 3803 71 41 the
2666 3817 223 51 approvers
2909 3803 50 40 of

1610 3866 80 39 this
1709 3862 263 41 meritorious
1987 3859 282 52 compilation,
2287 3859 156 41 besides
2460 3859 167 39 various
2639 3856 164 44 Critical
2831 3860 99 38 Jour-

1610 3918 100 47 nals,
1740 3930 70 27 are
1843 3920 46 34 to
1917 3915 51 39 be
1995 3913 128 40 found
2143 3912 69 41 the
2226 3912 197 54 saffrages
2434 3912 48 41 of
2507 3913 73 40 Dr.
2609 3912 162 54 Burney
2789 3911 77 40 and
2885 3911 70 40 the

1613 3974 106 37 Rev.
1737 3969 109 41 John
1866 3969 146 39 Evans.

1684 4025 32 38 It
1753 4035 92 40 may
1881 4019 151 54 gratify
2065 4018 71 40 the
2154 4018 250 53 Whip-Club
2444 4023 45 34 to
2519 4017 113 46 hear,
2661 4018 91 39 that
2792 4017 164 40 Francis

1615 4076 146 46 later,
1798 4088 24 26 a
1856 4074 125 40 noted
2016 4072 162 45 farrier,
2206 4071 74 40 has
2313 4071 177 51 rrcently
2524 4070 211 52 published
2767 4076 30 20 46
2820 4072 132 48 Every

1616 4131 92 37 Man
1730 4129 60 39 his
1818 4140 93 28 own
2173 4140 63 28 or,
2319 4126 89 39 The
2424 4123 148 40 Whole
2590 4126 76 40 Art
2696 4123 78 40 'aid
2793 4114 104 61 Orn.
2897 4114 26 61 3
2923 4114 27 61 '

1622 4183 87 38 I'll's
1727 4181 132 45 work,
1877 4192 61 26 we
1956 4192 67 27 are
2041 4179 177 45 assured,
2242 4180 71 39 has
2331 4178 164 53 already
2518 4176 214 54 preserved
2763 4176 72 44 the
2854 4176 99 41 lives

1609 4235 52 44 of
1674 4234 139 57 nearly
1834 4232 96 45 half
1942 4245 26 30 a
1987 4231 156 43 million
2161 4231 51 46 of
2225 4232 193 46 valuable
2434 4230 188 45 animals.

1077 143 148 50 THE
1261 141 381 51 NATIONAL
1681 136 381 54 REGISTER.
