3236 4524
135 109 92 54 191

123 250 206 50 juncture;
356 254 72 33 and
446 253 141 44 though
612 250 177 44 Portugal
811 249 198 48 happened
1029 255 38 28 at
1087 248 84 34 that
1192 247 91 33 time
1300 252 40 28 to
1364 244 46 33 be
1428 241 63 35 the

133 317 115 30 worst
265 320 107 26 scene
386 311 86 45 they
493 309 107 35 could
618 308 94 34 have
729 309 132 33 chrism
878 320 12 30 ;
917 307 91 45 they
1025 309 152 37 cannot,
1205 304 37 35 in
1260 301 61 34 the
1343 302 148 44 present

133 369 180 40 instance,
341 369 112 35 select
481 378 25 25 a
531 378 100 24 more
661 365 222 35 favourable
901 364 142 46 ground
1062 364 87 34 than
1170 360 83 35 that
1271 358 125 35 which
1424 358 66 33 lies

135 425 169 37 between
324 424 65 37 the
403 424 132 35 9cheld
554 424 71 34 and
643 423 61 35 the
728 424 99 34 Ems.
881 424 93 33 This
993 422 31 33 is
1042 422 63 33 the
1117 417 216 37 vulnerable
1351 415 81 35 heel
1453 415 44 33 of

128 477 70 39 'the
213 493 159 34 enemy;
400 481 85 41 and,
500 481 37 34 if
550 482 61 33 the
631 482 100 33 blow
746 481 46 33 be
811 480 191 44 vigorous,
1032 477 30 33 it
1081 476 77 33 will
1181 476 45 33 be
1246 471 66 35 felt
1328 470 162 45 through

131 548 119 35 every
268 539 168 35 member
451 536 45 35 of
519 537 84 37 that
630 541 203 31 monstrous
861 535 119 45 body.
1036 533 59 34 An
1130 529 155 47 English
1315 539 111 35 army
1453 528 45 34 of

132 596 139 39 60,000
291 607 100 32 men,
413 594 130 35 landed
561 606 47 25 on
627 606 74 33 any
722 605 70 24 one
806 600 87 38 part
911 592 45 34 of
971 592 83 34 that
1070 594 122 38 coast,
1221 587 124 34 would
1367 586 126 34 kindle

136 653 39 37 in
198 653 178 43 'Tolland,
412 653 61 34 the
495 652 122 35 North
637 652 45 33 of
704 652 202 44 Germany,
932 650 71 34 and
1038 647 181 46 perhaps,
1248 646 33 33 in
1312 643 178 43 Brabant,

141 711 125 34 where
293 711 64 34 the
381 711 116 34 minds
513 710 46 34 of
570 711 64 33 the
656 709 224 34 inhabitants
898 717 67 24 are
984 704 157 37 worked
1173 713 50 35 up
1244 707 38 30 to
1305 712 22 24 a
1346 699 146 35 furious

133 768 235 34 abhorrence
389 769 43 33 of
443 769 63 33 the
534 775 142 37 tyrant,
702 776 22 25 a
741 765 110 45 spirit
869 763 46 35 of
931 763 197 35 resistance
1146 770 105 26 more
1274 758 131 35 ardent
1422 757 70 34 and

129 823 174 37 .decisive
320 826 90 34 than
429 826 81 33 that
541 823 123 35 which
681 822 117 35 broke
816 828 65 27 out
904 821 35 33 in
970 820 130 46 Spain.
1152 816 217 45 Similarity
1385 815 43 34 of
1439 824 38 24 re-

132 880 139 46 ligion,
304 882 149 34 ancient
478 880 272 40 recollections,
775 879 69 34 and
878 876 61 35 the
969 885 103 26 sense
1098 874 46 37 of
1165 878 145 43 present
1337 873 156 43 misery,

139 939 126 33 would
282 939 113 34 brace
410 947 113 35 every
540 947 97 31 arm,
664 938 70 34 and
754 937 163 34 animate
935 944 116 34 every
1072 933 122 40 heart,
1222 932 37 33 in
1276 934 163 43 support
1456 928 43 35 of

129 996 261 34 .the'romn►nn
407 1004 120 26 cause.
582 994 81 34 And
686 992 125 35 whilst
826 992 63 34 the
909 996 126 40 tyrant
1059 991 32 33 is
1115 987 221 45 contending
1363 998 47 25 on
1430 985 63 35 the

143 1052 104 34 Ebro
262 1051 71 35 and
347 1051 60 35 the
428 1051 154 35 Danube
595 1050 58 34 for
665 1050 63 34 the
738 1048 282 37 establishment
1032 1045 45 37 of
1090 1044 184 37 universal
1287 1043 204 44 dominion,

131 1122 31 28 .a
193 1111 99 34 blow
326 1110 117 44 might
472 1109 46 34 be
535 1109 126 33 struck
686 1108 74 33 him
778 1116 46 25 on
843 1106 64 35 the
930 1107 100 41 Ems,
1061 1103 124 35 which
1207 1102 125 34 would
1351 1101 142 35 tumble

137 1170 96 37 from
253 1172 58 34 his
330 1172 99 41 base,
446 1168 150 35 stunned
617 1167 72 35 and
707 1167 137 45 reeling
865 1166 63 35 the
941 1166 185 46 towering
1139 1165 188 35 Colossus.

386 1284 295 45 FOREIGN
722 1278 523 50 INTELLIGENCE.

394 1406 157 35 FROM
581 1406 110 35 THE
720 1404 222 37 FRENCH
973 1402 236 39 PIPERS.

180 1518 213 28 ADMIRAL
415 1517 314 26 GANTHEAUME
746 1517 52 25 TO
819 1515 91 26 THE
930 1513 216 28 MINISTER
1168 1513 57 25 OF
1248 1508 195 28 MARINE:

477 1570 57 34 On
553 1569 118 34 board
691 1567 63 35 the
770 1569 214 34 Comnterce
1003 1567 46 33 de
1080 1566 120 39 Paris,
1230 1564 34 34 in
1283 1565 64 33 the
1367 1560 128 38 Roads

691 1617 46 37 of
752 1617 162 40 Toulon,
943 1616 94 34 Feb.
1054 1617 60 39 `2B,
1144 1613 64 34 ISO
1208 1613 43 34 9.

237 1665 369 44 Stn—Yesterday,
645 1664 64 33 the
733 1664 103 44 21th,
924 1664 136 33 caused
1090 1663 61 33 the
1178 1661 156 40 frigates
1359 1658 45 34 of
1439 1657 56 35 his

137 1713 182 48 Majesty,
352 1715 51 39 La
425 1715 190 46 Penelope
634 1715 70 31 and
726 1714 53 40 La
796 1713 172 38 Pauline,
997 1720 38 25 to
1064 1710 43 32 he
1123 1716 79 28 sent
1221 1715 78 33 out,
1329 1708 34 33 in
1380 1707 110 33 order

133 1768 44 28 to
196 1763 104 34 drive
315 1774 115 32 away
448 1773 48 22 an
519 1761 150 45 English
691 1760 148 44 frigate,
869 1760 123 33 which
1017 1757 130 34 within
1167 1768 24 22 a
1209 1756 72 33 few
1302 1755 92 45 days
1414 1754 71 33 had

129 1811 252 43 indiscreetly
399 1820 104 25 come
517 1814 37 30 to
573 1809 159 43 explore
751 1808 60 32 the
827 1813 226 28 movements
1077 1807 34 32 in
1126 1806 64 33 the
1208 1805 120 34 roads.
1383 1804 74 43 Cap-

136 1851 83 48 tain
240 1851 20 48 9
281 1851 229 48 Duhourdier,
528 1857 43 34 of
589 1858 51 33 La
661 1857 197 43 Penelope,
886 1856 70 32 and
979 1853 197 41 Montfort,
1196 1852 45 33 of
1254 1852 48 34 La
1320 1851 174 40 Pauline,

128 1899 4 46 •
143 1906 73 37 bad
231 1907 130 33 orders
377 1913 39 25 to
436 1911 157 27 re-enter
612 1907 37 30 in
669 1904 65 33 the
756 1904 168 41 evening,
950 1902 71 40 and
1057 1902 105 34 when
1189 1902 86 41 they
1313 1899 72 34 had
1406 1909 69 22 exe-

137 1956 112 34 cuted
272 1956 73 33 this
364 1963 229 30 manceuvre,
621 1954 60 31 the
704 1950 149 43 English
876 1950 135 45 frigate
1030 1949 181 34 followed
1225 1949 96 33 them
1343 1949 34 32 in
1398 1946 98 33 their

139 2010 157 33 retreat,
339 2002 73 33 and
446 2001 169 34 returned
650 2007 39 26 at
719 2000 60 33 the
811 1997 69 34 fall
919 1996 45 37 of
991 1998 76 43 day
1096 2002 40 28 to
1167 1996 235 33 reconnoitre
1430 1994 61 34 the

137 2052 191 43 squadron
359 2049 45 34 of
426 2048 54 34 his
511 2048 181 46 Majesty,
719 2054 38 26 to
790 2057 21 22 a
848 2052 89 40 very
956 2046 106 34 short
1077 2044 165 35 distance
1263 2042 97 35 from
1380 2042 111 45 Cape

141 2098 116 35 Sicie.

243 2147 14 31 I
278 2146 90 33 then
387 2145 151 33 ordered
559 2143 61 35 the
631 2146 100 32 same
749 2146 76 30 two
841 2140 158 45 frigates
1012 2145 41 30 to
1067 2140 112 34 make
1196 2139 116 45 ready
1330 2139 112 44 again
1457 2147 39 25 as

142 2203 90 27 soon
249 2204 41 24 as
308 2193 65 33 the
391 2192 175 35 darkness
585 2191 132 33 should
735 2197 155 39 prevent
906 2190 98 34 their
1018 2198 234 25 manoeuvres
1270 2186 94 34 from
1385 2185 111 45 being

126 2241 197 35 -obierved
340 2243 50 41 by
410 2241 60 33 the
480 2250 150 33 enemy,.
653 2237 72 35 and
745 2237 98 34 after
860 2237 141 44 having
1017 2244 67 38 put
1102 2241 66 30 out
1183 2242 39 27 to
1244 2244 61 24 sea
1322 2241 41 27 at
1378 2244 25 25 a
1424 2233 54 32 dis-

141 2295 123 35 tance,
291 2296 124 26 return
431 2289 74 32 into
526 2287 63 34 the
606 2287 125 41 roads,
749 2285 33 33 in
800 2285 115 34 order
930 2289 39 30 to
987 2290 63 27 cut
1064 2283 54 33 off
1134 2283 63 34 the
1217 2289 139 28 retreat
1375 2281 45 34 of
1433 2280 63 35 the

141 2336 156 44 frigate,
325 2336 72 33 awl
415 2346 135 33 engage
565 2335 45 33 it.

353 2394 215 25 manrruvre
586 2393 73 22 was
673 2380 180 37 executed
873 2379 91 34 with
983 2388 41 25 as
1041 2378 106 35 much
1165 2376 188 46 precision
1370 2387 41 24 as
1427 2374 66 37 ad-

128 2433 126 38 -(irrss,
280 2433 72 32 and
373 2443 93 32 your
488 2432 230 41 Excellency
738 2430 76 35 will
828 2428 76 33 find
921 2426 168 35 annexed
1101 2426 65 33 the
1183 2432 125 38 report
1329 2425 45 34 of
1393 2425 79 44 Cap-

128 2481 92 33 _tali
244 2480 254 41 Dubourdier,
528 2478 124 35 which
671 2478 103 46 gives
788 2487 47 24 au
861 2479 159 32 account
1038 2474 44 35 of
1102 2473 64 37 the
1183 2484 141 25 success
1343 2472 46 35 be
1419 2477 74 30 met

146 2529 107 34 with.

236 2575 83 34 The
338 2574 138 46 frigate
496 2575 54 33 La
569 2572 223 45 Proserpine
811 2572 28 35 is
856 2583 26 22 a
894 2571 71 34 fine
978 2570 133 41 vessel,
1139 2570 106 45 quite
1271 2580 99 31 new,
1397 2568 98 34 built

141 2633 26 26 a
185 2634 90 33 year
294 2634 89 28 ago,
409 2623 70 34 and
498 2622 124 35 which
644 2622 37 33 in
699 2622 103 33 three
819 2621 96 43 days
931 2630 87 34 may
1037 2620 45 34 be
1102 2620 69 45 put
1201 2623 40 30 to
1273 2616 80 35 sail'
1382 2616 113 34 under

128 2674 79 34 •the
226 2672 74 45 flag
319 2669 44 35 of
386 2669 60 35 the
468 2672 201 44 Emperor.
723 2669 106 40 lain,

335 2741 168 27 IX/TER
527 2741 116 26 FROM
664 2739 193 27 eirrxtf:
887 2737 314 33 nunotrantra,
1230 2727 69 35 &C.

387 2797 26 15 64
433 2793 144 37 Toulon
598 2792 138 41 Roads,
764 2791 90 37 Feb.
870 2793 64 39 '26,
960 2800 47 24 on
1020 2791 118 33 board
1157 2790 65 34 the
1240 2787 204 45 Penelope.

128 2841 8 8 •
190 2844 28 19 44
243 2841 152 38 AnMIR
437 2842 288 43 T.—Agreeably
746 2844 37 30 to
811 2839 64 34 the
901 2838 128 34 orders
1059 2837 44 34 of
1124 2848 97 34 your
1244 2837 250 41 Excellency,

128 2883 5 52 •
143 2890 67 38 the
227 2891 155 44 frigates
402 2889 43 33 of
459 2890 60 33 the
542 2889 198 45 Emperor,
771 2889 50 32 La
843 2887 206 44 Penelope,
1076 2887 117 34 under
1209 2896 61 32 my
1287 2883 209 38 command,

141 2941 73 34 and
231 2941 52 33 La
307 2939 171 40 Pauline,
507 2939 117 41 Capt.
644 2935 195 43 Montfort,
870 2941 97 27 went
985 2941 67 26 out
1069 2935 197 44 yesterday
1285 2934 157 40 evening
1457 2939 45 27 at.

142 2988 109 45 eight
283 2986 169 40 o'clock,
481 2987 34 33 in
533 2986 112 32 order
661 2989 39 28 to
716 2985 104 33 drive
854 2993 115 33 away
1002 2981 73 35 and
1098 2982 136 33 attack
1253 2980 60 33 the
1335 2979 156 46 English

143 3034 141 46 frigate
309 3033 124 35 which
465 3033 70 35 had
562 3032 243 45 approached
824 3031 63 34 the
913 3030 111 35 roads
1050 3030 107 35 when
1176 3039 56 25 we
1252 3026 172 37 returned
1456 3032 39 30 to

145 3083 230 45 anchorage.

242 3130 71 34 We
333 3130 94 34 have
445 3129 90 34 been
554 3128 133 47 happy
703 3125 144 46 enough
878 3128 39 33 to
934 3124 99 38 fulfil
1067 3135 98 37 your
1191 3124 183 35 intention
1397 3133 80 25 corn-

129 3178 178 48 'pletely.

125 3220 2 47 •
315 3230 81 30 two
415 3222 146 38 o'clock
578 3224 72 33 this
666 3222 165 45 morning
849 3231 57 24 we
931 3221 196 46 perceived
1144 3222 69 33 the
1230 3220 163 45 frigate;
1419 3222 43 34 at
1475 3230 25 24 a

128 3280 172 45 ,quarter
322 3279 80 39 past
430 3273 81 34 four
531 3283 57 24 we
605 3272 163 45 engaged
796 3270 66 35 her
878 3282 25 30 ;.
917 3275 41 30 at
987 3279 27 25 a
1041 3274 154 41 quarter
1222 3274 85 39 past
1333 3267 76 35 five
1435 3267 64 35 she

142 3322 154 47 yielded
313 3322 69 33 her
397 3321 86 44 flag.

244 3372 81 33 Our
351 3369 96 45 good
483 3367 146 34 fortune
653 3378 73 22 was
756 3366 103 41 such,
887 3366 84 34 that
1005 3365 138 46 though
1170 3376 58 22 we
1251 3364 132 44 fought
1407 3374 90 31 very

128 3418 117 37 'close
270 3417 72 34 and
361 3423 40 27 at
418 3416 117 45 night,
563 3417 61 32 the
656 3417 189 43 Pene;ope
874 3416 73 32 and
976 3412 154 35 Pauline
1152 3413 71 34 had
1243 3420 61 25 not
1337 3424 22 21 a
1378 3411 119 46 single

141 3477 86 25 man
244 3467 126 34 either
402 3464 118 34 killed
554 3474 43 22 or
617 3463 190 33 ‘voundcd.
860 3457 81 39 The
973 3462 194 43 Penelope
1204 3461 169 34 received
1398 3470 99 24 some

128 3515 130 45 'slight
289 3511 141 47 injury.
481 3511 83 34 The
583 3510 174 43 Pauline,
784 3511 48 44 by
862 3510 65 35 the
943 3509 136 35 akilful
1106 3509 169 45 position
1307 3509 37 32 in
1367 3508 125 34 which

138 3566 70 34 she
222 3565 113 43 kept,
361 3567 72 27 met
454 3559 94 35 with
566 3569 107 25 none.

236 3612 86 34 The
348 3606 294 46 hostileirigate
669 3607 30 33 is
717 3606 61 34 the
806 3605 244 44 Proserpine,
1076 3604 43 35 of
1129 3605 50 34 42
1196 3614 104 34 guns,
1328 3605 167 44 Captain

125 3653 170 45 'Charles
313 3658 128 39 Otter,
471 3654 89 34 with
580 3654 76 34 '290
673 3664 77 22 men
767 3665 12 28 ;
815 3654 65 33 she
911 3652 71 34 left
1009 3654 64 33 the
1111 3652 132 34 Docks
1261 3652 67 34 less
1359 3652 92 33 than
1475 3661 22 24 a

128 3705 105 48 *year
250 3717 90 34 ago,
369 3704 70 34 and
458 3703 144 34 cruised
622 3711 90 24 near
729 3702 143 34 Toulon
891 3702 119 34 about
1026 3705 74 28 two
1119 3700 159 37 months.
1331 3700 73 34 She
1426 3699 70 35 had

138 3757 135 37 eleven
294 3763 81 25 men
394 3750 117 35 killed
528 3750 37 33 in
582 3750 73 34 this
674 3750 125 39 alfair,
824 3750 71 33 and
912 3750 125 33 fifteen
1054 3750 201 33 wounded.

239 3803 19 34 I
289 3807 138 30 cannot
459 3797 222 44 sufficiently
710 3797 81 45 prai
797 3810 12 14 s
811 3808 20 21 e
865 3797 64 32 the
957 3807 149 24 manner
1126 3797 35 33 in
1186 3795 122 34 which
1326 3796 165 45 Captain

135 3852 195 39 Montfort
347 3847 183 37 seconded
550 3856 72 31 me,
650 3856 40 24 as
706 3846 81 33 wcll
802 3855 40 25 as
861 3844 63 38 the
937 3844 97 43 good
1046 3844 157 35 conduct
1222 3846 70 33 and
1307 3846 142 34 ardour
1460 3843 44 35 of

120 3901 83 38 .the
219 3900 146 37 officers
380 3896 72 37 and
470 3905 119 27 crews
609 3893 45 35 of
670 3894 61 34 the
751 3899 74 28 two
841 3893 174 45 frigates,
1043 3893 69 33 &c.

1130 3939 319 38 DUDOURDIEn.

674 4035 312 41 GERMANY.'

178 4102 63 38 Op
260 4101 67 34 the
341 4100 56 34 Ist
410 4096 44 34 of
469 4093 152 40 March,
648 4096 41 31 at
709 4090 162 40 Vienna,
899 4076 311 58 theOlppearance
1222 4089 45 33 of
1281 4089 119 44 things
1423 4101 73 22 was

124 4150 190 37 'warlike.
370 4147 79 35 Not
462 4156 24 24 a
502 4146 83 43 day.
599 4141 148 47 passed,
780 4139 135 44 during
932 4134 126 52 qiich,
1078 4137 193 43 regiments
1285 4137 43 33 of
1341 4139 156 35 cavalry

122 4200 77 35 and
219 4199 170 44 infantry
405 4194 63 34 did
487 4196 65 32 not
568 4200 85 38 pals
672 4187 64 37 the
754 4187 164 45 capital,
935 4183 37 39 an
972 4183 19 39 ,
991 4183 19 39 l
1028 4185 143 37 several
1186 4185 191 50 rc‘inleuts
1400 4175 97 50 a•erc

120 4250 154 39 further
289 4244 190 52 expected
497 4241 99 40 front
617 4239 200 47 Hungary.

1600 248 84 34 The
1701 249 60 34 six
1779 248 77 35 first
1871 247 204 35 battalions
2091 241 48 38 of
2156 242 60 35 the
2235 241 151 37 Vienna
2401 240 182 35 fencibles
2601 250 98 24 were
2717 241 185 35 mustered

1556 296 170 46 publicly
1746 307 45 25 on
1812 298 59 34 the
1887 295 48 37 3d
1954 295 85 33 inst.
2065 293 97 34 from
2191 289 123 35 which
2343 289 77 45 day
2438 288 105 45 they,
2568 299 43 24 as
2629 288 84 33 well
2732 298 41 25 as
2797 289 102 34 their

1556 346 148 43 regular
1716 350 146 41 troops,
1889 353 103 25 were
2009 347 38 30 to
2061 339 148 37 receive
2226 338 66 34 full
2311 348 96 34 pay.
2437 337 45 34 In
2498 337 63 35 the
2578 334 196 46 following
2791 338 107 34 week

1556 394 91 44 they
1667 403 100 26 were
1785 399 38 28 to
1843 393 46 34 be
1905 389 193 48 presented
2125 396 38 27 to
2181 386 54 35 his
2254 386 183 46 Majesty,
2460 385 71 35 and
2549 385 87 34 theu
2665 384 158 46 proceed
2854 396 47 24 on

1556 441 102 35 their
1674 442 124 34 march
1818 445 38 31 to
1869 439 137 45 Upper
2026 436 169 35 Austria.

1605 490 59 33 On
1690 489 63 34 the
1773 489 84 35 17th
1877 485 44 37 of
1946 487 197 43 February
2161 483 64 35 the
2255 481 207 37 Archduke
2490 480 104 35 John
2628 478 206 46 proceeded
2859 483 41 32 to

1558 536 220 45 Ailtsburgh
1798 536 71 35 and
1894 535 65 37 the
1978 535 157 33 interior
2152 531 45 35 of
2207 531 175 43 Austria,
2399 528 71 35 and
2496 528 63 34 the
2575 528 122 33 Count
2714 527 45 34 de
2777 527 124 34 Belle•

1556 586 116 44 grade
1691 591 38 30 to
1752 585 171 35 Krakau.
1978 582 58 35 On
2055 581 64 35 the
2148 591 98 25 same
2275 580 72 45 day
2382 588 25 24 a
2427 576 155 37 Russian
2602 574 128 46 Major
2743 575 159 35 arrived

1557 639 38 28 at
1616 633 150 35 Vienna
1785 632 90 35 With
1889 631 214 46 dispatches
2115 628 44 34 of
2172 628 63 34 the
2251 632 161 40 greatest
2433 626 244 45 importance.

1607 680 38 35 It
1662 681 28 33 is
1707 681 161 34 asserted
1881 681 83 33 that
1983 678 54 34 his
2059 676 180 48 Majesty,
2254 672 268 45 accompanied
2541 672 48 45 by
2611 672 61 34 the
2692 669 211 38 Archduke

1561 730 187 41 Palatine,
1770 739 77 24 was
1865 732 37 31 to
1925 738 45 34 go
1989 731 38 30 to
2044 728 183 43 Hungary
2241 735 46 22 on
2306 723 65 34 the
2391 720 85 37 10th
2499 720 41 35 of
2556 718 150 44 March,
2733 718 37 34 in
2789 718 112 37 order

1557 783 38 28 to
1610 787 133 35 survey
1763 776 64 35 the
1847 783 128 38 troops
1993 775 119 34 there.

1606 827 53 32 At
1676 826 172 44 ;Munich,
1876 826 64 40 the
1964 827 162 40 greatest
2156 819 167 46 industry
2342 828 77 25 was
2435 815 200 48 employed
2666 815 35 34 in
2720 814 63 35 the
2800 826 83 22 arse-

1557 874 91 39 nals,
1667 874 71 33 and
1756 874 64 33 the
1835 879 148 37 greater
2004 876 83 39 part
2107 869 45 33 of
2173 868 60 34 the
2252 867 169 46 garrison
2438 874 96 26 were
2561 865 154 44 already
2744 873 97 34 gone
2862 870 40 27 to

1558 920 61 34 the
1638 922 136 44 Tyrol.
1828 921 56 34 On
1903 920 65 34 the
1985 920 65 33 6th
2062 915 45 37 of
2122 917 148 43 March,
2285 915 64 33 the
2365 914 122 34 whole
2502 912 161 35 division
2682 911 43 35 of
2739 912 163 34 General

1563 967 157 44 Whede,
1742 966 132 45 1'2,000
1889 978 81 26 men
1995 972 159 38 strong,.
2169 974 74 24 was
2261 970 38 28 to
2319 963 120 35 break
2465 972 50 34 up
2533 960 99 35 from
2652 959 105 43 Ulm,
2778 959 100 45 Augs-

1558 1017 109 45 burg,
1687 1017 156 43 Lindau,
1864 1017 69 34 &c.
1952 1013 164 37 towards
2134 1012 61 34 the
2218 1012 83 34 Inn.

1612 1067 52 34 At
1685 1065 181 44 Dresden,
1894 1064 182 33 measures
2109 1062 93 33 have
2220 1062 90 32 been
2343 1057 117 35 taken
2486 1061 40 31 to
2552 1058 148 44 protect
2717 1054 65 35 the
2798 1058 106 31 town

1559 1115 94 34 from
1672 1115 146 39 attack,
1843 1113 122 34 which
1987 1121 97 24 were
2100 1109 154 34 become
2272 1107 66 34 the
2352 1116 104 25 more
2473 1114 207 35 necessary,
2696 1114 39 24 as
2753 1114 26 22 a
2794 1109 110 39 great

1557 1163 175 44 quantity
1752 1161 44 34 of
1808 1161 177 34 Austrian
2006 1159 156 43 cavalry
2184 1167 74 22 was
2272 1154 181 34 cantoned
2473 1163 89 24 near
2580 1153 63 33 the
2663 1154 123 32 Saxon
2799 1150 85 34 fron-

1559 1213 104 39 tiers,
1684 1211 69 35 and
1775 1211 60 33 the
1856 1207 202 37 Archduke
2080 1205 158 35 Charles
2270 1213 76 25 was
2372 1200 149 37 arrived
2545 1206 41 27 at
2611 1200 155 43 Prague.
2818 1198 86 35 The

1558 1259 170 45 garrison
1746 1258 44 34 of
1802 1257 72 34 this
1890 1257 76 44 city
1990 1254 64 34 has
2070 1252 157 45 already
2246 1250 194 40 marched,
2457 1248 71 35 and
2564 1250 30 32 it
2624 1247 26 34 is
2681 1246 78 35 said
2783 1246 81 33 that
2881 1257 26 22 a

1560 1306 185 46 powerful
1769 1304 177 37 Austrian
1967 1313 105 34 army
2094 1302 30 33 is
2148 1298 157 46 already
2324 1294 180 38 collected
2519 1299 40 31 at
2581 1296 115 43 Egra.
2754 1294 2 58 •

1606 1355 214 43 According
1837 1357 38 30 to
1894 1351 235 45 intelligence
2147 1348 93 35 from
2259 1345 64 35 the
2343 1344 142 43 Maine,
2502 1344 41 32 of
2554 1344 64 33 the
2630 1343 46 33 3d
2693 1341 45 35 of
2751 1341 154 43 March,

1561 1403 133 34 Russia
1714 1403 30 34 is
1760 1401 200 45 labouring
1983 1406 39 28 to
2040 1407 175 35 compose
2232 1395 63 34 the
2313 1393 200 35 difference
2541 1394 169 33 between
2728 1389 64 35 the
2820 1395 78 28 two

1559 1461 161 35 powers.

1615 1502 142 33 Letters
1786 1498 94 34 from
1916 1495 64 35 the
2020 1494 118 35 South
2170 1492 45 34 of
2242 1491 161 37 France,
2430 1487 169 35 received
2623 1491 39 32 at
2694 1483 211 37 Frankfort

1558 1552 63 33 the
1645 1548 65 35 7th
1731 1546 43 34 of
1789 1545 145 40 March,
1951 1547 111 35 state,
2082 1543 84 33 that
2184 1540 61 34 the
2271 1538 311 34 communication
2607 1534 89 35 with
2717 1533 116 46 Spain
2854 1533 52 44 by

1559 1599 61 35 the
1636 1607 84 32 way
1740 1596 44 33 of
1799 1593 227 44 Perpignan,
2041 1591 161 39 through
2219 1585 217 40 Catalonia,
2458 1585 28 32 is
2499 1591 60 27 not
2576 1583 213 44 altogether
2802 1580 98 34 free.

1558 1649 81 32 The
1663 1643 141 34 French
1831 1643 97 32 have
1945 1648 123 32 strong
2086 1637 187 45 garrisons
2307 1636 35 32 in
2379 1632 116 34 Rosas
2509 1631 71 35 and
2606 1631 176 45 Figueras
2798 1642 9 21 :
2837 1630 69 32 but

1560 1696 34 32 in
1613 1695 61 33 the
1694 1689 307 46 neighbourhood
2023 1687 41 33 of
2081 1687 164 37 Gerona,
2263 1683 71 33 and
2346 1681 162 45 beyond,
2528 1680 104 34 there
2649 1689 64 25 are
2738 1677 77 34 still
2839 1687 45 22 nu-

1559 1750 145 26 merous
1723 1739 112 34 bands
1853 1736 41 35 of
1913 1739 217 40 insurgents,
2146 1731 86 35 who
2252 1729 129 34 indeed
2405 1739 66 24 are
2489 1728 188 44 dispersed
2698 1735 40 25 as
2756 1735 91 24 soon
2864 1734 41 24 as

1559 1792 150 44 regular
1722 1793 128 40 troops
1866 1782 211 47 approach,
2093 1783 69 32 but
2176 1789 39 25 as
2231 1788 87 25 soon
2337 1787 41 26 as
2395 1776 102 33 these
2511 1776 129 41 retire,
2652 1774 86 45 they
2757 1781 149 37 appear

1557 1840 129 43 again,
1704 1835 71 34 and
1794 1834 129 34 vernier
1943 1833 61 32 the
2028 1831 120 45 plains
2167 1830 175 32 insecure.
2396 1825 54 34 At
2476 1824 228 46 Perpignan,
2732 1832 45 22 an
2794 1831 110 32 army

1560 1887 44 33 of
1618 1894 145 26 reserve
1782 1881 64 33 has
1866 1884 90 30 been
1974 1878 158 38 formed,
2147 1874 185 47 probably
2352 1872 163 34 destined
2531 1878 35 27 to
2581 1870 146 45 besiege
2740 1869 167 39 Gerona,

1564 1935 113 33 while
1698 1932 59 32 Sir
1779 1931 54 35 Cv
1884 1930 61 32 has
1965 1925 190 37 advanced
2176 1923 162 34 towards
2357 1922 187 43 Arragon,
2567 1920 34 32 in
2620 1918 110 34 order
2747 1922 38 28 to
2800 1917 105 33 unite

1563 1983 91 34 with
1674 1980 65 34 the
1757 1977 139 34 French
1915 1975 197 34 Marshals.
2173 1972 40 33 In
2233 1970 211 34 Barcelona
2460 1968 77 34 also
2550 1971 164 40 a-strong
2727 1963 178 47 garrison

1561 2033 65 34 has
1645 2030 93 34 been
1755 2026 67 35 left
1839 2022 219 43 behind.—(
2070 2020 105 47 Delft
2194 2020 175 41 Courant,
2391 2015 85 35 16th
2487 2013 165 47 March.)

89 4050 14 89 )

1019 106 149 53 THE
1204 98 385 59 NA.TIONAL
1625 93 386 57 REGISTER.

2533 85 255 53 MARCH
2813 93 84 50 26.

1889 2131 365 40 COMMOTIONS
2280 2130 72 35 AT
2392 2126 184 37 CADIZ.

1607 2250 54 34 CA
1675 2255 93 33 nvz,
1795 2245 172 34 Tyr:spa
1981 2251 48 32 Y,
2057 2241 109 35 FEB.
2184 2237 240 46 22.—Early
2453 2237 35 34 in
2506 2235 61 35 the
2585 2231 165 45 morning
2769 2230 48 35 of
2833 2231 76 34 this

1559 2297 91 44 day,
1678 2296 61 34 the
1763 2294 136 46 people
1917 2301 99 25 were
2030 2288 184 35 observed
2233 2288 35 32 in
2280 2291 107 39 great
2404 2283 241 43 commotion.
2695 2281 81 35 The
2794 2289 115 25 cause

1564 2355 74 25 was
1656 2343 102 37 their
1774 2340 171 35 aversion
1965 2343 38 28 to
2022 2337 61 33 the
2104 2335 187 46 proposed
2311 2333 255 34 introduction
2581 2329 43 35 of
2637 2328 63 37 the
2730 2337 113 34 corps
2864 2327 46 34 of

1561 2393 129 40 Poles,
1719 2392 128 38 Swiss,
1880 2387 70 34 and
1976 2386 109 34 other
2104 2383 204 44 foreigners
2328 2380 174 46 (enlisted
2520 2379 78 34 into
2619 2378 63 35 the
2705 2375 143 35 service
2865 2374 46 33 of

1560 2440 61 34 the
1643 2439 158 46 Spanish
1821 2437 126 33 nation
1965 2433 94 34 from
2076 2443 136 33 among
2226 2431 59 33 the
2304 2430 188 47 prisoners
2503 2426 107 35 made
2626 2430 39 31 at
2678 2425 64 34 the
2759 2424 129 45 capitu-

1559 2487 120 35 lation
1708 2489 44 33 of
1778 2481 181 46 Baylen),
1987 2483 77 33 into
2091 2480 66 34 the
2191 2485 99 30 town
2323 2478 72 33 and
2421 2473 262 37 fortifications
2713 2471 45 34 of
2770 2471 136 37 Cadiz.

1560 2537 81 33 The
1663 2537 136 45 people
1819 2533 70 33 had
1922 2530 157 46 already
2098 2537 96 34 gone
2211 2537 39 22 so
2268 2524 64 35 far
2363 2537 40 22 as
2422 2530 38 28 to
2479 2524 87 33 take
2584 2532 51 34 up
2665 2530 113 32 arms,
2810 2517 98 37 with

1560 2585 61 33 the
1643 2587 97 31 view
1761 2583 43 34 of
1813 2578 183 44 resisting,
2015 2578 50 44 by
2094 2576 122 40 force,
2231 2575 61 34 the
2309 2578 175 30 entrance
2502 2568 45 37 of
2557 2570 103 34 these
2678 2568 233 43 foreigners;

1558 2640 40 27 at
1616 2633 64 33 the
1700 2633 84 34 idea
1802 2629 43 35 of
1866 2627 125 34 which
2006 2626 87 44 they
2117 2634 99 25 were
2235 2622 63 34 the
2316 2631 103 24 more
2435 2616 267 47 exasperated,
2718 2627 39 22 as
2778 2616 30 32 it
2826 2624 83 24 was

1559 2680 200 34 conceived
1780 2680 80 33 that
1876 2678 30 32 it
1918 2686 74 21 was
2011 2672 174 35 intended
2216 2675 38 28 to
2285 2669 93 35 take
2398 2679 110 33 away
2529 2667 64 33 the
2615 2674 98 25 arms
2730 2663 98 33 from
2846 2661 64 33 the

1561 2730 209 33 volunteers
1783 2727 44 33 of
1840 2724 135 37 Cadiz,
2003 2720 70 34 and
2095 2726 38 26 to
2148 2719 83 33 send
2252 2718 99 34 them
2368 2718 80 33 into
2463 2714 107 34 other
2584 2717 182 43 quarters,
2780 2720 40 24 as
2837 2709 73 33 had

1560 2778 92 33 been
1674 2773 184 46 proposed
1876 2778 39 28 at
1944 2770 94 34 Port
2060 2770 54 33 St.
2138 2765 142 45 Mary's
2297 2765 97 37 also,
2421 2764 123 34 which
2567 2763 86 44 they
2673 2770 97 28 were
2785 2758 106 33 detet-

1561 2824 119 34 mined
1697 2828 38 30 to
1752 2823 104 34 resist
1872 2819 158 41 inevery
2053 2817 125 44 point.
2228 2813 119 35 Their
2365 2813 78 33 first
2458 2816 61 30 act
2533 2811 45 33 of
2589 2810 167 33 violence
2771 2815 79 25 was
2868 2811 43 26 to

1560 2877 83 39 stop
1662 2882 25 22 a
1698 2870 150 34 courier
1863 2865 161 44 charged
2044 2876 24 21 a
2083 2863 56 34 ith
2158 2862 211 46 dispatches
2380 2859 63 34 for
2461 2859 61 34 the
2545 2857 167 45 Marquis
2722 2856 45 33 de
2787 2850 126 38 Villa

1561 2919 98 35 from
1680 2920 63 33 the
1770 2917 120 34 Junta
1922 2920 45 28 at
2000 2910 159 38 Scville.
2212 2913 51 32 As
2277 2921 92 22 soon
2387 2919 41 22 as
2463 2906 239 35 information
2730 2901 46 34 of
2805 2902 106 33 these

1563 2967 243 46 proceedings
1825 2974 77 26 was
1920 2961 190 45 conveyed
2135 2965 39 30 to
2179 2959 18 33 -
2197 2959 57 33 the
2269 2954 259 45 commanding
2539 2954 125 34 officer
2681 2950 43 37 of
2740 2950 61 33 the
2822 2948 70 35 Bri-

1563 3015 72 34 tish
1656 3020 129 39 troops
1821 3007 146 51 (Major
2002 3009 90 33 Gen.
2127 3004 261 44 Mackenzie),
2433 3002 44 35 he
2509 3007 80 30 sent
2622 3000 125 35 orders
2776 3002 39 30 to
2846 2995 66 35 the

1561 3064 118 45 ships,
1707 3061 215 43 forbidding
1941 3058 51 33 all
2011 3070 20 20 o
2039 3057 31 33 ffi
2072 3065 81 25 cers
2172 3054 87 37 who
2276 3061 100 26 were
2393 3061 47 24 on
2460 3050 117 35 hoard
2597 3056 37 28 to
2652 3059 46 34 go
2717 3057 45 24 on
2781 3046 21 39 s
2803 3046 109 39 hore,

1561 3109 71 37 and
1650 3111 107 33 those
1782 3107 154 43 already
1957 3107 37 31 in
2013 3105 64 33 the
2095 3110 118 35 town,
2246 3098 172 38 received
2437 3098 200 34 directions
2654 3099 63 31 not
2735 3100 40 28 to
2793 3093 99 34 inter-

1564 3158 78 37 fere
1672 3158 34 37 in
1724 3169 77 33 any
1818 3163 151 27 manner
1988 3152 92 34 with
2111 3152 64 33 the
2202 3150 156 46 people.
2412 3146 129 37 About
2568 3156 71 24 one
2669 3139 148 38 o'clock
2845 3139 67 35 the

1569 3207 168 45 Marquis
1759 3207 47 33 de
1832 3203 119 37 Villel
1974 3211 74 24 was
2065 3200 182 39 arrested,
2270 3197 72 34 and
2365 3206 77 25 was
2457 3193 188 46 conveyed
2662 3189 164 38 towards
2846 3188 67 34 the

1563 3263 170 26 common
1740 3254 94 46 jail,
1861 3253 37 33 in
1911 3250 111 34 order
2036 3254 37 28 to
2087 3249 48 33 be
2151 3246 180 41 confined,
2360 3246 67 33 but
2445 3243 47 44 by
2513 3243 66 33 the
2597 3236 261 48 interposition
2872 3233 47 37 of

1569 3302 122 35 Padre
1703 3302 172 44 Moguer,
1899 3311 26 22 a
1943 3296 198 45 Capuchin
2160 3294 201 40 friar,who
2383 3289 183 48 possessed
2588 3293 106 41 great
2709 3287 198 40 influence,

1561 3351 72 34 and
1651 3351 92 33 who
1759 3347 204 37 undertook
1988 3352 38 26 to
2046 3345 167 45 produce
2241 3343 56 33 his
2316 3352 133 33 person
2470 3339 32 33 if
2513 3348 72 34 any
2607 3335 128 46 proofs
2752 3333 43 33 of
2807 3339 84 28 trea-

1561 3407 64 25 son
1641 3398 130 34 should
1786 3398 46 32 he
1850 3396 110 34 found
1985 3403 138 33 among
2141 3392 54 32 his
2215 3398 155 38 papers,
2395 3398 45 25 or
2456 3386 206 34 otherwise
2675 3379 236 41 discovered,

1563 3458 25 21 ,1
1587 3458 13 21 0
1620 3457 39 24 its
1680 3452 38 27 to
1744 3445 107 34 ;area
1872 3444 89 39 him,
1993 3442 41 34 he
2055 3451 78 24 was
2152 3438 171 46 indulged
2346 3437 94 34 with
2469 3436 112 45 being
2598 3430 162 38 confined
2793 3429 37 34 in
2845 3428 67 35 the

1563 3496 171 34 Convent
1752 3494 43 33 of
1807 3494 64 33 the
1886 3489 230 47 Capuchins.

1615 3543 129 33 About
1765 3541 71 34 this
1856 3541 103 38 time,
1987 3537 38 34 in
2048 3544 250 35 consequence
2316 3534 47 33 of
2375 3543 22 22 a
2422 3528 291 50 representation
2732 3527 97 33 from
2848 3523 69 41 the

1566 3587 210 44 Governor;
1812 3589 81 33 Don
1919 3586 106 34 Felix
2047 3585 133 39 Jones,
2212 3591 38 26 to
2268 3583 63 33 the
2353 3579 246 35 Commander
2616 3575 44 35 of
2682 3574 59 34 the
2766 3573 145 34 British

1565 3639 133 41 forces,
1719 3639 150 41 staring,
1896 3634 83 35 that
2007 3635 27 32 it
2054 3633 128 33 would
2202 3631 81 34 tend
2306 3628 107 37 much
2435 3633 37 28 to
2489 3627 64 34 the
2572 3620 343 39 re-establishment

1563 3689 44 33 of
1620 3685 256 45 tranquillity,
1904 3681 32 35 if
1948 3693 25 24 a
1984 3683 149 33 distinct
2148 3687 194 27 assnrance
2359 3685 99 26 were
2474 3676 106 44 given
2594 3673 79 33 that
2689 3671 64 33 the
2770 3669 143 35 British

1564 3736 92 34 took
1676 3745 45 22 no
1741 3738 84 38 part
1844 3732 35 34 in
1913 3730 63 35 the
2006 3730 215 33 differences
2245 3725 198 41 subsisting
2474 3724 37 33 in
2538 3723 64 33 the
2628 3728 100 27 town
2745 3730 11 27 ;
2783 3717 73 33 and
2877 3717 38 33 in

1561 3783 236 44 compliance
1818 3781 90 34 with
1928 3790 24 24 a
1970 3785 145 38 request
2135 3777 83 32 that
2241 3784 100 26 some
2360 3772 154 35 Officers
2544 3770 87 33 who
2657 3767 110 35 could
2792 3764 123 45 speak

1565 3831 159 45 Spanish
1741 3829 131 34 should
1893 3829 44 33 be
1954 3835 78 26 sent
2050 3833 37 25 to
2107 3826 86 43 give
2209 3830 214 27 assurances
2439 3824 37 28 to
2494 3819 72 34 this
2596 3816 120 43 erect,
2743 3824 46 24 an
2818 3813 72 35 Aid-

1561 3880 190 41 de-tamp
1772 3874 111 37 ado-
1903 3874 138 34 British
2063 3873 159 34 General
2241 3881 76 24 was
2333 3874 94 35 sent,
2444 3863 263 48 accompanied
2724 3863 50 44 by
2787 3860 130 35 others

1565 3926 84 35 who
1667 3926 109 33 mad
1795 3925 117 45 speak
1930 3922 63 34 the
2013 3920 161 45 Spanish
2205 3920 206 44 language;
2438 3914 85 43 anti,
2549 3915 37 33 in
2606 3913 61 34 the
2686 3919 175 38 presence
2876 3907 45 34 of

1564 3977 61 34 the
1649 3974 197 33 Governor
1870 3972 45 32 of
1929 3972 59 32 the
2004 3967 190 47 principal
2217 3965 200 46 Capuchin
2435 3964 126 40 friars,
2585 3960 70 35 and
2674 3959 125 34 others
2826 3956 87 34 who

1564 4024 70 33 had
1786 4020 200 34 iiithience-
2008 4030 24 21 a
2050 4017 152 34 distinct
2233 4023 196 27 assurance
2453 4022 74 24 was
2559 4011 107 43 given
2748 4006 84 34 that
2850 4004 65 33 the

1570 4070 139 35 British
1737 4076 129 38 troops
1887 4067 123 33 would
2039 4068 52 41 by
2125 4076 48 22 no
2204 4074 119 24 means
2344 4059 175 35 interfere
2546 4058 37 34 in
2601 4068 72 34 any
2698 4055 110 43 thing
2831 4052 86 34 that

1565 4119 142 35 related
1740 4122 38 30 to
1798 4117 63 45 the
1878 4114 269 43 domestic,and
2169 4113 144 45 private
2333 4117 174 27 concerns
2523 4107 44 34 of
2581 4107 64 34 the
2661 4102 158 48 people;
2849 4101 70 33 but

1565 4178 98 22 were
1681 4166 110 45 ready
1807 4166 70 34 and
1894 4161 230 35 determined
2143 4167 35 27 to
2192 4160 102 34 asskt
2316 4160 35 31 in
2367 4155 197 45 defending
2578 4154 63 33 the
2657 4160 99 27 town
2770 4148 149 47 against

1564 4218 63 37 the
1643 4225 170 27 couluwo
1843 4222 130 34 earthy
2000 4219 39 27 to
2069 4213 64 33 the
2165 4212 69 33 last
2543 4202 129 37 •These
2687 4206 233 32 assurances,
