3236 4524
1116 69 149 53 THE
1300 60 383 58 NATIONAL
1719 53 384 58 REGISTER.

262 219 315 39 SUICIDE.—An
596 211 224 46 Inquisition
839 220 74 24 was
930 208 113 34 taken
1062 216 46 22 on
1120 202 197 44 Thursday
1328 207 40 28 at
1383 198 161 44 Dewing

191 270 84 39 tan,
293 281 47 22 on
363 276 63 27 the
443 267 102 43 body
563 265 43 32 of
627 260 163 47 Captain
809 257 183 44 Tangley,
1022 252 195 45 belonging
1248 255 40 28 to
1319 259 22 25 a
1371 247 112 34 vessel
1509 246 33 34 in

193 318 69 33 the
279 318 117 40 river,
417 317 87 32 who
527 324 73 24 was
619 309 111 35 found
749 305 94 37 dead
862 305 34 34 in
914 314 24 22 a
960 302 85 34 field
1064 309 87 25 near
1170 298 224 38 Newington
1411 305 46 25 on
1480 294 63 34 the

194 366 204 45 preceding
417 361 180 38 mornine.
651 359 34 34 It
715 352 193 48 appeared
940 352 35 33 in
996 348 175 35 evidence
1189 346 81 35 that
1289 344 64 34 the
1368 343 174 35 deceased

195 424 79 24 Ras
293 413 110 33 found
424 412 106 39 lykg
546 410 115 33 about
681 411 58 28 ten
759 402 111 45 yards
888 394 97 39 from
1004 407 24 24 a
1046 394 83 37 foot
1148 389 87 52 path
1256 392 150 43 leading
1423 400 119 24 across

194 459 67 35 the
281 461 116 40 fiel‘ll,
488 461 19 31 li
526 458 52 33 his
594 454 92 37 head
704 454 123 32 blown
846 457 39 24 to
898 454 138 32 atoms,
1048 444 71 34 and
1134 443 83 34 that
1234 441 76 35 Mr.
1328 438 151 43 Sunley,
1496 449 46 22 an

197 508 237 47 uplb&tercr
454 507 45 33 of
513 500 270 41 Clerkebyvell,
798 496 110 35 heard
925 495 64 33 the
1003 496 130 41 report
1147 490 44 34 of
1201 502 25 22 a
1244 487 112 46 pistol
1375 490 39 30 at
1428 485 113 33 about

197 557 58 35 six
276 556 12 33 4
288 556 12 33 4
300 556 12 33 '
312 556 13 33 l
335 557 89 33 lock
444 556 35 33 in
497 555 60 32 the
574 549 180 44 wonting,
771 544 119 34 which
905 539 204 48 proceeded
1128 539 94 33 from
1241 539 63 32 the
1316 540 86 39 spot
1419 534 124 33 where

198 605 65 35 the
280 604 177 34 deceased
480 613 74 22 was
570 599 128 34 found.
748 596 125 33 There
889 591 63 33 did
974 594 61 28 not
1054 596 145 35 appear
1227 591 39 28 to
1294 585 46 32 he
1358 592 74 34 any
1459 592 64 34 per-

198 661 65 26 son
280 652 35 33 in
334 653 61 33 the
415 651 86 33 field
520 656 38 27 at
578 650 63 32 the
659 646 87 34 Owe
761 654 12 27 ;
800 641 69 34 and
885 639 26 33 it
934 648 76 22 was
1028 634 142 47 proved
1188 632 80 35 that
1289 631 63 34 the
1367 628 175 35 deceased

200 699 73 35 had
294 702 90 32 been
404 700 35 33 in
459 709 22 24 a
498 694 163 46 dejected
680 697 93 30 state
793 696 77 26 two
887 696 43 25 or
961 686 105 32 three
1089 681 91 44 days
1209 679 176 47 previous
1419 683 40 30 to
1487 678 56 33 his

198 748 152 45 leaving
370 748 57 34 his
446 746 110 33 vessel
575 755 46 24 on
647 737 242 43 Wednesday.
940 726 457 43 Verdict—INSANITY.

253 796 35 35 A
322 806 162 28 woman,
515 789 223 48 apparently
757 787 115 32 aboat
899 778 48 35 flO
976 789 110 37 years
1114 777 44 34 of
1183 785 110 37 years
1310 772 45 37 of
1367 783 85 35 age,
1468 783 76 25 was

201 842 115 37 found
327 843 174 34 drowned
524 843 33 30 in
578 841 60 32 the
657 834 123 37 Grand
800 830 176 35 Junction
994 826 117 37 Canal
1131 836 46 22 on
1201 822 253 45 Wednesday,
1469 822 70 35 and

201 892 67 34 the
291 892 98 44 body
412 901 76 22 was
507 887 129 35 owned
653 895 45 22 on
718 879 210 44 'Thursday.
983 875 81 34 Her
1084 881 103 26 name
1205 870 130 35 turned
1357 876 65 28 out
1441 878 37 26 to
1496 870 44 33 he

203 940 183 39 Masters;
412 939 64 34 she
503 935 67 34 had
591 935 90 33 been
699 930 145 44 nursing
856 937 21 22 a
901 922 100 46 Lady
1017 928 40 30 at
1078 921 214 43 Uxbridge,
1319 919 72 34 and
1411 920 31 32 is
1459 928 64 34 sup-

202 986 116 48 posed
348 992 40 28 to
420 986 93 34 have
531 984 111 34 fallen
661 980 76 34 into
756 977 65 34 the
852 973 118 35 Canal
1004 981 48 24 on
1069 969 69 38 her
1154 976 124 28 return
1298 967 109 34 home
1426 971 39 31 to
1482 969 61 33 the

206 1037 214 40 Pdgeware
433 1033 104 34 road.

257 1084 293 34 WoNDERFEL
570 1071 295 41 EscAer..—On
880 1067 167 46 Monday
1059 1065 196 35 afternoon
1270 1074 40 25 as
1329 1062 78 37 Mr.
1426 1062 87 37 New-

203 1137 80 37 ton,
309 1131 45 33 of
366 1122 132 48 Stoke,
528 1124 235 40 was.comin7
781 1122 77 33 into
878 1116 116 41 Bath,
1020 1117 35 34 in
1072 1126 25 24 a
1115 1114 197 35 one-horse
1323 1111 148 40 chaise,
1487 1110 56 35 his

204 1181 111 35 horse
333 1178 92 37 took
442 1178 132 44 fright,
600 1182 87 26 near
705 1150 61 53 the
785 1166 176 46 turnpike
980 1174 47 24 on
1057 1163 63 34 the
1139 1162 119 34 lower
1278 1159 141 37 Bristol
1439 1157 105 44 road,

203 1230 73 35 and
296 1227 149 45 leaping
459 1230 39 30 at
517 1224 60 34 the
599 1226 103 39 gate,
728 1219 35 32 in
780 1228 25 22 a
834 1219 92 30 most
943 1211 209 46 surprising
1167 1219 150 30 manner
1336 1207 148 35 cleared
1501 1208 43 40 it,

204 1277 73 37 and
295 1273 157 47 dragged
468 1272 63 34 the
557 1269 170 43 carriage
745 1264 99 35 after
865 1261 163 34 without
1043 1257 244 46 overturning
1302 1256 28 35 it
1348 1266 45 24 or
1407 1256 117 33 throw-

207 1326 63 43 ing
300 1329 61 30 nut
394 1322 53 33 his
472 1320 138 35 driver.
641 1316 84 34 who
743 1311 158 47 stopped
922 1310 58 34 his
998 1317 172 37 progress
1188 1306 48 44 by
1265 1302 282 45 overthrowing

206 1374 65 34 the
279 1372 64 45 gig
357 1370 143 43 against
517 1378 22 22 a
557 1367 97 43 heap
669 1363 41 34 of
724 1367 137 34 stones,
885 1357 110 45 lying
1018 1359 41 31 at
1078 1367 24 22 a
1119 1354 104 34 short
1248 1352 167 34 distance
1433 1351 35 34 in
1485 1351 61 34 the

206 1421 106 34 road.
366 1419 70 33 Mr.
470 1416 164 34 Newton
656 1423 72 21 was
754 1408 89 45 only
870 1404 157 47 slightly
1048 1402 148 37 bruised
1221 1411 103 34 upon
1352 1398 63 34 the
1441 1409 102 30 arm;

206 1469 67 34 but
292 1469 60 33 the
367 1465 262 45 turnpikeman
647 1457 172 38 received
847 1466 26 27 a
901 1462 132 27 severe
1049 1450 191 38 contusion
1265 1459 50 25 on
1333 1448 58 35 his
1407 1447 139 46 temple

203 1517 74 35 and
296 1515 154 34 remains
467 1509 208 46 extremely
694 1507 59 35 ill.

253 1561 170 45 Tuesday
444 1558 198 37 afternoon
659 1567 41 24 as
717 1556 78 33 Mr.
813 1550 156 41 Luther,
993 1559 66 24 son
1072 1547 48 35 of
1137 1557 24 25 a
1172 1541 193 40 merchant
1388 1543 158 46 residing

203 1610 40 37 in
269 1607 259 48 King's-road,
561 1606 174 40 Chelsea,
775 1612 77 25 was
887 1598 125 43 riding
1041 1596 112 44 along
1183 1591 360 46 Gloucester-place,

204 1659 228 40 New-road,
458 1657 47 33 he
534 1659 76 28 met
635 1665 26 22 a
689 1659 130 35 groom
837 1646 120 46 riding
976 1648 41 33 at
1038 1655 24 25 a
1089 1639 102 40 brisk
1219 1646 79 30 rate
1332 1641 94 35 With
1444 1650 25 24 a
1487 1639 57 35 led

201 1704 129 46 horse,
353 1706 72 35 and
458 1706 76 34 Mr.
573 1703 45 34 L.
634 1706 64 31 not
728 1697 163 45 keeping
905 1700 41 30 at
972 1704 25 24 a
1028 1702 141 35 proper
1191 1689 182 39 distance,
1398 1687 63 35 the
1486 1685 57 37 led

200 1754 111 37 horse
341 1756 118 33 threw
493 1756 64 30 out
583 1749 92 35 both
704 1746 63 35 his.
793 1742 90 43 feet,
907 1741 73 35 and
999 1740 139 45 having
1162 1737 125 35 struck
1306 1734 94 44 him,
1426 1735 119 34 broke

201 1804 59 34 his
274 1802 105 46 thigh
400 1804 37 32 in
454 1812 24 24 a
504 1798 182 45 shocking
716 1800 164 32 manner,
905 1801 41 24 so
973 1788 84 37 that
1074 1787 30 35 it
1122 1791 92 32 must
1230 1785 163 46 undergo
1421 1782 99 35 imme-

200 1852 104 34 diate
322 1848 255 47 amputation.

250 1902 59 33 On
327 1899 151 43 Sunday
504 1894 170 41 morning,
699 1902 22 25 a
751 1899 99 35 poor
873 1894 165 33 woman,
1061 1883 67 37 the
1150 1880 92 37 wife
1259 1879 46 35 of
1316 1889 70 26 one
1411 1876 47 39 or
1483 1879 63 34 the

198 1948 172 47 privates
389 1948 37 33 in
443 1946 63 33 the
533 1943 81 35 Life
643 1941 161 39 Guards,
828 1935 119 34 threw
984 1930 143 38 herself
1142 1930 78 35 into
1238 1929 64 37 the
1326 1928 220 45 Serpentine

200 1995 136 37 River.
390 1994 35 35 A
444 1990 247 38 blacksmith,
718 1985 86 34 who
823 1994 74 25 was
909 1993 47 24 on
976 1981 65 35 the
1054 1983 99 40 spot,
1173 1976 158 46 plunged
1348 1974 103 37 after
1465 1975 79 35 her.

203 2044 48 34 In
267 2044 65 33 the
348 2041 164 45 struggle
535 2039 65 34 she
627 2039 94 43 kept
741 2034 77 34 him
840 2042 41 22 so
914 2030 87 43 long
1028 2027 117 35 under
1174 2031 132 34 wafter,
1331 2022 86 37 that
1442 2021 105 37 when

198 2091 163 46 brought
379 2095 85 33 out,
489 2091 50 41 by
565 2087 63 34 the
656 2083 196 34 assistance
869 2078 43 34 of
924 2078 145 39 others,
1093 2075 90 43 they
1201 2083 98 22 were
1316 2072 92 34 both
1433 2072 115 34 taken

202 2144 44 31 to
263 2141 59 34 St;
339 2134 180 48 George's
540 2133 254 39 Workhouse,
811 2128 126 34 where
950 2125 65 35 the
1038 2134 100 31 man,
1163 2122 32 34 it
1209 2121 30 35 is
1248 2119 128 37 feared
1390 2119 81 37 will
1483 2122 66 33 not

207 2189 165 39 survive.

814 2290 142 43 DIED
961 2298 6 5 -

257 2372 52 39 At
327 2372 164 39 Vienna,
510 2378 47 26 on
575 2365 61 37 the
652 2363 73 34 22d
742 2361 71 35 ult.
831 2359 122 38 Count
969 2354 115 37 Lovis
1098 2347 47 43 8e
1165 2340 209 53 bnbentel,
1400 2349 104 35 after
1525 2359 26 26 a

208 2422 187 46 lingering
411 2419 138 34 illness.

259 2474 60 32 On
348 2466 171 43 Tuesday
555 2460 161 43 morning
716 2460 24 43 ,
763 2460 40 31 at
819 2466 28 24 a
870 2456 44 44 qu
914 2456 111 44 arter
1044 2452 20 43 p
1064 2452 60 43 ast
1142 2453 60 30 ten
1228 2445 170 44 o'clock,
1424 2451 40 30 at
1482 2445 66 37 her

208 2520 115 37 house
340 2519 35 33 in
394 2512 41 41 Gr
436 2512 20 41 o
456 2512 315 41 svenor-squ'are,
798 2504 64 35 her
878 2505 124 34 Grace
1033 2498 65 35 the
1131 2494 164 39 Duchess
1322 2493 50 35 of
1395 2494 150 35 Bolton.

211 2569 74 37 She
305 2576 74 25 was
399 2565 34 32 in
452 2564 61 31 her
527 2559 90 34 15th
637 2565 102 34 year.

255 2611 216 40 Yesterday
490 2608 183 40 morning,
686 2613 69 25 one
772 2598 44 37 of
828 2598 59 34 the
904 2607 83 25 sons
1000 2595 45 35 of
1058 2593 158 37 Colonel
1217 2590 22 35 -
1239 2590 165 35 Wardle.

259 2665 61 34 On
337 2657 196 41 Thurqlay
546 2650 197 46 se'rmight,
759 2653 39 30 at
819 2647 32 35 II
859 2643 202 40 orsworth,
1080 2644 87 35 near
1183 2639 129 44 Leeds,
1330 2639 115 45 Mary
1463 2636 66 37 Air-

209 2718 81 32 foil,
304 2708 91 46 aged
419 2702 241 38 105.—Same
677 2700 89 43 day,
783 2694 113 35 Sarah
917 2694 124 38 Dean,
1051 2689 90 40 aged
1161 2689 78 33 102.

257 2761 59 33 On
333 2754 213 40 Thursday,
562 2756 39 28 at
615 2756 110 28 noon,
739 2748 38 30 at
795 2743 53 34 his
866 2743 111 33 house
998 2740 34 35 in
1051 2739 341 43 Clipstone-street,
1413 2732 99 37 after
1527 2745 22 24 a

207 2806 183 46 lingering
412 2802 69 34 and
509 2796 141 48 painful
680 2794 120 33 illness
830 2789 43 34 of
894 2786 159 47 sgveral'
1067 2786 158 38 months,
1253 2781 122 35 which
1398 2781 46 34 he
1460 2779 81 45 bore
1541 2779 21 45 .

207 2856 97 37 'with
318 2846 247 46 unexampled
583 2845 174 34 calmness
771 2839 67 43 and
857 2835 196 41 fortitude,
1067 2833 163 35 Thomas
1244 2830 195 43 Holcroft,
1460 2830 86 45 Esq.

209 2904 139 35 author
364 2898 44 35 of
425 2895 111 46 Hugh
557 2893 157 39 Trevor,
742 2889 64 34 the
841 2885 105 34 Road
1054 2881 116 38 Ruin.
1192 2880 71 34 and
1290 2889 26 24 a
1339 2878 156 34 number
1511 2878 45 33 of

211 2953 111 34 other
339 2946 154 37 Works.
546 2942 61 34 He
628 2949 74 24 was
728 2939 35 32 in
793 2935 57 34 his
878 2933 80 34 61st
986 2941 105 35 year.
1146 2929 74 33 Mr.
1248 2924 210 37 Holeroft's
1486 2926 63 33 has

211 3001 92 34 been
320 3008 25 22 a
358 2995 67 34 life
443 2992 44 35 of
508 2991 158 40 literary
681 2987 150 33 labour.
883 2981 63 35 He
973 2976 185 48 possessed
1183 2980 106 40 great
1317 2973 146 37 natural
1488 2983 41 25 en-

211 3048 220 34 dowments,
456 3038 70 37 and
550 3048 24 22 a
591 3039 92 30 most
709 3031 156 44 burning
879 3028 122 34 desire
1019 3022 292 46 of-knowledge.
1362 3022 64 33 He
1441 3022 107 33 owed

213 3096 52 34 all
286 3093 57 34 his
359 3089 236 35 attainments
613 3089 37 28 to
670 3081 58 33 his
752 3090 85 25 own
862 3076 112 35 thirst
996 3074 45 34 of
1064 3071 253 41 information,
1341 3069 73 37 and
1444 3079 86 25 over-

216 3151 105 27 came
335 3148 112 32 every
470 3133 236 45 impediment
723 3128 83 34 that
830 3122 217 47 suppressed
1072 3120 64 34 the
1152 3120 141 33 ardour
1309 3117 45 35 of
1367 3118 57 34 his
1439 3116 111 39 mind.

219 3185 237 40 Forseveral
478 3189 103 38 years
598 3181 44 31 he
660 3187 74 25 was
754 3187 22 22 a
796 3171 204 38 Comedian
1018 3169 45 35 of
1071 3168 184 34 eminence
1276 3167 35 32 in
1331 3165 144 34 several
1494 3175 37 24 re-

214 3235 194 48 spectable
441 3227 211 39 Provincial
684 3222 236 46 Companies,
947 3219 73 33 and
1049 3227 103 26 came
1178 3220 39 30 to
1250 3213 150 35 London
1427 3213 38 33 in
1488 3211 64 39 the

216 3295 94 38 year
330 3281 104 37 MS.
493 3278 111 33 From
631 3274 83 32 that
741 3272 89 32 time
857 3269 59 33 till
935 3267 64 34 the
1017 3265 76 45 day
1111 3263 43 34 of
1179 3262 57 34 his
1252 3263 70 33 last
1342 3261 139 39 illness,
1508 3260 44 33 he

219 3335 66 33 has
312 3334 91 31 been
433 3322 269 44 indefatigably
731 3317 162 46 engaged
913 3315 35 33 in
969 3314 135 34 almost
1119 3321 112 33 every
1257 3307 234 47 department
1517 3308 43 34 of

217 3384 210 34 literature.
474 3373 57 34 Ile
549 3367 172 47 acquired
738 3367 51 43 by
811 3365 53 33 his
875 3373 85 22 own
970 3360 200 44 assiduity,
1182 3357 86 35 such
1289 3369 22 21 a
1328 3356 227 46 knowledge

214 3430 47 35 of
274 3429 63 34 the
354 3428 214 40 languages,
593 3429 40 24 as
653 3422 37 27 to
707 3413 129 33 enable
857 3412 73 32 him
961 3416 40 28 to
1031 3407 177 34 translate
1235 3404 122 44 freely
1381 3404 93 33 from
1492 3405 63 33 the

215 3475 167 39 French,
412 3471 154 39 Italian,
589 3464 79 34 *and
705 3464 182 35 German;
921 3458 72 40 and
1024 3457 56 33 his
1119 3454 194 35 Dramatic
1348 3452 145 40 Pieces,
1517 3462 20 22 a-

213 3526 91 35 'well
332 3531 41 25 as
402 3519 156 39 Novels,
581 3511 132 35 entitle
742 3510 73 32 him
836 3514 34 26 to
898 3517 47 22 no
971 3504 181 40 ordinary
1169 3501 124 44 praise
1309 3510 40 22 as
1367 3510 22 22 a
1408 3498 146 34 fruitful

211 3574 72 35 and
302 3570 85 34 able
409 3567 143 34 writer.
607 3561 69 32 We
693 3557 137 33 lament
849 3561 35 28 to
904 3563 84 33 say,
1005 3552 79 34 that
1106 3550 45 33 he
1169 3550 64 33 has
1248 3547 70 35 left
1331 3557 46 24 an
1394 3547 163 33 amiable

215 3620 92 37 wife
325 3617 71 35 and
415 3615 58 33 six
493 3608 183 39 children,
703 3606 63 33 the
796 3604 116 32 oldest
941 3599 46 34 of
1015 3600 124 32 whom
1165 3598 31 33 is
1222 3596 87 45 only
1328 3595 84 34 nine
1437 3605 120 34 years,

214 3667 141 44 totally
374 3658 233 50 unprovided
627 3656 72 33 for.
754 3653 60 33 lie
841 3652 60 32 has
931 3648 80 33 also
1029 3646 70 48 left
1117 3651 74 30 two
1209 3644 198 45 daughters
1431 3644 48 45 by
1506 3641 53 34 his

214 3720 83 34 first
317 3712 200 38 marriage.

269 3765 53 34 At
356 3757 163 40 Enfield,
546 3748 236 44 Yorkstiire,
809 3745 90 46 aged
925 3744 64 38 '7B,
1012 3742 99 34 after
1135 3752 22 22 a.
1170 3741 89 40 lorg
1289 3737 202 35 succession
1522 3738 45 33 of

215 3820 130 32 severe
361 3803 188 50 epileptic
568 3802 74 38 tits,
671 3796 163 35 Richard
870 3793 149 43 Gottgh,
1050 3793 87 41 Esq.
1167 3788 85 33 well
1289 3788 137 32 known
1448 3785 32 33 in
1502 3785 59 33 the

213 3865 162 39 literary
392 3854 72 37 and
482 3847 242 46 antiquarian
741 3842 132 34 world.
928 3841 41 33 In
989 3839 61 34 the
1067 3847 125 24 course
1211 3834 44 34 of
1263 3836 53 32 his
1333 3835 89 41 long
1439 3833 67 33 life
1520 3833 43 32 he

214 3914 33 33 is
280 3904 189 50 supposed
498 3906 37 28 to
557 3899 93 32 have
680 3891 158 38 covered
870 3898 102 25 more
1007 3895 119 35 paper
1146 3883 92 35 with
1270 3883 56 33 his
1354 3892 67 34 pen
1441 3882 86 33 than
1541 3893 21 21 a

213 3966 162 35 waggon
393 3948 112 39 could
524 3944 164 38 contain.
785 3954 6 5 •
848 3950 6 6 •

266 4007 54 34 At
350 3997 227 40 Smidholm,
605 3993 35 34 in
676 3989 61 34 the
776 3985 124 46 parish
935 3981 46 35 of
1006 3976 190 46 Tinwaid,
1224 3976 189 41 Scotland,
1433 3986 45 24 on
1505 3976 60 33 the

208 4056 93 37 26th
335 4051 45 34 of
406 4048 214 38 February,
648 4039 98 33 Jean
788 4035 165 43 Burgess,
980 4029 92 45 aged
1217 4028 72 32 She
1317 4026 69 32 had
1406 4028 90 30 been
1520 4024 41 34 67

211 4110 111 41 years
343 4094 163 39 married
534 4100 40 26 to
604 4097 69 26 one
689 4057 432 74 busbantd,,,aeci:befar
1121 4057 21 74 ,
1162 4075 65 34 she
1244 4074 99 37 died,
1374 4072 65 34 113
1459 4071 105 33 could

208 4153 76 37 call
308 4152 64 32 her
392 4144 164 35 mother,
582 4131 282 51 grandmother,
891 4129 70 35 and
981 4130 105 39 great
1104 4121 274 47 grandmother.
1430 4119 132 46 Thirty

211 4209 111 30 seven
338 4196 43 34 of
391 4196 105 33 these
519 4196 96 26 were
631 4188 106 41 great
756 4175 319 50 grand-children.

2606 47 255 58 MARCH
2883 56 81 48 26.

1870 187 358 58 LONDON
2278 187 425 58 MARKETS.

2029 326 155 41 cow*
2215 330 334 38 EXCHANGE.

1659 392 202 41 FRIDAY,
1894 387 167 39 MARCH
2091 387 191 38 24.—We
2315 389 98 37 have
2443 394 65 28 not
2528 387 71 37 had
2616 386 107 37 much
2744 383 142 39 Wheat
2916 396 54 37 up

1607 442 99 33 since
1729 441 176 44 Monday,
1937 444 63 28 yet
2027 446 107 25 more
2151 436 91 35 than
2258 436 183 35 sufficient
2459 436 60 34 for
2536 436 65 34 the
2617 436 171 34 demand.
2848 435 117 37 From

1611 487 61 35 the
1690 488 171 44 quantity
1880 485 47 34 of
1955 485 116 34 Flour
2087 495 48 24 on
2156 483 111 41 hand,
2301 494 70 25 our
2392 484 150 34 Millers
2561 484 100 33 whew
2680 484 103 33 little
2805 484 139 34 inclina-

1611 539 77 37 tion
1708 543 37 26 to
1765 535 196 45 purchase.
1978 534 112 34 hence
2111 533 65 33 the
2203 531 96 35 sales
2315 531 178 34 continue
2512 531 94 40 dull,
2627 531 69 33 and
2718 531 94 33 with
2833 543 45 22 no
2898 531 54 33 int-

1606 588 220 41 .provement
1843 583 125 34 either
1997 582 35 34 in
2057 581 154 45 quality
2229 591 44 24 or
2293 580 124 45 price.
2472 578 84 46 Rye
2574 580 32 33 is
2623 580 125 33 rather
2767 580 202 34 de:trer.—

1615 633 91 34 Fine
1727 631 138 45 Barley
1883 630 72 34 and
1972 624 129 39 White
2122 627 98 35 Peas
2235 627 97 46 fully
2353 628 103 44 keep
2476 627 102 34 their
2606 627 118 44 price.
2776 630 99 32 Oats
2898 637 70 25 are

1607 681 148 40 dearer,
1772 679 67 35 and
1856 678 83 35 sold
1957 677 120 45 freely
2096 681 41 30 at
2158 671 53 43 Is.
2233 686 66 34 per
2316 681 155 40 quarter
2489 685 105 27 more
2609 676 87 35 than
2715 686 50 24 on
2781 670 187 51 Monday.

1611 729 120 35 Flour
1749 728 139 44 heavy,
1913 725 71 34 and
2001 724 132 35 rather
2151 724 182 46 cheaper.

1815 798 210 30 CURRENT
2052 796 163 30 FILMES
2241 796 56 30 OP
2326 796 131 34 CORN,
2485 795 159 34 SEEDS,
2675 783 73 48 4C.

2083 859 31 25 s.
2225 859 32 25 a.

1616 900 141 38 Wheat

1615 948 97 35 Fiue
1733 948 100 34 ditto
1884 964 18 8 -
1928 966 17 8 -
1968 964 18 12 -
2009 964 18 11 -
2076 945 48 37 83
2151 956 25 25 a
2223 946 48 34 92

1612 998 85 45 Rye
1716 994 138 46 (New)
1883 1015 18 7 -
1928 1010 18 11 -
1967 1011 18 9 -
2073 994 52 34 52
2150 1004 26 24 a
2223 994 45 33 67

1615 1046 141 45 Barley

1613 1094 98 35 Malt
1728 1089 136 50 (New)
1924 1110 17 8 -
1968 1107 17 11 -
2007 1109 18 9 -
2073 1090 53 35 70
2150 1100 25 26 a
2222 1085 47 38 76

1617 1142 126 35 White
1757 1142 107 40 Peas,
1878 1139 141 37 boilers
2050 1139 72 37 125
2146 1148 26 24 a
2202 1137 69 35 140

1613 1191 100 45 Grey
1734 1189 96 35 Peas
1871 1207 18 8 -
1917 1205 19 11 -
1959 1205 18 11 -
2002 1204 17 9 -
2067 1187 52 35 50
2143 1196 26 26 a
2216 1182 51 38 56

1617 1237 120 37 Beaus
1755 1233 137 50 (New)
1920 1254 19 8 -
1965 1252 15 9 -
2006 1252 18 9 -
2070 1234 51 35 54
2145 1244 26 25 a
2219 1233 53 39 60

1611 1286 100 35 Tick
1727 1285 98 35 ditto
1840 1281 141 48 (New)
2004 1302 19 11 -
2073 1281 52 39 45
2148 1291 25 26 a
2220 1281 48 33 70

1612 1335 96 34 Oats
1728 1330 7 13 '
1754 1350 17 8 -
1796 1354 14 6 -

1616 1380 145 37 Poland
1774 1381 102 37 ditto
1926 1396 15 9 -
2007 1397 18 9 -
2070 1378 46 37 41
2146 1388 26 26 a
2220 1377 47 35 43

2792 855 34 25 s.
2935 855 35 26 s.

2309 896 135 40 Tares,
2463 905 72 39 per
2551 895 130 35 bushel
2784 893 46 35 15
2854 904 25 25 a
2931 895 43 34 19

2310 945 148 44 Turnip
2519 960 15 8 -
2584 963 18 12 .
2650 961 14 7 -
2713 958 17 13 •
2783 943 45 35 12
2854 952 25 25 a
2929 943 46 34 18

2311 992 190 41 Mustard,
2520 993 132 33 brown
2713 1009 17 9 -
2787 990 43 35 IS
2856 1000 24 24 a
2924 992 46 32 21

2520 1041 117 33 white
2711 1054 19 9 -
2783 1039 47 33 10
2852 1049 24 24 a
2930 1035 45 38 15

2306 1089 170 44 Canary,
2496 1098 70 34 per
2580 1093 155 39 quarter
2780 1087 51 34 90
2855 1097 25 22 a
2906 1085 72 34 110

1615 1434 22 20 *
1648 1431 97 33 Fine
1762 1426 156 48 English
1941 1427 118 38 Flour
2073 1426 51 35 P4O
2148 1436 26 25 a
2220 1426 48 34 82

1613 1478 144 37 iecond
1768 1476 100 35 ditto
1941 1492 18 9 -
2004 1495 15 8 -
2070 1474 52 35 75
2146 1483 25 26 a
2220 1473 51 37 80

1616 1526 110 45 Rape
1744 1525 94 35 Seed
1861 1522 84 38 £6l
1962 1534 24 25 a
2006 1521 38 37 it
2043 1522 52 34 8S

1779 1580 156 37 Linseed
1955 1580 64 35 Oil
2036 1580 131 35 Cakes
2194 1581 86 33 it—

1867 1641 22 20 *
1917 1638 73 34 Per
2007 1637 99 34 Sack
2130 1636 46 33 of
2199 1636 71 34 Fly!

2435 1135 7 0 .
2467 1135 5 0 _

2309 1136 219 46 kieuipseed
2575 1154 18 9 -
2644 1154 17 8 -
2711 1154 17 7 -
2759 1135 71 34 120
2855 1144 24 22 a
2907 1135 70 33 140

2309 1183 155 38 Liuseed
2519 1202 17 8 -
2761 1182 72 38 160
2857 1192 22 24 a
2904 1183 76 33 200

2309 1232 157 44 Clover,
2484 1232 84 37 red.
2587 1241 67 35 per
2669 1235 91 30 cwt.
2783 1230 51 35 80
2856 1240 25 24 a
2911 1228 66 37 145

2483 1280 120 34 white
2652 1294 17 8 -
2715 1292 18 9 -
2781 1278 52 35 70
2857 1289 24 22 a
2908 1278 73 35 130

2484 1326 182 45 Foreign,
2683 1324 65 37 red

2479 1375 120 34 white
2647 1393 18 6 -
2714 1389 15 8 -
2857 1383 24 22 a

2298 1415 19 45 I
2317 1415 136 45 Trefeit
2507 1440 17 9 -
2642 1439 15 9 -
2708 1439 18 9 -
2776 1419 52 38 30
2851 1430 25 22 a
2926 1419 52 38 fill

2308 1472 220 35 Carrawav
2578 1488 18 8 -
2644 1483 17 9 -
2769 1467 19 37 1
2787 1467 40 37 10
2854 1479 25 22 a
2926 1468 52 34 48

2306 1517 213 39 Coriander
2647 1532 15 11 -
2712 1534 17 8 -
2784 1517 47 37 10
2854 1526 26 24 a
2931 1509 43 41 11

2298 1583 40 31 to
2360 1576 104 38 £lB.
2487 1574 78 37 18s.

2314 1633 181 35 Bushels,
2510 1642 45 24 or
2571 1631 152 34 2ROIh•.

1869 1727 124 38 MAY
2021 1724 122 38 AND
2171 1722 214 41 STRAW,
2412 1721 115 35 PER.
2554 1720 168 35 LOAD.

2177 1782 56 34 se.
2258 1791 32 24 s.
2328 1778 43 39 4,
2426 1779 54 35 ar.
2507 1787 33 24 s.
2569 1776 41 34 d.
2802 1776 58 32 X.
2882 1785 32 24 s.
2942 1774 40 33 d.

1610 1860 57 37 St.
1683 1856 115 48 James
1798 1856 22 48 '
1820 1856 47 48 s,
1889 1831 38 96 gl
1926 1831 19 96 t
1945 1831 19 96 a
1964 1831 38 96 ra
2002 1831 19 96 y
2021 1831 19 96 w
2062 1841 18 14 e
2107 1843 63 64 ...-,
2194 1830 12 81 5
2206 1830 12 81 1
2246 1830 11 81 1
2257 1830 24 81 1,
2281 1830 12 81 0

2339 1824 14 86 0
2353 1824 14 86 0

2389 1832 13 76 I
2402 1832 13 76 t

2437 1828 13 71 9
2450 1828 14 71 6
2491 1825 30 83 12
2520 1825 15 83 :
2584 1822 13 84 0
2597 1822 14 84 0
2626 1822 64 84 Ave
2689 1822 21 84 .
2711 1822 43 84 ra
2753 1822 21 84 .
2774 1822 65 84 ge:

2885 1824 12 80 4
2897 1824 12 80 1
2959 1820 27 37 0

2959 1870 27 34 0

2585 1977 27 33 O

1920 1987 69 35 Clever
1987 1950 18 70 a
2006 1949 56 71 Y

2060 1955 18 9 -
2102 1954 13 66 .
2117 2000 11 11 -

2150 2002 19 11 :
2190 1933 30 85 6
2246 1936 14 83 I
2261 1936 14 83 °
2275 1936 15 83 o
2335 1933 14 81 °
2349 1933 15 81 O

2385 1943 15 72 a
2400 1943 17 72 a

2437 1978 25 37 7
2489 1930 12 86 1
2500 1930 39 86 1,1
2582 1929 139 81 °:-
2748 1995 17 8 -
2817 1977 21 31 7
2699 1946 18 7 -
2747 1944 17 7 -
2815 1928 25 32 5
2868 1928 31 84 17
2898 1928 15 84 4

2959 1929 30 83 0

1920 2037 123 33 Straw
2061 2046 18 15 .
2104 2052 19 9 -
2151 2050 17 9 -
2198 2033 15 37 1
2248 2030 45 35 18
2340 2031 74 33 0a
2438 2030 24 33 2
2512 2028 26 35 4
2585 2027 26 33 0
2660 2042 18 9 -
2704 2042 17 9 -
2750 2040 18 9 -
2817 2026 24 33 2
2889 2024 26 33 0
2962 2026 27 34 0

1925 2092 86 46 Hay
2061 2111 19 9 -
2104 2109 19 11 -
2148 2109 19 8 -
2192 2087 27 35 6
2265 2088 24 35 6
2337 2089 27 33 0
2387 2096 25 25 a
2440 2088 22 33 6
2494 2083 46 37 10
2588 2085 27 34 0
2661 2100 18 9 -
2705 2100 17 9 -
2750 2101 19 8 -
2818 2080 25 35 6
2890 2081 24 35 8
2962 2075 28 35 0

1615 2143 235 44 Smithfield,
1922 2141 141 35 Clover
2106 2157 64 12 --
2194 2138 22 37 7
2267 2138 27 33 0
2341 2135 76 33 0a
2441 2135 19 33 7
2515 2132 22 37 7
2590 2132 26 33 0
2663 2148 59 8 --
2750 2148 18 7 -
2817 2130 22 37 7
2890 2131 22 33 3
2962 2125 26 34 6

1920 2186 124 41 Straw
2068 2204 18 13 .
2109 2206 20 8 -
2154 2202 19 11 -
2194 2186 27 35 2
2268 2186 28 33 0
2343 2184 26 35 0
2393 2192 26 26 a
2443 2181 26 35 2
2516 2181 25 35 5
2589 2181 27 33 0
2663 2197 59 11 --
2754 2192 18 12 •
2816 2178 31 35 2
2893 2178 25 37 2
2965 2174 26 33 6

1661 1964 125 34 White-

1658 2011 159 52 chapel,

2049 2272 178 40 PRICE
2256 2272 35 35 0

1701 2329 493 48 smtluiristto--Priday.
2262 2341 7 12 :
2290 2329 1 48 1

2004 2393 32 24 s.
2061 2379 43 37 d.
2171 2391 34 24 s.
2233 2378 38 34 d.

1618 2433 100 37 Beef

1616 2483 150 37 Mutton
1792 2500 15 8 -
1876 2497 63 11 --
1967 2491 17 14 •
2006 2478 26 35 4
2078 2474 125 38 Sas
2231 2474 45 34 10

1617 2532 97 34 Veal

1620 2570 193 44 Pork
1958 2570 47 44 6
2054 2570 48 44 0
2128 2583 24 24 a
2176 2572 22 33 7
2251 2570 25 35 0

1617 2628 117 35 Lamb
2004 2623 26 33 0
2078 2621 26 34 0
2127 2631 25 24 a
2176 2620 27 32 0
2251 2620 25 32 0

1620 2680 431 40 FRIDAY.--Beasts.
2101 2696 15 8 -
2144 2678 73 33 650.

1900 2730 157 39 Calves,
2096 2745 18 8 -
2144 2726 73 35 120

2326 2271 6 25 r
2357 2269 180 41 MEAT,

2336 2334 235 32 NL►WrA,'ii
2589 2323 37 41 &
2644 2319 228 46 LEAorsu
2881 2333 20 28 A
2914 2334 25 25 L
2948 2331 43 27 L•

2336 2372 178 40 Ceircase.
2596 2366 4 46 '
2713 2370 35 38 s:
2773 2366 41 41 d.
2888 2383 33 22 s.
2950 2373 43 33 d.

2327 2424 104 40 Beef

2326 2474 152 34 Mutton

2326 2522 103 37 Veal
2461 2538 59 8 --
2550 2537 17 9 -
2639 2536 60 11 --
2722 2517 27 37 4
2798 2518 74 34 8a
2897 2516 24 34 6
2969 2516 26 37 0

2329 2569 106 37 Pork

2330 2617 158 35 Lamb
2722 2616 28 31 0
2798 2614 26 32 0
2848 2623 24 22 a
2969 2611 27 34 0

2316 2676 131 44 •Sheep
2463 2674 79 34 and
2563 2673 154 38 Lambs,
2769 2689 18 7 -
2833 2670 116 39 2,650

2319 2722 92 45 Pigs

2340 3581 1 35 '
2368 3581 193 35 COALS.

2518 3641 198 31 Fftlb&Y.
2890 3638 35 28 ti.
2969 3628 40 38 a.

2341 3687 128 35 Bourn
2494 3686 117 34 :Moor
2676 3698 22 18 A
2743 3694 32 18 •
2815 3694 25 13 •
2885 3679 51 37 96
2983 3680 27 33 0

2751 3748 18 9 -
2819 3748 18 8 -
2885 3728 52 35 48
2983 3728 26 33 6

2344 3736 104 37 Eden
2479 3752 19 8 -

2341 3784 193 45 Townley

2341 3833 170 44 Hartley
2550 3847 17 8 -
2617 3844 17 9 -
2683 3846 19 11 -
2752 3844 17 9 -

2622 3795 19 9 -
2687 3795 19 11 -
2753 3793 17 8 -
2818 3794 24 12 .
2884 3777 50 35 48
2983 3776 26 34 0

2885 3824 50 34 45
2983 3824 26 31 9

2342 3883 81 33 Cou
2433 3873 71 52 pen
2554 3894 19 13 •
2621 3896 15 7 -
2685 3896 19 7 -
2752 3892 19 12 •
2820 3893 20 13 •
2885 3872 51 37 46
2985 3873 26 33 0

2344 3930 156 41 Coiling
2507 3925 111 35 wood
2637 3924 107 37 Main
2820 3940 18 9 -
2887 3921 48 37 94
2986 3919 25 34 6

2347 3976 231 35 Hedsworth
2615 3991 17 9 -
2681 3989 17 7 -
2750 3987 18 7 -
2818 3986 17 8 -
2883 3970 50 35 44
2983 3969 26 33 6

2329 4033 63 35 red
2406 4038 39 28 at
2465 4033 66 33 the
2543 4031 118 34 Mice
2675 4029 43 33 of
2726 4029 76 33 this
2822 4028 142 44 Paper.

1891 2815 274 39 AVERAGE
2194 2812 177 37 PRICE
2402 2811 73 35 OF
2507 2809 206 40 SUGAR,

1663 2876 219 48 Computed
1893 2876 99 34 from
2006 2875 65 34 the
2089 2878 152 28 returns
2258 2869 113 35 made
2387 2868 61 35 for
2460 2868 67 35 the
2545 2867 120 34 'Week
2678 2865 144 45 ending
2837 2863 69 35 the
2926 2863 74 35 22d

1615 2926 46 37 of
1691 2928 129 35 March
1844 2924 113 41 1808,
1997 2923 32 35 is
2067 2923 56 34 2/.
2154 2922 57 34 2s.
2242 2919 91 46 4*d.
2375 2927 72 38 per
2485 2921 97 31 cwt.
2617 2914 203 37 exclusive
2851 2911 47 34 of
2933 2913 67 33 the

1619 2978 104 38 Duty
1742 2975 44 34 of
1806 2976 175 33 Customs
1998 2970 90 45 paid
2108 2980 45 25 or
2173 2968 174 46 payable
2366 2967 165 34 thereon
2558 2974 48 24 on
2633 2965 67 33 the
2720 2961 279 44 Importation.

2306 3046 113 40 'OW,
2444 3044 116 38 PER
2588 3043 141 38 CWT.

2689 3110 33 25 s.
2766 3098 44 35 d.
2883 3107 15 25 s
2956 3094 43 35 d.

2331 3151 124 34 Town
2474 3149 157 37 Tallow
2779 3148 26 32 0
2830 3143 32 38 a
2862 3143 64 38 92
2976 3144 26 34 6

2335 3188 398 51 Yell.Russia,do.—
2781 3195 26 34 0
2832 3206 26 24 a
2976 3194 27 32 0

2336 3246 149 43 White,
2503 3247 65 34 do.
2598 3262 15 8 -
2639 3265 17 6 -
2779 3244 26 32 0
2830 3253 25 24 a
2976 3242 27 31 0

2335 3296 120 44 Soap,
2509 3311 18 7 -
2552 3313 18 8 -
2640 3311 17 8 -
2780 3293 74 32 0a
2979 3287 26 34 0

2336 3344 148 34 Graves
2509 3361 18 7 -
2551 3361 18 8 -
2596 3359 18 9 -
2639 3360 17 8 -
2780 3341 77 33 0a
2885 3338 43 35 14
2979 3346 27 30 0

2337 3391 109 35 Good
2470 3391 123 43 Dregs
2642 3404 17 8 -
2783 3389 27 32 0
2833 3397 26 24 a
2885 3386 46 34 14
2979 3386 28 32 0

2317 3449 200 40 Clare,ss.
2532 3446 65 34 6d.
2615 3446 72 34 and
2711 3442 274 46 Whitechapel
2985 3442 26 46 s

2320 3497 91 35 4d.
2431 3508 71 32 per
2518 3501 111 28 stone
2646 3493 45 34 of
2702 3493 84 33 81b.

1 3130 8 13 t

1631 3847 149 32 Heaton
1825 3859 18 8 -
1894 3857 19 7 -

1633 3894 120 39 Percy

1633 3940 133 35 Wall's
1787 3939 80 35 End
1899 3957 17 9 -
1967 3956 18 8 -
2033 3950 19 12 -
2101 3953 18 8 -
2169 3933 46 35 57
2267 3931 22 34 6

1636 3989 115 35 Roll's
1782 3990 111 34 Ditto

1969 4000 17 8 -
2034 4000 18 7 -
2102 4000 17 8 -
2169 3981 52 34 58
2251 3980 40 32 .0

1672 4044 200 35 Delivered
1889 4046 40 31 at
1946 4043 39 37 85
2003 4041 168 35 advance
2191 4039 33 33 if
2238 4038 63 33 ortl

1642 4152 213 43 Yesterday
1885 4147 112 44 being
2020 4144 107 44 Lady
2153 4144 86 43 Day
2264 4143 106 33 there
2392 4148 77 24 was
2486 4149 46 21 no
2552 4137 161 33 business
2732 4131 215 37 transacted
2967 4135 41 30 at

2099 4193 65 33 the
2184 4192 115 31 Stock
2326 4187 214 43 Exchange.

208 4338 45 37 Pi
265 4335 103 39 inted
385 4331 73 37 and
485 4322 207 41 Published
715 4322 48 34 by
784 4315 70 35 and
874 4313 61 33 for
953 4311 22 33 J
1023 4307 41 33 B.
1094 4304 135 37 BELL
1245 4307 71 30 anti
1335 4305 20 32 J
1371 4328 8 9 .
1406 4303 71 35 DE
1500 4302 107 34 CAN',
1623 4302 46 38 I',
1698 4305 37 25 at
1754 4298 60 30 the
1833 4294 120 32 ()Wee
1970 4292 41 32 of
2036 4294 51 30 Le
2112 4292 103 32 Beau
2233 4287 135 33 Monde
2386 4297 12 31 ;
2427 4294 58 31 or,
2518 4285 172 40 Literary
2709 4281 74 33 and
2813 4280 163 34 Fashion-

420 4380 81 37 able
523 4374 200 39 Mar.ra:ine
765 4368 58 33 No
862 4364 58 34 11.
943 4356 339 39 Cathefiue-street
1315 4354 159 37 Strand;
1499 4350 73 37 and
1589 4359 66 26 kna
1698 4346 47 34 Ike
1763 4343 70 37 bad
1850 4341 47 39 of
1910 4341 53 37 all
1980 4341 63 37 the
2061 4339 201 37 Newish:Leo
2280 4337 39 34 in
2339 4333 63 37 the
2422 4330 255 39 United/Kin•
2689 4328 105 39 dom.

1852 3053 176 38 PRIGIi
2054 3051 78 35 OF
2160 3048 143 37 TALL

1970 3120 31 25 s.
2044 3107 39 35 d.
2176 3117 32 24 s.
2236 3105 40 34 d.

1617 3161 100 38 Stuff

1618 3207 275 48 Soap,yelllow
2056 3204 25 34 0
2107 3204 100 34 alO4

1756 3255 158 35 mottled
2059 3253 25 32 0
2109 3243 74 47 all
2209 3243 25 47 4
2258 3243 24 47 0

1622 3324 111 9 --
1756 3304 90 37 curd
1890 3322 18 7 -
2059 3301 26 32 0
2109 3299 99 37 allB
2259 3298 24 33 0

1620 3351 393 46 Candles,p.doz.—
2062 3348 25 33 0
2113 3359 26 22 a
2169 3348 44 33 14
2259 3347 26 33 0

1622 3399 392 40 —mould,do.—
2060 3397 25 35 0
2111 3407 25 24 a
2167 3397 45 34 15
2259 3396 26 33 0

1619 3459 154 35 Tallow
1791 3462 43 31 at
1848 3458 56 33 St.
1920 3454 176 41 Tames's,
2108 3454 59 37 ss.
2181 3452 61 34 4d.

1858 3504 57 34 54.
1931 3503 149 35 4(l.—A
2088 3511 139 30 verae,e
2245 3498 57 34 54.

2057 3586 180 38 PRICE
2263 3583 34 34 0

1852 3656 200 28 FRIDAY.
2178 3652 30 25 9.
2245 3641 37 34 d.

1628 3699 176 38 Russell's
1902 3717 18 8 -
2028 3709 15 8 -
2096 3711 18 8 -
2164 3691 51 37 44
2261 3691 26 34 0

1633 3749 204 44 Branciling
1905 3764 17 8 -
2031 3759 85 13 ,
2166 3741 46 33 47
2264 3741 25 31 0

1635 3796 163 35 Fantield
1896 3811 18 8 -
1964 3810 18 8 -
2030 3809 18 9 -
2100 3806 17 7 -
2170 3788 50 34 50
2267 3788 24 33 0

2028 3856 18 8 -
2095 3857 18 7 -
2165 3835 50 35 56
2264 3836 24 34 6

2167 3883 47 37 67
2267 3883 22 33 6
