3236 4524
220 96 259 54 MARC!!
514 98 83 50 26.

1087 103 148 56 THE
1267 104 380 53 NATIONAL
1681 104 383 57 REGISTER.

220 221 6 0 •

220 221 163 43 routine
402 222 79 40 and
500 222 210 45 miserable
728 231 298 43 combinations
1043 236 50 39 of
1106 233 146 41 official
1265 237 279 48 systematists.

221 272 63 41 To
300 274 107 43 their
426 275 171 44 anxious
630 279 76 40 and
724 281 181 43 diffident
924 287 150 53 policy,
1100 287 78 39 and
1211 291 46 35 to
1284 287 92 41 that
1408 286 136 41 exclu-
1607 272 1 69 I

220 324 144 54 sively,
400 327 143 44 should
563 331 51 39 be
647 333 221 43 attributed
892 337 67 40 the
972 337 347 54 disappointment
1338 337 80 41 and
1435 353 106 25 mor-
1574 324 4 67 ,
1607 324 1 67 1

221 376 204 43 tification
444 380 125 51 which
592 385 188 40 attended
813 402 78 26 our
926 403 109 30 arms
1063 404 106 27 since
1201 391 67 45 the
1296 390 171 41 ill-fated
1487 398 40 32 at-

222 430 98 52 tack
340 443 54 31 on
415 433 208 44 Duulsirk.
679 438 80 46 Net
777 452 79 28 one
872 441 48 43 of
934 438 74 43 our
1028 443 273 51 expeditious,
1336 444 105 37 since
1460 444 89 39 that

226 482 113 50 time,
370 483 72 40 has
462 485 97 40 been
580 481 185 59 planned,
800 507 48 26 or
879 497 214 46 executed,
1134 496 96 41 with
1257 494 130 48 heart,
1420 496 130 52 spirit,

226 547 48 38 or
292 539 292 59 promptitude,

279 588 130 47 These
441 592 113 41 weak
582 594 80 40 and
698 594 193 46 heartless
920 611 91 27 men
1048 598 241 54 obstinately
1309 598 171 41 adhered
1498 605 46 34 to

226 641 106 39 their
364 643 307 53 pusillanimous
703 647 324 52 half-measures,
1055 651 107 41 after
1191 651 69 47 the
1291 652 188 39 victories
1508 658 44 33 at

227 683 139 54 'llaida
404 696 77 39 and
517 704 41 34 at
593 699 190 47 Vimiera,
813 702 71 40 the
901 704 203 56 prodigies
1137 703 230 54 performed
1387 709 43 34 at
1448 706 102 37 Acre

229 745 76 40 anti
331 752 44 33 at
396 749 143 51 Rosze,
568 751 80 40 had
670 755 124 39 raised
830 768 51 32 an
913 755 206 40 immortal
1139 761 240 39 monument
1411 756 45 38 of
1483 758 69 37 the

250 800 223 53 tiperiority
496 803 46 38 of
557 804 145 40 British
720 820 193 40 courage.
971 809 270 51 Sluggishness
1258 809 77 39 and
1355 809 201 39 excessive

229 853 165 38 ...antion
415 866 71 27 are
508 869 43 24 so
570 856 139 54 deeply
732 859 203 53 ingrafted
969 861 37 38 in
1026 875 78 25 our
1121 861 191 45 councils,
1342 863 91 35 that
1449 873 98 27 even

230 905 40 46 in
291 905 78 39 this
389 909 257 47 tremendous
663 911 123 46 crisis,
814 912 117 40 when
950 914 66 39 the
1036 913 77 50 last
1131 913 125 40 battle
1274 913 67 40 for
1359 914 69 38 the
1447 914 86 37 inde-

231 957 204 51 pendence
455 960 51 37 of
524 961 67 39 the
611 963 125 40 world
758 965 28 39 is
802 978 52 26 on
874 965 70 41 the
961 979 73 27 eve
1048 965 48 40 of
1109 967 119 52 being
1247 965 163 53 fought,
1439 972 74 32 not
1532 979 25 24 a

230 1009 126 52 single
389 1010 324 51 demonstration
742 1019 176 41 evinces,
946 1032 53 24 on
1019 1019 69 39 the
1104 1025 89 46 part
1211 1019 48 39 of
1274 1032 78 27 our
1374 1019 178 38 Govern-

233 1067 125 40 Ment,
378 1075 53 30 an
463 1065 214 51 intention,
706 1082 48 26 or
785 1083 100 27 even
908 1084 25 26 a
957 1071 112 47 wish,
1098 1078 43 32 to
1162 1070 96 40 take
1292 1083 53 30 an
1374 1070 183 39 effective

231 1120 91 45 part
343 1116 38 38 in
412 1116 80 40 this
520 1131 25 38 g
549 1116 87 46 reat
654 1121 76 39 and
748 1122 174 41 decisive
939 1122 195 56 struggle.
1188 1123 128 44 When
1336 1135 76 34 our
1430 1123 126 40 whole

233 1179 116 40 army
384 1168 178 41 should
562 1172 80 41 line
663 1187 73 26 our
765 1182 145 39 coasts,
940 1178 132 45 where
1091 1189 48 25 an
1160 1176 200 51 adequate
1390 1176 168 37 number

235 1218 48 40 of
293 1224 236 51 transports,
557 1224 65 41 for
644 1226 104 41 their
775 1243 275 40 cenveyance,
1080 1228 142 41 should
1244 1230 47 44 he
1318 1228 39 38 in
1375 1233 183 39 coestaet

233 1272 219 50 readiness,
494 1283 58 32 we
585 1278 53 40 do
677 1285 73 34 not
784 1281 94 40 hear
911 1283 48 43 el
984 1296 25 26 a
1042 1283 126 52 single
1201 1285 233 43 movement
1470 1294 66 37 pre-

233 1331 196 48 paratory
462 1332 45 35 to
542 1342 50 27 an
613 1332 182 40 invasion
834 1333 48 39 of
911 1335 69 39 the
997 1337 178 50 enemy's
1205 1333 154 44 shores.
1415 1332 144 44 Would

236 1381 44 44 to
331 1381 168 39 Heaven
514 1385 8 45 f
569 1383 70 40 the
684 1387 227 52 intelligent
957 1387 77 39 and
1080 1388 67 38 the
1189 1385 191 52 patriotic
1411 1397 149 39 among

237 1428 77 44 'our
344 1439 266 46 countrymen
650 1439 132 39 would
814 1452 119 33 reuse
970 1439 254 48 themselves,
1261 1439 35 39 in
1315 1439 84 39 this
1416 1437 120 46 alarm-

236 1475 69 61 ing
350 1488 209 48 juncture,
598 1494 44 33 to
679 1504 22 26 a
738 1498 187 46 stronger
959 1506 112 27 sense
1107 1491 47 40 of
1194 1491 69 40 the
1297 1491 151 52 danger
1485 1489 77 44 and

233 1528 187 54 disgrace
439 1539 50 40 of
510 1550 74 30 our
605 1541 224 54 inr,ctivity.
887 1544 89 39 The
991 1534 117 63 delay
1129 1544 48 39 of
1198 1556 24 25 a
1240 1545 141 41 month
1401 1554 90 39 may
1513 1543 50 46 be
1581 1567 15 18 I.

234 1589 116 41 fatal.
409 1591 76 39 We
519 1591 105 54 sleep
653 1594 76 40 and
763 1596 71 40 lull
855 1597 203 43 ourselves
1078 1597 38 38 ia
1136 1596 189 50 security,
1364 1596 110 38 when
1494 1596 69 38 the

235 1641 148 41 forked
416 1643 228 56 lightening
671 1648 184 39 menaces
872 1643 73 44 the
965 1646 200 46 'mansions
1183 1649 74 45 and
1280 1650 99 37 lives
1409 1646 47 39 of
1486 1661 77 26 our

236 1701 158 33 nearest
404 1697 22 51 .
426 1697 247 51 neighhours.
729 1700 86 39 The
831 1707 126 33 storm
976 1702 124 41 which
1121 1701 204 45 threatens
1339 1700 106 39 them
1466 1700 96 37 with

234 1747 269 47 destruction,
533 1752 35 38 if
582 1765 58 26 we
659 1753 53 38 do
731 1759 70 34 not
820 1754 235 43 contribute
1074 1760 43 34 to
1135 1759 112 33 avert
1270 1754 44 40 it,
1349 1752 92 44 will,
1460 1752 104 39 after

237 1791 151 61 having
424 1805 174 50 ravaged
619 1800 107 45 their
757 1805 128 46 fields,
921 1806 159 47 collect,
1120 1806 91 39 with
1237 1818 111 32 more
1381 1804 182 48 frightful

237 1859 241 45 symptoms,
502 1857 129 39 round
652 1872 77 25 our
748 1872 89 26 own
856 1859 152 40 shores.
1067 1858 86 40 The
1168 1870 109 26 same
1298 1858 178 47 warning
1498 1857 70 43 has

237 1905 103 39 been
357 1903 228 58 frequently
605 1909 122 52 given
758 1917 44 32 to
821 1909 122 43 other
973 1915 288 50 governments
1292 1922 52 26 on
1364 1909 206 44 occasions

236 1956 74 46 less
322 1961 152 38 terrific
490 1977 11 31 ;
533 1962 77 45 anti
624 1963 94 51 they
742 1963 172 52 rejected
931 1965 32 37 it
977 1964 93 39 with
1087 1963 70 39 the
1170 1974 111 38 same
1293 1961 276 52 overweening

237 2007 253 52 ioufidence,
526 2026 43 26 as
586 2027 59 30 we
660 2027 107 39 seen!
798 2021 44 37 to
861 2016 56 46 do
937 2016 38 38 in
996 2016 78 41 this
1094 2020 206 48 moment;
1305 2013 141 51 --they
1469 2026 102 37 gave

239 2061 178 46 likewise
455 2076 25 27 a
515 2065 230 53 preference
785 2073 45 34 to
873 2069 71 38 the
973 2069 115 38 weak
1126 2067 129 52 policy
1290 2065 51 39 of
1371 2078 201 39 reserving

240 2115 106 40 their
361 2118 150 39 armies
541 2117 64 40 for
625 2120 71 37 the
726 2120 191 48 eventual
954 2121 171 50 dangers
1144 2121 87 38 that
1270 2118 131 52 might
1436 2131 138 26 occur.

242 2172 73 43 not
334 2170 209 52 reflecting
578 2165 106 52 that,
713 2174 112 37 when
848 2173 96 52 they
973 2173 177 45 arrived,
1186 2173 89 46 hew
1302 2171 270 50 incompetent

241 2220 107 40 their
359 2222 131 51 single
504 2211 138 53 efforts
658 2237 103 34 were
774 2230 40 33 to
837 2230 107 47 meet
963 2226 129 48 them.

247 2272 5 56 '
298 2272 86 43 The
404 2274 184 43 Prussian
607 2290 132 38 army,
756 2274 77 44 had
852 2278 32 44 it
905 2278 99 40 been
1022 2277 198 41 stationed
1243 2278 38 41 in
1302 2275 181 51 Anspach
1500 2274 74 38 and

242 2323 228 56 Bayreuth,
500 2333 41 34 at
561 2328 69 50 the
650 2336 348 35 commencement
1022 2331 50 39 of
1100 2327 69 43 the
1198 2330 76 40 last
1291 2329 215 50 campaiit

244 2380 182 44 Austria,
445 2380 73 50 the
536 2380 185 46 disasters
737 2382 50 39 of
807 2380 71 47 the
915 2382 120 40 latter
1072 2383 130 51 might
1231 2382 104 39 have
1361 2382 94 35 been
1491 2391 64 43 pre-

243 2432 183 46 vented;
474 2432 77 40 and
605 2433 254 50 FREDERiCii
908 2437 48 37 W
964 2450 146 32 ILLIAM

1152 2431 130 43 would
1465 2444 110 39 reign

246 2486 46 37 as
324 2484 219 53 Sovereign
578 2498 100 28 over
709 2480 70 47 the
826 2493 120 47 great
978 2493 106 34 tract
1115 2486 50 46 of
1186 2489 169 47 country
1413 2483 142 41 extend-

244 2535 72 54 ing
334 2535 112 43 from
480 2541 66 38 the
568 2536 168 45 NieMen
775 2545 44 34 to
852 2541 72 39 the
945 2541 148 39 Rhine.
1146 2541 83 39 But
1257 2531 67 45 the
1355 2535 223 53 despicable

244 2590 229 41 Automata
493 2591 38 39 in
562 2593 118 40 office
717 2594 175 50 rejected
912 2594 79 39 this
1010 2595 191 51 vigorous
1221 2590 77 41 and
1318 2588 259 41 self-evtdeut

246 2641 152 56 policy,
446 2643 164 43 soldiers
644 2646 254 52 experience.
973 2635 35 51 ff
1039 2659 60 26 we
1133 2643 79 47 will
1247 2641 120 40 avoid
1407 2642 66 38 the
1501 2640 59 39 dis-

247 2699 125 38 asters
398 2696 133 40 which
576 2698 106 41 have
729 2696 296 47 overwhelmed
1068 2711 25 26 a
1129 2695 223 52 Monarchy
1388 2692 193 45 founded,

248 2759 45 28 as
311 2753 171 48 we'may
514 2763 84 39 say,
633 2763 53 26 on
725 2750 176 52 military
924 2751 177 45 honour,
1134 2763 58 26 we
1219 2753 105 34 must
1352 2746 84 39 also
1457 2745 124 53 adopt

249 2799 123 48 aline
391 2802 52 45 of
472 2802 174 51 conduct
665 2803 70 40 the
755 2816 93 40 very
872 2816 157 32 reverse
1046 2802 48 40 of
1107 2802 87 40 that
1214 2800 129 40 which
1355 2799 227 43 subverted,

248 2852 43 52 in
311 2855 67 39 the
398 2868 144 28 course
566 2855 56 40 of
633 2856 19 41 .
652 2856 57 41 six
736 2857 148 44 weeks,
933 2868 50 26 an
1020 2856 164 51 Empire
1213 2854 129 39 which
1376 2851 78 40 ficl
1483 2851 98 39 been

249 2907 345 54 erectingduring
619 2907 92 57 fifty
732 2920 115 44 years
868 2907 51 40 of
941 2909 141 53 genius
1102 2907 77 40 and
1208 2907 67 39 the
1309 2909 105 51 most
1437 2916 119 46 unpre-

249 2960 197 43 cedented
467 2960 185 54 exploits,

254 3018 8 11 '
305 3014 84 38 Our
409 3026 135 40 army,
573 3013 35 47 if
631 3014 204 61 promptly
856 3014 78 43 and
956 3011 268 54 efficaciously
1244 3009 228 53 employed,
1492 3022 91 46 may

252 3078 94 27 save
367 3069 180 44 Austria,
576 3069 177 52 Europe,
781 3067 79 40 and
879 3066 220 41 ourselves.
1156 3069 35 35 it
1213 3079 31 25 is
1263 3074 210 33 nauseous,
1504 3063 32 39 it
1557 3076 30 25 is

250 3117 197 56 insulting
465 3124 45 35 to
529 3125 141 47 repeat
689 3120 107 40 what
820 3124 124 48 ()Very
965 3133 92 27 man
1077 3119 156 44 knows,
1263 3115 76 40 and
1380 3116 111 40 what
1518 3115 71 40 the

254 3172 155 39 French
435 3172 103 40 have
565 3172 216 40 felt—that
798 3187 78 27 our
895 3171 180 48 soldiers,
1098 3172 45 38 in
1163 3181 119 41 every
1312 3169 117 52 thing
1459 3167 126 40 which

252 3223 287 54 distinguishes
563 3226 70 40 the
670 3226 241 53 profession,
935 3239 69 27 are
1032 3224 178 53 superior
1231 3228 43 33 to
1302 3223 116 37 those
1447 3220 48 40 of
1520 3220 69 40 the

253 3276 163 54 enemy.
463 3278 54 40 'if
540 3291 59 27 we
618 3279 110 39 have
742 3291 25 27 a
784 3279 220 52 deficiency
1024 3278 50 40 of
1102 3289 90 26 men
1218 3273 194 54 qualified
1433 3279 40 35 to
1492 3286 73 26 con-

254 3331 100 39 duct
370 3331 115 52 large
511 3333 161 43 armies,
706 3344 25 26 a
768 3331 78 41 few
873 3331 150 40 battles
1041 3331 79 39 will
1139 3333 133 37 create
1289 3327 77 39 and
1387 3326 74 40 call
1480 3326 109 39 them

253 3384 91 39 into
361 3384 152 40 notice.
568 3385 146 40 BACON
736 3398 105 39 says,
870 3385 93 39 that
981 3385 70 38 the
1068 3383 176 40 exercise
1279 3381 87 38 best
1400 3378 181 47 eualified
1580 3378 21 47 ,

253 3439 47 40 to
321 3444 190 45 preserve
530 3436 69 40 the
620 3428 144 58 'health
784 3437 78 40 and
885 3437 148 53 vigour
1049 3433 51 44 of
1113 3448 25 26 a
1153 3439 118 39 state,
1305 3433 31 39 is
1355 3445 26 27 a
1393 3430 86 53 just
1495 3444 107 30 war.,

257 3481 87 50 the
380 3494 162 48 present
582 3489 45 50 is,
672 3490 357 53 unquestionably,
1070 3488 76 47 the
1181 3490 148 48 justest
1374 3485 76 40 and
1527 3490 64 34 ost

257 3542 259 41 honourable
543 3543 99 39 that.
653 3555 25 26 a
696 3550 171 46 country
892 3557 80 26 was
990 3556 97 28 ever
1106 3539 188 46 involved
1323 3539 56 39 in.
1433 3531 54 47 We
1487 3531 27 47 .
1524 3540 63 64 are'
1586 3540 17 64 ,
1607 3531 1 74 l
1607 3531 1 74 i

256 3595 129 57 going
409 3601 46 34 to
472 3595 116 54 'fight
605 3596 76 40 for.
707 3609 122 40 every
850 3598 115 52 thing
994 3594 130 43 which
1154 3595 31 40 is
1213 3592 167 52 binding
1403 3605 51 30 on
1488 3604 104 32 men,

246 3652 185 51 *rushee,
451 3648 178 47 honour,
644 3656 241 46 permanent
895 3650 197 51 security,
1111 3661 47 26 or
1175 3650 237 48 permanent
1433 3641 170 54 miP.ery,.

260 3702 168 53 appeal,-
442 3703 96 40 with
554 3702 129 53 equal'
694 3702 126 46 force,
842 3707 43 33 to
900 3703 71 45 the
985 3700 169 53 feelings
1168 3698 78 41 and
1265 3699 181 41 interests
1459 3696 20 59 o
1499 3696 19 59 1
1538 3696 59 59 the

262 3757 145 39 British
430 3756 142 39 nation
585 3756 85 41 and
680 3761 286 48 government.
996 3755 87 40 Th'e
1096 3754 150 53 apathy
1260 3750 84 39 and.
1356 3749 214 40 lukewarm-

262 3822 87 28 ness
367 3809 50 40 of
428 3809 71 40 the
520 3809 202 41 Ministers
735 3807 125 57 'appal
878 3821 61 33 us,
957 3820 61 27 we
1038 3810 106 35 mast
1162 3804 170 40 confess.
1361 3803 111 59 They
1493 3801 105 52 have

1602 3856 2 1 .

262 3862 120 47 done,
398 3862 83 40 and
496 3863 61 39 do
568 3862 193 54 nothing;
777 3861 158 52 worthy
956 3860 51 41 of
1015 3861 70 39 the
1102 3870 204 28 resources
1318 3855 57 41 -of
1388 3855 216 39 thecoua-.

262 3922 78 46 try.
396 3917 156 40 We:see
570 3918 38 38 in
624 3917 105 40 their
750 3926 219 34 measures,
993 3912 178 41 conduct
1185 3911 78 40 and
1276 3908 152 54 policy,
1455 3905 138 43 alithe

263 3969 207 53 alarming-
511 3970 104 51 signs
657 3967 131 41 which
837 3966 198 54 preceded
1082 3964 69 41 the
1192 3960 195 52 downfall
1424 3959 61 47 -of
1531 3958 70 45 the

265 4022 190 40 Prussian
493 4022 239 53 Monarchy.
798 4022 113 52 They
944 4019 143 40 evince
1117 4017 71 44 the
1222 4028 110 28 same
1365 4013 123 54 levity
1520 4012 78 39 and

265 4075 228 41 oscillation
511 4090 53 26 on
582 4076 72 40 the
674 4088 96 40 very
790 4064 123 58 brink
933 4071 50 41 of
1009 4072 70 39 the
1098 4068 213 56 precipice.
1369 4068 111 52 They
1500 4076 102 31 issue

266 4129 155 46 orders,
450 4128 80 40 and
563 4128 211 40 withdraw
800 4127 118 40 'them
954 4126 39 39 in
1026 4126 69 38 the
1126 4134 111 30 same
1270 4120 162 50 breath,
1465 4119 143 53 ..They!

267 4180 94 58 plan
396 4183 278 54 expeditious,
702 4179 81 50 awl
816 4179 118 45 whew
963 4178 94 54 they
1094 4188 69 30 are
1198 4175 122 61 road,
1349 4173 67 50 for
1442 4172 158 52 Win,

829 4256 65 12 ..
992 4250 6 8 •
1009 4250 1 18 .

1612 235 118 39 order
1749 237 70 39 the
1837 242 142 53 troops
2000 244 41 33 to
2062 239 246 40 disembark.
2366 239 112 50 They
2497 239 119 51 begin
2655 242 45 35 to
2730 248 85 28 arm
2835 239 119 39 when

1612 287 69 39 the
1700 293 157 35 contest
1877 289 32 40 is
1928 288 90 46 half
2030 305 128 31 over;
2189 292 80 39 and
2287 304 120 38 every
2427 294 65 35 act
2511 291 50 39 of
2574 291 107 39 their
2699 289 158 54 foreign
2877 302 50 40 po-

1613 338 73 54 licy
1707 340 31 43 is
1755 343 182 52 stamped
1958 344 92 39 with
2074 350 105 33 want
2198 343 50 40 of
2261 344 109 43 fixed
2391 341 142 53 object
2550 343 77 46 and
2648 340 96 46 will,

1663 458 32 35 A
1707 459 234 37 New-York
1958 461 92 35 Mail
2069 463 150 33 arrived
2239 461 194 46 yesterday
2450 459 71 35 and
2538 461 159 43 brought
2718 459 236 38 New-York

1618 507 141 45 Papers
1778 514 37 27 to
1830 511 60 31 the
1911 508 83 37 19th
2013 509 44 33 of
2072 511 195 43 February
2287 509 191 39 inclusive,
2499 507 87 37 with
2600 517 99 24 sotue
2718 509 124 33 letters
2861 507 96 40 from

1617 554 228 37 New-York
1872 556 43 34 of
1938 556 61 33 the
2019 557 103 33 lath.
2174 557 34 33 A
2229 557 339 37 Non-Intercourse
2589 554 74 34 Bill
2693 556 31 33 is
2741 556 33 32 in
2796 557 45 31 its
2867 566 70 34 pro-

1615 611 97 33 gress
1728 604 159 41 through
1910 605 191 43 Congress,
2120 605 48 43 by
2189 605 120 34 which
2333 604 60 33 the
2413 602 241 45 importation
2672 602 45 32 of
2734 600 137 35 British
2885 600 72 38 and

1622 646 137 37 French
1778 650 112 43 goods
1907 651 27 33 is
1949 658 37 26 to
2006 661 104 25 cease
2124 651 97 33 after
2235 651 63 35 the
2310 650 87 34 '2oth
2412 650 44 33 of
2470 651 103 40 May,
2587 650 69 33 and
2679 648 59 34 the
2754 650 203 44 Embargo,

1616 706 39 22 as
1674 696 30 33 it
1720 703 161 38 respects
1896 698 52 34 all
1964 698 107 34 other
2088 699 193 40 Countries
2307 699 63 32 but
2389 698 116 32 Great
2535 696 143 35 Britain
2701 697 69 32 and
2799 696 159 43 France,

1622 754 72 22 was
1710 750 35 25 to
1767 745 44 31 be
1831 745 169 43 repealed
2017 757 45 24 on
2079 746 61 35 the
2158 745 64 34 4th
2242 745 45 33 of
2300 746 73 32 this
2392 744 143 34 month.
2585 744 80 33 'ki►e
2685 742 197 46 following
2894 755 65 26 are

1620 791 60 33 the
1698 791 201 44 important
1917 798 161 27 contents
2092 793 44 33 of
2147 794 100 33 these
2263 794 142 43 Papers
2422 803 61 21 :

1839 857 139 26 HOOSn
2004 856 53 27 OP
2085 857 439 33 22.VPRBSATAT4TIEAS,
2552 855 63 27 .7.1
2615 855 32 27 N.
2666 848 66 37 50.

1667 906 34 34 A
1731 917 157 35 message
1924 919 73 22 was
2024 909 164 34 received
2220 908 96 34 from
2348 908 64 33 the
2445 907 207 38 President,
2679 907 28 34 it
2725 908 191 34 embraced
2936 919 24 25 a

1623 954 107 34 letter
1757 956 99 41 from
1884 957 71 32 Mr.
1974 957 208 34 CANNING
2203 963 38 27 to
2263 957 72 32 Mr.
2355 956 236 39 PINKNEY,
2615 956 111 33 dated
2746 954 61 34 the
2829 957 71 33 22d
2920 957 45 33 of

1622 1000 227 43 November,
1874 1004 34 34 in
1942 1004 107 44 reply
2079 1010 39 27 to
2145 1003 77 34 Mr.
2257 1002 255 38 ffirtu.Ncv's
2542 1002 44 34 of
2613 1002 61 35 the
2706 1002 84 34 10th
2816 1003 45 34 of
2880 1004 84 39 that

1622 1050 137 33 month.

1670 1097 73 34 Mr.
1767 1096 229 38 NICHOLAS
2013 1097 130 35 moved
2170 1102 39 30 to
2235 1097 117 34 strike,
2366 1102 65 31 out
2450 1097 61 34 the
2530 1095 122 37 whole
2678 1096 45 34 of
2737 1095 53 35 his
2823 1098 142 33 resolu.

1622 1144 77 33 tion
1720 1143 57 34 for
1796 1146 185 41 removing
2000 1144 61 33 the
2085 1146 185 45 Embargo
2288 1146 67 33 and
2379 1146 201 44 preparing
2603 1143 61 34 for
2683 1144 106 40 War,
2816 1152 142 39 except

1624 1191 60 34 the
1703 1192 102 33 word
2134 1191 57 34 for
2210 1194 61 32 the
2284 1202 159 34 purpo:•e
2463 1191 44 35 of
2517 1191 231 44 introducing
2765 1202 24 22 a
2813 1202 119 34 propo-

1622 1239 125 39 sition,
1774 1238 195 45 following
1995 1250 51 34 nip
2070 1239 63 34 the
2163 1240 123 44 repeal
2320 1241 43 31 of
2388 1241 63 37 the
2486 1240 202 41 Embargo,
2715 1246 39 26 at
2777 1250 24 22 a
2817 1239 146 37 certain

1624 1286 89 41 day,
1740 1289 47 39 by
1818 1286 123 34 letters
1958 1285 45 33 of
2016 1287 152 44 marque
2194 1289 70 31 and
2291 1287 170 44 reprisal.
2513 1285 80 41 The
2613 1286 139 40 tnation
2774 1294 37 26 to
2835 1289 129 37 striks

1626 1342 60 25 out
1709 1343 73 24 was
1800 1335 142 34 carried
1962 1335 50 41 by
2030 1344 24 24 a
2070 1338 104 39 great
2191 1333 194 46 majority.

1677 1390 98 34 Fee.
1794 1387 170 38 I.—The
1983 1388 289 38 Ilousedecided
2287 1391 46 34 53
2353 1398 37 26 to
2407 1389 60 44 41,
2494 1395 37 31 to
2551 1400 142 31 ;Triune
2706 1389 64 37 the
2786 1400 69 25 con
2865 1389 98 37 side:

1629 1439 118 33 ration
1767 1439 44 31 of
1827 1436 209 35 Nicholas's
2057 1439 252 39 Resolutions.

1674 1485 81 33 The
1779 1485 169 44 question
1968 1494 73 24 was
2059 1485 130 39 taken,
2213 1491 40 27 to
2271 1485 116 35 strike
2406 1489 65 31 out
2489 1485 79 37 that
2594 1491 86 39 part
2698 1485 46 33 of
2766 1485 60 33 the
2844 1485 92 43 Rom-

1629 1531 117 34 lution
1779 1544 24 21 w
1815 1533 83 37 hich
1925 1543 178 34 proposes
2122 1533 132 43 issuing
2275 1533 139 34 Letters
2443 1532 43 33 of
2503 1532 154 45 Marque
2674 1532 71 38 and
2766 1531 195 47 Reprisa4

1629 1579 67 33 and
1714 1579 148 37 carried
1883 1579 33 33 in
1938 1580 61 32 the
2016 1579 372 44 affirmative—Ayes
2405 1579 61 43 57,
2496 1580 99 41 /fives
2610 1580 61 40 39.

1678 1626 34 34 It
1737 1637 73 22 was
1839 1626 150 34 decided
2009 1628 50 45 by
2092 1626 45 39 61
2160 1635 100 27 votes
2287 1633 39 28 to
2342 1628 39 40 2,
2407 1633 40 31 to
2474 1628 124 44 repeal
2620 1629 63 32 the
2704 1626 187 47 Embargo
2908 1637 51 25 on

1630 1674 59 33 the
1706 1674 65 34 4th
1789 1674 45 33 of
1851 1675 144 33 March.

1681 1733 102 39 FEU.
1802 1733 125 39 11.-..
1928 1735 66 37 The
2013 1735 266 46 Approbation
2297 1734 77 41 Bill
2402 1746 76 26 was
2496 1735 89 38 read
2609 1746 24 26 a
2648 1735 102 37 third
2777 1736 91 38 time
2888 1735 76 37 and

1633 1783 141 43 passed.

1678 1831 80 32 The
1786 1828 194 47 following
2000 1831 27 33 is
2043 1841 24 22 a
2083 1840 184 33 summary
2287 1830 43 35 of
2350 1831 61 32 the
2433 1830 188 44 provision
2646 1828 45 37 of
2718 1831 64 34 the
2800 1831 77 40 Bill
2896 1844 63 22 :

1638 1877 58 33 All
1710 1878 124 32 armed
1850 1878 100 44 ships
1964 1874 43 37 or
2026 1879 129 32 vessels
2171 1879 44 33 of
2225 1878 113 35 Brett
2359 1877 143 35 Britain
2522 1879 66 38 and
2611 1876 142 37 France
2770 1889 65 25 are
2854 1879 93 33 inter-

1635 1924 117 33 dicted
1767 1924 96 33 from
1878 1926 163 41 entering
2059 1936 67 24 our
2141 1935 119 34 ports,
2272 1924 92 37 from
2385 1926 61 32 the
2464 1924 144 46 passing
2626 1924 44 34 of
2683 1925 60 32 the
2757 1931 74 30 act.
2888 1920 53 40 Un-

1635 1971 125 34 armed
1774 1974 128 33 vessels
1915 1982 63 25 are
1994 1980 37 26 to
2052 1974 43 33 he
2115 1974 233 40 interdicted,
2374 1971 92 34 from
2485 1974 70 39 and
2568 1972 100 33 after
2687 1974 60 31 the
2894 1970 76 48 day

1638 2017 44 34 of
1773 2026 100 27 nest.
1929 2017 265 46 Importations
2206 2022 41 30 of
2268 2020 138 33 British
2425 2020 69 32 and
2533 2020 135 40 French
2686 2020 130 43 goods,
2836 2029 135 32 wares,

1637 2067 67 38 aud
1726 2067 272 40 inereharniize,
2023 2076 66 22 are
2105 2073 35 26 to
2167 2078 104 22 cease
2287 2066 98 39 after
2401 2067 61 33 the
2489 2068 87 35 20th
2595 2066 44 34 of
2668 2067 89 44 Atay
2778 2066 99 35 next.
2936 2068 41 35 If

1638 2115 120 31 either
1783 2115 141 35 Britain
1946 2125 43 21 or
2024 2114 143 35 France
2197 2115 96 34 shall
2320 2114 138 35 revoke
2485 2115 63 33 the
2567 2114 135 33 Orders
2734 2125 41 22 or
2812 2115 161 34 Decrees

1642 2161 181 51 violating
1838 2172 69 22 our
1922 2163 141 33 neutral
2082 2161 130 43 rights,
2246 2163 60 32 the
2340 2163 197 43 operation
2567 2161 44 34 of
2622 2164 63 31 the
2704 2163 71 33 law
2807 2172 38 24 as
2865 2164 28 32 it
2911 2174 60 21 re.

1642 2216 115 35 spects
1785 2212 61 28 the
1864 2219 126 33 power
2020 2210 195 41 revoking.
2246 2209 126 32 should
2402 2207 195 34 forthwith
2627 2218 119 28 cease.
2802 2210 46 33 As
2869 2211 26 32 it
2915 2220 38 21 re-

1641 2264 118 34 spects
1776 2256 48 32 all
1846 2257 105 32 other
1968 2258 196 35 countries,
2192 2257 61 32 the
2274 2256 183 41 Linhargo
2487 2256 27 33 is
2533 2263 37 26 to
2589 2257 44 33 he
2652 2257 172 43 repealed
2843 2269 44 22 ou
2907 2258 65 33 the

1641 2304 63 33 4th
1723 2303 45 32 of
1793 2304 141 34 March.
1989 2304 142 34 Vessels
2163 2303 132 44 sailing
2313 2303 97 32 after
2437 2304 63 30 the
2529 2303 164 35 removal
2726 2303 45 34 of
2796 2306 60 33 the
2887 2306 58 33 Em-

1646 2356 125 34 !.argo,
1798 2361 64 22 are
1880 2359 34 25 to
1930 2352 83 40 give
2033 2352 112 32 bonds
2164 2352 34 31 in
2216 2352 133 32 dotehle
2370 2352 60 32 the
2444 2360 148 30 amount
2619 2350 44 34 of
2683 2350 60 32 the
2766 2353 107 32 vessel
2901 2350 72 37 and

1642 2408 129 32 cargo,
1785 2405 60 26 not
1866 2405 35 25 to
1922 2398 137 33 violate
2074 2399 61 32 the
2153 2398 209 43 provisions
2379 2398 40 37 of
2431 2396 58 32 the
2507 2396 338 35 Non-Intercourse
2870 2401 103 33 Law.

1645 2445 78 33 The
1749 2444 73 33 Bill
1856 2454 70 22 was
1945 2445 103 33 made
2068 2446 61 31 the
2150 2444 120 33 Order
2300 2444 43 37 of
2375 2444 61 32 the
2467 2444 84 44 Day
2568 2444 58 33 for
2643 2444 163 35 Tueslas
2822 2471 7 9 .
2883 2447 93 34 This

1651 2492 71 33 Bill
1755 2492 63 35 has
1850 2493 86 31 been
1955 2494 171 40 reported
2148 2492 103 32 much
2278 2491 130 34 earlier
2434 2493 85 31 than
2544 2502 73 22 wits
2644 2493 197 41 expected.
2894 2494 85 33 The

1654 2543 52 32 !tli
1726 2541 40 32 Of
1785 2541 128 37 March
1929 2541 26 31 is
1972 2542 100 30 coil:
2074 2539 77 41 010
2173 2542 60 28 the
2254 2539 69 39 day
2347 2549 24 21 vs
2383 2541 83 31 hick
2486 2538 64 43 bas
2567 2543 86 35 been
2669 2539 128 45 finally
2816 2541 99 33 fixed
2927 2541 33 46 oa-

1632 2585 1 45 .
1646 2587 59 33 for
1720 2588 64 32 the
1805 2587 122 44 repeal
1946 2585 44 35 of
2002 2594 59 25 the
2087 2587 195 40 Embargo.

1762 2643 103 26 Esoa
1877 2642 44 31 Y,
1954 2633 99 33 Fr.a.
2074 2633 193 34 14.—The
2289 2633 70 34 Bill
2380 2633 60 35 for
2457 2633 128 44 laying
2598 2643 44 34 an
2654 2634 207 38 additional
2882 2635 92 46 duty

1648 2692 97 35 upon
1759 2681 259 44 importations
2039 2691 74 24 was
2128 2680 209 35 considered
2355 2681 34 37 in
2411 2681 222 35 Committee
2648 2681 46 35 of
2708 2683 63 32 the
2792 2685 133 32 whole.

1633 2728 4 47 .
1695 2731 79 33 The
1811 2730 111 45 blank
1951 2730 34 33 in
2014 2728 65 41 the
2109 2728 76 41 first
2216 2728 154 43 section,
2395 2728 58 34 for
2473 2730 61 33 the
2568 2731 165 33 advance
2752 2740 69 35 per
2836 2737 143 32 cent=

1650 2787 96 34 upon
1765 2777 63 33 the
1848 2781 207 39 permanent
2073 2776 119 33 duties
2209 2786 80 22 now
2317 2776 163 44 imposed
2502 2777 47 38 by
2583 2776 90 44 laW,
2711 2789 76 22 was
2817 2778 96 33 filled
2933 2772 46 41 on

1649 2825 63 33 the
1726 2824 141 33 motion
1896 2823 44 33 of
1959 2823 24 39 M
1983 2823 25 39 r
2008 2823 25 39 .
2067 2824 145 41 Alston,
2242 2822 91 35 with
2350 2824 59 32 the
2432 2813 102 44 word
2542 2823 93 45 fifty
2650 2826 87 41 (per
2752 2824 116 41 cent.)
2921 2825 60 43 Of

1650 2882 125 25 course
1795 2872 61 32 the
1873 2870 115 35 duties
2006 2881 66 31 are
2082 2876 64 28 nut
2160 2869 174 48 doubled,
2359 2881 39 26 as
2421 2881 73 25 was
2510 2870 198 46 originally
2725 2874 249 43 contemplat,

1649 2919 57 33 ed.

1698 2966 79 34 The
1798 2965 338 37 Non-Intercourse
2158 2963 74 35 Bill
2250 2963 63 38 has
2330 2970 63 34 qot
2411 2965 91 33 heen
2522 2965 111 34 taken
2654 2978 64 21 L.

1700 3015 79 33 The
1807 3015 132 32 Senate
1969 3013 92 34 have
2093 3012 142 45 passed'
2256 3014 69 32 Mr.
2348 3012 135 34 Giles's
2510 3012 233 43 Resolution,
2773 3013 72 37 No.
2865 3015 34 41 1,
2928 3015 46 34 of

1652 3063 60 33 the
1733 3061 143 45 Repeal
1896 3060 43 35 of
1950 3061 63 32 the
2026 3060 202 44 Enibargo,
2252 3060 69 37 and
2339 3060 236 45 substituting
2594 3058 392 50 NOn-lnie‘yourse—,

1655 3109 99 46 Ayes
1765 3105 201 40 23--Noes

1708 3204 85 59 The
1813 3203 240 43 Chancellor
2070 3206 52 38 of
2137 3206 65 38 the
2222 3204 235 53 Exchequer
2470 3216 104 38 gave
2594 3204 136 43 notice
2748 3219 53 39 on
2822 3207 167 53 Fr;day,

1655 3272 41 26 as
1716 3259 78 39 will
1817 3259 48 39 be
1880 3259 87 39 seen
1989 3257 48 51 by
2060 3270 77 26 our
2158 3257 315 51 Parbatheritary
2504 3259 175 50 Report,
2711 3259 50 37 of
2776 3272 20 24 a
2829 3261 161 38 niotiint

1656 3318 44 33 to
1713 3309 4 57 •
1727 3311 117 53 bring
1873 3311 41 39 in
1942 3317 24 33 a
1998 3309 159 40 Bal:for
2178 3309 240 53 preventing
2437 3311 69 40 the
2524 3309 174 53 disposal
2720 3311 50 39 of
2783 3312 132 51 places
2936 3314 54 52 by

1659 3364 180 46 hrok,ers.
1897 3363 216 39 Whatever
2128 3363 110 51 good
2255 3363 78 39 this
2349 3363 71 39 Bill
2434 3374 93 40 may
2548 3363 70 45 do,
2643 3361 222 48 therefore,
2888 3369 46 45 iii
2960 3371 32 38 ►t

1657 3417 97 39 dud
1768 3429 94 39 any,
1874 3416 51 39 of
1933 3415 130 40 which
2086 3426 57 28 we
2161 3416 105 39 have
2287 3428 111 27 some
2411 3415 169 50 doubt),
2596 3415 76 40 will
2691 3416 105 40 have
2817 3418 176 43 resulted

1659 3470 103 39 from
1782 3470 71 38 the
1869 3468 159 44 labours
2040 3468 86 39 and
2145 3468 236 40 discoveries
2401 3468 48 39 of
2463 3469 77 38 Mr.
2565 3468 178 45 Wardle,
2800 3472 80 38 But
2900 3474 92 52 why

1661 3524 28 37 is
1711 3523 31 39 it
1759 3520 107 54 only
1892 3534 86 25 now
2011 3521 89 39 that
2118 3521 96 38 such
2235 3534 24 25 a
2280 3533 181 26 measure
2491 3521 74 38 has
2585 3521 98 40 been
2705 3522 90 39 first
2812 3521 183 54 thought

1659 3575 65 38 of?
1770 3574 87 39 The
1876 3573 78 40 evil
1972 3578 43 34 to
2036 3573 51 39 be
2108 3573 320 39 remedied—the
2450 3574 130 40 traffic
2596 3574 37 39 in
2655 3575 136 50 public
2809 3575 187 43 offices,-

1659 3628 71 39 has
1746 3627 100 40 been
1866 3639 44 31 as
1928 3626 215 41 notorious
2160 3639 41 31 44
2218 3624 133 54 public
2367 3625 333 44 advertisements
2712 3627 120 43 could
2851 3631 143 38 render

1661 3680 137 47 them;
1830 3678 78 40 and
1923 3691 41 26 as
1984 3680 69 38 the
2070 3674 177 46 customs
2269 3677 76 40 and
2367 3691 185 27 manners
2567 3679 46 39 of
2624 3693 22 25 a
2663 3680 148 53 people
2826 3694 71 30 are
2909 3680 89 44 said

1661 3738 45 35 to
1721 3735 152 38 be-best
1891 3731 161 40 learned
2072 3732 52 48 by
2146 3731 105 40 their
2268 3731 141 39 novels
2425 3732 78 38 and
2525 3745 266 40 newspapers,
2813 3731 159 57 foreign-

1661 3798 65 27 ens
1760 3790 110 35 must
1900 3784 104 47 have
2027 3783 78 41 had
2126 3796 25 26 a
2170 3789 162 47 strange
2350 3784 91 40 idea
2458 3782 51 41 of
2533 3785 69 39 the
2634 3787 154 39 British
2809 3787 163 41 Govern-

1663 3842 124 41 ment,
1817 3836 92 40 who
1941 3848 79 27 saw
2047 3836 38 40 in
2106 3836 72 40 the
2193 3850 112 26 same
2336 3835 165 41 column
2533 3839 229 39 advertised
2790 3852 27 28 a
2842 3839 84 41 sale
2954 3839 51 43 of

1662 3891 151 46 horses,
1848 3888 78 41 and
1956 3887 51 41 of
2029 3894 30 26 «
2079 3891 112 39 Seats
2210 3889 39 40 in
2269 3901 25 28 a
2310 3889 152 43 certain
2838 3919 19 12 •.

1715 3953 90 39 The
1825 3953 274 39 Emoluments
2131 3951 80 41 lost
2241 3951 48 54 by
2311 3951 71 40 the
2408 3951 122 41 Duke
2557 3952 50 40 of
2628 3953 138 47 York,
2796 3954 39 41 in
2861 3965 118 31 conse-

1663 4017 155 44 quence
1835 4004 52 43 of
1909 4004 59 39 his
1988 4004 244 53 resignation
2252 4017 43 27 as
2314 4005 273 40 Commander
2603 4006 40 39 in
2661 4006 132 50 Chief,
2823 4020 71 28 are
2907 4006 77 41 esti-

1667 4058 132 40 mated
1818 4058 56 52 by
1894 4055 175 54 military
2102 4069 91 28 men
2216 4062 39 38 at
2275 4057 130 41 about
2424 4062 136 35 60001.
2578 4071 70 40 per
2668 4071 94 28 anti.
2822 4061 89 40 Th?,
2931 4074 47 39 ap-

1664 4113 247 52 pointments
1942 4121 71 28 are
2034 4113 110 44 'l,O/.'
2157 4110 142 53 a‘clay;
2326 4110 155 40 besides
2515 4122 52 30 an
2601 4110 226 43 allowance
2862 4114 67 41 for
2952 4120 53 37 be

1662 4165 156 50 hones,
1837 4163 64 45 his
1916 4161 221 58 travelling
2154 4175 195 45 expouces
2368 4163 213 54 defrayed,
2598 4165 247 59 stationary,
2864 4168 74 43 &c.

1945 4221 6 20 ;
