3236 4524
1106 113 143 53 THE
1283 112 373 54 NATIONAL
1690 103 372 64 REGISTER.

244 117 254 56 MARCH
534 116 85 48 26.

219 273 86 31 titre
356 263 267 38 deliberation,
670 263 71 31 and
797 260 170 33 however
1007 260 214 46 ungracious
1254 261 30 34 it
1320 261 118 45 might
1475 272 45 34 ap-

221 325 110 35 pear,
356 312 98 34 after
472 312 61 33 the
565 306 308 37 communication
905 306 103 35 made
1031 309 41 43 b)
1100 306 61 35 the
1176 308 221 35 Chancellor
1414 306 45 35 of
1483 308 60 34 the

226 361 243 43 Exchequer,
497 358 46 34 he
561 364 89 26 must
670 356 73 33 still
767 354 130 44 persist
915 354 32 34 in
969 356 40 32 it.
1067 354 57 37 He
1148 356 69 37 had
1241 354 302 40 conscientiously

223 410 111 40 voted
352 407 143 37 against
511 404 51 35 all
579 405 61 32 the
666 402 191 34 Addresses
879 403 118 32 yilti•.-1
1015 406 97 34 went
1128 407 38 28 to
1192 402 137 43 charge
1346 402 54 34 his
1422 402 120 44 Royal

227 457 187 41 Highness
430 454 89 34 with
534 451 216 46 corruption
765 459 43 27 or
821 449 163 39 criminal
997 449 219 37 connivance
1228 450 128 43 (Hear
1371 449 14 33 !
1411 448 138 44 heart)

226 504 73 34 and
327 503 44 32 he
406 500 184 45 perfectly
609 496 200 38 concurred
834 496 33 33 hi
904 496 170 44 thinking
1107 496 89 34 with
1222 496 57 38 his
1315 495 117 45 Right
1449 495 99 37 thin.

231 550 137 46 Friend
389 547 96 45 (Mr.
513 546 197 41 Perceval)
730 544 84 38 that
844 544 53 32 ais
918 543 122 45 Royal
1059 542 178 44 Highness
1265 548 97 30 went
1377 547 63 35 oat
1461 541 89 37 with

230 600 105 33 clean
371 596 110 34 hands
522 593 19 43 (
550 594 102 33 Hear
666 592 14 33 !
723 594 89 31 hear
826 592 13 32 !
863 592 104 44 j'eNn
992 591 59 34 the
1088 589 221 35 Ministerial
1324 589 154 35 bench**.
1489 588 64 41 )

234 647 74 45 put
326 645 98 33 after
439 643 81 34 that
534 641 168 46 question
722 650 77 24 was
815 638 163 43 decided,
1006 638 45 33 he
1076 647 76 25 caw
1169 647 45 24 no
1233 638 110 33 other
1354 646 126 25 course
1496 634 59 37 for

231 696 64 39 the
315 692 123 34 House
464 696 38 27 to
531 697 145 35 porsoe,
702 686 89 37 than
809 685 79 34 that
905 684 136 35 branch
1064 685 41 33 of
1122 684 60 34 the
1199 684 149 45 inquiry
1370 681 120 37 which
1509 684 45 34 he

236 741 72 34 had
330 739 110 34 taken
459 749 65 33 up.
561 736 81 33 The
656 736 168 41 question
835 732 43 33 of
892 731 252 40 interference,
1163 731 157 34 without
1335 739 73 35 any
1424 730 131 45 degree

233 784 47 40 Of
292 785 217 45 corruption
522 783 190 41 attaching
730 788 38 26 to
789 778 119 35 it—of
919 780 235 33 interference
1170 780 137 41 arising
1325 778 91 33 from
1430 787 45 24 an
1491 778 44 34 im-

236 846 144 46 proper
391 834 69 34 and
480 831 196 43 unworthy
689 829 190 40 influence,
889 827 187 46 appeared
1095 831 38 28 to
1153 826 73 37 him
1240 831 35 27 to
1291 827 45 32 be
1346 834 67 25 one
1431 823 123 35 which

239 885 65 34 the
344 879 126 37 House
511 879 111 40 ought
674 882 38 28 to
765 886 102 24 come
917 879 38 28 to
1005 883 22 24 a
1076 873 159 33 decision
1287 883 111 32 upon.
1470 870 87 34 This

227 933 93 34 'was
339 931 63 32 the
420 930 94 31 view
544 938 31 21 w
585 925 81 33 lich
687 925 43 32 he
746 924 90 34 took
867 920 45 35 of
924 920 61 34 the
1003 919 155 45 subject,
1183 920 105 34 when
1313 920 45 32 he
1376 919 72 33 tirst
1478 919 61 32 sub-

242 978 131 35 mitted
393 977 54 33 his
468 973 217 35 Resolution
702 977 39 27 to
755 971 61 32 the
833 971 136 39 llotke,
994 969 69 34 and
1084 969 41 32 he
1146 967 69 33 had
1228 977 81 24 seen
1329 977 45 22 no
1393 966 167 33 occasion

243 1033 40 27 to
304 1028 97 32 alter
420 1023 54 33 his
493 1020 169 46 opinion.
712 1020 107 32 Some
854 1016 211 34 (cnttemneu
1097 1015 119 34 would
1246 1015 93 34 have
1365 1011 111 35 voted
1505 1011 57 35 for

244 1075 64 33 the
327 1082 102 24 more
444 1080 126 22 severe
588 1075 196 32 measures,
811 1065 70 33 had
907 1069 64 28 not
989 1063 54 33 his
1061 1062 175 34 intention
1252 1062 43 33 of
1309 1061 167 43 bringing
1491 1059 54 32 for-

244 1122 105 34 ward
380 1120 54 32 his
458 1116 215 35 Resolution
699 1115 91 32 been
821 1114 148 38 known,
994 1109 70 34 and
1090 1109 70 33 this
1187 1108 44 33 he
1264 1108 155 43 thought
1436 1117 21 22 a
1476 1116 85 34 very

246 1175 126 35 strong
386 1175 128 25 reason
527 1165 60 33 for
598 1169 58 27 not
673 1160 255 40 withdrawing
938 1160 43 32 it.
1015 1159 41 33 In
1070 1155 203 44 describing
1283 1154 61 34 the
1355 1154 210 34 connection

249 1215 125 35 which
392 1214 60 33 the
475 1212 109 34 Duke
605 1209 71 34 had
691 1206 149 35 himself
854 1205 216 40 condemned
1085 1205 33 33 in
1134 1204 54 34 his
1204 1204 126 38 letter,
1348 1202 61 33 but
1427 1200 85 45 only
1531 1199 35 34 in

247 1274 71 26 one
335 1264 124 44 place,
482 1260 73 34 and
575 1258 83 35 then
674 1258 54 33 oul
737 1266 22 33 y
780 1253 90 35 with
883 1264 22 24 a
920 1252 181 34 reftvence
1115 1257 38 27 to
1173 1251 60 34 the
1244 1251 215 44 unpleasant
1478 1258 39 33 pt
1524 1258 38 22 o-

249 1305 170 48 Feedings
441 1307 118 34 which
589 1304 70 35 had
679 1315 35 25 re
720 1316 8 21 s
738 1303 97 38 ulted
852 1302 93 34 from
973 1302 44 40 it,
1046 1299 44 33 he
1104 1298 69 34 had
1191 1297 107 46 expre
1298 1297 21 46 ,
1319 1297 65 46 sed
1402 1297 56 32 his
1472 1304 97 25 sense

252 1359 45 34 of
311 1357 63 43 the
392 1355 228 44 initnorldity
639 1352 44 33 of
702 1352 60 32 the
783 1349 231 39 transaction.
1068 1348 37 33 It
1123 1346 67 33 had
1209 1348 92 31 been
1332 1342 133 44 argued
1489 1342 79 34 that

254 1407 64 44 the
335 1406 125 33 House
489 1396 74 41 was
578 1411 25 27 a
617 1400 89 45 very
725 1398 188 43 improper
922 1396 116 44 judge
1061 1403 96 35 upon
1172 1393 85 34 such
1273 1391 207 39 occasions;
1506 1389 65 33 but

253 1453 131 43 where
409 1462 24 24 a
448 1448 214 37 connection
680 1444 113 43 might
814 1444 92 33 have
938 1442 61 34 led
1028 1448 39 26 to
1100 1441 84 34 such
1215 1440 202 44 dangerous
1448 1447 103 26 conse-

255 1493 158 56 quences
437 1502 39 43 to
503 1496 61 45 the
591 1498 116 40 State,
733 1492 46 34 he
804 1489 63 44 fii4
904 1495 61 30 not
999 1499 58 25 see
1091 1489 83 33 how
1217 1488 59 33 the
1315 1486 119 34 House
1466 1483 41 35 co
1507 1483 64 35 uld

257 1546 185 35 withhold
485 1545 46 43 its
565 1541 167 46 opinion.
807 1538 83 34 The
931 1538 113 43 Right
1089 1534 239 40 Honourable
1367 1533 209 34 Gentleman

259 1594 202 46 concluded
506 1591 91 41 with
643 1589 145 41 moving
824 1585 61 34 the
924 1584 197 45 following
1156 1583 229 39 Resolution,
1426 1580 27 21 44
1479 1579 97 33 That

260 1642 118 35 while
391 1642 73 34 this
483 1639 128 35 House
630 1635 296 46 acknowledges,
953 1631 91 34 with
1072 1630 196 45 gratitude,
1302 1629 63 35 the
1388 1624 190 38 beneficial

250 1693 133 40 'effects
412 1688 45 34 of
482 1688 63 33 the
570 1685 94 34 rules
690 1683 70 34 and
791 1681 216 44 regulations
1026 1677 209 35 introduced
1261 1677 50 44 by
1338 1675 58 35 the
1417 1674 109 35 Duke
1543 1671 44 35 of

263 1739 117 38 York
400 1737 78 34 into
511 1734 59 35 the
591 1733 102 35 office
711 1730 41 34 of
778 1727 236 40 Commander
1044 1728 37 32 in
1101 1723 122 43 Chief,
1256 1723 76 37 and.
1354 1721 61 43 the
1439 1720 141 45 general

266 1787 274 45 improvement
557 1781 44 34 of
618 1780 59 34 the
694 1788 102 33 army
819 1775 107 38 under
945 1775 53 33 his
1017 1773 197 39 command,
1244 1772 27 34 it
1291 1772 63 33 has
1370 1779 96 30 seen,
1492 1766 90 34 with

266 1835 97 43 sleep
383 1837 136 40 regret,
544 1830 83 34 that
656 1838 24 22 a
703 1825 210 34 connection
933 1821 60 34 the
1011 1825 91 32 most
1127 1820 165 35 immoral
1312 1817 67 34 and
1397 1817 188 34 unbecom-

265 1883 39 44 Ow
304 1883 39 44 6,
358 1891 77 22 was
452 1877 169 35 attended
641 1874 90 41 with
746 1869 496 47 impropercommunication
1252 1864 69 35 and
1333 1863 19 40 i
1352 1863 19 40 n
1371 1863 135 40 terfere
1506 1863 19 40 n
1525 1863 59 40 ce,

267 1929 74 46 and
360 1937 92 32 gave
470 1928 132 33 colour
618 1923 71 38 and
705 1922 106 35 effect
828 1926 38 27 to
883 1916 236 37 transactions
1143 1916 60 37 the
1220 1917 93 31 most
1328 1910 164 40 criminal
1515 1910 69 33 and

254 1972 287 51 'disgraceful.''

320 2024 61 33 Sir
402 2022 215 33 WtI.I.IAM
635 2020 158 33 CuRTIs
814 2011 279 50 supported-the
1114 2009 157 41 Motion,

319 2069 98 37 Lord
443 2068 26 34 A
481 2079 20 33 L
501 2079 20 33 -
521 2079 40 33 rn
570 2079 53 22 on
635 2076 51 25 PE
707 2076 73 22 was
798 2063 44 35 of
855 2062 150 45 opinion
1025 2060 79 40 that
1122 2060 59 32 the
1204 2057 109 38 Duke
1331 2054 43 34 of
1389 2052 111 38 York
1518 2052 69 34 had

267 2120 94 33 been
396 2119 120 43 guilty
552 2115 45 33 of
625 2120 155 38 corrupt
806 2111 222 34 connivance
1069 2106 148 45 (Hear!
1264 2101 150 44 Hear!)
1452 2101 65 34 hut
1546 2099 41 33 he

270 2165 159 48 thought
458 2165 60 32 the
536 2169 156 38 country
709 2159 123 35 would
852 2167 80 25 now
952 2158 46 32 be
1019 2153 164 37 *satisfied
1211 2151 91 34 with
1331 2150 56 34 his
1408 2145 178 38 'removal.

346 2209 128 40 should
498 2210 185 35 therefore
704 2216 158 37 propose
876 2216 37 24 as
922 2216 45 22 an
978 2203 222 34 amendment
1219 2204 39 30 to
1278 2199 61 33 the
1361 2196 110 45 Right
1493 2193 92 34 Hon.

272 2259 248 38 tientleman's
543 2257 229 38 Resolution,
808 2254 79 41 that
912 2252 57 33 his
989 2250 123 45 Royal
1133 2248 181 43 Highness
1339 2245 60 33 the
1426 2242 107 35 Duke
1552 2241 43 32 of

270 2309 120 37 York
422 2308 132 41 having
573 2303 161 45 resigned
767 2302 65 40 the
854 2301 102 33 office
989 2298 44 33 of
1063 2295 252 37 Comumader•
1331 2294 34 32 in
1382 2288 124 40 Chief,
1531 2288 60 33 the

273 2357 129 34 House
418 2355 86 32 does
523 2361 60 25 not
604 2352 71 34 feel
694 2352 26 33 it
738 2357 187 32 necessary
945 2353 38 27 to
1003 2343 155 47 proceed
1185 2347 71 27 any
1274 2340 144 33 further
1437 2339 74 32 into
1532 2335 60 32 the

270 2402 274 35 consideration
559 2399 44 34 of
617 2399 61 41 the
694 2399 150 41 minutes
863 2393 44 35 of
917 2394 59 32 the
992 2392 170 34 evidence
1178 2378 125 54 before
1317 2386 61 39 the
1397 2385 138 40 House,
1553 2391 40 24 as

274 2452 61 40 far
348 2461 40 26 as
403 2451 83 43 they
509 2450 113 37 relate
643 2452 38 27 to
697 2445 63 39 the
781 2443 109 37 Duke
907 2440 44 35 of
967 2439 130 40 York,

322 2507 83 34 The
422 2507 296 38 CLIANcO.I.Oft
749 2500 44 35 of
813 2500 59 33 the
905 2498 276 37 EXCIIEWIER
1213 2490 96 41 said,
1338 2489 44 34 he
1408 2484 184 47 preferred

276 2556 65 39 the
369 2554 240 35 Amendment
630 2549 44 34 of
696 2549 64 34 the
783 2546 119 35 'Noble
924 2544 91 34 Lord
1033 2549 39 28 to
1093 2542 59 33 the
1170 2539 137 33 :notion
1341 2536 39 33 of
1408 2536 51 32 ilk
1482 2525 109 51 Right

278 2606 104 34 lion.
406 2601 146 39 Friend,
581 2597 120 37 which
720 2595 188 45 appeared
924 2597 38 28 to
980 2591 73 32 him
1126 2598 32 22 n:
1426 2594 32 32 tp
1469 2580 123 45 ported

279 2653 51 44 by
344 2661 71 32 any
433 2648 171 34 evidence
622 2652 41 27 at
679 2646 61 32 the
759 2646 79 32 bar.
898 2641 54 33 ile
981 2639 131 34 should
1143 2643 58 26 I;at
1328 2642 45 32 ny
1389 2630 86 33 time
1506 2628 91 32 have

280 2698 159 44 thought
467 2699 27 31 it
519 2704 202 28 necessary,
746 2692 69 33 aud
844 2689 73 33 still
947 2688 67 32 less
1031 2698 39 21 so
1089 2691 38 27 at
1156 2683 58 33 the
1233 2681 161 46 present,
1421 2676 105 35 when
1544 2673 53 39 his

283 2747 128 44 Royal
433 2744 178 45 Highness
630 2731 70 44 had
717 2745 76 28 sent
811 2738 33 33 in
865 2738 54 32 his
937 2732 231 45 resignation.

335 2802 94 40 Lord
449 2802 184 33 TEMPLE
656 2796 131 40 stated,
815 2793 78 33 that
912 2791 104 34 when
1035 2790 45 33 he
1098 2785 109 35 heard
1225 2784 63 33 the
1309 2778 241 38 Commander
1566 2777 35 33 in

283 2849 117 43 chief
416 2849 69 33 had
503 2844 178 45 resigned,
707 2843 41 38 he
770 2842 148 41 thought
939 2837 143 35 further
1101 2832 233 46 proceedings
1352 2836 250 30 unnecessary,

285 2901 65 33 but
369 2897 81 34 that
469 2895 151 40 opinion
640 2901 72 24 was
728 2889 139 35 altered
889 2888 103 33 when
1025 2884 45 33 he
1088 2882 109 33 heard
1218 2880 61 34 the
1297 2874 302 38 communication

286 2947 46 33 of
357 2947 64 33 the
441 2940 222 39 Chancellor
679 2937 44 40 of
754 2939 61 34 the
849 2934 235 44 Exchequer,
1108 2928 70 34 and
1212 2927 63 34 the
1303 2931 84 28 tone
1415 2924 35 32 in
1483 2920 119 33 which

287 2994 84 34 that
389 2989 307 45 communication
726 2996 76 22 was
834 2983 118 40 made,
978 2980 107 35 when
1115 2979 41 33 he
1172 2974 77 34 said
1270 2973 57 33 his
1345 2970 119 44 Royal
1486 2955 98 57 High-

289 3052 79 32 pess
396 3039 64 35 did
489 3044 63 28 not
582 3037 116 41 resign
735 3033 93 35 until
863 3031 54 34 his
934 3032 193 31 innocence
1161 3034 74 22 was
1265 3018 169 38 declared
1466 3012 138 46 (hear!

289 3087 138 44 hear!)
478 3085 79 34 The
579 3083 123 35 Noble
722 3080 97 35 Lord
835 3077 187 47 acquitted
1041 3074 56 32 his
1116 3071 119 45 Royal
1261 3067 187 44 Highness
1462 3061 45 35 of
1530 3070 60 26 cor-

292 3137 151 45 ruption'
461 3149 11 26 ;
500 3136 64 33 but
582 3130 113 35 asked
728 3129 34 35 if
777 3129 27 33 it
819 3126 105 35 could
943 3124 45 34 he
1015 3122 80 37 said
1111 3118 80 37 that
1207 3118 45 32 he
1274 3125 78 25 was
1367 3109 189 48 acquitted
1571 3107 43 34 of

291 3184 190 44 dispef;ing
497 3181 44 33 of
554 3182 122 44 places
694 3178 34 33 in
744 3176 57 34 his
820 3181 198 40 patronage
1048 3169 110 34 under
1178 3176 46 25 an
1252 3161 196 46 unworthy
1465 3157 73 37 and
1548 3167 43 24 un-

293 3231 193 41 becoMing
501 3228 176 34 influence
700 3227 18 41 (
725 3227 86 32 hear
828 3223 13 33 !
872 3226 85 31 hear
976 3219 51 45 !).

343 3289 76 40 Mr,
444 3287 280 33 WIIITIMEAn
741 3279 197 38 concurred
970 3279 33 32 in
1022 3275 64 34 the
1106 3268 236 47 Amendment
1368 3260 181 53 proposed
1564 3260 51 45 by

293 3338 69 35 the
383 3335 123 35 Noble
529 3332 111 35 Lord.
692 3332 61 32 He
772 3325 201 48 explained
1002 3325 54 33 his
1091 3331 138 26 roasons
1247 3322 39 28 at
1312 3312 138 43 length,
1473 3308 70 37 and
1556 3307 65 35 ad..

292 3384 129 35 verted
455 3390 38 26 to
522 3390 100 25 some
652 3378 119 45 points
806 3377 41 33 of
869 3376 60 33 the
961 3371 221 38 Chancellor
1214 3365 44 33 of
1283 3365 61 32 the
1367 3359 217 46 Exchequer
1602 3365 13 24 s

296 3431 154 47 speech.
506 3429 58 35 He
574 3428 61 34 did
656 3430 61 31 not
741 3424 110 34 think
862 3422 105 39 there
985 3429 73 28 was
1075 3428 70 33 any
1161 3425 78 24 man
1261 3416 32 30 in
1307 3411 202 35 existence,
1538 3403 83 34 who

295 3480 110 35 could
424 3477 93 37 have
536 3475 169 44 thought,
731 3471 99 35 after
857 3469 60 35 the
945 3468 110 34 result
1072 3464 44 34 of
1139 3463 58 34 the
1226 3462 76 35 Joe
1332 3456 145 45 inquiry
1496 3454 37 33 in
1551 3449 72 35 this

298 3528 148 39 Ilituse,
470 3526 71 34 and
572 3523 63 34 the
669 3526 85 31 vote
782 3521 107 43 given
922 3526 46 24 on
1000 3514 135 43 Friday
1157 3511 84 38 last,
1269 3508 79 32 that
1368 3506 63 33 the
1461 3498 111 38 Duke
1587 3496 34 34 of

299 3575 118 38 York
438 3573 122 35 would
581 3572 94 34 have
693 3566 184 40 remained
896 3566 33 32 in
948 3565 61 33 the
1028 3560 174 35 situation
1222 3554 122 37 which
1365 3554 44 34 he
1435 3542 193 50 occupied,

302 3625 74 35 lint
398 3632 81 24 now
501 3621 79 34 that
600 3619 45 34 he
665 3617 71 34 had
754 3612 178 47 resigned,
960 3612 44 33 he
1038 3606 154 45 thought
1209 3615 21 22 a
1251 3601 139 35 motion
1410 3594 123 38 which
1553 3601 74 26 war

302 3671 84 33 intei
402 3670 71 38 ded
487 3673 38 30 to
541 3666 149 37 enforce
703 3664 56 34 his
772 3660 237 44 resignation,
1028 3657 104 45 quite
1147 3658 253 34 unnecessary.
1452 3644 35 35 It
1506 3637 123 40 would

301 3718 208 34 annihilate
528 3716 81 35 that
643 3717 131 35 secret,
803 3710 64 33 felt
901 3704 136 45 though
1064 3711 144 30 unseen,
1235 3703 129 40 party,
1390 3690 123 39 which
1535 3686 94 37 Lord

305 3765 188 35 Chatham
511 3763 72 37 had
615 3757 229 50 represented
870 3765 40 25 as
935 3752 165 41 standing
1133 3745 135 39 behind
1297 3743 63 38 the
1377 3742 162 34 Throne,
1563 3731 70 37 and

302 3822 168 35 stronger
491 3813 86 37 than
595 3813 63 34 the
672 3808 150 35 Throne
840 3802 110 37 itself.
1002 3801 60 34 He
1076 3796 60 35 did
1155 3800 61 34 not
1233 3800 172 39 approve
1421 3787 45 34 of
1478 3796 22 24 a
1514 3781 118 37 moral

305 3863 144 33 lecture
468 3866 39 28 to
543 3861 44 35 lie
614 3854 188 38 delivered
839 3857 37 28 to
899 3849 162 39 Princes.
1111 3843 81 35 The
1213 3840 151 37 Princes
1381 3831 197 46 belonging
1594 3834 39 27 to

306 3909 66 34 the
394 3908 124 43 Royal
556 3906 150 41 Family
743 3904 35 33 in
804 3900 69 34 this
895 3894 291 47 kingdom.were
1217 3885 208 46 compelled
1449 3888 39 27 to
1517 3882 123 37 marry

304 3958 146 41 against
471 3956 97 34 their
602 3953 93 39 will,
720 3951 71 33 and
810 3945 180 38 therefore
1007 3944 133 40 almost
1157 3938 125 33 forced
1309 3934 76 37 into
1401 3930 94 44 guilt
1512 3926 48 44 by
1579 3922 63 34 the

308 4004 203 34 rebellious
547 4003 150 41 feelings
725 3997 43 34 of
791 3991 239 47 independent
1056 3993 141 30 nature.
1251 3981 61 34 He
1341 3971 208 44 vindicated
1569 3969 71 35 Mr.

311 4050 188 35 Wardle's
528 4050 156 34 conduct
705 4049 35 32 it
758 4042 169 45 bringing
945 4036 165 37 forward
1135 4035 20 34 t
1155 4035 20 34 h
1175 4035 21 34 e
1222 4031 21 45 p
1244 4031 128 45 resent
1389 4019 163 50 Inquiry,
1574 4015 70 37 aod

304 4098 288 45 congratulated
609 4097 72 32 him
697 4106 46 22 on
764 4094 61 33 the
842 4090 64 34 199
924 4085 180 35 Members
1113 4082 44 34 of
1165 4080 63 34 the
1241 4077 128 35 House
1382 4072 44 34 of
1439 4070 208 35 Commons,

308 4147 85 37 that
413 4147 109 33 could
542 4152 63 27 not
621 4144 66 33 fail
707 4149 37 27 to
761 4140 117 34 thank
899 4135 74 33 him
992 4133 59 33 for
1070 4131 54 33 his
1139 4134 158 35 courage
1312 4122 71 35 and
1401 4114 226 51 patriotism.

361 4196 81 34 The
465 4194 312 37 CLIANOCLLOR
806 4186 41 37 of
865 4185 63 35 the
954 4181 283 39 EICUSQUER
1257 4168 169 50 repelled
1439 4166 65 37 AO
1519 4160 136 45 charge

2832 97 89 50 197

1605 260 43 34 of
1671 260 131 46 having
1817 256 213 38 abandoned
2055 255 63 34 the
2148 253 128 44 Duke,
2300 250 86 35 who
2409 247 73 37 had
2505 244 111 37 acted
2644 242 92 34 from
2756 240 59 33 his
2831 247 87 26 own

1606 308 78 34 free
1702 307 92 40 will,
1817 305 188 37 unbiassed
2016 305 48 43 by
2081 300 145 37 advice.

1655 356 71 34 Mr.
1747 353 233 35 BATHURST
2011 347 141 47 replied
2181 352 44 31 at
2250 344 141 46 length,
2421 338 71 41 Isad
2509 338 64 37 the
2606 337 125 37 House
2748 330 171 39 divided.

1607 402 80 34 The
1721 400 178 35 Numbers
1918 399 58 33 for
2004 398 60 37 the
2091 392 252 38 Chancellor's
2387 387 241 37 Amendment
2670 391 96 26 were

1611 449 149 45 Against
1774 449 28 33 it
1826 449 13 33 I
1848 443 273 47 Is—Majority
2141 442 34 33 in
2187 441 131 34 favour
2334 436 45 37 of
2392 435 188 35 Ministers
2597 429 81 38 123.

1658 503 94 35 Lord
1769 501 201 37 FOTASTO
1978 508 53 27 ME
2042 498 78 35 also
2138 502 65 40 put
2213 494 53 37 oil
2276 495 54 32 his
2344 491 122 35 notice
2480 489 43 34 of
2539 488 144 34 Motion
2699 483 98 35 from
2811 482 113 33 Mona
2965 501 6 8 .

1611 549 70 46 day
1696 555 104 37 nett,
1814 540 206 52 fortaltini
2031 547 76 33 into
2119 543 141 34 further
2278 536 268 39 consideration
2567 534 60 34 the
2650 533 141 45 Report
2807 527 44 34 of
2864 527 63 33 the

1615 587 217 48 Cummtttee
1846 593 202 48 Appointed
2065 598 40 28 to
2125 592 156 44 enquire
2306 587 79 34 into
2402 586 61 33 the
2493 581 158 34 conduct
2667 578 41 35 of
2722 578 59 34 his
2800 573 126 45 Royal

1617 637 178 51 Iligimea
1824 644 65 34 the
1916 639 116 38 'Duke
2046 638 46 38 of
2117 638 131 39 York,
2274 632 91 37 until
2382 632 63 37 the
2476 628 85 40 17th
2580 626 45 35 of
2639 624 110 47 April
2769 626 105 32 next.
2877 633 48 12 —

1616 685 211 51 Adjourned

2039 809 195 47 Tuesday,
2262 807 143 39 Mare:
2422 806 67 37 21.

1837 886 305 30 VICTUALLING
2166 882 146 28 BOARD
2342 872 356 37 ArroINTMENTS.

1669 943 58 39 Sid
1749 944 43 39 C,
1988 941 172 40 pursuant
2189 939 39 30 to
2257 932 137 39 notice,
2422 931 34 32 in
2490 930 161 41 support
2678 920 41 37 of
2747 919 59 34 bit
2836 917 100 47 psi.

1620 991 93 38 Bon,
1730 989 167 34 recurred
1912 991 38 30 to
1967 997 21 22 u
2001 985 84 44 long
2101 983 112 34 series
2229 980 43 33 of
2282 981 208 32 documents
2511 977 34 31 in
2564 973 63 32 the
2648 970 158 44 Reports
2822 964 44 35 of
2874 963 64 34 the

1625 1037 234 35 Committees
1873 1032 44 37 of
1933 1032 157 34 Finance
2105 1029 69 35 and
2191 1029 43 33 of
2249 1023 122 39 Naval
2393 1023 195 37 Revision,
2606 1017 70 35 and
2692 1015 92 34 took
2802 1023 45 24 an
2867 1011 58 33 his-

1623 1084 130 34 torical
1773 1083 92 33 view
1885 1080 47 34 of
1944 1081 59 33 the
2019 1083 92 28 state
2138 1075 44 35 of
2199 1075 64 34 the
2278 1075 105 33 Navy
2402 1075 38 30 at
2457 1069 171 34 different
2646 1062 162 47 periods,
2823 1061 35 32 in
2875 1067 43 25 or-

1624 1134 66 32 der
1706 1141 38 24 as
1759 1129 80 34 well
1858 1134 37 28 to
1912 1127 60 33 she
1981 1137 28 22 w
2029 1127 80 33 that
2127 1123 80 34 that
2223 1127 92 28 state
2334 1127 76 26 was
2424 1117 146 33 always
2585 1109 150 37 affected
2752 1106 124 37 either
2890 1106 51 41 by

1625 1178 64 34 the
1706 1178 197 45 possession
1928 1185 40 22 or
1996 1173 61 33 the
2076 1176 97 30 want
2199 1167 46 35 of
2268 1163 239 48 professional
2541 1160 222 44 experience
2783 1154 38 34 in
2839 1153 102 33 those

1629 1225 83 34 who
1727 1231 38 27 at
1780 1224 170 45 different
1965 1221 103 34 times
2085 1214 207 38 undertook
2317 1215 44 32 its
2389 1212 266 39 management,
2683 1204 70 34 and
2777 1195 167 39 directed

1630 1273 43 33 its
1693 1271 229 45 operations,
1946 1277 39 26 as
2011 1271 38 30 to
2080 1272 131 39 prove,
2242 1263 80 33 that
2355 1258 131 34 within
2507 1257 61 33 the
2587 1257 143 41 present
2748 1248 120 43 reign,
2885 1245 60 33 for

1628 1320 61 33 the
1708 1323 93 30 want
1818 1317 44 32 of
1874 1316 85 33 such
1974 1313 236 44 experience,
2233 1309 152 41 ability,
2405 1304 67 35 and
2492 1303 165 34 industry
2679 1299 33 33 in
2731 1297 107 32 those
2858 1291 85 34 who

1630 1374 38 27 at
1683 1367 165 33 different
1864 1362 149 46 periods
2028 1356 275 50 superintended
2323 1355 60 33 the
2409 1351 148 35 various
2576 1345 175 34 branches
2769 1342 46 33 of
2838 1338 110 35 naval

1630 1413 256 46 extraditure,
1920 1409 59 33 the
1996 1414 91 30 most
2109 1414 99 33 gross
2235 1402 71 34 and
2323 1400 184 43 flagitious
2528 1394 208 46 profusion,
2765 1385 163 47 improvi-

1633 1461 119 39 dence,
1768 1459 67 33 and
1856 1456 207 45 pecilation
2083 1452 71 34 had
2173 1449 188 46 prevailed
2382 1447 37 32 in
2435 1455 66 22 our
2519 1440 228 45 dock•yards
2763 1441 39 28 at
2825 1437 122 35 home,

1635 1507 67 35 and
1719 1518 66 22 our
1804 1506 100 35 Beets
1922 1504 35 34 in
1974 1501 139 44 foreign
2131 1498 163 37 service;
2319 1493 78 34 and.
2417 1491 77 34 that
2522 1491 66 33 the
2623 1486 124 46 public
2776 1485 174 32 accounts

1637 1556 35 33 in
1691 1554 77 39 that
1780 1553 229 44 department
2027 1548 70 33 had
2111 1547 89 32 been
2217 1541 150 37 suffered
2394 1545 37 27 to
2450 1547 64 25 run
2536 1537 76 33 into
2630 1534 83 33 such
2731 1538 130 26 arrear
2875 1526 76 34 and

1638 1599 198 41 confusion,
1861 1610 38 21 as
1917 1603 38 31 to
1975 1597 124 32 render
2117 1593 61 33 the
2194 1590 104 34 audit
2322 1587 44 34 of
2386 1586 98 33 them
2502 1584 135 33 totally
2657 1573 293 50 impracticable,

1641 1649 58 34 for
1722 1659 22 24 a
1767 1646 109 34 series
1893 1644 43 35 of
1958 1650 135 34 twenty
2117 1649 104 34 years
2237 1635 182 47 together,
2443 1637 38 28 to
2511 1631 63 32 the
2602 1625 206 47 preclusion
2826 1620 41 35 of
2895 1619 56 34 all

1638 1695 164 35 etl'ectual
1821 1702 119 25 means
1967 1696 38 28 to
2022 1701 17 22 c
2057 1689 78 33 :eck
2156 1687 61 33 the
2236 1689 167 41 progress
2419 1680 43 32 of
2489 1676 208 45 peculation
2725 1670 73 35 and
2828 1667 107 34 fraud
2950 1667 2 64 .

1646 1744 111 33 When
1783 1742 59 32 the
1876 1743 123 35 urgent
2023 1736 126 33 a:7lirs
2183 1733 45 33 of
2249 1731 72 33 this
2350 1733 154 35 country
2531 1722 119 35 called
2667 1720 56 34 for
2751 1722 104 38 great
2880 1723 65 24 ex.

1645 1791 203 45 penditure.
1876 1787 71 33 and
1964 1781 254 46 consequently
2238 1779 58 33 for
2326 1786 24 24 a
2383 1775 117 41 heavy
2533 1778 163 37 pressure
2713 1763 44 35 of
2781 1762 172 35 taxation

1643 1848 46 22 on
1702 1837 60 34 the
1778 1837 152 44 people,
1957 1833 26 32 it
2003 1840 73 24 was
2089 1832 64 31 hut
2169 1826 100 44 right
2293 1824 66 34 and
2389 1817 211 38 reasonable
2626 1815 80 33 that
2731 1812 64 34 the
2819 1808 137 46 people

1645 1884 124 34 should
1789 1885 45 31 be
1850 1878 195 40 convinced
2062 1877 81 33 that
2159 1885 22 22 a
2199 1871 215 44 scrupulous
2432 1866 66 38 and
2515 1864 155 34 efficient
2686 1858 182 45 yigilatae
2880 1864 77 24 was

1646 1930 146 37 exerted
1824 1930 34 32 in
1889 1936 111 33 every
2026 1925 233 44 department
2285 1916 40 35 of
2356 1915 118 41 office,
2509 1913 35 32 in
2574 1909 106 33 order
2696 1913 38 26 to
2748 1913 124 25 secure
2894 1902 65 33 the

1646 1980 72 34 fair
1734 1976 233 51 application
1985 1971 41 34 of
2041 1981 109 33 every
2165 1967 152 41 shilliug
2328 1962 150 46 granted
2497 1958 60 34 for
2576 1959 60 32 the
2654 1949 128 52 public
2798 1949 162 39 service;

1646 2027 69 33 and
1731 2027 54 32 his
1814 2022 180 47 principal
2014 2019 135 37 motive
2177 2014 58 33 for
2255 2022 77 25 now
2365 2009 133 43 calling
2533 2008 64 32 the
2629 2000 180 35 attention
2837 1996 43 32 or
2898 1995 63 32 the

1655 2074 117 33 !louse
1788 2078 40 28 to
1843 2073 72 32 this
1941 2066 154 46 suhje.t,
2124 2072 72 26 was
2213 2068 63 26 not
2294 2066 35 26 to
2347 2065 76 27 cast
2441 2065 67 34 any
2530 2053 122 37 blame
2674 2059 43 20 on
2735 2047 63 32 the
2818 2047 146 40 present

1654 2121 118 34 Board
1804 2119 44 34 of
1879 2117 223 46 Adonira!ty,
2137 2112 63 32 but
2232 2107 34 34 in
2295 2105 110 33 order
2443 2112 37 22 to
2524 2096 128 38 record
2683 2105 44 33 on
2764 2092 64 32 the
2851 2088 92 34 Jour-

1650 2170 74 34 nak
1756 2167 41 33 of
1831 2165 63 34 the
1933 2161 122 35 House
2082 2171 25 21 a
2143 2153 196 38 resolution
2373 2150 120 34 which
2535 2146 47 33 he
2615 2139 128 38 should
2779 2138 92 33 have
2901 2140 64 27 the

1654 2218 136 31 honour
1824 2222 38 24 to
1905 2218 157 38 propose
2101 2216 98 28 now,
2306 2198 98 35 That
2430 2197 30 37 it
2494 2196 30 32 is
2551 2192 60 33 the
2646 2186 150 46 opinion
2823 2184 41 34 of
2895 2181 72 34 this

1707 2263 124 38 Hoose
1848 2261 83 33 that
1948 2256 142 34 neither
2114 2254 59 32 the
2200 2250 89 45 plan
2319 2237 269 43 recommended
2619 2237 46 44 by
2696 2235 60 33 the
2789 2229 156 38 Commis-

1706 2310 131 33 sioncrs
1856 2307 41 33 of
1922 2303 117 35 Naval
2062 2301 30 34 it
2096 2291 373 45 evision,,,Sespecting
2489 2288 60 34 the
2569 2281 233 40 Victualling
2828 2275 138 40 Board,

1706 2366 65 25 nor
1793 2366 70 33 any
1879 2353 106 33 other
2003 2349 84 44 plan
2108 2355 66 27 can
2192 2347 46 28 he
2254 2339 182 37 effectual,
2472 2334 32 34 if
2520 2334 83 32 that
2640 2327 122 35 Board
2793 2327 45 31 be
2868 2331 83 24 coin-

1708 2402 109 46 posed
1832 2400 44 34 of
1887 2408 70 33 any
1976 2399 104 33 other
2098 2393 87 34 than
2199 2399 80 25 men
2296 2386 43 35 of
2349 2383 190 35 extensive
2562 2375 243 47 experience,
2837 2370 109 33 know-

1635 2435 2 27 !

1708 2451 118 44 ledge,
1851 2447 154 43 ability,
2029 2440 195 46 integrity,
2246 2434 70 37 and
2341 2426 265 46 indefatigable
2639 2425 261 44 perseverance
2934 2414 43 35 in

1709 2493 248 48 their,ditties.
2075 2492 4 50 •
2101 2492 4 50 .
2656 2492 4 50 •

1685 2519 4 73 •
1708 2558 31 30 :wt
1747 2565 27 24 r.
1799 2555 46 38 It,
1870 2551 135 32 WARD
2028 2538 262 43 Said..thatOte
2311 2532 133 44 4001
2473 2532 47 41 be
2543 2528 137 41 totally
2711 2529 38 33 at
2781 2533 24 22 a
2832 2519 72 34 loss
2929 2519 43 32 to

1658 2601 210 35 undermwi;.:
1890 2598 85 32 !he
1975 2595 71 33 real
2069 2589 132 47 object
2215 2577 47 44 of
2283 2585 59 33 the
2363 2571 242 48 lionoerable
2630 2569 189 39 Baronet's
2838 2565 145 35 motiort

1659 2648 76 38 ruin
1755 2649 56 32 his
1824 2646 132 46 ;:.pecelt
1972 2643 67 32 t4is
2054 2640 125 44 night;
2194 2634 31 34 if
2238 2634 44 33 he
2304 2629 67 34 had
2396 2634 60 27 not
2476 2623 113 35 heard
2610 2621 60 33 the
2686 2614 278 39 conversations-

1659 2698 86 34 both
1763 2706 25 24 w
1800 2693 93 40 ithin
1918 2692 69 40 slid
2016 2688 154 31 without
2184 2683 106 33 -those
2304 2676 109 33 malls
2443 2672 123 34 which
2598 2668 70 35 had
2691 2665 98 34 their
2809 2660 117 44 origin
2946 2659 38 33 in

1663 2746 58 32 the
1734 2741 222 45 suggestions
1965 2735 41 35 of
2014 2740 61 30 the
2213 2730 171 34 Baronet,
2399 2732 44 22 an
2485 2726 97 35 were
2593 2712 204 38 calculated
2812 2715 35 28 to
2859 2708 126 32 throw

1664 2794 116 33 blame
1812 2797 46 26 on
1884 2785 63 35 the
1965 2786 142 43 present
2135 2777 124 34 Board
2289 2783 37 24 o.
2360 2766 70 41 :'..(
2430 2766 13 41 l
2443 2766 142 41 .atiralty.
2637 2763 57 32 He
2724 2763 110 33 must,
2867 2754 104 37 there-

1665 2839 92 39 fore,
1783 2838 46 32 he
1843 2832 156 37 excused
2017 2829 94 33 from
2132 2822 180 47 imputing
2329 2819 60 33 Bic
2412 2822 135 26 :aotion
2564 2810 43 34 of
2619 2810 59 32 the
2696 2806 97 34 Hon.
2819 2802 167 34 Baronet

1667 2885 132 44 merely
1817 2890 38 27 to
1874 2887 59 28 the
1949 2878 150 34 motives
2114 2872 45 35 he
2184 2867 170 38 avowed.
2407 2865 58 31 lie
2486 2865 92 27 must
2593 2857 70 33 call
2680 2855 122 40 things
2820 2851 47 41 by
2889 2845 100 35 their

1668 2935 93 44 right
1778 2940 136 30 names,
1937 2926 67 34 and
2021 2922 126 43 freely,
2158 2927 107 26 avow
2289 2914 56 33 his
2360 2911 84 33 nwh
2469 2904 224 38 conviction,
2709 2901 18 33 -
2727 2901 73 33 that
2825 2896 60 33 the
2907 2901 86 26 true

1668 2981 120 45 object
1806 2979 41 33 of
1861 2979 64 33 the
1944 2974 93 34 lion.
2065 2965 195 39 Baronet's
2268 2960 138 37 motion
2425 2965 73 25 was
2526 2960 38 26 to
2585 2957 73 28 cast
2673 2960 44 21 an
2730 2946 158 34 indirect
2906 2949 71 26 cell-

1655 2987 2 78 .
1671 3040 78 25 sure
1774 3039 46 22 on
1843 3026 58 35 (he
2072 3015 43 35 of
2132 3009 233 41 Admiralty;
2391 3004 85 41 and,
2507 2999 202 35 therefore,
2737 2992 162 33 without
2920 2987 79 34 digs

1672 3077 126 46 pining
1815 3074 93 34 from
1922 3072 61 31 the
2000 3071 97 28 truth
2171 3061 61 33 the
2255 3054 224 37 Resolution,
2506 3050 46 32 lie
2584 3043 122 35 would
2730 3050 145 34 oppose
2895 3037 30 32 it
2942 3035 57 41 by

1676 3126 59 33 the
1750 3120 171 48 previous
1949 3119 181 43 question.
2183 3107 77 33 The
2289 3102 141 35 motion
2448 3103 93 27 went
2563 3100 39 26 to
2620 3091 137 41 charge
2786 3089 60 31 the
2867 3081 105 35 Admi-

1677 3174 90 43 ralty
1792 3168 90 34 with
1902 3165 117 34 blame
2036 3157 156 38 without
2218 3165 20 19 a
2257 3149 113 45 single
2396 3148 189 40 argument
2607 3141 34 32 in
2665 3138 157 43 support
2848 3130 43 34 of
2907 3133 40 30 it.
2952 3143 52 11 —

1680 3221 58 34 He
1769 3227 90 32 was,
1884 3208 200 40 therefore,
2099 3201 206 46 compelted
2326 3203 34 27 to
2380 3202 102 25 move
2498 3189 61 33 the
2580 3184 169 47 previous
2761 3177 183 47 question.

1728 3266 57 34 Sir
1800 3262 44 38 C.
1869 3261 117 35 POLE
2003 3253 139 45 shortly
2173 3244 157 50 replied,
2356 3240 72 37 and
2446 3239 63 34 the
2535 3234 176 47 previous
2730 3226 175 48 question
2928 3231 80 26 was

1680 3315 84 35 then
1781 3308 146 38 carried
1945 3305 155 34 without
2113 3309 24 24 a
2150 3294 174 38 division.

1730 3371 72 33 Mr.
1826 3367 170 34 FosTeß
2011 3354 145 41 moved,
2183 3350 87 35 the
2281 3346 63 37 the
2361 3341 120 38 Order
2497 3338 45 35 of
2556 3338 65 33 the
2639 3334 84 43 Day
2743 3331 63 34 for
2818 3330 65 34 the
2903 3334 80 27 com-

1683 3416 119 40 mittal
1830 3413 44 35 of
1900 3412 61 34 the
1991 3405 96 39 Irish
2120 3402 90 34 Malt
2233 3397 70 34 and
2321 3391 119 47 Spirit
2459 3387 103 43 Duty
2590 3384 73 34 Bill
2680 3377 132 38 should
2839 3377 45 33 De
2902 3372 107 37 read.

1690 3469 65 35 His
1768 3462 123 46 object
1910 3468 73 25 was
2001 3459 37 33 to
2057 3456 177 41 postpone
2252 3445 45 33 its
2307 3436 202 39 committal
2528 3441 37 27 to
2580 3428 191 43 Thursday
2789 3430 104 34 next,
2910 3431 39 25 as
2965 3419 48 33 he

1685 3514 60 35 did
1763 3517 59 30 not
1843 3507 110 37 think
1964 3514 25 25 a
2003 3501 71 34 Bill
2091 3508 40 26 so
2148 3489 211 45 materially
2375 3483 175 43 affecting
2567 3476 145 38 Ireland
2730 3471 112 37 could
2861 3472 48 30 be
2921 3477 71 37 pro-

1689 3561 104 47 perly
1811 3552 182 40 discussed
2011 3550 35 33 in
2061 3557 40 24 so
2117 3543 78 35 thin
2212 3550 25 24 a
2255 3537 142 35 House.

1736 3619 60 33 Sir
1813 3612 41 39 3.
1876 3611 224 35 NEWPORT
2117 3598 97 40 said,
2239 3596 46 34 he
2315 3600 80 27 rose
2422 3587 59 35 for
2511 3585 63 33 the
2602 3586 159 40 purpose
2786 3573 47 35 of
2854 3572 167 41 moving,

1693 3671 61 31 not
1770 3664 81 34 that
1869 3658 73 35 this
1964 3653 71 37 Bill
2053 3645 129 39 should
2202 3645 45 33 be
2265 3634 203 53 postponed
2487 3638 39 28 to
2546 3627 210 43 Thursday,
2790 3624 66 33 but
2881 3625 40 28 to
2939 3618 79 34 this

1693 3716 71 43 day
1778 3710 61 37 six
1856 3703 213 39 months—a
2091 3693 74 39 Bill
2179 3690 126 35 which
2324 3687 46 33 be
2383 3681 157 44 thought
2558 3673 152 43 fraught
2731 3670 92 34 with
2844 3666 61 35 the
2926 3666 100 33 most

1694 3761 72 35 evil
1783 3758 261 40 consequences
2070 3750 40 37 to
2132 3737 164 43 Ireland,
2319 3731 73 38 and
2408 3728 146 44 teading
2574 3730 38 28 to
2627 3718 184 45 endanger
2824 3715 61 34 the
2903 3719 122 39 peace

1697 3808 41 37 of
1752 3808 61 33 the
1826 3801 122 39 whole
1969 3794 167 46 Eampire.

1746 3863 32 35 A
1794 3861 87 44 long
1897 3850 252 41 conversation
2161 3844 85 34 then
2259 3839 92 35 took
2369 3835 107 48 place
2490 3837 103 37 upon
2606 3827 63 33 the
2680 3820 161 47 subject,
2852 3817 34 34 in
2901 3814 128 38 which

1706 3912 67 34 Mr.
1796 3906 61 35 W.
1879 3902 135 39 Smith,
2029 3899 74 33 Mr.
2124 3892 178 38 Barham,
2322 3886 74 34 Mr.
2421 3879 117 37 Leslie
2563 3874 141 38 rester,
2721 3867 66 37 the
2804 3861 221 52 chancelloo

1703 3959 41 33 of
1757 3958 63 33 the
1841 3951 213 43 Exchequer
2054 3951 24 43 ,
2114 3943 24 34 M
2138 3943 48 34 r.
2206 3933 248 40 Hutchinson,
2492 3927 73 33 Mr.
2589 3919 145 39 Foster,

2761 3915 76 34 Mr.
2855 3914 164 33 Grants,

1710 4007 69 35 Mr.
1808 4002 198 35 Alderman
2039 3991 157 38 Combe,
2224 3983 72 35 and
2326 3981 74 34 Mr.
2435 3971 208 39 Iluskisson
2656 3965 92 37 took
2765 3972 26 25 a
2809 3964 102 44 part,
2933 3957 85 37 ate

1711 4050 113 38 which
1843 4059 21 24 a
1881 4044 157 38 division
2057 4037 91 38 took
2176 4026 237 54 place—For
2431 4024 63 34 the
2509 4015 164 47 original
2691 4010 149 37 Motion
2855 4006 102 37 3001.

1711 4101 57 35 the
1788 4095 237 39 Amendment
2040 4078 282 50 49—Mejority
2339 4072 142 48 against
2498 4068 64 35 the
2582 4062 79 38 UM
2688 4056 194 40 13.-+The

1713 4149 100 35 there
1913 4141 74 37 lust
2001 4137 61 35 for
2080 4133 76 37 this
2166 4110 446 60 lieuion.—AAjoitratd.
2665 4110 4 74 •

2927 4161 4 4 •

9 3761 43 169 I
