3236 4524
210 73 259 58 MARCH
506 72 84 51 26.

208 227 65 34 the
293 222 125 46 Royal
436 221 162 35 Marines
614 220 119 34 while
746 230 47 24 on
808 221 145 40 Shore;
971 219 64 35 the
1044 217 175 37 Jamaica
1235 216 94 38 Free
1344 219 92 35 Port
1453 216 94 45 Bill,

208 272 73 38 and
299 270 144 37 several
457 268 149 47 private
625 268 112 34 Bills.

609 337 217 28 GENERAL
860 337 281 28 CLAVERING.

260 391 84 34 The
363 390 175 43 Sergeant
553 391 40 30 at
614 386 112 34 Arms
743 385 136 47 having
892 385 174 47 reported
1080 385 80 34 that
1178 384 45 37 he
1233 383 73 35 had
1323 385 111 34 taken
1453 385 90 34 Gen.

215 437 203 41 Clavering
437 437 78 33 into
533 432 172 46 custody,

261 484 229 37 Mr.WYNm
522 481 146 41 moved,
697 481 81 34 that
802 481 158 35 General
992 481 216 44 Clavering,
1243 480 136 45 having
1409 478 139 45 grossly

214 530 266 51 prevaricated
498 529 37 35 in
554 528 57 35 his
638 528 176 37 evidence
830 529 107 45 given
966 528 129 37 before
1124 539 24 24 a
1185 528 220 33 Committee
1423 527 44 34 of
1492 526 59 34 the

215 581 126 33 whole
371 579 144 41 House,
540 576 72 34 and
638 576 111 45 being
765 587 81 26 now
886 576 35 35 in
951 575 63 35 the
1043 574 155 45 custody
1217 574 41 34 of
1286 575 63 33 the
1380 574 170 45 Sergeant

214 634 40 30 at
275 627 120 39 Arms,
424 626 45 37 be
484 624 214 35 committed
718 628 38 30 to
775 625 63 34 the
854 624 157 45 custody
1029 622 41 35 of
1083 622 64 34 the
1167 621 151 48 Keeper
1337 621 43 34 of
1396 620 54 35 his
1469 621 54 35 Ma-

207 673 137 51 jesty's
358 674 133 37 Priam'
508 672 45 37 of
566 672 198 45 Newgate.
817 671 149 45 Agreed
986 677 56 28 to.

794 739 198 27 MILITIA.

267 796 97 37 Lord
384 796 255 35 CASTI.EREA
651 802 63 26 au
733 791 129 37 moved
879 791 61 34 the
958 790 124 35 Order
1104 789 46 35 of
1161 789 64 37 the
1245 789 87 46 Day
1351 789 57 35 for
1422 789 61 34 the
1499 798 37 25 se-

216 844 96 37 cond
330 844 152 44 reading
500 841 43 35 of
553 842 66 34 the
640 841 148 34 Militia
808 839 236 45 Completion
1068 839 90 35 Bill.

270 893 94 34 Lord
389 892 268 35 ARCHIBALD
679 887 242 37 HAMILTON
943 885 171 46 objected
1143 892 40 28 to
1212 886 63 34 the
1291 883 145 46 general
1456 882 80 46 prin-

219 941 104 46 ciple
351 939 46 34 of
424 939 63 34 the
515 946 181 32 measure,
723 934 125 35 which
876 934 46 35 he
939 933 204 37 contended
1163 944 76 24 was
1257 933 146 33 ruinous
1434 938 38 27 to
1493 931 64 34 the

217 985 279 39 constitutional
524 985 150 34 defence
692 983 45 34 of
746 983 64 34 the
827 981 143 40 nation,
994 980 72 35 and
1077 979 201 38 concluded
1302 979 90 34 with
1410 978 145 44 moving

219 1037 83 34 that
315 1035 61 34 the
400 1033 74 35 Bill
496 1033 45 33 be
561 1031 85 37 read
664 1042 26 24 a
698 1030 131 34 second
848 1031 87 32 time
953 1028 74 35 this
1044 1028 76 45 day
1137 1029 102 33 three
1259 1026 155 34 months.

269 1083 76 33 Mr.
361 1083 152 39 GILES,
528 1081 84 35 Col.
634 1078 229 40 DUCKETT,
880 1077 78 34 Mr.
979 1076 184 35 LOCKHA
1175 1084 70 32 RT,
1264 1075 70 34 and
1356 1075 71 33 Mr.
1454 1071 104 35 BAs-

222 1140 50 26 TA
283 1139 74 31 RI),
384 1128 78 35 said
490 1139 24 24 a
541 1128 71 34 few
646 1127 138 41 words,
810 1126 106 34 when
950 1123 63 34 the
1049 1122 112 35 house
1176 1122 19 43 .
1195 1120 267 45 divided,—for
1494 1117 64 38 the

222 1175 413 45 Amendment,—Ayes
651 1173 202 37 g6—Noes
863 1169 286 47 45—Majority
1172 1169 56 35 19.

273 1226 81 33 The
373 1225 69 34 bill
467 1233 73 26 was
557 1225 86 33 then
658 1221 91 37 read
764 1231 25 34 a
804 1220 132 34 second
954 1219 105 44 time,
1083 1219 71 34 and
1172 1217 155 35 ordered
1346 1221 37 31 to
1397 1217 47 35 be
1460 1226 76 26 com-

221 1272 130 39 mitted
371 1283 47 27 on
437 1271 195 47 Monday.-
672 1259 231 59 Adjourned.

449 1419 307 44 TUESDAY'S
780 1415 247 43 LOXDON
1054 1411 283 43 GAZETTE.

644 1524 234 45 Whitehall,
911 1522 145 39 March
1080 1524 65 35 21.

270 1591 81 37 The
371 1590 103 44 King
490 1590 65 34 has
570 1587 93 34 been
683 1586 151 45 pleased
853 1592 40 26 to
912 1585 110 34 order
1038 1594 24 24 a
1078 1584 128 33 Letter
1221 1585 39 31 to
1279 1580 46 35 be
1338 1579 163 35 directed
1522 1583 38 31 to

222 1641 65 35 the
304 1639 169 46 Chapter
489 1637 45 34 of
546 1636 63 34 the
630 1635 204 37 Cathedral
855 1633 150 34 Church
1024 1631 44 34 of
1095 1630 203 41 Hereford,
1318 1628 221 35 recommend-

224 1689 61 43 ing
304 1691 86 31 unto
409 1685 99 35 them
524 1683 64 35 the
607 1683 99 34 Rev.
722 1683 146 43 George
887 1681 172 39 Gretton,
1089 1677 143 35 Doctor
1251 1676 35 33 in
1317 1675 189 45 Divinity,
1521 1680 39 30 to

222 1737 48 33 be
287 1735 135 35 chosen
443 1734 76 34 into
536 1731 61 34 the
612 1730 111 45 place
741 1728 46 34 of
808 1730 106 34 Dean
939 1728 45 33 of
1007 1727 61 34 the
1085 1726 79 35 said
1186 1723 202 34 Cathedral
1411 1722 148 34 Church

223 1782 44 40 of
280 1783 63 34 the
358 1791 116 33 same,
487 1780 110 44 being
612 1778 90 35 void
717 1778 51 46 by
781 1776 63 37 the
857 1776 112 35 death
989 1775 43 34 of
1048 1774 60 35 the
1128 1773 97 34 Rev.
1243 1770 167 35 William
1431 1770 131 45 Leigh,

224 1832 78 37 iato
322 1832 110 35 Dean
449 1826 159 43 thereof,

576 1941 276 47 Crown•Ofce,
876 1938 130 35 March
1023 1937 64 43 21,
1113 1937 106 34 1809.

346 2015 189 37 Members
553 2011 170 37 returned
741 2015 41 31 to
798 2021 103 25 serve
915 2009 38 33 in
971 2008 63 34 the
1054 2009 146 43 present
1212 2004 243 35 Parliament.

274 2075 183 44 Borough
475 2074 43 35 of
533 2072 131 46 King's
684 2069 235 46 Lynn—The
946 2068 100 34 Hon.
1075 2067 158 33 Horatio
1257 2067 190 44 Walpole,
1466 2074 74 24 com-

227 2125 124 45 monly
371 2122 122 37 called
515 2122 94 33 Lord
631 2120 190 45 Walpole,
842 2119 37 33 in
896 2117 61 33 the
977 2126 103 22 room
1097 2113 46 34 of
1159 2114 92 33 Lord
1272 2113 190 45 Walpole,
1481 2124 83 22 now

228 2172 91 34 Earl
338 2172 46 33 of
398 2170 157 43 Orford,
573 2180 24 24 a
615 2169 97 35 Peer
730 2166 44 35 of
788 2165 61 37 the
870 2163 138 37 United
1030 2160 185 46 Kingdom
1230 2160 44 34 of
1283 2161 113 33 Great
1417 2159 149 35 Britain

226 2219 71 34 and
318 2218 164 38 Ireland.

280 2267 178 44 Borough
476 2263 46 38 of
536 2258 402 51 Dungannon—Claud
956 2259 119 39 Scott,
1095 2257 86 44 Esq.
1200 2256 34 33 in
1247 2255 63 34 the
1329 2265 102 24 room
1448 2254 45 33 of
1506 2254 61 33 the

230 2315 120 41 Right
370 2314 104 34 Hon.
494 2313 118 34 Claud
631 2310 215 40 Hamilton,
862 2308 209 40 commonly
1091 2304 119 34 called
1232 2303 96 33 Lord
1349 2302 119 35 Claud
1485 2302 56 33 Ha-

229 2362 148 41 ►nilton,
398 2360 190 34 deceased.

274 2409 90 43 City
380 2407 44 34 of
444 2402 410 45 Peterborough—The
881 2402 103 34 Hon.
1005 2400 151 33 Francii.
1178 2398 159 38 Russell,
1356 2396 207 44 commonly

229 2456 120 35 willed
373 2454 169 44 Marquis
560 2453 43 35 of
617 2451 222 41 Tavistock,
856 2450 35 34 in
918 2448 63 35 the
1007 2457 104 25 room
1135 2446 45 33 of
1196 2445 144 33 French
1368 2446 200 39 Laurence,

233 2504 90 47 Esq.
343 2502 191 40 deceased.

1089 71 149 52 THE
1272 70 379 53 NATIONAL
1687 69 378 52 REGISTER.

510 2611 428 40 BANKRUPTCIES
967 2609 66 35 EN
1046 2604 235 41 URGED.

280 2676 172 34 William
474 2674 152 40 Brown,
648 2669 386 38 Wormwood-street,
1057 2666 148 34 London
1230 2662 115 43 Wall,
1358 2662 213 38 victualler,

231 2726 96 37 from
352 2724 130 35 March
549 2713 13 52 i
575 2713 25 52 to
619 2720 112 45 April
754 2719 60 40 18,
828 2721 39 33 at
885 2721 74 37 ten,
976 2720 40 31 at
1030 2713 208 33 Ouildhall.

282 2772 167 34 Michael
468 2771 157 44 Taylor,
644 2767 105 34 John
769 2765 170 39 Latham,
972 2760 73 39 and
1075 2758 131 46 Elijah
1238 2759 174 39 Belcher,
1442 2759 107 32 Liver-

231 2822 109 45 pool,
372 2819 221 45 nierFhants,
619 2817 98 38 from
745 2812 130 37 March
893 2811 64 44 28,
987 2817 39 27 to
1056 2807 116 47 April
1201 2806 40 43 8,
1274 2812 43 28 at
1339 2815 76 34 ten,
1441 2811 40 28 at
1509 2806 61 32 the

241 2870 142 37 Crown
398 2867 71 35 and
488 2863 151 39 Anchor
652 2863 164 40 Tavern,
834 2857 217 47 Liverpool.

732 2936 149 38 BANK
894 2933 191 41 RUPTS,

280 3001 106 38 John
399 3004 155 39 Nevett,
573 2998 196 44 Broseley,
787 2994 139 41 dealer,
945 2999 39 27 to
1003 2988 193 37 surrender
1214 2987 113 51 April
1349 2986 57 40 12,
1427 2986 57 40 13,
1501 2985 70 34 and

234 3052 94 46 May
345 3054 40 40 2,
403 3056 41 30 at
462 3051 150 39 twelve,
625 3052 39 37 at
679 3044 64 37 the
761 3041 158 37 Tontine
939 3040 81 43 Inn,
1035 3037 190 44 Madeley.
1276 3037 201 41 Attorney,
1496 3033 74 33 Mr.

239 3098 221 44 Pritchard,
477 3097 200 41 Broseley,
704 3090 240 47 Shropshire.

293 3148 169 34 IVilliam
483 3144 129 45 Prigg,
632 3138 184 47 Ipswich,
836 3135 213 40 victualler,
1071 3131 115 47 April
1205 3130 105 43 3,4,
1337 3129 69 34 and
1427 3129 90 43 May
1535 3128 37 39 2,

235 3202 43 30 at
306 3196 145 40 eleven,
484 3198 40 30 at
553 3193 63 34 the
645 3189 132 34 White
808 3185 136 41 Horse,
964 3182 185 46 Ipswich.
1204 3177 204 37 Attornies.
1427 3176 144 33 Messrs.

240 3243 181 43 Bromley
437 3241 72 37 and
539 3239 100 43 Bell,
666 3235 322 39 Holborn-court,
1023 3228 243 46 Gray's-Inn,
1303 3226 175 39 London;
1502 3223 70 33 and

335 3289 229 39 Jackainan,
585 3283 184 51 Ipswich.

287 3339 131 43 Henry
451 3334 184 40 Holland,
669 3330 196 44 Dawlish,
881 3327 150 39 Devon,
1056 3320 274 40 brick,maker,
1367 3318 128 35 March
1512 3318 63 41 28,

240 3386 117 45 April
374 3385 39 41 6,
428 3384 69 37 and
517 3383 91 43 May
626 3383 41 40 2,
692 3384 44 31 at
750 3379 144 39 eleven,
914 3379 40 30 at
972 3373 64 34 the
1052 3371 133 45 King's
1205 3370 124 39 Arms,
1350 3365 224 45 Chudleigh.

240 3433 213 40 Attornies,
468 3431 72 37 Mr.
560 3428 188 46 Chappell
764 3428 139 38 Tozer,
926 3423 103 33 West
1042 3417 261 46 Teignrnouth,
1324 3415 129 35 Devon
1468 3425 12 30 ;
1506 3412 71 34 and

239 3483 74 35 ?Jr.
332 3481 203 40 Williams,
556 3476 80 35 Red
660 3476 259 41 Lion-square,
938 3469 163 39 London.

286 3528 106 38 John
412 3528 181 39 Philcox,
612 3522 354 45 Brighthelmstone,
999 3516 209 44 carpenter,
1245 3510 112 46 April
1388 3509 38 40 6,
1441 3510 40 39 'T,
1506 3508 71 33 and

240 3579 94 44 May
351 3578 40 40 '2,
404 3580 41 31 at
462 3581 73 34 ten,
559 3579 39 28 at
613 3572 67 35 the
710 3569 126 34 White
855 3568 122 33 Horse
1000 3566 80 38 Inn,
1101 3561 353 44 Brighthelmstone.
1509 3555 46 33 At-

240 3625 157 41 tornies,
429 3624 72 37 Mr.
521 3620 100 41 Hill,
654 3615 339 46 Brighthelmstone
1010 3624 12 30 ;
1063 3611 71 35 and
1165 3609 145 35 Messrm,
1344 3605 137 34 Tourle
1507 3604 71 34 and

244 3673 170 39 Palmer,
432 3670 325 45 Doughty-street,
781 3663 162 38 London.

293 3719 138 37 Pexalt
449 3718 165 39 Forster,
633 3717 119 33 Great
774 3706 231 41 Yarmouth,
1024 3704 111 47 April
1153 3704 39 40 3,
1209 3710 38 27 at
1264 3702 98 43 four,
1380 3698 38 43 4,
1440 3703 40 31 at
1506 3704 76 35 ten,

240 3769 73 38 and
333 3769 92 44 May
442 3769 38 39 2,
497 3770 40 31 at
553 3764 97 40 four.
678 3768 40 27 at
739 3761 61 38 the
821 3759 98 38 Star,
951 3756 113 33 Great
1093 3751 231 38 Yarmouth.
1375 3746 207 39 Attornies,

244 3819 77 34 Mr.
338 3816 122 43 Cory,
469 3815 86 45 jun.
568 3813 116 34 Great
702 3804 214 44 Yarmouth
933 3815 12 28 ;
971 3801 71 35 and
1059 3802 146 34 Messrs.
1221 3800 164 34 Hatirott
1397 3796 70 34 and
1489 3795 71 33 Met-

242 3863 119 43 calfe,
384 3860 183 38 Lincoln's
582 3860 66 34 Inn
667 3856 262 43 New-square,
948 3849 162 44 London.

293 3913 132 34 James
456 3906 244 46 Nightingale
737 3904 143 43 Rayner
880 3904 25 43 ,
938 3899 67 41 Ely
1005 3899 22 41 ,
1062 3896 38 34 li
1100 3896 59 34 nen
1165 3894 84 44 -dra
1248 3894 20 44 p
1269 3894 64 44 er.
1362 3888 131 38 March
1519 3888 65 39 25,

247 3960 117 45 April
381 3959 40 39 4,
437 3958 57 50 and
494 3958 20 50 i
534 3957 91 41 May
643 3956 39 37 2,
713 3957 41 28 at
770 3951 144 38 eleven,
950 3952 39 26 at
1007 3943 210 38 Guildhall,
1244 3939 158 35 Lotelon.
1456 3938 129 34 Attor-

247 4010 94 39 Hies,
386 4005 146 35 Messrs.
565 3998 223 39 Bourdillon
827 3997 72 35 and
939 3992 165 41 Hewitt,
1137 3990 112 34 Little
1296 3985 288 46 Friday-street,

247 4052 228 47 Cheapside,
490 4050 162 35 London.

298 4102 149 44 George
469 4098 162 43 Blakey,
647 4107 77 25 sen.
761 4094 177 43 Stepney,
957 4088 246 45 ship-owner,
1230 4083 132 34 March
1378 4082 63 40 28,
1473 4077 112 45 April

246 4142 40 51 b,
305 4149 72 35 and
394 4149 90 44 May
501 4148 39 39 2,
556 4150 41 31 at
609 4146 146 38 eleven,
774 4146 40 31 at
831 4135 215 46 Guildhall.,
1085 4133 171 47 Attoplies
1257 4133 39 47 ).
1315 4131 142 41 Messi:s.
1473 4126 115 46 f,eigh

298 4198 22 37 d
339 4196 51 52 :14
390 4196 17 52 .
406 4196 51 52 sup
457 4196 17 52 j
474 4196 18 52 ,
504 4194 94 39 New
618 4191 283 51 Bi:o4e-street..

2843 59 86 52 198

1662 214 102 34 John
1786 214 126 44 Payne
1932 213 189 41 Brothers,
2156 213 315 41 Aldermanhury,
2494 208 184 47 jeweller,
2717 208 126 33 Mardi
2872 208 61 41 Vti-,

1617 260 110 44 April
1747 261 56 37 15,
1819 262 71 32 and
1912 262 85 33 Slav
2016 263 37 37 '2,
2073 268 33 26 at
2122 269 41 24 tw
2176 261 93 38 elve,
2282 268 38 24 at
2339 257 204 35 Guildhall.
2571 257 203 39 Attarnies,
2789 254 144 33 :Nlest•rs,

1618 307 135 35 Frowd
1772 309 72 32 and
1864 307 219 43 Blandford,
2105 307 168 44 Temple.

2219 376 216 35 IDENDS.

1665 437 109 46 April
1798 438 57 35 18.
1876 437 60 34 W.
1954 436 158 41 'Wilson,
2132 437 234 43 Shakspeare
2385 433 118 40 walk,
2518 432 201 38 Shadwell,
2732 431 206 35 merchant,

1617 490 38 28 at
1674 487 148 40 twelve,
1838 493 39 27 at
1893 485 206 34 Guildhall.
2151 485 85 32 Maw
2258 484 61 33 27.
2347 484 41 32 J.
2415 482 131 35 Lewis,
2562 482 69 31 Old
2649 482 150 41 Jewry,
2820 488 116 24 ware.

1622 533 203 40 houseman,
1851 541 39 27 at
1906 535 142 37 eleven,
2066 539 35 27 at
2118 530 206 35 Guildhall.
2382 528 111 46 April
2525 528 57 33 13.
2680 528 163 40 Burgesc,
2861 527 50 31 Co-

1622 585 270 39 ventry-street,
1910 581 163 44 military
2096 581 133 39 hatter,
2259 585 39 27 at
2315 583 74 31 ten,
2420 582 38 26 at
2479 574 202 33 Guildhall.
2739 574 104 41 April
2874 573 69 34 19.•

1623 627 45 34 R.
1691 628 164 41 Brindle,
1877 627 177 45 Leyland,
2075 626 207 39 Lancaster,
2298 625 188 37 bleacher,
2503 628 38 27 at
2557 622 139 38 eleven,
2712 628 39 26 at
2771 620 58 32 the
2855 620 85 32 Red.

1624 674 87 33 Lion
1749 674 81 40 Inn,
1864 674 164 34 Preston.
2082 673 109 45 April
2218 673 54 32 11.
2308 672 58 32 W.
2389 672 172 32 Croston.
2593 667 217 44 Liverpool,
2836 667 81 43 ship-

1620 723 187 40 chandler,
1824 728 37 30 at
1880 732 81 31 one,
1991 729 38 27 at
2050 720 59 35 the
2138 722 120 32 Globe
2275 718 162 35 Tavern,
2458 716 100 33 John
2562 722 144 32 -street,
2724 713 211 44 Liverpool.

1624 770 106 44 April
1750 770 58 33 11.
1853 770 50 33 11.
1917 770 152 41 .Storey,
2102 765 468 44 Newcastle-upon-Tyne,
2602 763 265 41 linen-draper,
2901 764 39 30 at

1620 816 139 40 eleven,
1795 822 40 28 at
1874 816 61 33 the
1971 816 236 44 Shakspeare
2241 815 159 37 Tavern,
2421 809 463 43 Newcastle-upon-Tyne.

1624 861 105 47 April
1749 863 57 35 11.
1864 865 40 33 J.
1936 862 91 34 Hall
2053 863 67 34 and
2145 862 94 32 Wm.
2275 861 170 45 Dunlop,
2476 856 463 43 Newcastle-upon-Tyne,

1623 912 213 38 merchants,
1856 917 40 28 at
1911 912 149 40 twelve,
2092 918 39 26 at
2158 909 65 32 the
2252 907 236 45 Shakspeare
2519 906 161 41 Tavers,
2713 902 204 34 Newcastle-

1623 959 254 44 upon-Tynne.
1928 958 111 41 April
2054 957 60 34 25.
2141 956 43 34 J.
2207 957 104 38 Cole,
2330 952 215 41 Cock-hill,
2564 947 176 48 Ste&ley,
2758 950 123 40 tailor,
2898 956 43 26 at

1624 1011 71 33 ten,
1726 1011 40 27 at
1799 1005 202 33 Guildhall.
2056 1004 106 45 April
2189 1003 54 38 IS.
2275 1003 111 35 Peter
2424 999 180 40 Wallace,
2634 998 306 43 Edgware-road,

1629 1052 216 41 Middlesex,
1864 1057 207 39 carpenter,
2086 1058 39 26 at
2146 1051 143 40 eleven,
2310 1055 41 28 at
2366 1048 204 35 Guildhall.
2621 1044 113 45 April
2756 1044 54 34 18.
2841 1044 99 32 Wm.

1630 1101 130 40 Wood,
1786 1101 344 44 Finsbury-square,
2151 1097 202 38 merchant,
2369 1102 41 28 at
2424 1102 73 35 ten,
2515 1102 37 26 at
2567 1091 210 37 Guildhall.
2828 1090 116 45 April

1628 1147 53 34 18.
1710 1148 163 35 Michael
1905 1148 159 41 Baynes,
2099 1147 348 41 Finsbury-square,
2490 1141 204 41 merchant,
2725 1143 43 30 at
2797 1142 72 37 ten,
2901 1141 44 32 at

1626 1194 202 34 Guildhall.
1884 1194 109 45 April
2015 1194 57 34 18.
2118 1194 58 32 %V.
2193 1192 133 40 Wood,
2356 1187 348 47 Vinsbury-square,
2738 1185 209 41 merchant,

1623 1250 38 27 at
1680 1248 71 34 ten,
1768 1247 41 30 at
1825 1241 208 35 Guildhall.
2086 1239 111 46 April
2217 1239 52 34 18.
2310 1239 46 33 It•
2376 1237 193 41 Redhead,
2595 1233 229 41 Mark-lane,
2846 1233 98 33 wine

1624 1290 66 33 and
1710 1290 141 43 brandy
1866 1289 198 40 merchant,
2098 1294 39 28 ut
2166 1292 76 33 ten,
2272 1292 38 27 at
2321 1285 217 33 .Guildhall.
2591 1281 112 45 April
2725 1283 58 34 le.
2819 1279 43 33 J.
2882 1280 58 33 M.

1632 1337 163 39 Bennett,
1819 1337 191 44 Broseley,
2031 1336 126 43 Salop,
2194 1333 177 40 maltster,
2396 1338 41 28 at
2463 1332 148 38 twelve,
2637 1337 39 26 at
2704 1330 65 33 the
2785 1328 162 35 Tontine

1727 1383 189 44 Mndeley.
1969 1383 112 44 April
2102 1383 51 32 15.
2197 1383 50 32 11.
2272 1380 152 40 Nantes,
2448 1376 335 40 Warnfurd-court,
2802 1375 144 43 Throg.

1629 1435 281 35 morton-street,
1935 1429 198 39 merchant,
2152 1434 39 27 at
2210 1434 72 34 ten,
2301 1435 39 26 at
2360 1426 202 35 Guildhall.
2615 1423 110 47 April
2751 1424 52 33 13.
2830 1422 46 33 T.
2895 1422 51 38 A,

1633 1479 188 40 Kerriscm,
1845 1478 191 41 Norwich,
2056 1478 155 39 banker,
2246 1481 35 27 at
2315 1481 71 34 ten,
2420 1481 40 26 at
2487 1474 59 33 the
2575 1470 131 45 King's
2733 1468 111 37 Head
2862 1469 84 39 Inn,

1631 1526 190 33 Norwich.
1877 1524 109 45 April
2003 1524 38 35 8.
2069 1525 52 34 D.
2138 1521 188 43 Crumble,
2346 1522 112 32 Great
2481 1520 354 40 Hermitage-street,
2865 1526 53 22 ma-

1630 1574 107 39 riner,
1778 1578 41 28 at
1844 1571 141 41 eleven,
2026 1576 41 30 at
2099 1570 203 34 Guildhall.
2370 1567 115 45 April
2506 1569 52 32 13.
2601 1566 40 35 J.
2660 1565 94 40 Gill,
2777 1564 169 40 Nahum,

1635 1619 221 40 Yorkshire,
1876 1619 126 43 tailor,
2020 1624 39 28 at
2074 1618 142 40 eleven,
2249 1623 39 27 at
2314 1616 63 34 the
2409 1616 39 32 NV
2458 1615 85 34 heat
2568 1611 113 37 Sheaf
2699 1612 80 39 Inn,
2799 1611 148 33 Castle-.

1626 1672 98 37 gate,
1763 1668 125 34 York.
1941 1665 105 44 April
2046 1665 21 44 .
2086 1665 53 35 19.
2185 1665 43 33 J.
2257 1665 46 32 G.
2339 1662 216 40 Weruittek,
2575 1658 209 46 Itlymouth
2817 1657 129 39 Dock,

1629 1715 196 41 merchant,
1856 1721 40 27 at
1911 1715 152 40 twelve,
2086 1720 40 27 at
2144 1711 63 35 the
2228 1709 244 35 Commercial
2497 1709 85 39 Inn,
2598 1708 74 33 Old
2691 1707 133 38 Town,
2855 1704 69 43 Ply-

1629 1762 136 38 mouth,
1818 1761 87 46 May
1930 1761 58 33 16.
2019 1761 41 33 L.
2080 1761 111 41 Able,
2222 1760 252 37 Dean-street,
2503 1754 263 40 Westminster,
2790 1750 158 35 victual•

1630 1812 65 39 ler,
1723 1815 39 28 at
1788 1819 84 31 one,
1903 1814 40 28 at
1969 1807 206 35 Guildhall.
2228 1807 87 40 May
2334 1805 39 34 9.
2415 1802 43 35 J.
2492 1802 106 43 Hogg
2614 1800 70 34 and
2715 1800 47 33 E.
2779 1800 170 39 Holmes,

1631 1857 315 39 Sherhorne-lane,
1978 1856 217 40 merchants,
2223 1859 39 28 at
2290 1863 84 30 one,
2406 1856 41 30 at
2478 1848 202 37 Guildhall.
2735 1846 93 44 May.
2829 1846 47 44 9.
2903 1845 44 37 J.

1631 1906 168 38 Gertnan,
1818 1904 305 43 Aldermanbury,
2138 1902 137 40 hosier,
2287 1904 40 30 at
2343 1910 85 30 one,
2445 1904 40 27 at
2499 1894 208 39 Guildhall,
2758 1893 30 34 A
2799 1893 70 44 pril
2889 1891 59 39 IS.

1630 1954 40 33 j.
1695 1952 76 44 Itay
1873 1950 352 44 k'insbury-square,
2249 1948 204 39 merchant,
2470 1949 40 30 at
2525 1950 72 35 ten,
2613 1950 40 27 at
2673 1941 204 35 Guildhall.

1961 2015 591 39 CERTIFICATES-APRIL
2571 2014 58 39 11.

1677 2089 39 33 J.
1743 2087 187 41 Alba:ter,
1949 2087 175 39 Stafford,
2145 2082 274 40 Statforitshire,
2439 2080 254 35 flottr.dealer.
2748 2076 64 37 W.
2830 2075 123 45 Dean,

1638 2139 285 39 Ketiton-street,
1943 2134 308 43 ltuvell-square,
2275 2131 255 44 shopkeeper.

1838 2278 220 41 S.ITURD
2063 2280 35 37 _4
2109 2277 78 38 I'S
2210 2275 229 40 LONDON
2471 2270 286 43 GAZETTE.

1971 2383 230 43 IVA;WaII,
2220 2381 154 37 !tiara.
2396 2382 67 43 13,
2497 2381 116 35 1809.

1678 2454 80 34 The
1775 2452 102 45 King
1894 2452 63 34 has
1969 2452 90 33 hero
2072 2450 144 46 pleased
2236 2452 34 28 to
2290 2447 196 33 constitute
2503 2445 66 34 and
2584 2441 163 48 appoint
2765 2439 60 37 the
2843 2437 120 47 Right

1637 2504 96 33 Don.
1754 2504 90 32 Gen.
1871 2500 59 34 Sir
1954 2498 120 34 David
2098 2496 161 39 Dundas,
2290 2494 50 33 K.
2359 2493 43 33 B.
2425 2502 38 25 tie
2477 2494 43 31 he
2537 2491 243 35 Commander
2799 2490 33 32 in
2848 2485 118 34 Chief

1636 2550 40 33 of
1696 2550 65 34 His
1779 2545 190 48 Alßiesty's
1988 2545 85 34 land
2089 2544 117 35 forces
2225 2544 37 32 in
2281 2541 60 34 the
2362 2541 138 35 United
2517 2539 161 35 Kindom
2693 2537 45 34 of
2745 2537 115 34 Great
2877 2536 46 34 lit
2934 2535 27 33 :-

1637 2598 73 32 twin
1727 2596 66 34 and
1820 2596 11 33 I
1841 2595 137 37 reland.

1675 2647 78 31 The
1778 2642 98 44 King
1897 2642 60 37 has
1975 2641 90 33 been
2082 2636 146 48 pleased
2249 2641 37 30 to
2304 2635 196 33 constitute
2512 2633 70 38 and
2601 2633 161 46 appoint
2773 2629 63 34 the
2850 2627 118 45 Right

1648 2693 92 33 lion.
1778 2692 125 41 Henry
1926 2688 122 33 Baron
2085 2685 210 41 54.10;rave,
2326 2685 56 33 Sir
2406 2681 161 37 Richard
2603 2679 220 39 Bickerton,
2856 2676 89 41 Bart
2944 2676 22 41 t

1646 2738 282 35 Vice-Admiral
1962 2735 44 34 of
2021 2734 60 33 the
2121 2734 34 31 1U
2171 2733 74 37 bite
2281 2732 190 46 Squadron
2498 2728 43 37 of
2557 2728 67 32 His
2656 2722 190 48 Nlikjesty's
2867 2724 102 39 fleet,

1643 2787 139 33 Robert
1806 2784 130 40 Ward,
1963 2784 90 41 Esq.
2076 2780 59 34 the
2161 2780 112 44 Right
2301 2783 93 31 lion.
2422 2778 12 33 I
2568 2776 99 33 John
2685 2773 176 33 Viscount
2881 2770 66 34 Pal-

1641 2841 170 32 merston,
1839 2833 126 31 James
1993 2831 136 38 Buller,
2161 2829 87 43 Esq.
2275 2831 35 31 NV
2322 2825 103 33 iliam
2458 2825 163 37 Domett,
2646 2823 86 41 Esq.
2765 2819 96 33 Near
2894 2817 50 33 Ad-

1643 2883 102 32 miral
1773 2881 45 32 of
1832 2882 61 31 the
1917 2878 76 39 Itvil
2011 2876 182 46 squadron
2225 2875 44 33 of
2300 2876 54 33 his
2382 2870 193 45 Majcsi)'s
2609 2870 98 38 fleet,
2734 2868 69 34 :u'd
2826 2864 144 34 Robert

1644 2930 109 38 Nloori
1753 2930 18 38 ,
1770 2930 74 38 oin,
1874 2928 87 43 Esq.
1983 2930 38 28 to
2041 2924 45 33 he
2106 2923 52 32 his
2179 2921 195 45 Majesty's
2394 2917 299 37 Commistiioners
2730 2915 57 33 for
2812 2915 135 33 execut-

1641 2978 57 43 ing
1713 2976 60 33 the
1794 2974 115 34 Office
1922 2973 43 34 of
1981 2970 103 45 High
2104 2969 169 35 Admiral
2290 2968 44 34 of
2347 2968 60 33 the
2431 2966 17 34 U
2447 2966 117 34 1111641
2587 2963 184 44 Kingdom
2791 2960 43 34 of
2854 2960 119 33 Great

1645 3025 141 33 Britain
1804 3021 71 35 and
1897 3018 255 41 Ireland..and
2184 3017 64 35 the
2278 3014 237 40 Dominions,
2545 3011 141 35 Islands
2702 3007 73 38 and
2803 3001 149 41 Territi-

1649 3072 70 33 ries
1736 3070 194 35 thereunto
1949 3066 207 45 belonging.

2931 3110 2 1 •

1920 3175 431 38 BANKRUPTCIES
2380 3165 314 43 ENLARGED.

1688 3236 170 37 William
1880 3233 237 44 Fairbridge,
2138 3230 302 47 Gough-square,
2461 3227 255 38 Fleet.street,
2730 3221 141 43 dealer,
2883 3219 93 40 May

1644 3288 54 38 is,
1726 3292 39 28 at
1776 3292 74 32 ten,
1867 3287 40 28 at
1924 3281 208 35 Guildhall.

1687 3333 103 34 John
1821 3327 180 38 Rumford
2029 3326 162 37 Ireland.
2224 3326 247 39 Burr-street,
2499 3321 90 34 East
2621 3317 222 43 Smithfield,
2875 3313 85 38 coal

1642 3381 136 41 factor,
1795 3379 92 44 May
1904 3379 64 40 '2O,
1994 3381 41 28 at
2050 3378 74 38 ten,
2140 3379 39 28 at
2194 3372 207 38 Guildhall.

2138 3439 347 45 BANKRUPTS.

1691 3507 171 38 William
1884 3502 240 45 Wrangham,
2138 3501 295 44 Seething-lane,
2452 3496 163 40 London,
2631 3490 352 50 money-scrivener,

1644 3561 38 28 to
1697 3555 194 33 surrender
1904 3550 130 37 March
2059 3548 56 43 18,
2138 3548 110 46 April
2264 3550 39 37 4,
2321 3548 70 33 and
2414 3547 89 41 May
2522 3544 39 40 6,
2574 3549 37 28 at
2627 3549 73 34 ten,
2714 3548 41 27 at
2777 3539 206 35 GuildhalL

1649 3602 200 41 Attornies,
1869 3601 145 35 Mess's.
2037 3598 184 34 Paruther
2236 3595 71 35 and
2324 3596 87 39 Son,
2435 3592 296 40 London-street,
2747 3586 239 38 Fenehurch.

1644 3656 123 30 street.

1696 3696 170 43 William
1886 3696 146 39 Mason,
2054 3692 255 39 Back-street,
2329 3687 252 44 Horslydorvn
2616 3684 214 39 victualler,
2851 3678 136 46 March

1729 3741 113 48 April
1860 3744 38 39 S.
1929 3743 70 34 and
2019 3742 90 43 May
2128 3742 38 41 6,
2192 3744 39 35 at
2262 3744 73 38 ten,
2367 3744 41 27 at
2428 3733 206 37 Guildhall.
2687 3732 202 43 Attorney,
2909 3729 78 34 11r.

1654 3794 184 41 Hodgson,
1856 3790 180 35 Clement
2036 3788 17 34 :4
2073 3788 72 39 lun,

1694 3841 165 34 Thomas
1881 3840 116 34 Hunt,
2020 3835 129 40 York,
2170 3833 353 46 money-scrivener,
2545 3828 109 46 April
2676 3826 103 43 1,8,
2810 3823 66 35 and
2898 3823 94 41 Alay

1650 3891 37 40 6,
1707 3894 37 26 at
1760 3894 43 26 to
1815 3887 97 39 clve,
1942 3893 38 27 at
2002 3882 208 41 Guildhall.
2262 3882 204 43 Attorney,
2498 3880 73 33 Mr.
2595 3876 164 40 Morton,
2783 3868 214 41 lurnival'a

1656 3938 78 35 Inn,
1760 3933 161 34 Loudon.

1701 3981 170 34 William
2117 3977 252 41 Pentonville,
2387 3974 137 37 factor,
2544 3972 109 45 April
2669 3972 39 39 8,
2732 3970 13 33 I
2759 3971 31 39 I,
2817 3967 66 34 and
2906 3966 89 45 May

1651 4031 37 41 6,
1711 4036 39 28 at
1769 4039 83 31 one,
1872 4033 39 30 at
1928 4028 206 35 Guildhall.
2157 4029 209 41 Attorney,
2382 4024 80 34 Mr.
2479 4022 138 40 nilde,
2636 4019 125 33 Warw
2771 4017 194 46 ick-squar

1659 4080 325 41 Newgate-street.

1701 4126 163 34 Thomas
1886 4122 155 43 Davies,
2060 4121 270 44 Birmingham,
2348 4119 144 40 dealer,
2520 4115 110 46 April
2644 4116 39 40 7,
2702 4116 39 32 at
2761 4111 97 38 four,

1642 4159 1 60 •
1656 4183 79 33 one,
1754 4173 71 37 and
1845 4172 92 46 May
1957 4172 38 47 6,
2013 4175 40 35 at
2070 4170 152 43 twelve,
2241 4176 38 31 at
2294 4169 59 35 the
2374 4167 235 46 Shakspeare
2627 4165 164 39 Tavern,
2812 4159 70 35 hir
