3273 4524
296 9 357 115 THE
775 14 878 111 NATIONAL
1757 15 926 107 REGISTER.

3141 0 77 174 I

1039 253 113 51 Our
1173 253 133 59 airic
1330 257 330 47 Canaitution,
1680 260 89 43 anb
1791 254 170 53 Lilll4.

151 409 111 58 No.
289 412 90 54 65.

924 415 402 65 SUNDAY,
1385 415 330 57 MARCH
1754 415 92 60 26,
1898 415 154 54 1809,

2564 407 189 58 PRICE
2777 409 90 60 9(1.

386 586 358 48 POLITICAL
774 591 472 52 DlSQUisrrioN.

570 720 189 27 NUMBER
789 719 324 30 SIXTY-THRtE.

280 839 128 41 WAIt
436 843 270 37 BETWEEN
738 843 239 37 AUSTRIA
1003 844 110 35 AND
1143 844 235 38 FRANCE.

208 911 71 35 We
295 918 104 31 enter
411 920 99 38 upon
527 912 74 34 this
633 909 143 46 subject
796 912 92 34 with
907 911 131 34 almost
1065 911 61 35 the
1146 922 97 24 same
1263 912 138 44 feeling
1417 912 69 35 and

158 969 216 44 solemnity,
400 979 40 24 as
474 976 54 27 we
555 969 128 34 would
698 977 159 37 propose
876 976 181 26 measures
1074 967 58 34 for
1146 969 163 44 securing
1323 979 67 24 our
1407 980 81 22 own

162 1025 289 45 independence,
481 1035 96 26 were
605 1024 71 35 the
687 1033 128 37 enemy
835 1024 261 35 uncontrouled
1120 1030 133 31 master
1266 1026 45 34 of
1322 1028 61 33 the
1396 1038 92 24 seas.

159 1080 84 37 The
256 1093 100 25 same
373 1083 231 45 phenomena
620 1080 124 35 which
762 1080 195 46 preceded,
970 1087 39 28 at
1025 1091 70 34 any
1114 1093 70 24 one
1201 1084 145 43 period,
1361 1084 63 34 the
1439 1094 37 24 es-

162 1139 242 34 tablishment
418 1139 46 33 of
477 1149 25 24 a
514 1139 151 45 general
681 1143 135 39 system
831 1136 45 35 of
889 1144 188 38 conquest,
1090 1139 144 44 rapine,
1247 1141 70 32 and
1331 1140 162 44 slavery,

164 1195 111 45 begin
295 1201 39 28 to
351 1204 138 38 appear
489 1204 24 38 s
537 1206 116 35 every
671 1195 90 50 day,
789 1196 34 33 in
841 1204 25 25 a
882 1204 104 25 more
1015 1194 69 34 and
1100 1201 103 28 mote
1225 1196 182 43 alarming
1431 1196 43 34 de-

164 1261 104 37 gree.
320 1251 80 37 The
418 1258 123 31 terror
556 1253 71 35 and
658 1248 146 50 general
823 1251 217 46 sympathy,
1065 1247 125 39 which
1212 1252 60 34 the
1290 1253 150 44 novelty
1455 1251 46 37 of

164 1310 65 34 the
247 1309 138 45 danger
405 1309 71 34 had
495 1309 163 41 created,
686 1307 93 37 have
804 1302 152 52 already
979 1307 115 45 began
1123 1310 40 32 to
1188 1305 110 38 abate
1313 1310 155 45 sensibly
1483 1323 11 28 ;

164 1365 71 34 and
254 1372 254 38 governments
524 1367 70 33 and
630 1371 111 31 states
758 1364 270 43 acknowledge
1046 1364 63 34 the
1123 1367 143 44 empire
1292 1359 41 39 of
1348 1371 148 30 custom.

169 1423 243 44 Familiarity
431 1421 65 35 has
527 1421 177 35 rendered
729 1421 61 34 the
797 1421 92 46 first
913 1421 151 34 terrible
1082 1420 214 45 impression
1316 1423 67 33 less
1400 1433 74 25 mon-

167 1483 122 32 strous
307 1479 69 33 and
412 1478 200 45 repulsive.
670 1478 33 33 A
736 1479 152 32 number
906 1476 43 33 of
972 1476 60 33 the
1057 1478 146 33 ancient
1230 1479 161 34 harriers
1407 1478 93 35 have

170 1535 92 33 been
280 1539 120 40 swept
430 1544 110 34 away
556 1541 12 33 ;
594 1533 65 34 the
691 1533 214 34 landmarks
937 1532 94 34 have
1057 1532 243 47 disappeared
1316 1543 9 31 ;
1352 1534 61 35 the
1429 1535 72 34 last

168 1590 148 40 rnounds
315 1590 21 40 s
406 1589 84 35 hich
528 1589 210 35 intervened
769 1590 165 34 between
960 1600 66 22 our
1057 1590 102 34 fields
1176 1591 66 32 and
1264 1590 61 34 the
1354 1591 128 37 inunda-

170 1648 97 38 tion,
292 1657 67 24 are
386 1646 142 34 shaken
561 1646 51 45 by
632 1646 47 33 its
699 1645 80 46 fury
798 1658 12 28 ;
836 1646 71 33 and
927 1655 57 25 Ise
1002 1642 103 44 look,
1130 1642 92 39 with
1251 1648 124 44 stupid
1396 1648 106 34 indif.

170 1704 163 41 ference,
361 1704 94 34 with
477 1703 59 35 the
561 1707 131 41 empty
712 1708 98 30 stare
836 1702 45 35 of
907 1702 222 35 bewildered
1148 1703 110 44 folly,
1283 1715 46 24 on
1348 1703 61 35 the
1426 1710 79 28 vast

169 1769 109 26 scene
292 1759 44 38 of
347 1760 222 35 desolation.
625 1759 64 35 No
720 1759 141 34 serious
879 1767 177 27 measures
1075 1757 94 35 bave
1187 1760 90 34 been
1303 1761 201 44 proposed,

170 1825 66 30 not
250 1824 91 31 even
367 1819 66 34 the
449 1818 78 35 will
553 1813 30 38 is
613 1817 229 41 manifested,
870 1826 46 24 on
934 1826 67 22 our
1019 1822 98 39 part,
1146 1822 38 27 to
1196 1821 105 28 avert
1330 1817 93 34 from
1439 1827 69 24 our

172 1876 226 44 neighbours
428 1876 64 33 the
521 1876 197 43 calamity,
745 1872 139 41 which,
911 1872 97 35 after
1025 1873 28 33 it
1088 1872 63 34 has
1169 1874 221 43 overspread
1410 1873 97 34 their

174 1930 120 44 lands,
321 1933 79 33 will
419 1942 104 33 rage,
550 1931 96 35 with
666 1923 139 44 tenfold
827 1930 181 40 violence,
1031 1929 144 45 against
1189 1939 67 24 our
1273 1939 86 25 own
1376 1929 131 38 fences.

177 1985 72 38 We
278 1989 177 45 perceive
472 1989 63 34 the
543 1988 141 46 danger
696 1987 45 34 of
763 1987 96 34 their
876 1987 188 40 situation,
1090 1985 70 33 and
1180 1996 81 32 may
1279 1985 117 46 easily
1413 1987 79 35 anti-

172 2047 130 45 cipate
333 2056 67 22 our
420 2056 86 22 own
521 2057 8 21 ;
559 2044 103 37 their
690 2044 200 45 imploring
906 2044 93 33 cries
1013 2053 64 25 are
1107 2043 133 40 heard;
1267 2042 99 35 their
1383 2043 125 43 hands,

175 2102 183 45 invoking
373 2102 191 43 as,istarice
565 2102 18 43 s
609 2111 71 26 are
691 2100 183 35 stretched
888 2104 65 32 out
969 2105 38 30 to
1030 2109 61 31 us;
1120 2100 69 35 but
1201 2099 143 34 neither
1358 2109 124 34 sympa-

176 2159 69 43 thy
281 2159 34 35 in
340 2159 98 34 their
457 2159 161 41 distress,
646 2167 69 25 nor
741 2157 66 35 the
822 2167 87 28 roar
937 2156 45 35 of
994 2156 59 34 the
1077 2154 262 46 approaching
1357 2160 154 37 torrent,

172 2220 70 30 can
269 2215 130 38 render
415 2224 39 25 us
471 2224 102 24 more
588 2215 116 41 alert,
728 2224 41 24 or
788 2213 163 44 produce
979 2220 25 26 a
1036 2211 289 46 corresponding
1343 2218 168 30 measure

175 2271 46 35 of
231 2271 187 43 vigilance
432 2271 72 34 and
523 2270 144 34 action.

223 2328 84 34 The
325 2327 74 34 low
420 2327 100 34 vices
536 2327 45 33 of
592 2326 224 45 dissipation
833 2322 71 38 old
920 2323 151 37 avarice
1096 2323 216 35 undermine
1336 2324 63 35 the
1415 2326 77 34 nati-

176 2383 85 37 onal
281 2383 209 37 Character.
540 2382 60 35 An
620 2382 176 35 incessant
816 2382 150 44 pisrsta
979 2380 44 35 of
1031 2382 183 41 pleasure,
1233 2380 70 35 and
1320 2380 45 41 of
1376 2381 132 35 wealth

176 2445 40 32 to
234 2439 142 46 gratify
394 2440 48 40 it,
468 2440 174 44 occupies
659 2448 67 24 our
746 2438 170 35 facultiPs
931 2437 69 33 and
1018 2435 200 46 comprises
1234 2446 69 24 our
1317 2437 196 34 wishes.

180 2498 66 35 All
263 2499 65 33 the
345 2498 96 34 male
452 2497 71 35 and
541 2496 197 43 ennobling
757 2496 137 32 virtues
911 2493 107 45 begin
1036 2498 35 28 to
1091 2492 155 44 migrate
1260 2490 93 37 from
1369 2503 24 24 a
1402 2503 94 25 (sotto-

177 2559 63 40 try
275 2554 125 34 where
429 2555 90 43 they
568 2555 87 44 long
703 2551 194 45 sojourned
914 2562 12 30 ;
967 2551 69 32 and
1071 2555 249 39 temperance,
1358 2550 84 32 love
1475 2550 44 33 of

180 2613 128 45 glory,
333 2609 331 35 disinterestedness
691 2606 67 37 and
780 2607 227 46 patriotism,
1031 2604 72 34 find
1133 2614 46 25 no
1196 2614 138 25 avenue
1355 2606 79 33 into
1448 2606 45 33 bo-

180 2679 113 31 soms,
320 2667 123 37 which
457 2670 65 31 are
542 2665 182 37 incrusted
746 2665 89 33 with
853 2674 22 22 a
894 2663 105 33 thick
1018 2663 66 33 and
1103 2661 97 34 solid
1218 2667 77 31 rust
1310 2661 44 34 of
1376 2662 120 34 selfish-

183 2735 77 26 ness
275 2726 71 34 and
366 2726 87 39 base
470 2724 148 34 desires.
677 2722 80 34 The
776 2721 176 35 infection
973 2719 63 33 has
1038 2721 21 41 -
1059 2721 112 41 begun
1194 2718 90 37 with
1306 2717 63 37 the
1387 2719 130 44 higher

183 2785 111 40 class,
318 2783 70 35 and
422 2778 287 40 communicates
741 2779 164 45 rapidly,
934 2776 154 44 through
1127 2776 65 34 the
1226 2786 38 26 Fe
1269 2777 97 34 veral
1383 2778 112 43 grada-

183 2841 115 40 tions,
324 2846 38 28 to
379 2841 65 33 the
462 2841 132 32 lowest
612 2837 126 34 orders
756 2837 40 33 of
810 2836 60 32 the
888 2841 105 30 state.
1046 2833 79 34 The
1144 2832 80 34 rich
1241 2833 70 33 and
1331 2833 61 33 the
1406 2845 110 34 poor,

182 2898 67 33 the
263 2898 195 33 nobleman
476 2894 69 37 and
562 2895 64 34 the
641 2893 202 40 mechanic,
866 2891 93 34 have
977 2900 80 25 now
1077 2889 102 35 their
1194 2889 180 45 midnight
1383 2893 133 41 orgies,

181 2954 74 35 and
286 2960 116 31 resort
419 2959 41 31 to
477 2962 122 25 means
614 2950 152 46 equally
790 2948 198 45 iniquitous
1009 2948 33 32 in
1061 2947 111 34 order
1188 2952 39 30 to
1244 2952 157 40 support
1420 2948 96 34 them

184 3012 115 33 the
325 3021 67 25 one
407 3008 177 37 defrauds
620 3007 56 34 his
707 3006 177 40 creditor,
912 3005 69 32 and
1015 3002 61 35 the
1104 3000 109 35 other
1231 3002 56 33 his
1299 3004 215 45 employer;

187 3069 128 34 whilst
340 3069 91 34 both
457 3067 150 46 display
625 3073 104 28 more
757 3063 181 44 alarming
966 3059 230 35 indifference
1225 3065 38 30 to
1279 3060 99 34 their
1403 3061 115 35 social

184 3125 248 46 obligations.
452 3125 109 34 Thus
576 3124 64 35 the
659 3120 175 37 heartless
849 3117 233 45 debauchery
1100 3116 46 35 of
1156 3115 64 38 the
1235 3118 207 40 castle,and
1459 3118 63 35 the

187 3183 93 34 wild
300 3184 73 33 riot
389 3181 47 35 of
458 3182 64 34 the
537 3182 135 39 cellar,
696 3178 151 46 equally
875 3175 207 37 contribute
1098 3180 39 28 to
1155 3181 152 39 corrupt
1325 3175 63 33 the
1403 3175 115 34 moral

185 3241 72 34 and
291 3239 170 46 physical
495 3239 161 35 stamina
672 3237 44 33 of
744 3237 61 33 the
830 3231 252 45 community;
1108 3231 72 34 and
1207 3241 67 24 our
1290 3230 152 45 feelings
1457 3242 64 25 arc

185 3298 171 43 blunted,
381 3307 71 26 our
468 3295 165 45 strength
652 3299 65 31 too
731 3293 104 35 much
853 3288 220 46 dissipated,
1097 3292 40 31 to
1157 3287 44 35 be
1218 3287 84 35 able
1323 3292 37 28 to
1374 3288 145 46 display

187 3361 155 39 energy,
359 3358 234 37 resentment,
611 3363 44 24 or
667 3351 237 38 enthusiasm,
919 3344 174 38 sufficient
1113 3352 39 27 to
1170 3348 188 31 surmount
1375 3345 61 34 the
1449 3345 53 34 dif-

188 3412 176 41 ficulties,
389 3420 48 26 or
456 3411 130 45 punish
606 3411 66 32 the
690 3406 194 38 atrocities
895 3404 44 35 of
953 3404 64 34 the
1033 3406 142 41 pre4ent
1193 3411 80 35 age.

236 3468 124 37 These
389 3467 278 43 disheartening
683 3464 204 34 reflections
920 3461 83 33 rush
1036 3469 98 35 upon
1163 3467 70 26 our
1260 3456 112 37 minds
1393 3457 92 34 with
1501 3468 24 24 a

187 3526 151 50 painful
352 3526 229 40 conviction,
609 3523 197 37 whenever
828 3529 54 26 we
900 3519 89 33 take
1005 3527 22 25 a
1051 3524 136 35 survey
1209 3511 41 39 of
1277 3524 67 25 our
1361 3515 162 35 national

188 3594 175 26 concerns
379 3583 71 34 and
471 3581 176 46 pursuits.

239 3640 63 35 On
330 3639 63 37 the
424 3646 85 39 part
531 3638 44 35 of
595 3637 65 37 the
690 3634 142 47 public,
856 3643 27 25 a
901 3630 155 46 chilling
1077 3627 143 47 apathy
1239 3625 28 38 is
1281 3625 157 44 visible;
1479 3639 46 24 on

189 3699 86 34 that
313 3698 46 35 of
397 3698 202 39 Ministers,
643 3693 202 40 weakness,
881 3691 70 33 and
989 3689 250 33 irresolution.
1307 3684 81 35 The
1423 3683 104 37 inch:-

190 3752 106 38 knee
322 3756 71 35 and
430 3754 279 46 improvidence
733 3749 44 35 of
808 3746 60 35 the
899 3748 111 33 latter
1033 3754 63 26 are
1123 3754 40 24 as
1181 3742 198 45 repulsive,
1409 3751 39 26 as
1467 3743 60 34 the

190 3813 239 37 inditference
446 3811 48 34 of
526 3810 63 35 the
606 3809 142 34 former
764 3807 28 34 is
809 3804 195 44 alarming.
1058 3801 125 44 Every
1201 3798 77 46 sign
1294 3798 98 33 tends
1410 3806 39 27 to
1466 3798 41 34 de-

190 3880 129 38 press;
344 3870 155 44 nothing
514 3873 38 31 to
566 3874 219 35 encourage.
836 3859 157 45 Though
1009 3857 60 35 the
1085 3862 96 28 most
1195 3856 92 34 vital
1309 3855 163 37 interests
1489 3856 45 35 of

193 3930 65 33 the
285 3932 157 40 country
472 3934 64 26 are
560 3930 41 30 at
630 3922 124 39 stake,
795 3917 46 38 its
870 3917 178 39 freedom,
1080 3912 241 41 institutions,
1361 3912 46 34 its
1436 3920 91 35 very

193 3987 190 33 existence
416 3992 66 26 are
510 3979 171 37 menaced
699 3991 13 30 ;
754 3989 25 24 a
807 3974 165 46 peevish,
1004 3970 211 45 impatient,
1245 3967 158 45 puerile,
1442 3977 64 25 con-

191 4054 85 24 cern
306 4043 28 33 is
360 4038 219 38 manifested
608 4038 119 34 about
752 4033 138 43 trifling
908 4030 231 47 grievances,
1170 4012 124 47 which
1329 4033 80 25 men
1436 4023 45 34 of
1506 4035 21 22 a

193 4098 143 37 ceitain
352 4102 92 38 cast,
465 4106 96 26 were
579 4094 91 44 they
690 4102 38 25 to
757 4098 111 32 occur
898 4093 37 31 to
958 4085 98 37 thew
1075 4083 35 35 in
1129 4083 150 46 private
1298 4080 79 46 life,
1403 4081 124 38 would

190 4161 92 39 Vat.
308 4160 19 38 I
340 4159 18 38 f
583 4152 139 44 LXV.

1544 572 201 43 disre4:lrd,
1775 585 40 21 or
1846 583 178 26 coo:teni.
2078 575 79 33 The
2185 580 89 28 most
2303 574 266 43 :Ilion-sighted
2603 583 64 24 are
2696 575 171 40 seosit,le,

1546 628 77 33 that
1643 630 60 32 the
1723 631 168 33 disa,ters
1912 632 122 35 which
2053 641 144 24 menace
2215 641 39 21 us
2270 631 246 39 accumulate,
2539 631 69 31 and
2636 638 64 24 are
2727 631 142 44 coming

1546 689 38 27 10
1610 694 22 22 a
1657 686 124 38 crisis;
1807 687 71 33 and
1905 696 54 25 we
1987 687 87 33 feel.
2101 686 206 39 nevertliele,
2307 686 17 39 ,
2323 686 35 39 s,
2378 696 45 22 an
2445 686 200 39 increasing
2662 685 207 33 reluctance

1551 745 34 27 to
1605 750 157 35 prepare
1779 742 177 44 seriously
1974 743 61 33 fur
2063 742 63 33 the
2152 746 120 37 event,
2303 741 72 34 and
2405 746 194 38 postpone,
2627 741 93 32 from
2744 745 66 38 nit!.
2831 746 38 26 to

1548 798 89 40 day,
1654 808 24 21 w
1689 797 52 33 ith
1761 798 283 34 unaccountable
2066 798 200 33 remissness
2282 798 71 33 and
2370 797 137 44 Lvity,
2533 802 37 30 to
2596 796 117 43 adopt
2732 797 61 32 the
2811 806 41 25 ne-

1550 863 139 33 cessary
1706 865 118 24 means
1841 854 44 32 of
1898 855 207 33 resi.tance.
2161 854 64 33 We
2244 854 146 43 ntsgleet
2409 853 200 40 ourselves,
2635 853 67 32 aod
2733 853 45 33 do
2806 862 43 24 no-

1552 909 102 45 thing
1670 909 58 33 for
1744 909 124 33 others
1884 922 11 26 ;
1920 909 86 39 and,
2027 911 187 32 whatever
2233 909 44 33 he
2296 909 61 34 the
2378 909 112 33 result
2517 908 40 33 of
2581 908 64 34 the
2667 909 208 45 impeading

1551 966 172 44 struggle,
1740 976 57 25 we
1814 967 103 32 blush
1938 974 34 25 to
1990 966 156 41 confess,
2177 965 81 34 that
2287 976 70 24 our
2386 970 145 40 present
2549 965 145 45 vigour,
2720 976 43 24 or
2778 966 80 33 fore-

1553 1023 110 44 sight,
1683 1022 26 34 is
1727 1028 61 28 not
1807 1023 177 44 adequate
2004 1028 38 28 to
2061 1028 92 27 meet
2173 1022 45 32 its
2238 1029 178 37 pressure.

1600 1080 116 33 These
1736 1080 220 39 reflections,
1976 1078 231 41 humiliating
2223 1089 40 22 as
2282 1080 86 43 they
2383 1089 78 30 are,
2483 1081 144 43 present
2644 1077 231 44 themselves,

1554 1144 46 25 on
1625 1136 189 43 adverting
1846 1141 38 28 to
1912 1135 60 33 the
2003 1135 256 43 approaching
2283 1140 141 31 contest
2450 1137 164 32 between
2636 1135 152 34 Austria
2805 1137 72 33 and

1559 1191 154 35 France.
1768 1192 66 32 We
1853 1201 143 34 appear
2014 1198 35 26 to
2068 1191 169 33 manifest
2268 1200 41 24 as
2336 1192 102 33 much
2473 1191 230 33 indifference
2735 1202 47 22 on
2815 1193 63 34 the

1558 1248 180 40 occasion,
1762 1258 40 24 as
1833 1247 33 34 if
1894 1248 30 33 it
1951 1256 96 25 were
2070 1257 24 25 a
2120 1247 145 43 dispute
2296 1248 165 33 between
2489 1252 76 30 two
2596 1246 132 35 Indian
2750 1248 126 33 tribes.

1561 1302 59 37 No
1641 1303 255 45 preparations
1912 1315 60 22 are
1991 1302 103 33 made
2114 1303 46 44 by
2183 1303 261 41 Government,
2473 1313 45 21 no
2543 1307 123 38 strong
2685 1304 146 35 inter..st
2851 1306 28 32 is

1560 1362 193 44 displayed
1788 1362 48 45 by
1865 1361 60 33 the
1955 1361 126 45 public
2095 1371 12 27 ;
2134 1358 67 34 and
2233 1368 57 25 we
2317 1359 99 33 shew
2452 1359 61 35 the
2538 1370 99 24 same
2668 1361 204 34 remissness

1561 1419 136 45 though
1717 1419 180 44 infinitely
1926 1419 65 33 less
2019 1417 236 37 enthusiasm,
2284 1414 87 34 than
2405 1422 53 22 we
2483 1411 60 32 did
2576 1410 34 34 in
2637 1410 63 33 the
2727 1420 83 25 case
2838 1410 45 34 of

1564 1474 152 47 Spanish
1737 1476 207 33 resistance.
1996 1474 79 34 Our
2101 1472 209 43 negligence
2329 1470 67 33 and
2426 1470 157 33 inaction
2603 1468 142 33 blasted
2764 1476 116 35 every

1565 1531 96 45 hope
1681 1531 119 34 which
1819 1531 83 35 that
1932 1530 208 46 propitious
2173 1535 217 25 occurrence
2421 1526 70 33 hatl
2517 1522 164 46 justified
2696 1535 13 27 ;
2734 1525 69 32 and
2825 1534 58 24 we

1565 1599 79 21 now
1667 1597 131 34 purine
1828 1589 63 32 the
1919 1594 97 26 same
2046 1585 170 39 conduct,
2242 1581 100 33 after
2369 1581 221 43 experience
2611 1581 63 32 has
2691 1589 126 26 snewn
2838 1581 45 33 its

1565 1641 216 47 disgraceful
1800 1643 67 35 and
1883 1643 146 33 ruinous
2047 1641 185 43 tendency.
2290 1638 69 32 We
2381 1646 94 24 were
2492 1646 129 33 among
2637 1637 63 33 the
2714 1643 90 28 mot
2820 1646 28 26 at
2849 1646 14 26 .
2864 1655 18 9 -

1566 1709 83 28 (eat
1664 1702 195 35 advocates
1886 1702 34 33 in
1937 1700 132 37 favour
2087 1698 43 34 of
2157 1700 171 44 vigorous
2359 1696 126 44 policy
2505 1696 34 34 in
2564 1706 159 35 support
2752 1696 45 34 of
2820 1697 64 33 the

1570 1757 152 45 Spanish
1746 1756 164 37 Patriots
1924 1770 9 26 ;
1959 1757 70 33 and
2059 1757 171 33 however
2256 1753 241 34 unsuccessful
2529 1763 67 25 oar
2627 1753 126 37 effort*
2786 1754 97 34 have

1570 1818 100 39 been,
1690 1817 174 32 however
1879 1813 255 45 disappointed
2156 1821 65 24 our
2239 1809 131 45 hopes,
2401 1820 53 22 we
2484 1809 76 33 will
2588 1809 76 33 still
2693 1817 194 37 persevere

1572 1873 33 34 in
1625 1871 287 44 recommending
1926 1870 69 34 and
2017 1867 209 46 impressing
2241 1867 47 34 its
2304 1866 144 43 utility.
2503 1863 35 35 It
2555 1867 27 32 is
2595 1867 110 45 equal
2726 1866 81 32 who
2825 1867 63 32 the

1573 1929 132 44 people
1720 1938 89 28 are;
1835 1926 98 33 their
1949 1925 256 43 co-operation
2231 1924 33 31 in
2283 1920 64 33 the
2362 1930 99 25 same
2487 1932 106 22 cause
2616 1922 142 33 cancels
2774 1929 115 38 every

1573 1984 136 35 former
1726 1983 120 45 iiijury
1860 1995 11 28 ;
1897 1982 70 35 and
1983 1981 87 43 they
2091 1989 65 25 are
2179 1977 176 34 affiliated
2383 1980 63 33 the
2473 1983 156 28 moment
2656 1980 87 43 they
2763 1980 129 32 evince

1557 2034 1 52 ,
1572 2052 22 26 a
1612 2042 116 34 desire
1747 2046 37 30 to
1800 2042 43 31 he
1860 2039 91 34 free.
2003 2036 189 35 Austrians
2212 2044 41 24 or
2270 2034 216 44 Spaniards,
2510 2035 170 35 Russians
2696 2044 44 22 or
2753 2035 143 40 Turks,

1573 2100 87 44 they
1675 2098 154 35 become
1846 2095 171 44 instantly
2036 2092 221 37 naturalised
2281 2091 165 41 Britons,
2460 2102 40 22 as
2518 2101 86 24 soon
2627 2102 41 22 as
2693 2092 86 43 they
2803 2093 93 31 have

1571 2154 168 34 declared
1755 2153 216 35 themselves
1985 2150 155 35 enemies
2156 2148 44 33 of
2212 2147 170 41 Frances
2408 2148 71 33 and
2499 2148 71 33 this
2584 2148 116 43 single
2719 2154 58 27 act
2794 2147 105 44 givOs

1574 2211 97 34 them
1687 2220 25 25 a
1728 2210 99 44 sight
1839 2215 40 30 to
1894 2218 67 24 our
1975 2206 135 34 armies
2125 2204 67 37 and
2210 2209 197 30 treasures.
2463 2203 148 44 Enmity
2633 2210 38 27 to
2687 2213 45 21 am
2752 2202 146 34 abort*

1573 2267 109 37 nable
1696 2268 71 35 and
1787 2267 107 34 hated
1922 2267 172 41 country,
2111 2261 30 34 is
2163 2259 207 45 friendship
2391 2267 37 27 to
2454 2270 65 28 us;
2543 2259 69 35 and
2642 2255 196 39 resistance
2856 2265 41 27 to

1574 2331 155 39 tyranny
1748 2324 132 41 should
1910 2320 185 38 couonsand
2126 2320 61 33 the
2215 2319 163 33 services
2400 2317 70 33 and
2494 2326 133 26 esteem
2656 2316 43 33 of
2722 2315 175 35 freemen.

1579 2383 67 34 We
1661 2381 145 38 discard
1820 2380 150 43 totally,
1989 2378 93 33 from
2101 2386 65 24 our
2185 2374 92 35 code
2295 2374 44 34 of
2356 2374 170 45 political
2545 2374 194 43 morality,
2760 2378 59 27 the
2835 2375 45 31 ob-

1574 2438 155 44 liption
1749 2437 44 33 of
1813 2434 270 45 philanthropy
2104 2438 38 27 to
2160 2443 21 22 a
2198 2435 111 35 state,
2342 2430 123 34 which
2483 2430 92 34 aims
2591 2434 38 28 at
2649 2437 69 25 our
2735 2430 146 33 destruc-

1668 2507 11 28 ;
1703 2494 86 39 and,
1814 2503 39 25 so
1878 2490 53 35 far
1951 2490 96 39 from
2063 2489 35 44 R3
2099 2489 18 44 .
2117 2489 233 44 3npattlising,
2369 2496 57 25 we
2446 2487 119 41 would
2584 2487 106 43 glory
2714 2485 34 33 hi
2770 2486 43 33 its
2831 2486 58 33 dis-

1576 2556 124 31 asters.
1752 2549 228 38 Sentiments,
2008 2544 77 34 like
2104 2545 112 40 these,
2249 2542 184 45 produced
2458 2542 61 33 the
2536 2542 228 50 astonishing
2780 2542 133 37 effect%

1581 2617 53 26 we
1649 2606 139 38 admire
1814 2598 35 40 in
1870 2604 44 32 GI
1924 2603 99 33 eciati
2042 2601 69 34 and
2148 2601 139 34 Roman
2310 2598 139 44 history
2467 2610 12 27 ;
2519 2598 71 34 and
2622 2598 144 33 similar
2792 2595 116 41 senti:

1579 2672 110 30 meats
1701 2673 63 24 are
1775 2662 110 34 atone
1896 2657 158 46 capable
2068 2656 44 35 of
2125 2655 203 47 producing
2342 2665 131 33 among
2486 2653 106 35 other
2607 2653 141 34 nations
2761 2655 159 35 siini/ar,

1578 2722 132 41 egects.

1631 2779 106 33 Were
1753 2776 98 34 these
1876 2772 151 43 feelings
2055 2770 162 44 strongly
2251 2765 184 46 ingrafted
2469 2766 33 33 in
2535 2766 61 34 the
2619 2766 122 34 hearts
2769 2765 46 37 of
2833 2773 71 26 our

1579 2842 252 38 countrymen,
1854 2830 71 37 and
1943 2828 185 44 regulated
2143 2828 61 32 the
2215 2824 128 45 policy
2359 2822 44 34 of
2414 2828 248 39 govermnent,
2688 2833 111 33 every
2813 2831 72 25 anx-

1574 2893 83 45 iety
1676 2893 115 33 about
1807 2898 66 24 our
1898 2885 125 33 future
2055 2883 157 33 fortunes
2244 2878 124 35 would
2405 2880 44 32 he
2474 2880 213 32 chimerical
2709 2891 11 27 ;
2747 2880 67 33 and
2846 2887 59 25 we

1580 2948 106 35 could
1706 2944 111 46 laugh
1835 2950 38 27 at
1892 2942 61 34 the
1971 2947 163 27 menaces
2151 2937 67 33 and
2239 2934 215 44 unavailing
2483 2944 85 33 rage
2583 2934 46 34 of
2649 2944 25 24 a
2701 2935 210 34 loathsortte

1581 3005 69 34 and
1665 2998 260 51 unprincipled
1942 3001 139 40 tyrant.
2135 2993 202 34 Whatever
2356 2991 137 45 people
2520 3000 80 22 rose
2626 2995 39 28 to
2687 2992 103 32 resist

1584 3073 66 25 our
1665 3069 97 35 navy
1781 3056 122 38 would
1919 3056 204 44 transport,
2151 3050 87 33 with
2258 3048 61 34 the
2347 3047 167 46 rapidity
2539 3046 69 34 and
2637 3047 201 34 execution
2870 3040 46 40 of

1586 3122 131 32 intense
1736 3113 146 38 hatred,
1905 3122 26 24 a
1956 3107 221 35 formidable
2203 3115 107 34 army
2342 3110 39 27 to
2414 3104 103 34 assist
2549 3103 98 33 their
2665 3104 141 34 efforts.
2857 3104 58 35 At

1586 3176 60 33 the
1662 3174 164 45 slightest
1843 3165 285 38 demonstration
2140 3161 45 34 of
2198 3162 112 44 Spain
2323 3170 44 24 or
2386 3159 150 34 Austria
2549 3164 39 28 to
2606 3158 83 34 that
2704 3159 122 41 effect,
2844 3170 72 24 our

1584 3233 115 33 entire
1716 3229 168 41 military
1913 3223 99 34 force
2031 3220 122 35 would
2185 3219 92 40 have
2296 3217 188 40 meuaced,
2512 3216 78 33 like
2615 3226 22 22 a
2657 3216 112 34 black
2786 3215 128 43 cloud,

1586 3292 63 31 the
1664 3283 157 45 enemy's
1838 3287 137 32 coasts;
2001 3276 67 35 and
2091 3275 56 33 if
2146 3286 24 22 a
2194 3270 159 48 particle
2369 3272 44 33 of
2433 3274 63 31 the
2525 3272 107 44 spirit
2655 3270 45 34 of
2718 3281 69 25 our
2812 3270 83 35 fore-

1586 3345 139 34 fathers
1759 3339 155 37 remain,
1938 3335 61 33 the
2034 3333 74 33 first
2126 3340 135 24 cannon
2295 3328 81 33 that
2406 3328 28 33 is
2464 3326 90 35 fired
2581 3337 48 24 on
2655 3328 63 33 the
2739 3328 177 45 Danube,

1590 3402 74 34 will
1685 3402 45 32 he
1750 3397 61 35 the
1828 3391 113 46 signal
1959 3391 44 35 of
2016 3399 66 22 our
2101 3384 193 37 renovated
2313 3394 152 33 energy.

1639 3458 60 33 Let
1719 3467 40 21 us
1785 3451 157 44 imagine
1964 3446 99 39 then,
2091 3444 83 34 that
2204 3442 204 43 Ministers,
2443 3439 156 34 sensible
2628 3444 40 28 at
2696 3441 70 32 last
2784 3441 44 34 of
2850 3441 66 35 the

1587 3506 219 52 dhgraCeful
1825 3508 67 33 and
1925 3504 105 34 weak
2066 3508 81 38 part
2179 3501 59 31 the
2264 3503 156 38 country
2451 3497 63 32 has
2538 3498 105 33 acted
2676 3498 112 32 under
2817 3498 100 33 their

1589 3570 181 45 auspices,
1796 3562 119 37 would
1933 3562 115 41 adopt
2066 3565 178 26 measures
2272 3554 45 32 of
2346 3553 141 43 foreign
2506 3553 125 44 policy
2654 3563 104 24 more
2773 3554 126 34 confor-

1592 3626 118 35 mable
1726 3630 39 30 to
1781 3632 69 24 our
1864 3619 143 35 ancient
2024 3617 169 37 maxims,
2219 3606 67 38 and
2322 3609 61 33 the
2413 3609 131 45 alinost
2564 3609 278 34 inexhaustible
2862 3619 35 24 rc

1590 3680 143 39 sources
1752 3680 43 33 of
1818 3678 61 34 the
1898 3677 113 32 State.
2069 3672 37 33 It
2133 3669 111 43 might
2263 3667 85 32 then
2368 3667 44 31 he
2437 3665 129 37 asked,
2594 3667 83 32 how
2701 3669 86 39 they
2807 3664 109 38 could

1594 3739 106 34 wield
1720 3739 59 32 the
1793 3733 162 44 energies
1972 3729 44 35 of
2029 3728 63 34 the
2107 3726 142 44 empire
2268 3733 28 21 A%
2307 3723 51 32 ith
2375 3732 71 32 any
2465 3722 167 34 effectual
2643 3722 211 44 advantage
2880 3729 38 28 to

1594 3794 237 40 Austria,--a
1846 3793 155 39 country
2024 3782 158 37 situated
2200 3788 35 27 at
2257 3791 39 21 so
2314 3780 250 33 considerable
2588 3788 24 24 a
2636 3778 162 33 distance
2822 3780 97 32 frora

1592 3852 109 37 ours?
1737 3847 83 37 The
1837 3844 106 46 reply
1959 3849 38 27 to
2011 3841 73 34 this
2096 3837 185 46 objection
2303 3837 44 40 is,
2370 3837 83 31 that
2470 3835 84 43 they
2571 3839 89 28 need
2679 3835 85 43 ouly
2783 3844 32 22 at
2831 3831 91 38 here

1592 3909 40 34 to
1646 3909 63 34 the
1726 3909 89 39 very
1834 3904 102 44 plan,
1954 3898 124 37 which
2093 3898 86 44 they
2193 3906 38 22 so
2248 3892 274 44 unfortunately
2538 3892 154 43 pursued
2711 3891 155 33 relatise

1593 3966 128 45 Spain,
1746 3961 159 41 namely,
1943 3961 38 30 to
2000 3956 105 33 effect
2120 3963 24 24 a
2160 3952 187 32 diversion
2368 3959 39 22 as
2427 3954 136 27 remote
2580 3957 40 22 ai
2643 3947 161 43 possible
2823 3946 99 33 from

1592 4023 63 34 the
1665 4020 120 34 direct
1811 4026 105 25 scene
1932 4013 43 33 of
1990 4010 209 34 hostilities.
2254 4007 33 33 A
2308 4004 142 43 change
2478 4004 41 32 of
2533 4005 279 32 circumstances
2838 4015 64 22 ren-

1592 4080 79 35 ders
1690 4072 241 48 imperiously
1951 4072 145 41 urgent,
2124 4065 102 35 what
2245 4072 76 26 was
2333 4062 64 34 the
2414 4059 143 46 highest
2572 4059 182 46 impolicy
2774 4064 43 30 at
2841 4059 86 33 that

3041 3914 6 4 .

3139 4023 4 22 4
3143 4023 5 22 .

3143 4204 2 1 .

3149 4225 30 19 141
