<?xml version="1.0" encoding="UTF-8"?>
<alto xmlns:xsi="http://www.w3.org/2001/XMLSchema-instance" xsi:noNamespaceSchemaLocation="http://schema.ccs-gmbh.com/docworks/alto-1-4.xsd" xmlns:xlink="http://www.w3.org/1999/xlink">
	<Description>
		<MeasurementUnit>pixel</MeasurementUnit>
		<sourceImageInformation>
			<fileName>//NP1-STOR2/data01/blend6/2019-08-02_09_02/2019-08-02_09_02_01014.tif</fileName>
		</sourceImageInformation>
		<OCRProcessing ID="OCRPROCESSING_1">
			<preProcessingStep>
				<processingSoftware>
					<softwareCreator>CCS Content Conversion Specialists GmbH, Hamburg, Germany</softwareCreator>
					<softwareName>CCS docWorks</softwareName>
					<softwareVersion>7.0-1.47</softwareVersion>
				</processingSoftware>
			</preProcessingStep>
			<ocrProcessingStep>
				<processingStepSettings>Character Count: 6930 
Predicted Word Accuracy: 94.2% 
Suspicious Character Count: 53 
Word Count: 1129 
Suspicious Word Count: 81 
width: 3484 
height: 4417 
xdpi: 300 
ydpi: 300 
source-image: //NP1-STOR2/data01/blend6/2019-08-02_09_02/2019-08-02_09_02_01014.tif</processingStepSettings>
				<processingSoftware>
					<softwareCreator>Nuance Communications, Inc.</softwareCreator>
					<softwareName>OmniPage</softwareName>
					<softwareVersion>20</softwareVersion>
				</processingSoftware>
			</ocrProcessingStep>
		</OCRProcessing>
	</Description>
	<Styles>
		<TextStyle ID="TXT_0" FONTSIZE="0" FONTFAMILY="" FONTSTYLE="bold"/>
		<TextStyle ID="TXT_1" FONTSIZE="0" FONTFAMILY="" FONTSTYLE="bold italics"/>
		<TextStyle ID="TXT_2" FONTSIZE="12" FONTFAMILY="Times New Roman"/>
		<TextStyle ID="TXT_3" FONTSIZE="0" FONTFAMILY=""/>
		<TextStyle ID="TXT_4" FONTSIZE="0" FONTFAMILY="" FONTSTYLE="bold"/>
		<ParagraphStyle ID="PAR_RIGHT" ALIGN="Right"/>
		<ParagraphStyle ID="PAR_LEFT" ALIGN="Left"/>
		<ParagraphStyle ID="PAR_BLOCK" ALIGN="Block"/>
	</Styles>
	<Layout>
		<Page ID="P12" PHYSICAL_IMG_NR="12" HEIGHT="4417" WIDTH="3484" PC="0.942">
			<TopMargin ID="P12_TM00001" HPOS="0" VPOS="0" WIDTH="3484" HEIGHT="0"/>
			<LeftMargin ID="P12_LM00001" HPOS="0" VPOS="0" WIDTH="0" HEIGHT="4243"/>
			<RightMargin ID="P12_RM00001" HPOS="3045" VPOS="0" WIDTH="439" HEIGHT="4243"/>
			<BottomMargin ID="P12_BM00001" HPOS="0" VPOS="4243" WIDTH="3484" HEIGHT="175"/>
			<PrintSpace ID="P12_PS00001" HPOS="0" VPOS="0" WIDTH="3045" HEIGHT="4243">
				<TextBlock ID="pa0012001" HPOS="1142" VPOS="90" WIDTH="995" HEIGHT="59" STYLEREFS="TXT_0 PAR_RIGHT">
					<TextLine ID="P12_TL00001" HPOS="1143" VPOS="91" WIDTH="994" HEIGHT="57">
						<String ID="word000001" HPOS="1143" VPOS="96" WIDTH="151" HEIGHT="52" CONTENT="THE" WC="0.96" CC="010"/>
						<SP ID="P12_SP00001" HPOS="1294" VPOS="148" WIDTH="38"/>
						<String ID="word000002" HPOS="1332" VPOS="93" WIDTH="386" HEIGHT="53" CONTENT="NATIONAL" WC="1.00" CC="00000000"/>
						<SP ID="P12_SP00002" HPOS="1719" VPOS="148" WIDTH="38"/>
						<String ID="word000003" HPOS="1756" VPOS="91" WIDTH="380" HEIGHT="54" CONTENT="REGISTER." WC="1.00" CC="000000000"/>
						<SP ID="P12_SP00003" HPOS="2137" VPOS="148" WIDTH="0"/>
					</TextLine>
				</TextBlock>
				<TextBlock ID="pa0012002" HPOS="272" VPOS="97" WIDTH="102" HEIGHT="52" STYLEREFS="TXT_0 PAR_LEFT">
					<TextLine ID="P12_TL00002" HPOS="273" VPOS="98" WIDTH="100" HEIGHT="50">
						<String ID="word000004" HPOS="273" VPOS="98" WIDTH="100" HEIGHT="50" CONTENT="124" WC="0.89" CC="111"/>
						<SP ID="P12_SP00004" HPOS="373" VPOS="148" WIDTH="0"/>
					</TextLine>
				</TextBlock>
				<TextBlock ID="pa0012003" HPOS="361" VPOS="230" WIDTH="1124" HEIGHT="63" STYLEREFS="TXT_0 PAR_LEFT">
					<TextLine ID="P12_TL00003" HPOS="363" VPOS="231" WIDTH="1122" HEIGHT="62">
						<String ID="word000005" HPOS="363" VPOS="237" WIDTH="171" HEIGHT="56" CONTENT="THE" WC="1.00" CC="000"/>
						<SP ID="P12_SP00005" HPOS="534" VPOS="293" WIDTH="44"/>
						<String ID="word000006" HPOS="578" VPOS="231" WIDTH="436" HEIGHT="59" CONTENT="NATIONAL" WC="1.00" CC="00000000"/>
						<SP ID="P12_SP00006" HPOS="1013" VPOS="293" WIDTH="40"/>
						<String ID="word000007" HPOS="1054" VPOS="231" WIDTH="431" HEIGHT="59" CONTENT="REGISTER." WC="0.99" CC="000010000"/>
						<SP ID="P12_SP00007" HPOS="1485" VPOS="293" WIDTH="0"/>
					</TextLine>
				</TextBlock>
				<TextBlock ID="pa0012004" HPOS="524" VPOS="378" WIDTH="818" HEIGHT="137" STYLEREFS="TXT_0 PAR_LEFT">
					<TextLine ID="P12_TL00004" HPOS="802" VPOS="378" WIDTH="257" HEIGHT="56">
						<String ID="word000008" HPOS="802" VPOS="378" WIDTH="257" HEIGHT="56" CONTENT="Lottbon," WC="0.51" CC="83663333"/>
						<SP ID="P12_SP00008" HPOS="1059" VPOS="433" WIDTH="0"/>
					</TextLine>
					<TextLine ID="P12_TL00005" HPOS="524" VPOS="467" WIDTH="818" HEIGHT="48">
						<String ID="word000009" HPOS="524" VPOS="467" WIDTH="235" HEIGHT="48" CONTENT="SUNDAY," WC="0.94" CC="2001100"/>
						<SP ID="P12_SP00009" HPOS="759" VPOS="515" WIDTH="33"/>
						<String ID="word000010" HPOS="793" VPOS="469" WIDTH="300" HEIGHT="40" CONTENT="FEBRUARY" WC="0.86" CC="01041040"/>
						<SP ID="P12_SP00010" HPOS="1093" VPOS="515" WIDTH="34"/>
						<String ID="word000011" HPOS="1127" VPOS="472" WIDTH="64" HEIGHT="40" CONTENT="19," WC="0.96" CC="001"/>
						<SP ID="P12_SP00011" HPOS="1191" VPOS="515" WIDTH="34"/>
						<String ID="word000012" HPOS="1225" VPOS="472" WIDTH="117" HEIGHT="35" CONTENT="1809." WC="1.00" CC="00000"/>
						<SP ID="P12_SP00012" HPOS="1342" VPOS="515" WIDTH="0"/>
					</TextLine>
				</TextBlock>
				<TextBlock ID="pa0012005" HPOS="528" VPOS="598" WIDTH="806" HEIGHT="32" STYLEREFS="TXT_1 PAR_LEFT">
					<TextLine ID="P12_TL00006" HPOS="529" VPOS="599" WIDTH="804" HEIGHT="31">
						<String ID="word000013" HPOS="529" VPOS="601" WIDTH="231" HEIGHT="28" CONTENT="POLITICAL." WC="0.78" CC="1311310136"/>
						<SP ID="P12_SP00013" HPOS="761" VPOS="630" WIDTH="19"/>
						<String ID="word000014" HPOS="780" VPOS="601" WIDTH="180" HEIGHT="26" CONTENT="EVENTS" WC="0.70" CC="153502"/>
						<SP ID="P12_SP00014" HPOS="959" VPOS="630" WIDTH="24"/>
						<String ID="word000015" HPOS="983" VPOS="601" WIDTH="54" HEIGHT="25" CONTENT="OF" WC="0.61" CC="25"/>
						<SP ID="P12_SP00015" HPOS="1037" VPOS="630" WIDTH="32"/>
						<String ID="word000016" HPOS="1069" VPOS="600" WIDTH="94" HEIGHT="27" CONTENT="THE" WC="0.89" CC="003"/>
						<SP ID="P12_SP00016" HPOS="1163" VPOS="630" WIDTH="18"/>
						<String ID="word000017" HPOS="1181" VPOS="599" WIDTH="152" HEIGHT="27" CONTENT="WEEK." WC="0.78" CC="41311"/>
						<SP ID="P12_SP00017" HPOS="1333" VPOS="630" WIDTH="0"/>
					</TextLine>
				</TextBlock>
				<TextBlock ID="pa0012006" HPOS="240" VPOS="700" WIDTH="1377" HEIGHT="862" STYLEREFS="TXT_0 PAR_BLOCK">
					<TextLine ID="P12_TL00007" HPOS="291" VPOS="702" WIDTH="1316" HEIGHT="57">
						<String ID="word000018" HPOS="291" VPOS="711" WIDTH="41" HEIGHT="38" CONTENT="It" WC="0.94" CC="10"/>
						<SP ID="P12_SP00018" HPOS="332" VPOS="749" WIDTH="17"/>
						<String ID="word000019" HPOS="348" VPOS="707" WIDTH="35" HEIGHT="41" CONTENT="is" WC="0.89" CC="11"/>
						<SP ID="P12_SP00019" HPOS="384" VPOS="749" WIDTH="13"/>
						<String ID="word000020" HPOS="397" VPOS="705" WIDTH="98" HEIGHT="41" CONTENT="with" WC="1.00" CC="0000"/>
						<SP ID="P12_SP00020" HPOS="495" VPOS="749" WIDTH="20"/>
						<String ID="word000021" HPOS="515" VPOS="709" WIDTH="119" HEIGHT="50" CONTENT="great" WC="1.00" CC="00000"/>
						<SP ID="P12_SP00021" HPOS="634" VPOS="758" WIDTH="18"/>
						<String ID="word000022" HPOS="652" VPOS="703" WIDTH="253" HEIGHT="41" CONTENT="satisfaction" WC="1.00" CC="000000000000"/>
						<SP ID="P12_SP00022" HPOS="905" VPOS="758" WIDTH="19"/>
						<String ID="word000023" HPOS="924" VPOS="703" WIDTH="93" HEIGHT="40" CONTENT="that" WC="0.97" CC="0010"/>
						<SP ID="P12_SP00023" HPOS="1017" VPOS="758" WIDTH="20"/>
						<String ID="word000024" HPOS="1037" VPOS="715" WIDTH="58" HEIGHT="28" CONTENT="we" WC="1.00" CC="00" STYLEREFS="TXT_1"/>
						<SP ID="P12_SP00024" HPOS="1095" VPOS="758" WIDTH="27"/>
						<String ID="word000025" HPOS="1122" VPOS="715" WIDTH="69" HEIGHT="27" CONTENT="are" WC="1.00" CC="000" STYLEREFS="TXT_1"/>
						<SP ID="P12_SP00025" HPOS="1191" VPOS="758" WIDTH="19"/>
						<String ID="word000026" HPOS="1209" VPOS="702" WIDTH="174" HEIGHT="41" CONTENT="enabled" WC="0.97" CC="0100100"/>
						<SP ID="P12_SP00026" HPOS="1383" VPOS="758" WIDTH="21"/>
						<String ID="word000027" HPOS="1404" VPOS="706" WIDTH="44" HEIGHT="34" CONTENT="to" WC="1.00" CC="00"/>
						<SP ID="P12_SP00027" HPOS="1448" VPOS="758" WIDTH="31"/>
						<String ID="word000028" HPOS="1479" VPOS="705" WIDTH="128" HEIGHT="40" CONTENT="state," WC="1.00" CC="000000"/>
						<SP ID="P12_SP00028" HPOS="1606" VPOS="758" WIDTH="0"/>
					</TextLine>
					<TextLine ID="P12_TL00008" HPOS="240" VPOS="767" WIDTH="1377" HEIGHT="59">
						<String ID="word000029" HPOS="240" VPOS="778" WIDTH="96" HEIGHT="41" CONTENT="0:1" WC="0.52" CC="616"/>
						<SP ID="P12_SP00029" HPOS="335" VPOS="820" WIDTH="25"/>
						<String ID="word000030" HPOS="360" VPOS="775" WIDTH="71" HEIGHT="40" CONTENT="the" WC="1.00" CC="000"/>
						<SP ID="P12_SP00030" HPOS="431" VPOS="820" WIDTH="18"/>
						<String ID="word000031" HPOS="449" VPOS="767" WIDTH="90" HEIGHT="59" CONTENT="1111116" WC="0.50" CC="5565455"/>
						<SP ID="P12_SP00031" HPOS="539" VPOS="826" WIDTH="13"/>
						<String ID="word000032" HPOS="552" VPOS="767" WIDTH="13" HEIGHT="59" CONTENT="s" WC="1.00" CC="0"/>
						<SP ID="P12_SP00032" HPOS="565" VPOS="826" WIDTH="13"/>
						<String ID="word000033" HPOS="578" VPOS="767" WIDTH="90" HEIGHT="59" CONTENT="/1011.1" WC="0.49" CC="6776516"/>
						<SP ID="P12_SP00033" HPOS="667" VPOS="826" WIDTH="0"/>
						<String ID="word000034" HPOS="667" VPOS="772" WIDTH="191" HEIGHT="39" CONTENT="NA" WC="0.49" CC="20"/>
						<SP ID="P12_SP00034" HPOS="859" VPOS="826" WIDTH="24"/>
						<String ID="word000035" HPOS="882" VPOS="771" WIDTH="71" HEIGHT="39" CONTENT="has" WC="0.96" CC="001"/>
						<SP ID="P12_SP00035" HPOS="953" VPOS="826" WIDTH="20"/>
						<String ID="word000036" HPOS="973" VPOS="771" WIDTH="103" HEIGHT="39" CONTENT="been" WC="1.00" CC="0000"/>
						<SP ID="P12_SP00036" HPOS="1076" VPOS="826" WIDTH="20"/>
						<String ID="word000037" HPOS="1096" VPOS="769" WIDTH="93" HEIGHT="40" CONTENT="able" WC="0.92" CC="0003"/>
						<SP ID="P12_SP00037" HPOS="1189" VPOS="826" WIDTH="30"/>
						<String ID="word000038" HPOS="1219" VPOS="774" WIDTH="46" HEIGHT="35" CONTENT="to" WC="1.00" CC="00"/>
						<SP ID="P12_SP00038" HPOS="1265" VPOS="826" WIDTH="21"/>
						<String ID="word000039" HPOS="1286" VPOS="769" WIDTH="133" HEIGHT="40" CONTENT="throw" WC="1.00" CC="00000"/>
						<SP ID="P12_SP00039" HPOS="1420" VPOS="826" WIDTH="22"/>
						<String ID="word000040" HPOS="1442" VPOS="767" WIDTH="175" HEIGHT="41" CONTENT="himself" WC="0.97" CC="0000011"/>
						<SP ID="P12_SP00040" HPOS="1617" VPOS="826" WIDTH="0"/>
					</TextLine>
					<TextLine ID="P12_TL00009" HPOS="242" VPOS="834" WIDTH="1365" HEIGHT="57">
						<String ID="word000041" HPOS="242" VPOS="844" WIDTH="89" HEIGHT="38" CONTENT="into" WC="1.00" CC="0000"/>
						<SP ID="P12_SP00041" HPOS="331" VPOS="882" WIDTH="21"/>
						<String ID="word000042" HPOS="352" VPOS="854" WIDTH="27" HEIGHT="26" CONTENT="a" WC="1.00" CC="0"/>
						<SP ID="P12_SP00042" HPOS="379" VPOS="882" WIDTH="12"/>
						<String ID="word000043" HPOS="391" VPOS="839" WIDTH="196" HEIGHT="43" CONTENT="situation" WC="0.99" CC="000000001"/>
						<SP ID="P12_SP00043" HPOS="587" VPOS="882" WIDTH="24"/>
						<String ID="word000044" HPOS="611" VPOS="839" WIDTH="111" HEIGHT="40" CONTENT="from" WC="0.97" CC="0001"/>
						<SP ID="P12_SP00044" HPOS="722" VPOS="882" WIDTH="19"/>
						<String ID="word000045" HPOS="741" VPOS="839" WIDTH="165" HEIGHT="39" CONTENT="whence" WC="0.96" CC="000110"/>
						<SP ID="P12_SP00045" HPOS="906" VPOS="882" WIDTH="21"/>
						<String ID="word000046" HPOS="927" VPOS="837" WIDTH="30" HEIGHT="39" CONTENT="it" WC="1.00" CC="00"/>
						<SP ID="P12_SP00046" HPOS="957" VPOS="882" WIDTH="15"/>
						<String ID="word000047" HPOS="972" VPOS="837" WIDTH="177" HEIGHT="53" CONTENT="depends" WC="0.95" CC="1100010"/>
						<SP ID="P12_SP00047" HPOS="1149" VPOS="891" WIDTH="20"/>
						<String ID="word000048" HPOS="1169" VPOS="834" WIDTH="97" HEIGHT="53" CONTENT="only" WC="0.81" CC="0610"/>
						<SP ID="P12_SP00048" HPOS="1266" VPOS="891" WIDTH="19"/>
						<String ID="word000049" HPOS="1285" VPOS="848" WIDTH="109" HEIGHT="40" CONTENT="upon" WC="1.00" CC="0000"/>
						<SP ID="P12_SP00049" HPOS="1394" VPOS="891" WIDTH="22"/>
						<String ID="word000050" HPOS="1416" VPOS="847" WIDTH="80" HEIGHT="27" CONTENT="our" WC="1.00" CC="000"/>
						<SP ID="P12_SP00050" HPOS="1496" VPOS="891" WIDTH="18"/>
						<String ID="word000051" HPOS="1514" VPOS="847" WIDTH="93" HEIGHT="26" CONTENT="°sin" WC="0.42" CC="7482"/>
						<SP ID="P12_SP00051" HPOS="1607" VPOS="891" WIDTH="0"/>
					</TextLine>
					<TextLine ID="P12_TL00010" HPOS="241" VPOS="901" WIDTH="1376" HEIGHT="59">
						<String ID="word000052" HPOS="241" VPOS="907" WIDTH="176" HEIGHT="53" CONTENT="aci:vity" WC="0.58" CC="33753333"/>
						<SP ID="P12_SP00052" HPOS="417" VPOS="960" WIDTH="37"/>
						<String ID="word000053" HPOS="454" VPOS="912" WIDTH="45" HEIGHT="34" CONTENT="to" WC="0.94" CC="01"/>
						<SP ID="P12_SP00053" HPOS="498" VPOS="960" WIDTH="31"/>
						<String ID="word000054" HPOS="529" VPOS="905" WIDTH="150" HEIGHT="41" CONTENT="release" WC="0.98" CC="0010000"/>
						<SP ID="P12_SP00054" HPOS="679" VPOS="960" WIDTH="34"/>
						<String ID="word000055" HPOS="713" VPOS="905" WIDTH="83" HEIGHT="39" CONTENT="him" WC="0.96" CC="001"/>
						<SP ID="P12_SP00055" HPOS="796" VPOS="960" WIDTH="15"/>
						<String ID="word000056" HPOS="811" VPOS="921" WIDTH="12" HEIGHT="27" CONTENT=";" WC="1.00" CC="0"/>
						<SP ID="P12_SP00056" HPOS="823" VPOS="960" WIDTH="32"/>
						<String ID="word000057" HPOS="855" VPOS="904" WIDTH="146" HEIGHT="40" CONTENT="should" WC="0.96" CC="010100"/>
						<SP ID="P12_SP00057" HPOS="1002" VPOS="960" WIDTH="32"/>
						<String ID="word000058" HPOS="1033" VPOS="917" WIDTH="77" HEIGHT="26" CONTENT="our" WC="0.89" CC="030"/>
						<SP ID="P12_SP00058" HPOS="1110" VPOS="960" WIDTH="37"/>
						<String ID="word000059" HPOS="1147" VPOS="901" WIDTH="348" HEIGHT="41" CONTENT="Administration" WC="0.82" CC="12333210001114"/>
						<SP ID="P12_SP00059" HPOS="1495" VPOS="960" WIDTH="46"/>
						<String ID="word000060" HPOS="1541" VPOS="904" WIDTH="76" HEIGHT="37" CONTENT="not" WC="1.00" CC="000"/>
						<SP ID="P12_SP00060" HPOS="1617" VPOS="960" WIDTH="0"/>
					</TextLine>
					<TextLine ID="P12_TL00011" HPOS="242" VPOS="969" WIDTH="1369" HEIGHT="47">
						<String ID="word000061" HPOS="242" VPOS="977" WIDTH="119" HEIGHT="39" CONTENT="deom" WC="0.47" CC="3385"/>
						<SP ID="P12_SP00061" HPOS="361" VPOS="1016" WIDTH="21"/>
						<String ID="word000062" HPOS="383" VPOS="974" WIDTH="33" HEIGHT="40" CONTENT="it" WC="0.94" CC="10"/>
						<SP ID="P12_SP00062" HPOS="416" VPOS="1016" WIDTH="18"/>
						<String ID="word000063" HPOS="433" VPOS="973" WIDTH="233" HEIGHT="41" CONTENT="adviseable" WC="0.63" CC="3335333334"/>
						<SP ID="P12_SP00063" HPOS="666" VPOS="1016" WIDTH="12"/>
						<String ID="word000064" HPOS="678" VPOS="978" WIDTH="44" HEIGHT="35" CONTENT="to" WC="1.00" CC="00"/>
						<SP ID="P12_SP00064" HPOS="722" VPOS="1016" WIDTH="19"/>
						<String ID="word000065" HPOS="741" VPOS="972" WIDTH="96" HEIGHT="41" CONTENT="send" WC="0.97" CC="0010"/>
						<SP ID="P12_SP00065" HPOS="836" VPOS="1016" WIDTH="21"/>
						<String ID="word000066" HPOS="857" VPOS="971" WIDTH="85" HEIGHT="40" CONTENT="hint" WC="0.81" CC="0124"/>
						<SP ID="P12_SP00066" HPOS="943" VPOS="1016" WIDTH="20"/>
						<String ID="word000067" HPOS="963" VPOS="983" WIDTH="207" HEIGHT="32" CONTENT="succours," WC="0.91" CC="130030000"/>
						<SP ID="P12_SP00067" HPOS="1169" VPOS="1016" WIDTH="27"/>
						<String ID="word000068" HPOS="1196" VPOS="969" WIDTH="41" HEIGHT="40" CONTENT="in" WC="1.00" CC="00"/>
						<SP ID="P12_SP00068" HPOS="1238" VPOS="1016" WIDTH="17"/>
						<String ID="word000069" HPOS="1254" VPOS="969" WIDTH="120" HEIGHT="40" CONTENT="order" WC="1.00" CC="00000"/>
						<SP ID="P12_SP00069" HPOS="1375" VPOS="1016" WIDTH="20"/>
						<String ID="word000070" HPOS="1395" VPOS="974" WIDTH="46" HEIGHT="33" CONTENT="to" WC="1.00" CC="00"/>
						<SP ID="P12_SP00070" HPOS="1441" VPOS="1016" WIDTH="17"/>
						<String ID="word000071" HPOS="1457" VPOS="969" WIDTH="154" HEIGHT="40" CONTENT="enable" WC="1.00" CC="000000"/>
						<SP ID="P12_SP00071" HPOS="1611" VPOS="1016" WIDTH="0"/>
					</TextLine>
					<TextLine ID="P12_TL00012" HPOS="250" VPOS="1041" WIDTH="515" HEIGHT="52">
						<String ID="word000072" HPOS="250" VPOS="1042" WIDTH="89" HEIGHT="41" CONTENT="him" WC="0.93" CC="002"/>
						<SP ID="P12_SP00072" HPOS="339" VPOS="1083" WIDTH="22"/>
						<String ID="word000073" HPOS="361" VPOS="1046" WIDTH="47" HEIGHT="35" CONTENT="to" WC="1.00" CC="00"/>
						<SP ID="P12_SP00073" HPOS="409" VPOS="1083" WIDTH="17"/>
						<String ID="word000074" HPOS="425" VPOS="1046" WIDTH="67" HEIGHT="34" CONTENT="act" WC="1.00" CC="000"/>
						<SP ID="P12_SP00074" HPOS="493" VPOS="1083" WIDTH="20"/>
						<String ID="word000075" HPOS="513" VPOS="1041" WIDTH="252" HEIGHT="52" CONTENT="offensively." WC="0.74" CC="353611122310"/>
						<SP ID="P12_SP00075" HPOS="764" VPOS="1093" WIDTH="0"/>
					</TextLine>
					<TextLine ID="P12_TL00013" HPOS="299" VPOS="1102" WIDTH="1316" HEIGHT="58">
						<String ID="word000076" HPOS="299" VPOS="1110" WIDTH="91" HEIGHT="41" CONTENT="The" WC="0.96" CC="100"/>
						<SP ID="P12_SP00076" HPOS="390" VPOS="1152" WIDTH="20"/>
						<String ID="word000077" HPOS="410" VPOS="1111" WIDTH="235" HEIGHT="39" CONTENT="movement" WC="1.00" CC="00000000"/>
						<SP ID="P12_SP00077" HPOS="645" VPOS="1152" WIDTH="18"/>
						<String ID="word000078" HPOS="663" VPOS="1107" WIDTH="52" HEIGHT="40" CONTENT="of" WC="1.00" CC="00"/>
						<SP ID="P12_SP00078" HPOS="715" VPOS="1152" WIDTH="13"/>
						<String ID="word000079" HPOS="728" VPOS="1107" WIDTH="67" HEIGHT="40" CONTENT="the" WC="1.00" CC="000"/>
						<SP ID="P12_SP00079" HPOS="795" VPOS="1152" WIDTH="21"/>
						<String ID="word000080" HPOS="816" VPOS="1106" WIDTH="198" HEIGHT="54" CONTENT="Marquis," WC="0.99" CC="00010000"/>
						<SP ID="P12_SP00080" HPOS="1015" VPOS="1160" WIDTH="20"/>
						<String ID="word000081" HPOS="1035" VPOS="1104" WIDTH="105" HEIGHT="40" CONTENT="after" WC="1.00" CC="00000"/>
						<SP ID="P12_SP00081" HPOS="1140" VPOS="1160" WIDTH="19"/>
						<String ID="word000082" HPOS="1159" VPOS="1103" WIDTH="71" HEIGHT="40" CONTENT="the" WC="1.00" CC="000"/>
						<SP ID="P12_SP00082" HPOS="1230" VPOS="1160" WIDTH="20"/>
						<String ID="word000083" HPOS="1250" VPOS="1103" WIDTH="288" HEIGHT="41" CONTENT="discomfiture" WC="1.00" CC="000000000000"/>
						<SP ID="P12_SP00083" HPOS="1538" VPOS="1160" WIDTH="24"/>
						<String ID="word000084" HPOS="1561" VPOS="1102" WIDTH="53" HEIGHT="43" CONTENT="of" WC="1.00" CC="00"/>
						<SP ID="P12_SP00084" HPOS="1615" VPOS="1160" WIDTH="0"/>
					</TextLine>
					<TextLine ID="P12_TL00014" HPOS="244" VPOS="1170" WIDTH="1363" HEIGHT="60">
						<String ID="word000085" HPOS="244" VPOS="1178" WIDTH="65" HEIGHT="40" CONTENT="his" WC="0.96" CC="010"/>
						<SP ID="P12_SP00085" HPOS="309" VPOS="1218" WIDTH="20"/>
						<String ID="word000086" HPOS="330" VPOS="1188" WIDTH="117" HEIGHT="41" CONTENT="army" WC="1.00" CC="0000"/>
						<SP ID="P12_SP00086" HPOS="446" VPOS="1230" WIDTH="33"/>
						<String ID="word000087" HPOS="480" VPOS="1175" WIDTH="43" HEIGHT="41" CONTENT="in" WC="0.94" CC="01"/>
						<SP ID="P12_SP00087" HPOS="522" VPOS="1230" WIDTH="31"/>
						<String ID="word000088" HPOS="553" VPOS="1176" WIDTH="124" HEIGHT="45" CONTENT="Leon," WC="1.00" CC="00000"/>
						<SP ID="P12_SP00088" HPOS="677" VPOS="1230" WIDTH="22"/>
						<String ID="word000089" HPOS="699" VPOS="1187" WIDTH="94" HEIGHT="31" CONTENT="was," WC="0.94" CC="1100"/>
						<SP ID="P12_SP00089" HPOS="794" VPOS="1230" WIDTH="21"/>
						<String ID="word000090" HPOS="815" VPOS="1186" WIDTH="41" HEIGHT="26" CONTENT="as" WC="1.00" CC="00"/>
						<SP ID="P12_SP00090" HPOS="856" VPOS="1230" WIDTH="19"/>
						<String ID="word000091" HPOS="875" VPOS="1170" WIDTH="209" HEIGHT="53" CONTENT="generally" WC="0.91" CC="004001110"/>
						<SP ID="P12_SP00091" HPOS="1084" VPOS="1230" WIDTH="22"/>
						<String ID="word000092" HPOS="1107" VPOS="1170" WIDTH="252" HEIGHT="40" CONTENT="understood" WC="0.95" CC="0201000001"/>
						<SP ID="P12_SP00092" HPOS="1358" VPOS="1230" WIDTH="21"/>
						<String ID="word000093" HPOS="1380" VPOS="1176" WIDTH="45" HEIGHT="33" CONTENT="at" WC="1.00" CC="00"/>
						<SP ID="P12_SP00093" HPOS="1424" VPOS="1230" WIDTH="20"/>
						<String ID="word000094" HPOS="1444" VPOS="1173" WIDTH="136" HEIGHT="39" CONTENT="Corun" SUBS_TYPE="HypPart1" SUBS_CONTENT="Corunna," WC="0.87" CC="00004"/>
						<HYP HPOS="1580" VPOS="1173" WIDTH="27" CONTENT="-"/>
					</TextLine>
					<TextLine ID="P12_TL00015" HPOS="246" VPOS="1237" WIDTH="1365" HEIGHT="58">
						<String ID="word000095" HPOS="246" VPOS="1259" WIDTH="71" HEIGHT="31" CONTENT="na," SUBS_TYPE="HypPart2" SUBS_CONTENT="Corunna," WC="0.93" CC="101"/>
						<SP ID="P12_SP00094" HPOS="317" VPOS="1290" WIDTH="21"/>
						<String ID="word000096" HPOS="338" VPOS="1243" WIDTH="177" HEIGHT="41" CONTENT="towards" WC="0.98" CC="0000001"/>
						<SP ID="P12_SP00095" HPOS="515" VPOS="1290" WIDTH="21"/>
						<String ID="word000097" HPOS="536" VPOS="1239" WIDTH="211" HEIGHT="56" CONTENT="Portugal." WC="0.97" CC="000001010"/>
						<SP ID="P12_SP00096" HPOS="748" VPOS="1294" WIDTH="50"/>
						<String ID="word000098" HPOS="797" VPOS="1238" WIDTH="223" HEIGHT="53" CONTENT="Probably," WC="0.94" CC="000220001"/>
						<SP ID="P12_SP00097" HPOS="1020" VPOS="1294" WIDTH="22"/>
						<String ID="word000099" HPOS="1043" VPOS="1238" WIDTH="174" HEIGHT="53" CONTENT="finding," WC="0.99" CC="00001000"/>
						<SP ID="P12_SP00098" HPOS="1217" VPOS="1294" WIDTH="21"/>
						<String ID="word000100" HPOS="1238" VPOS="1251" WIDTH="53" HEIGHT="26" CONTENT="on" WC="0.94" CC="01"/>
						<SP ID="P12_SP00099" HPOS="1291" VPOS="1294" WIDTH="24"/>
						<String ID="word000101" HPOS="1315" VPOS="1238" WIDTH="59" HEIGHT="40" CONTENT="his" WC="1.00" CC="000"/>
						<SP ID="P12_SP00100" HPOS="1374" VPOS="1294" WIDTH="20"/>
						<String ID="word000102" HPOS="1394" VPOS="1237" WIDTH="217" HEIGHT="54" CONTENT="approach" WC="1.00" CC="00000000"/>
						<SP ID="P12_SP00101" HPOS="1611" VPOS="1294" WIDTH="0"/>
					</TextLine>
					<TextLine ID="P12_TL00016" HPOS="249" VPOS="1305" WIDTH="1366" HEIGHT="60">
						<String ID="word000103" HPOS="249" VPOS="1319" WIDTH="47" HEIGHT="35" CONTENT="to" WC="1.00" CC="00"/>
						<SP ID="P12_SP00102" HPOS="296" VPOS="1355" WIDTH="26"/>
						<String ID="word000104" HPOS="322" VPOS="1311" WIDTH="119" HEIGHT="54" CONTENT="Vigo," WC="0.89" CC="20012"/>
						<SP ID="P12_SP00103" HPOS="442" VPOS="1365" WIDTH="19"/>
						<String ID="word000105" HPOS="461" VPOS="1310" WIDTH="92" HEIGHT="40" CONTENT="that" WC="1.00" CC="0000"/>
						<SP ID="P12_SP00104" HPOS="553" VPOS="1365" WIDTH="19"/>
						<String ID="word000106" HPOS="572" VPOS="1309" WIDTH="91" HEIGHT="39" CONTENT="that" WC="1.00" CC="0000"/>
						<SP ID="P12_SP00105" HPOS="663" VPOS="1365" WIDTH="32"/>
						<String ID="word000107" HPOS="694" VPOS="1307" WIDTH="183" HEIGHT="40" CONTENT="harbour" WC="1.00" CC="0000000"/>
						<SP ID="P12_SP00106" HPOS="878" VPOS="1365" WIDTH="32"/>
						<String ID="word000108" HPOS="909" VPOS="1306" WIDTH="84" HEIGHT="40" CONTENT="had" WC="0.96" CC="001"/>
						<SP ID="P12_SP00107" HPOS="993" VPOS="1365" WIDTH="31"/>
						<String ID="word000109" HPOS="1024" VPOS="1307" WIDTH="102" HEIGHT="38" CONTENT="been" WC="0.92" CC="0300"/>
						<SP ID="P12_SP00108" HPOS="1126" VPOS="1365" WIDTH="35"/>
						<String ID="word000110" HPOS="1161" VPOS="1305" WIDTH="247" HEIGHT="41" CONTENT="abandoned" WC="1.00" CC="000000000"/>
						<SP ID="P12_SP00109" HPOS="1408" VPOS="1365" WIDTH="38"/>
						<String ID="word000111" HPOS="1446" VPOS="1307" WIDTH="53" HEIGHT="51" CONTENT="by" WC="1.00" CC="00"/>
						<SP ID="P12_SP00110" HPOS="1499" VPOS="1365" WIDTH="39"/>
						<String ID="word000112" HPOS="1538" VPOS="1319" WIDTH="77" HEIGHT="27" CONTENT="our" WC="1.00" CC="000"/>
						<SP ID="P12_SP00111" HPOS="1615" VPOS="1365" WIDTH="0"/>
					</TextLine>
					<TextLine ID="P12_TL00017" HPOS="247" VPOS="1372" WIDTH="1369" HEIGHT="60">
						<String ID="word000113" HPOS="247" VPOS="1387" WIDTH="163" HEIGHT="45" CONTENT="trooi.s," WC="0.53" CC="33336835"/>
						<SP ID="P12_SP00112" HPOS="410" VPOS="1431" WIDTH="37"/>
						<String ID="word000114" HPOS="446" VPOS="1380" WIDTH="52" HEIGHT="39" CONTENT="he" WC="1.00" CC="00"/>
						<SP ID="P12_SP00113" HPOS="498" VPOS="1431" WIDTH="35"/>
						<String ID="word000115" HPOS="534" VPOS="1377" WIDTH="104" HEIGHT="39" CONTENT="took" WC="1.00" CC="0000"/>
						<SP ID="P12_SP00114" HPOS="638" VPOS="1431" WIDTH="38"/>
						<String ID="word000116" HPOS="676" VPOS="1374" WIDTH="224" HEIGHT="54" CONTENT="possession" WC="0.95" CC="1001000002"/>
						<SP ID="P12_SP00115" HPOS="900" VPOS="1431" WIDTH="19"/>
						<String ID="word000117" HPOS="919" VPOS="1372" WIDTH="51" HEIGHT="41" CONTENT="of" WC="1.00" CC="00"/>
						<SP ID="P12_SP00116" HPOS="970" VPOS="1431" WIDTH="32"/>
						<String ID="word000118" HPOS="1002" VPOS="1372" WIDTH="71" HEIGHT="40" CONTENT="the" WC="0.96" CC="001"/>
						<SP ID="P12_SP00117" HPOS="1072" VPOS="1431" WIDTH="31"/>
						<String ID="word000119" HPOS="1103" VPOS="1372" WIDTH="308" HEIGHT="53" CONTENT="neighbouring" WC="0.97" CC="100000100100"/>
						<SP ID="P12_SP00118" HPOS="1411" VPOS="1431" WIDTH="20"/>
						<String ID="word000120" HPOS="1431" VPOS="1378" WIDTH="113" HEIGHT="34" CONTENT="town" WC="1.00" CC="0000"/>
						<SP ID="P12_SP00119" HPOS="1545" VPOS="1431" WIDTH="22"/>
						<String ID="word000121" HPOS="1567" VPOS="1372" WIDTH="48" HEIGHT="40" CONTENT="of" WC="1.00" CC="00"/>
						<SP ID="P12_SP00120" HPOS="1616" VPOS="1431" WIDTH="0"/>
					</TextLine>
					<TextLine ID="P12_TL00018" HPOS="252" VPOS="1440" WIDTH="1363" HEIGHT="62">
						<String ID="word000122" HPOS="252" VPOS="1452" WIDTH="188" HEIGHT="50" CONTENT="Bayona," WC="0.60" CC="3353335"/>
						<SP ID="P12_SP00121" HPOS="439" VPOS="1501" WIDTH="28"/>
						<String ID="word000123" HPOS="468" VPOS="1457" WIDTH="25" HEIGHT="27" CONTENT="a" WC="1.00" CC="0"/>
						<SP ID="P12_SP00122" HPOS="493" VPOS="1501" WIDTH="19"/>
						<String ID="word000124" HPOS="511" VPOS="1447" WIDTH="185" HEIGHT="50" CONTENT="sea-port" WC="0.92" CC="02220000"/>
						<SP ID="P12_SP00123" HPOS="697" VPOS="1501" WIDTH="19"/>
						<String ID="word000125" HPOS="716" VPOS="1455" WIDTH="98" HEIGHT="27" CONTENT="near" WC="1.00" CC="0000"/>
						<SP ID="P12_SP00124" HPOS="814" VPOS="1501" WIDTH="19"/>
						<String ID="word000126" HPOS="833" VPOS="1441" WIDTH="71" HEIGHT="40" CONTENT="the" WC="1.00" CC="000"/>
						<SP ID="P12_SP00125" HPOS="904" VPOS="1501" WIDTH="21"/>
						<String ID="word000127" HPOS="925" VPOS="1442" WIDTH="144" HEIGHT="39" CONTENT="mouth" WC="1.00" CC="00000"/>
						<SP ID="P12_SP00126" HPOS="1069" VPOS="1501" WIDTH="21"/>
						<String ID="word000128" HPOS="1090" VPOS="1440" WIDTH="50" HEIGHT="41" CONTENT="of" WC="1.00" CC="00"/>
						<SP ID="P12_SP00127" HPOS="1140" VPOS="1501" WIDTH="27"/>
						<String ID="word000129" HPOS="1167" VPOS="1440" WIDTH="71" HEIGHT="39" CONTENT="the" WC="1.00" CC="000"/>
						<SP ID="P12_SP00128" HPOS="1238" VPOS="1501" WIDTH="27"/>
						<String ID="word000130" HPOS="1265" VPOS="1440" WIDTH="162" HEIGHT="46" CONTENT="Minho," WC="0.89" CC="110013"/>
						<SP ID="P12_SP00129" HPOS="1427" VPOS="1501" WIDTH="35"/>
						<String ID="word000131" HPOS="1462" VPOS="1441" WIDTH="81" HEIGHT="40" CONTENT="and" WC="1.00" CC="000"/>
						<SP ID="P12_SP00130" HPOS="1544" VPOS="1501" WIDTH="20"/>
						<String ID="word000132" HPOS="1564" VPOS="1441" WIDTH="51" HEIGHT="41" CONTENT="of" WC="1.00" CC="00"/>
						<SP ID="P12_SP00131" HPOS="1615" VPOS="1501" WIDTH="0"/>
					</TextLine>
					<TextLine ID="P12_TL00019" HPOS="253" VPOS="1507" WIDTH="1120" HEIGHT="55">
						<String ID="word000133" HPOS="253" VPOS="1526" WIDTH="146" HEIGHT="32" CONTENT="course" WC="0.76" CC="333130"/>
						<SP ID="P12_SP00132" HPOS="399" VPOS="1558" WIDTH="18"/>
						<String ID="word000134" HPOS="417" VPOS="1526" WIDTH="56" HEIGHT="30" CONTENT="on" WC="0.89" CC="02"/>
						<SP ID="P12_SP00133" HPOS="472" VPOS="1558" WIDTH="20"/>
						<String ID="word000135" HPOS="493" VPOS="1512" WIDTH="67" HEIGHT="40" CONTENT="the" WC="1.00" CC="000"/>
						<SP ID="P12_SP00134" HPOS="560" VPOS="1558" WIDTH="21"/>
						<String ID="word000136" HPOS="581" VPOS="1509" WIDTH="202" HEIGHT="40" CONTENT="Gallician" WC="0.88" CC="004410001"/>
						<SP ID="P12_SP00135" HPOS="783" VPOS="1558" WIDTH="20"/>
						<String ID="word000137" HPOS="803" VPOS="1509" WIDTH="79" HEIGHT="39" CONTENT="and" WC="1.00" CC="000"/>
						<SP ID="P12_SP00136" HPOS="882" VPOS="1558" WIDTH="21"/>
						<String ID="word000138" HPOS="904" VPOS="1511" WIDTH="259" HEIGHT="51" CONTENT="Portuguese" WC="0.94" CC="0111010100"/>
						<SP ID="P12_SP00137" HPOS="1162" VPOS="1561" WIDTH="21"/>
						<String ID="word000139" HPOS="1183" VPOS="1507" WIDTH="189" HEIGHT="41" CONTENT="frontier." WC="1.00" CC="000000000"/>
						<SP ID="P12_SP00138" HPOS="1372" VPOS="1561" WIDTH="0"/>
					</TextLine>
				</TextBlock>
				<TextBlock ID="pa0012007" HPOS="248" VPOS="1638" WIDTH="1373" HEIGHT="2605" STYLEREFS="TXT_0 PAR_BLOCK">
					<TextLine ID="P12_TL00020" HPOS="304" VPOS="1638" WIDTH="1304" HEIGHT="49">
						<String ID="word000140" HPOS="304" VPOS="1648" WIDTH="60" HEIGHT="39" CONTENT="M." WC="0.94" CC="10"/>
						<SP ID="P12_SP00139" HPOS="364" VPOS="1687" WIDTH="15"/>
						<String ID="word000141" HPOS="379" VPOS="1645" WIDTH="216" HEIGHT="41" CONTENT="CEVALLOS" WC="0.46" CC="37733376"/>
						<SP ID="P12_SP00140" HPOS="595" VPOS="1687" WIDTH="20"/>
						<String ID="word000142" HPOS="615" VPOS="1643" WIDTH="73" HEIGHT="41" CONTENT="has" WC="0.96" CC="001"/>
						<SP ID="P12_SP00141" HPOS="689" VPOS="1687" WIDTH="18"/>
						<String ID="word000143" HPOS="706" VPOS="1642" WIDTH="163" HEIGHT="41" CONTENT="arrived" WC="1.00" CC="0000000"/>
						<SP ID="P12_SP00142" HPOS="869" VPOS="1687" WIDTH="17"/>
						<String ID="word000144" HPOS="886" VPOS="1642" WIDTH="39" HEIGHT="39" CONTENT="in" WC="1.00" CC="00"/>
						<SP ID="P12_SP00143" HPOS="925" VPOS="1687" WIDTH="17"/>
						<String ID="word000145" HPOS="941" VPOS="1646" WIDTH="125" HEIGHT="33" CONTENT="town." WC="1.00" CC="00000"/>
						<SP ID="P12_SP00144" HPOS="1067" VPOS="1687" WIDTH="58"/>
						<String ID="word000146" HPOS="1124" VPOS="1639" WIDTH="89" HEIGHT="40" CONTENT="The" WC="1.00" CC="000"/>
						<SP ID="P12_SP00145" HPOS="1213" VPOS="1687" WIDTH="17"/>
						<String ID="word000147" HPOS="1230" VPOS="1638" WIDTH="378" HEIGHT="41" CONTENT="communications" WC="1.00" CC="00000000000000"/>
						<SP ID="P12_SP00146" HPOS="1607" VPOS="1687" WIDTH="0"/>
					</TextLine>
					<TextLine ID="P12_TL00021" HPOS="250" VPOS="1706" WIDTH="1351" HEIGHT="52">
						<String ID="word000148" HPOS="250" VPOS="1711" WIDTH="53" HEIGHT="41" CONTENT="be" WC="0.67" CC="60"/>
						<SP ID="P12_SP00147" HPOS="304" VPOS="1753" WIDTH="19"/>
						<String ID="word000149" HPOS="322" VPOS="1710" WIDTH="72" HEIGHT="41" CONTENT="has" WC="0.93" CC="002"/>
						<SP ID="P12_SP00148" HPOS="394" VPOS="1753" WIDTH="20"/>
						<String ID="word000150" HPOS="415" VPOS="1710" WIDTH="117" HEIGHT="40" CONTENT="made" WC="1.00" CC="0000"/>
						<SP ID="P12_SP00149" HPOS="531" VPOS="1753" WIDTH="20"/>
						<String ID="word000151" HPOS="552" VPOS="1714" WIDTH="46" HEIGHT="37" CONTENT="to" WC="1.00" CC="00"/>
						<SP ID="P12_SP00150" HPOS="598" VPOS="1753" WIDTH="19"/>
						<String ID="word000152" HPOS="617" VPOS="1710" WIDTH="282" HEIGHT="40" CONTENT="Government" WC="0.99" CC="0000000100"/>
						<SP ID="P12_SP00151" HPOS="899" VPOS="1753" WIDTH="19"/>
						<String ID="word000153" HPOS="918" VPOS="1707" WIDTH="97" HEIGHT="40" CONTENT="tend" WC="0.92" CC="0210"/>
						<SP ID="P12_SP00152" HPOS="1015" VPOS="1753" WIDTH="21"/>
						<String ID="word000154" HPOS="1036" VPOS="1711" WIDTH="44" HEIGHT="35" CONTENT="to" WC="1.00" CC="00"/>
						<SP ID="P12_SP00153" HPOS="1080" VPOS="1753" WIDTH="27"/>
						<String ID="word000155" HPOS="1107" VPOS="1706" WIDTH="175" HEIGHT="39" CONTENT="confirm" WC="0.89" CC="0003301"/>
						<SP ID="P12_SP00154" HPOS="1281" VPOS="1753" WIDTH="22"/>
						<String ID="word000156" HPOS="1304" VPOS="1707" WIDTH="69" HEIGHT="38" CONTENT="the" WC="1.00" CC="000"/>
						<SP ID="P12_SP00155" HPOS="1372" VPOS="1753" WIDTH="20"/>
						<String ID="word000157" HPOS="1393" VPOS="1706" WIDTH="129" HEIGHT="52" CONTENT="hopes" WC="1.00" CC="00000"/>
						<SP ID="P12_SP00156" HPOS="1521" VPOS="1757" WIDTH="21"/>
						<String ID="word000158" HPOS="1543" VPOS="1719" WIDTH="58" HEIGHT="26" CONTENT="we" WC="1.00" CC="00"/>
						<SP ID="P12_SP00157" HPOS="1600" VPOS="1757" WIDTH="0"/>
					</TextLine>
					<TextLine ID="P12_TL00022" HPOS="248" VPOS="1770" WIDTH="1363" HEIGHT="60">
						<String ID="word000159" HPOS="248" VPOS="1778" WIDTH="83" HEIGHT="43" CONTENT="still" WC="0.89" CC="11021"/>
						<SP ID="P12_SP00158" HPOS="331" VPOS="1820" WIDTH="31"/>
						<String ID="word000160" HPOS="361" VPOS="1789" WIDTH="46" HEIGHT="27" CONTENT="so" WC="1.00" CC="00"/>
						<SP ID="P12_SP00159" HPOS="407" VPOS="1820" WIDTH="19"/>
						<String ID="word000161" HPOS="426" VPOS="1775" WIDTH="144" HEIGHT="54" CONTENT="fondly" WC="0.96" CC="002000"/>
						<SP ID="P12_SP00160" HPOS="570" VPOS="1830" WIDTH="20"/>
						<String ID="word000162" HPOS="591" VPOS="1774" WIDTH="167" HEIGHT="54" CONTENT="indulge" WC="0.98" CC="0000010"/>
						<SP ID="P12_SP00161" HPOS="757" VPOS="1830" WIDTH="31"/>
						<String ID="word000163" HPOS="788" VPOS="1776" WIDTH="56" HEIGHT="45" CONTENT="in," WC="1.00" CC="000"/>
						<SP ID="P12_SP00162" HPOS="843" VPOS="1830" WIDTH="28"/>
						<String ID="word000164" HPOS="872" VPOS="1774" WIDTH="91" HEIGHT="40" CONTENT="that" WC="1.00" CC="0000"/>
						<SP ID="P12_SP00163" HPOS="963" VPOS="1830" WIDTH="20"/>
						<String ID="word000165" HPOS="983" VPOS="1772" WIDTH="70" HEIGHT="41" CONTENT="the" WC="1.00" CC="000"/>
						<SP ID="P12_SP00164" HPOS="1052" VPOS="1830" WIDTH="20"/>
						<String ID="word000166" HPOS="1072" VPOS="1772" WIDTH="169" HEIGHT="53" CONTENT="Spanish" WC="0.86" CC="0103230"/>
						<SP ID="P12_SP00165" HPOS="1241" VPOS="1830" WIDTH="24"/>
						<String ID="word000167" HPOS="1265" VPOS="1770" WIDTH="181" HEIGHT="40" CONTENT="Patriots" WC="1.00" CC="00000000"/>
						<SP ID="P12_SP00166" HPOS="1446" VPOS="1830" WIDTH="19"/>
						<String ID="word000168" HPOS="1465" VPOS="1770" WIDTH="52" HEIGHT="40" CONTENT="of" WC="1.00" CC="00"/>
						<SP ID="P12_SP00167" HPOS="1517" VPOS="1830" WIDTH="25"/>
						<String ID="word000169" HPOS="1541" VPOS="1773" WIDTH="70" HEIGHT="39" CONTENT="the" WC="1.00" CC="000"/>
						<SP ID="P12_SP00168" HPOS="1611" VPOS="1830" WIDTH="0"/>
					</TextLine>
					<TextLine ID="P12_TL00023" HPOS="250" VPOS="1835" WIDTH="1363" HEIGHT="55">
						<String ID="word000170" HPOS="250" VPOS="1844" WIDTH="131" HEIGHT="41" CONTENT="South" WC="1.00" CC="00000"/>
						<SP ID="P12_SP00169" HPOS="381" VPOS="1885" WIDTH="20"/>
						<String ID="word000171" HPOS="402" VPOS="1843" WIDTH="195" HEIGHT="40" CONTENT="continue" WC="0.97" CC="00100100"/>
						<SP ID="P12_SP00170" HPOS="596" VPOS="1885" WIDTH="21"/>
						<String ID="word000172" HPOS="618" VPOS="1847" WIDTH="44" HEIGHT="34" CONTENT="to" WC="1.00" CC="00"/>
						<SP ID="P12_SP00171" HPOS="661" VPOS="1885" WIDTH="22"/>
						<String ID="word000173" HPOS="684" VPOS="1840" WIDTH="190" HEIGHT="41" CONTENT="manifest" WC="0.79" CC="11330511"/>
						<SP ID="P12_SP00172" HPOS="874" VPOS="1885" WIDTH="20"/>
						<String ID="word000174" HPOS="894" VPOS="1840" WIDTH="70" HEIGHT="39" CONTENT="the" WC="1.00" CC="000"/>
						<SP ID="P12_SP00173" HPOS="964" VPOS="1885" WIDTH="28"/>
						<String ID="word000175" HPOS="992" VPOS="1843" WIDTH="204" HEIGHT="47" CONTENT="strongest" WC="0.97" CC="000011000"/>
						<SP ID="P12_SP00174" HPOS="1196" VPOS="1890" WIDTH="20"/>
						<String ID="word000176" HPOS="1217" VPOS="1835" WIDTH="326" HEIGHT="41" CONTENT="determination" WC="0.98" CC="0000011000000"/>
						<SP ID="P12_SP00175" HPOS="1543" VPOS="1890" WIDTH="26"/>
						<String ID="word000177" HPOS="1569" VPOS="1843" WIDTH="44" HEIGHT="34" CONTENT="to" WC="1.00" CC="00"/>
						<SP ID="P12_SP00176" HPOS="1612" VPOS="1890" WIDTH="0"/>
					</TextLine>
					<TextLine ID="P12_TL00024" HPOS="252" VPOS="1902" WIDTH="1356" HEIGHT="59">
						<String ID="word000178" HPOS="252" VPOS="1909" WIDTH="119" HEIGHT="40" CONTENT="resist" WC="0.98" CC="000100"/>
						<SP ID="P12_SP00177" HPOS="371" VPOS="1949" WIDTH="31"/>
						<String ID="word000179" HPOS="402" VPOS="1909" WIDTH="70" HEIGHT="39" CONTENT="the" WC="1.00" CC="000"/>
						<SP ID="P12_SP00178" HPOS="471" VPOS="1949" WIDTH="30"/>
						<String ID="word000180" HPOS="501" VPOS="1919" WIDTH="190" HEIGHT="41" CONTENT="progress►" WC="0.80" CC="111101344"/>
						<SP ID="P12_SP00179" HPOS="691" VPOS="1961" WIDTH="30"/>
						<String ID="word000181" HPOS="720" VPOS="1905" WIDTH="48" HEIGHT="40" CONTENT="of" WC="1.00" CC="00"/>
						<SP ID="P12_SP00180" HPOS="769" VPOS="1961" WIDTH="24"/>
						<String ID="word000182" HPOS="793" VPOS="1905" WIDTH="70" HEIGHT="41" CONTENT="the" WC="1.00" CC="000"/>
						<SP ID="P12_SP00181" HPOS="862" VPOS="1961" WIDTH="32"/>
						<String ID="word000183" HPOS="894" VPOS="1907" WIDTH="169" HEIGHT="50" CONTENT="Enemy." WC="0.89" CC="021111"/>
						<SP ID="P12_SP00182" HPOS="1063" VPOS="1961" WIDTH="60"/>
						<String ID="word000184" HPOS="1123" VPOS="1905" WIDTH="158" HEIGHT="39" CONTENT="Letters" WC="0.98" CC="0100000"/>
						<SP ID="P12_SP00183" HPOS="1281" VPOS="1961" WIDTH="33"/>
						<String ID="word000185" HPOS="1315" VPOS="1902" WIDTH="110" HEIGHT="40" CONTENT="fro►n" WC="0.67" CC="11166"/>
						<SP ID="P12_SP00184" HPOS="1424" VPOS="1961" WIDTH="22"/>
						<String ID="word000186" HPOS="1447" VPOS="1903" WIDTH="161" HEIGHT="40" CONTENT="several" WC="1.00" CC="0000000"/>
						<SP ID="P12_SP00185" HPOS="1607" VPOS="1961" WIDTH="0"/>
					</TextLine>
					<TextLine ID="P12_TL00025" HPOS="252" VPOS="1967" WIDTH="1357" HEIGHT="52">
						<String ID="word000187" HPOS="252" VPOS="1974" WIDTH="156" HEIGHT="41" CONTENT="British" WC="0.97" CC="1001000"/>
						<SP ID="P12_SP00186" HPOS="407" VPOS="2015" WIDTH="20"/>
						<String ID="word000188" HPOS="428" VPOS="1972" WIDTH="182" HEIGHT="46" CONTENT="Officers," WC="0.77" CC="056610010"/>
						<SP ID="P12_SP00187" HPOS="609" VPOS="2019" WIDTH="35"/>
						<String ID="word000189" HPOS="645" VPOS="1972" WIDTH="71" HEIGHT="39" CONTENT="the" WC="0.96" CC="001"/>
						<SP ID="P12_SP00188" HPOS="716" VPOS="2019" WIDTH="38"/>
						<String ID="word000190" HPOS="754" VPOS="1976" WIDTH="240" HEIGHT="35" CONTENT="statements" WC="0.97" CC="0001001100"/>
						<SP ID="P12_SP00189" HPOS="993" VPOS="2019" WIDTH="34"/>
						<String ID="word000191" HPOS="1028" VPOS="1970" WIDTH="110" HEIGHT="39" CONTENT="front" WC="0.95" CC="00101"/>
						<SP ID="P12_SP00190" HPOS="1137" VPOS="2019" WIDTH="38"/>
						<String ID="word000192" HPOS="1175" VPOS="1968" WIDTH="157" HEIGHT="40" CONTENT="several" WC="1.00" CC="0000000"/>
						<SP ID="P12_SP00191" HPOS="1332" VPOS="2019" WIDTH="32"/>
						<String ID="word000193" HPOS="1364" VPOS="1967" WIDTH="244" HEIGHT="43" CONTENT="Gentlemen" WC="0.94" CC="101000003"/>
						<SP ID="P12_SP00192" HPOS="1609" VPOS="2019" WIDTH="0"/>
					</TextLine>
					<TextLine ID="P12_TL00026" HPOS="255" VPOS="2035" WIDTH="1357" HEIGHT="58">
						<String ID="word000194" HPOS="255" VPOS="2039" WIDTH="128" HEIGHT="54" CONTENT="lately" WC="0.96" CC="100100"/>
						<SP ID="P12_SP00193" HPOS="383" VPOS="2093" WIDTH="25"/>
						<String ID="word000195" HPOS="407" VPOS="2040" WIDTH="162" HEIGHT="40" CONTENT="arrived" WC="0.98" CC="0100000"/>
						<SP ID="P12_SP00194" HPOS="569" VPOS="2093" WIDTH="20"/>
						<String ID="word000196" HPOS="589" VPOS="2039" WIDTH="106" HEIGHT="40" CONTENT="from" WC="0.97" CC="0001"/>
						<SP ID="P12_SP00195" HPOS="696" VPOS="2093" WIDTH="25"/>
						<String ID="word000197" HPOS="720" VPOS="2037" WIDTH="144" HEIGHT="41" CONTENT="Seville" WC="0.98" CC="0000001"/>
						<SP ID="P12_SP00196" HPOS="865" VPOS="2093" WIDTH="21"/>
						<String ID="word000198" HPOS="886" VPOS="2037" WIDTH="76" HEIGHT="40" CONTENT="and" WC="1.00" CC="000"/>
						<SP ID="P12_SP00197" HPOS="961" VPOS="2093" WIDTH="22"/>
						<String ID="word000199" HPOS="984" VPOS="2037" WIDTH="142" HEIGHT="45" CONTENT="Cadiz," WC="0.94" CC="010101"/>
						<SP ID="P12_SP00198" HPOS="1126" VPOS="2093" WIDTH="19"/>
						<String ID="word000200" HPOS="1144" VPOS="2036" WIDTH="273" HEIGHT="41" CONTENT="corroborate" WC="0.99" CC="00000100000"/>
						<SP ID="P12_SP00199" HPOS="1417" VPOS="2093" WIDTH="28"/>
						<String ID="word000201" HPOS="1446" VPOS="2035" WIDTH="72" HEIGHT="41" CONTENT="the" WC="0.89" CC="111"/>
						<SP ID="P12_SP00200" HPOS="1518" VPOS="2093" WIDTH="31"/>
						<String ID="word000202" HPOS="1548" VPOS="2048" WIDTH="43" HEIGHT="26" CONTENT="ac" SUBS_TYPE="HypPart1" SUBS_CONTENT="accounts" WC="1.00" CC="00"/>
						<HYP HPOS="1591" VPOS="2048" WIDTH="21" CONTENT="-"/>
					</TextLine>
					<TextLine ID="P12_TL00027" HPOS="256" VPOS="2102" WIDTH="1354" HEIGHT="54">
						<String ID="word000203" HPOS="256" VPOS="2111" WIDTH="148" HEIGHT="37" CONTENT="counts" SUBS_TYPE="HypPart2" SUBS_CONTENT="accounts" WC="0.96" CC="001100"/>
						<SP ID="P12_SP00201" HPOS="404" VPOS="2147" WIDTH="19"/>
						<String ID="word000204" HPOS="423" VPOS="2106" WIDTH="50" HEIGHT="39" CONTENT="of" WC="1.00" CC="00"/>
						<SP ID="P12_SP00202" HPOS="472" VPOS="2147" WIDTH="17"/>
						<String ID="word000205" HPOS="489" VPOS="2107" WIDTH="57" HEIGHT="40" CONTENT="M." WC="0.94" CC="10"/>
						<SP ID="P12_SP00203" HPOS="546" VPOS="2147" WIDTH="22"/>
						<String ID="word000206" HPOS="568" VPOS="2107" WIDTH="229" HEIGHT="38" CONTENT="CcvALLos." WC="0.52" CC="387334353"/>
						<SP ID="P12_SP00204" HPOS="797" VPOS="2147" WIDTH="59"/>
						<String ID="word000207" HPOS="856" VPOS="2106" WIDTH="131" HEIGHT="50" CONTENT="Every" WC="0.93" CC="11100"/>
						<SP ID="P12_SP00205" HPOS="987" VPOS="2156" WIDTH="34"/>
						<String ID="word000208" HPOS="1022" VPOS="2117" WIDTH="159" HEIGHT="39" CONTENT="persom," WC="0.70" CC="6110173"/>
						<SP ID="P12_SP00206" HPOS="1181" VPOS="2156" WIDTH="41"/>
						<String ID="word000209" HPOS="1222" VPOS="2104" WIDTH="92" HEIGHT="39" CONTENT="who" WC="1.00" CC="000"/>
						<SP ID="P12_SP00207" HPOS="1315" VPOS="2156" WIDTH="21"/>
						<String ID="word000210" HPOS="1336" VPOS="2102" WIDTH="72" HEIGHT="39" CONTENT="has" WC="0.89" CC="030"/>
						<SP ID="P12_SP00208" HPOS="1408" VPOS="2156" WIDTH="25"/>
						<String ID="word000211" HPOS="1433" VPOS="2102" WIDTH="105" HEIGHT="39" CONTENT="been" WC="0.97" CC="0001"/>
						<SP ID="P12_SP00209" HPOS="1538" VPOS="2156" WIDTH="20"/>
						<String ID="word000212" HPOS="1558" VPOS="2113" WIDTH="52" HEIGHT="27" CONTENT="on" WC="1.00" CC="00"/>
						<SP ID="P12_SP00210" HPOS="1610" VPOS="2156" WIDTH="0"/>
					</TextLine>
					<TextLine ID="P12_TL00028" HPOS="259" VPOS="2166" WIDTH="1355" HEIGHT="61">
						<String ID="word000213" HPOS="259" VPOS="2173" WIDTH="74" HEIGHT="40" CONTENT="the" WC="0.96" CC="010"/>
						<SP ID="P12_SP00211" HPOS="333" VPOS="2213" WIDTH="20"/>
						<String ID="word000214" HPOS="353" VPOS="2177" WIDTH="109" HEIGHT="50" CONTENT="spot," WC="1.00" CC="00000"/>
						<SP ID="P12_SP00212" HPOS="462" VPOS="2226" WIDTH="39"/>
						<String ID="word000215" HPOS="501" VPOS="2171" WIDTH="80" HEIGHT="40" CONTENT="and" WC="1.00" CC="000"/>
						<SP ID="P12_SP00213" HPOS="581" VPOS="2226" WIDTH="26"/>
						<String ID="word000216" HPOS="607" VPOS="2171" WIDTH="133" HEIGHT="40" CONTENT="whose" WC="0.93" CC="00012"/>
						<SP ID="P12_SP00214" HPOS="741" VPOS="2226" WIDTH="19"/>
						<String ID="word000217" HPOS="759" VPOS="2170" WIDTH="280" HEIGHT="39" CONTENT="observations" WC="0.98" CC="000001001000"/>
						<SP ID="P12_SP00215" HPOS="1039" VPOS="2226" WIDTH="30"/>
						<String ID="word000218" HPOS="1069" VPOS="2183" WIDTH="69" HEIGHT="25" CONTENT="are" WC="0.89" CC="300"/>
						<SP ID="P12_SP00216" HPOS="1137" VPOS="2226" WIDTH="28"/>
						<String ID="word000219" HPOS="1166" VPOS="2169" WIDTH="51" HEIGHT="39" CONTENT="of" WC="1.00" CC="00"/>
						<SP ID="P12_SP00217" HPOS="1217" VPOS="2226" WIDTH="31"/>
						<String ID="word000220" HPOS="1247" VPOS="2180" WIDTH="115" HEIGHT="27" CONTENT="some" WC="0.97" CC="0100"/>
						<SP ID="P12_SP00218" HPOS="1362" VPOS="2226" WIDTH="19"/>
						<String ID="word000221" HPOS="1381" VPOS="2166" WIDTH="233" HEIGHT="52" CONTENT="authority," WC="0.99" CC="0000000001"/>
						<SP ID="P12_SP00219" HPOS="1613" VPOS="2226" WIDTH="0"/>
					</TextLine>
					<TextLine ID="P12_TL00029" HPOS="262" VPOS="2237" WIDTH="1351" HEIGHT="59">
						<String ID="word000222" HPOS="262" VPOS="2243" WIDTH="295" HEIGHT="53" CONTENT="acknowledge" WC="0.99" CC="00000000010"/>
						<SP ID="P12_SP00220" HPOS="557" VPOS="2296" WIDTH="20"/>
						<String ID="word000223" HPOS="578" VPOS="2242" WIDTH="90" HEIGHT="40" CONTENT="that" WC="1.00" CC="0000"/>
						<SP ID="P12_SP00221" HPOS="667" VPOS="2296" WIDTH="27"/>
						<String ID="word000224" HPOS="694" VPOS="2255" WIDTH="53" HEIGHT="26" CONTENT="no" WC="1.00" CC="00"/>
						<SP ID="P12_SP00222" HPOS="748" VPOS="2296" WIDTH="21"/>
						<String ID="word000225" HPOS="769" VPOS="2241" WIDTH="144" HEIGHT="53" CONTENT="people" WC="0.94" CC="010011"/>
						<SP ID="P12_SP00223" HPOS="913" VPOS="2296" WIDTH="27"/>
						<String ID="word000226" HPOS="940" VPOS="2254" WIDTH="97" HEIGHT="26" CONTENT="ever" WC="0.72" CC="4240"/>
						<SP ID="P12_SP00224" HPOS="1037" VPOS="2296" WIDTH="30"/>
						<String ID="word000227" HPOS="1067" VPOS="2239" WIDTH="198" HEIGHT="40" CONTENT="breathed" WC="0.96" CC="10101000"/>
						<SP ID="P12_SP00225" HPOS="1265" VPOS="2296" WIDTH="20"/>
						<String ID="word000228" HPOS="1285" VPOS="2251" WIDTH="25" HEIGHT="25" CONTENT="a" WC="1.00" CC="0"/>
						<SP ID="P12_SP00226" HPOS="1310" VPOS="2296" WIDTH="19"/>
						<String ID="word000229" HPOS="1329" VPOS="2251" WIDTH="116" HEIGHT="26" CONTENT="more" WC="0.97" CC="1000"/>
						<SP ID="P12_SP00227" HPOS="1444" VPOS="2296" WIDTH="25"/>
						<String ID="word000230" HPOS="1469" VPOS="2237" WIDTH="144" HEIGHT="40" CONTENT="ardent" WC="1.00" CC="000000"/>
						<SP ID="P12_SP00228" HPOS="1613" VPOS="2296" WIDTH="0"/>
					</TextLine>
					<TextLine ID="P12_TL00030" HPOS="262" VPOS="2306" WIDTH="1353" HEIGHT="58">
						<String ID="word000231" HPOS="262" VPOS="2311" WIDTH="98" HEIGHT="43" CONTENT="love" WC="0.89" CC="1003"/>
						<SP ID="P12_SP00229" HPOS="360" VPOS="2354" WIDTH="15"/>
						<String ID="word000232" HPOS="376" VPOS="2310" WIDTH="51" HEIGHT="41" CONTENT="of" WC="1.00" CC="00"/>
						<SP ID="P12_SP00230" HPOS="426" VPOS="2354" WIDTH="14"/>
						<String ID="word000233" HPOS="441" VPOS="2311" WIDTH="106" HEIGHT="40" CONTENT="their" WC="0.98" CC="00010"/>
						<SP ID="P12_SP00231" HPOS="547" VPOS="2354" WIDTH="18"/>
						<String ID="word000234" HPOS="565" VPOS="2315" WIDTH="193" HEIGHT="48" CONTENT="country," WC="0.96" CC="01000020"/>
						<SP ID="P12_SP00232" HPOS="757" VPOS="2363" WIDTH="20"/>
						<String ID="word000235" HPOS="777" VPOS="2307" WIDTH="337" HEIGHT="56" CONTENT="displayeti-more" WC="0.49" CC="335355378855333"/>
						<SP ID="P12_SP00233" HPOS="1114" VPOS="2363" WIDTH="20"/>
						<String ID="word000236" HPOS="1134" VPOS="2306" WIDTH="174" HEIGHT="40" CONTENT="fervour" WC="1.00" CC="0000000"/>
						<SP ID="P12_SP00234" HPOS="1307" VPOS="2363" WIDTH="20"/>
						<String ID="word000237" HPOS="1328" VPOS="2306" WIDTH="39" HEIGHT="39" CONTENT="in" WC="1.00" CC="00"/>
						<SP ID="P12_SP00235" HPOS="1367" VPOS="2363" WIDTH="20"/>
						<String ID="word000238" HPOS="1387" VPOS="2306" WIDTH="71" HEIGHT="39" CONTENT="the" WC="1.00" CC="000"/>
						<SP ID="P12_SP00236" HPOS="1457" VPOS="2363" WIDTH="20"/>
						<String ID="word000239" HPOS="1478" VPOS="2317" WIDTH="137" HEIGHT="33" CONTENT="cause," WC="1.00" CC="000000"/>
						<SP ID="P12_SP00237" HPOS="1615" VPOS="2363" WIDTH="0"/>
					</TextLine>
					<TextLine ID="P12_TL00031" HPOS="254" VPOS="2373" WIDTH="1357" HEIGHT="53">
						<String ID="word000240" HPOS="254" VPOS="2381" WIDTH="107" HEIGHT="41" CONTENT="Ulan" WC="0.33" CC="7818"/>
						<SP ID="P12_SP00238" HPOS="361" VPOS="2422" WIDTH="17"/>
						<String ID="word000241" HPOS="378" VPOS="2379" WIDTH="76" HEIGHT="40" CONTENT="the" WC="0.96" CC="100"/>
						<SP ID="P12_SP00239" HPOS="454" VPOS="2422" WIDTH="15"/>
						<String ID="word000242" HPOS="469" VPOS="2378" WIDTH="253" HEIGHT="40" CONTENT="inhabitants" WC="0.93" CC="01022000101"/>
						<SP ID="P12_SP00240" HPOS="722" VPOS="2422" WIDTH="20"/>
						<String ID="word000243" HPOS="742" VPOS="2376" WIDTH="51" HEIGHT="40" CONTENT="of" WC="1.00" CC="00"/>
						<SP ID="P12_SP00241" HPOS="793" VPOS="2422" WIDTH="14"/>
						<String ID="word000244" HPOS="807" VPOS="2375" WIDTH="237" HEIGHT="44" CONTENT="Andalusiet." WC="0.52" CC="33338345673"/>
						<SP ID="P12_SP00242" HPOS="1044" VPOS="2422" WIDTH="54"/>
						<String ID="word000245" HPOS="1098" VPOS="2376" WIDTH="63" HEIGHT="37" CONTENT="To" WC="1.00" CC="00"/>
						<SP ID="P12_SP00243" HPOS="1161" VPOS="2422" WIDTH="22"/>
						<String ID="word000246" HPOS="1183" VPOS="2373" WIDTH="187" HEIGHT="53" CONTENT="provide," WC="0.99" CC="00000010"/>
						<SP ID="P12_SP00244" HPOS="1370" VPOS="2426" WIDTH="34"/>
						<String ID="word000247" HPOS="1404" VPOS="2373" WIDTH="207" HEIGHT="44" CONTENT="however," WC="0.92" CC="00022101"/>
						<SP ID="P12_SP00245" HPOS="1611" VPOS="2426" WIDTH="0"/>
					</TextLine>
					<TextLine ID="P12_TL00032" HPOS="260" VPOS="2439" WIDTH="1356" HEIGHT="59">
						<String ID="word000248" HPOS="260" VPOS="2445" WIDTH="162" HEIGHT="53" CONTENT="against" WC="0.95" CC="0210000"/>
						<SP ID="P12_SP00246" HPOS="422" VPOS="2498" WIDTH="20"/>
						<String ID="word000249" HPOS="442" VPOS="2445" WIDTH="70" HEIGHT="40" CONTENT="the" WC="0.93" CC="110"/>
						<SP ID="P12_SP00247" HPOS="511" VPOS="2498" WIDTH="20"/>
						<String ID="word000250" HPOS="531" VPOS="2443" WIDTH="176" HEIGHT="54" CONTENT="possible" WC="0.96" CC="00001110"/>
						<SP ID="P12_SP00248" HPOS="707" VPOS="2498" WIDTH="20"/>
						<String ID="word000251" HPOS="728" VPOS="2456" WIDTH="294" HEIGHT="39" CONTENT="consequences" WC="0.95" CC="001001003000"/>
						<SP ID="P12_SP00249" HPOS="1022" VPOS="2498" WIDTH="30"/>
						<String ID="word000252" HPOS="1051" VPOS="2440" WIDTH="50" HEIGHT="39" CONTENT="of" WC="1.00" CC="00"/>
						<SP ID="P12_SP00250" HPOS="1101" VPOS="2498" WIDTH="13"/>
						<String ID="word000253" HPOS="1114" VPOS="2440" WIDTH="155" HEIGHT="47" CONTENT="defeat," WC="0.98" CC="0001000"/>
						<SP ID="P12_SP00251" HPOS="1269" VPOS="2498" WIDTH="22"/>
						<String ID="word000254" HPOS="1291" VPOS="2452" WIDTH="206" HEIGHT="27" CONTENT="measures" WC="1.00" CC="00000000"/>
						<SP ID="P12_SP00252" HPOS="1496" VPOS="2498" WIDTH="13"/>
						<String ID="word000255" HPOS="1509" VPOS="2439" WIDTH="106" HEIGHT="39" CONTENT="have" WC="1.00" CC="0000"/>
						<SP ID="P12_SP00253" HPOS="1616" VPOS="2498" WIDTH="0"/>
					</TextLine>
					<TextLine ID="P12_TL00033" HPOS="254" VPOS="2506" WIDTH="1353" HEIGHT="53">
						<String ID="word000256" HPOS="254" VPOS="2512" WIDTH="107" HEIGHT="41" CONTENT="been" WC="0.92" CC="0003"/>
						<SP ID="P12_SP00254" HPOS="361" VPOS="2554" WIDTH="18"/>
						<String ID="word000257" HPOS="379" VPOS="2510" WIDTH="125" HEIGHT="43" CONTENT="taken" WC="1.00" CC="00000"/>
						<SP ID="P12_SP00255" HPOS="504" VPOS="2554" WIDTH="19"/>
						<String ID="word000258" HPOS="523" VPOS="2515" WIDTH="43" HEIGHT="33" CONTENT="to" WC="1.00" CC="00"/>
						<SP ID="P12_SP00256" HPOS="566" VPOS="2554" WIDTH="21"/>
						<String ID="word000259" HPOS="587" VPOS="2522" WIDTH="138" HEIGHT="27" CONTENT="secure" WC="0.96" CC="101000"/>
						<SP ID="P12_SP00257" HPOS="725" VPOS="2554" WIDTH="21"/>
						<String ID="word000260" HPOS="746" VPOS="2509" WIDTH="69" HEIGHT="40" CONTENT="the" WC="1.00" CC="000"/>
						<SP ID="P12_SP00258" HPOS="815" VPOS="2554" WIDTH="24"/>
						<String ID="word000261" HPOS="839" VPOS="2507" WIDTH="150" HEIGHT="40" CONTENT="French" WC="0.76" CC="301333"/>
						<SP ID="P12_SP00259" HPOS="989" VPOS="2554" WIDTH="32"/>
						<String ID="word000262" HPOS="1020" VPOS="2507" WIDTH="76" HEIGHT="39" CONTENT="and" WC="1.00" CC="000"/>
						<SP ID="P12_SP00260" HPOS="1096" VPOS="2554" WIDTH="21"/>
						<String ID="word000263" HPOS="1117" VPOS="2507" WIDTH="70" HEIGHT="39" CONTENT="the" WC="1.00" CC="000"/>
						<SP ID="P12_SP00261" HPOS="1187" VPOS="2554" WIDTH="20"/>
						<String ID="word000264" HPOS="1207" VPOS="2506" WIDTH="167" HEIGHT="53" CONTENT="Spanish" WC="0.97" CC="1000010"/>
						<SP ID="P12_SP00262" HPOS="1374" VPOS="2559" WIDTH="37"/>
						<String ID="word000265" HPOS="1410" VPOS="2506" WIDTH="117" HEIGHT="39" CONTENT="fleets" WC="1.00" CC="000000"/>
						<SP ID="P12_SP00263" HPOS="1527" VPOS="2559" WIDTH="37"/>
						<String ID="word000266" HPOS="1564" VPOS="2511" WIDTH="43" HEIGHT="35" CONTENT="at" WC="1.00" CC="00"/>
						<SP ID="P12_SP00264" HPOS="1606" VPOS="2559" WIDTH="0"/>
					</TextLine>
					<TextLine ID="P12_TL00034" HPOS="259" VPOS="2572" WIDTH="1357" HEIGHT="54">
						<String ID="word000267" HPOS="259" VPOS="2578" WIDTH="143" HEIGHT="47" CONTENT="Cadiz," WC="1.00" CC="000000"/>
						<SP ID="P12_SP00265" HPOS="402" VPOS="2626" WIDTH="19"/>
						<String ID="word000268" HPOS="420" VPOS="2577" WIDTH="131" HEIGHT="41" CONTENT="which" WC="0.98" CC="10000"/>
						<SP ID="P12_SP00266" HPOS="552" VPOS="2626" WIDTH="19"/>
						<String ID="word000269" HPOS="570" VPOS="2590" WIDTH="109" HEIGHT="27" CONTENT="were" WC="0.94" CC="1100"/>
						<SP ID="P12_SP00267" HPOS="679" VPOS="2626" WIDTH="19"/>
						<String ID="word000270" HPOS="698" VPOS="2582" WIDTH="45" HEIGHT="34" CONTENT="to" WC="1.00" CC="00"/>
						<SP ID="P12_SP00268" HPOS="743" VPOS="2626" WIDTH="20"/>
						<String ID="word000271" HPOS="763" VPOS="2576" WIDTH="50" HEIGHT="39" CONTENT="be" WC="1.00" CC="00"/>
						<SP ID="P12_SP00269" HPOS="813" VPOS="2626" WIDTH="20"/>
						<String ID="word000272" HPOS="833" VPOS="2574" WIDTH="208" HEIGHT="52" CONTENT="conveyed" WC="0.97" CC="00100100"/>
						<SP ID="P12_SP00270" HPOS="1041" VPOS="2626" WIDTH="35"/>
						<String ID="word000273" HPOS="1076" VPOS="2580" WIDTH="43" HEIGHT="32" CONTENT="to" WC="1.00" CC="00"/>
						<SP ID="P12_SP00271" HPOS="1119" VPOS="2626" WIDTH="20"/>
						<String ID="word000274" HPOS="1139" VPOS="2574" WIDTH="70" HEIGHT="39" CONTENT="the" WC="0.96" CC="001"/>
						<SP ID="P12_SP00272" HPOS="1208" VPOS="2626" WIDTH="20"/>
						<String ID="word000275" HPOS="1228" VPOS="2578" WIDTH="122" HEIGHT="34" CONTENT="outer" WC="1.00" CC="00000"/>
						<SP ID="P12_SP00273" HPOS="1350" VPOS="2626" WIDTH="19"/>
						<String ID="word000276" HPOS="1369" VPOS="2577" WIDTH="110" HEIGHT="48" CONTENT="port." WC="0.98" CC="00010"/>
						<SP ID="P12_SP00274" HPOS="1479" VPOS="2626" WIDTH="64"/>
						<String ID="word000277" HPOS="1543" VPOS="2572" WIDTH="73" HEIGHT="39" CONTENT="We" WC="0.83" CC="21"/>
						<SP ID="P12_SP00275" HPOS="1616" VPOS="2626" WIDTH="0"/>
					</TextLine>
					<TextLine ID="P12_TL00035" HPOS="257" VPOS="2639" WIDTH="1356" HEIGHT="61">
						<String ID="word000278" HPOS="257" VPOS="2657" WIDTH="74" HEIGHT="28" CONTENT="are" WC="0.96" CC="100"/>
						<SP ID="P12_SP00276" HPOS="332" VPOS="2686" WIDTH="30"/>
						<String ID="word000279" HPOS="361" VPOS="2644" WIDTH="135" HEIGHT="56" CONTENT="happy" WC="0.93" CC="12000"/>
						<SP ID="P12_SP00277" HPOS="496" VPOS="2700" WIDTH="25"/>
						<String ID="word000280" HPOS="521" VPOS="2650" WIDTH="44" HEIGHT="33" CONTENT="to" WC="1.00" CC="00"/>
						<SP ID="P12_SP00278" HPOS="565" VPOS="2700" WIDTH="28"/>
						<String ID="word000281" HPOS="593" VPOS="2649" WIDTH="122" HEIGHT="41" CONTENT="state," WC="0.98" CC="000100"/>
						<SP ID="P12_SP00279" HPOS="715" VPOS="2700" WIDTH="22"/>
						<String ID="word000282" HPOS="737" VPOS="2656" WIDTH="107" HEIGHT="40" CONTENT="upon" WC="1.00" CC="0000"/>
						<SP ID="P12_SP00280" HPOS="844" VPOS="2700" WIDTH="37"/>
						<String ID="word000283" HPOS="881" VPOS="2639" WIDTH="242" HEIGHT="43" CONTENT="undeniable" WC="0.79" CC="0313630111"/>
						<SP ID="P12_SP00281" HPOS="1123" VPOS="2700" WIDTH="35"/>
						<String ID="word000284" HPOS="1159" VPOS="2640" WIDTH="234" HEIGHT="53" CONTENT="authority," WC="0.97" CC="1000001010"/>
						<SP ID="P12_SP00282" HPOS="1393" VPOS="2700" WIDTH="19"/>
						<String ID="word000285" HPOS="1411" VPOS="2640" WIDTH="92" HEIGHT="40" CONTENT="that" WC="1.00" CC="0000"/>
						<SP ID="P12_SP00283" HPOS="1504" VPOS="2700" WIDTH="40"/>
						<String ID="word000286" HPOS="1544" VPOS="2639" WIDTH="69" HEIGHT="40" CONTENT="the" WC="0.67" CC="225"/>
						<SP ID="P12_SP00284" HPOS="1612" VPOS="2700" WIDTH="0"/>
					</TextLine>
					<TextLine ID="P12_TL00036" HPOS="262" VPOS="2706" WIDTH="1355" HEIGHT="56">
						<String ID="word000287" HPOS="262" VPOS="2709" WIDTH="256" HEIGHT="47" CONTENT="inhabitants" WC="0.81" CC="11331110233"/>
						<SP ID="P12_SP00285" HPOS="519" VPOS="2757" WIDTH="18"/>
						<String ID="word000288" HPOS="536" VPOS="2708" WIDTH="52" HEIGHT="41" CONTENT="of" WC="1.00" CC="00"/>
						<SP ID="P12_SP00286" HPOS="588" VPOS="2757" WIDTH="30"/>
						<String ID="word000289" HPOS="618" VPOS="2709" WIDTH="92" HEIGHT="40" CONTENT="that" WC="1.00" CC="0000"/>
						<SP ID="P12_SP00287" HPOS="710" VPOS="2757" WIDTH="35"/>
						<String ID="word000290" HPOS="745" VPOS="2711" WIDTH="81" HEIGHT="51" CONTENT="city" WC="0.97" CC="0001"/>
						<SP ID="P12_SP00288" HPOS="827" VPOS="2761" WIDTH="38"/>
						<String ID="word000291" HPOS="865" VPOS="2707" WIDTH="152" HEIGHT="53" CONTENT="display" WC="0.95" CC="1000101"/>
						<SP ID="P12_SP00289" HPOS="1017" VPOS="2761" WIDTH="40"/>
						<String ID="word000292" HPOS="1057" VPOS="2707" WIDTH="70" HEIGHT="41" CONTENT="the" WC="1.00" CC="000"/>
						<SP ID="P12_SP00290" HPOS="1127" VPOS="2761" WIDTH="35"/>
						<String ID="word000293" HPOS="1162" VPOS="2711" WIDTH="183" HEIGHT="51" CONTENT="greatest" WC="0.97" CC="00000110"/>
						<SP ID="P12_SP00291" HPOS="1345" VPOS="2761" WIDTH="35"/>
						<String ID="word000294" HPOS="1381" VPOS="2706" WIDTH="177" HEIGHT="56" CONTENT="activity" WC="0.97" CC="00001100"/>
						<SP ID="P12_SP00292" HPOS="1558" VPOS="2761" WIDTH="21"/>
						<String ID="word000295" HPOS="1579" VPOS="2706" WIDTH="38" HEIGHT="40" CONTENT="in" WC="0.83" CC="03"/>
						<SP ID="P12_SP00293" HPOS="1617" VPOS="2761" WIDTH="0"/>
					</TextLine>
					<TextLine ID="P12_TL00037" HPOS="257" VPOS="2772" WIDTH="1357" HEIGHT="57">
						<String ID="word000296" HPOS="257" VPOS="2777" WIDTH="279" HEIGHT="52" CONTENT="augmenting" WC="0.94" CC="1021010000"/>
						<SP ID="P12_SP00294" HPOS="536" VPOS="2829" WIDTH="20"/>
						<String ID="word000297" HPOS="556" VPOS="2776" WIDTH="105" HEIGHT="39" CONTENT="their" WC="1.00" CC="00000"/>
						<SP ID="P12_SP00295" HPOS="661" VPOS="2829" WIDTH="20"/>
						<String ID="word000298" HPOS="681" VPOS="2789" WIDTH="204" HEIGHT="26" CONTENT="measures" WC="1.00" CC="00000000"/>
						<SP ID="P12_SP00296" HPOS="886" VPOS="2829" WIDTH="27"/>
						<String ID="word000299" HPOS="913" VPOS="2773" WIDTH="50" HEIGHT="40" CONTENT="of" WC="0.94" CC="01"/>
						<SP ID="P12_SP00297" HPOS="963" VPOS="2829" WIDTH="14"/>
						<String ID="word000300" HPOS="977" VPOS="2773" WIDTH="181" HEIGHT="39" CONTENT="defence." WC="0.99" CC="00000100"/>
						<SP ID="P12_SP00298" HPOS="1157" VPOS="2829" WIDTH="59"/>
						<String ID="word000301" HPOS="1217" VPOS="2773" WIDTH="90" HEIGHT="40" CONTENT="The" WC="0.89" CC="030"/>
						<SP ID="P12_SP00299" HPOS="1306" VPOS="2829" WIDTH="32"/>
						<String ID="word000302" HPOS="1338" VPOS="2773" WIDTH="119" HEIGHT="53" CONTENT="spirit" WC="0.98" CC="010000"/>
						<SP ID="P12_SP00300" HPOS="1457" VPOS="2829" WIDTH="28"/>
						<String ID="word000303" HPOS="1486" VPOS="2772" WIDTH="128" HEIGHT="40" CONTENT="which" WC="1.00" CC="00000"/>
						<SP ID="P12_SP00301" HPOS="1613" VPOS="2829" WIDTH="0"/>
					</TextLine>
					<TextLine ID="P12_TL00038" HPOS="254" VPOS="2837" WIDTH="1361" HEIGHT="61">
						<String ID="word000304" HPOS="254" VPOS="2842" WIDTH="201" HEIGHT="56" CONTENT="pervades" WC="0.96" CC="00000111"/>
						<SP ID="P12_SP00302" HPOS="455" VPOS="2897" WIDTH="19"/>
						<String ID="word000305" HPOS="474" VPOS="2841" WIDTH="71" HEIGHT="41" CONTENT="the" WC="0.96" CC="001"/>
						<SP ID="P12_SP00303" HPOS="544" VPOS="2897" WIDTH="28"/>
						<String ID="word000306" HPOS="573" VPOS="2845" WIDTH="122" HEIGHT="50" CONTENT="great" WC="0.95" CC="00110"/>
						<SP ID="P12_SP00304" HPOS="694" VPOS="2897" WIDTH="30"/>
						<String ID="word000307" HPOS="724" VPOS="2841" WIDTH="106" HEIGHT="52" CONTENT="body" WC="0.94" CC="1010"/>
						<SP ID="P12_SP00305" HPOS="830" VPOS="2897" WIDTH="31"/>
						<String ID="word000308" HPOS="861" VPOS="2839" WIDTH="48" HEIGHT="39" CONTENT="of" WC="0.94" CC="01"/>
						<SP ID="P12_SP00306" HPOS="909" VPOS="2897" WIDTH="30"/>
						<String ID="word000309" HPOS="939" VPOS="2841" WIDTH="71" HEIGHT="38" CONTENT="the" WC="1.00" CC="000"/>
						<SP ID="P12_SP00307" HPOS="1010" VPOS="2897" WIDTH="30"/>
						<String ID="word000310" HPOS="1039" VPOS="2837" WIDTH="144" HEIGHT="56" CONTENT="people" WC="1.00" CC="000000"/>
						<SP ID="P12_SP00308" HPOS="1183" VPOS="2897" WIDTH="33"/>
						<String ID="word000311" HPOS="1217" VPOS="2839" WIDTH="32" HEIGHT="40" CONTENT="is" WC="1.00" CC="00"/>
						<SP ID="P12_SP00309" HPOS="1248" VPOS="2897" WIDTH="20"/>
						<String ID="word000312" HPOS="1269" VPOS="2838" WIDTH="200" HEIGHT="41" CONTENT="excellent" WC="0.96" CC="000100110"/>
						<SP ID="P12_SP00310" HPOS="1468" VPOS="2897" WIDTH="25"/>
						<String ID="word000313" HPOS="1493" VPOS="2854" WIDTH="12" HEIGHT="30" CONTENT=";" WC="1.00" CC="0"/>
						<SP ID="P12_SP00311" HPOS="1505" VPOS="2897" WIDTH="30"/>
						<String ID="word000314" HPOS="1534" VPOS="2839" WIDTH="80" HEIGHT="40" CONTENT="and" WC="1.00" CC="000"/>
						<SP ID="P12_SP00312" HPOS="1615" VPOS="2897" WIDTH="0"/>
					</TextLine>
					<TextLine ID="P12_TL00039" HPOS="252" VPOS="2904" WIDTH="1368" HEIGHT="59">
						<String ID="word000315" HPOS="252" VPOS="2909" WIDTH="74" HEIGHT="39" CONTENT="the" WC="1.00" CC="000"/>
						<SP ID="P12_SP00313" HPOS="326" VPOS="2948" WIDTH="22"/>
						<String ID="word000316" HPOS="348" VPOS="2907" WIDTH="198" HEIGHT="56" CONTENT="intrigues" WC="0.94" CC="220000001"/>
						<SP ID="P12_SP00314" HPOS="547" VPOS="2962" WIDTH="30"/>
						<String ID="word000317" HPOS="576" VPOS="2906" WIDTH="50" HEIGHT="43" CONTENT="of" WC="0.94" CC="10"/>
						<SP ID="P12_SP00315" HPOS="626" VPOS="2962" WIDTH="17"/>
						<String ID="word000318" HPOS="643" VPOS="2909" WIDTH="158" HEIGHT="40" CONTENT="Mont,.;" WC="0.48" CC="1076577"/>
						<SP ID="P12_SP00316" HPOS="801" VPOS="2962" WIDTH="34"/>
						<String ID="word000319" HPOS="835" VPOS="2906" WIDTH="206" HEIGHT="54" CONTENT="produced" WC="0.97" CC="00001010"/>
						<SP ID="P12_SP00317" HPOS="1041" VPOS="2962" WIDTH="35"/>
						<String ID="word000320" HPOS="1076" VPOS="2919" WIDTH="53" HEIGHT="26" CONTENT="no" WC="1.00" CC="00"/>
						<SP ID="P12_SP00318" HPOS="1129" VPOS="2962" WIDTH="28"/>
						<String ID="word000321" HPOS="1157" VPOS="2906" WIDTH="122" HEIGHT="40" CONTENT="other" WC="0.95" CC="01100"/>
						<SP ID="P12_SP00319" HPOS="1279" VPOS="2962" WIDTH="20"/>
						<String ID="word000322" HPOS="1299" VPOS="2904" WIDTH="118" HEIGHT="40" CONTENT="effect" WC="0.96" CC="110000"/>
						<SP ID="P12_SP00320" HPOS="1417" VPOS="2962" WIDTH="21"/>
						<String ID="word000323" HPOS="1439" VPOS="2906" WIDTH="99" HEIGHT="39" CONTENT="than" WC="0.97" CC="0010"/>
						<SP ID="P12_SP00321" HPOS="1538" VPOS="2962" WIDTH="38"/>
						<String ID="word000324" HPOS="1576" VPOS="2910" WIDTH="44" HEIGHT="34" CONTENT="to" WC="1.00" CC="00"/>
						<SP ID="P12_SP00322" HPOS="1619" VPOS="2962" WIDTH="0"/>
					</TextLine>
					<TextLine ID="P12_TL00040" HPOS="250" VPOS="2972" WIDTH="1368" HEIGHT="56">
						<String ID="word000325" HPOS="250" VPOS="2975" WIDTH="243" HEIGHT="52" CONTENT="strengthen" WC="0.91" CC="3100112000"/>
						<SP ID="P12_SP00323" HPOS="494" VPOS="3027" WIDTH="21"/>
						<String ID="word000326" HPOS="515" VPOS="2974" WIDTH="107" HEIGHT="41" CONTENT="their" WC="1.00" CC="00000"/>
						<SP ID="P12_SP00324" HPOS="622" VPOS="3027" WIDTH="33"/>
						<String ID="word000327" HPOS="656" VPOS="2973" WIDTH="222" HEIGHT="44" CONTENT="resolution" WC="0.98" CC="0010000001"/>
						<SP ID="P12_SP00325" HPOS="878" VPOS="3027" WIDTH="30"/>
						<String ID="word000328" HPOS="907" VPOS="2972" WIDTH="51" HEIGHT="40" CONTENT="of" WC="1.00" CC="00"/>
						<SP ID="P12_SP00326" HPOS="958" VPOS="3027" WIDTH="24"/>
						<String ID="word000329" HPOS="981" VPOS="2973" WIDTH="217" HEIGHT="52" CONTENT="defending" WC="0.94" CC="100011101"/>
						<SP ID="P12_SP00327" HPOS="1199" VPOS="3027" WIDTH="37"/>
						<String ID="word000330" HPOS="1235" VPOS="2972" WIDTH="106" HEIGHT="41" CONTENT="their" WC="1.00" CC="00000"/>
						<SP ID="P12_SP00328" HPOS="1342" VPOS="3027" WIDTH="21"/>
						<String ID="word000331" HPOS="1363" VPOS="2973" WIDTH="81" HEIGHT="52" CONTENT="city" WC="1.00" CC="0000"/>
						<SP ID="P12_SP00329" HPOS="1444" VPOS="3027" WIDTH="25"/>
						<String ID="word000332" HPOS="1469" VPOS="2978" WIDTH="45" HEIGHT="34" CONTENT="to" WC="1.00" CC="00"/>
						<SP ID="P12_SP00330" HPOS="1514" VPOS="3027" WIDTH="34"/>
						<String ID="word000333" HPOS="1548" VPOS="2973" WIDTH="70" HEIGHT="39" CONTENT="the" WC="1.00" CC="000"/>
						<SP ID="P12_SP00331" HPOS="1618" VPOS="3027" WIDTH="0"/>
					</TextLine>
					<TextLine ID="P12_TL00041" HPOS="252" VPOS="3038" WIDTH="1369" HEIGHT="57">
						<String ID="word000334" HPOS="252" VPOS="3043" WIDTH="83" HEIGHT="41" CONTENT="last" WC="0.94" CC="1010"/>
						<SP ID="P12_SP00332" HPOS="334" VPOS="3084" WIDTH="34"/>
						<String ID="word000335" HPOS="369" VPOS="3041" WIDTH="240" HEIGHT="51" CONTENT="extremity." WC="0.99" CC="0100000000"/>
						<SP ID="P12_SP00333" HPOS="608" VPOS="3092" WIDTH="58"/>
						<String ID="word000336" HPOS="666" VPOS="3040" WIDTH="87" HEIGHT="40" CONTENT="The" WC="1.00" CC="000"/>
						<SP ID="P12_SP00334" HPOS="754" VPOS="3092" WIDTH="44"/>
						<String ID="word000337" HPOS="797" VPOS="3038" WIDTH="81" HEIGHT="43" CONTENT="late" WC="0.97" CC="0001"/>
						<SP ID="P12_SP00335" HPOS="879" VPOS="3092" WIDTH="35"/>
						<String ID="word000338" HPOS="914" VPOS="3038" WIDTH="146" HEIGHT="57" CONTENT="supply" WC="0.98" CC="000001"/>
						<SP ID="P12_SP00336" HPOS="1061" VPOS="3094" WIDTH="46"/>
						<String ID="word000339" HPOS="1107" VPOS="3040" WIDTH="110" HEIGHT="39" CONTENT="from" WC="0.86" CC="1112"/>
						<SP ID="P12_SP00337" HPOS="1217" VPOS="3094" WIDTH="57"/>
						<String ID="word000340" HPOS="1273" VPOS="3041" WIDTH="249" HEIGHT="45" CONTENT="Vera-Cr►►z," WC="0.73" CC="21022237710"/>
						<SP ID="P12_SP00338" HPOS="1522" VPOS="3094" WIDTH="47"/>
						<String ID="word000341" HPOS="1570" VPOS="3038" WIDTH="51" HEIGHT="39" CONTENT="of" WC="1.00" CC="00"/>
						<SP ID="P12_SP00339" HPOS="1620" VPOS="3094" WIDTH="0"/>
					</TextLine>
					<TextLine ID="P12_TL00042" HPOS="250" VPOS="3104" WIDTH="1367" HEIGHT="51">
						<String ID="word000342" HPOS="250" VPOS="3111" WIDTH="224" HEIGHT="44" CONTENT="9,200,003" WC="0.95" CC="000000004"/>
						<SP ID="P12_SP00340" HPOS="475" VPOS="3155" WIDTH="20"/>
						<String ID="word000343" HPOS="495" VPOS="3105" WIDTH="167" HEIGHT="48" CONTENT="dollars," WC="0.99" CC="10000000"/>
						<SP ID="P12_SP00341" HPOS="661" VPOS="3155" WIDTH="21"/>
						<String ID="word000344" HPOS="683" VPOS="3111" WIDTH="152" HEIGHT="35" CONTENT="cannot" WC="0.93" CC="000130"/>
						<SP ID="P12_SP00342" HPOS="835" VPOS="3155" WIDTH="25"/>
						<String ID="word000345" HPOS="860" VPOS="3105" WIDTH="73" HEIGHT="41" CONTENT="fail" WC="0.89" CC="0103"/>
						<SP ID="P12_SP00343" HPOS="933" VPOS="3155" WIDTH="39"/>
						<String ID="word000346" HPOS="972" VPOS="3111" WIDTH="45" HEIGHT="34" CONTENT="to" WC="0.94" CC="01"/>
						<SP ID="P12_SP00344" HPOS="1017" VPOS="3155" WIDTH="38"/>
						<String ID="word000347" HPOS="1055" VPOS="3106" WIDTH="178" HEIGHT="40" CONTENT="increase" WC="0.93" CC="01001111"/>
						<SP ID="P12_SP00345" HPOS="1233" VPOS="3155" WIDTH="32"/>
						<String ID="word000348" HPOS="1265" VPOS="3106" WIDTH="73" HEIGHT="39" CONTENT="the" WC="1.00" CC="000"/>
						<SP ID="P12_SP00346" HPOS="1338" VPOS="3155" WIDTH="34"/>
						<String ID="word000349" HPOS="1372" VPOS="3104" WIDTH="244" HEIGHT="41" CONTENT="confidence" WC="0.97" CC="0000001200"/>
						<SP ID="P12_SP00347" HPOS="1617" VPOS="3155" WIDTH="0"/>
					</TextLine>
					<TextLine ID="P12_TL00043" HPOS="252" VPOS="3170" WIDTH="1367" HEIGHT="56">
						<String ID="word000350" HPOS="252" VPOS="3172" WIDTH="58" HEIGHT="53" CONTENT="pf" WC="0.39" CC="83"/>
						<SP ID="P12_SP00348" HPOS="309" VPOS="3226" WIDTH="22"/>
						<String ID="word000351" HPOS="332" VPOS="3172" WIDTH="71" HEIGHT="40" CONTENT="the" WC="1.00" CC="000"/>
						<SP ID="P12_SP00349" HPOS="403" VPOS="3226" WIDTH="31"/>
						<String ID="word000352" HPOS="433" VPOS="3172" WIDTH="191" HEIGHT="40" CONTENT="Patriots." WC="0.97" CC="100001000"/>
						<SP ID="P12_SP00350" HPOS="625" VPOS="3226" WIDTH="73"/>
						<String ID="word000353" HPOS="698" VPOS="3174" WIDTH="35" HEIGHT="38" CONTENT="It" WC="0.61" CC="52"/>
						<SP ID="P12_SP00351" HPOS="733" VPOS="3226" WIDTH="37"/>
						<String ID="word000354" HPOS="770" VPOS="3171" WIDTH="32" HEIGHT="40" CONTENT="is" WC="1.00" CC="00"/>
						<SP ID="P12_SP00352" HPOS="802" VPOS="3226" WIDTH="34"/>
						<String ID="word000355" HPOS="836" VPOS="3185" WIDTH="78" HEIGHT="26" CONTENT="one" WC="1.00" CC="000"/>
						<SP ID="P12_SP00353" HPOS="914" VPOS="3226" WIDTH="39"/>
						<String ID="word000356" HPOS="953" VPOS="3172" WIDTH="51" HEIGHT="39" CONTENT="of" WC="1.00" CC="00"/>
						<SP ID="P12_SP00354" HPOS="1004" VPOS="3226" WIDTH="33"/>
						<String ID="word000357" HPOS="1037" VPOS="3172" WIDTH="116" HEIGHT="39" CONTENT="those" WC="1.00" CC="00000"/>
						<SP ID="P12_SP00355" HPOS="1153" VPOS="3226" WIDTH="39"/>
						<String ID="word000358" HPOS="1192" VPOS="3171" WIDTH="253" HEIGHT="54" CONTENT="unexpected" WC="0.98" CC="0100000010"/>
						<SP ID="P12_SP00356" HPOS="1444" VPOS="3226" WIDTH="33"/>
						<String ID="word000359" HPOS="1478" VPOS="3170" WIDTH="141" HEIGHT="56" CONTENT="propi-" WC="0.76" CC="004045"/>
					</TextLine>
					<TextLine ID="P12_TL00044" HPOS="253" VPOS="3229" WIDTH="1367" HEIGHT="63">
						<String ID="word000360" HPOS="253" VPOS="3229" WIDTH="116" HEIGHT="61" CONTENT="Onus" WC="0.61" CC="6611"/>
						<SP ID="P12_SP00357" HPOS="369" VPOS="3291" WIDTH="32"/>
						<String ID="word000361" HPOS="400" VPOS="3239" WIDTH="337" HEIGHT="48" CONTENT="circumstances," WC="0.98" CC="00000300000000"/>
						<SP ID="P12_SP00358" HPOS="737" VPOS="3291" WIDTH="47"/>
						<String ID="word000362" HPOS="784" VPOS="3239" WIDTH="149" HEIGHT="47" CONTENT="which," WC="0.96" CC="000011"/>
						<SP ID="P12_SP00359" HPOS="933" VPOS="3291" WIDTH="63"/>
						<String ID="word000363" HPOS="996" VPOS="3240" WIDTH="40" HEIGHT="39" CONTENT="in" WC="1.00" CC="00"/>
						<SP ID="P12_SP00360" HPOS="1036" VPOS="3291" WIDTH="47"/>
						<String ID="word000364" HPOS="1083" VPOS="3253" WIDTH="25" HEIGHT="26" CONTENT="a" WC="1.00" CC="0"/>
						<SP ID="P12_SP00361" HPOS="1108" VPOS="3291" WIDTH="47"/>
						<String ID="word000365" HPOS="1155" VPOS="3244" WIDTH="185" HEIGHT="34" CONTENT="mo►nent" WC="0.78" CC="0144140"/>
						<SP ID="P12_SP00362" HPOS="1341" VPOS="3291" WIDTH="45"/>
						<String ID="word000366" HPOS="1385" VPOS="3239" WIDTH="53" HEIGHT="41" CONTENT="of" WC="1.00" CC="00"/>
						<SP ID="P12_SP00363" HPOS="1439" VPOS="3291" WIDTH="38"/>
						<String ID="word000367" HPOS="1476" VPOS="3239" WIDTH="143" HEIGHT="53" CONTENT="gloom" WC="0.91" CC="40000"/>
						<SP ID="P12_SP00364" HPOS="1619" VPOS="3292" WIDTH="0"/>
					</TextLine>
					<TextLine ID="P12_TL00045" HPOS="253" VPOS="3300" WIDTH="1365" HEIGHT="61">
						<String ID="word000368" HPOS="253" VPOS="3300" WIDTH="81" HEIGHT="48" CONTENT="and" WC="0.70" CC="710"/>
						<SP ID="P12_SP00365" HPOS="334" VPOS="3348" WIDTH="30"/>
						<String ID="word000369" HPOS="364" VPOS="3304" WIDTH="182" HEIGHT="47" CONTENT="trouble," WC="0.97" CC="00010010"/>
						<SP ID="P12_SP00366" HPOS="546" VPOS="3351" WIDTH="39"/>
						<String ID="word000370" HPOS="585" VPOS="3305" WIDTH="124" HEIGHT="40" CONTENT="raises" WC="1.00" CC="000000"/>
						<SP ID="P12_SP00367" HPOS="709" VPOS="3351" WIDTH="37"/>
						<String ID="word000371" HPOS="745" VPOS="3305" WIDTH="70" HEIGHT="41" CONTENT="the" WC="1.00" CC="000"/>
						<SP ID="P12_SP00368" HPOS="815" VPOS="3351" WIDTH="33"/>
						<String ID="word000372" HPOS="848" VPOS="3307" WIDTH="136" HEIGHT="54" CONTENT="spirits" WC="1.00" CC="0000000"/>
						<SP ID="P12_SP00369" HPOS="984" VPOS="3361" WIDTH="37"/>
						<String ID="word000373" HPOS="1020" VPOS="3305" WIDTH="51" HEIGHT="41" CONTENT="of" WC="0.94" CC="10"/>
						<SP ID="P12_SP00370" HPOS="1071" VPOS="3361" WIDTH="40"/>
						<String ID="word000374" HPOS="1111" VPOS="3321" WIDTH="109" HEIGHT="30" CONTENT="men," WC="0.97" CC="0100"/>
						<SP ID="P12_SP00371" HPOS="1220" VPOS="3361" WIDTH="52"/>
						<String ID="word000375" HPOS="1272" VPOS="3306" WIDTH="110" HEIGHT="41" CONTENT="from" WC="1.00" CC="0000"/>
						<SP ID="P12_SP00372" HPOS="1382" VPOS="3361" WIDTH="48"/>
						<String ID="word000376" HPOS="1430" VPOS="3309" WIDTH="188" HEIGHT="35" CONTENT="extreme" WC="1.00" CC="0000000"/>
						<SP ID="P12_SP00373" HPOS="1618" VPOS="3361" WIDTH="0"/>
					</TextLine>
					<TextLine ID="P12_TL00046" HPOS="249" VPOS="3371" WIDTH="1371" HEIGHT="56">
						<String ID="word000377" HPOS="249" VPOS="3371" WIDTH="243" HEIGHT="56" CONTENT="depression" WC="0.99" CC="0000000001"/>
						<SP ID="P12_SP00374" HPOS="493" VPOS="3426" WIDTH="46"/>
						<String ID="word000378" HPOS="539" VPOS="3376" WIDTH="45" HEIGHT="34" CONTENT="to" WC="1.00" CC="00"/>
						<SP ID="P12_SP00375" HPOS="583" VPOS="3426" WIDTH="45"/>
						<String ID="word000379" HPOS="628" VPOS="3372" WIDTH="133" HEIGHT="39" CONTENT="above" WC="1.00" CC="00000"/>
						<SP ID="P12_SP00376" HPOS="762" VPOS="3426" WIDTH="43"/>
						<String ID="word000380" HPOS="804" VPOS="3371" WIDTH="69" HEIGHT="40" CONTENT="the" WC="1.00" CC="000"/>
						<SP ID="P12_SP00377" HPOS="873" VPOS="3426" WIDTH="45"/>
						<String ID="word000381" HPOS="918" VPOS="3372" WIDTH="194" HEIGHT="53" CONTENT="ordinary" WC="0.85" CC="21012401"/>
						<SP ID="P12_SP00378" HPOS="1111" VPOS="3426" WIDTH="46"/>
						<String ID="word000382" HPOS="1157" VPOS="3371" WIDTH="120" HEIGHT="41" CONTENT="level." WC="0.98" CC="000100"/>
						<SP ID="P12_SP00379" HPOS="1278" VPOS="3426" WIDTH="76"/>
						<String ID="word000383" HPOS="1354" VPOS="3372" WIDTH="137" HEIGHT="41" CONTENT="Those" WC="0.98" CC="00010"/>
						<SP ID="P12_SP00380" HPOS="1491" VPOS="3426" WIDTH="38"/>
						<String ID="word000384" HPOS="1528" VPOS="3371" WIDTH="92" HEIGHT="40" CONTENT="who" WC="1.00" CC="000"/>
						<SP ID="P12_SP00381" HPOS="1620" VPOS="3426" WIDTH="0"/>
					</TextLine>
					<TextLine ID="P12_TL00047" HPOS="259" VPOS="3438" WIDTH="1358" HEIGHT="44">
						<String ID="word000385" HPOS="259" VPOS="3442" WIDTH="112" HEIGHT="40" CONTENT="have" WC="0.97" CC="1000"/>
						<SP ID="P12_SP00382" HPOS="371" VPOS="3482" WIDTH="50"/>
						<String ID="word000386" HPOS="420" VPOS="3439" WIDTH="176" HEIGHT="41" CONTENT="suffered" WC="0.92" CC="10104000"/>
						<SP ID="P12_SP00383" HPOS="596" VPOS="3482" WIDTH="51"/>
						<String ID="word000387" HPOS="647" VPOS="3451" WIDTH="71" HEIGHT="27" CONTENT="are" WC="1.00" CC="000"/>
						<SP ID="P12_SP00384" HPOS="718" VPOS="3482" WIDTH="44"/>
						<String ID="word000388" HPOS="762" VPOS="3438" WIDTH="93" HEIGHT="40" CONTENT="able" WC="1.00" CC="0000"/>
						<SP ID="P12_SP00385" HPOS="855" VPOS="3482" WIDTH="46"/>
						<String ID="word000389" HPOS="901" VPOS="3445" WIDTH="45" HEIGHT="34" CONTENT="to" WC="1.00" CC="00"/>
						<SP ID="P12_SP00386" HPOS="946" VPOS="3482" WIDTH="47"/>
						<String ID="word000390" HPOS="993" VPOS="3441" WIDTH="187" HEIGHT="39" CONTENT="estimate" WC="0.99" CC="00000001"/>
						<SP ID="P12_SP00387" HPOS="1180" VPOS="3482" WIDTH="50"/>
						<String ID="word000391" HPOS="1230" VPOS="3441" WIDTH="72" HEIGHT="39" CONTENT="the" WC="1.00" CC="000"/>
						<SP ID="P12_SP00388" HPOS="1302" VPOS="3482" WIDTH="37"/>
						<String ID="word000392" HPOS="1338" VPOS="3439" WIDTH="256" HEIGHT="40" CONTENT="heart-cheer" SUBS_TYPE="HypPart1" SUBS_CONTENT="heart-cheering" WC="0.95" CC="00002220000"/>
						<HYP HPOS="1594" VPOS="3439" WIDTH="22" CONTENT="-"/>
					</TextLine>
					<TextLine ID="P12_TL00048" HPOS="254" VPOS="3506" WIDTH="1364" HEIGHT="59">
						<String ID="word000393" HPOS="254" VPOS="3511" WIDTH="78" HEIGHT="53" CONTENT="ing" SUBS_TYPE="HypPart2" SUBS_CONTENT="heart-cheering" WC="0.96" CC="100"/>
						<SP ID="P12_SP00389" HPOS="332" VPOS="3565" WIDTH="37"/>
						<String ID="word000394" HPOS="369" VPOS="3507" WIDTH="145" HEIGHT="48" CONTENT="effects" WC="0.75" CC="1740013"/>
						<SP ID="P12_SP00390" HPOS="514" VPOS="3565" WIDTH="45"/>
						<String ID="word000395" HPOS="559" VPOS="3506" WIDTH="51" HEIGHT="40" CONTENT="of" WC="1.00" CC="00"/>
						<SP ID="P12_SP00391" HPOS="609" VPOS="3565" WIDTH="44"/>
						<String ID="word000396" HPOS="653" VPOS="3506" WIDTH="152" HEIGHT="43" CONTENT="sudden" WC="0.96" CC="010001"/>
						<SP ID="P12_SP00392" HPOS="806" VPOS="3565" WIDTH="59"/>
						<String ID="word000397" HPOS="865" VPOS="3508" WIDTH="215" HEIGHT="40" CONTENT="assistance" WC="1.00" CC="0000000000"/>
						<SP ID="P12_SP00393" HPOS="1080" VPOS="3565" WIDTH="51"/>
						<String ID="word000398" HPOS="1130" VPOS="3507" WIDTH="52" HEIGHT="40" CONTENT="of" WC="1.00" CC="00"/>
						<SP ID="P12_SP00394" HPOS="1182" VPOS="3565" WIDTH="47"/>
						<String ID="word000399" HPOS="1230" VPOS="3511" WIDTH="80" HEIGHT="50" CONTENT="any" WC="1.00" CC="000"/>
						<SP ID="P12_SP00395" HPOS="1310" VPOS="3565" WIDTH="51"/>
						<String ID="word000400" HPOS="1361" VPOS="3506" WIDTH="257" HEIGHT="54" CONTENT="discription." WC="0.97" CC="010010001000"/>
						<SP ID="P12_SP00396" HPOS="1618" VPOS="3565" WIDTH="0"/>
					</TextLine>
					<TextLine ID="P12_TL00049" HPOS="256" VPOS="3570" WIDTH="1365" HEIGHT="60">
						<String ID="word000401" HPOS="256" VPOS="3579" WIDTH="93" HEIGHT="41" CONTENT="The" WC="1.00" CC="000"/>
						<SP ID="P12_SP00397" HPOS="350" VPOS="3620" WIDTH="18"/>
						<String ID="word000402" HPOS="367" VPOS="3574" WIDTH="128" HEIGHT="48" CONTENT="mind," WC="0.98" CC="01000"/>
						<SP ID="P12_SP00398" HPOS="495" VPOS="3622" WIDTH="39"/>
						<String ID="word000403" HPOS="534" VPOS="3574" WIDTH="165" HEIGHT="41" CONTENT="relaxed" WC="0.82" CC="0041501"/>
						<SP ID="P12_SP00399" HPOS="699" VPOS="3622" WIDTH="24"/>
						<String ID="word000404" HPOS="723" VPOS="3570" WIDTH="50" HEIGHT="57" CONTENT="by" WC="1.00" CC="00"/>
						<SP ID="P12_SP00400" HPOS="772" VPOS="3627" WIDTH="21"/>
						<String ID="word000405" HPOS="794" VPOS="3587" WIDTH="25" HEIGHT="27" CONTENT="a" WC="1.00" CC="0"/>
						<SP ID="P12_SP00401" HPOS="819" VPOS="3627" WIDTH="20"/>
						<String ID="word000406" HPOS="839" VPOS="3574" WIDTH="287" HEIGHT="41" CONTENT="continuation" WC="1.00" CC="000000000000"/>
						<SP ID="P12_SP00402" HPOS="1126" VPOS="3627" WIDTH="30"/>
						<String ID="word000407" HPOS="1155" VPOS="3575" WIDTH="51" HEIGHT="40" CONTENT="of" WC="0.94" CC="10"/>
						<SP ID="P12_SP00403" HPOS="1206" VPOS="3627" WIDTH="25"/>
						<String ID="word000408" HPOS="1231" VPOS="3575" WIDTH="390" HEIGHT="54" CONTENT="disappointments," WC="0.99" CC="0010000000000010"/>
						<SP ID="P12_SP00404" HPOS="1620" VPOS="3630" WIDTH="0"/>
					</TextLine>
					<TextLine ID="P12_TL00050" HPOS="254" VPOS="3641" WIDTH="1367" HEIGHT="56">
						<String ID="word000409" HPOS="254" VPOS="3643" WIDTH="200" HEIGHT="54" CONTENT="instantly" WC="0.95" CC="110110000"/>
						<SP ID="P12_SP00405" HPOS="454" VPOS="3697" WIDTH="31"/>
						<String ID="word000410" HPOS="484" VPOS="3643" WIDTH="167" HEIGHT="40" CONTENT="collects" WC="0.88" CC="00210501"/>
						<SP ID="P12_SP00406" HPOS="651" VPOS="3697" WIDTH="28"/>
						<String ID="word000411" HPOS="679" VPOS="3641" WIDTH="123" HEIGHT="47" CONTENT="itself," WC="1.00" CC="0000000"/>
						<SP ID="P12_SP00407" HPOS="802" VPOS="3697" WIDTH="40"/>
						<String ID="word000412" HPOS="842" VPOS="3643" WIDTH="96" HEIGHT="44" CONTENT="and," WC="0.97" CC="0010"/>
						<SP ID="P12_SP00408" HPOS="938" VPOS="3697" WIDTH="39"/>
						<String ID="word000413" HPOS="977" VPOS="3656" WIDTH="43" HEIGHT="26" CONTENT="as" WC="1.00" CC="00"/>
						<SP ID="P12_SP00409" HPOS="1019" VPOS="3697" WIDTH="31"/>
						<String ID="word000414" HPOS="1050" VPOS="3643" WIDTH="35" HEIGHT="40" CONTENT="if" WC="1.00" CC="00"/>
						<SP ID="P12_SP00410" HPOS="1085" VPOS="3697" WIDTH="27"/>
						<String ID="word000415" HPOS="1113" VPOS="3643" WIDTH="195" HEIGHT="40" CONTENT="ashamed" WC="0.97" CC="0100100"/>
						<SP ID="P12_SP00411" HPOS="1307" VPOS="3697" WIDTH="17"/>
						<String ID="word000416" HPOS="1324" VPOS="3643" WIDTH="51" HEIGHT="39" CONTENT="of" WC="1.00" CC="00"/>
						<SP ID="P12_SP00412" HPOS="1375" VPOS="3697" WIDTH="14"/>
						<String ID="word000417" HPOS="1389" VPOS="3643" WIDTH="52" HEIGHT="40" CONTENT="its" WC="1.00" CC="000"/>
						<SP ID="P12_SP00413" HPOS="1441" VPOS="3697" WIDTH="19"/>
						<String ID="word000418" HPOS="1460" VPOS="3643" WIDTH="161" HEIGHT="43" CONTENT="former" WC="1.00" CC="000000"/>
						<SP ID="P12_SP00414" HPOS="1620" VPOS="3697" WIDTH="0"/>
					</TextLine>
					<TextLine ID="P12_TL00051" HPOS="253" VPOS="3709" WIDTH="1367" HEIGHT="58">
						<String ID="word000419" HPOS="253" VPOS="3712" WIDTH="312" HEIGHT="54" CONTENT="despondency," WC="0.96" CC="300000000001"/>
						<SP ID="P12_SP00415" HPOS="565" VPOS="3767" WIDTH="20"/>
						<String ID="word000420" HPOS="585" VPOS="3709" WIDTH="195" HEIGHT="56" CONTENT="displays," WC="0.99" CC="001000000"/>
						<SP ID="P12_SP00416" HPOS="780" VPOS="3767" WIDTH="20"/>
						<String ID="word000421" HPOS="800" VPOS="3710" WIDTH="78" HEIGHT="40" CONTENT="and" WC="1.00" CC="000"/>
						<SP ID="P12_SP00417" HPOS="878" VPOS="3767" WIDTH="17"/>
						<String ID="word000422" HPOS="894" VPOS="3709" WIDTH="100" HEIGHT="41" CONTENT="feels" WC="0.93" CC="01011"/>
						<SP ID="P12_SP00418" HPOS="994" VPOS="3767" WIDTH="28"/>
						<String ID="word000423" HPOS="1023" VPOS="3722" WIDTH="24" HEIGHT="27" CONTENT="a" WC="1.00" CC="0"/>
						<SP ID="P12_SP00419" HPOS="1046" VPOS="3767" WIDTH="21"/>
						<String ID="word000424" HPOS="1068" VPOS="3723" WIDTH="113" HEIGHT="27" CONTENT="more" WC="1.00" CC="0000"/>
						<SP ID="P12_SP00420" HPOS="1181" VPOS="3767" WIDTH="19"/>
						<String ID="word000425" HPOS="1200" VPOS="3710" WIDTH="100" HEIGHT="39" CONTENT="than" WC="0.92" CC="0003"/>
						<SP ID="P12_SP00421" HPOS="1300" VPOS="3767" WIDTH="18"/>
						<String ID="word000426" HPOS="1318" VPOS="3710" WIDTH="116" HEIGHT="41" CONTENT="usual" WC="0.98" CC="00100"/>
						<SP ID="P12_SP00422" HPOS="1434" VPOS="3767" WIDTH="15"/>
						<String ID="word000427" HPOS="1449" VPOS="3724" WIDTH="170" HEIGHT="43" CONTENT="energy." WC="0.86" CC="4050000"/>
						<SP ID="P12_SP00423" HPOS="1619" VPOS="3767" WIDTH="0"/>
					</TextLine>
					<TextLine ID="P12_TL00052" HPOS="256" VPOS="3777" WIDTH="1364" HEIGHT="57">
						<String ID="word000428" HPOS="256" VPOS="3782" WIDTH="217" HEIGHT="45" CONTENT="Previous," WC="0.97" CC="010100000"/>
						<SP ID="P12_SP00424" HPOS="474" VPOS="3827" WIDTH="21"/>
						<String ID="word000429" HPOS="495" VPOS="3780" WIDTH="209" HEIGHT="46" CONTENT="however," WC="1.00" CC="00000000"/>
						<SP ID="P12_SP00425" HPOS="704" VPOS="3827" WIDTH="21"/>
						<String ID="word000430" HPOS="725" VPOS="3784" WIDTH="43" HEIGHT="34" CONTENT="to" WC="1.00" CC="00"/>
						<SP ID="P12_SP00426" HPOS="768" VPOS="3827" WIDTH="17"/>
						<String ID="word000431" HPOS="784" VPOS="3778" WIDTH="72" HEIGHT="40" CONTENT="the" WC="0.96" CC="100"/>
						<SP ID="P12_SP00427" HPOS="856" VPOS="3827" WIDTH="20"/>
						<String ID="word000432" HPOS="876" VPOS="3778" WIDTH="150" HEIGHT="40" CONTENT="arrival" WC="0.98" CC="0001000"/>
						<SP ID="P12_SP00428" HPOS="1026" VPOS="3827" WIDTH="20"/>
						<String ID="word000433" HPOS="1046" VPOS="3777" WIDTH="51" HEIGHT="41" CONTENT="of" WC="1.00" CC="00"/>
						<SP ID="P12_SP00429" HPOS="1097" VPOS="3827" WIDTH="20"/>
						<String ID="word000434" HPOS="1117" VPOS="3778" WIDTH="79" HEIGHT="40" CONTENT="this" WC="0.97" CC="0010"/>
						<SP ID="P12_SP00430" HPOS="1196" VPOS="3827" WIDTH="15"/>
						<String ID="word000435" HPOS="1212" VPOS="3778" WIDTH="224" HEIGHT="54" CONTENT="pecuniary" WC="0.99" CC="100000000"/>
						<SP ID="P12_SP00431" HPOS="1436" VPOS="3833" WIDTH="19"/>
						<String ID="word000436" HPOS="1455" VPOS="3781" WIDTH="165" HEIGHT="53" CONTENT="supply," WC="0.98" CC="0010000"/>
						<SP ID="P12_SP00432" HPOS="1620" VPOS="3834" WIDTH="0"/>
					</TextLine>
					<TextLine ID="P12_TL00053" HPOS="257" VPOS="3846" WIDTH="1364" HEIGHT="58">
						<String ID="word000437" HPOS="257" VPOS="3862" WIDTH="210" HEIGHT="32" CONTENT="measures" WC="0.99" CC="00000001"/>
						<SP ID="P12_SP00433" HPOS="468" VPOS="3894" WIDTH="18"/>
						<String ID="word000438" HPOS="485" VPOS="3847" WIDTH="53" HEIGHT="41" CONTENT="of" WC="1.00" CC="00"/>
						<SP ID="P12_SP00434" HPOS="539" VPOS="3894" WIDTH="25"/>
						<String ID="word000439" HPOS="563" VPOS="3847" WIDTH="184" HEIGHT="44" CONTENT="caution," WC="0.99" CC="00010000"/>
						<SP ID="P12_SP00435" HPOS="748" VPOS="3894" WIDTH="25"/>
						<String ID="word000440" HPOS="772" VPOS="3860" WIDTH="46" HEIGHT="26" CONTENT="as" WC="1.00" CC="00"/>
						<SP ID="P12_SP00436" HPOS="819" VPOS="3894" WIDTH="31"/>
						<String ID="word000441" HPOS="849" VPOS="3846" WIDTH="90" HEIGHT="41" CONTENT="well" WC="1.00" CC="0000"/>
						<SP ID="P12_SP00437" HPOS="939" VPOS="3894" WIDTH="30"/>
						<String ID="word000442" HPOS="969" VPOS="3859" WIDTH="46" HEIGHT="26" CONTENT="as" WC="1.00" CC="00"/>
						<SP ID="P12_SP00438" HPOS="1015" VPOS="3894" WIDTH="18"/>
						<String ID="word000443" HPOS="1032" VPOS="3846" WIDTH="163" HEIGHT="53" CONTENT="vigour," WC="1.00" CC="0000000"/>
						<SP ID="P12_SP00439" HPOS="1195" VPOS="3899" WIDTH="33"/>
						<String ID="word000444" HPOS="1228" VPOS="3859" WIDTH="106" HEIGHT="28" CONTENT="were" WC="0.94" CC="1100"/>
						<SP ID="P12_SP00440" HPOS="1335" VPOS="3899" WIDTH="19"/>
						<String ID="word000445" HPOS="1354" VPOS="3848" WIDTH="267" HEIGHT="56" CONTENT="unceasingly" WC="0.99" CC="00000001000"/>
						<SP ID="P12_SP00441" HPOS="1620" VPOS="3904" WIDTH="0"/>
					</TextLine>
					<TextLine ID="P12_TL00054" HPOS="257" VPOS="3909" WIDTH="1364" HEIGHT="62">
						<String ID="word000446" HPOS="257" VPOS="3918" WIDTH="187" HEIGHT="44" CONTENT="resorted" WC="1.00" CC="00000000"/>
						<SP ID="P12_SP00442" HPOS="444" VPOS="3961" WIDTH="20"/>
						<String ID="word000447" HPOS="464" VPOS="3921" WIDTH="59" HEIGHT="34" CONTENT="to." WC="1.00" CC="000"/>
						<SP ID="P12_SP00443" HPOS="523" VPOS="3961" WIDTH="58"/>
						<String ID="word000448" HPOS="581" VPOS="3919" WIDTH="34" HEIGHT="37" CONTENT="A" WC="1.00" CC="0"/>
						<SP ID="P12_SP00444" HPOS="615" VPOS="3961" WIDTH="20"/>
						<String ID="word000449" HPOS="635" VPOS="3915" WIDTH="176" HEIGHT="40" CONTENT="number" WC="1.00" CC="000000"/>
						<SP ID="P12_SP00445" HPOS="811" VPOS="3961" WIDTH="19"/>
						<String ID="word000450" HPOS="830" VPOS="3913" WIDTH="51" HEIGHT="40" CONTENT="of" WC="1.00" CC="00"/>
						<SP ID="P12_SP00446" HPOS="881" VPOS="3961" WIDTH="19"/>
						<String ID="word000451" HPOS="900" VPOS="3909" WIDTH="180" HEIGHT="57" CONTENT="persons," WC="0.99" CC="00010000"/>
						<SP ID="P12_SP00447" HPOS="1080" VPOS="3966" WIDTH="21"/>
						<String ID="word000452" HPOS="1101" VPOS="3914" WIDTH="211" HEIGHT="53" CONTENT="suspected" WC="1.00" CC="000000000"/>
						<SP ID="P12_SP00448" HPOS="1312" VPOS="3967" WIDTH="20"/>
						<String ID="word000453" HPOS="1332" VPOS="3914" WIDTH="51" HEIGHT="41" CONTENT="of" WC="1.00" CC="00"/>
						<SP ID="P12_SP00449" HPOS="1383" VPOS="3967" WIDTH="11"/>
						<String ID="word000454" HPOS="1394" VPOS="3914" WIDTH="227" HEIGHT="57" CONTENT="favouring" WC="1.00" CC="000000000"/>
						<SP ID="P12_SP00450" HPOS="1620" VPOS="3971" WIDTH="0"/>
					</TextLine>
					<TextLine ID="P12_TL00055" HPOS="252" VPOS="3980" WIDTH="1369" HEIGHT="57">
						<String ID="word000455" HPOS="252" VPOS="3987" WIDTH="80" HEIGHT="40" CONTENT="the" WC="1.00" CC="000"/>
						<SP ID="P12_SP00451" HPOS="332" VPOS="4028" WIDTH="17"/>
						<String ID="word000456" HPOS="348" VPOS="3984" WIDTH="163" HEIGHT="53" CONTENT="designs" WC="0.95" CC="0010200"/>
						<SP ID="P12_SP00452" HPOS="511" VPOS="4037" WIDTH="20"/>
						<String ID="word000457" HPOS="531" VPOS="3983" WIDTH="51" HEIGHT="40" CONTENT="of" WC="1.00" CC="00"/>
						<SP ID="P12_SP00453" HPOS="582" VPOS="4037" WIDTH="21"/>
						<String ID="word000458" HPOS="604" VPOS="3983" WIDTH="70" HEIGHT="39" CONTENT="the" WC="0.85" CC="310"/>
						<SP ID="P12_SP00454" HPOS="673" VPOS="4037" WIDTH="20"/>
						<String ID="word000459" HPOS="693" VPOS="3994" WIDTH="163" HEIGHT="35" CONTENT="enemy," WC="1.00" CC="000000"/>
						<SP ID="P12_SP00455" HPOS="856" VPOS="4037" WIDTH="21"/>
						<String ID="word000460" HPOS="878" VPOS="3981" WIDTH="78" HEIGHT="40" CONTENT="and" WC="0.96" CC="010"/>
						<SP ID="P12_SP00456" HPOS="956" VPOS="4037" WIDTH="20"/>
						<String ID="word000461" HPOS="976" VPOS="3981" WIDTH="48" HEIGHT="52" CONTENT="of" WC="0.94" CC="10"/>
						<SP ID="P12_SP00457" HPOS="1024" VPOS="4037" WIDTH="18"/>
						<String ID="word000462" HPOS="1042" VPOS="3980" WIDTH="276" HEIGHT="54" CONTENT="maintaining" WC="1.00" CC="00000000000"/>
						<SP ID="P12_SP00458" HPOS="1318" VPOS="4037" WIDTH="19"/>
						<String ID="word000463" HPOS="1337" VPOS="3994" WIDTH="26" HEIGHT="26" CONTENT="a" WC="1.00" CC="0"/>
						<SP ID="P12_SP00459" HPOS="1363" VPOS="4037" WIDTH="17"/>
						<String ID="word000464" HPOS="1380" VPOS="3989" WIDTH="132" HEIGHT="35" CONTENT="secret" WC="0.94" CC="000003"/>
						<SP ID="P12_SP00460" HPOS="1512" VPOS="4037" WIDTH="19"/>
						<String ID="word000465" HPOS="1531" VPOS="3997" WIDTH="67" HEIGHT="27" CONTENT="cor" SUBS_TYPE="HypPart1" SUBS_CONTENT="correspondence" WC="1.00" CC="000"/>
						<HYP HPOS="1598" VPOS="3997" WIDTH="22" CONTENT="-"/>
					</TextLine>
					<TextLine ID="P12_TL00056" HPOS="255" VPOS="4049" WIDTH="1365" HEIGHT="61">
						<String ID="word000466" HPOS="255" VPOS="4054" WIDTH="282" HEIGHT="56" CONTENT="respondence" SUBS_TYPE="HypPart2" SUBS_CONTENT="correspondence" WC="0.97" CC="00101010000"/>
						<SP ID="P12_SP00461" HPOS="537" VPOS="4109" WIDTH="27"/>
						<String ID="word000467" HPOS="565" VPOS="4051" WIDTH="98" HEIGHT="41" CONTENT="with" WC="0.97" CC="0100"/>
						<SP ID="P12_SP00462" HPOS="663" VPOS="4109" WIDTH="20"/>
						<String ID="word000468" HPOS="683" VPOS="4054" WIDTH="175" HEIGHT="43" CONTENT="MoaLs," WC="0.61" CC="333453"/>
						<SP ID="P12_SP00463" HPOS="857" VPOS="4109" WIDTH="24"/>
						<String ID="word000469" HPOS="881" VPOS="4063" WIDTH="105" HEIGHT="27" CONTENT="were" WC="1.00" CC="0000"/>
						<SP ID="P12_SP00464" HPOS="986" VPOS="4109" WIDTH="28"/>
						<String ID="word000470" HPOS="1015" VPOS="4049" WIDTH="178" HEIGHT="43" CONTENT="arrested" WC="0.93" CC="00000032"/>
						<SP ID="P12_SP00465" HPOS="1193" VPOS="4109" WIDTH="17"/>
						<String ID="word000471" HPOS="1209" VPOS="4067" WIDTH="13" HEIGHT="30" CONTENT=";" WC="0.78" CC="2"/>
						<SP ID="P12_SP00466" HPOS="1222" VPOS="4109" WIDTH="33"/>
						<String ID="word000472" HPOS="1256" VPOS="4050" WIDTH="78" HEIGHT="40" CONTENT="and" WC="1.00" CC="000"/>
						<SP ID="P12_SP00467" HPOS="1333" VPOS="4109" WIDTH="39"/>
						<String ID="word000473" HPOS="1372" VPOS="4050" WIDTH="70" HEIGHT="41" CONTENT="the" WC="1.00" CC="000"/>
						<SP ID="P12_SP00468" HPOS="1442" VPOS="4109" WIDTH="21"/>
						<String ID="word000474" HPOS="1463" VPOS="4052" WIDTH="157" HEIGHT="40" CONTENT="French" WC="1.00" CC="000000"/>
						<SP ID="P12_SP00469" HPOS="1620" VPOS="4109" WIDTH="0"/>
					</TextLine>
					<TextLine ID="P12_TL00057" HPOS="254" VPOS="4117" WIDTH="1310" HEIGHT="62">
						<String ID="word000475" HPOS="254" VPOS="4123" WIDTH="208" HEIGHT="56" CONTENT="prisoners" WC="0.96" CC="000200010"/>
						<SP ID="P12_SP00470" HPOS="462" VPOS="4179" WIDTH="20"/>
						<String ID="word000476" HPOS="482" VPOS="4134" WIDTH="111" HEIGHT="27" CONTENT="were" WC="0.97" CC="0100"/>
						<SP ID="P12_SP00471" HPOS="593" VPOS="4179" WIDTH="19"/>
						<String ID="word000477" HPOS="612" VPOS="4126" WIDTH="45" HEIGHT="34" CONTENT="to" WC="0.94" CC="01"/>
						<SP ID="P12_SP00472" HPOS="657" VPOS="4179" WIDTH="21"/>
						<String ID="word000478" HPOS="678" VPOS="4120" WIDTH="51" HEIGHT="40" CONTENT="be" WC="0.94" CC="01"/>
						<SP ID="P12_SP00473" HPOS="729" VPOS="4179" WIDTH="21"/>
						<String ID="word000479" HPOS="750" VPOS="4117" WIDTH="259" HEIGHT="53" CONTENT="transported" WC="0.97" CC="00003000000"/>
						<SP ID="P12_SP00474" HPOS="1009" VPOS="4179" WIDTH="20"/>
						<String ID="word000480" HPOS="1029" VPOS="4123" WIDTH="45" HEIGHT="34" CONTENT="to" WC="1.00" CC="00"/>
						<SP ID="P12_SP00475" HPOS="1074" VPOS="4179" WIDTH="28"/>
						<String ID="word000481" HPOS="1102" VPOS="4119" WIDTH="72" HEIGHT="39" CONTENT="the" WC="1.00" CC="000"/>
						<SP ID="P12_SP00476" HPOS="1174" VPOS="4179" WIDTH="14"/>
						<String ID="word000482" HPOS="1188" VPOS="4117" WIDTH="188" HEIGHT="41" CONTENT="Balearic" WC="0.97" CC="01100000"/>
						<SP ID="P12_SP00477" HPOS="1376" VPOS="4179" WIDTH="19"/>
						<String ID="word000483" HPOS="1395" VPOS="4119" WIDTH="169" HEIGHT="44" CONTENT="Islands." WC="0.93" CC="11200010"/>
						<SP ID="P12_SP00478" HPOS="1564" VPOS="4179" WIDTH="0"/>
					</TextLine>
					<TextLine ID="P12_TL00058" HPOS="314" VPOS="4183" WIDTH="1306" HEIGHT="60">
						<String ID="word000484" HPOS="314" VPOS="4188" WIDTH="138" HEIGHT="44" CONTENT="Under" WC="0.98" CC="10000"/>
						<SP ID="P12_SP00479" HPOS="452" VPOS="4232" WIDTH="31"/>
						<String ID="word000485" HPOS="483" VPOS="4188" WIDTH="115" HEIGHT="41" CONTENT="tliehe" WC="0.41" CC="348773"/>
						<SP ID="P12_SP00480" HPOS="598" VPOS="4232" WIDTH="33"/>
						<String ID="word000486" HPOS="631" VPOS="4185" WIDTH="247" HEIGHT="43" CONTENT="favouruble" WC="0.44" CC="3553378376"/>
						<SP ID="P12_SP00481" HPOS="878" VPOS="4232" WIDTH="37"/>
						<String ID="word000487" HPOS="914" VPOS="4196" WIDTH="289" HEIGHT="43" CONTENT="appearances," WC="0.98" CC="000000010100"/>
						<SP ID="P12_SP00482" HPOS="1204" VPOS="4239" WIDTH="32"/>
						<String ID="word000488" HPOS="1235" VPOS="4186" WIDTH="33" HEIGHT="41" CONTENT="it" WC="1.00" CC="00"/>
						<SP ID="P12_SP00483" HPOS="1269" VPOS="4239" WIDTH="20"/>
						<String ID="word000489" HPOS="1289" VPOS="4183" WIDTH="78" HEIGHT="44" CONTENT="will" WC="1.00" CC="0000"/>
						<SP ID="P12_SP00484" HPOS="1367" VPOS="4239" WIDTH="20"/>
						<String ID="word000490" HPOS="1387" VPOS="4186" WIDTH="52" HEIGHT="44" CONTENT="be" WC="1.00" CC="00"/>
						<SP ID="P12_SP00485" HPOS="1439" VPOS="4239" WIDTH="30"/>
						<String ID="word000491" HPOS="1468" VPOS="4201" WIDTH="25" HEIGHT="28" CONTENT="a" WC="1.00" CC="0"/>
						<SP ID="P12_SP00486" HPOS="1493" VPOS="4239" WIDTH="17"/>
						<String ID="word000492" HPOS="1509" VPOS="4187" WIDTH="111" HEIGHT="56" CONTENT="plea-" WC="0.73" CC="14025"/>
					</TextLine>
				</TextBlock>
				<TextBlock ID="pa0012008" HPOS="2756" VPOS="84" WIDTH="268" HEIGHT="53" STYLEREFS="TXT_0 PAR_RIGHT">
					<TextLine ID="P12_TL00059" HPOS="2756" VPOS="85" WIDTH="268" HEIGHT="52">
						<String ID="word000493" HPOS="2756" VPOS="86" WIDTH="158" HEIGHT="51" CONTENT="FEB." WC="0.72" CC="1045"/>
						<SP ID="P12_SP00487" HPOS="2914" VPOS="137" WIDTH="33"/>
						<String ID="word000494" HPOS="2947" VPOS="85" WIDTH="77" HEIGHT="50" CONTENT="lg." WC="0.48" CC="383"/>
						<SP ID="P12_SP00488" HPOS="3024" VPOS="137" WIDTH="0"/>
					</TextLine>
				</TextBlock>
				<TextBlock ID="pa0012009" HPOS="1672" VPOS="226" WIDTH="1356" HEIGHT="593" STYLEREFS="TXT_0 PAR_BLOCK">
					<TextLine ID="P12_TL00060" HPOS="1672" VPOS="227" WIDTH="1354" HEIGHT="59">
						<String ID="word000495" HPOS="1672" VPOS="247" WIDTH="92" HEIGHT="30" CONTENT="sure" WC="0.92" CC="2001"/>
						<SP ID="P12_SP00489" HPOS="1765" VPOS="276" WIDTH="17"/>
						<String ID="word000496" HPOS="1781" VPOS="240" WIDTH="41" HEIGHT="33" CONTENT="to" WC="1.00" CC="00"/>
						<SP ID="P12_SP00490" HPOS="1822" VPOS="276" WIDTH="17"/>
						<String ID="word000497" HPOS="1839" VPOS="234" WIDTH="141" HEIGHT="46" CONTENT="know," WC="1.00" CC="00000"/>
						<SP ID="P12_SP00491" HPOS="1980" VPOS="280" WIDTH="31"/>
						<String ID="word000498" HPOS="2010" VPOS="235" WIDTH="91" HEIGHT="43" CONTENT="that" WC="0.97" CC="0100"/>
						<SP ID="P12_SP00492" HPOS="2101" VPOS="280" WIDTH="15"/>
						<String ID="word000499" HPOS="2117" VPOS="239" WIDTH="80" HEIGHT="35" CONTENT="two" WC="1.00" CC="000"/>
						<SP ID="P12_SP00493" HPOS="2197" VPOS="280" WIDTH="22"/>
						<String ID="word000500" HPOS="2219" VPOS="231" WIDTH="281" HEIGHT="54" CONTENT="Expeditions," WC="0.98" CC="000000001001"/>
						<SP ID="P12_SP00494" HPOS="2500" VPOS="286" WIDTH="27"/>
						<String ID="word000501" HPOS="2528" VPOS="229" WIDTH="223" HEIGHT="53" CONTENT="consisting" WC="0.98" CC="0000100001"/>
						<SP ID="P12_SP00495" HPOS="2751" VPOS="286" WIDTH="20"/>
						<String ID="word000502" HPOS="2771" VPOS="227" WIDTH="50" HEIGHT="43" CONTENT="of" WC="1.00" CC="00"/>
						<SP ID="P12_SP00496" HPOS="2820" VPOS="286" WIDTH="30"/>
						<String ID="word000503" HPOS="2850" VPOS="231" WIDTH="46" HEIGHT="35" CONTENT="12" WC="0.94" CC="10"/>
						<SP ID="P12_SP00497" HPOS="2896" VPOS="286" WIDTH="22"/>
						<String ID="word000504" HPOS="2919" VPOS="228" WIDTH="86" HEIGHT="53" CONTENT="regi" SUBS_TYPE="HypPart1" SUBS_CONTENT="regiments," WC="1.00" CC="0000"/>
						<HYP HPOS="3005" VPOS="228" WIDTH="21" CONTENT="-"/>
					</TextLine>
					<TextLine ID="P12_TL00061" HPOS="1677" VPOS="294" WIDTH="1349" HEIGHT="62">
						<String ID="word000505" HPOS="1677" VPOS="307" WIDTH="144" HEIGHT="41" CONTENT="ments," SUBS_TYPE="HypPart2" SUBS_CONTENT="regiments," WC="0.93" CC="310000"/>
						<SP ID="P12_SP00498" HPOS="1821" VPOS="348" WIDTH="31"/>
						<String ID="word000506" HPOS="1852" VPOS="314" WIDTH="69" HEIGHT="28" CONTENT="are" WC="0.96" CC="100"/>
						<SP ID="P12_SP00499" HPOS="1920" VPOS="348" WIDTH="19"/>
						<String ID="word000507" HPOS="1939" VPOS="302" WIDTH="40" HEIGHT="39" CONTENT="in" WC="0.94" CC="10"/>
						<SP ID="P12_SP00500" HPOS="1980" VPOS="348" WIDTH="32"/>
						<String ID="word000508" HPOS="2011" VPOS="314" WIDTH="25" HEIGHT="26" CONTENT="a" WC="1.00" CC="0"/>
						<SP ID="P12_SP00501" HPOS="2036" VPOS="348" WIDTH="18"/>
						<String ID="word000509" HPOS="2054" VPOS="305" WIDTH="118" HEIGHT="51" CONTENT="great" WC="1.00" CC="00000"/>
						<SP ID="P12_SP00502" HPOS="2172" VPOS="356" WIDTH="18"/>
						<String ID="word000510" HPOS="2190" VPOS="305" WIDTH="104" HEIGHT="35" CONTENT="state" WC="0.98" CC="00100"/>
						<SP ID="P12_SP00503" HPOS="2294" VPOS="356" WIDTH="19"/>
						<String ID="word000511" HPOS="2313" VPOS="299" WIDTH="51" HEIGHT="40" CONTENT="of" WC="1.00" CC="00"/>
						<SP ID="P12_SP00504" HPOS="2363" VPOS="356" WIDTH="22"/>
						<String ID="word000512" HPOS="2386" VPOS="298" WIDTH="285" HEIGHT="48" CONTENT="forwardness," WC="0.98" CC="000000001010"/>
						<SP ID="P12_SP00505" HPOS="2670" VPOS="356" WIDTH="28"/>
						<String ID="word000513" HPOS="2699" VPOS="294" WIDTH="209" HEIGHT="57" CONTENT="generally" WC="0.86" CC="010500410"/>
						<SP ID="P12_SP00506" HPOS="2908" VPOS="356" WIDTH="21"/>
						<String ID="word000514" HPOS="2929" VPOS="307" WIDTH="73" HEIGHT="40" CONTENT="sup" SUBS_TYPE="HypPart1" SUBS_CONTENT="supposed" WC="1.00" CC="000"/>
						<HYP HPOS="3002" VPOS="307" WIDTH="24" CONTENT="-"/>
					</TextLine>
					<TextLine ID="P12_TL00062" HPOS="1677" VPOS="361" WIDTH="1349" HEIGHT="61">
						<String ID="word000515" HPOS="1677" VPOS="369" WIDTH="123" HEIGHT="53" CONTENT="posed" SUBS_TYPE="HypPart2" SUBS_CONTENT="supposed" WC="1.00" CC="00000"/>
						<SP ID="P12_SP00507" HPOS="1800" VPOS="422" WIDTH="18"/>
						<String ID="word000516" HPOS="1818" VPOS="369" WIDTH="65" HEIGHT="39" CONTENT="for" WC="1.00" CC="000"/>
						<SP ID="P12_SP00508" HPOS="1883" VPOS="422" WIDTH="19"/>
						<String ID="word000517" HPOS="1902" VPOS="369" WIDTH="92" HEIGHT="40" CONTENT="that" WC="1.00" CC="0000"/>
						<SP ID="P12_SP00509" HPOS="1994" VPOS="422" WIDTH="18"/>
						<String ID="word000518" HPOS="2011" VPOS="366" WIDTH="260" HEIGHT="43" CONTENT="destination." WC="1.00" CC="000000000000"/>
						<SP ID="P12_SP00510" HPOS="2271" VPOS="422" WIDTH="54"/>
						<String ID="word000519" HPOS="2326" VPOS="361" WIDTH="70" HEIGHT="45" CONTENT="Tbe" WC="0.62" CC="333"/>
						<String ID="word000520" HPOS="2395" VPOS="361" WIDTH="24" HEIGHT="45" CONTENT="." STYLE="superscript" WC="0.62" CC="8"/>
						<String ID="word000521" HPOS="2419" VPOS="361" WIDTH="165" HEIGHT="45" CONTENT="British" WC="0.62" CC="3333333"/>
						<SP ID="P12_SP00511" HPOS="2584" VPOS="422" WIDTH="20"/>
						<String ID="word000522" HPOS="2604" VPOS="364" WIDTH="117" HEIGHT="41" CONTENT="force" WC="0.91" CC="00022"/>
						<SP ID="P12_SP00512" HPOS="2721" VPOS="422" WIDTH="20"/>
						<String ID="word000523" HPOS="2741" VPOS="363" WIDTH="40" HEIGHT="40" CONTENT="in" WC="0.94" CC="10"/>
						<SP ID="P12_SP00513" HPOS="2781" VPOS="422" WIDTH="26"/>
						<String ID="word000524" HPOS="2807" VPOS="361" WIDTH="219" HEIGHT="53" CONTENT="Portugal," WC="0.96" CC="000010011"/>
						<SP ID="P12_SP00514" HPOS="3026" VPOS="422" WIDTH="0"/>
					</TextLine>
					<TextLine ID="P12_TL00063" HPOS="1680" VPOS="429" WIDTH="1348" HEIGHT="57">
						<String ID="word000525" HPOS="1680" VPOS="435" WIDTH="124" HEIGHT="40" CONTENT="under" WC="0.98" CC="00010"/>
						<SP ID="P12_SP00515" HPOS="1804" VPOS="475" WIDTH="20"/>
						<String ID="word000526" HPOS="1824" VPOS="435" WIDTH="59" HEIGHT="39" CONTENT="Sir" WC="1.00" CC="000"/>
						<SP ID="P12_SP00516" HPOS="1883" VPOS="475" WIDTH="19"/>
						<String ID="word000527" HPOS="1902" VPOS="436" WIDTH="117" HEIGHT="39" CONTENT="JOHN" WC="0.86" CC="0041"/>
						<SP ID="P12_SP00517" HPOS="2019" VPOS="475" WIDTH="37"/>
						<String ID="word000528" HPOS="2055" VPOS="436" WIDTH="253" HEIGHT="41" CONTENT="CKADDOCK," WC="0.86" CC="052000013"/>
						<SP ID="P12_SP00518" HPOS="2308" VPOS="477" WIDTH="31"/>
						<String ID="word000529" HPOS="2339" VPOS="430" WIDTH="35" HEIGHT="41" CONTENT="if" WC="1.00" CC="00"/>
						<SP ID="P12_SP00519" HPOS="2374" VPOS="477" WIDTH="22"/>
						<String ID="word000530" HPOS="2396" VPOS="430" WIDTH="216" HEIGHT="56" CONTENT="incapable" WC="0.94" CC="030001100"/>
						<SP ID="P12_SP00520" HPOS="2613" VPOS="485" WIDTH="25"/>
						<String ID="word000531" HPOS="2637" VPOS="429" WIDTH="52" HEIGHT="41" CONTENT="of" WC="1.00" CC="00"/>
						<SP ID="P12_SP00521" HPOS="2689" VPOS="485" WIDTH="22"/>
						<String ID="word000532" HPOS="2712" VPOS="429" WIDTH="272" HEIGHT="51" CONTENT="maintaining" WC="0.85" CC="40100013330"/>
						<SP ID="P12_SP00522" HPOS="2983" VPOS="485" WIDTH="20"/>
						<String ID="word000533" HPOS="3004" VPOS="441" WIDTH="24" HEIGHT="26" CONTENT="a" WC="1.00" CC="0"/>
						<SP ID="P12_SP00523" HPOS="3027" VPOS="485" WIDTH="0"/>
					</TextLine>
					<TextLine ID="P12_TL00064" HPOS="1677" VPOS="489" WIDTH="1349" HEIGHT="60">
						<String ID="word000534" HPOS="1677" VPOS="497" WIDTH="163" HEIGHT="51" CONTENT="footing" WC="1.00" CC="0000000"/>
						<SP ID="P12_SP00524" HPOS="1840" VPOS="548" WIDTH="20"/>
						<String ID="word000535" HPOS="1860" VPOS="496" WIDTH="39" HEIGHT="39" CONTENT="in" WC="1.00" CC="00"/>
						<SP ID="P12_SP00525" HPOS="1899" VPOS="548" WIDTH="19"/>
						<String ID="word000536" HPOS="1918" VPOS="497" WIDTH="93" HEIGHT="39" CONTENT="that" WC="1.00" CC="0000"/>
						<SP ID="P12_SP00526" HPOS="2011" VPOS="548" WIDTH="15"/>
						<String ID="word000537" HPOS="2027" VPOS="501" WIDTH="194" HEIGHT="48" CONTENT="country," WC="1.00" CC="00000000"/>
						<SP ID="P12_SP00527" HPOS="2220" VPOS="549" WIDTH="30"/>
						<String ID="word000538" HPOS="2250" VPOS="495" WIDTH="70" HEIGHT="40" CONTENT="has" WC="0.89" CC="003"/>
						<SP ID="P12_SP00528" HPOS="2320" VPOS="549" WIDTH="33"/>
						<String ID="word000539" HPOS="2353" VPOS="493" WIDTH="188" HEIGHT="41" CONTENT="received" WC="0.99" CC="00010000"/>
						<SP ID="P12_SP00529" HPOS="2541" VPOS="549" WIDTH="15"/>
						<String ID="word000540" HPOS="2556" VPOS="489" WIDTH="155" HEIGHT="50" CONTENT="orders," WC="1.00" CC="0000000"/>
						<SP ID="P12_SP00530" HPOS="2711" VPOS="549" WIDTH="32"/>
						<String ID="word000541" HPOS="2743" VPOS="493" WIDTH="33" HEIGHT="39" CONTENT="it" WC="1.00" CC="00"/>
						<SP ID="P12_SP00531" HPOS="2776" VPOS="549" WIDTH="18"/>
						<String ID="word000542" HPOS="2793" VPOS="493" WIDTH="31" HEIGHT="39" CONTENT="is" WC="1.00" CC="00"/>
						<SP ID="P12_SP00532" HPOS="2824" VPOS="549" WIDTH="25"/>
						<String ID="word000543" HPOS="2849" VPOS="490" WIDTH="103" HEIGHT="47" CONTENT="said," WC="0.98" CC="01000"/>
						<SP ID="P12_SP00533" HPOS="2952" VPOS="549" WIDTH="28"/>
						<String ID="word000544" HPOS="2980" VPOS="495" WIDTH="46" HEIGHT="34" CONTENT="to" WC="1.00" CC="00"/>
						<SP ID="P12_SP00534" HPOS="3026" VPOS="549" WIDTH="0"/>
					</TextLine>
					<TextLine ID="P12_TL00065" HPOS="1676" VPOS="561" WIDTH="1349" HEIGHT="58">
						<String ID="word000545" HPOS="1676" VPOS="565" WIDTH="176" HEIGHT="54" CONTENT="proceed" WC="1.00" CC="0000000"/>
						<SP ID="P12_SP00535" HPOS="1852" VPOS="619" WIDTH="28"/>
						<String ID="word000546" HPOS="1880" VPOS="562" WIDTH="170" HEIGHT="54" CONTENT="directly" WC="1.00" CC="00000000"/>
						<SP ID="P12_SP00536" HPOS="2050" VPOS="619" WIDTH="31"/>
						<String ID="word000547" HPOS="2081" VPOS="569" WIDTH="47" HEIGHT="34" CONTENT="to" WC="1.00" CC="00"/>
						<SP ID="P12_SP00537" HPOS="2128" VPOS="619" WIDTH="31"/>
						<String ID="word000548" HPOS="2159" VPOS="563" WIDTH="139" HEIGHT="43" CONTENT="Cadiz." WC="0.94" CC="001110"/>
						<SP ID="P12_SP00538" HPOS="2298" VPOS="619" WIDTH="58"/>
						<String ID="word000549" HPOS="2356" VPOS="561" WIDTH="177" HEIGHT="43" CONTENT="General" WC="0.97" CC="0200000"/>
						<SP ID="P12_SP00539" HPOS="2533" VPOS="619" WIDTH="21"/>
						<String ID="word000550" HPOS="2555" VPOS="562" WIDTH="326" HEIGHT="40" CONTENT="SHERBROOKE'S" WC="0.60" CC="141444665116"/>
						<SP ID="P12_SP00540" HPOS="2881" VPOS="619" WIDTH="20"/>
						<String ID="word000551" HPOS="2901" VPOS="570" WIDTH="99" HEIGHT="40" CONTENT="expe" SUBS_TYPE="HypPart1" SUBS_CONTENT="expedition" WC="0.95" CC="0010"/>
						<HYP HPOS="3000" VPOS="570" WIDTH="25" CONTENT="-"/>
					</TextLine>
					<TextLine ID="P12_TL00066" HPOS="1677" VPOS="626" WIDTH="1351" HEIGHT="56">
						<String ID="word000552" HPOS="1677" VPOS="633" WIDTH="130" HEIGHT="40" CONTENT="dition" SUBS_TYPE="HypPart2" SUBS_CONTENT="expedition" WC="1.00" CC="000000"/>
						<SP ID="P12_SP00541" HPOS="1807" VPOS="673" WIDTH="21"/>
						<String ID="word000553" HPOS="1828" VPOS="645" WIDTH="79" HEIGHT="27" CONTENT="was" WC="1.00" CC="000"/>
						<SP ID="P12_SP00542" HPOS="1907" VPOS="673" WIDTH="18"/>
						<String ID="word000554" HPOS="1925" VPOS="631" WIDTH="200" HEIGHT="46" CONTENT="destined," WC="0.97" CC="100100000"/>
						<SP ID="P12_SP00543" HPOS="2125" VPOS="677" WIDTH="21"/>
						<String ID="word000555" HPOS="2146" VPOS="644" WIDTH="59" HEIGHT="27" CONTENT="we" WC="0.89" CC="11"/>
						<SP ID="P12_SP00544" HPOS="2205" VPOS="677" WIDTH="19"/>
						<String ID="word000556" HPOS="2224" VPOS="631" WIDTH="172" HEIGHT="46" CONTENT="believe," WC="0.96" CC="01011000"/>
						<SP ID="P12_SP00545" HPOS="2396" VPOS="677" WIDTH="30"/>
						<String ID="word000557" HPOS="2426" VPOS="630" WIDTH="67" HEIGHT="40" CONTENT="for" WC="0.96" CC="010"/>
						<SP ID="P12_SP00546" HPOS="2493" VPOS="677" WIDTH="33"/>
						<String ID="word000558" HPOS="2526" VPOS="630" WIDTH="71" HEIGHT="39" CONTENT="the" WC="0.96" CC="001"/>
						<SP ID="P12_SP00547" HPOS="2597" VPOS="677" WIDTH="19"/>
						<String ID="word000559" HPOS="2616" VPOS="643" WIDTH="113" HEIGHT="26" CONTENT="same" WC="1.00" CC="0000"/>
						<SP ID="P12_SP00548" HPOS="2730" VPOS="677" WIDTH="20"/>
						<String ID="word000560" HPOS="2750" VPOS="627" WIDTH="130" HEIGHT="54" CONTENT="place." WC="0.94" CC="111000"/>
						<SP ID="P12_SP00549" HPOS="2880" VPOS="681" WIDTH="59"/>
						<String ID="word000561" HPOS="2939" VPOS="626" WIDTH="89" HEIGHT="39" CONTENT="The" WC="0.96" CC="001"/>
						<SP ID="P12_SP00550" HPOS="3027" VPOS="681" WIDTH="0"/>
					</TextLine>
					<TextLine ID="P12_TL00067" HPOS="1678" VPOS="692" WIDTH="1349" HEIGHT="61">
						<String ID="word000562" HPOS="1678" VPOS="699" WIDTH="94" HEIGHT="41" CONTENT="fleet" WC="1.00" CC="00000"/>
						<SP ID="P12_SP00551" HPOS="1773" VPOS="741" WIDTH="18"/>
						<String ID="word000563" HPOS="1791" VPOS="698" WIDTH="50" HEIGHT="41" CONTENT="of" WC="1.00" CC="00"/>
						<SP ID="P12_SP00552" HPOS="1840" VPOS="741" WIDTH="21"/>
						<String ID="word000564" HPOS="1861" VPOS="703" WIDTH="229" HEIGHT="50" CONTENT="transports" WC="1.00" CC="0000000000"/>
						<SP ID="P12_SP00553" HPOS="2091" VPOS="752" WIDTH="33"/>
						<String ID="word000565" HPOS="2124" VPOS="697" WIDTH="130" HEIGHT="41" CONTENT="which" WC="1.00" CC="00000"/>
						<SP ID="P12_SP00554" HPOS="2254" VPOS="752" WIDTH="31"/>
						<String ID="word000566" HPOS="2284" VPOS="697" WIDTH="78" HEIGHT="40" CONTENT="had" WC="1.00" CC="000"/>
						<SP ID="P12_SP00555" HPOS="2362" VPOS="752" WIDTH="21"/>
						<String ID="word000567" HPOS="2383" VPOS="696" WIDTH="106" HEIGHT="41" CONTENT="been" WC="1.00" CC="0000"/>
						<SP ID="P12_SP00556" HPOS="2490" VPOS="752" WIDTH="37"/>
						<String ID="word000568" HPOS="2526" VPOS="696" WIDTH="221" HEIGHT="53" CONTENT="dispersed," WC="0.98" CC="0101000000"/>
						<SP ID="P12_SP00557" HPOS="2747" VPOS="752" WIDTH="28"/>
						<String ID="word000569" HPOS="2776" VPOS="693" WIDTH="150" HEIGHT="53" CONTENT="during" WC="0.96" CC="020000"/>
						<SP ID="P12_SP00558" HPOS="2926" VPOS="752" WIDTH="32"/>
						<String ID="word000570" HPOS="2957" VPOS="692" WIDTH="70" HEIGHT="40" CONTENT="the" WC="1.00" CC="000"/>
						<SP ID="P12_SP00559" HPOS="3027" VPOS="752" WIDTH="0"/>
					</TextLine>
					<TextLine ID="P12_TL00068" HPOS="1678" VPOS="761" WIDTH="1349" HEIGHT="58">
						<String ID="word000571" HPOS="1678" VPOS="767" WIDTH="83" HEIGHT="40" CONTENT="late" WC="1.00" CC="0000"/>
						<SP ID="P12_SP00560" HPOS="1761" VPOS="807" WIDTH="19"/>
						<String ID="word000572" HPOS="1780" VPOS="767" WIDTH="155" HEIGHT="40" CONTENT="violent" WC="1.00" CC="0000000"/>
						<SP ID="P12_SP00561" HPOS="1935" VPOS="807" WIDTH="31"/>
						<String ID="word000573" HPOS="1965" VPOS="765" WIDTH="129" HEIGHT="53" CONTENT="gales," WC="1.00" CC="000000"/>
						<SP ID="P12_SP00562" HPOS="2094" VPOS="819" WIDTH="28"/>
						<String ID="word000574" HPOS="2122" VPOS="765" WIDTH="106" HEIGHT="40" CONTENT="have" WC="0.89" CC="3010"/>
						<SP ID="P12_SP00563" HPOS="2229" VPOS="819" WIDTH="37"/>
						<String ID="word000575" HPOS="2265" VPOS="764" WIDTH="52" HEIGHT="41" CONTENT="all" WC="0.93" CC="101"/>
						<SP ID="P12_SP00564" HPOS="2317" VPOS="819" WIDTH="33"/>
						<String ID="word000576" HPOS="2350" VPOS="764" WIDTH="126" HEIGHT="54" CONTENT="safely" WC="1.00" CC="000000"/>
						<SP ID="P12_SP00565" HPOS="2477" VPOS="819" WIDTH="35"/>
						<String ID="word000577" HPOS="2512" VPOS="764" WIDTH="158" HEIGHT="41" CONTENT="arrived" WC="0.98" CC="0000010"/>
						<SP ID="P12_SP00566" HPOS="2670" VPOS="819" WIDTH="39"/>
						<String ID="word000578" HPOS="2709" VPOS="769" WIDTH="44" HEIGHT="35" CONTENT="at" WC="1.00" CC="00"/>
						<SP ID="P12_SP00567" HPOS="2753" VPOS="819" WIDTH="37"/>
						<String ID="word000579" HPOS="2790" VPOS="762" WIDTH="128" HEIGHT="46" CONTENT="Cork," WC="0.98" CC="01000"/>
						<SP ID="P12_SP00568" HPOS="2917" VPOS="819" WIDTH="30"/>
						<String ID="word000580" HPOS="2947" VPOS="761" WIDTH="80" HEIGHT="43" CONTENT="and" WC="1.00" CC="000"/>
						<SP ID="P12_SP00569" HPOS="3027" VPOS="819" WIDTH="0"/>
					</TextLine>
				</TextBlock>
				<TextBlock ID="pa0012010" HPOS="1676" VPOS="828" WIDTH="1349" HEIGHT="247" STYLEREFS="TXT_0 PAR_BLOCK">
					<TextLine ID="P12_TL00069" HPOS="1677" VPOS="830" WIDTH="1348" HEIGHT="59">
						<String ID="word000581" HPOS="1677" VPOS="836" WIDTH="120" HEIGHT="40" CONTENT="other" WC="1.00" CC="00000"/>
						<SP ID="P12_SP00570" HPOS="1798" VPOS="876" WIDTH="19"/>
						<String ID="word000582" HPOS="1817" VPOS="839" WIDTH="111" HEIGHT="50" CONTENT="ports" WC="1.00" CC="00000"/>
						<SP ID="P12_SP00571" HPOS="1928" VPOS="888" WIDTH="19"/>
						<String ID="word000583" HPOS="1946" VPOS="833" WIDTH="39" HEIGHT="40" CONTENT="in" WC="1.00" CC="00"/>
						<SP ID="P12_SP00572" HPOS="1985" VPOS="888" WIDTH="21"/>
						<String ID="word000584" HPOS="2007" VPOS="833" WIDTH="71" HEIGHT="40" CONTENT="the" WC="0.96" CC="001"/>
						<SP ID="P12_SP00573" HPOS="2078" VPOS="888" WIDTH="28"/>
						<String ID="word000585" HPOS="2106" VPOS="833" WIDTH="126" HEIGHT="41" CONTENT="South" WC="1.00" CC="00000"/>
						<SP ID="P12_SP00574" HPOS="2232" VPOS="888" WIDTH="21"/>
						<String ID="word000586" HPOS="2254" VPOS="831" WIDTH="48" HEIGHT="41" CONTENT="of" WC="1.00" CC="00"/>
						<SP ID="P12_SP00575" HPOS="2302" VPOS="888" WIDTH="24"/>
						<String ID="word000587" HPOS="2326" VPOS="831" WIDTH="176" HEIGHT="41" CONTENT="Ireland." WC="0.90" CC="30010102"/>
						<String ID="word000588" HPOS="2504" VPOS="830" WIDTH="4" HEIGHT="58" CONTENT="." WC="0.33" CC="6" STYLEREFS="TXT_2"/>
						<SP ID="P12_SP00576" HPOS="2507" VPOS="888" WIDTH="51"/>
						<String ID="word000589" HPOS="2558" VPOS="830" WIDTH="175" HEIGHT="43" CONTENT="General" WC="1.00" CC="0000000"/>
						<SP ID="P12_SP00577" HPOS="2733" VPOS="888" WIDTH="33"/>
						<String ID="word000590" HPOS="2766" VPOS="834" WIDTH="259" HEIGHT="38" CONTENT="Samkgßoosc" WC="0.42" CC="3485833477"/>
						<SP ID="P12_SP00578" HPOS="3025" VPOS="888" WIDTH="0"/>
					</TextLine>
					<TextLine ID="P12_TL00070" HPOS="1677" VPOS="896" WIDTH="1346" HEIGHT="52">
						<String ID="word000591" HPOS="1677" VPOS="901" WIDTH="168" HEIGHT="41" CONTENT="himself" WC="1.00" CC="0000000"/>
						<SP ID="P12_SP00579" HPOS="1845" VPOS="943" WIDTH="19"/>
						<String ID="word000592" HPOS="1864" VPOS="900" WIDTH="162" HEIGHT="41" CONTENT="arrived" WC="0.97" CC="0010010"/>
						<SP ID="P12_SP00580" HPOS="2026" VPOS="943" WIDTH="20"/>
						<String ID="word000593" HPOS="2046" VPOS="906" WIDTH="45" HEIGHT="34" CONTENT="at" WC="1.00" CC="00"/>
						<SP ID="P12_SP00581" HPOS="2091" VPOS="943" WIDTH="28"/>
						<String ID="word000594" HPOS="2119" VPOS="902" WIDTH="112" HEIGHT="39" CONTENT="Cove" WC="0.97" CC="0010"/>
						<SP ID="P12_SP00582" HPOS="2231" VPOS="943" WIDTH="27"/>
						<String ID="word000595" HPOS="2258" VPOS="912" WIDTH="53" HEIGHT="27" CONTENT="on" WC="1.00" CC="00"/>
						<SP ID="P12_SP00583" HPOS="2311" VPOS="943" WIDTH="31"/>
						<String ID="word000596" HPOS="2342" VPOS="899" WIDTH="71" HEIGHT="40" CONTENT="the" WC="0.96" CC="001"/>
						<SP ID="P12_SP00584" HPOS="2413" VPOS="943" WIDTH="19"/>
						<String ID="word000597" HPOS="2432" VPOS="900" WIDTH="87" HEIGHT="46" CONTENT="9th," WC="0.94" CC="0101"/>
						<SP ID="P12_SP00585" HPOS="2519" VPOS="946" WIDTH="31"/>
						<String ID="word000598" HPOS="2550" VPOS="900" WIDTH="39" HEIGHT="39" CONTENT="in" WC="1.00" CC="00"/>
						<SP ID="P12_SP00586" HPOS="2589" VPOS="946" WIDTH="22"/>
						<String ID="word000599" HPOS="2611" VPOS="899" WIDTH="70" HEIGHT="40" CONTENT="the" WC="1.00" CC="000"/>
						<SP ID="P12_SP00587" HPOS="2681" VPOS="946" WIDTH="20"/>
						<String ID="word000600" HPOS="2701" VPOS="898" WIDTH="132" HEIGHT="43" CONTENT="Niobe" WC="0.62" CC="33353"/>
						<SP ID="P12_SP00588" HPOS="2833" VPOS="946" WIDTH="20"/>
						<String ID="word000601" HPOS="2854" VPOS="896" WIDTH="169" HEIGHT="52" CONTENT="frigate." WC="0.96" CC="00010011"/>
						<SP ID="P12_SP00589" HPOS="3022" VPOS="948" WIDTH="0"/>
					</TextLine>
					<TextLine ID="P12_TL00071" HPOS="1678" VPOS="965" WIDTH="1346" HEIGHT="56">
						<String ID="word000602" HPOS="1678" VPOS="972" WIDTH="54" HEIGHT="39" CONTENT="As" WC="0.94" CC="01"/>
						<SP ID="P12_SP00590" HPOS="1733" VPOS="1011" WIDTH="17"/>
						<String ID="word000603" HPOS="1749" VPOS="983" WIDTH="100" HEIGHT="26" CONTENT="soon" WC="0.97" CC="0001"/>
						<SP ID="P12_SP00591" HPOS="1850" VPOS="1011" WIDTH="19"/>
						<String ID="word000604" HPOS="1869" VPOS="981" WIDTH="45" HEIGHT="27" CONTENT="as" WC="1.00" CC="00"/>
						<SP ID="P12_SP00592" HPOS="1913" VPOS="1011" WIDTH="17"/>
						<String ID="word000605" HPOS="1930" VPOS="969" WIDTH="70" HEIGHT="41" CONTENT="the" WC="1.00" CC="000"/>
						<SP ID="P12_SP00593" HPOS="2000" VPOS="1011" WIDTH="27"/>
						<String ID="word000606" HPOS="2027" VPOS="967" WIDTH="94" HEIGHT="41" CONTENT="fleet" WC="0.95" CC="11000"/>
						<SP ID="P12_SP00594" HPOS="2121" VPOS="1011" WIDTH="18"/>
						<String ID="word000607" HPOS="2139" VPOS="967" WIDTH="72" HEIGHT="40" CONTENT="has" WC="1.00" CC="000"/>
						<SP ID="P12_SP00595" HPOS="2211" VPOS="1011" WIDTH="20"/>
						<String ID="word000608" HPOS="2231" VPOS="969" WIDTH="177" HEIGHT="46" CONTENT="refitted," WC="1.00" CC="000000000"/>
						<SP ID="P12_SP00596" HPOS="2408" VPOS="1015" WIDTH="31"/>
						<String ID="word000609" HPOS="2439" VPOS="967" WIDTH="32" HEIGHT="40" CONTENT="it" WC="1.00" CC="00"/>
						<SP ID="P12_SP00597" HPOS="2471" VPOS="1015" WIDTH="19"/>
						<String ID="word000610" HPOS="2490" VPOS="967" WIDTH="32" HEIGHT="40" CONTENT="is" WC="0.61" CC="25"/>
						<SP ID="P12_SP00598" HPOS="2522" VPOS="1015" WIDTH="26"/>
						<String ID="word000611" HPOS="2548" VPOS="971" WIDTH="45" HEIGHT="37" CONTENT="to" WC="1.00" CC="00"/>
						<SP ID="P12_SP00599" HPOS="2593" VPOS="1015" WIDTH="31"/>
						<String ID="word000612" HPOS="2623" VPOS="966" WIDTH="73" HEIGHT="41" CONTENT="sail" WC="0.97" CC="0100"/>
						<SP ID="P12_SP00600" HPOS="2696" VPOS="1015" WIDTH="30"/>
						<String ID="word000613" HPOS="2726" VPOS="966" WIDTH="122" HEIGHT="54" CONTENT="again" WC="0.98" CC="00001"/>
						<SP ID="P12_SP00601" HPOS="2848" VPOS="1020" WIDTH="33"/>
						<String ID="word000614" HPOS="2881" VPOS="965" WIDTH="116" HEIGHT="41" CONTENT="imme" SUBS_TYPE="HypPart1" SUBS_CONTENT="immediately." WC="0.67" CC="2233"/>
						<HYP HPOS="2996" VPOS="965" WIDTH="28" CONTENT="-"/>
					</TextLine>
					<TextLine ID="P12_TL00072" HPOS="1677" VPOS="1022" WIDTH="168" HEIGHT="53">
						<String ID="word000615" HPOS="1677" VPOS="1022" WIDTH="168" HEIGHT="53" CONTENT="diately." SUBS_TYPE="HypPart2" SUBS_CONTENT="immediately." WC="0.64" CC="33333353"/>
						<SP ID="P12_SP00602" HPOS="1845" VPOS="1075" WIDTH="0"/>
					</TextLine>
				</TextBlock>
				<TextBlock ID="pa0012011" HPOS="2252" VPOS="1100" WIDTH="190" HEIGHT="87" STYLEREFS="TXT_0 PAR_RIGHT">
					<TextLine ID="P12_TL00073" HPOS="2264" VPOS="1150" WIDTH="178" HEIGHT="37">
						<String ID="word000616" HPOS="2264" VPOS="1150" WIDTH="22" HEIGHT="35" CONTENT="S" WC="0.44" CC="5"/>
						<SP ID="P12_SP00603" HPOS="2287" VPOS="1186" WIDTH="8"/>
						<String ID="word000617" HPOS="2295" VPOS="1150" WIDTH="28" HEIGHT="37" CONTENT="I'" WC="0.39" CC="56"/>
						<SP ID="P12_SP00604" HPOS="2323" VPOS="1187" WIDTH="8"/>
						<String ID="word000618" HPOS="2331" VPOS="1150" WIDTH="27" HEIGHT="37" CONTENT="A" WC="0.67" CC="3"/>
						<SP ID="P12_SP00605" HPOS="2359" VPOS="1187" WIDTH="8"/>
						<String ID="word000619" HPOS="2367" VPOS="1152" WIDTH="15" HEIGHT="35" CONTENT="I" WC="0.67" CC="3"/>
						<SP ID="P12_SP00606" HPOS="2382" VPOS="1187" WIDTH="8"/>
						<String ID="word000620" HPOS="2391" VPOS="1150" WIDTH="30" HEIGHT="37" CONTENT="N" WC="0.22" CC="7"/>
						<SP ID="P12_SP00607" HPOS="2420" VPOS="1187" WIDTH="9"/>
						<String ID="word000621" HPOS="2430" VPOS="1175" WIDTH="12" HEIGHT="9" CONTENT="." WC="0.67" CC="3"/>
						<SP ID="P12_SP00608" HPOS="2441" VPOS="1187" WIDTH="0"/>
					</TextLine>
				</TextBlock>
				<TextBlock ID="pa0012012" HPOS="1676" VPOS="1214" WIDTH="1369" HEIGHT="3025" STYLEREFS="TXT_0 PAR_BLOCK">
					<TextLine ID="P12_TL00074" HPOS="1729" VPOS="1215" WIDTH="1302" HEIGHT="46">
						<String ID="word000622" HPOS="1729" VPOS="1218" WIDTH="183" HEIGHT="37" CONTENT="AFTER" WC="1.00" CC="00000"/>
						<SP ID="P12_SP00609" HPOS="1912" VPOS="1254" WIDTH="27"/>
						<String ID="word000623" HPOS="1939" VPOS="1217" WIDTH="65" HEIGHT="37" CONTENT="the" WC="1.00" CC="000"/>
						<SP ID="P12_SP00610" HPOS="2004" VPOS="1254" WIDTH="19"/>
						<String ID="word000624" HPOS="2023" VPOS="1224" WIDTH="174" HEIGHT="28" CONTENT="accounts" WC="0.94" CC="01100002"/>
						<SP ID="P12_SP00611" HPOS="2197" VPOS="1254" WIDTH="20"/>
						<String ID="word000625" HPOS="2217" VPOS="1228" WIDTH="56" HEIGHT="22" CONTENT="we" WC="0.94" CC="10"/>
						<SP ID="P12_SP00612" HPOS="2272" VPOS="1254" WIDTH="20"/>
						<String ID="word000626" HPOS="2293" VPOS="1217" WIDTH="171" HEIGHT="35" CONTENT="continue" WC="0.99" CC="00000100"/>
						<SP ID="P12_SP00613" HPOS="2464" VPOS="1254" WIDTH="26"/>
						<String ID="word000627" HPOS="2490" VPOS="1219" WIDTH="39" HEIGHT="32" CONTENT="to" WC="0.94" CC="01"/>
						<SP ID="P12_SP00614" HPOS="2529" VPOS="1254" WIDTH="25"/>
						<String ID="word000628" HPOS="2554" VPOS="1217" WIDTH="164" HEIGHT="40" CONTENT="receive," WC="0.96" CC="00100200"/>
						<SP ID="P12_SP00615" HPOS="2718" VPOS="1257" WIDTH="30"/>
						<String ID="word000629" HPOS="2747" VPOS="1215" WIDTH="161" HEIGHT="46" CONTENT="through" WC="1.00" CC="0000000"/>
						<SP ID="P12_SP00616" HPOS="2908" VPOS="1261" WIDTH="22"/>
						<String ID="word000630" HPOS="2930" VPOS="1217" WIDTH="80" HEIGHT="34" CONTENT="vari" SUBS_TYPE="HypPart1" SUBS_CONTENT="various" WC="0.53" CC="3334"/>
						<HYP HPOS="3011" VPOS="1217" WIDTH="20" CONTENT="-"/>
					</TextLine>
					<TextLine ID="P12_TL00075" HPOS="1680" VPOS="1271" WIDTH="1350" HEIGHT="48">
						<String ID="word000631" HPOS="1680" VPOS="1289" WIDTH="65" HEIGHT="22" CONTENT="ous" SUBS_TYPE="HypPart2" SUBS_CONTENT="various" WC="0.85" CC="301"/>
						<SP ID="P12_SP00617" HPOS="1744" VPOS="1311" WIDTH="17"/>
						<String ID="word000632" HPOS="1761" VPOS="1277" WIDTH="216" HEIGHT="40" CONTENT="directions," WC="0.99" CC="00010000000"/>
						<SP ID="P12_SP00618" HPOS="1977" VPOS="1317" WIDTH="26"/>
						<String ID="word000633" HPOS="2003" VPOS="1276" WIDTH="74" HEIGHT="33" CONTENT="and" WC="1.00" CC="000"/>
						<SP ID="P12_SP00619" HPOS="2078" VPOS="1317" WIDTH="18"/>
						<String ID="word000634" HPOS="2095" VPOS="1274" WIDTH="93" HEIGHT="34" CONTENT="from" WC="0.97" CC="0010"/>
						<SP ID="P12_SP00620" HPOS="2189" VPOS="1317" WIDTH="31"/>
						<String ID="word000635" HPOS="2219" VPOS="1274" WIDTH="327" HEIGHT="45" CONTENT="unobjectionable" WC="0.88" CC="140100013110130"/>
						<SP ID="P12_SP00621" HPOS="2546" VPOS="1319" WIDTH="28"/>
						<String ID="word000636" HPOS="2575" VPOS="1273" WIDTH="294" HEIGHT="46" CONTENT="eye-witnesses," WC="0.94" CC="00233000000000"/>
						<SP ID="P12_SP00622" HPOS="2869" VPOS="1319" WIDTH="26"/>
						<String ID="word000637" HPOS="2895" VPOS="1271" WIDTH="47" HEIGHT="37" CONTENT="of" WC="1.00" CC="00"/>
						<SP ID="P12_SP00623" HPOS="2942" VPOS="1319" WIDTH="22"/>
						<String ID="word000638" HPOS="2965" VPOS="1273" WIDTH="65" HEIGHT="33" CONTENT="the" WC="1.00" CC="000"/>
						<SP ID="P12_SP00624" HPOS="3030" VPOS="1319" WIDTH="0"/>
					</TextLine>
					<TextLine ID="P12_TL00076" HPOS="1680" VPOS="1329" WIDTH="1350" HEIGHT="48">
						<String ID="word000639" HPOS="1680" VPOS="1333" WIDTH="201" HEIGHT="43" CONTENT="unabating" WC="1.00" CC="000000000"/>
						<SP ID="P12_SP00625" HPOS="1880" VPOS="1376" WIDTH="22"/>
						<String ID="word000640" HPOS="1903" VPOS="1331" WIDTH="142" HEIGHT="35" CONTENT="ardour" WC="1.00" CC="000000"/>
						<SP ID="P12_SP00626" HPOS="2044" VPOS="1376" WIDTH="30"/>
						<String ID="word000641" HPOS="2074" VPOS="1332" WIDTH="72" HEIGHT="34" CONTENT="and" WC="1.00" CC="000"/>
						<SP ID="P12_SP00627" HPOS="2146" VPOS="1376" WIDTH="28"/>
						<String ID="word000642" HPOS="2174" VPOS="1331" WIDTH="112" HEIGHT="46" CONTENT="spirit" WC="0.98" CC="010000"/>
						<SP ID="P12_SP00628" HPOS="2287" VPOS="1377" WIDTH="33"/>
						<String ID="word000643" HPOS="2320" VPOS="1330" WIDTH="46" HEIGHT="34" CONTENT="of" WC="1.00" CC="00"/>
						<SP ID="P12_SP00629" HPOS="2366" VPOS="1377" WIDTH="27"/>
						<String ID="word000644" HPOS="2393" VPOS="1331" WIDTH="200" HEIGHT="35" CONTENT="resistance" WC="0.98" CC="0000100100"/>
						<SP ID="P12_SP00630" HPOS="2593" VPOS="1377" WIDTH="34"/>
						<String ID="word000645" HPOS="2627" VPOS="1329" WIDTH="219" HEIGHT="35" CONTENT="manifested" WC="1.00" CC="0000000000"/>
						<SP ID="P12_SP00631" HPOS="2845" VPOS="1377" WIDTH="32"/>
						<String ID="word000646" HPOS="2877" VPOS="1330" WIDTH="54" HEIGHT="44" CONTENT="by" WC="1.00" CC="00"/>
						<SP ID="P12_SP00632" HPOS="2931" VPOS="1377" WIDTH="33"/>
						<String ID="word000647" HPOS="2965" VPOS="1330" WIDTH="65" HEIGHT="33" CONTENT="the" WC="1.00" CC="000"/>
						<SP ID="P12_SP00633" HPOS="3030" VPOS="1377" WIDTH="0"/>
					</TextLine>
					<TextLine ID="P12_TL00077" HPOS="1677" VPOS="1385" WIDTH="1350" HEIGHT="51">
						<String ID="word000648" HPOS="1677" VPOS="1396" WIDTH="107" HEIGHT="39" CONTENT="great" WC="0.98" CC="00100"/>
						<SP ID="P12_SP00634" HPOS="1785" VPOS="1435" WIDTH="19"/>
						<String ID="word000649" HPOS="1804" VPOS="1389" WIDTH="180" HEIGHT="47" CONTENT="majority" WC="0.99" CC="01000000"/>
						<SP ID="P12_SP00635" HPOS="1983" VPOS="1436" WIDTH="19"/>
						<String ID="word000650" HPOS="2002" VPOS="1387" WIDTH="44" HEIGHT="37" CONTENT="of" WC="1.00" CC="00"/>
						<SP ID="P12_SP00636" HPOS="2046" VPOS="1436" WIDTH="24"/>
						<String ID="word000651" HPOS="2069" VPOS="1389" WIDTH="63" HEIGHT="34" CONTENT="the" WC="0.96" CC="010"/>
						<SP ID="P12_SP00637" HPOS="2132" VPOS="1436" WIDTH="35"/>
						<String ID="word000652" HPOS="2167" VPOS="1387" WIDTH="156" HEIGHT="46" CONTENT="Spanish" WC="0.97" CC="0110000"/>
						<SP ID="P12_SP00638" HPOS="2323" VPOS="1436" WIDTH="31"/>
						<String ID="word000653" HPOS="2354" VPOS="1387" WIDTH="149" HEIGHT="44" CONTENT="nation," WC="1.00" CC="0000000"/>
						<SP ID="P12_SP00639" HPOS="2503" VPOS="1436" WIDTH="33"/>
						<String ID="word000654" HPOS="2536" VPOS="1387" WIDTH="28" HEIGHT="34" CONTENT="it" WC="1.00" CC="00"/>
						<SP ID="P12_SP00640" HPOS="2564" VPOS="1436" WIDTH="30"/>
						<String ID="word000655" HPOS="2594" VPOS="1391" WIDTH="136" HEIGHT="30" CONTENT="cannot" WC="1.00" CC="000000"/>
						<SP ID="P12_SP00641" HPOS="2730" VPOS="1436" WIDTH="18"/>
						<String ID="word000656" HPOS="2747" VPOS="1385" WIDTH="66" HEIGHT="37" CONTENT="fail" WC="1.00" CC="0000"/>
						<SP ID="P12_SP00642" HPOS="2813" VPOS="1436" WIDTH="20"/>
						<String ID="word000657" HPOS="2833" VPOS="1390" WIDTH="38" HEIGHT="31" CONTENT="to" WC="1.00" CC="00"/>
						<SP ID="P12_SP00643" HPOS="2871" VPOS="1436" WIDTH="27"/>
						<String ID="word000658" HPOS="2898" VPOS="1385" WIDTH="129" HEIGHT="34" CONTENT="excite" WC="1.00" CC="000000"/>
						<SP ID="P12_SP00644" HPOS="3027" VPOS="1436" WIDTH="0"/>
					</TextLine>
					<TextLine ID="P12_TL00078" HPOS="1677" VPOS="1442" WIDTH="1349" HEIGHT="46">
						<String ID="word000659" HPOS="1677" VPOS="1447" WIDTH="281" HEIGHT="41" CONTENT="astonishment," WC="0.99" CC="0000000010000"/>
						<SP ID="P12_SP00645" HPOS="1958" VPOS="1488" WIDTH="27"/>
						<String ID="word000660" HPOS="1985" VPOS="1446" WIDTH="80" HEIGHT="35" CONTENT="that" WC="0.94" CC="1100"/>
						<SP ID="P12_SP00646" HPOS="2066" VPOS="1488" WIDTH="18"/>
						<String ID="word000661" HPOS="2083" VPOS="1444" WIDTH="65" HEIGHT="35" CONTENT="the" WC="1.00" CC="000"/>
						<SP ID="P12_SP00647" HPOS="2148" VPOS="1488" WIDTH="28"/>
						<String ID="word000662" HPOS="2177" VPOS="1446" WIDTH="113" HEIGHT="33" CONTENT="result" WC="0.93" CC="001111"/>
						<SP ID="P12_SP00648" HPOS="2290" VPOS="1488" WIDTH="17"/>
						<String ID="word000663" HPOS="2307" VPOS="1444" WIDTH="45" HEIGHT="33" CONTENT="of" WC="1.00" CC="00"/>
						<SP ID="P12_SP00649" HPOS="2352" VPOS="1488" WIDTH="21"/>
						<String ID="word000664" HPOS="2373" VPOS="1444" WIDTH="102" HEIGHT="33" CONTENT="their" WC="1.00" CC="00000"/>
						<SP ID="P12_SP00650" HPOS="2474" VPOS="1488" WIDTH="25"/>
						<String ID="word000665" HPOS="2499" VPOS="1443" WIDTH="126" HEIGHT="35" CONTENT="efforts" WC="0.89" CC="0331000"/>
						<SP ID="P12_SP00651" HPOS="2626" VPOS="1488" WIDTH="27"/>
						<String ID="word000666" HPOS="2653" VPOS="1443" WIDTH="66" HEIGHT="34" CONTENT="has" WC="1.00" CC="000"/>
						<SP ID="P12_SP00652" HPOS="2719" VPOS="1488" WIDTH="30"/>
						<String ID="word000667" HPOS="2748" VPOS="1444" WIDTH="91" HEIGHT="34" CONTENT="been" WC="0.97" CC="0010"/>
						<SP ID="P12_SP00653" HPOS="2839" VPOS="1488" WIDTH="19"/>
						<String ID="word000668" HPOS="2858" VPOS="1442" WIDTH="168" HEIGHT="35" CONTENT="hitherto" WC="1.00" CC="00000000"/>
						<SP ID="P12_SP00654" HPOS="3026" VPOS="1488" WIDTH="0"/>
					</TextLine>
					<TextLine ID="P12_TL00079" HPOS="1678" VPOS="1501" WIDTH="1350" HEIGHT="49">
						<String ID="word000669" HPOS="1678" VPOS="1517" WIDTH="40" HEIGHT="22" CONTENT="so" WC="1.00" CC="00"/>
						<SP ID="P12_SP00655" HPOS="1719" VPOS="1539" WIDTH="33"/>
						<String ID="word000670" HPOS="1752" VPOS="1504" WIDTH="287" HEIGHT="46" CONTENT="unpropitious;" WC="0.88" CC="0000004005050"/>
						<SP ID="P12_SP00656" HPOS="2039" VPOS="1550" WIDTH="26"/>
						<String ID="word000671" HPOS="2065" VPOS="1502" WIDTH="70" HEIGHT="34" CONTENT="and" WC="0.96" CC="001"/>
						<SP ID="P12_SP00657" HPOS="2134" VPOS="1550" WIDTH="37"/>
						<String ID="word000672" HPOS="2171" VPOS="1502" WIDTH="84" HEIGHT="34" CONTENT="that" WC="1.00" CC="0000"/>
						<SP ID="P12_SP00658" HPOS="2255" VPOS="1550" WIDTH="24"/>
						<String ID="word000673" HPOS="2278" VPOS="1513" WIDTH="22" HEIGHT="22" CONTENT="a" WC="1.00" CC="0"/>
						<SP ID="P12_SP00659" HPOS="2301" VPOS="1550" WIDTH="33"/>
						<String ID="word000674" HPOS="2334" VPOS="1512" WIDTH="196" HEIGHT="25" CONTENT="numerous" WC="1.00" CC="00000000"/>
						<SP ID="P12_SP00660" HPOS="2530" VPOS="1550" WIDTH="32"/>
						<String ID="word000675" HPOS="2562" VPOS="1501" WIDTH="243" HEIGHT="47" CONTENT="population," WC="0.99" CC="00000001000"/>
						<SP ID="P12_SP00661" HPOS="2805" VPOS="1550" WIDTH="33"/>
						<String ID="word000676" HPOS="2838" VPOS="1501" WIDTH="190" HEIGHT="34" CONTENT="animated" WC="0.97" CC="10001000"/>
						<SP ID="P12_SP00662" HPOS="3028" VPOS="1550" WIDTH="0"/>
					</TextLine>
					<TextLine ID="P12_TL00080" HPOS="1680" VPOS="1558" WIDTH="1350" HEIGHT="47">
						<String ID="word000677" HPOS="1680" VPOS="1560" WIDTH="96" HEIGHT="35" CONTENT="with" WC="1.00" CC="0000"/>
						<SP ID="P12_SP00663" HPOS="1775" VPOS="1596" WIDTH="18"/>
						<String ID="word000678" HPOS="1793" VPOS="1561" WIDTH="63" HEIGHT="33" CONTENT="the" WC="1.00" CC="000"/>
						<SP ID="P12_SP00664" HPOS="1856" VPOS="1596" WIDTH="17"/>
						<String ID="word000679" HPOS="1872" VPOS="1571" WIDTH="162" HEIGHT="34" CONTENT="courage" WC="0.97" CC="0000200"/>
						<SP ID="P12_SP00665" HPOS="2034" VPOS="1605" WIDTH="27"/>
						<String ID="word000680" HPOS="2061" VPOS="1559" WIDTH="72" HEIGHT="35" CONTENT="and" WC="1.00" CC="000"/>
						<SP ID="P12_SP00666" HPOS="2133" VPOS="1605" WIDTH="28"/>
						<String ID="word000681" HPOS="2161" VPOS="1558" WIDTH="226" HEIGHT="35" CONTENT="enthusiasm" WC="0.97" CC="0100011000"/>
						<SP ID="P12_SP00667" HPOS="2387" VPOS="1605" WIDTH="32"/>
						<String ID="word000682" HPOS="2419" VPOS="1559" WIDTH="89" HEIGHT="44" CONTENT="they" WC="0.94" CC="0020"/>
						<SP ID="P12_SP00668" HPOS="2507" VPOS="1605" WIDTH="20"/>
						<String ID="word000683" HPOS="2528" VPOS="1559" WIDTH="311" HEIGHT="46" CONTENT="unquestionably" WC="0.94" CC="00000101100310"/>
						<SP ID="P12_SP00669" HPOS="2838" VPOS="1605" WIDTH="19"/>
						<String ID="word000684" HPOS="2857" VPOS="1558" WIDTH="172" HEIGHT="45" CONTENT="displa3-" WC="0.57" CC="35337433"/>
					</TextLine>
					<TextLine ID="P12_TL00081" HPOS="1678" VPOS="1616" WIDTH="1352" HEIGHT="46">
						<String ID="word000685" HPOS="1678" VPOS="1618" WIDTH="61" HEIGHT="41" CONTENT="ed," WC="1.00" CC="000"/>
						<SP ID="P12_SP00670" HPOS="1740" VPOS="1659" WIDTH="19"/>
						<String ID="word000686" HPOS="1759" VPOS="1629" WIDTH="76" HEIGHT="25" CONTENT="was" WC="0.96" CC="010"/>
						<SP ID="P12_SP00671" HPOS="1834" VPOS="1659" WIDTH="17"/>
						<String ID="word000687" HPOS="1851" VPOS="1617" WIDTH="249" HEIGHT="35" CONTENT="nevertheless" WC="0.99" CC="000000000100"/>
						<SP ID="P12_SP00672" HPOS="2100" VPOS="1659" WIDTH="17"/>
						<String ID="word000688" HPOS="2117" VPOS="1616" WIDTH="196" HEIGHT="46" CONTENT="incapable" WC="0.96" CC="000110100"/>
						<SP ID="P12_SP00673" HPOS="2313" VPOS="1662" WIDTH="19"/>
						<String ID="word000689" HPOS="2331" VPOS="1616" WIDTH="43" HEIGHT="34" CONTENT="of" WC="1.00" CC="00"/>
						<SP ID="P12_SP00674" HPOS="2374" VPOS="1662" WIDTH="22"/>
						<String ID="word000690" HPOS="2396" VPOS="1616" WIDTH="185" HEIGHT="44" CONTENT="affording" WC="0.89" CC="031300110"/>
						<SP ID="P12_SP00675" HPOS="2582" VPOS="1662" WIDTH="17"/>
						<String ID="word000691" HPOS="2598" VPOS="1628" WIDTH="24" HEIGHT="24" CONTENT="a" WC="1.00" CC="0"/>
						<SP ID="P12_SP00676" HPOS="2622" VPOS="1662" WIDTH="19"/>
						<String ID="word000692" HPOS="2641" VPOS="1626" WIDTH="102" HEIGHT="25" CONTENT="more" WC="1.00" CC="0000"/>
						<SP ID="P12_SP00677" HPOS="2743" VPOS="1662" WIDTH="30"/>
						<String ID="word000693" HPOS="2772" VPOS="1616" WIDTH="171" HEIGHT="37" CONTENT="effectual" WC="0.99" CC="000000100"/>
						<SP ID="P12_SP00678" HPOS="2943" VPOS="1662" WIDTH="32"/>
						<String ID="word000694" HPOS="2975" VPOS="1628" WIDTH="37" HEIGHT="22" CONTENT="re" SUBS_TYPE="HypPart1" SUBS_CONTENT="resistance." WC="0.89" CC="00"/>
						<HYP HPOS="3012" VPOS="1628" WIDTH="18" CONTENT="-"/>
					</TextLine>
					<TextLine ID="P12_TL00082" HPOS="1678" VPOS="1672" WIDTH="1351" HEIGHT="48">
						<String ID="word000695" HPOS="1678" VPOS="1676" WIDTH="170" HEIGHT="34" CONTENT="sistance." SUBS_TYPE="HypPart2" SUBS_CONTENT="resistance." WC="0.77" CC="322222222"/>
						<SP ID="P12_SP00679" HPOS="1848" VPOS="1710" WIDTH="53"/>
						<String ID="word000696" HPOS="1902" VPOS="1674" WIDTH="72" HEIGHT="35" CONTENT="We" WC="0.89" CC="20"/>
						<SP ID="P12_SP00680" HPOS="1974" VPOS="1710" WIDTH="26"/>
						<String ID="word000697" HPOS="2000" VPOS="1674" WIDTH="83" HEIGHT="33" CONTENT="will" WC="0.89" CC="3001"/>
						<SP ID="P12_SP00681" HPOS="2082" VPOS="1710" WIDTH="17"/>
						<String ID="word000698" HPOS="2099" VPOS="1680" WIDTH="161" HEIGHT="40" CONTENT="attempt" WC="0.94" CC="1000300"/>
						<SP ID="P12_SP00682" HPOS="2259" VPOS="1720" WIDTH="26"/>
						<String ID="word000699" HPOS="2285" VPOS="1680" WIDTH="39" HEIGHT="28" CONTENT="to" WC="1.00" CC="00"/>
						<SP ID="P12_SP00683" HPOS="2324" VPOS="1720" WIDTH="25"/>
						<String ID="word000700" HPOS="2349" VPOS="1674" WIDTH="158" HEIGHT="45" CONTENT="explain" WC="0.94" CC="0001003"/>
						<SP ID="P12_SP00684" HPOS="2507" VPOS="1720" WIDTH="20"/>
						<String ID="word000701" HPOS="2528" VPOS="1672" WIDTH="73" HEIGHT="35" CONTENT="this" WC="0.97" CC="0100"/>
						<SP ID="P12_SP00685" HPOS="2601" VPOS="1720" WIDTH="17"/>
						<String ID="word000702" HPOS="2617" VPOS="1672" WIDTH="197" HEIGHT="46" CONTENT="difficulty." WC="0.93" CC="00331000000"/>
						<SP ID="P12_SP00686" HPOS="2815" VPOS="1720" WIDTH="53"/>
						<String ID="word000703" HPOS="2868" VPOS="1672" WIDTH="161" HEIGHT="37" CONTENT="As.soOn" WC="0.54" CC="3363383"/>
						<SP ID="P12_SP00687" HPOS="3028" VPOS="1720" WIDTH="0"/>
					</TextLine>
					<TextLine ID="P12_TL00083" HPOS="1676" VPOS="1730" WIDTH="1354" HEIGHT="48">
						<String ID="word000704" HPOS="1676" VPOS="1744" WIDTH="41" HEIGHT="22" CONTENT="as" WC="1.00" CC="00"/>
						<SP ID="P12_SP00688" HPOS="1717" VPOS="1767" WIDTH="21"/>
						<String ID="word000705" HPOS="1739" VPOS="1733" WIDTH="216" HEIGHT="45" CONTENT="Bonaparte" WC="0.99" CC="000001000"/>
						<SP ID="P12_SP00689" HPOS="1955" VPOS="1778" WIDTH="19"/>
						<String ID="word000706" HPOS="1974" VPOS="1730" WIDTH="76" HEIGHT="34" CONTENT="had" WC="1.00" CC="000"/>
						<SP ID="P12_SP00690" HPOS="2049" VPOS="1778" WIDTH="15"/>
						<String ID="word000707" HPOS="2065" VPOS="1730" WIDTH="200" HEIGHT="35" CONTENT="succeeded" WC="0.70" CC="123635040"/>
						<SP ID="P12_SP00691" HPOS="2264" VPOS="1778" WIDTH="18"/>
						<String ID="word000708" HPOS="2282" VPOS="1731" WIDTH="37" HEIGHT="33" CONTENT="in" WC="0.83" CC="03"/>
						<SP ID="P12_SP00692" HPOS="2319" VPOS="1778" WIDTH="14"/>
						<String ID="word000709" HPOS="2333" VPOS="1730" WIDTH="201" HEIGHT="44" CONTENT="disuniting" WC="0.95" CC="1000000012"/>
						<SP ID="P12_SP00693" HPOS="2533" VPOS="1778" WIDTH="18"/>
						<String ID="word000710" HPOS="2551" VPOS="1731" WIDTH="65" HEIGHT="33" CONTENT="the" WC="1.00" CC="000"/>
						<SP ID="P12_SP00694" HPOS="2616" VPOS="1778" WIDTH="28"/>
						<String ID="word000711" HPOS="2644" VPOS="1730" WIDTH="239" HEIGHT="35" CONTENT="unfortunate" WC="0.94" CC="00300011010"/>
						<SP ID="P12_SP00695" HPOS="2883" VPOS="1778" WIDTH="22"/>
						<String ID="word000712" HPOS="2906" VPOS="1731" WIDTH="124" HEIGHT="45" CONTENT="Royal" WC="0.93" CC="00003"/>
						<SP ID="P12_SP00696" HPOS="3030" VPOS="1778" WIDTH="0"/>
					</TextLine>
					<TextLine ID="P12_TL00084" HPOS="1684" VPOS="1787" WIDTH="1345" HEIGHT="49">
						<String ID="word000713" HPOS="1684" VPOS="1791" WIDTH="146" HEIGHT="45" CONTENT="Family" WC="0.96" CC="020000"/>
						<SP ID="P12_SP00697" HPOS="1831" VPOS="1835" WIDTH="21"/>
						<String ID="word000714" HPOS="1852" VPOS="1789" WIDTH="43" HEIGHT="35" CONTENT="of" WC="1.00" CC="00"/>
						<SP ID="P12_SP00698" HPOS="1894" VPOS="1835" WIDTH="15"/>
						<String ID="word000715" HPOS="1910" VPOS="1791" WIDTH="133" HEIGHT="45" CONTENT="Spain," WC="0.98" CC="100000"/>
						<SP ID="P12_SP00699" HPOS="2043" VPOS="1835" WIDTH="24"/>
						<String ID="word000716" HPOS="2067" VPOS="1789" WIDTH="72" HEIGHT="33" CONTENT="and" WC="1.00" CC="000"/>
						<SP ID="P12_SP00700" HPOS="2139" VPOS="1835" WIDTH="21"/>
						<String ID="word000717" HPOS="2160" VPOS="1788" WIDTH="34" HEIGHT="34" CONTENT="in" WC="1.00" CC="00"/>
						<SP ID="P12_SP00701" HPOS="2194" VPOS="1835" WIDTH="18"/>
						<String ID="word000718" HPOS="2212" VPOS="1789" WIDTH="141" HEIGHT="43" CONTENT="getting" WC="1.00" CC="0000000"/>
						<SP ID="P12_SP00702" HPOS="2353" VPOS="1835" WIDTH="15"/>
						<String ID="word000719" HPOS="2368" VPOS="1788" WIDTH="226" HEIGHT="35" CONTENT="afterwards" WC="0.99" CC="0000010000"/>
						<SP ID="P12_SP00703" HPOS="2594" VPOS="1835" WIDTH="19"/>
						<String ID="word000720" HPOS="2613" VPOS="1787" WIDTH="103" HEIGHT="35" CONTENT="these" WC="0.98" CC="00100"/>
						<SP ID="P12_SP00704" HPOS="2715" VPOS="1835" WIDTH="18"/>
						<String ID="word000721" HPOS="2733" VPOS="1788" WIDTH="145" HEIGHT="40" CONTENT="victims" WC="0.97" CC="0010001"/>
						<SP ID="P12_SP00705" HPOS="2878" VPOS="1835" WIDTH="25"/>
						<String ID="word000722" HPOS="2903" VPOS="1787" WIDTH="45" HEIGHT="35" CONTENT="of" WC="1.00" CC="00"/>
						<SP ID="P12_SP00706" HPOS="2948" VPOS="1835" WIDTH="24"/>
						<String ID="word000723" HPOS="2972" VPOS="1788" WIDTH="57" HEIGHT="34" CONTENT="his" WC="1.00" CC="000"/>
						<SP ID="P12_SP00707" HPOS="3028" VPOS="1835" WIDTH="0"/>
					</TextLine>
					<TextLine ID="P12_TL00085" HPOS="1680" VPOS="1844" WIDTH="1349" HEIGHT="50">
						<String ID="word000724" HPOS="1680" VPOS="1847" WIDTH="200" HEIGHT="45" CONTENT="treachery" WC="1.00" CC="000000000"/>
						<SP ID="P12_SP00708" HPOS="1879" VPOS="1892" WIDTH="33"/>
						<String ID="word000725" HPOS="1912" VPOS="1847" WIDTH="71" HEIGHT="34" CONTENT="and" WC="1.00" CC="000"/>
						<SP ID="P12_SP00709" HPOS="1983" VPOS="1892" WIDTH="35"/>
						<String ID="word000726" HPOS="2019" VPOS="1846" WIDTH="177" HEIGHT="47" CONTENT="intrigues" WC="1.00" CC="000000000"/>
						<SP ID="P12_SP00710" HPOS="2196" VPOS="1893" WIDTH="38"/>
						<String ID="word000727" HPOS="2233" VPOS="1846" WIDTH="74" HEIGHT="34" CONTENT="into" WC="1.00" CC="0000"/>
						<SP ID="P12_SP00711" HPOS="2308" VPOS="1893" WIDTH="31"/>
						<String ID="word000728" HPOS="2339" VPOS="1845" WIDTH="56" HEIGHT="34" CONTENT="his" WC="1.00" CC="000"/>
						<SP ID="P12_SP00712" HPOS="2394" VPOS="1893" WIDTH="20"/>
						<String ID="word000729" HPOS="2414" VPOS="1856" WIDTH="149" HEIGHT="34" CONTENT="power," WC="1.00" CC="000000"/>
						<SP ID="P12_SP00713" HPOS="2563" VPOS="1893" WIDTH="45"/>
						<String ID="word000730" HPOS="2608" VPOS="1844" WIDTH="57" HEIGHT="37" CONTENT="his" WC="1.00" CC="000"/>
						<SP ID="P12_SP00714" HPOS="2665" VPOS="1893" WIDTH="19"/>
						<String ID="word000731" HPOS="2683" VPOS="1846" WIDTH="78" HEIGHT="35" CONTENT="first" WC="0.89" CC="22010"/>
						<SP ID="P12_SP00715" HPOS="2761" VPOS="1893" WIDTH="19"/>
						<String ID="word000732" HPOS="2780" VPOS="1851" WIDTH="80" HEIGHT="41" CONTENT="step" WC="1.00" CC="0000"/>
						<SP ID="P12_SP00716" HPOS="2861" VPOS="1893" WIDTH="28"/>
						<String ID="word000733" HPOS="2889" VPOS="1856" WIDTH="80" HEIGHT="25" CONTENT="was" WC="1.00" CC="000"/>
						<SP ID="P12_SP00717" HPOS="2969" VPOS="1893" WIDTH="20"/>
						<String ID="word000734" HPOS="2989" VPOS="1848" WIDTH="39" HEIGHT="32" CONTENT="to" WC="1.00" CC="00"/>
						<SP ID="P12_SP00718" HPOS="3028" VPOS="1893" WIDTH="0"/>
					</TextLine>
					<TextLine ID="P12_TL00086" HPOS="1680" VPOS="1902" WIDTH="1350" HEIGHT="48">
						<String ID="word000735" HPOS="1680" VPOS="1915" WIDTH="126" HEIGHT="25" CONTENT="secure" WC="0.98" CC="010000"/>
						<SP ID="P12_SP00719" HPOS="1806" VPOS="1939" WIDTH="28"/>
						<String ID="word000736" HPOS="1834" VPOS="1904" WIDTH="48" HEIGHT="45" CONTENT="by" WC="1.00" CC="00"/>
						<SP ID="P12_SP00720" HPOS="1883" VPOS="1949" WIDTH="21"/>
						<String ID="word000737" HPOS="1904" VPOS="1903" WIDTH="198" HEIGHT="47" CONTENT="promises," WC="1.00" CC="000000000"/>
						<SP ID="P12_SP00721" HPOS="2102" VPOS="1950" WIDTH="33"/>
						<String ID="word000738" HPOS="2135" VPOS="1912" WIDTH="45" HEIGHT="26" CONTENT="or" WC="1.00" CC="00"/>
						<SP ID="P12_SP00722" HPOS="2180" VPOS="1950" WIDTH="28"/>
						<String ID="word000739" HPOS="2209" VPOS="1902" WIDTH="275" HEIGHT="43" CONTENT="intimidation," WC="0.97" CC="0100001000100"/>
						<SP ID="P12_SP00723" HPOS="2484" VPOS="1950" WIDTH="30"/>
						<String ID="word000740" HPOS="2513" VPOS="1902" WIDTH="61" HEIGHT="35" CONTENT="the" WC="1.00" CC="000"/>
						<SP ID="P12_SP00724" HPOS="2575" VPOS="1950" WIDTH="20"/>
						<String ID="word000741" HPOS="2595" VPOS="1911" WIDTH="152" HEIGHT="39" CONTENT="persons" WC="1.00" CC="0000000"/>
						<SP ID="P12_SP00725" HPOS="2747" VPOS="1950" WIDTH="19"/>
						<String ID="word000742" HPOS="2766" VPOS="1902" WIDTH="41" HEIGHT="37" CONTENT="of" WC="1.00" CC="00"/>
						<SP ID="P12_SP00726" HPOS="2807" VPOS="1950" WIDTH="31"/>
						<String ID="word000743" HPOS="2838" VPOS="1903" WIDTH="65" HEIGHT="35" CONTENT="the" WC="1.00" CC="000"/>
						<SP ID="P12_SP00727" HPOS="2903" VPOS="1950" WIDTH="30"/>
						<String ID="word000744" HPOS="2933" VPOS="1907" WIDTH="97" HEIGHT="31" CONTENT="most" WC="1.00" CC="0000"/>
						<SP ID="P12_SP00728" HPOS="3030" VPOS="1950" WIDTH="0"/>
					</TextLine>
					<TextLine ID="P12_TL00087" HPOS="1678" VPOS="1959" WIDTH="1348" HEIGHT="48">
						<String ID="word000745" HPOS="1678" VPOS="1959" WIDTH="267" HEIGHT="47" CONTENT="distinguished" WC="0.96" CC="0200001100001"/>
						<SP ID="P12_SP00729" HPOS="1945" VPOS="2007" WIDTH="28"/>
						<String ID="word000746" HPOS="1974" VPOS="1959" WIDTH="213" HEIGHT="37" CONTENT="characters" WC="0.99" CC="0000100000"/>
						<SP ID="P12_SP00730" HPOS="2186" VPOS="2007" WIDTH="32"/>
						<String ID="word000747" HPOS="2218" VPOS="1961" WIDTH="37" HEIGHT="33" CONTENT="iu" WC="0.56" CC="35"/>
						<SP ID="P12_SP00731" HPOS="2255" VPOS="2007" WIDTH="31"/>
						<String ID="word000748" HPOS="2285" VPOS="1959" WIDTH="83" HEIGHT="34" CONTENT="that" WC="1.00" CC="0000"/>
						<SP ID="P12_SP00732" HPOS="2368" VPOS="2007" WIDTH="15"/>
						<String ID="word000749" HPOS="2383" VPOS="1965" WIDTH="174" HEIGHT="40" CONTENT="country." WC="1.00" CC="00000000"/>
						<SP ID="P12_SP00733" HPOS="2557" VPOS="2007" WIDTH="53"/>
						<String ID="word000750" HPOS="2610" VPOS="1959" WIDTH="110" HEIGHT="46" CONTENT="They" WC="1.00" CC="0000"/>
						<SP ID="P12_SP00734" HPOS="2720" VPOS="2007" WIDTH="33"/>
						<String ID="word000751" HPOS="2753" VPOS="1971" WIDTH="113" HEIGHT="31" CONTENT="were," WC="0.98" CC="10000"/>
						<SP ID="P12_SP00735" HPOS="2867" VPOS="2007" WIDTH="20"/>
						<String ID="word000752" HPOS="2887" VPOS="1959" WIDTH="38" HEIGHT="37" CONTENT="iu" WC="0.56" CC="35"/>
						<SP ID="P12_SP00736" HPOS="2924" VPOS="2007" WIDTH="20"/>
						<String ID="word000753" HPOS="2944" VPOS="1959" WIDTH="81" HEIGHT="35" CONTENT="like" WC="1.00" CC="0000"/>
						<SP ID="P12_SP00737" HPOS="3026" VPOS="2007" WIDTH="0"/>
					</TextLine>
					<TextLine ID="P12_TL00088" HPOS="1680" VPOS="2017" WIDTH="1349" HEIGHT="48">
						<String ID="word000754" HPOS="1680" VPOS="2028" WIDTH="168" HEIGHT="34" CONTENT="manner," WC="0.56" CC="1466650"/>
						<SP ID="P12_SP00738" HPOS="1847" VPOS="2062" WIDTH="32"/>
						<String ID="word000755" HPOS="1879" VPOS="2019" WIDTH="252" HEIGHT="46" CONTENT="transported," WC="0.99" CC="000010000000"/>
						<SP ID="P12_SP00739" HPOS="2131" VPOS="2065" WIDTH="28"/>
						<String ID="word000756" HPOS="2159" VPOS="2028" WIDTH="44" HEIGHT="26" CONTENT="or" WC="1.00" CC="00"/>
						<SP ID="P12_SP00740" HPOS="2203" VPOS="2065" WIDTH="33"/>
						<String ID="word000757" HPOS="2236" VPOS="2017" WIDTH="157" HEIGHT="34" CONTENT="ordered" WC="0.98" CC="0001000"/>
						<SP ID="P12_SP00741" HPOS="2393" VPOS="2065" WIDTH="37"/>
						<String ID="word000758" HPOS="2430" VPOS="2022" WIDTH="39" HEIGHT="30" CONTENT="to" WC="1.00" CC="00"/>
						<SP ID="P12_SP00742" HPOS="2469" VPOS="2065" WIDTH="30"/>
						<String ID="word000759" HPOS="2498" VPOS="2017" WIDTH="130" HEIGHT="46" CONTENT="repair" WC="1.00" CC="000000"/>
						<SP ID="P12_SP00743" HPOS="2628" VPOS="2065" WIDTH="28"/>
						<String ID="word000760" HPOS="2656" VPOS="2021" WIDTH="40" HEIGHT="31" CONTENT="to" WC="1.00" CC="00"/>
						<SP ID="P12_SP00744" HPOS="2696" VPOS="2065" WIDTH="38"/>
						<String ID="word000761" HPOS="2734" VPOS="2017" WIDTH="193" HEIGHT="45" CONTENT="Bayonne." WC="0.97" CC="00010010"/>
						<SP ID="P12_SP00745" HPOS="2927" VPOS="2065" WIDTH="57"/>
						<String ID="word000762" HPOS="2983" VPOS="2017" WIDTH="45" HEIGHT="37" CONTENT="In" WC="0.44" CC="55"/>
						<SP ID="P12_SP00746" HPOS="3028" VPOS="2065" WIDTH="0"/>
					</TextLine>
					<TextLine ID="P12_TL00089" HPOS="1681" VPOS="2073" WIDTH="1348" HEIGHT="48">
						<String ID="word000763" HPOS="1681" VPOS="2078" WIDTH="64" HEIGHT="34" CONTENT="the" WC="1.00" CC="000"/>
						<SP ID="P12_SP00747" HPOS="1744" VPOS="2112" WIDTH="18"/>
						<String ID="word000764" HPOS="1762" VPOS="2087" WIDTH="104" HEIGHT="25" CONTENT="mean" WC="1.00" CC="0000"/>
						<SP ID="P12_SP00748" HPOS="1866" VPOS="2112" WIDTH="28"/>
						<String ID="word000765" HPOS="1894" VPOS="2075" WIDTH="107" HEIGHT="40" CONTENT="time," WC="0.98" CC="00100"/>
						<SP ID="P12_SP00749" HPOS="2002" VPOS="2115" WIDTH="26"/>
						<String ID="word000766" HPOS="2028" VPOS="2075" WIDTH="64" HEIGHT="34" CONTENT="the" WC="1.00" CC="000"/>
						<SP ID="P12_SP00750" HPOS="2092" VPOS="2115" WIDTH="20"/>
						<String ID="word000767" HPOS="2112" VPOS="2075" WIDTH="230" HEIGHT="35" CONTENT="inhabitants" WC="0.88" CC="01413111000"/>
						<SP ID="P12_SP00751" HPOS="2342" VPOS="2115" WIDTH="34"/>
						<String ID="word000768" HPOS="2376" VPOS="2073" WIDTH="45" HEIGHT="37" CONTENT="of" WC="1.00" CC="00"/>
						<SP ID="P12_SP00752" HPOS="2421" VPOS="2115" WIDTH="26"/>
						<String ID="word000769" HPOS="2447" VPOS="2080" WIDTH="93" HEIGHT="30" CONTENT="most" WC="0.97" CC="1000"/>
						<SP ID="P12_SP00753" HPOS="2541" VPOS="2115" WIDTH="26"/>
						<String ID="word000770" HPOS="2567" VPOS="2075" WIDTH="44" HEIGHT="35" CONTENT="of" WC="0.83" CC="30"/>
						<SP ID="P12_SP00754" HPOS="2610" VPOS="2115" WIDTH="25"/>
						<String ID="word000771" HPOS="2635" VPOS="2075" WIDTH="64" HEIGHT="34" CONTENT="the" WC="1.00" CC="000"/>
						<SP ID="P12_SP00755" HPOS="2699" VPOS="2115" WIDTH="18"/>
						<String ID="word000772" HPOS="2717" VPOS="2075" WIDTH="196" HEIGHT="46" CONTENT="provinces" WC="0.99" CC="000001000"/>
						<SP ID="P12_SP00756" HPOS="2913" VPOS="2121" WIDTH="19"/>
						<String ID="word000773" HPOS="2931" VPOS="2083" WIDTH="97" HEIGHT="33" CONTENT="rose," WC="0.98" CC="00010"/>
						<SP ID="P12_SP00757" HPOS="3028" VPOS="2121" WIDTH="0"/>
					</TextLine>
					<TextLine ID="P12_TL00090" HPOS="1680" VPOS="2132" WIDTH="1352" HEIGHT="50">
						<String ID="word000774" HPOS="1680" VPOS="2135" WIDTH="287" HEIGHT="46" CONTENT="spontaneously" WC="0.97" CC="0001002000000"/>
						<SP ID="P12_SP00758" HPOS="1967" VPOS="2181" WIDTH="19"/>
						<String ID="word000775" HPOS="1985" VPOS="2132" WIDTH="72" HEIGHT="37" CONTENT="and" WC="0.96" CC="010"/>
						<SP ID="P12_SP00759" HPOS="2057" VPOS="2181" WIDTH="20"/>
						<String ID="word000776" HPOS="2078" VPOS="2134" WIDTH="261" HEIGHT="44" CONTENT="unexpectedly" WC="0.87" CC="010406001011" STYLEREFS="TXT_1"/>
						<SP ID="P12_SP00760" HPOS="2339" VPOS="2181" WIDTH="30"/>
						<String ID="word000777" HPOS="2368" VPOS="2138" WIDTH="41" HEIGHT="30" CONTENT="to" WC="1.00" CC="00"/>
						<SP ID="P12_SP00761" HPOS="2409" VPOS="2181" WIDTH="20"/>
						<String ID="word000778" HPOS="2430" VPOS="2143" WIDTH="117" HEIGHT="26" CONTENT="resent" WC="1.00" CC="000000"/>
						<SP ID="P12_SP00762" HPOS="2546" VPOS="2181" WIDTH="19"/>
						<String ID="word000779" HPOS="2565" VPOS="2134" WIDTH="63" HEIGHT="34" CONTENT="the" WC="0.89" CC="030"/>
						<SP ID="P12_SP00763" HPOS="2628" VPOS="2181" WIDTH="27"/>
						<String ID="word000780" HPOS="2655" VPOS="2133" WIDTH="260" HEIGHT="46" CONTENT="unparalleled" WC="0.98" CC="000002000000"/>
						<SP ID="P12_SP00764" HPOS="2915" VPOS="2181" WIDTH="32"/>
						<String ID="word000781" HPOS="2947" VPOS="2143" WIDTH="64" HEIGHT="25" CONTENT="out" SUBS_TYPE="HypPart1" SUBS_CONTENT="outrage." WC="0.97" CC="001"/>
						<HYP HPOS="3011" VPOS="2143" WIDTH="21" CONTENT="-"/>
					</TextLine>
					<TextLine ID="P12_TL00091" HPOS="1682" VPOS="2189" WIDTH="1350" HEIGHT="46">
						<String ID="word000782" HPOS="1682" VPOS="2202" WIDTH="102" HEIGHT="33" CONTENT="rage." SUBS_TYPE="HypPart2" SUBS_CONTENT="outrage." WC="0.93" CC="00003"/>
						<SP ID="P12_SP00765" HPOS="1783" VPOS="2235" WIDTH="51"/>
						<String ID="word000783" HPOS="1834" VPOS="2191" WIDTH="98" HEIGHT="34" CONTENT="New" WC="0.37" CC="638"/>
						<SP ID="P12_SP00766" HPOS="1932" VPOS="2235" WIDTH="21"/>
						<String ID="word000784" HPOS="1954" VPOS="2202" WIDTH="80" HEIGHT="24" CONTENT="men" WC="1.00" CC="000"/>
						<SP ID="P12_SP00767" HPOS="2034" VPOS="2235" WIDTH="20"/>
						<String ID="word000785" HPOS="2054" VPOS="2189" WIDTH="253" HEIGHT="46" CONTENT="immediately" WC="1.00" CC="00000000000"/>
						<SP ID="P12_SP00768" HPOS="2307" VPOS="2235" WIDTH="18"/>
						<String ID="word000786" HPOS="2324" VPOS="2190" WIDTH="194" HEIGHT="45" CONTENT="appeared" WC="0.96" CC="10001010"/>
						<SP ID="P12_SP00769" HPOS="2518" VPOS="2235" WIDTH="20"/>
						<String ID="word000787" HPOS="2538" VPOS="2194" WIDTH="40" HEIGHT="31" CONTENT="to" WC="1.00" CC="00"/>
						<SP ID="P12_SP00770" HPOS="2578" VPOS="2235" WIDTH="20"/>
						<String ID="word000788" HPOS="2598" VPOS="2190" WIDTH="112" HEIGHT="45" CONTENT="guide" WC="1.00" CC="00000"/>
						<SP ID="P12_SP00771" HPOS="2711" VPOS="2235" WIDTH="27"/>
						<String ID="word000789" HPOS="2738" VPOS="2191" WIDTH="71" HEIGHT="34" CONTENT="and" WC="0.67" CC="252"/>
						<SP ID="P12_SP00772" HPOS="2809" VPOS="2235" WIDTH="17"/>
						<String ID="word000790" HPOS="2825" VPOS="2190" WIDTH="122" HEIGHT="37" CONTENT="direct" WC="1.00" CC="000000"/>
						<SP ID="P12_SP00773" HPOS="2947" VPOS="2235" WIDTH="22"/>
						<String ID="word000791" HPOS="2969" VPOS="2190" WIDTH="63" HEIGHT="34" CONTENT="the" WC="0.96" CC="001"/>
						<SP ID="P12_SP00774" HPOS="3032" VPOS="2235" WIDTH="0"/>
					</TextLine>
					<TextLine ID="P12_TL00092" HPOS="1680" VPOS="2246" WIDTH="1350" HEIGHT="43">
						<String ID="word000792" HPOS="1680" VPOS="2248" WIDTH="128" HEIGHT="34" CONTENT="efforts" WC="0.95" CC="1110000"/>
						<SP ID="P12_SP00775" HPOS="1807" VPOS="2282" WIDTH="17"/>
						<String ID="word000793" HPOS="1824" VPOS="2246" WIDTH="44" HEIGHT="34" CONTENT="of" WC="1.00" CC="00"/>
						<SP ID="P12_SP00776" HPOS="1867" VPOS="2282" WIDTH="26"/>
						<String ID="word000794" HPOS="1893" VPOS="2246" WIDTH="61" HEIGHT="35" CONTENT="the" WC="0.96" CC="010"/>
						<SP ID="P12_SP00777" HPOS="1955" VPOS="2282" WIDTH="21"/>
						<String ID="word000795" HPOS="1976" VPOS="2246" WIDTH="233" HEIGHT="34" CONTENT="inhabitants" WC="0.79" CC="17130110601"/>
						<SP ID="P12_SP00778" HPOS="2209" VPOS="2282" WIDTH="17"/>
						<String ID="word000796" HPOS="2225" VPOS="2246" WIDTH="69" HEIGHT="34" CONTENT="and" WC="0.96" CC="010"/>
						<SP ID="P12_SP00779" HPOS="2294" VPOS="2282" WIDTH="32"/>
						<String ID="word000797" HPOS="2326" VPOS="2252" WIDTH="38" HEIGHT="27" CONTENT="to" WC="1.00" CC="00"/>
						<SP ID="P12_SP00780" HPOS="2363" VPOS="2282" WIDTH="26"/>
						<String ID="word000798" HPOS="2389" VPOS="2246" WIDTH="53" HEIGHT="37" CONTENT="fill" WC="1.00" CC="0000"/>
						<SP ID="P12_SP00781" HPOS="2443" VPOS="2283" WIDTH="26"/>
						<String ID="word000799" HPOS="2469" VPOS="2246" WIDTH="61" HEIGHT="37" CONTENT="the" WC="1.00" CC="000"/>
						<SP ID="P12_SP00782" HPOS="2530" VPOS="2283" WIDTH="20"/>
						<String ID="word000800" HPOS="2550" VPOS="2249" WIDTH="210" HEIGHT="40" CONTENT="vacancies," WC="0.98" CC="0001010000"/>
						<SP ID="P12_SP00783" HPOS="2760" VPOS="2289" WIDTH="34"/>
						<String ID="word000801" HPOS="2794" VPOS="2246" WIDTH="125" HEIGHT="35" CONTENT="which" WC="1.00" CC="00000"/>
						<SP ID="P12_SP00784" HPOS="2920" VPOS="2289" WIDTH="38"/>
						<String ID="word000802" HPOS="2957" VPOS="2246" WIDTH="72" HEIGHT="34" CONTENT="had" WC="0.96" CC="001"/>
						<SP ID="P12_SP00785" HPOS="3030" VPOS="2289" WIDTH="0"/>
					</TextLine>
					<TextLine ID="P12_TL00093" HPOS="1680" VPOS="2303" WIDTH="1350" HEIGHT="46">
						<String ID="word000803" HPOS="1680" VPOS="2306" WIDTH="93" HEIGHT="34" CONTENT="been" WC="0.94" CC="2000"/>
						<SP ID="P12_SP00786" HPOS="1773" VPOS="2340" WIDTH="18"/>
						<String ID="word000804" HPOS="1791" VPOS="2303" WIDTH="216" HEIGHT="37" CONTENT="occasioned" WC="0.97" CC="0000101100"/>
						<SP ID="P12_SP00787" HPOS="2007" VPOS="2340" WIDTH="19"/>
						<String ID="word000805" HPOS="2026" VPOS="2306" WIDTH="50" HEIGHT="43" CONTENT="by" WC="0.83" CC="12"/>
						<SP ID="P12_SP00788" HPOS="2075" VPOS="2348" WIDTH="19"/>
						<String ID="word000806" HPOS="2094" VPOS="2304" WIDTH="61" HEIGHT="34" CONTENT="the" WC="0.96" CC="010"/>
						<SP ID="P12_SP00789" HPOS="2156" VPOS="2348" WIDTH="18"/>
						<String ID="word000807" HPOS="2173" VPOS="2306" WIDTH="152" HEIGHT="33" CONTENT="absence" WC="0.92" CC="0300101"/>
						<SP ID="P12_SP00790" HPOS="2326" VPOS="2348" WIDTH="19"/>
						<String ID="word000808" HPOS="2344" VPOS="2304" WIDTH="46" HEIGHT="34" CONTENT="of" WC="1.00" CC="00"/>
						<SP ID="P12_SP00791" HPOS="2391" VPOS="2348" WIDTH="31"/>
						<String ID="word000809" HPOS="2421" VPOS="2303" WIDTH="105" HEIGHT="35" CONTENT="those" WC="0.95" CC="01100"/>
						<SP ID="P12_SP00792" HPOS="2526" VPOS="2348" WIDTH="30"/>
						<String ID="word000810" HPOS="2556" VPOS="2306" WIDTH="84" HEIGHT="33" CONTENT="who" WC="1.00" CC="000"/>
						<SP ID="P12_SP00793" HPOS="2640" VPOS="2348" WIDTH="38"/>
						<String ID="word000811" HPOS="2678" VPOS="2303" WIDTH="71" HEIGHT="35" CONTENT="had" WC="1.00" CC="000"/>
						<SP ID="P12_SP00794" HPOS="2748" VPOS="2348" WIDTH="20"/>
						<String ID="word000812" HPOS="2769" VPOS="2304" WIDTH="178" HEIGHT="45" CONTENT="formerly" WC="0.99" CC="01000000"/>
						<SP ID="P12_SP00795" HPOS="2947" VPOS="2349" WIDTH="24"/>
						<String ID="word000813" HPOS="2970" VPOS="2304" WIDTH="59" HEIGHT="34" CONTENT="the" WC="0.96" CC="001"/>
						<SP ID="P12_SP00796" HPOS="3030" VPOS="2349" WIDTH="0"/>
					</TextLine>
					<TextLine ID="P12_TL00094" HPOS="1677" VPOS="2359" WIDTH="1355" HEIGHT="48">
						<String ID="word000814" HPOS="1677" VPOS="2360" WIDTH="301" HEIGHT="37" CONTENT="administration" WC="0.98" CC="01000010000000"/>
						<SP ID="P12_SP00797" HPOS="1978" VPOS="2396" WIDTH="11"/>
						<String ID="word000815" HPOS="1989" VPOS="2360" WIDTH="44" HEIGHT="35" CONTENT="of" WC="1.00" CC="00"/>
						<SP ID="P12_SP00798" HPOS="2033" VPOS="2396" WIDTH="12"/>
						<String ID="word000816" HPOS="2044" VPOS="2359" WIDTH="60" HEIGHT="37" CONTENT="the" WC="1.00" CC="000"/>
						<SP ID="P12_SP00799" HPOS="2105" VPOS="2396" WIDTH="18"/>
						<String ID="word000817" HPOS="2122" VPOS="2360" WIDTH="209" HEIGHT="46" CONTENT="provinces," WC="0.98" CC="0000010010"/>
						<SP ID="P12_SP00800" HPOS="2331" VPOS="2406" WIDTH="13"/>
						<String ID="word000818" HPOS="2344" VPOS="2360" WIDTH="71" HEIGHT="37" CONTENT="and" WC="0.67" CC="252"/>
						<SP ID="P12_SP00801" HPOS="2415" VPOS="2406" WIDTH="15"/>
						<String ID="word000819" HPOS="2431" VPOS="2360" WIDTH="71" HEIGHT="35" CONTENT="had" WC="0.85" CC="013"/>
						<SP ID="P12_SP00802" HPOS="2502" VPOS="2406" WIDTH="13"/>
						<String ID="word000820" HPOS="2515" VPOS="2360" WIDTH="99" HEIGHT="35" CONTENT="filled" WC="0.94" CC="002100"/>
						<SP ID="P12_SP00803" HPOS="2614" VPOS="2406" WIDTH="15"/>
						<String ID="word000821" HPOS="2629" VPOS="2359" WIDTH="63" HEIGHT="35" CONTENT="the" WC="0.96" CC="010"/>
						<SP ID="P12_SP00804" HPOS="2692" VPOS="2406" WIDTH="12"/>
						<String ID="word000822" HPOS="2704" VPOS="2360" WIDTH="184" HEIGHT="47" CONTENT="principal" WC="1.00" CC="000000000"/>
						<SP ID="P12_SP00805" HPOS="2888" VPOS="2407" WIDTH="19"/>
						<String ID="word000823" HPOS="2907" VPOS="2361" WIDTH="125" HEIGHT="45" CONTENT="places" WC="0.78" CC="021144"/>
						<SP ID="P12_SP00806" HPOS="3032" VPOS="2407" WIDTH="0"/>
					</TextLine>
					<TextLine ID="P12_TL00095" HPOS="1680" VPOS="2412" WIDTH="1354" HEIGHT="51">
						<String ID="word000824" HPOS="1680" VPOS="2418" WIDTH="120" HEIGHT="37" CONTENT="under" WC="1.00" CC="00000"/>
						<SP ID="P12_SP00807" HPOS="1800" VPOS="2454" WIDTH="17"/>
						<String ID="word000825" HPOS="1817" VPOS="2418" WIDTH="265" HEIGHT="35" CONTENT="Government." WC="0.95" CC="11000110001"/>
						<SP ID="P12_SP00808" HPOS="2081" VPOS="2454" WIDTH="28"/>
						<String ID="word000826" HPOS="2109" VPOS="2417" WIDTH="81" HEIGHT="35" CONTENT="The" WC="0.93" CC="110"/>
						<SP ID="P12_SP00809" HPOS="2191" VPOS="2454" WIDTH="21"/>
						<String ID="word000827" HPOS="2212" VPOS="2427" WIDTH="165" HEIGHT="35" CONTENT="peTFODS," WC="0.30" CC="56786684"/>
						<SP ID="P12_SP00810" HPOS="2378" VPOS="2463" WIDTH="24"/>
						<String ID="word000828" HPOS="2401" VPOS="2417" WIDTH="78" HEIGHT="35" CONTENT="into" WC="0.39" CC="4675"/>
						<SP ID="P12_SP00811" HPOS="2479" VPOS="2463" WIDTH="20"/>
						<String ID="word000829" HPOS="2499" VPOS="2412" WIDTH="125" HEIGHT="39" CONTENT="*hose" WC="0.71" CC="70510"/>
						<SP ID="P12_SP00812" HPOS="2624" VPOS="2463" WIDTH="14"/>
						<String ID="word000830" HPOS="2639" VPOS="2417" WIDTH="113" HEIGHT="34" CONTENT="hands" WC="0.62" CC="75311"/>
						<SP ID="P12_SP00813" HPOS="2752" VPOS="2463" WIDTH="15"/>
						<String ID="word000831" HPOS="2767" VPOS="2417" WIDTH="65" HEIGHT="35" CONTENT="the" WC="0.96" CC="010"/>
						<SP ID="P12_SP00814" HPOS="2832" VPOS="2463" WIDTH="15"/>
						<String ID="word000832" HPOS="2848" VPOS="2417" WIDTH="185" HEIGHT="35" CONTENT="direction" WC="0.97" CC="000000002"/>
						<SP ID="P12_SP00815" HPOS="3033" VPOS="2463" WIDTH="0"/>
					</TextLine>
					<TextLine ID="P12_TL00096" HPOS="1680" VPOS="2473" WIDTH="1350" HEIGHT="47">
						<String ID="word000833" HPOS="1680" VPOS="2477" WIDTH="43" HEIGHT="33" CONTENT="of" WC="1.00" CC="00"/>
						<SP ID="P12_SP00816" HPOS="1722" VPOS="2510" WIDTH="11"/>
						<String ID="word000834" HPOS="1733" VPOS="2476" WIDTH="131" HEIGHT="34" CONTENT="affairs" WC="0.98" CC="0010000"/>
						<SP ID="P12_SP00817" HPOS="1864" VPOS="2510" WIDTH="18"/>
						<String ID="word000835" HPOS="1881" VPOS="2476" WIDTH="85" HEIGHT="34" CONTENT="thus" WC="1.00" CC="0000"/>
						<SP ID="P12_SP00818" HPOS="1967" VPOS="2510" WIDTH="13"/>
						<String ID="word000836" HPOS="1980" VPOS="2476" WIDTH="253" HEIGHT="44" CONTENT="accidentally" WC="0.98" CC="000000100010"/>
						<SP ID="P12_SP00819" HPOS="2232" VPOS="2519" WIDTH="19"/>
						<String ID="word000837" HPOS="2251" VPOS="2473" WIDTH="84" HEIGHT="43" CONTENT="fell," WC="0.98" CC="00100"/>
						<SP ID="P12_SP00820" HPOS="2335" VPOS="2519" WIDTH="35"/>
						<String ID="word000838" HPOS="2370" VPOS="2474" WIDTH="76" HEIGHT="35" CONTENT="had" WC="1.00" CC="000"/>
						<SP ID="P12_SP00821" HPOS="2446" VPOS="2519" WIDTH="18"/>
						<String ID="word000839" HPOS="2464" VPOS="2484" WIDTH="176" HEIGHT="35" CONTENT="courage," WC="0.99" CC="00001000"/>
						<SP ID="P12_SP00822" HPOS="2640" VPOS="2519" WIDTH="35"/>
						<String ID="word000840" HPOS="2675" VPOS="2474" WIDTH="100" HEIGHT="41" CONTENT="zeal," WC="0.98" CC="01000"/>
						<SP ID="P12_SP00823" HPOS="2776" VPOS="2519" WIDTH="32"/>
						<String ID="word000841" HPOS="2807" VPOS="2474" WIDTH="69" HEIGHT="35" CONTENT="and" WC="0.89" CC="003"/>
						<SP ID="P12_SP00824" HPOS="2876" VPOS="2519" WIDTH="19"/>
						<String ID="word000842" HPOS="2895" VPOS="2474" WIDTH="112" HEIGHT="34" CONTENT="enthu" SUBS_TYPE="HypPart1" SUBS_CONTENT="enthusiasm" WC="0.91" CC="03001"/>
						<HYP HPOS="3007" VPOS="2474" WIDTH="22" CONTENT="-"/>
					</TextLine>
					<TextLine ID="P12_TL00097" HPOS="1678" VPOS="2531" WIDTH="1356" HEIGHT="49">
						<String ID="word000843" HPOS="1678" VPOS="2533" WIDTH="109" HEIGHT="34" CONTENT="siasm" SUBS_TYPE="HypPart2" SUBS_CONTENT="enthusiasm" WC="0.87" CC="30003"/>
						<SP ID="P12_SP00825" HPOS="1787" VPOS="2568" WIDTH="15"/>
						<String ID="word000844" HPOS="1802" VPOS="2545" WIDTH="11" HEIGHT="27" CONTENT=";" WC="1.00" CC="0"/>
						<SP ID="P12_SP00826" HPOS="1813" VPOS="2572" WIDTH="25"/>
						<String ID="word000845" HPOS="1838" VPOS="2533" WIDTH="66" HEIGHT="34" CONTENT="hut" WC="0.81" CC="410"/>
						<SP ID="P12_SP00827" HPOS="1904" VPOS="2572" WIDTH="18"/>
						<String ID="word000846" HPOS="1922" VPOS="2532" WIDTH="93" HEIGHT="45" CONTENT="they" WC="1.00" CC="0000"/>
						<SP ID="P12_SP00828" HPOS="2015" VPOS="2577" WIDTH="20"/>
						<String ID="word000847" HPOS="2035" VPOS="2531" WIDTH="185" HEIGHT="46" CONTENT="possessed" WC="1.00" CC="000000000"/>
						<SP ID="P12_SP00829" HPOS="2220" VPOS="2577" WIDTH="17"/>
						<String ID="word000848" HPOS="2237" VPOS="2541" WIDTH="47" HEIGHT="26" CONTENT="no" WC="0.94" CC="10"/>
						<SP ID="P12_SP00830" HPOS="2284" VPOS="2577" WIDTH="25"/>
						<String ID="word000849" HPOS="2309" VPOS="2531" WIDTH="247" HEIGHT="46" CONTENT="experience," WC="0.99" CC="10000000000"/>
						<SP ID="P12_SP00831" HPOS="2556" VPOS="2577" WIDTH="27"/>
						<String ID="word000850" HPOS="2583" VPOS="2531" WIDTH="71" HEIGHT="35" CONTENT="and" WC="0.85" CC="310"/>
						<SP ID="P12_SP00832" HPOS="2654" VPOS="2577" WIDTH="27"/>
						<String ID="word000851" HPOS="2681" VPOS="2541" WIDTH="102" HEIGHT="26" CONTENT="were" WC="1.00" CC="0000"/>
						<SP ID="P12_SP00833" HPOS="2783" VPOS="2577" WIDTH="26"/>
						<String ID="word000852" HPOS="2809" VPOS="2533" WIDTH="138" HEIGHT="46" CONTENT="totally" WC="0.94" CC="0000310"/>
						<SP ID="P12_SP00834" HPOS="2947" VPOS="2580" WIDTH="20"/>
						<String ID="word000853" HPOS="2967" VPOS="2543" WIDTH="45" HEIGHT="25" CONTENT="un" SUBS_TYPE="HypPart1" SUBS_CONTENT="unacquainted" WC="1.00" CC="00"/>
						<HYP HPOS="3012" VPOS="2543" WIDTH="22" CONTENT="-"/>
					</TextLine>
					<TextLine ID="P12_TL00098" HPOS="1680" VPOS="2588" WIDTH="1356" HEIGHT="48">
						<String ID="word000854" HPOS="1680" VPOS="2590" WIDTH="221" HEIGHT="46" CONTENT="acquainted" SUBS_TYPE="HypPart2" SUBS_CONTENT="unacquainted" WC="0.97" CC="0110000010"/>
						<SP ID="P12_SP00835" HPOS="1900" VPOS="2636" WIDTH="20"/>
						<String ID="word000855" HPOS="1920" VPOS="2590" WIDTH="92" HEIGHT="34" CONTENT="with" WC="0.97" CC="0001"/>
						<SP ID="P12_SP00836" HPOS="2013" VPOS="2636" WIDTH="19"/>
						<String ID="word000856" HPOS="2031" VPOS="2589" WIDTH="64" HEIGHT="35" CONTENT="the" WC="1.00" CC="000"/>
						<SP ID="P12_SP00837" HPOS="2095" VPOS="2636" WIDTH="26"/>
						<String ID="word000857" HPOS="2121" VPOS="2598" WIDTH="203" HEIGHT="32" CONTENT="resources," WC="0.98" CC="0100000010"/>
						<SP ID="P12_SP00838" HPOS="2324" VPOS="2636" WIDTH="24"/>
						<String ID="word000858" HPOS="2348" VPOS="2588" WIDTH="73" HEIGHT="35" CONTENT="and" WC="0.96" CC="010"/>
						<SP ID="P12_SP00839" HPOS="2421" VPOS="2636" WIDTH="25"/>
						<String ID="word000859" HPOS="2446" VPOS="2589" WIDTH="169" HEIGHT="45" CONTENT="ignorant" WC="0.97" CC="01100000"/>
						<SP ID="P12_SP00840" HPOS="2615" VPOS="2636" WIDTH="28"/>
						<String ID="word000860" HPOS="2643" VPOS="2589" WIDTH="45" HEIGHT="34" CONTENT="of" WC="1.00" CC="00"/>
						<SP ID="P12_SP00841" HPOS="2688" VPOS="2636" WIDTH="21"/>
						<String ID="word000861" HPOS="2709" VPOS="2589" WIDTH="65" HEIGHT="34" CONTENT="the" WC="1.00" CC="000"/>
						<SP ID="P12_SP00842" HPOS="2774" VPOS="2636" WIDTH="25"/>
						<String ID="word000862" HPOS="2799" VPOS="2590" WIDTH="215" HEIGHT="35" CONTENT="administra" SUBS_TYPE="HypPart1" SUBS_CONTENT="administrative" WC="0.97" CC="0000101000"/>
						<HYP HPOS="3014" VPOS="2590" WIDTH="21" CONTENT="-"/>
					</TextLine>
					<TextLine ID="P12_TL00099" HPOS="1680" VPOS="2644" WIDTH="1356" HEIGHT="48">
						<String ID="word000863" HPOS="1680" VPOS="2649" WIDTH="79" HEIGHT="34" CONTENT="tive" SUBS_TYPE="HypPart2" SUBS_CONTENT="administrative" WC="1.00" CC="0000"/>
						<SP ID="P12_SP00843" HPOS="1759" VPOS="2683" WIDTH="22"/>
						<String ID="word000864" HPOS="1781" VPOS="2647" WIDTH="133" HEIGHT="35" CONTENT="details" WC="0.97" CC="0001010"/>
						<SP ID="P12_SP00844" HPOS="1915" VPOS="2683" WIDTH="26"/>
						<String ID="word000865" HPOS="1941" VPOS="2646" WIDTH="45" HEIGHT="37" CONTENT="of" WC="1.00" CC="00"/>
						<SP ID="P12_SP00845" HPOS="1985" VPOS="2683" WIDTH="13"/>
						<String ID="word000866" HPOS="1998" VPOS="2646" WIDTH="100" HEIGHT="37" CONTENT="their" WC="1.00" CC="00000"/>
						<SP ID="P12_SP00846" HPOS="2099" VPOS="2683" WIDTH="18"/>
						<String ID="word000867" HPOS="2117" VPOS="2647" WIDTH="209" HEIGHT="45" CONTENT="respective" WC="1.00" CC="0000000000"/>
						<SP ID="P12_SP00847" HPOS="2326" VPOS="2692" WIDTH="19"/>
						<String ID="word000868" HPOS="2344" VPOS="2647" WIDTH="210" HEIGHT="45" CONTENT="provinces." WC="1.00" CC="0000000000"/>
						<SP ID="P12_SP00848" HPOS="2555" VPOS="2692" WIDTH="53"/>
						<String ID="word000869" HPOS="2608" VPOS="2646" WIDTH="110" HEIGHT="45" CONTENT="They" WC="1.00" CC="0000"/>
						<SP ID="P12_SP00849" HPOS="2718" VPOS="2692" WIDTH="19"/>
						<String ID="word000870" HPOS="2737" VPOS="2644" WIDTH="71" HEIGHT="37" CONTENT="bad" WC="0.96" CC="100"/>
						<SP ID="P12_SP00850" HPOS="2807" VPOS="2692" WIDTH="20"/>
						<String ID="word000871" HPOS="2828" VPOS="2647" WIDTH="65" HEIGHT="33" CONTENT="the" WC="1.00" CC="000"/>
						<SP ID="P12_SP00851" HPOS="2893" VPOS="2692" WIDTH="19"/>
						<String ID="word000872" HPOS="2911" VPOS="2657" WIDTH="124" HEIGHT="26" CONTENT="means" WC="1.00" CC="00000"/>
						<SP ID="P12_SP00852" HPOS="3035" VPOS="2692" WIDTH="0"/>
					</TextLine>
					<TextLine ID="P12_TL00100" HPOS="1681" VPOS="2701" WIDTH="1356" HEIGHT="49">
						<String ID="word000873" HPOS="1681" VPOS="2705" WIDTH="45" HEIGHT="34" CONTENT="of" WC="1.00" CC="00"/>
						<SP ID="P12_SP00853" HPOS="1726" VPOS="2739" WIDTH="27"/>
						<String ID="word000874" HPOS="1753" VPOS="2704" WIDTH="202" HEIGHT="46" CONTENT="fomenting" WC="0.97" CC="000010010"/>
						<SP ID="P12_SP00854" HPOS="1955" VPOS="2750" WIDTH="28"/>
						<String ID="word000875" HPOS="1983" VPOS="2704" WIDTH="71" HEIGHT="34" CONTENT="and" WC="0.96" CC="100"/>
						<SP ID="P12_SP00855" HPOS="2054" VPOS="2750" WIDTH="30"/>
						<String ID="word000876" HPOS="2083" VPOS="2704" WIDTH="164" HEIGHT="45" CONTENT="keeping" WC="0.95" CC="0001002"/>
						<SP ID="P12_SP00856" HPOS="2248" VPOS="2750" WIDTH="31"/>
						<String ID="word000877" HPOS="2278" VPOS="2701" WIDTH="64" HEIGHT="35" CONTENT="the" WC="1.00" CC="000"/>
						<SP ID="P12_SP00857" HPOS="2342" VPOS="2750" WIDTH="34"/>
						<String ID="word000878" HPOS="2376" VPOS="2704" WIDTH="164" HEIGHT="45" CONTENT="popular" WC="1.00" CC="0000000"/>
						<SP ID="P12_SP00858" HPOS="2541" VPOS="2750" WIDTH="19"/>
						<String ID="word000879" HPOS="2559" VPOS="2702" WIDTH="231" HEIGHT="46" CONTENT="indignation" WC="0.91" CC="10411100010"/>
						<SP ID="P12_SP00859" HPOS="2791" VPOS="2750" WIDTH="18"/>
						<String ID="word000880" HPOS="2809" VPOS="2704" WIDTH="131" HEIGHT="40" CONTENT="alive;" WC="0.93" CC="000022"/>
						<SP ID="P12_SP00860" HPOS="2940" VPOS="2750" WIDTH="31"/>
						<String ID="word000881" HPOS="2970" VPOS="2704" WIDTH="66" HEIGHT="35" CONTENT="but" WC="1.00" CC="000"/>
						<SP ID="P12_SP00861" HPOS="3037" VPOS="2750" WIDTH="0"/>
					</TextLine>
					<TextLine ID="P12_TL00101" HPOS="1685" VPOS="2759" WIDTH="1354" HEIGHT="46">
						<String ID="word000882" HPOS="1685" VPOS="2772" WIDTH="98" HEIGHT="25" CONTENT="were" WC="1.00" CC="0000"/>
						<SP ID="P12_SP00862" HPOS="1783" VPOS="2797" WIDTH="13"/>
						<String ID="word000883" HPOS="1796" VPOS="2766" WIDTH="64" HEIGHT="30" CONTENT="not" WC="0.96" CC="100"/>
						<SP ID="P12_SP00863" HPOS="1860" VPOS="2797" WIDTH="26"/>
						<String ID="word000884" HPOS="1886" VPOS="2761" WIDTH="124" HEIGHT="34" CONTENT="vested" WC="1.00" CC="000000"/>
						<SP ID="P12_SP00864" HPOS="2010" VPOS="2797" WIDTH="20"/>
						<String ID="word000885" HPOS="2030" VPOS="2761" WIDTH="94" HEIGHT="33" CONTENT="with" WC="0.69" CC="2225"/>
						<SP ID="P12_SP00865" HPOS="2125" VPOS="2797" WIDTH="31"/>
						<String ID="word000886" HPOS="2156" VPOS="2759" WIDTH="181" HEIGHT="35" CONTENT="sufficient" WC="0.83" CC="0016600110"/>
						<SP ID="P12_SP00866" HPOS="2336" VPOS="2797" WIDTH="27"/>
						<String ID="word000887" HPOS="2363" VPOS="2760" WIDTH="196" HEIGHT="45" CONTENT="authority" WC="1.00" CC="000000000"/>
						<SP ID="P12_SP00867" HPOS="2559" VPOS="2805" WIDTH="20"/>
						<String ID="word000888" HPOS="2580" VPOS="2764" WIDTH="39" HEIGHT="31" CONTENT="to" WC="1.00" CC="00"/>
						<SP ID="P12_SP00868" HPOS="2619" VPOS="2805" WIDTH="31"/>
						<String ID="word000889" HPOS="2649" VPOS="2764" WIDTH="112" HEIGHT="32" CONTENT="exact" WC="1.00" CC="00000"/>
						<SP ID="P12_SP00869" HPOS="2761" VPOS="2805" WIDTH="27"/>
						<String ID="word000890" HPOS="2789" VPOS="2760" WIDTH="71" HEIGHT="34" CONTENT="and" WC="1.00" CC="000"/>
						<SP ID="P12_SP00870" HPOS="2859" VPOS="2805" WIDTH="26"/>
						<String ID="word000891" HPOS="2885" VPOS="2759" WIDTH="154" HEIGHT="38" CONTENT="enforce" WC="0.97" CC="0001001"/>
						<SP ID="P12_SP00871" HPOS="3039" VPOS="2805" WIDTH="0"/>
					</TextLine>
					<TextLine ID="P12_TL00102" HPOS="1682" VPOS="2816" WIDTH="1354" HEIGHT="46">
						<String ID="word000892" HPOS="1682" VPOS="2818" WIDTH="94" HEIGHT="35" CONTENT="from" WC="0.97" CC="0001"/>
						<SP ID="P12_SP00872" HPOS="1776" VPOS="2854" WIDTH="18"/>
						<String ID="word000893" HPOS="1794" VPOS="2817" WIDTH="100" HEIGHT="37" CONTENT="their" WC="1.00" CC="00000"/>
						<SP ID="P12_SP00873" HPOS="1894" VPOS="2854" WIDTH="17"/>
						<String ID="word000894" HPOS="1911" VPOS="2817" WIDTH="324" HEIGHT="43" CONTENT="fellow-citizens," WC="0.94" CC="0000123200001000"/>
						<SP ID="P12_SP00874" HPOS="2235" VPOS="2859" WIDTH="20"/>
						<String ID="word000895" HPOS="2255" VPOS="2816" WIDTH="63" HEIGHT="35" CONTENT="the" WC="1.00" CC="000"/>
						<SP ID="P12_SP00875" HPOS="2317" VPOS="2859" WIDTH="19"/>
						<String ID="word000896" HPOS="2336" VPOS="2816" WIDTH="260" HEIGHT="46" CONTENT="performance" WC="0.99" CC="00001000000"/>
						<SP ID="P12_SP00876" HPOS="2596" VPOS="2862" WIDTH="17"/>
						<String ID="word000897" HPOS="2613" VPOS="2816" WIDTH="45" HEIGHT="37" CONTENT="of" WC="1.00" CC="00"/>
						<SP ID="P12_SP00877" HPOS="2657" VPOS="2862" WIDTH="21"/>
						<String ID="word000898" HPOS="2679" VPOS="2817" WIDTH="104" HEIGHT="35" CONTENT="those" WC="1.00" CC="00000"/>
						<SP ID="P12_SP00878" HPOS="2783" VPOS="2862" WIDTH="18"/>
						<String ID="word000899" HPOS="2800" VPOS="2817" WIDTH="135" HEIGHT="41" CONTENT="duties," WC="0.98" CC="0000010"/>
						<SP ID="P12_SP00879" HPOS="2935" VPOS="2862" WIDTH="30"/>
						<String ID="word000900" HPOS="2965" VPOS="2817" WIDTH="71" HEIGHT="35" CONTENT="and" WC="1.00" CC="000"/>
						<SP ID="P12_SP00880" HPOS="3035" VPOS="2862" WIDTH="0"/>
					</TextLine>
					<TextLine ID="P12_TL00103" HPOS="1683" VPOS="2872" WIDTH="1352" HEIGHT="49">
						<String ID="word000901" HPOS="1683" VPOS="2885" WIDTH="22" HEIGHT="24" CONTENT="a" WC="0.89" CC="1"/>
						<SP ID="P12_SP00881" HPOS="1706" VPOS="2909" WIDTH="24"/>
						<String ID="word000902" HPOS="1729" VPOS="2874" WIDTH="219" HEIGHT="37" CONTENT="submission" WC="0.88" CC="1132010111"/>
						<SP ID="P12_SP00882" HPOS="1948" VPOS="2910" WIDTH="32"/>
						<String ID="word000903" HPOS="1980" VPOS="2880" WIDTH="39" HEIGHT="28" CONTENT="to" WC="0.94" CC="01"/>
						<SP ID="P12_SP00883" HPOS="2019" VPOS="2910" WIDTH="19"/>
						<String ID="word000904" HPOS="2037" VPOS="2872" WIDTH="105" HEIGHT="35" CONTENT="those" WC="1.00" CC="00000"/>
						<SP ID="P12_SP00884" HPOS="2143" VPOS="2910" WIDTH="28"/>
						<String ID="word000905" HPOS="2171" VPOS="2872" WIDTH="226" HEIGHT="46" CONTENT="privations," WC="0.98" CC="00000000011"/>
						<SP ID="P12_SP00885" HPOS="2396" VPOS="2919" WIDTH="25"/>
						<String ID="word000906" HPOS="2421" VPOS="2872" WIDTH="124" HEIGHT="37" CONTENT="which" WC="0.95" CC="10001"/>
						<SP ID="P12_SP00886" HPOS="2545" VPOS="2919" WIDTH="28"/>
						<String ID="word000907" HPOS="2574" VPOS="2872" WIDTH="201" HEIGHT="37" CONTENT="resistance" WC="0.99" CC="0000001000"/>
						<SP ID="P12_SP00887" HPOS="2774" VPOS="2919" WIDTH="27"/>
						<String ID="word000908" HPOS="2802" VPOS="2885" WIDTH="45" HEIGHT="24" CONTENT="on" WC="0.94" CC="01"/>
						<SP ID="P12_SP00888" HPOS="2846" VPOS="2919" WIDTH="26"/>
						<String ID="word000909" HPOS="2872" VPOS="2885" WIDTH="26" HEIGHT="25" CONTENT="a" WC="1.00" CC="0"/>
						<SP ID="P12_SP00889" HPOS="2898" VPOS="2919" WIDTH="17"/>
						<String ID="word000910" HPOS="2915" VPOS="2875" WIDTH="120" HEIGHT="46" CONTENT="large," WC="0.94" CC="100011"/>
						<SP ID="P12_SP00890" HPOS="3035" VPOS="2921" WIDTH="0"/>
					</TextLine>
					<TextLine ID="P12_TL00104" HPOS="1685" VPOS="2929" WIDTH="1353" HEIGHT="47">
						<String ID="word000911" HPOS="1685" VPOS="2929" WIDTH="188" HEIGHT="43" CONTENT="habitual," WC="0.94" CC="011000210"/>
						<SP ID="P12_SP00891" HPOS="1873" VPOS="2972" WIDTH="32"/>
						<String ID="word000912" HPOS="1905" VPOS="2930" WIDTH="73" HEIGHT="34" CONTENT="and" WC="1.00" CC="000"/>
						<SP ID="P12_SP00892" HPOS="1978" VPOS="2972" WIDTH="31"/>
						<String ID="word000913" HPOS="2009" VPOS="2930" WIDTH="164" HEIGHT="35" CONTENT="uniform" WC="0.98" CC="0000001"/>
						<SP ID="P12_SP00893" HPOS="2173" VPOS="2972" WIDTH="31"/>
						<String ID="word000914" HPOS="2204" VPOS="2931" WIDTH="99" HEIGHT="34" CONTENT="scale" WC="1.00" CC="00000"/>
						<SP ID="P12_SP00894" HPOS="2303" VPOS="2972" WIDTH="33"/>
						<String ID="word000915" HPOS="2336" VPOS="2931" WIDTH="224" HEIGHT="45" CONTENT="necessarily" WC="0.98" CC="00100000010"/>
						<SP ID="P12_SP00895" HPOS="2561" VPOS="2976" WIDTH="19"/>
						<String ID="word000916" HPOS="2580" VPOS="2931" WIDTH="207" HEIGHT="35" CONTENT="demanded" WC="0.78" CC="22222222"/>
						<SP ID="P12_SP00896" HPOS="2786" VPOS="2976" WIDTH="18"/>
						<String ID="word000917" HPOS="2804" VPOS="2941" WIDTH="84" HEIGHT="26" CONTENT="e—a" WC="0.56" CC="732"/>
						<SP ID="P12_SP00897" HPOS="2888" VPOS="2976" WIDTH="27"/>
						<String ID="word000918" HPOS="2915" VPOS="2933" WIDTH="106" HEIGHT="35" CONTENT="resist" SUBS_TYPE="HypPart1" SUBS_CONTENT="resistance" WC="0.98" CC="001000"/>
						<HYP HPOS="3021" VPOS="2933" WIDTH="17" CONTENT="-"/>
					</TextLine>
					<TextLine ID="P12_TL00105" HPOS="1680" VPOS="2986" WIDTH="1351" HEIGHT="50">
						<String ID="word000919" HPOS="1680" VPOS="2998" WIDTH="93" HEIGHT="25" CONTENT="ance" SUBS_TYPE="HypPart2" SUBS_CONTENT="resistance" WC="0.97" CC="0010"/>
						<SP ID="P12_SP00898" HPOS="1773" VPOS="3022" WIDTH="18"/>
						<String ID="word000920" HPOS="1791" VPOS="2988" WIDTH="180" HEIGHT="34" CONTENT="sufficient" WC="0.90" CC="0004500000"/>
						<SP ID="P12_SP00899" HPOS="1970" VPOS="3022" WIDTH="17"/>
						<String ID="word000921" HPOS="1987" VPOS="2992" WIDTH="41" HEIGHT="31" CONTENT="to" WC="1.00" CC="00"/>
						<SP ID="P12_SP00900" HPOS="2028" VPOS="3022" WIDTH="30"/>
						<String ID="word000922" HPOS="2057" VPOS="2998" WIDTH="146" HEIGHT="38" CONTENT="oppose" WC="0.96" CC="100001"/>
						<SP ID="P12_SP00901" HPOS="2204" VPOS="3035" WIDTH="18"/>
						<String ID="word000923" HPOS="2222" VPOS="2986" WIDTH="61" HEIGHT="38" CONTENT="the" WC="0.85" CC="130"/>
						<SP ID="P12_SP00902" HPOS="2283" VPOS="3035" WIDTH="20"/>
						<String ID="word000924" HPOS="2303" VPOS="2987" WIDTH="201" HEIGHT="35" CONTENT="undivided" WC="0.96" CC="110001000"/>
						<SP ID="P12_SP00903" HPOS="2504" VPOS="3035" WIDTH="17"/>
						<String ID="word000925" HPOS="2520" VPOS="2987" WIDTH="163" HEIGHT="48" CONTENT="strength" WC="0.99" CC="10000000"/>
						<SP ID="P12_SP00904" HPOS="2683" VPOS="3035" WIDTH="34"/>
						<String ID="word000926" HPOS="2718" VPOS="2988" WIDTH="45" HEIGHT="34" CONTENT="of" WC="1.00" CC="00"/>
						<SP ID="P12_SP00905" HPOS="2763" VPOS="3035" WIDTH="26"/>
						<String ID="word000927" HPOS="2789" VPOS="2989" WIDTH="65" HEIGHT="34" CONTENT="the" WC="1.00" CC="000"/>
						<SP ID="P12_SP00906" HPOS="2854" VPOS="3035" WIDTH="27"/>
						<String ID="word000928" HPOS="2881" VPOS="2991" WIDTH="150" HEIGHT="35" CONTENT="French" WC="1.00" CC="000000"/>
						<SP ID="P12_SP00907" HPOS="3031" VPOS="3035" WIDTH="0"/>
					</TextLine>
					<TextLine ID="P12_TL00106" HPOS="1682" VPOS="3044" WIDTH="1357" HEIGHT="48">
						<String ID="word000929" HPOS="1682" VPOS="3045" WIDTH="162" HEIGHT="45" CONTENT="empire," WC="1.00" CC="0000000"/>
						<SP ID="P12_SP00908" HPOS="1844" VPOS="3090" WIDTH="25"/>
						<String ID="word000930" HPOS="1869" VPOS="3044" WIDTH="137" HEIGHT="46" CONTENT="guided" WC="0.98" CC="000010"/>
						<SP ID="P12_SP00909" HPOS="2006" VPOS="3090" WIDTH="19"/>
						<String ID="word000931" HPOS="2024" VPOS="3045" WIDTH="53" HEIGHT="45" CONTENT="by" WC="1.00" CC="00"/>
						<SP ID="P12_SP00910" HPOS="2078" VPOS="3090" WIDTH="15"/>
						<String ID="word000932" HPOS="2093" VPOS="3056" WIDTH="47" HEIGHT="25" CONTENT="au" WC="0.72" CC="05"/>
						<SP ID="P12_SP00911" HPOS="2140" VPOS="3090" WIDTH="25"/>
						<String ID="word000933" HPOS="2165" VPOS="3045" WIDTH="141" HEIGHT="41" CONTENT="active," WC="1.00" CC="0000000"/>
						<SP ID="P12_SP00912" HPOS="2306" VPOS="3090" WIDTH="27"/>
						<String ID="word000934" HPOS="2333" VPOS="3045" WIDTH="175" HEIGHT="44" CONTENT="vigilant," WC="0.99" CC="001000000"/>
						<SP ID="P12_SP00913" HPOS="2507" VPOS="3090" WIDTH="19"/>
						<String ID="word000935" HPOS="2526" VPOS="3045" WIDTH="194" HEIGHT="41" CONTENT="versatile," WC="0.99" CC="0000100000"/>
						<SP ID="P12_SP00914" HPOS="2720" VPOS="3090" WIDTH="19"/>
						<String ID="word000936" HPOS="2739" VPOS="3045" WIDTH="69" HEIGHT="35" CONTENT="and" WC="0.96" CC="010"/>
						<SP ID="P12_SP00915" HPOS="2807" VPOS="3090" WIDTH="20"/>
						<String ID="word000937" HPOS="2828" VPOS="3047" WIDTH="211" HEIGHT="45" CONTENT="intelligent" WC="1.00" CC="00000000000"/>
						<SP ID="P12_SP00916" HPOS="3039" VPOS="3092" WIDTH="0"/>
					</TextLine>
					<TextLine ID="P12_TL00107" HPOS="1685" VPOS="3100" WIDTH="1355" HEIGHT="49">
						<String ID="word000938" HPOS="1685" VPOS="3102" WIDTH="211" HEIGHT="45" CONTENT="Chieftain," WC="0.99" CC="0000000001"/>
						<SP ID="P12_SP00917" HPOS="1897" VPOS="3146" WIDTH="30"/>
						<String ID="word000939" HPOS="1926" VPOS="3103" WIDTH="221" HEIGHT="46" CONTENT="possessing," WC="0.93" CC="10104000010"/>
						<SP ID="P12_SP00918" HPOS="2147" VPOS="3149" WIDTH="31"/>
						<String ID="word000940" HPOS="2178" VPOS="3102" WIDTH="37" HEIGHT="35" CONTENT="in" WC="0.94" CC="01"/>
						<SP ID="P12_SP00919" HPOS="2215" VPOS="3149" WIDTH="19"/>
						<String ID="word000941" HPOS="2233" VPOS="3102" WIDTH="61" HEIGHT="34" CONTENT="the" WC="1.00" CC="000"/>
						<SP ID="P12_SP00920" HPOS="2295" VPOS="3149" WIDTH="18"/>
						<String ID="word000942" HPOS="2313" VPOS="3100" WIDTH="148" HEIGHT="46" CONTENT="highest" WC="1.00" CC="0000000"/>
						<SP ID="P12_SP00921" HPOS="2460" VPOS="3149" WIDTH="34"/>
						<String ID="word000943" HPOS="2494" VPOS="3102" WIDTH="151" HEIGHT="46" CONTENT="degree," WC="1.00" CC="0000000"/>
						<SP ID="P12_SP00922" HPOS="2646" VPOS="3149" WIDTH="35"/>
						<String ID="word000944" HPOS="2681" VPOS="3102" WIDTH="65" HEIGHT="35" CONTENT="the" WC="1.00" CC="000"/>
						<SP ID="P12_SP00923" HPOS="2746" VPOS="3149" WIDTH="18"/>
						<String ID="word000945" HPOS="2764" VPOS="3103" WIDTH="209" HEIGHT="37" CONTENT="confidence" WC="1.00" CC="0000000000"/>
						<SP ID="P12_SP00924" HPOS="2973" VPOS="3149" WIDTH="22"/>
						<String ID="word000946" HPOS="2995" VPOS="3104" WIDTH="45" HEIGHT="35" CONTENT="of" WC="1.00" CC="00"/>
						<SP ID="P12_SP00925" HPOS="3040" VPOS="3149" WIDTH="0"/>
					</TextLine>
					<TextLine ID="P12_TL00108" HPOS="1685" VPOS="3158" WIDTH="1350" HEIGHT="48">
						<String ID="word000947" HPOS="1685" VPOS="3158" WIDTH="57" HEIGHT="34" CONTENT="his" WC="0.89" CC="300"/>
						<SP ID="P12_SP00926" HPOS="1742" VPOS="3193" WIDTH="20"/>
						<String ID="word000948" HPOS="1762" VPOS="3164" WIDTH="141" HEIGHT="41" CONTENT="troops," WC="0.98" CC="0001000"/>
						<SP ID="P12_SP00927" HPOS="1903" VPOS="3206" WIDTH="27"/>
						<String ID="word000949" HPOS="1930" VPOS="3158" WIDTH="182" HEIGHT="47" CONTENT="enjoying" WC="0.99" CC="01000000"/>
						<SP ID="P12_SP00928" HPOS="2112" VPOS="3206" WIDTH="27"/>
						<String ID="word000950" HPOS="2139" VPOS="3158" WIDTH="65" HEIGHT="35" CONTENT="the" WC="1.00" CC="000"/>
						<SP ID="P12_SP00929" HPOS="2204" VPOS="3206" WIDTH="18"/>
						<String ID="word000951" HPOS="2222" VPOS="3158" WIDTH="219" HEIGHT="47" CONTENT="reputation" WC="1.00" CC="0000000000"/>
						<SP ID="P12_SP00930" HPOS="2440" VPOS="3206" WIDTH="18"/>
						<String ID="word000952" HPOS="2458" VPOS="3158" WIDTH="45" HEIGHT="34" CONTENT="of" WC="1.00" CC="00"/>
						<SP ID="P12_SP00931" HPOS="2503" VPOS="3206" WIDTH="20"/>
						<String ID="word000953" HPOS="2523" VPOS="3158" WIDTH="164" HEIGHT="34" CONTENT="uniform" WC="1.00" CC="0000000"/>
						<SP ID="P12_SP00932" HPOS="2687" VPOS="3206" WIDTH="25"/>
						<String ID="word000954" HPOS="2712" VPOS="3169" WIDTH="152" HEIGHT="33" CONTENT="success," WC="0.97" CC="10000100"/>
						<SP ID="P12_SP00933" HPOS="2864" VPOS="3206" WIDTH="26"/>
						<String ID="word000955" HPOS="2890" VPOS="3159" WIDTH="125" HEIGHT="46" CONTENT="judici" SUBS_TYPE="HypPart1" SUBS_CONTENT="judicious," WC="0.75" CC="222232"/>
						<HYP HPOS="3015" VPOS="3159" WIDTH="20" CONTENT="-"/>
					</TextLine>
					<TextLine ID="P12_TL00109" HPOS="1684" VPOS="3215" WIDTH="1353" HEIGHT="50">
						<String ID="word000956" HPOS="1684" VPOS="3226" WIDTH="83" HEIGHT="32" CONTENT="ous," SUBS_TYPE="HypPart2" SUBS_CONTENT="judicious," WC="0.75" CC="3222"/>
						<SP ID="P12_SP00934" HPOS="1767" VPOS="3257" WIDTH="25"/>
						<String ID="word000957" HPOS="1792" VPOS="3217" WIDTH="151" HEIGHT="45" CONTENT="beyond" WC="0.94" CC="000300"/>
						<SP ID="P12_SP00935" HPOS="1943" VPOS="3262" WIDTH="26"/>
						<String ID="word000958" HPOS="1969" VPOS="3226" WIDTH="74" HEIGHT="37" CONTENT="any" WC="1.00" CC="000"/>
						<SP ID="P12_SP00936" HPOS="2043" VPOS="3262" WIDTH="20"/>
						<String ID="word000959" HPOS="2063" VPOS="3216" WIDTH="253" HEIGHT="46" CONTENT="comparison," WC="0.99" CC="00000001000"/>
						<SP ID="P12_SP00937" HPOS="2316" VPOS="3262" WIDTH="39"/>
						<String ID="word000960" HPOS="2355" VPOS="3216" WIDTH="38" HEIGHT="35" CONTENT="in" WC="1.00" CC="00"/>
						<SP ID="P12_SP00938" HPOS="2393" VPOS="3262" WIDTH="18"/>
						<String ID="word000961" HPOS="2411" VPOS="3215" WIDTH="65" HEIGHT="37" CONTENT="the" WC="0.96" CC="001"/>
						<SP ID="P12_SP00939" HPOS="2476" VPOS="3262" WIDTH="25"/>
						<String ID="word000962" HPOS="2500" VPOS="3215" WIDTH="131" HEIGHT="38" CONTENT="choice" WC="1.00" CC="000000"/>
						<SP ID="P12_SP00940" HPOS="2631" VPOS="3262" WIDTH="18"/>
						<String ID="word000963" HPOS="2649" VPOS="3216" WIDTH="47" HEIGHT="35" CONTENT="of" WC="0.78" CC="04"/>
						<SP ID="P12_SP00941" HPOS="2696" VPOS="3262" WIDTH="24"/>
						<String ID="word000964" HPOS="2720" VPOS="3217" WIDTH="56" HEIGHT="34" CONTENT="his" WC="1.00" CC="000"/>
						<SP ID="P12_SP00942" HPOS="2776" VPOS="3262" WIDTH="25"/>
						<String ID="word000965" HPOS="2800" VPOS="3219" WIDTH="236" HEIGHT="46" CONTENT="expedients," WC="0.94" CC="00000000051"/>
						<SP ID="P12_SP00943" HPOS="3037" VPOS="3265" WIDTH="0"/>
					</TextLine>
					<TextLine ID="P12_TL00110" HPOS="1683" VPOS="3272" WIDTH="1353" HEIGHT="50">
						<String ID="word000966" HPOS="1683" VPOS="3273" WIDTH="72" HEIGHT="35" CONTENT="and" WC="0.93" CC="101"/>
						<SP ID="P12_SP00944" HPOS="1755" VPOS="3308" WIDTH="20"/>
						<String ID="word000967" HPOS="1775" VPOS="3279" WIDTH="167" HEIGHT="41" CONTENT="prompt," WC="1.00" CC="0000000"/>
						<SP ID="P12_SP00945" HPOS="1942" VPOS="3320" WIDTH="24"/>
						<String ID="word000968" HPOS="1965" VPOS="3278" WIDTH="38" HEIGHT="31" CONTENT="to" WC="1.00" CC="00"/>
						<SP ID="P12_SP00946" HPOS="2003" VPOS="3320" WIDTH="17"/>
						<String ID="word000969" HPOS="2020" VPOS="3283" WIDTH="25" HEIGHT="25" CONTENT="a" WC="1.00" CC="0"/>
						<SP ID="P12_SP00947" HPOS="2044" VPOS="3320" WIDTH="17"/>
						<String ID="word000970" HPOS="2061" VPOS="3272" WIDTH="133" HEIGHT="46" CONTENT="degree" WC="1.00" CC="000000"/>
						<SP ID="P12_SP00948" HPOS="2194" VPOS="3320" WIDTH="28"/>
						<String ID="word000971" HPOS="2223" VPOS="3272" WIDTH="132" HEIGHT="37" CONTENT="before" WC="1.00" CC="000000"/>
						<SP ID="P12_SP00949" HPOS="2355" VPOS="3320" WIDTH="22"/>
						<String ID="word000972" HPOS="2378" VPOS="3273" WIDTH="279" HEIGHT="46" CONTENT="unparalleled," WC="0.97" CC="0101001000000"/>
						<SP ID="P12_SP00950" HPOS="2656" VPOS="3320" WIDTH="35"/>
						<String ID="word000973" HPOS="2692" VPOS="3274" WIDTH="38" HEIGHT="34" CONTENT="in" WC="1.00" CC="00"/>
						<SP ID="P12_SP00951" HPOS="2730" VPOS="3320" WIDTH="19"/>
						<String ID="word000974" HPOS="2748" VPOS="3274" WIDTH="98" HEIGHT="35" CONTENT="their" WC="1.00" CC="00000"/>
						<SP ID="P12_SP00952" HPOS="2846" VPOS="3320" WIDTH="13"/>
						<String ID="word000975" HPOS="2859" VPOS="3276" WIDTH="151" HEIGHT="45" CONTENT="employ" SUBS_TYPE="HypPart1" SUBS_CONTENT="employment." WC="0.89" CC="000000"/>
						<HYP HPOS="3011" VPOS="3276" WIDTH="25" CONTENT="-"/>
					</TextLine>
					<TextLine ID="P12_TL00111" HPOS="1685" VPOS="3330" WIDTH="1354" HEIGHT="46">
						<String ID="word000976" HPOS="1685" VPOS="3335" WIDTH="111" HEIGHT="30" CONTENT="ment." SUBS_TYPE="HypPart2" SUBS_CONTENT="employment." WC="0.84" CC="70000"/>
						<SP ID="P12_SP00953" HPOS="1796" VPOS="3365" WIDTH="53"/>
						<String ID="word000977" HPOS="1850" VPOS="3331" WIDTH="83" HEIGHT="35" CONTENT="The" WC="1.00" CC="000"/>
						<SP ID="P12_SP00954" HPOS="1932" VPOS="3366" WIDTH="19"/>
						<String ID="word000978" HPOS="1951" VPOS="3330" WIDTH="256" HEIGHT="37" CONTENT="uncontrolled" WC="1.00" CC="000000000000"/>
						<SP ID="P12_SP00955" HPOS="2207" VPOS="3366" WIDTH="19"/>
						<String ID="word000979" HPOS="2226" VPOS="3340" WIDTH="145" HEIGHT="35" CONTENT="power," WC="1.00" CC="000000"/>
						<SP ID="P12_SP00956" HPOS="2372" VPOS="3376" WIDTH="32"/>
						<String ID="word000980" HPOS="2404" VPOS="3330" WIDTH="47" HEIGHT="35" CONTENT="he" WC="1.00" CC="00"/>
						<SP ID="P12_SP00957" HPOS="2451" VPOS="3376" WIDTH="18"/>
						<String ID="word000981" HPOS="2469" VPOS="3330" WIDTH="142" HEIGHT="37" CONTENT="besides" WC="0.97" CC="0001001"/>
						<SP ID="P12_SP00958" HPOS="2610" VPOS="3376" WIDTH="28"/>
						<String ID="word000982" HPOS="2639" VPOS="3331" WIDTH="195" HEIGHT="37" CONTENT="exercised" WC="0.99" CC="010000000"/>
						<SP ID="P12_SP00959" HPOS="2833" VPOS="3376" WIDTH="27"/>
						<String ID="word000983" HPOS="2861" VPOS="3332" WIDTH="94" HEIGHT="37" CONTENT="over" WC="0.92" CC="0030"/>
						<SP ID="P12_SP00960" HPOS="2955" VPOS="3376" WIDTH="21"/>
						<String ID="word000984" HPOS="2976" VPOS="3334" WIDTH="63" HEIGHT="35" CONTENT="the" WC="0.96" CC="001"/>
						<SP ID="P12_SP00961" HPOS="3039" VPOS="3376" WIDTH="0"/>
					</TextLine>
					<TextLine ID="P12_TL00112" HPOS="1685" VPOS="3387" WIDTH="1347" HEIGHT="47">
						<String ID="word000985" HPOS="1685" VPOS="3392" WIDTH="79" HEIGHT="28" CONTENT="vast" WC="1.00" CC="0000"/>
						<SP ID="P12_SP00962" HPOS="1765" VPOS="3420" WIDTH="18"/>
						<String ID="word000986" HPOS="1782" VPOS="3389" WIDTH="144" HEIGHT="45" CONTENT="empire" WC="0.98" CC="010000"/>
						<SP ID="P12_SP00963" HPOS="1926" VPOS="3433" WIDTH="17"/>
						<String ID="word000987" HPOS="1943" VPOS="3387" WIDTH="45" HEIGHT="34" CONTENT="he" WC="1.00" CC="00"/>
						<SP ID="P12_SP00964" HPOS="1988" VPOS="3433" WIDTH="18"/>
						<String ID="word000988" HPOS="2006" VPOS="3397" WIDTH="172" HEIGHT="35" CONTENT="governs," WC="0.99" CC="00000100"/>
						<SP ID="P12_SP00965" HPOS="2178" VPOS="3433" WIDTH="19"/>
						<String ID="word000989" HPOS="2197" VPOS="3387" WIDTH="130" HEIGHT="45" CONTENT="placed" WC="0.98" CC="010000"/>
						<SP ID="P12_SP00966" HPOS="2327" VPOS="3433" WIDTH="15"/>
						<String ID="word000990" HPOS="2342" VPOS="3398" WIDTH="125" HEIGHT="24" CONTENT="means" WC="0.98" CC="01000"/>
						<SP ID="P12_SP00967" HPOS="2467" VPOS="3433" WIDTH="17"/>
						<String ID="word000991" HPOS="2484" VPOS="3393" WIDTH="39" HEIGHT="28" CONTENT="at" WC="1.00" CC="00"/>
						<SP ID="P12_SP00968" HPOS="2523" VPOS="3433" WIDTH="19"/>
						<String ID="word000992" HPOS="2542" VPOS="3387" WIDTH="57" HEIGHT="34" CONTENT="his" WC="0.74" CC="034"/>
						<SP ID="P12_SP00969" HPOS="2598" VPOS="3433" WIDTH="18"/>
						<String ID="word000993" HPOS="2616" VPOS="3389" WIDTH="217" HEIGHT="44" CONTENT="discretion," WC="0.89" CC="00100010450"/>
						<SP ID="P12_SP00970" HPOS="2833" VPOS="3433" WIDTH="25"/>
						<String ID="word000994" HPOS="2858" VPOS="3390" WIDTH="72" HEIGHT="35" CONTENT="and" WC="0.63" CC="334"/>
						<SP ID="P12_SP00971" HPOS="2930" VPOS="3433" WIDTH="26"/>
						<String ID="word000995" HPOS="2956" VPOS="3390" WIDTH="57" HEIGHT="37" CONTENT="fur" SUBS_TYPE="HypPart1" SUBS_CONTENT="furnished" WC="0.86" CC="000"/>
						<HYP HPOS="3013" VPOS="3390" WIDTH="19" CONTENT="-"/>
					</TextLine>
					<TextLine ID="P12_TL00113" HPOS="1684" VPOS="3443" WIDTH="1354" HEIGHT="47">
						<String ID="word000996" HPOS="1684" VPOS="3444" WIDTH="128" HEIGHT="35" CONTENT="nished" SUBS_TYPE="HypPart2" SUBS_CONTENT="furnished" WC="0.78" CC="222222"/>
						<SP ID="P12_SP00972" HPOS="1812" VPOS="3480" WIDTH="33"/>
						<String ID="word000997" HPOS="1845" VPOS="3444" WIDTH="76" HEIGHT="34" CONTENT="him" WC="1.00" CC="000"/>
						<SP ID="P12_SP00973" HPOS="1920" VPOS="3480" WIDTH="27"/>
						<String ID="word000998" HPOS="1948" VPOS="3445" WIDTH="92" HEIGHT="34" CONTENT="with" WC="0.97" CC="0001"/>
						<SP ID="P12_SP00974" HPOS="2040" VPOS="3480" WIDTH="20"/>
						<String ID="word000999" HPOS="2060" VPOS="3455" WIDTH="25" HEIGHT="25" CONTENT="a" WC="1.00" CC="0"/>
						<SP ID="P12_SP00975" HPOS="2085" VPOS="3480" WIDTH="18"/>
						<String ID="word001000" HPOS="2102" VPOS="3443" WIDTH="152" HEIGHT="47" CONTENT="facility" WC="0.99" CC="00001000"/>
						<SP ID="P12_SP00976" HPOS="2255" VPOS="3490" WIDTH="18"/>
						<String ID="word001001" HPOS="2272" VPOS="3445" WIDTH="70" HEIGHT="34" CONTENT="and" WC="1.00" CC="000"/>
						<SP ID="P12_SP00977" HPOS="2342" VPOS="3490" WIDTH="20"/>
						<String ID="word001002" HPOS="2362" VPOS="3445" WIDTH="159" HEIGHT="44" CONTENT="celerity" WC="0.99" CC="01000000"/>
						<SP ID="P12_SP00978" HPOS="2522" VPOS="3490" WIDTH="20"/>
						<String ID="word001003" HPOS="2542" VPOS="3444" WIDTH="44" HEIGHT="35" CONTENT="of" WC="1.00" CC="00"/>
						<SP ID="P12_SP00979" HPOS="2585" VPOS="3490" WIDTH="13"/>
						<String ID="word001004" HPOS="2598" VPOS="3446" WIDTH="216" HEIGHT="43" CONTENT="execution," WC="1.00" CC="0000000000"/>
						<SP ID="P12_SP00980" HPOS="2815" VPOS="3490" WIDTH="32"/>
						<String ID="word001005" HPOS="2846" VPOS="3446" WIDTH="125" HEIGHT="35" CONTENT="which" WC="0.98" CC="00010"/>
						<SP ID="P12_SP00981" HPOS="2972" VPOS="3490" WIDTH="19"/>
						<String ID="word001006" HPOS="2991" VPOS="3459" WIDTH="47" HEIGHT="25" CONTENT="no" WC="1.00" CC="00"/>
						<SP ID="P12_SP00982" HPOS="3038" VPOS="3490" WIDTH="0"/>
					</TextLine>
					<TextLine ID="P12_TL00114" HPOS="1685" VPOS="3501" WIDTH="1360" HEIGHT="50">
						<String ID="word001007" HPOS="1685" VPOS="3502" WIDTH="151" HEIGHT="34" CONTENT="modern" WC="1.00" CC="000000"/>
						<SP ID="P12_SP00983" HPOS="1837" VPOS="3536" WIDTH="28"/>
						<String ID="word001008" HPOS="1865" VPOS="3506" WIDTH="241" HEIGHT="40" CONTENT="government" WC="0.98" CC="0000001010"/>
						<SP ID="P12_SP00984" HPOS="2106" VPOS="3546" WIDTH="27"/>
						<String ID="word001009" HPOS="2133" VPOS="3501" WIDTH="87" HEIGHT="35" CONTENT="does" WC="1.00" CC="0000"/>
						<SP ID="P12_SP00985" HPOS="2220" VPOS="3546" WIDTH="28"/>
						<String ID="word001010" HPOS="2249" VPOS="3511" WIDTH="45" HEIGHT="26" CONTENT="or" WC="1.00" CC="00"/>
						<SP ID="P12_SP00986" HPOS="2294" VPOS="3546" WIDTH="18"/>
						<String ID="word001011" HPOS="2311" VPOS="3511" WIDTH="66" HEIGHT="27" CONTENT="can" WC="0.96" CC="010"/>
						<SP ID="P12_SP00987" HPOS="2378" VPOS="3546" WIDTH="27"/>
						<String ID="word001012" HPOS="2405" VPOS="3511" WIDTH="155" HEIGHT="39" CONTENT="possess." WC="1.00" CC="00000000"/>
						<SP ID="P12_SP00988" HPOS="2559" VPOS="3550" WIDTH="33"/>
						<String ID="word001013" HPOS="2593" VPOS="3501" WIDTH="2" HEIGHT="50" CONTENT="." WC="0.44" CC="5"/>
						<SP ID="P12_SP00989" HPOS="2595" VPOS="3550" WIDTH="17"/>
						<String ID="word001014" HPOS="2611" VPOS="3502" WIDTH="84" HEIGHT="37" CONTENT="The" WC="0.96" CC="010"/>
						<SP ID="P12_SP00990" HPOS="2695" VPOS="3550" WIDTH="25"/>
						<String ID="word001015" HPOS="2720" VPOS="3504" WIDTH="263" HEIGHT="44" CONTENT="organization" WC="0.97" CC="000010000110"/>
						<SP ID="P12_SP00991" HPOS="2983" VPOS="3550" WIDTH="18"/>
						<String ID="word001016" HPOS="3001" VPOS="3506" WIDTH="44" HEIGHT="34" CONTENT="of" WC="1.00" CC="00"/>
						<SP ID="P12_SP00992" HPOS="3045" VPOS="3550" WIDTH="0"/>
					</TextLine>
					<TextLine ID="P12_TL00115" HPOS="1685" VPOS="3555" WIDTH="1354" HEIGHT="50">
						<String ID="word001017" HPOS="1685" VPOS="3555" WIDTH="58" HEIGHT="39" CONTENT="his" WC="0.96" CC="100"/>
						<SP ID="P12_SP00993" HPOS="1743" VPOS="3594" WIDTH="38"/>
						<String ID="word001018" HPOS="1781" VPOS="3559" WIDTH="169" HEIGHT="45" CONTENT="military" WC="1.00" CC="00000000"/>
						<SP ID="P12_SP00994" HPOS="1950" VPOS="3604" WIDTH="28"/>
						<String ID="word001019" HPOS="1978" VPOS="3557" WIDTH="105" HEIGHT="37" CONTENT="force" WC="1.00" CC="00000"/>
						<SP ID="P12_SP00995" HPOS="2083" VPOS="3604" WIDTH="33"/>
						<String ID="word001020" HPOS="2117" VPOS="3557" WIDTH="31" HEIGHT="35" CONTENT="is" WC="1.00" CC="00"/>
						<SP ID="P12_SP00996" HPOS="2147" VPOS="3604" WIDTH="37"/>
						<String ID="word001021" HPOS="2184" VPOS="3557" WIDTH="105" HEIGHT="45" CONTENT="such," WC="0.95" CC="01100"/>
						<SP ID="P12_SP00997" HPOS="2289" VPOS="3604" WIDTH="31"/>
						<String ID="word001022" HPOS="2320" VPOS="3559" WIDTH="84" HEIGHT="34" CONTENT="that" WC="1.00" CC="0000"/>
						<SP ID="P12_SP00998" HPOS="2404" VPOS="3604" WIDTH="43"/>
						<String ID="word001023" HPOS="2446" VPOS="3557" WIDTH="64" HEIGHT="37" CONTENT="the" WC="1.00" CC="000"/>
						<SP ID="P12_SP00999" HPOS="2510" VPOS="3604" WIDTH="40"/>
						<String ID="word001024" HPOS="2550" VPOS="3569" WIDTH="105" HEIGHT="25" CONTENT="more" WC="1.00" CC="0000"/>
						<SP ID="P12_SP01000" HPOS="2655" VPOS="3604" WIDTH="41"/>
						<String ID="word001025" HPOS="2696" VPOS="3570" WIDTH="60" HEIGHT="24" CONTENT="we" WC="0.94" CC="10"/>
						<SP ID="P12_SP01001" HPOS="2757" VPOS="3604" WIDTH="41"/>
						<String ID="word001026" HPOS="2798" VPOS="3561" WIDTH="157" HEIGHT="35" CONTENT="observe" WC="0.98" CC="0100000"/>
						<SP ID="P12_SP01002" HPOS="2955" VPOS="3604" WIDTH="39"/>
						<String ID="word001027" HPOS="2994" VPOS="3562" WIDTH="45" HEIGHT="43" CONTENT="it," WC="1.00" CC="000"/>
						<SP ID="P12_SP01003" HPOS="3039" VPOS="3605" WIDTH="0"/>
					</TextLine>
					<TextLine ID="P12_TL00116" HPOS="1685" VPOS="3614" WIDTH="1359" HEIGHT="41">
						<String ID="word001028" HPOS="1685" VPOS="3617" WIDTH="64" HEIGHT="34" CONTENT="the" WC="1.00" CC="000"/>
						<SP ID="P12_SP01004" HPOS="1749" VPOS="3651" WIDTH="15"/>
						<String ID="word001029" HPOS="1765" VPOS="3626" WIDTH="104" HEIGHT="25" CONTENT="more" WC="1.00" CC="0000"/>
						<SP ID="P12_SP01005" HPOS="1869" VPOS="3651" WIDTH="19"/>
						<String ID="word001030" HPOS="1887" VPOS="3624" WIDTH="130" HEIGHT="28" CONTENT="reason" WC="1.00" CC="000000"/>
						<SP ID="P12_SP01006" HPOS="2017" VPOS="3652" WIDTH="21"/>
						<String ID="word001031" HPOS="2039" VPOS="3626" WIDTH="56" HEIGHT="24" CONTENT="we" WC="0.94" CC="10" STYLEREFS="TXT_1"/>
						<SP ID="P12_SP01007" HPOS="2094" VPOS="3652" WIDTH="19"/>
						<String ID="word001032" HPOS="2113" VPOS="3614" WIDTH="94" HEIGHT="35" CONTENT="have" WC="1.00" CC="0000"/>
						<SP ID="P12_SP01008" HPOS="2207" VPOS="3652" WIDTH="18"/>
						<String ID="word001033" HPOS="2225" VPOS="3621" WIDTH="40" HEIGHT="30" CONTENT="to" WC="0.94" CC="01"/>
						<SP ID="P12_SP01009" HPOS="2265" VPOS="3652" WIDTH="17"/>
						<String ID="word001034" HPOS="2282" VPOS="3615" WIDTH="161" HEIGHT="35" CONTENT="admire." WC="0.98" CC="1000000"/>
						<SP ID="P12_SP01010" HPOS="2443" VPOS="3652" WIDTH="52"/>
						<String ID="word001035" HPOS="2494" VPOS="3615" WIDTH="81" HEIGHT="35" CONTENT="The" WC="1.00" CC="000"/>
						<SP ID="P12_SP01011" HPOS="2576" VPOS="3652" WIDTH="18"/>
						<String ID="word001036" HPOS="2594" VPOS="3625" WIDTH="102" HEIGHT="26" CONTENT="same" WC="1.00" CC="0000"/>
						<SP ID="P12_SP01012" HPOS="2695" VPOS="3652" WIDTH="11"/>
						<String ID="word001037" HPOS="2706" VPOS="3615" WIDTH="208" HEIGHT="37" CONTENT="admirable" WC="1.00" CC="000000000"/>
						<SP ID="P12_SP01013" HPOS="2914" VPOS="3652" WIDTH="17"/>
						<String ID="word001038" HPOS="2930" VPOS="3618" WIDTH="113" HEIGHT="37" CONTENT="order" WC="1.00" CC="00000"/>
						<SP ID="P12_SP01014" HPOS="3044" VPOS="3654" WIDTH="0"/>
					</TextLine>
					<TextLine ID="P12_TL00117" HPOS="1684" VPOS="3672" WIDTH="1355" HEIGHT="49">
						<String ID="word001039" HPOS="1684" VPOS="3673" WIDTH="165" HEIGHT="47" CONTENT="prevails" WC="0.99" CC="00001000"/>
						<SP ID="P12_SP01015" HPOS="1850" VPOS="3720" WIDTH="26"/>
						<String ID="word001040" HPOS="1876" VPOS="3674" WIDTH="37" HEIGHT="33" CONTENT="in" WC="1.00" CC="00"/>
						<SP ID="P12_SP01016" HPOS="1912" VPOS="3720" WIDTH="27"/>
						<String ID="word001041" HPOS="1939" VPOS="3673" WIDTH="65" HEIGHT="34" CONTENT="the" WC="0.93" CC="011"/>
						<SP ID="P12_SP01017" HPOS="2004" VPOS="3720" WIDTH="24"/>
						<String ID="word001042" HPOS="2028" VPOS="3672" WIDTH="90" HEIGHT="34" CONTENT="civil" WC="1.00" CC="00000"/>
						<SP ID="P12_SP01018" HPOS="2118" VPOS="3720" WIDTH="38"/>
						<String ID="word001043" HPOS="2156" VPOS="3672" WIDTH="302" HEIGHT="37" CONTENT="administration" WC="0.96" CC="00110000000003"/>
						<SP ID="P12_SP01019" HPOS="2458" VPOS="3720" WIDTH="15"/>
						<String ID="word001044" HPOS="2473" VPOS="3685" WIDTH="12" HEIGHT="30" CONTENT=";" WC="0.78" CC="2"/>
						<SP ID="P12_SP01020" HPOS="2485" VPOS="3720" WIDTH="43"/>
						<String ID="word001045" HPOS="2528" VPOS="3683" WIDTH="39" HEIGHT="25" CONTENT="so" WC="0.94" CC="01"/>
						<SP ID="P12_SP01021" HPOS="2567" VPOS="3720" WIDTH="34"/>
						<String ID="word001046" HPOS="2601" VPOS="3673" WIDTH="81" HEIGHT="34" CONTENT="that" WC="0.97" CC="0010"/>
						<SP ID="P12_SP01022" HPOS="2682" VPOS="3720" WIDTH="31"/>
						<String ID="word001047" HPOS="2713" VPOS="3683" WIDTH="25" HEIGHT="25" CONTENT="a" WC="1.00" CC="0"/>
						<SP ID="P12_SP01023" HPOS="2738" VPOS="3720" WIDTH="28"/>
						<String ID="word001048" HPOS="2766" VPOS="3674" WIDTH="113" HEIGHT="45" CONTENT="single" WC="0.98" CC="000010"/>
						<SP ID="P12_SP01024" HPOS="2880" VPOS="3720" WIDTH="39"/>
						<String ID="word001049" HPOS="2919" VPOS="3677" WIDTH="120" HEIGHT="44" CONTENT="word," WC="0.98" CC="10000"/>
						<SP ID="P12_SP01025" HPOS="3039" VPOS="3720" WIDTH="0"/>
					</TextLine>
					<TextLine ID="P12_TL00118" HPOS="1684" VPOS="3729" WIDTH="1358" HEIGHT="51">
						<String ID="word001050" HPOS="1684" VPOS="3731" WIDTH="66" HEIGHT="35" CONTENT="the" WC="1.00" CC="000"/>
						<SP ID="P12_SP01026" HPOS="1750" VPOS="3767" WIDTH="24"/>
						<String ID="word001051" HPOS="1774" VPOS="3730" WIDTH="168" HEIGHT="46" CONTENT="slightest" WC="0.99" CC="010000000"/>
						<SP ID="P12_SP01027" HPOS="1942" VPOS="3776" WIDTH="44"/>
						<String ID="word001052" HPOS="1985" VPOS="3731" WIDTH="243" HEIGHT="35" CONTENT="enunciation" WC="0.91" CC="06010100010"/>
						<SP ID="P12_SP01028" HPOS="2229" VPOS="3776" WIDTH="43"/>
						<String ID="word001053" HPOS="2271" VPOS="3729" WIDTH="44" HEIGHT="37" CONTENT="of" WC="1.00" CC="00"/>
						<SP ID="P12_SP01029" HPOS="2315" VPOS="3776" WIDTH="37"/>
						<String ID="word001054" HPOS="2352" VPOS="3730" WIDTH="58" HEIGHT="37" CONTENT="his" WC="1.00" CC="000"/>
						<SP ID="P12_SP01030" HPOS="2409" VPOS="3776" WIDTH="43"/>
						<String ID="word001055" HPOS="2452" VPOS="3730" WIDTH="99" HEIGHT="43" CONTENT="will," WC="0.95" CC="00110"/>
						<SP ID="P12_SP01031" HPOS="2551" VPOS="3776" WIDTH="39"/>
						<String ID="word001056" HPOS="2590" VPOS="3730" WIDTH="31" HEIGHT="35" CONTENT="is" WC="1.00" CC="00"/>
						<SP ID="P12_SP01032" HPOS="2621" VPOS="3776" WIDTH="35"/>
						<String ID="word001057" HPOS="2656" VPOS="3729" WIDTH="177" HEIGHT="37" CONTENT="sufficient" WC="0.89" CC="0005500000"/>
						<SP ID="P12_SP01033" HPOS="2833" VPOS="3776" WIDTH="38"/>
						<String ID="word001058" HPOS="2871" VPOS="3736" WIDTH="40" HEIGHT="31" CONTENT="to" WC="1.00" CC="00"/>
						<SP ID="P12_SP01034" HPOS="2911" VPOS="3776" WIDTH="41"/>
						<String ID="word001059" HPOS="2953" VPOS="3733" WIDTH="89" HEIGHT="46" CONTENT="give" WC="1.00" CC="0000"/>
						<SP ID="P12_SP01035" HPOS="3041" VPOS="3780" WIDTH="0"/>
					</TextLine>
					<TextLine ID="P12_TL00119" HPOS="1684" VPOS="3787" WIDTH="1358" HEIGHT="52">
						<String ID="word001060" HPOS="1684" VPOS="3789" WIDTH="131" HEIGHT="44" CONTENT="vigour" WC="0.91" CC="112100"/>
						<SP ID="P12_SP01036" HPOS="1815" VPOS="3833" WIDTH="15"/>
						<String ID="word001061" HPOS="1831" VPOS="3787" WIDTH="71" HEIGHT="35" CONTENT="and" WC="0.96" CC="001"/>
						<SP ID="P12_SP01037" HPOS="1902" VPOS="3833" WIDTH="19"/>
						<String ID="word001062" HPOS="1920" VPOS="3787" WIDTH="169" HEIGHT="47" CONTENT="rapidity" WC="0.88" CC="01113111"/>
						<SP ID="P12_SP01038" HPOS="2089" VPOS="3834" WIDTH="27"/>
						<String ID="word001063" HPOS="2117" VPOS="3793" WIDTH="39" HEIGHT="30" CONTENT="to" WC="1.00" CC="00"/>
						<SP ID="P12_SP01039" HPOS="2156" VPOS="3834" WIDTH="20"/>
						<String ID="word001064" HPOS="2176" VPOS="3797" WIDTH="116" HEIGHT="35" CONTENT="every" WC="1.00" CC="00000"/>
						<SP ID="P12_SP01040" HPOS="2291" VPOS="3834" WIDTH="27"/>
						<String ID="word001065" HPOS="2319" VPOS="3787" WIDTH="142" HEIGHT="45" CONTENT="wheel," WC="1.00" CC="000000"/>
						<SP ID="P12_SP01041" HPOS="2460" VPOS="3834" WIDTH="27"/>
						<String ID="word001066" HPOS="2487" VPOS="3793" WIDTH="40" HEIGHT="30" CONTENT="to" WC="1.00" CC="00"/>
						<SP ID="P12_SP01042" HPOS="2528" VPOS="3834" WIDTH="20"/>
						<String ID="word001067" HPOS="2548" VPOS="3789" WIDTH="65" HEIGHT="37" CONTENT="the" WC="1.00" CC="000"/>
						<SP ID="P12_SP01043" HPOS="2613" VPOS="3834" WIDTH="19"/>
						<String ID="word001068" HPOS="2631" VPOS="3793" WIDTH="96" HEIGHT="31" CONTENT="most" WC="1.00" CC="0000"/>
						<SP ID="P12_SP01044" HPOS="2727" VPOS="3834" WIDTH="18"/>
						<String ID="word001069" HPOS="2745" VPOS="3787" WIDTH="141" HEIGHT="48" CONTENT="trifling" WC="0.82" CC="10055110"/>
						<SP ID="P12_SP01045" HPOS="2885" VPOS="3835" WIDTH="27"/>
						<String ID="word001070" HPOS="2913" VPOS="3791" WIDTH="129" HEIGHT="47" CONTENT="spring" WC="1.00" CC="000000"/>
						<SP ID="P12_SP01046" HPOS="3041" VPOS="3839" WIDTH="0"/>
					</TextLine>
					<TextLine ID="P12_TL00120" HPOS="1683" VPOS="3844" WIDTH="1357" HEIGHT="47">
						<String ID="word001071" HPOS="1683" VPOS="3844" WIDTH="46" HEIGHT="34" CONTENT="of" WC="1.00" CC="00"/>
						<SP ID="P12_SP01047" HPOS="1729" VPOS="3879" WIDTH="18"/>
						<String ID="word001072" HPOS="1747" VPOS="3844" WIDTH="63" HEIGHT="34" CONTENT="the" WC="1.00" CC="000"/>
						<SP ID="P12_SP01048" HPOS="1809" VPOS="3879" WIDTH="27"/>
						<String ID="word001073" HPOS="1837" VPOS="3844" WIDTH="175" HEIGHT="35" CONTENT="immense" WC="1.00" CC="0000000"/>
						<SP ID="P12_SP01049" HPOS="2011" VPOS="3880" WIDTH="20"/>
						<String ID="word001074" HPOS="2031" VPOS="3844" WIDTH="168" HEIGHT="35" CONTENT="machine" WC="0.98" CC="0100000"/>
						<SP ID="P12_SP01050" HPOS="2199" VPOS="3880" WIDTH="27"/>
						<String ID="word001075" HPOS="2226" VPOS="3844" WIDTH="124" HEIGHT="34" CONTENT="which" WC="1.00" CC="00000"/>
						<SP ID="P12_SP01051" HPOS="2350" VPOS="3880" WIDTH="27"/>
						<String ID="word001076" HPOS="2378" VPOS="3844" WIDTH="46" HEIGHT="34" CONTENT="he" WC="1.00" CC="00"/>
						<SP ID="P12_SP01052" HPOS="2424" VPOS="3880" WIDTH="25"/>
						<String ID="word001077" HPOS="2448" VPOS="3844" WIDTH="262" HEIGHT="37" CONTENT="directs.—To" WC="0.68" CC="22443233423"/>
						<SP ID="P12_SP01053" HPOS="2711" VPOS="3881" WIDTH="13"/>
						<String ID="word001078" HPOS="2724" VPOS="3855" WIDTH="142" HEIGHT="35" CONTENT="oppose" WC="1.00" CC="000000"/>
						<SP ID="P12_SP01054" HPOS="2865" VPOS="3891" WIDTH="17"/>
						<String ID="word001079" HPOS="2882" VPOS="3856" WIDTH="139" HEIGHT="27" CONTENT="success" SUBS_TYPE="HypPart1" SUBS_CONTENT="successful" WC="0.97" CC="0011000"/>
						<HYP HPOS="3021" VPOS="3856" WIDTH="19" CONTENT="-"/>
					</TextLine>
					<TextLine ID="P12_TL00121" HPOS="1683" VPOS="3900" WIDTH="1357" HEIGHT="43">
						<String ID="word001080" HPOS="1683" VPOS="3901" WIDTH="53" HEIGHT="34" CONTENT="ful" SUBS_TYPE="HypPart2" SUBS_CONTENT="successful" WC="1.00" CC="000"/>
						<SP ID="P12_SP01055" HPOS="1736" VPOS="3935" WIDTH="20"/>
						<String ID="word001081" HPOS="1756" VPOS="3901" WIDTH="70" HEIGHT="34" CONTENT="and" WC="1.00" CC="000"/>
						<SP ID="P12_SP01056" HPOS="1826" VPOS="3935" WIDTH="17"/>
						<String ID="word001082" HPOS="1843" VPOS="3900" WIDTH="197" HEIGHT="35" CONTENT="continued" WC="0.97" CC="001000100"/>
						<SP ID="P12_SP01057" HPOS="2040" VPOS="3935" WIDTH="20"/>
						<String ID="word001083" HPOS="2060" VPOS="3901" WIDTH="198" HEIGHT="35" CONTENT="resistance" WC="1.00" CC="0000000000"/>
						<SP ID="P12_SP01058" HPOS="2258" VPOS="3937" WIDTH="15"/>
						<String ID="word001084" HPOS="2274" VPOS="3908" WIDTH="37" HEIGHT="28" CONTENT="to" WC="1.00" CC="00"/>
						<SP ID="P12_SP01059" HPOS="2310" VPOS="3937" WIDTH="14"/>
						<String ID="word001085" HPOS="2324" VPOS="3902" WIDTH="90" HEIGHT="34" CONTENT="such" WC="1.00" CC="0000"/>
						<SP ID="P12_SP01060" HPOS="2414" VPOS="3937" WIDTH="19"/>
						<String ID="word001086" HPOS="2433" VPOS="3912" WIDTH="26" HEIGHT="25" CONTENT="a" WC="1.00" CC="0"/>
						<SP ID="P12_SP01061" HPOS="2459" VPOS="3937" WIDTH="17"/>
						<String ID="word001087" HPOS="2476" VPOS="3912" WIDTH="83" HEIGHT="26" CONTENT="man" WC="0.96" CC="010"/>
						<SP ID="P12_SP01062" HPOS="2558" VPOS="3938" WIDTH="13"/>
						<String ID="word001088" HPOS="2571" VPOS="3902" WIDTH="64" HEIGHT="34" CONTENT="the" WC="1.00" CC="000"/>
						<SP ID="P12_SP01063" HPOS="2635" VPOS="3938" WIDTH="9"/>
						<String ID="word001089" HPOS="2644" VPOS="3912" WIDTH="83" HEIGHT="26" CONTENT="new" WC="1.00" CC="000"/>
						<SP ID="P12_SP01064" HPOS="2727" VPOS="3938" WIDTH="14"/>
						<String ID="word001090" HPOS="2741" VPOS="3902" WIDTH="142" HEIGHT="35" CONTENT="leaders" WC="0.97" CC="0010001"/>
						<SP ID="P12_SP01065" HPOS="2883" VPOS="3938" WIDTH="15"/>
						<String ID="word001091" HPOS="2898" VPOS="3904" WIDTH="64" HEIGHT="35" CONTENT="did" WC="1.00" CC="000"/>
						<SP ID="P12_SP01066" HPOS="2962" VPOS="3939" WIDTH="13"/>
						<String ID="word001092" HPOS="2975" VPOS="3913" WIDTH="65" HEIGHT="30" CONTENT="not" WC="0.56" CC="534"/>
						<SP ID="P12_SP01067" HPOS="3040" VPOS="3943" WIDTH="0"/>
					</TextLine>
					<TextLine ID="P12_TL00122" HPOS="1684" VPOS="3959" WIDTH="1357" HEIGHT="50">
						<String ID="word001093" HPOS="1684" VPOS="3969" WIDTH="141" HEIGHT="39" CONTENT="possess" WC="0.94" CC="0111100"/>
						<SP ID="P12_SP01068" HPOS="1825" VPOS="4007" WIDTH="33"/>
						<String ID="word001094" HPOS="1858" VPOS="3960" WIDTH="178" HEIGHT="34" CONTENT="sufficient" WC="0.58" CC="5355533333"/>
						<SP ID="P12_SP01069" HPOS="2036" VPOS="4007" WIDTH="22"/>
						<String ID="word001095" HPOS="2059" VPOS="3959" WIDTH="149" HEIGHT="43" CONTENT="talents," WC="0.92" CC="02200110"/>
						<SP ID="P12_SP01070" HPOS="2207" VPOS="4007" WIDTH="26"/>
						<String ID="word001096" HPOS="2233" VPOS="3961" WIDTH="248" HEIGHT="45" CONTENT="experience," WC="0.98" CC="00010000001"/>
						<SP ID="P12_SP01071" HPOS="2481" VPOS="4007" WIDTH="30"/>
						<String ID="word001097" HPOS="2511" VPOS="3961" WIDTH="206" HEIGHT="45" CONTENT="authority," WC="0.98" CC="0000001001" STYLEREFS="TXT_1"/>
						<SP ID="P12_SP01072" HPOS="2717" VPOS="4007" WIDTH="28"/>
						<String ID="word001098" HPOS="2745" VPOS="3971" WIDTH="45" HEIGHT="26" CONTENT="or" WC="1.00" CC="00"/>
						<SP ID="P12_SP01073" HPOS="2790" VPOS="4007" WIDTH="32"/>
						<String ID="word001099" HPOS="2822" VPOS="3961" WIDTH="219" HEIGHT="47" CONTENT="confidence." WC="0.89" CC="00055010000" STYLEREFS="TXT_1"/>
						<SP ID="P12_SP01074" HPOS="3040" VPOS="4009" WIDTH="0"/>
					</TextLine>
					<TextLine ID="P12_TL00123" HPOS="1685" VPOS="4017" WIDTH="1358" HEIGHT="50">
						<String ID="word001100" HPOS="1685" VPOS="4017" WIDTH="268" HEIGHT="46" CONTENT="Fortunately," WC="0.98" CC="000002000000"/>
						<SP ID="P12_SP01075" HPOS="1954" VPOS="4063" WIDTH="15"/>
						<String ID="word001101" HPOS="1969" VPOS="4017" WIDTH="193" HEIGHT="44" CONTENT="however," WC="1.00" CC="00000000"/>
						<SP ID="P12_SP01076" HPOS="2161" VPOS="4063" WIDTH="34"/>
						<String ID="word001102" HPOS="2196" VPOS="4017" WIDTH="60" HEIGHT="37" CONTENT="for" WC="1.00" CC="000"/>
						<SP ID="P12_SP01077" HPOS="2256" VPOS="4063" WIDTH="18"/>
						<String ID="word001103" HPOS="2274" VPOS="4018" WIDTH="63" HEIGHT="35" CONTENT="the" WC="1.00" CC="000"/>
						<SP ID="P12_SP01078" HPOS="2336" VPOS="4063" WIDTH="20"/>
						<String ID="word001104" HPOS="2356" VPOS="4018" WIDTH="162" HEIGHT="46" CONTENT="Spanish" WC="0.75" CC="2144212"/>
						<SP ID="P12_SP01079" HPOS="2518" VPOS="4064" WIDTH="19"/>
						<String ID="word001105" HPOS="2537" VPOS="4018" WIDTH="146" HEIGHT="44" CONTENT="nation," WC="0.95" CC="3000000"/>
						<SP ID="P12_SP01080" HPOS="2683" VPOS="4064" WIDTH="26"/>
						<String ID="word001106" HPOS="2709" VPOS="4018" WIDTH="65" HEIGHT="35" CONTENT="the" WC="1.00" CC="000"/>
						<SP ID="P12_SP01081" HPOS="2774" VPOS="4064" WIDTH="17"/>
						<String ID="word001107" HPOS="2791" VPOS="4024" WIDTH="150" HEIGHT="41" CONTENT="greater" WC="1.00" CC="0000000"/>
						<SP ID="P12_SP01082" HPOS="2941" VPOS="4065" WIDTH="14"/>
						<String ID="word001108" HPOS="2955" VPOS="4028" WIDTH="87" HEIGHT="39" CONTENT="part" WC="1.00" CC="0000"/>
						<SP ID="P12_SP01083" HPOS="3043" VPOS="4067" WIDTH="0"/>
					</TextLine>
					<TextLine ID="P12_TL00124" HPOS="1684" VPOS="4075" WIDTH="1359" HEIGHT="46">
						<String ID="word001109" HPOS="1684" VPOS="4075" WIDTH="45" HEIGHT="37" CONTENT="of" WC="1.00" CC="00"/>
						<SP ID="P12_SP01084" HPOS="1729" VPOS="4111" WIDTH="15"/>
						<String ID="word001110" HPOS="1744" VPOS="4075" WIDTH="64" HEIGHT="35" CONTENT="the" WC="1.00" CC="000"/>
						<SP ID="P12_SP01085" HPOS="1808" VPOS="4111" WIDTH="19"/>
						<String ID="word001111" HPOS="1827" VPOS="4075" WIDTH="104" HEIGHT="37" CONTENT="force" WC="1.00" CC="00000"/>
						<SP ID="P12_SP01086" HPOS="1931" VPOS="4111" WIDTH="22"/>
						<String ID="word001112" HPOS="1954" VPOS="4076" WIDTH="45" HEIGHT="35" CONTENT="he" WC="1.00" CC="00"/>
						<SP ID="P12_SP01087" HPOS="1998" VPOS="4111" WIDTH="19"/>
						<String ID="word001113" HPOS="2017" VPOS="4075" WIDTH="112" HEIGHT="37" CONTENT="could" WC="1.00" CC="00000"/>
						<SP ID="P12_SP01088" HPOS="2130" VPOS="4111" WIDTH="17"/>
						<String ID="word001114" HPOS="2146" VPOS="4075" WIDTH="109" HEIGHT="46" CONTENT="bring" WC="0.98" CC="00010"/>
						<SP ID="P12_SP01089" HPOS="2255" VPOS="4121" WIDTH="15"/>
						<String ID="word001115" HPOS="2270" VPOS="4080" WIDTH="38" HEIGHT="32" CONTENT="to" WC="1.00" CC="00"/>
						<SP ID="P12_SP01090" HPOS="2308" VPOS="4121" WIDTH="19"/>
						<String ID="word001116" HPOS="2327" VPOS="4076" WIDTH="93" HEIGHT="35" CONTENT="hear" WC="0.86" CC="5000"/>
						<SP ID="P12_SP01091" HPOS="2420" VPOS="4121" WIDTH="14"/>
						<String ID="word001117" HPOS="2434" VPOS="4087" WIDTH="48" HEIGHT="25" CONTENT="on" WC="1.00" CC="00"/>
						<SP ID="P12_SP01092" HPOS="2483" VPOS="4121" WIDTH="19"/>
						<String ID="word001118" HPOS="2502" VPOS="4076" WIDTH="117" HEIGHT="45" CONTENT="them," WC="0.98" CC="01000"/>
						<SP ID="P12_SP01093" HPOS="2619" VPOS="4121" WIDTH="27"/>
						<String ID="word001119" HPOS="2646" VPOS="4085" WIDTH="81" HEIGHT="27" CONTENT="was" WC="0.96" CC="001"/>
						<SP ID="P12_SP01094" HPOS="2727" VPOS="4121" WIDTH="8"/>
						<String ID="word001120" HPOS="2735" VPOS="4080" WIDTH="41" HEIGHT="32" CONTENT="at" WC="1.00" CC="00"/>
						<SP ID="P12_SP01095" HPOS="2777" VPOS="4121" WIDTH="17"/>
						<String ID="word001121" HPOS="2793" VPOS="4076" WIDTH="64" HEIGHT="35" CONTENT="the" WC="0.89" CC="030"/>
						<SP ID="P12_SP01096" HPOS="2857" VPOS="4121" WIDTH="17"/>
						<String ID="word001122" HPOS="2874" VPOS="4077" WIDTH="169" HEIGHT="39" CONTENT="distance" WC="0.99" CC="00000100"/>
						<SP ID="P12_SP01097" HPOS="3043" VPOS="4121" WIDTH="0"/>
					</TextLine>
					<TextLine ID="P12_TL00125" HPOS="1684" VPOS="4131" WIDTH="1359" HEIGHT="49">
						<String ID="word001123" HPOS="1684" VPOS="4134" WIDTH="45" HEIGHT="37" CONTENT="of" WC="1.00" CC="00"/>
						<SP ID="P12_SP01098" HPOS="1729" VPOS="4170" WIDTH="13"/>
						<String ID="word001124" HPOS="1742" VPOS="4135" WIDTH="22" HEIGHT="34" CONTENT="8" WC="1.00" CC="0"/>
						<SP ID="P12_SP01099" HPOS="1765" VPOS="4170" WIDTH="15"/>
						<String ID="word001125" HPOS="1780" VPOS="4134" WIDTH="71" HEIGHT="35" CONTENT="and" WC="0.96" CC="001"/>
						<SP ID="P12_SP01100" HPOS="1851" VPOS="4170" WIDTH="19"/>
						<String ID="word001126" HPOS="1870" VPOS="4134" WIDTH="94" HEIGHT="37" CONTENT="1200" WC="0.89" CC="1111"/>
						<SP ID="P12_SP01101" HPOS="1964" VPOS="4170" WIDTH="17"/>
						<String ID="word001127" HPOS="1981" VPOS="4134" WIDTH="106" HEIGHT="35" CONTENT="miles" WC="0.80" CC="32301"/>
						<SP ID="P12_SP01102" HPOS="2087" VPOS="4170" WIDTH="18"/>
						<String ID="word001128" HPOS="2105" VPOS="4131" WIDTH="98" HEIGHT="38" CONTENT="from" WC="0.97" CC="0001"/>
						<SP ID="P12_SP01103" HPOS="2203" VPOS="4170" WIDTH="27"/>
						<String ID="word001129" HPOS="2230" VPOS="4133" WIDTH="100" HEIGHT="38" CONTENT="their" WC="0.71" CC="25222"/>
						<SP ID="P12_SP01104" HPOS="2330" VPOS="4170" WIDTH="15"/>
						<String ID="word001130" HPOS="2346" VPOS="4134" WIDTH="178" HEIGHT="37" CONTENT="frontiers" WC="0.97" CC="000000002"/>
						<SP ID="P12_SP01105" HPOS="2524" VPOS="4170" WIDTH="15"/>
						<String ID="word001131" HPOS="2539" VPOS="4135" WIDTH="7" HEIGHT="33" CONTENT="!" WC="0.78" CC="2"/>
						<SP ID="P12_SP01106" HPOS="2546" VPOS="4170" WIDTH="27"/>
						<String ID="word001132" HPOS="2574" VPOS="4134" WIDTH="74" HEIGHT="37" CONTENT="and" WC="1.00" CC="000"/>
						<SP ID="P12_SP01107" HPOS="2648" VPOS="4170" WIDTH="17"/>
						<String ID="word001133" HPOS="2665" VPOS="4134" WIDTH="65" HEIGHT="37" CONTENT="the" WC="1.00" CC="000"/>
						<SP ID="P12_SP01108" HPOS="2730" VPOS="4170" WIDTH="17"/>
						<String ID="word001134" HPOS="2746" VPOS="4144" WIDTH="122" HEIGHT="35" CONTENT="army," WC="0.98" CC="00001"/>
						<SP ID="P12_SP01109" HPOS="2868" VPOS="4180" WIDTH="31"/>
						<String ID="word001135" HPOS="2898" VPOS="4135" WIDTH="48" HEIGHT="35" CONTENT="he" WC="1.00" CC="00"/>
						<SP ID="P12_SP01110" HPOS="2947" VPOS="4180" WIDTH="22"/>
						<String ID="word001136" HPOS="2969" VPOS="4135" WIDTH="73" HEIGHT="35" CONTENT="had" WC="1.00" CC="000"/>
						<SP ID="P12_SP01111" HPOS="3043" VPOS="4180" WIDTH="0"/>
					</TextLine>
					<TextLine ID="P12_TL00126" HPOS="1685" VPOS="4191" WIDTH="1356" HEIGHT="48">
						<String ID="word001137" HPOS="1685" VPOS="4194" WIDTH="37" HEIGHT="35" CONTENT="in" WC="0.94" CC="01"/>
						<SP ID="P12_SP01112" HPOS="1722" VPOS="4230" WIDTH="17"/>
						<String ID="word001138" HPOS="1739" VPOS="4193" WIDTH="133" HEIGHT="46" CONTENT="Spain," WC="0.94" CC="110001"/>
						<SP ID="P12_SP01113" HPOS="1872" VPOS="4239" WIDTH="27"/>
						<String ID="word001139" HPOS="1899" VPOS="4191" WIDTH="99" HEIGHT="39" CONTENT="from" WC="1.00" CC="0000"/>
						<SP ID="P12_SP01114" HPOS="1998" VPOS="4239" WIDTH="12"/>
						<String ID="word001140" HPOS="2010" VPOS="4201" WIDTH="22" HEIGHT="28" CONTENT="a" WC="0.89" CC="1"/>
						<SP ID="P12_SP01115" HPOS="2033" VPOS="4239" WIDTH="19"/>
						<String ID="word001141" HPOS="2052" VPOS="4191" WIDTH="296" HEIGHT="41" CONTENT="miscalculation" WC="0.86" CC="11101310111115"/>
						<SP ID="P12_SP01116" HPOS="2348" VPOS="4239" WIDTH="17"/>
						<String ID="word001142" HPOS="2365" VPOS="4193" WIDTH="123" HEIGHT="46" CONTENT="easily" WC="0.83" CC="104031"/>
						<SP ID="P12_SP01117" HPOS="2487" VPOS="4239" WIDTH="20"/>
						<String ID="word001143" HPOS="2507" VPOS="4196" WIDTH="39" HEIGHT="34" CONTENT="to" WC="1.00" CC="00"/>
						<SP ID="P12_SP01118" HPOS="2546" VPOS="4239" WIDTH="22"/>
						<String ID="word001144" HPOS="2569" VPOS="4192" WIDTH="47" HEIGHT="39" CONTENT="be" WC="0.94" CC="01"/>
						<SP ID="P12_SP01119" HPOS="2616" VPOS="4239" WIDTH="26"/>
						<String ID="word001145" HPOS="2642" VPOS="4191" WIDTH="206" HEIGHT="41" CONTENT="accounted" WC="0.96" CC="010011000"/>
						<SP ID="P12_SP01120" HPOS="2848" VPOS="4239" WIDTH="19"/>
						<String ID="word001146" HPOS="2867" VPOS="4191" WIDTH="78" HEIGHT="48" CONTENT="for," WC="0.97" CC="0001"/>
						<SP ID="P12_SP01121" HPOS="2944" VPOS="4239" WIDTH="24"/>
						<String ID="word001147" HPOS="2968" VPOS="4194" WIDTH="73" HEIGHT="37" CONTENT="and" WC="0.52" CC="355"/>
						<SP ID="P12_SP01122" HPOS="3041" VPOS="4239" WIDTH="0"/>
					</TextLine>
				</TextBlock>
				<ComposedBlock ID="pa0012013" HPOS="0" VPOS="3072" WIDTH="197" HEIGHT="352" TYPE="Illustration">
					<TextBlock ID="P12_TB00013" HPOS="0" VPOS="3072" WIDTH="197" HEIGHT="352" STYLEREFS="TXT_3 PAR_LEFT">
						<TextLine ID="P12_TL00127" HPOS="48" VPOS="3380" WIDTH="85" HEIGHT="15">
							<String ID="word001148" HPOS="48" VPOS="3380" WIDTH="7" HEIGHT="11" CONTENT="'" WC="1.00" CC="9"/>
							<SP ID="P12_SP01123" HPOS="56" VPOS="3391" WIDTH="48"/>
							<String ID="word001149" HPOS="104" VPOS="3389" WIDTH="6" HEIGHT="6" CONTENT="•" WC="1.00" CC="9"/>
							<SP ID="P12_SP01124" HPOS="110" VPOS="3394" WIDTH="9"/>
							<String ID="word001150" HPOS="119" VPOS="3386" WIDTH="14" HEIGHT="2" CONTENT="-" WC="1.00" CC="0"/>
							<SP ID="P12_SP01125" HPOS="133" VPOS="3394" WIDTH="0"/>
						</TextLine>
					</TextBlock>
				</ComposedBlock>
				<TextBlock ID="P12_TB00014" HPOS="0" VPOS="0" WIDTH="51" HEIGHT="48" STYLEREFS="TXT_4 PAR_LEFT">
					<TextLine ID="P12_TL00128" HPOS="0" VPOS="0" WIDTH="51" HEIGHT="48">
						<String ID="P12_ST01151" HPOS="0" VPOS="0" WIDTH="17" HEIGHT="48" CONTENT="1" WC="0.48" CC="5"/>
						<String ID="P12_ST01152" HPOS="17" VPOS="0" WIDTH="17" HEIGHT="48" CONTENT="1" STYLE="superscript" WC="0.48" CC="1"/>
						<String ID="P12_ST01153" HPOS="33" VPOS="0" WIDTH="18" HEIGHT="48" CONTENT="." WC="0.48" CC="8"/>
						<SP ID="P12_SP01126" HPOS="51" VPOS="48" WIDTH="0"/>
					</TextLine>
				</TextBlock>
			</PrintSpace>
		</Page>
	</Layout>
</alto>
