3484 4417
1162 66 151 57 THE
1349 63 385 58 NATIONAL
1769 48 387 72 REG-IMO.

229 81 5 57 .
268 81 34 57 x
302 81 66 57 25

263 246 178 28 LETTER
462 246 120 26 FROM
606 239 308 30 CHAMPAGNY,
934 236 219 26 MINISTER
1174 235 52 25 OF
1254 231 131 27 STATE
1417 230 52 26 TO
1502 228 132 27 DONA.-

615 289 163 32 TAItTE,
801 286 146 28 DATED
971 283 123 32 PARIS
1094 283 25 32 )
1140 282 99 26 DEC.
1260 272 38 35 7.

319 350 31 19 66
377 346 244 44 Throughwli
645 343 53 35 all
717 341 63 33 the
804 340 181 35 Austrian
1012 335 207 35 dominions
1235 332 64 35 the
1318 337 136 30 utmost
1472 328 158 44 activity

266 399 194 33 continues
478 403 35 25 to
535 399 45 27 tie
596 389 215 50 t.isplayed,
829 386 90 34 with
940 385 138 44 regard
1107 391 39 27 to
1170 383 65 33 the
1264 391 80 24 new
1361 378 268 45 organization

268 446 47 34 of
328 448 64 31 the
412 444 151 33 militia,
588 438 122 35 which
729 445 113 26 seems
859 439 40 31 to
917 435 130 33 excite
1065 438 124 38 strong
1202 426 300 48 apprehensions
1518 425 37 32 in
1573 424 59 33 the

266 495 128 34 breast
413 491 43 35 of
470 491 61 32 the
549 489 102 43 King
660 485 46 35 of
719 488 150 41 Saxony
885 483 74 33 and
980 481 113 35 Duke
1111 477 45 37 of
1176 478 185 34 Warsaw.
1420 474 45 34 in
1480 470 152 38 Munich

266 553 57 22 es;
344 539 204 37 uneasiness
581 537 28 32 is
639 531 230 37 entertained
898 541 48 22 on
977 528 76 34 this
1075 524 159 48 subject,
1254 526 158 33 because
1430 531 47 24 no
1495 529 100 25 move-

265 595 122 30 ments
405 599 64 22 are
482 583 226 37 observable
730 589 132 34 among
881 578 64 35 the
964 575 178 37 Austrian
1162 580 148 38 troops:
1363 569 66 35 Ali
1453 567 133 35 Pacha
1605 568 26 31 is

267 638 106 43 daily
412 634 170 44 drawing
613 640 104 25 more
743 628 139 43 closely
915 626 65 33 the
1012 624 72 34 ties
1110 621 45 35 of
1191 619 211 45 friendship
1437 617 98 34 with
1570 614 63 34 the

268 685 177 44 English,
480 684 65 33 but
575 680 111 43 being
717 672 276 50 apprehensive
1012 672 45 33 of
1078 679 97 26 some
1195 670 172 44 rigorous
1385 672 184 27 measures
1586 672 44 24 on

265 733 67 34 the
352 738 85 39 part
465 731 43 33 of
529 729 64 34 the
624 725 162 37 Turkish
808 724 267 37 Government,
1095 718 44 34 he
1157 718 64 33 has
1241 720 78 31 sent
1338 713 56 35 his
1410 719 165 27 treasure
1593 718 39 26 to

267 793 27 22 a
313 783 112 43 place
441 778 46 33 of
504 777 138 44 safety.

380 830 118 32 Count
523 820 230 39 Romanzoff
770 819 63 34 has
849 815 223 47 dispatched
1101 823 22 25 a
1155 811 162 35 Courier
1342 814 40 30 to
1411 804 213 39 Moldavia.

268 876 22 35 I
314 876 97 33 have
422 874 149 34 availed
592 868 139 47 myself
744 867 44 34 of
803 867 73 34 this
894 862 249 47 opportunity
1165 867 39 27 to
1222 860 84 34 send
1325 867 100 26 some
1444 854 183 35 Bulletins

265 932 44 27 to
321 920 327 45 Constantinople,
667 918 70 34 and
758 915 93 33 have
868 914 80 33 also
967 911 158 35 ordered
1157 908 103 33 them
1280 912 38 28 to
1338 907 44 33 be
1398 901 224 37 distributed

266 984 50 22 on
334 972 66 33 the
424 970 90 35 road
544 966 161 37 thither.
757 963 80 34 The
856 961 182 34 Ottoman
1058 954 254 38 Ambassador
1333 953 63 33 has
1416 948 207 48 postponed

266 1018 244 46 dispatching
528 1026 22 25 a
570 1015 162 35 Courier
751 1016 40 28 to
808 1005 322 46 Constantinople,
1150 1004 93 34 until
1276 1000 236 44 intelligence
1528 997 94 34 shall

269 1069 99 34 have
389 1069 91 32 been
497 1063 172 35 received
687 1061 45 35 of
754 1068 96 35 your
869 1052 201 48 Majesty's
1088 1051 143 34 arrival
1253 1051 35 32 in

268 1135 226 27 ANOTHER
534 1129 171 28 LETTER
743 1126 125 28 FROM
902 1119 100 32 THE
1037 1120 216 27 MINISTER
1292 1119 56 25 OF
1378 1115 167 27 POLICE
1573 1109 53 31 TO

465 1182 83 26 BON
561 1176 195 33 AFARTE,
787 1174 145 27 DATED
965 1170 150 32 PARIS,
1144 1168 96 26 DEC.
1260 1157 40 41 8,
1329 1157 105 33 1808.

465 1214 24 0 -
500 1214 11 0 -
529 1214 7 0 -
573 1214 4 0 -
595 1214 7 0 -

373 1237 45 34 In
436 1234 203 37 obedience
659 1238 38 27 to
716 1238 97 38 your
831 1222 201 47 Majesty's
1059 1221 143 39 orders,
1234 1220 17 33 I
1286 1219 94 34 have
1408 1214 135 37 caused
1567 1214 61 33 the

270 1286 157 35 articles
462 1283 159 35 relative
657 1285 39 27 to
726 1276 117 44 Sicily
881 1281 40 25 to
954 1273 45 32 he
1031 1269 246 44 successively
1312 1265 157 34 inserted
1508 1264 34 33 in
1569 1263 60 33 the

273 1332 133 38 Dutch
439 1331 69 33 and
544 1331 161 32 German
735 1325 194 34 Gazettes,
963 1318 129 34 which
1124 1317 78 33 will
1233 1317 45 32 he
1307 1311 176 46 repeated
1515 1312 35 32 in
1569 1311 59 33 the

274 1381 148 37 French
446 1380 142 43 Papers
604 1388 11 28 ;
646 1377 65 31 but
732 1372 18 34 1
771 1371 94 33 have
882 1371 111 41 given
1015 1369 63 31 the
1104 1370 91 27 most
1215 1361 164 47 positive
1401 1358 130 35 orders
1550 1358 78 33 that

270 1441 51 25 no
341 1428 224 46 particulars
582 1422 45 34 of
651 1422 83 33 that
752 1416 226 47 expedition
998 1414 97 35 shall
1117 1414 44 31 he
1191 1408 226 41 mentioned,
1443 1408 71 33 lest
1541 1407 84 43 they

272 1475 135 38 should
426 1483 106 25 rouse
550 1472 65 33 the
631 1467 165 45 enemy's
811 1463 201 37 attention.
1058 1462 17 32 I
1097 1460 132 34 inform
1250 1467 96 34 your
1365 1454 165 47 Majesty
1550 1455 79 33 that

275 1527 79 33 The
378 1521 207 45 Frankfurt
618 1519 195 33 Gazcileer
842 1522 94 24 seem:
937 1522 19 24 ,
976 1518 40 26 to
1044 1508 45 33 be
1107 1507 106 33 much
1233 1505 227 40 disaffected,
1476 1504 99 31 since
1603 1504 25 31 it

270 1574 161 32 became
450 1576 191 35 necessary
672 1573 39 25 to
739 1564 118 41 adopt
883 1566 128 35 strong
1030 1565 181 25 measures
1231 1554 37 32 in
1285 1552 107 34 order
1417 1557 39 27 to
1482 1551 144 43 compel

272 1619 83 34 him
374 1625 38 26 to
432 1618 111 33 insert
559 1617 63 32 the
640 1612 138 34 article
803 1606 178 41 touching
1000 1605 128 40 Spain.
1182 1602 84 34 Nor
1286 1602 28 32 is
1333 1599 63 33 the
1410 1599 78 43 city
1511 1599 118 32 better

270 1664 177 47 disposed
464 1677 12 26 ;
504 1665 64 32 the
595 1661 237 43 Anglomany
854 1654 125 35 which
1000 1651 162 45 prevails
1185 1651 35 32 in
1243 1646 204 35 Frankfort
1481 1644 27 33 is
1532 1655 73 24 won-

270 1715 139 34 derful.
465 1713 37 34 It
521 1714 28 32 is
567 1709 98 34 from
685 1708 130 33 thence
835 1703 83 33 that
935 1702 73 33 bad
1028 1709 98 25 news
1139 1709 65 22 are
1221 1695 136 47 spread
1374 1695 50 33 all
1436 1694 115 44 along
1567 1694 61 33 the

270 1762 76 34 left
365 1761 118 35 banks
500 1761 44 32 of
556 1760 65 32 the

272 1802 74 1 ----
367 1802 17 1 -

272 1825 40 34 A
337 1826 129 32 Letter
485 1821 106 45 from
624 1820 61 32 the
705 1814 141 35 French
866 1807 252 39 Ambassador
1134 1808 38 32 in
1193 1806 164 38 Munich,
1390 1804 53 33 M.
1462 1802 104 38 Otto,
1593 1805 34 30 to

321 1874 63 31 the
406 1871 138 33 French
568 1867 172 33 Minister
758 1863 47 44 of
820 1864 115 35 Stale,
948 1858 91 34 26th
1054 1856 46 45 of
1110 1854 215 40 November,
1343 1852 106 40 ISOB,
1467 1852 162 32 contains

321 1922 63 32 the
393 1918 200 46 following
609 1920 202 37 passages:

321 1977 31 18 '
372 1977 81 32 The
468 1972 200 37 Austrians
683 1968 172 35 continue
867 1969 37 30 to
915 1961 113 35 make
1042 1957 288 37 entrenchments
1346 1956 33 34 in
1398 1952 207 37 Carinthea

272 2036 25 25 a
314 2029 105 40 great
439 2022 155 33 number
609 2017 46 33 of
674 2001 135 69 peasant
828 2001 19 69 4
866 2001 58 69 are
940 2007 201 47 employed
1162 2006 33 34 in
1218 2008 61 31 the
1297 2004 126 33 defiles
1434 2003 44 33 of
1491 2001 116 34 Dufen-

272 2074 115 40 stein,
411 2069 171 40 Itastadt,
602 2061 254 39 Muntendorf,
875 2059 70 34 anti
965 2059 112 41 Lueg.
1133 2054 70 33 We
1215 2062 66 25 are
1307 2053 85 33 here
1410 2049 219 40 convinced,

272 2122 90 34 that
380 2118 65 35 the
464 2118 123 34 Court
615 2114 45 32 of
690 2113 30 33 V
731 2113 105 32 ieana
867 2107 139 33 intemls
1028 2111 39 26 to
1085 2112 107 33 carry
1215 2101 63 32 the
1296 2101 86 44 plan
1400 2096 46 34 of
1467 2099 64 32 the
1550 2107 77 24 new

273 2166 268 46 organization
557 2161 46 35 of
626 2161 64 33 the
709 2158 137 34 militia
874 2158 78 30 into
971 2153 200 33 execution
1191 2158 37 25 to
1247 2150 46 32 its
1312 2148 65 32 full
1397 2151 149 35 ex:._lll,
1559 2145 67 33 and

269 2225 46 28 io
328 2216 130 33 derive
475 2217 151 40 greiaer
641 2209 45 33 ad
696 2212 171 37 vantago
886 2203 94 33 from
994 2199 73 34 this
1080 2207 180 30 measure,
1280 2196 87 33 than
1385 2204 98 24 were
1499 2199 41 26 at
1556 2192 70 33 first

262 2261 216 48 .expected.
535 2261 71 33 Bat
627 2269 24 21 a
672 2261 98 28 want
788 2254 43 32 of
852 2250 193 46 principle
1074 2256 113 24 seems
1208 2244 77 33 still
1306 2250 37 27 to
1372 2242 169 45 prevail,
1560 2241 67 32 and

275 2313 66 33 the
359 2311 137 33 armies
527 2317 66 24 are
615 2300 197 38 encreased
840 2306 39 26 at
906 2297 64 33 the
986 2308 20 21 e
1016 2307 18 22 x
1043 2304 112 35 pence
1174 2293 35 33 of
1239 2291 229 44 agriculture
1486 2289 71 34 and
1577 2288 35 33 in-

272 2361 148 41 dustry.
472 2355 80 34 The
569 2352 209 35 emissaries
806 2347 86 33 who
912 2352 93 26 have
1025 2344 87 32 been
1130 2348 78 27 sent
1234 2341 78 32 into
1333 2337 172 33 different
1527 2342 102 39 parts

274 2407 47 34 of
337 2405 155 35 Austria
509 2407 148 39 report,
689 2400 80 33 that
794 2407 46 22 no
867 2395 226 32 movements
1111 2388 43 34 of
1173 2398 74 35 any
1265 2394 250 37 consequence
1535 2386 92 32 have

275 2456 174 34 hitherto
464 2453 111 33 taken
592 2450 107 44 place
717 2454 132 32 among
865 2444 61 31 the
945 2447 146 37 troops.

381 2500 84 34 The
497 2497 170 45 Marquis
696 2494 44 33 of
764 2492 144 43 Campo
940 2489 143 35 Chiaro
1119 2485 28 33 is
1178 2481 155 44 waiting
1351 2480 86 34 here
1456 2479 60 34 for
1532 2479 94 34 fresh

266 2551 156 34 .orders,
439 2546 71 34 and
530 2548 28 31 it
576 2552 167 38 appears
776 2541 81 33 that
883 2537 63 33 the
973 2533 187 35 accession
1189 2531 44 33 of
1258 2530 54 33 his
1342 2528 163 46 Majesty
1531 2528 98 41 King

274 2596 185 37 Joachim
477 2601 39 27 to
535 2593 64 33 the
619 2595 129 30 throne
777 2587 45 34 of
849 2584 156 45 Naples,
1033 2583 63 32 has
1114 2582 90 31 been
1231 2577 105 34 made
1355 2577 136 32 known
1513 2582 38 26 to
1570 2577 58 32 the

265 2649 129 33 'Court
415 2643 40 32 of
480 2642 148 37 Vienna
646 2636 106 34 much
771 2636 94 32 later
889 2634 90 32 than
999 2629 70 34 had
1089 2629 87 32 been
1195 2623 202 47 supposed,
1426 2623 60 33 for
1506 2622 122 34 which

268 2702 142 27 .reason
424 2691 63 34 the
504 2689 132 37 Above
669 2685 169 34 Minister
854 2685 130 30 cannot
1007 2675 158 46 proceed
1196 2680 39 27 to
1263 2674 83 33 that
1358 2670 163 45 capital,
1541 2670 87 34 until

274 2744 69 33 the
358 2741 118 35 Court
495 2738 65 34 has
578 2733 174 37 returned
769 2741 46 24 an

333 2861 161 39 Letters
520 2855 112 40 from
654 2849 125 43 Cadiz
797 2851 122 39 slate,
954 2844 93 39 that
1074 2842 67 39 the
1169 2843 130 37 Junta
1319 2842 43 35 at
1391 2835 143 41 Seville
1556 2833 74 40 had

278 2920 92 35 sent
390 2924 53 27 an
458 2913 143 38 Envoy
622 2911 45 33 to
684 2906 69 38 the
772 2903 110 47 King
898 2896 50 41 of
963 2898 215 38 Morocco,
1194 2898 43 34 to
1259 2903 172 40 procure
1449 2903 22 24 a
1488 2888 139 53 supply

278 2968 53 40 of
341 2968 156 40 horses,
514 2961 81 40 find
617 2957 93 41 that
732 2955 69 40 the
817 2955 161 50 request
993 2962 79 26 was
1087 2954 40 33 to
1147 2948 46 37 1w
1214 2942 202 54 complied
1434 2942 116 43 with,
1580 2954 50 25 on

275 3020 211 41 condition
509 3015 105 39 .that
651 3012 72 39 the
758 3006 164 53 Spanish
959 3005 281 38 Government
1272 2995 131 41 would
1434 3007 126 39 agree
1591 2999 41 34 to

276 3077 203 39 evacuate
500 3069 78 39 and
598 3063 201 43 demolish
821 3059 51 40 all
906 3057 69 39 the
993 3056 105 38 forts
1123 3052 91 40 held
1237 3053 50 51 by
1309 3051 104 38 their
1433 3053 146 46 troops
1597 3046 34 38 in

278 3128 161 41 Africa.
494 3120 63 43 All
578 3122 196 52 property
797 3111 222 52 belouging
1043 3113 44 32 to
1107 3106 66 39 the
1191 3094 159 48 natives
1369 3100 48 40 of
1427 3099 207 40 counties

279 3181 133 40 under
442 3176 69 40 the
544 3171 215 41 dominion
793 3167 51 40 of
875 3167 157 38 France
1063 3161 79 38 hail
1172 3159 103 38 been
1294 3169 77 26 con
1408 3154 152 46 :.sated,
1583 3154 47 51 by

279 3235 124 40 order
420 3229 50 39 of
493 3228 70 40 the
582 3228 145 37 Junta.

335 3286 110 39 With
464 3283 157 50 respect
634 3282 46 34 to
706 3276 69 38 the
793 3270 169 43 defence
999 3269 51 39 of
1065 3265 137 45 Cadiz,
1232 3261 145 40 should
1398 3257 71 41 the
1487 3259 141 40 attack

280 3341 52 38 of
358 3340 70 39 the
459 3346 145 39 enemy
628 3330 102 40 take
765 3327 132 52 place,
944 3327 144 44 strong
1110 3320 125 51 hopes
1273 3330 70 24 are
1374 3314 256 39 entertained

276 3394 96 38 that
392 3392 30 38 it
436 3386 133 41 would
591 3384 78 41 call
680 3383 116 38 forth
813 3380 69 38 the
898 3380 106 35 most
1039 3374 139 38 ardent
1212 3369 175 53 loyalty.
1446 3366 143 39 About
1611 3378 22 26 a

279 3448 99 38 mile
399 3444 76 39 and
493 3456 25 24 a
534 3438 91 41 half'
637 3435 158 54 beyond
810 3432 71 38 the
895 3431 102 51 city,
1028 3439 97 27 near
1144 3425 70 38 the
1233 3424 222 38 narrowest
1475 3424 94 46 part
1593 3419 46 38 of

276 3502 76 39 the
377 3494 217 44 Peninsula
608 3503 54 26 on
684 3487 131 40 which
850 3487 28 37 it
907 3482 130 44 stands
1037 3482 22 44 ,
1093 3493 24 24 a
1133 3478 87 38 fort
1254 3490 78 24 was
1352 3471 280 53 constructing

265 3553 150 40 swhich
445 3547 79 41 will
540 3540 246 56 completely
809 3550 77 27 con
886 3534 19 41 -
905 3534 120 41 unpaid
1048 3533 70 39 the
1133 3530 93 47 only
1251 3527 216 54 approach
1500 3529 45 34 to
1566 3524 66 40 the

278 3607 123 53 place
422 3604 51 52 by
494 3599 116 44 land;
643 3594 79 41 and
739 3593 80 40 this
840 3591 84 39 fort
945 3588 80 39 will
1049 3587 50 38 be
1130 3575 267 58 additionally
1429 3579 180 50 strength-

262 3659 120 41 .eited
399 3658 53 52 by
471 3669 24 26 a
509 3652 130 43 ditch,
654 3646 161 52 uniting
831 3646 69 38 the
915 3656 70 26 sea
999 3640 174 38 without
1186 3644 43 33 to
1241 3635 70 38 the
1324 3633 184 39 harbour
1519 3632 91 38 with-

270 3716 66 45 in,
356 3713 54 51 by
431 3707 158 52 cutting
608 3705 72 38 the
694 3700 84 41 4sle
797 3699 48 39 of
863 3699 110 37 Leon
1006 3694 38 37 in
1076 3697 96 34 two.
1221 3690 89 38 The
1325 3685 136 41 works
1479 3685 65 39 for
1558 3685 58 45 thi
1616 3685 20 45 s

274 3777 183 45 purpose
468 3774 105 27 were
585 3750 315 59 superintended
918 3751 50 51 by
987 3744 168 43 Colonel
1185 3738 233 47 Hollowell,
1431 3738 50 39 of
1491 3738 143 39 [been_

273 3822 181 53 gineers,
477 3813 120 52 lately
611 3807 162 43 arrived
784 3804 111 40 Trom
911 3800 222 43 Gibraltar.
1170 3800 34 37 It,
1227 3809 96 33 was,
1339 3794 207 44 however,
1567 3803 44 39 ap-

273 3868 255 61 prehended,
549 3868 92 38 that
663 3862 71 39 the
748 3862 181 50 greatest
939 3853 198 50 difficulty
1156 3849 132 39 would
1313 3848 104 39 arise
1436 3844 111 39 from
1570 3843 65 38 the

262 3932 128 38 'want
409 3924 52 41 of
475 3926 141 35 water.
677 3915 125 41 Cadiz
824 3913 31 38 is
875 3908 48 41 of
1091 3905 193 40 destitute
1311 3901 48 39 of
1388 3904 142 37 water,
1566 3911 45 25 ex-

274 3987 99 47 cept
393 3979 112 38 what
543 3974 31 40 is
609 3969 158 53 caught
797 3966 39 39 in
856 3963 123 39 tanks
999 3974 54 25 on
1076 3959 67 39 the
1162 3963 93 46 tops
1289 3954 50 38 or
1365 3954 69 38 the
1455 3953 149 38 houses
1622 3967 9 27 ;

274 4037 83 47 4nd
373 4032 72 40 the
464 4028 202 50 deficiency
666 4028 21 50 -
711 4023 33 38 is
778 4017 156 52 usually
954 4031 17 24 s
1159 4011 106 39 from
1287 4010 100 37 Port
1417 4009 57 35 St.
1499 4005 135 52 Mary,

273 4103 58 26 on
351 4088 73 40 the
445 4083 107 39 main
576 4078 112 44 land,
705 4074 231 41 north-east
953 4072 40 34 of
1017 4071 72 35 the
1110 4068 74 48 bay
1206 4078 12 30 ;
1241 4062 77 39 and
1339 4058 161 53 though
1525 4057 110 40 there

273 4155 74 30 are
367 4155 56 26 no
443 4134 165 54 heights
628 4131 93 39 that
739 4123 204 45 overlook
967 4122 70 39 the
1054 4120 100 52 city,
1183 4116 35 39 if
1233 4116 72 39 the
1325 4114 151 39 French
1493 4111 139 39 obtain

267 4194 240 61 possession
526 4187 50 44 of
592 4188 71 39 the
684 4181 195 45 northern
895 4179 143 39 shores
1054 4174 46 40 of
1126 4173 70 40 the
1215 4170 99 52 bay,
1342 4166 130 41 which
1493 4163 54 43 all
1569 4166 69 39 the

2753 26 161 64 ttn.

1698 211 144 46 strong
1879 201 137 41 works
2050 196 52 43 of
2122 193 130 45 Cadiz
2285 194 155 39 cannot
2469 190 189 52 prevent,
2692 183 94 51 they
2824 178 99 46 will,
2956 178 33 38 it
3021 178 33 38 is

1698 260 156 45 feared,
1876 262 73 32 not
1967 252 97 53 only
2085 255 72 34 cut
2176 246 65 41 off
2250 246 70 40 the
2336 242 144 53 supply
2503 239 52 40 of
2581 243 130 35 water
2739 236 109 39 from
2869 235 105 38 Port
2994 233 54 37 St.

1702 315 133 50 Mary,
1874 311 74 38 but
1978 302 162 58 greatly
2161 312 136 40 annoy
2321 296 52 39 all
2411 294 193 52 shipping
2635 288 188 56 entering
2852 286 74 40 the
2956 283 73 40 har-

1700 367 122 43 bour,
1843 363 35 40 if
1892 366 73 35 not
1984 357 144 51 totally
2151 354 187 38 obstruct
2355 347 73 43 the
2447 358 183 43 passage.

1754 419 61 39 An
1851 412 204 50 alarming
2094 404 320 45 dissatisfaction
2447 393 311 53 unfortunately
2793 391 182 56 prevails
3011 390 40 40 in

1698 470 201 41 Jamaica.
1965 467 76 37 We
2069 474 71 27 are
2167 470 116 40 sorry
2311 461 47 35 to
2388 467 70 40 say
2487 452 32 39 it
2549 451 31 40 is
2610 446 202 44 universal
2831 464 12 28 ;
2874 446 78 38 and
2981 444 71 39 the

1696 522 250 46 freeholders
1965 517 79 41 and
2065 513 253 43 inhabitants

2330 507 20 52 .
2350 507 40 52 of
2415 507 148 40 almost
2593 516 126 39 every
2741 500 150 54 parish,
2911 496 135 40 which

1698 578 79 41 had
1806 576 102 40 been
1933 568 211 45 convened
2178 578 54 28 on
2262 563 70 40 the
2360 554 206 50 occasion,
2585 556 107 40 have
2721 550 237 47 sanctioned
2982 549 70 40 the

1697 627 267 58 proceedings
1982 624 50 43 of
2053 621 71 40 the
2145 620 139 40 House
2304 614 48 40 of
2375 609 228 53 Assembly.
2661 607 89 40 The
2767 612 98 34 tone
2881 604 51 41 of
2944 604 107 39 their

1697 683 242 41 resolutions
1976 678 32 38 is
2027 672 170 57 spirited
2231 670 77 40 and
2337 667 111 41 firm.
2506 664 112 51 They
2641 660 119 40 claim
2780 659 66 40 for
2865 656 106 41 their
2988 669 40 26 re-

1696 733 292 57 presentatives
2004 730 70 40 the
2091 724 77 43 full
2180 722 182 43 exercise
2381 718 50 43 of
2446 718 69 39 the
2533 715 133 54 rights
2685 711 201 56 possessed
2907 704 54 58 by
2980 709 71 39 the

1696 788 148 43 British
1867 788 138 40 House
2021 782 47 40 of
2092 781 239 43 Commons,
2361 771 76 43 and
2437 771 25 43 .
2461 771 104 43 seem
2581 764 252 45 determined
2851 769 46 34 to
2919 762 104 40 main-

1698 842 86 40 tain
1804 842 129 39 them.

1749 896 112 40 Four
1889 902 115 30 more
2036 885 216 44 American
2282 880 418 50 Embargo-breakers
2727 882 69 28 are
2815 868 161 41 arrived
3006 870 44 37 at

1697 945 234 54 Liverpool.
1988 941 126 39 Their
2150 948 157 33 names,
2353 946 45 27 as
2430 928 130 43 stated
2597 933 46 35 at
2672 925 178 53 Lloyd's,
2880 934 72 27 are
2980 921 71 39 the

1698 1004 157 41 Rover,
1877 996 229 44 Ambition,
2127 989 143 46 Rolla,
2290 986 79 41 and
2389 983 235 43 Carmelite.
2683 979 113 51 They
2816 990 69 26 arc
2898 973 84 41 said
3004 979 45 34 to

1696 1054 107 40 have
1821 1051 122 40 sailed
1962 1049 110 40 from
2089 1049 97 39 New
2207 1044 161 50 Jersey,
2400 1038 76 39 but
2502 1037 96 50 they
2622 1044 72 28 are
2713 1032 39 38 in
2773 1029 143 52 reality
2937 1028 112 39 from

1697 1108 96 38 New
1808 1103 135 46 York,
1974 1101 80 40 and
2073 1096 224 45 constitute
2316 1090 97 54 only
2434 1103 26 26 a
2477 1096 94 47 part
2600 1085 50 40 of
2665 1085 70 39 the
2756 1083 174 39 number
2957 1082 91 39 that

1694 1159 170 40 effected
1883 1156 109 41 their
2002 1165 145 41 escape
2166 1149 109 39 from
2295 1147 91 39 that
2405 1148 110 50 port,
2531 1141 79 39 and
2627 1152 71 28 are
2713 1136 161 52 already
2897 1135 152 39 known

1695 1218 44 34 to
1763 1214 109 37 have
1898 1207 171 41 reached
2092 1201 148 45 British
2262 1204 128 50 ports.
2448 1196 112 50 They
2584 1206 71 27 are
2682 1188 202 54 freighted
2908 1187 94 40 with
3026 1200 25 25 a

1694 1263 278 41 considerable
1989 1258 190 54 quantity
2203 1253 50 40 of
2265 1257 162 38 cotton,
2456 1248 80 39 and
2565 1246 109 52 their
2694 1240 149 41 arrival
2865 1241 72 38 has
2967 1240 80 39 had

1696 1318 69 39 the
1793 1318 119 39 effect
1939 1313 48 41 of
2019 1306 233 53 materially
2272 1304 200 51 lowering
2493 1300 69 38 the
2584 1299 111 53 price
2719 1296 48 40 of
2776 1294 92 39 that
2888 1292 159 46 article,

1696 1370 99 39 both
1819 1370 38 39 in
1885 1370 67 38 the
1970 1365 171 43 London
2161 1362 83 40 and
2263 1354 222 56 Liverpool
2506 1351 198 40 markets.
2764 1349 89 39 The
2875 1344 176 53 samples

1696 1423 146 45 which,
1880 1422 76 39 but
1975 1434 24 25 a
2019 1419 115 39 short
2153 1416 100 39 time
2272 1410 162 45 before,
2464 1419 103 27 were
2597 1403 91 41 sold
2708 1407 44 33 at
2778 1408 59 34 3c.
2858 1404 63 35 3d.
2943 1400 105 37 have

1694 1475 123 40 fallen
1839 1481 43 33 to
1906 1480 59 33 2s.
1984 1476 64 34 6d.
2106 1467 185 41 Another
2320 1467 104 40 sort,
2453 1459 128 41 called
2615 1455 152 45 Bouds,
2806 1453 130 39 which
2969 1452 78 38 had

1694 1530 103 39 been
1812 1533 41 34 at
1873 1533 57 33 2s.
1950 1531 63 34 Sd.
2036 1522 77 40 and
2135 1527 59 33 2s.
2219 1522 60 37 6d.
2301 1515 69 40 did
2385 1519 76 34 not
2477 1511 109 41 fetch
2617 1514 44 34 at
2693 1505 221 54 Liverpool
2930 1511 117 33 2s-.

1693 1583 132 39 These
1858 1579 146 40 vessels
2041 1578 120 47 bring
2186 1586 57 26 no
2276 1571 119 38 other
2428 1564 259 53 intelligence
2705 1561 99 38 than
2825 1559 72 40 the
2915 1557 111 40 deter-

1695 1635 197 39 mination
1919 1632 48 39 of
1981 1631 72 39 the
2075 1625 235 43 Merchants
2329 1622 51 39 of
2405 1622 96 38 New
2525 1615 182 56 England
2727 1618 46 35 to
2792 1612 133 39 refuse
2955 1611 71 38 sub-

1694 1688 163 39 mission
1877 1691 45 34 to
1944 1683 70 40 the
2041 1682 374 39 Non-Intercourse
2447 1670 91 41 Bill.
2597 1669 100 40 This
2728 1663 319 44 determination

1694 1741 94 45 had,
1819 1737 220 51 according
2060 1741 44 32 to
2133 1744 79 27 our
2245 1723 224 58 Liverpool
2486 1724 156 43 letters,
2675 1722 102 39 been
2806 1716 150 54 openly
2976 1729 48 26 ex-

1694 1793 174 53 pressed,
1889 1796 43 34 at
1952 1789 67 39 the
2046 1787 81 40 risk
2147 1785 51 38 of
2212 1780 188 43 absolute
2422 1775 235 54 separation
2675 1775 111 38 from
2806 1772 71 39 the
2897 1769 150 45 Union,

1693 1859 148 26 sooner
1854 1846 98 38 than
1972 1838 221 54 relinquish
2213 1834 105 41 their
2340 1827 265 45 commercial
2626 1826 194 54 pursuits.
2877 1826 33 38 A
2940 1822 87 39 curi-

1693 1913 74 25 ous
1788 1899 85 39 fact
1889 1899 71 38 has
1974 1906 118 28 come
2108 1889 142 41 within
2278 1899 78 28 our
2378 1883 260 51 knowledge,
2669 1878 130 40 which
2831 1887 148 43 proves
3008 1879 43 35 at

1694 1951 102 40 least
1814 1951 93 39 that
1924 1950 80 39 this
2028 1938 432 57 Embargo-breaking
2493 1949 77 26 can
2597 1935 107 37 have
2725 1932 102 38 been
2859 1942 56 26 no
2950 1939 98 40 very

1694 2006 155 39 sudden
1870 2017 46 26 or
1933 1995 359 59 unpremeditated
2323 1996 66 35 act
2405 2007 11 22 :
2456 1989 83 39 viz.
2569 1987 113 40 these
2702 1985 97 38 four
2818 1981 158 44 vessels,
3006 1993 44 28 as

1695 2057 89 43 well
1807 2072 43 25 as
1870 2056 137 38 others
2026 2057 67 48 yet
2109 2057 46 33 to
2176 2060 135 32 come,
2328 2055 107 27 were
2452 2042 52 39 all
2524 2039 164 43 insured
2706 2042 41 34 at
2769 2035 165 53 Lloyd's
2953 2035 54 52 by
3025 2046 26 28 a

1697 2107 161 56 leilding
1883 2107 215 40 American
2118 2104 129 39 house
2267 2101 39 38 in
2329 2099 72 39 the
2417 2096 98 39 city.

1748 2164 90 39 The
1869 2160 209 52 following
2113 2159 142 37 Letter
2307 2150 129 43 refers
2469 2153 47 34 to
2551 2146 72 40 the
2662 2140 247 56 Expedition
2957 2151 96 28 now

1697 2218 138 50 fitting
1852 2219 73 34 out
1945 2218 43 35 at
2004 2210 110 41 Cork
2130 2225 70 22 :

1802 2272 125 33 CORK
1938 2294 9 15 ,
1978 2270 104 33 Eras.
2104 2263 175 38 10.---On
2291 2257 198 45 Thursday
2504 2252 202 45 se'nnight,
2724 2250 64 35 the
2799 2250 98 34 wind
2914 2249 137 43 having

1693 2320 139 35 shifted
1854 2327 38 25 to
1917 2317 61 33 the
2004 2313 217 40 Eastward,
2249 2309 128 33 orders
2406 2316 96 24 were
2529 2303 122 34 issued
2679 2300 59 34 for
2754 2301 65 32 the
2838 2297 215 34 immediate

1694 2366 324 35 re-embarkation
2049 2362 45 34 of
2115 2361 91 34 such
2232 2356 45 35 of
2297 2356 65 33 the
2385 2360 148 37 troops,
2558 2349 169 44 recently
2746 2346 172 35 returned
2954 2343 97 35 front

1696 2417 132 43 Spain.
1853 2424 41 24 as
1913 2422 98 24 were
2030 2411 35 35 in
2082 2420 22 24 a
2122 2405 194 39 condition
2336 2402 59 37 for
2412 2401 109 44 duty.
2572 2396 98 37 Such
2707 2405 77 25 was
2803 2394 59 33 the
2882 2393 165 35 activity

1695 2463 85 37 used
1799 2473 47 24 on
1873 2460 64 35 the
1954 2459 187 40 occasion,
2169 2456 85 34 that
2283 2453 50 44 by
2349 2460 98 26 noon
2465 2459 24 24 a
2513 2444 259 38 considerable
2791 2447 83 39 part
2890 2440 46 35 of
2949 2440 103 35 them

1695 2511 73 33 had
1785 2506 207 38 embarked
2008 2519 11 27 ;
2046 2505 63 34 the
2133 2503 115 39 wind,
2268 2500 193 38 however,
2479 2497 86 34 then
2584 2490 195 38 freshened
2793 2497 38 27 to
2841 2490 90 34 such
2948 2499 24 24 a
2989 2489 44 33 de-

1693 2569 87 33 gree
1793 2568 41 24 as
1858 2564 37 26 to
1912 2554 156 46 suspend
2087 2552 63 34 the
2167 2549 158 39 service,
2352 2545 71 34 and
2443 2549 38 30 at
2500 2544 71 33 five
2596 2539 151 37 o'clock
2767 2538 69 33 had
2862 2536 191 34 increased

1695 2611 40 30 to
1749 2616 22 24 a
1793 2606 119 44 heavy
1925 2604 98 45 gale.
2076 2602 122 34 Ceuta
2219 2596 30 33 is
2264 2593 187 48 supposed
2465 2598 38 28 to
2522 2591 46 34 be
2584 2590 65 33 the
2670 2588 110 45 place
2799 2583 44 37 of
2857 2583 100 37 their
2970 2583 61 34 des-

1697 2652 189 37 tination.'

1752 2701 76 37 We
1846 2711 69 26 are
1932 2692 239 44 authorised
2190 2698 46 34 to
2252 2693 106 35 state
2373 2687 94 40 that
2477 2683 71 41 the
2564 2682 122 51 Hope
2702 2681 215 39 Insurance
2934 2678 89 39 Com-

1698 2765 106 40 pany
1828 2751 71 39 has
1919 2763 53 25 no
1991 2746 248 41 connection
2258 2741 208 48 whatever
2484 2735 98 41 with
2614 2735 73 39 the
2707 2731 189 41 intended
2919 2730 117 40 Cattle
3035 2730 20 40 .

1700 2805 87 39 Life
1808 2806 221 37 Insurance
2049 2804 230 47 Company.

1750 2859 185 44 Monday,
1987 2868 24 22 a
2043 2856 72 33 few
2153 2854 156 33 minutes
2339 2848 132 35 before
2506 2855 69 25 one
2611 2842 168 41 o'clock,
2806 2839 56 34 his
2890 2837 168 47 Majesty

1698 2907 151 35 atrivel
1878 2914 39 27 at
1949 2904 64 34 the
2043 2900 159 44 Queen's
2236 2898 152 39 Palace,
2415 2895 99 34 from
2545 2890 189 35 Windsor.
2792 2889 69 34 His
2889 2888 165 46 Majesty

1700 2955 183 34 travelled
1902 2955 50 41 by
1974 2952 158 43 Egham,
2143 2949 72 33 and
2233 2949 63 32 the
2313 2955 99 25 same
2427 2942 89 34 road
2529 2939 128 37 which
2674 2940 45 32 he
2732 2936 89 35 took
2842 2936 70 34 last
2930 2936 124 41 week,

1698 3005 64 32 the
1792 3002 149 44 regular
1965 3001 109 32 roads
2093 2999 109 41 being
2215 2994 77 35 still
2308 3000 59 27 not
2392 2992 185 45 passable.
2631 2987 130 34 About
2780 2985 183 44 half-past
2979 2988 76 30 two

1697 3051 170 35 o'clock.
1887 3050 57 33 his
1962 3046 165 46 Majesty
2150 3044 87 34 held
2263 3053 25 24 a
2304 3040 152 47 private'
2480 3040 133 37 Levee,
2643 3034 124 35 which
2786 3044 79 24 was
2881 3030 175 37 attended

1700 3100 50 43 by
1772 3099 65 33 the
1857 3098 115 33 Great
2004 3094 156 35 Officers
2177 3091 46 34 of
2249 3092 119 39 State,
2400 3087 65 34 the
2486 3086 203 40 Ministers,
2726 3081 67 35 &e.
2846 3080 105 45 Very
2980 3079 74 33 few

1701 3145 270 46 presentations
1990 3144 91 33 took
2107 3142 123 44 place.
2284 3138 72 33 His
2388 3131 164 47 Majesty
2572 3131 85 37 held
2685 3142 24 24 a
2741 3131 118 44 Privy
2878 3129 175 39 Council,

1697 3202 38 27 at
1755 3194 123 34 which
1893 3191 59 34 the
1978 3190 189 34 Recorder
2185 3188 44 34 of
2243 3184 151 37 London
2412 3181 190 41 attended,
2620 3180 71 34 and
2713 3178 104 33 made
2837 3177 54 33 his
2910 3177 146 44 Report

1698 3242 44 33 of
1757 3242 63 33 the
1838 3242 94 33 Cons
1945 3240 65 34 icts
2030 3236 187 45 capitally
2232 3231 195 38 convicted
2444 3235 41 30 at
2502 3229 63 34 the
2582 3229 73 33 last
2674 3228 159 34 Sessions
2854 3227 33 33 in
2902 3224 63 34 the
2981 3224 73 34 Old

1854 3301 9 28 ;
1894 3288 109 33 when
2036 3295 57 24 we
2120 3282 223 35 understand
2365 3281 63 33 the
2447 3288 83 25 man
2561 3276 96 33 from
2696 3274 273 44 Birmingham,
2995 3272 61 34 for

1698 3339 163 40 uttering
1873 3335 132 43 forged
2029 3333 110 35 Bank
2157 3337 122 35 notes,
2304 3328 69 35 and
2387 3327 65 34 the
2472 3334 145 25 woman
2637 3324 59 34 for
2715 3322 145 44 forging
2876 3320 181 37 seamen'h

1697 3386 227 34 certificates
1939 3384 41 34 of
1997 3381 136 38 births,
2154 3379 116 39 wills,
2289 3378 70 34 &c.
2378 3385 102 25 were
2498 3372 154 35 ordered
2674 3371 58 34 for
2747 3372 203 32 execution
2966 3374 91 28 next

1704 3435 247 33 Wedoe,ilay.
2007 3433 97 30 Soon
2121 3428 102 35 after
2241 3428 57 34 six
2326 3424 168 43 o'clock,
2522 3422 57 34 his
2597 3418 168 47 Majesty
2784 3424 54 28 set
2855 3418 56 34 off
2934 3429 47 22 on
3002 3418 54 33 his

1701 3489 124 26 return
1841 3490 37 25 to
1905 3480 184 33 IVindsor.

1752 3536 90 39 The
1860 3537 128 37 Court
2024 3530 51 40 of
2098 3533 202 40 Common
2323 3522 172 46 Council
2516 3522 50 41 of
2589 3522 71 40 the
2680 3522 93 53 City
2793 3519 52 43 of
2878 3520 182 41 London.

1700 3591 106 39 have
1821 3586 180 54 adopted
2022 3586 71 39 the
2113 3581 214 52 following
2344 3579 266 41 Resolutions
2626 3593 70 21 :

1748 3654 102 34 That
1866 3664 41 22 no
1932 3651 169 35 Member
2115 3647 43 34 of
2173 3646 66 34 the
2252 3646 117 35 Court
2389 3644 87 33 who
2492 3640 106 35 holds
2610 3651 76 33 any
2698 3637 109 48 place
2820 3646 45 26 or
2876 3635 161 46 appoint-

1701 3707 97 30 ment
1820 3702 112 34 under
1950 3700 268 35 Government,
2245 3694 96 34 from
2361 3692 125 33 which
2506 3690 45 33 he
2568 3687 148 35 derives
2741 3696 47 25 an
2816 3687 244 40 emolument,

1700 3762 44 22 or
1767 3751 87 32 who
1883 3748 163 35 receives
2074 3756 73 33 any
2185 3744 159 39 income,
2369 3741 143 39 salerv,
2538 3746 45 24 or
2608 3736 213 34 allowance
2839 3738 65 30 out
2923 3732 46 35 of
2995 3732 65 35 the

1702 3800 128 45 public
1851 3807 146 34 money,
2024 3797 139 39 except
2194 3790 91 35 such
2308 3789 187 35 Members
2519 3796 41 24 as
2591 3783 91 33 hold
2709 3793 25 24 a
2752 3782 237 34 commission
3022 3783 37 33 in

1700 3848 124 33 either
1841 3844 44 34 of
1906 3844 64 33 the
1988 3850 78 26 two
2085 3842 200 44 regiments
2301 3836 44 35 of
2369 3836 151 34 London
2541 3830 164 41 Militia,
2728 3829 94 35 shall
2843 3829 47 34 be
2901 3829 159 44 eligible

1702 3901 37 26 to
1759 3905 106 24 serve
1884 3902 100 34 upon
1997 3900 77 35 any
2095 3887 228 38 Committee
2349 3894 46 26 or
2415 3880 250 39 Commission
2694 3875 207 51 appointed
2922 3879 48 44 by
2996 3876 64 35 the

1704 3946 131 33 Court.

1757 4005 45 38 In
1841 4000 71 41 the
1932 3999 130 41 Court
2082 3994 50 41 of
2147 3996 202 40 Common
2383 3990 123 41 Pleas
2524 3980 220 60 yesterday
2764 3986 81 39 Mr.
2865 3979 195 58 Finnerty

1703 4054 195 43 obtained
1931 4065 25 27 a
1987 4050 158 41 verdict
2165 4049 81 40 and
2271 4059 78 28 one
2381 4043 165 51 shilling
2565 4042 196 52 damages
2780 4038 163 53 against
2973 4038 81 39 Mr.

1704 4111 154 51 Tipper
1874 4108 71 40 the
1961 4096 237 50 bookseller
2212 4101 67 40 for
2300 4114 24 26 a
2349 4096 97 43 libel
2643 4090 189 58 plaintiff
2843 4089 217 58 published

1706 4168 41 35 in
1766 4162 72 41 the
1852 4161 174 47 Satirist,
2046 4169 53 28 an
2109 4156 177 43 obscure
2307 4150 189 64 monthly
2519 4148 273 58 publication.

3317 2456 5 9 e

3315 3950 9 38 1
3325 3950 20 38 16

3315 4018 13 33 y
3328 4018 13 33 .
