3484 4417
1152 73 143 52 THE
1328 69 378 53 NATIONAL
1741 66 380 52 REGISTER.

0 1359 28 53 M
28 1359 30 53 I

0 2057 56 31 Ibis

519 1462 209 37 Addressed
746 1475 8 21 :

4 4180 41 15 .~

259 210 106 34 ward
381 215 40 31 to
448 211 67 33 the
531 210 74 47 day
622 210 102 35 after
742 217 222 30 to-morrow
979 226 11 27 ;
1019 214 104 34 there
1141 224 65 24 are
1227 214 74 35 still
1325 214 172 33 however
1517 217 78 28 two

259 260 30 31 si
301 257 84 35 hole
399 259 122 45 nights
540 259 129 34 before
690 260 18 34 I
726 260 92 34 shall
837 261 102 45 clasp
969 272 60 31 my
1046 262 146 45 darling
1211 261 34 35 in
1261 270 59 35 my
1338 269 103 27 arms
1455 260 9 34 !
1491 260 102 34 How

260 306 132 45 happy
419 317 63 22 am
504 305 17 34 I
544 312 38 27 to
606 306 105 34 learn
732 308 79 33 that
830 319 72 33 you
921 319 63 24 are
1004 309 142 38 better;
1181 309 15 33 I
1217 308 73 34 still
1311 307 174 35 however
1512 307 81 34 will

259 358 64 30 not
337 353 86 44 give
441 363 52 37 up
506 364 63 35 my
585 352 118 48 hopes
716 354 44 35 of
768 356 64 35 the
843 366 109 25 cause
961 356 44 34 of
1019 366 92 33 your
1128 356 133 45 feeling
1284 354 308 34 uncomfortable.

260 400 200 44 Claveriug
481 402 30 34 is
533 403 201 40 mistaken,
759 415 59 33 my
841 404 118 43 Angel
978 402 9 35 !
1019 404 34 33 in
1069 404 170 43 thinking
1254 402 83 34 that
1354 413 73 33 any
1442 412 77 22 new
1539 411 38 25 re-

260 449 155 44 giments
433 458 67 24 are
523 454 38 30 to
593 450 45 33 be
661 450 145 41 raised;
836 451 26 33 it
883 451 30 33 is
930 457 65 28 not
1015 450 182 41 intended,
1214 451 83 43 only
1328 449 48 37 td
1394 449 201 34 battalions

260 501 43 30 to
317 495 61 35 the
390 496 167 45 existing
572 508 110 34 corps
697 509 11 28 ;
735 509 73 34 you
826 498 70 34 had
913 498 137 40 better,
1067 498 196 39 therefore,
1281 497 65 34 tell
1363 496 76 33 him
1455 506 52 32 so,
1524 495 71 34 and

263 544 84 33 that
371 554 76 35 you
475 554 98 24 were
589 555 83 24 sure
692 546 79 34 that
787 544 107 35 there
913 546 124 34 would
1056 547 45 32 be
1119 556 46 21 no
1182 555 60 24 use
1269 544 33 33 in
1320 543 185 45 applying
1531 542 63 35 for

263 591 92 33 him.
407 591 80 35 Ten
516 591 181 37 thousand
717 593 148 43 thanks,
892 604 63 33 my
986 594 99 39 love,
1111 591 58 35 fir
1199 592 60 33 the
1293 581 301 47 handkerchiefs,

266 638 123 34 which
407 648 67 24 are
491 639 223 46 delightful;
741 640 70 34 and
834 641 15 33 l
868 641 90 33 need
977 647 78 34 not,
1077 638 17 37 I
1116 644 106 37 trust,
1235 648 124 24 assure
1380 648 72 34 you
1470 638 43 33 of
1533 635 64 35 the

266 686 172 44 pleasure
461 686 17 34 I
497 686 71 34 feel
593 687 35 34 in
647 687 164 45 wearing
827 689 118 40 them,
969 689 72 32 and
1064 687 170 44 thinking
1250 685 43 35 of
1303 686 61 33 the
1380 686 89 33 dear
1486 681 111 38 hands

267 733 81 34 that
383 733 110 35 made
519 733 98 35 them
653 732 61 37 for
744 746 67 24 me.
865 733 171 46 Nothing
1051 733 106 35 could
1178 735 46 32 be
1243 743 98 24 more
1359 733 236 44 satisfactory

268 781 91 44 than
374 781 64 37 the
454 787 86 30 tour
559 782 18 34 I
600 783 94 34 have
712 782 118 43 made,
843 782 70 37 and
931 782 65 37 the
1017 788 94 30 state
1136 782 34 33 in
1191 781 118 34 which
1333 780 14 34 I
1370 781 91 34 have
1486 780 110 33 found

272 837 112 37 every
405 830 126 43 thing.
581 828 80 37 The
684 830 122 35 whole
829 831 45 32 of
883 830 76 34 'the
976 831 73 44 day
1069 830 128 33 before
1215 828 195 45 yesterday
1430 837 73 25 was
1522 837 51 22 em-

269 876 138 46 ployed
428 878 37 33 in
485 876 150 39 visiting
661 878 64 32 the
752 878 124 33 works
899 883 41 28 at
973 878 152 35 Dover;
1163 876 201 44 reviewing
1382 876 63 33 the
1470 881 128 37 troops

274 924 120 40 there,
428 924 72 34 and
531 924 216 46 exatnining
777 922 64 38 the
860 930 102 31 coast
987 935 40 22 as
1054 924 58 37 far
1139 933 40 25 as
1215 922 70 34 this
1315 924 119 45 place.
1487 921 110 34 From

272 970 208 37 Folkston
502 971 12 34 I
540 971 70 35 had
622 981 25 25 a
665 983 89 34 very
771 971 97 47 good
887 974 98 33 view
998 972 45 35 of
1055 973 103 34 those
1170 969 44 37 of
1231 971 61 34 the
1315 970 141 34 French
1474 979 122 34 camp.

269 1018 219 46 Yesterday
517 1018 15 35 I
560 1019 76 34 first
663 1020 185 34 reviewed
867 1020 63 33 the
946 1031 107 33 camp
1072 1024 102 38 here,
1198 1018 70 34 and
1291 1016 220 38 afterwards
1535 1017 64 34 the

273 1065 85 35 14th
379 1062 113 50 Light
508 1067 200 45 dragoons,
728 1067 80 35 who
821 1078 65 24 are
911 1067 185 46 certainly
1123 1068 39 34 in
1178 1076 86 34 very
1285 1067 71 33 fine
1374 1064 129 40 order;
1530 1063 71 37 and

273 1114 96 35 from
386 1114 135 35 thence
540 1116 207 44 proceeded
767 1123 37 26 to
827 1114 216 37 Brabourne
1063 1115 104 40 Lees,
1183 1119 38 28 to
1233 1123 58 25 see
1307 1113 85 34 four
1411 1111 189 44 regiments

272 1162 46 34 of
333 1160 163 44 militia;
526 1161 143 43 which,
683 1162 227 45 altogether,
927 1163 93 33 took
1037 1173 58 24 me
1113 1172 51 34 up
1182 1170 85 25 near
1292 1161 161 33 thirteen
1478 1159 120 34 hours.

314 1219 58 25 am
402 1220 86 25 now
520 1209 136 45 setting
684 1211 56 34 oil'
770 1209 254 43 immediately
1052 1215 35 28 to
1116 1209 80 33 ride
1219 1209 109 41 along
1351 1208 63 33 the
1441 1212 99 30 coast
1564 1212 38 27 to

270 1257 200 45 Hastings,
488 1257 207 44 reviewing
720 1257 63 35 the
804 1257 170 37 different
1007 1267 107 34 corps
1141 1266 39 25 as
1208 1256 18 34 I
1256 1265 98 35 pass,
1372 1253 120 34 which
1520 1253 81 34 will

273 1306 89 34 take
378 1316 57 25 ma
455 1311 39 30 at
516 1305 93 35 least
622 1315 40 26 as
680 1306 98 43 long.
807 1306 142 40 Adieu,
960 1304 210 41 therefore,
1187 1313 59 33 my
1264 1307 185 34 sweetest,
1459 1300 143 33 dearest

270 1352 103 40 love,
391 1354 61 34 till
472 1352 64 34 the
553 1354 73 44 day
657 1352 107 35 after
778 1357 242 37 to-morrow,
1036 1354 70 33 and
1133 1354 45 32 be
1194 1349 144 35 assured
1365 1348 83 35 that
1473 1354 37 28 to
1543 1358 59 34 my

276 1395 73 45 lasi
369 1398 98 38 hour
481 1401 17 38 I
516 1398 97 38 shall
630 1411 91 25 ever
738 1400 138 37 remain
892 1400 129 47 your's
1043 1400 71 35 and
1131 1395 122 48 your's

325 1517 148 50 George
485 1520 216 46 Farquhar,
718 1513 89 52 Esq.
840 1518 57 43 18,
915 1518 340 44 Gloucester-place,

322 1631 104 40 Here
441 1632 70 35 the
528 1633 128 34 letters
670 1630 171 43 finished,
867 1631 109 35 when
994 1631 77 35 Mr.
1091 1630 193 41 Dockery,
1293 1638 25 26 a
1330 1631 148 33 servant
1496 1626 38 35 in
1546 1624 65 38 the

275 1681 256 46 employment
547 1680 44 35 of
602 1680 64 35 the
679 1675 78 40 late
776 1680 73 35 Mr.
870 1678 244 41 Birkett,the
1136 1678 250 45 pawnbroker
1400 1676 71 35 and
1481 1677 113 33 silver-

276 1729 126 40 smith,
429 1729 51 34 in
516 1727 298 44 Princes-street,
857 1737 78 24 was
969 1726 118 35 called
1131 1726 38 34 in
1208 1724 67 35 and
1319 1724 196 34 examined
1558 1722 50 43 by

279 1776 77 40 Mr,
385 1775 311 40 Wardle.----Q.
724 1774 61 37 Do
814 1783 76 35 you
915 1783 106 25 mean
1062 1780 39 28 to
1129 1779 109 34 state,
1267 1772 83 34 that
1381 1770 143 34 neither
1548 1769 65 34 the

280 1820 115 39 Mike
428 1822 46 35 of
498 1822 113 37 York
645 1833 69 22 nor
751 1822 90 34 Mrs.
878 1821 144 35 Clarke
1059 1820 224 37 authorized
1317 1830 76 32 any
1421 1827 128 34 person
1576 1821 38 28 to

276 1871 174 37 examine
489 1870 71 35 and
602 1874 98 31 treat
730 1871 116 34 about
883 1869 65 35 the
989 1869 125 46 plate?
1178 1869 48 33 A.
1256 1866 195 44 Certainly
1482 1872 131 27 not.---

280 1919 50 39 Q.
357 1918 60 37 Do
437 1928 77 37 you
531 1918 178 35 recollect
725 1928 71 33 any
816 1916 105 45 thing
941 1917 92 34 with
1054 1916 130 45 regard
1213 1920 38 27 to
1279 1915 67 34 the
1363 1918 176 41 payment
1571 1920 44 25 or

279 1967 66 34 the
361 1967 105 45 plate
482 1967 14 32 ?
547 1965 52 34 A.
627 1964 105 41 Yes;
758 1964 100 35 5001.
886 1974 76 25 was
979 1970 39 28 to
1036 1964 46 33 be
1101 1962 89 46 paid
1205 1962 110 33 down
1332 1967 41 28 at
1393 1961 63 33 the
1470 1959 91 33 time
1589 1959 26 32 it

282 2024 78 24 was
385 2013 208 38 delivered,
609 2013 71 33 and
707 2011 64 35 the
796 2011 206 34 remainder
1020 2022 74 22 was
1121 2010 132 34 settled
1285 2010 51 41 by
1367 2008 86 34 bills
1482 2011 39 30 at
1546 2006 53 34 dif-

285 2061 119 35 ferent
429 2060 243 41 dates.----Q.
694 2057 61 35 Do
780 2070 73 34 you
886 2059 116 37 know
1033 2057 89 35 how
1157 2059 28 32 it
1217 2066 73 25 was
1316 2056 107 45 paid,
1452 2053 168 37 whether

282 2111 38 32 is
359 2108 87 34 cash
490 2119 41 24 or
574 2108 35 34 in
651 2108 104 33 bank
796 2112 117 35 notes,
954 2117 45 24 or
1041 2105 85 34 how
1142 2105 13 32 ?
1231 2104 48 35 A.
1319 2104 44 33 In
1397 2108 74 28 two
1500 2105 118 37 mites,

282 2167 67 24 one
361 2156 40 33 of
415 2156 104 37 3001.
536 2156 67 33 and
624 2156 61 33 the
702 2156 107 32 other
824 2152 45 35 of
879 2154 203 39 2001.--,Q.
1097 2153 80 34 The
1189 2158 71 28 rest
1278 2161 79 24 was
1376 2150 35 33 in
1428 2150 99 33 hills.
1557 2148 61 34 Do

281 2211 74 25 von
376 2203 177 34 recollect
587 2203 48 33 by
672 2202 122 34 whom
826 2200 103 34 these
956 2200 86 34 bills
1063 2210 94 24 were
1178 2199 125 34 drawn
1325 2199 11 32 ?
1391 2197 53 34 A.
1476 2197 54 33 To
1550 2194 65 34 the

281 2251 80 35 best
379 2249 45 38 of
448 2259 63 38 my
527 2249 240 37 recollection
783 2249 87 44 they
891 2258 103 28 were
1024 2249 129 34 drawn
1179 2249 46 44 by
1250 2246 91 33 Mrs.
1362 2243 142 37 Clarke
1520 2252 99 34 upon

283 2302 65 30 the
376 2298 116 34 Duke
516 2298 45 33 of
586 2297 236 40 York.---Q.
862 2296 60 35 Do
948 2306 77 34 you
1059 2306 104 25 mean
1204 2300 39 27 to
1279 2298 98 28 state
1415 2293 84 32 then
1538 2291 79 33 that

281 2346 65 33 the
381 2346 125 34 who'e
533 2350 150 28 antoont
712 2343 69 35 due
819 2343 59 34 for
917 2343 63 34 the
1006 2343 149 34 .service
1194 2341 44 34 of
1274 2342 119 43 plate,
1429 2348 87 24 over
1548 2336 72 34 and

283 2393 123 35 above
423 2392 65 37 the
506 2402 78 26 sum
599 2391 46 37 of
654 2391 100 37 5001.
791 2391 34 33 in
852 2391 117 45 ready
989 2400 150 34 money,
1168 2398 74 25 was
1271 2387 89 35 then
1382 2386 90 46 paid
1491 2386 50 44 by
1558 2383 63 33 the

287 2440 116 37 Duke
420 2439 46 35 of
477 2440 116 35 York
611 2440 50 43 by
681 2441 100 33 these
797 2438 85 34 bills
896 2437 14 35 ?
964 2437 53 35 A.
1036 2435 206 45 Certainly.

338 2489 92 34 Mrs.
465 2487 203 34 Hoveuden
700 2485 195 35 examined
921 2484 50 46 by
1007 2484 72 35 Mr.
1102 2481 315 39 WitnDLE.Q.
1456 2479 60 35 Do
1547 2487 73 34 you

291 2536 111 35 know
417 2535 157 37 Colonel
591 2533 112 35 Shaw
719 2533 14 33 ?
785 2533 50 33 A.
865 2532 14 35 1
902 2531 73 35 had
1005 2532 92 34 been
1128 2530 59 34 for
1209 2541 98 25 some
1328 2530 91 33 time
1444 2526 178 35 informed

288 2584 81 40 that
390 2583 96 35 Mrs.
504 2582 144 37 Clarke
683 2580 76 35 had
776 2581 61 34 the
867 2580 231 45 negotiation
1126 2578 45 33 of
1189 2588 46 24 an
1257 2577 194 43 exchange
1479 2574 97 34 from
1602 2584 24 22 a

291 2630 189 53 Majority
508 2634 41 31 to
575 2640 25 25 a
630 2627 222 48 Colonelcy.
904 2626 128 47 Major
1064 2626 110 34 Shaw
1204 2624 119 35 called
1358 2634 100 34 upon
1489 2631 57 25 me
1580 2631 46 24 on

291 2678 64 45 the
378 2678 149 46 subject
543 2688 12 30 ;
582 2686 99 37 upon
715 2674 123 35 which
857 2675 21 37 I
904 2681 79 30 sent
1002 2674 77 35 him
1095 2680 44 28 to.
1157 2673 86 35 Mrs.
1265 2670 159 41 Clarke,
1449 2670 63 33 but
1539 2678 66 37 par-

288 2726 184 44 ticularly
507 2722 280 37 recommended
811 2722 77 35 him
918 2727 39 28 to
999 2721 89 35 take
1121 2731 85 25 care
1240 2721 81 33 that
1363 2719 93 33 Mrs.
1488 2717 139 37 Clarke

291 2774 111 33 knew
438 2772 158 44 nothing
620 2770 45 37 of
696 2771 76 35 Mr.
794 2769 214 37 Donovan's
1023 2765 138 47 having
1175 2778 73 34 any
1269 2767 104 41 thing
1390 2772 39 27 to
1444 2765 45 33 do
1508 2766 34 33 in
1567 2763 61 34 the

292 2820 249 39 matter.Q.
563 2819 117 37 What
699 2828 76 26 was
806 2818 65 35 the
902 2828 130 25 reason
1050 2817 58 33 for
1128 2816 156 43 wishing
1304 2815 81 33 that
1409 2813 71 33 Mr.
1501 2813 103 33 Dozo-

293 2868 104 39 van's
420 2878 109 27 name
556 2865 133 37 should
722 2867 46 35 be
791 2867 94 45 kept
911 2876 26 24 a
953 2864 211 35 secret?
1165 2864 45 34 A.
1248 2864 91 33 Mrs.
1369 2861 145 34 Clarke
1534 2859 93 38 said,

291 2917 66 38 she
377 2926 79 26 was
484 2915 124 35 afraid
630 2915 84 33 that
746 2914 74 37 Mr.
842 2914 185 35 Donovan
1044 2911 132 34 should
1195 2910 158 34 mention
1378 2914 38 27 to
1439 2907 58 35 the
1519 2906 111 34 Duke

296 2965 46 37 of
358 2965 118 35 York
493 2974 73 35 any
593 2963 107 44 thing
716 2961 45 35 of
780 2961 77 35 this
881 2960 180 44 business,
1085 2959 124 35 which
1237 2957 123 34 would
1380 2957 46 32 be
1453 2956 63 32 her
1531 2954 98 33 ruin.

296 3013 96 41 Q.
430 3012 116 34 What
572 3012 86 34 then
689 3021 76 24 was
788 3009 64 33 the
873 3017 249 37 consequence
1139 3006 44 35 of
1204 3017 92 34 your
1324 3002 237 47 application
1594 3006 37 28 to

298 3061 92 35 Mrs.
415 3059 145 35 Clarke
573 3060 14 32 ?
641 3060 51 33 A.
715 3057 168 44 Nothing
896 3061 45 30 at
961 3056 72 34 all.

347 3110 93 34 Mrs.
476 3106 141 37 Clarke
657 3115 80 27 was
772 3104 86 37 then
888 3104 124 35 called
1057 3102 53 39 in,
1140 3100 71 38 and
1239 3098 200 37 examined
1470 3097 51 46 by
1554 3096 78 34 Mr.

296 3155 333 40 WARDLE.--Q.
651 3154 64 35 Do
748 3163 72 34 you
854 3152 206 33 remember
1078 3150 89 35 Col.
1187 3148 107 37 Shaw
1328 3146 159 43 wanting
1505 3155 73 35 you
1597 3150 37 27 to

296 3214 162 34 procure
477 3202 76 35 him
568 3211 47 26 an
630 3200 266 48 appointment
909 3198 15 34 ?
953 3198 51 35 A.
1024 3198 81 35 Yes
1119 3209 13 28 ;
1161 3195 330 35 Barrack-Master
1506 3198 40 28 at
1573 3191 64 33 the

296 3250 34 37 C
343 3252 59 44 rpe
420 3249 47 37 of
498 3249 109 34 Good
625 3248 233 47 Hope.Q.
880 3246 78 38 Did
991 3244 47 35 he
1064 3244 159 46 promise
1243 3253 74 35 you
1344 3253 73 31 any
1437 3239 197 46 pecuniary

295 3296 311 50 compensation?
635 3296 77 41 A..
712 3296 103 41 Yes;
839 3295 19 35 I
882 3294 112 35 think
1026 3304 25 25 a
1083 3291 177 37 thousand
1289 3288 249 47 pounds.Q.
1560 3285 78 37 Did

298 3359 74 34 you
385 3345 183 50 acquaint
592 3344 65 39 the
676 3343 249 39 Commander
943 3344 37 34 io
1009 3340 117 37 Chief
1146 3340 93 34 with
1266 3339 65 34 the
1363 3335 175 48 proposal
1557 3334 83 34 that

300 3406 78 25 was
391 3394 107 37 made
514 3400 39 27 to
566 3403 73 35 you
653 3393 14 34 ?
698 3393 50 34 A.
769 3387 197 45 Yei.Q
986 3389 79 37 Did
1095 3400 74 33 you
1189 3387 143 33 receive
1349 3394 72 35 any
1439 3381 198 47 pecuniary

296 3442 283 47 compensation
594 3441 14 35 ?
638 3441 51 34 A.
712 3441 94 41 Yes,
839 3439 152 40 5001..
991 3439 52 40 Q.
1067 3437 99 35 How
1199 3435 63 34 did
1289 3445 72 34 you
1390 3431 139 35 receive
1558 3430 83 34 that

299 3501 133 37 money
446 3491 15 33 ?
493 3491 50 33 A.
565 3488 111 41 I.had
692 3487 104 39 8001.
814 3485 46 38 of
875 3485 158 38 Colonel
1054 3485 130 41 Shaw,
1196 3483 69 34 and
1287 3480 103 39 MI.
1411 3480 44 34 of
1470 3477 169 35 another.

301 3539 115 35 Were
432 3547 78 39 you
527 3536 167 37 satisfied
710 3536 13 34 ?
754 3537 47 35 A.
819 3533 215 39 No.---Did
1063 3543 76 34 you
1172 3528 188 48 co:nplain
1377 3535 41 27 to
1444 3528 53 32 his
1517 3524 124 45 Royal

301 3585 191 47 Highness
506 3585 14 37 ?
548 3583 48 37 A.
617 3583 85 37 Yes
716 3596 13 27 ;
754 3583 72 34 and
843 3583 58 34 his
937 3581 128 47 Royal
1085 3579 180 44 Highness
1281 3578 98 41 said,
1398 3575 79 34 that
1498 3575 45 32 he
1561 3572 79 35 told

301 3645 60 26 me
376 3635 56 34 ail
448 3634 115 43 along
578 3633 84 35 that
681 3632 20 37 I
720 3632 73 34 had
826 3641 26 25 a
878 3640 96 35 very
991 3628 72 35 bad
1089 3628 81 33 inhn
1189 3632 38 30 to
1245 3626 83 34 deal
1351 3624 109 39 with,
1472 3621 70 34 and
1561 3620 81 35 that

302 3683 48 35 he
365 3681 126 37 would
511 3687 66 39 put
594 3680 76 34 him
684 3691 48 24 on
752 3678 83 37 half
849 3680 198 47 pay.--W.
1068 3676 86 34 Was
1169 3676 45 33 he
1228 3681 64 39 put
1306 3683 47 25 on
1367 3670 85 37 half
1457 3676 72 40 pay
1547 3669 13 33 ?
1590 3669 52 34 A.

301 3728 287 44 Yes.--Q.You
599 3728 119 38 stated
730 3728 37 34 in
775 3737 94 35 your
885 3728 73 33 last
969 3724 132 46 night's
1111 3720 270 39 examination,
1390 3719 81 34 that
1483 3728 76 34 you
1574 3715 70 39 had

301 3788 86 30 seen
404 3778 79 37 Mr.
501 3777 161 38 Dowler
674 3777 67 34 but
769 3775 113 37 twice
905 3774 99 35 since
1033 3772 54 34 his
1103 3770 142 35 arrival
1277 3769 37 35 in
1333 3767 190 45 England;
1551 3764 96 34 have

304 3837 73 34 you
394 3837 86 24 seen
498 3827 73 34 him
586 3835 73 37 any
677 3823 149 35 oftener
840 3824 13 33 ?
907 3823 51 34 A.
997 3821 91 40 Yes,
1111 3819 15 37 I
1144 3828 74 26 saw
1239 3817 74 33 him
1331 3824 93 26 once
1444 3808 203 41 beSides.

304 3870 43 46 Q.
346 3870 22 46 -
389 3873 144 37 Where
548 3872 65 38 did
632 3882 76 34 you
723 3881 59 25 see
798 3870 74 34 him
892 3870 63 33 the
969 3868 98 35 third
1081 3869 87 33 time
1182 3867 12 33 ?
1225 3866 46 34 A.
1298 3865 43 34 In
1359 3862 74 35 this
1453 3860 196 47 House.--

304 3922 48 43 Q.
372 3922 103 37 How
489 3920 102 37 often
606 3919 167 37 besides?
793 3919 51 35 A.
857 3919 104 35 Once
971 3927 44 24 or
1029 3917 110 35 twice
1150 3913 161 40 besides;
1332 3921 90 25 once
1434 3908 207 47 yesterday.

304 3971 47 40 Q.
374 3971 92 35 Was
482 3969 65 37 the
565 3969 198 44 Thursday
781 3967 106 46 night
901 3976 47 25 un
969 3965 124 34 which
1113 3973 71 34 you
1204 3972 72 24 saw
1298 3961 77 33 Mr.
1400 3957 170 41 Dowler,
1587 3956 61 33 the

296 4019 96 47 only
412 4018 109 47 night
549 4028 47 26 en
614 4015 129 38 which
759 4025 76 35 you
852 4023 78 27 saw
948 4015 81 32 him
1050 4010 97 37 after
1167 4010 54 35 his
1238 4015 138 30 return
1396 4013 38 28 to
1456 4003 185 47 England?

304 4065 56 38 A.
378 4067 201 40 Yes.Q.
601 4065 79 37 Did
699 4074 74 37 you
803 4069 84 41 stop
912 4061 96 37 with
1028 4061 74 33 him
1130 4059 51 33 all
1202 4057 100 45 night
1320 4057 13 34 ?
1385 4055 38 38 A
1457 4054 190 39 Yes.Q.

306 4114 57 37 At
378 4115 109 41 whist
500 4115 104 40 Motel
627 4113 67 39 did
711 4123 76 39 you
803 4117 99 33 meet
920 4109 78 39 bim
1156 4106 138 47 Bates's
1294 4106 20 47 )
1333 4106 39 38 in
1387 4104 57 38 St.
1465 4098 187 43 Martin's.

307 4163 100 38 lane.

2908 56 89 50 117

1701 203 80 34 The
1801 204 145 32 witness
1967 211 74 26 was
2059 202 87 32 here
2173 198 314 35 cross-examined
2523 207 40 22 as
2593 201 39 27 to
2660 195 63 33 the
2739 195 170 32 b-olute
2924 204 47 22 ex-

1656 250 208 44 penditures
1883 249 106 34 made
2011 249 48 43 by
2082 247 60 34 the
2178 247 112 34 Duke
2319 246 44 32 of
2385 244 113 34 York
2520 244 34 33 in
2574 247 154 40 support
2747 241 44 34 of
2806 241 65 32 her
2897 248 78 26 esta-

1657 296 208 41 blishment,
1881 296 124 33 which
2026 295 64 34 she
2109 294 161 34 asserted
2298 302 109 25 never
2428 291 188 34 exceeded
2637 291 63 32 her
2717 287 201 46 stipulated
2937 288 40 32 al-

1655 344 167 34 lowance
1838 343 45 33 of
1907 344 118 33 10001.
2080 343 71 32 She
2169 341 117 33 stated
2307 340 80 33 that
2409 338 44 34 he
2480 337 105 34 made
2606 335 65 35 her
2688 346 103 24 some
2819 339 177 41 presents,

1655 391 46 34 of
1714 392 63 33 the
1791 392 110 32 value
1918 390 41 33 of
1976 389 120 34 which
2115 390 65 32 she
2202 399 72 21 was
2291 394 60 26 not
2370 396 141 24 aware.

1707 437 208 43 Examined
1936 438 50 44 by
2007 438 72 33 Mr.
2106 435 41 33 IV
2190 433 229 39 RDLE.Q.
2450 432 85 34 Had
2565 441 71 34 you
2654 441 22 24 a
2687 429 154 45 footbny
2868 426 45 35 of
2936 428 60 34 the

1656 495 105 24 name
1778 485 44 33 of
1832 485 157 35 Carter?
2044 485 48 33 A.
2121 482 109 40 Yes;
2259 484 64 31 but
2346 480 155 35 Colonel
2522 480 156 32 Wardle
2695 477 79 33 said
2804 476 44 33 he
2870 474 107 48 would
2978 474 22 48 .

1655 539 64 28 not
1737 533 158 33 mention
1911 531 79 34 that
2016 531 93 45 (Mr.
2131 530 152 33 Wardle
2300 526 265 44 smiled).Q.
2590 526 83 33 Was
2691 524 44 33 he
2756 527 34 31 in
2810 524 63 33 the
2891 523 107 33 habit

1656 581 46 33 of
1727 580 154 43 waiting
1896 585 40 30 at
1955 580 103 33 table
2078 587 47 25 an
2156 576 170 46 yourself
2347 574 69 35 and
2446 573 61 34 the
2532 573 107 33 Duke
2655 572 12 33 ?
2722 572 48 33 A.
2802 570 194 37 Yes.Q.

1656 628 79 33 Did
1760 628 45 32 he
1825 637 102 24 wear
1941 638 24 22 a
1982 627 119 41 livery
2119 624 13 33 ?
2187 625 48 33 A.
2268 621 175 38 No.Q.
2476 620 90 34 Was
2593 620 44 33 he
2670 619 34 34 in
2735 618 63 32 the
2833 617 168 34 hahitof

1656 674 191 41 attending
1878 674 65 33 the
1974 673 169 43 carriage
2158 671 14 34 ?
2226 673 47 32 A.
2309 670 89 34 Yes.
2430 667 224 34 sometimes,
2691 669 65 31 hut
2787 664 45 33 be
2859 665 139 35 seldom

1656 722 148 34 sheaved
1825 720 150 34 himself
1985 720 33 33 in
2040 720 83 33 that
2143 718 208 45 way.---Q.
2378 715 99 34 Now
2500 715 84 39 long
2603 723 74 24 was
2695 713 46 33 he
2760 712 37 33 in
2818 722 91 32 your
2926 720 57 24 ser-

1659 770 79 32 vice
1755 768 14 33 ?
1822 769 48 33 A.
1902 769 123 33 About
2044 767 137 34 twelve
2200 765 142 33 months
2353 762 110 39 .---Q.
2548 761 51 33 ith
2623 759 122 34 whom
2763 759 64 32 did
2854 758 44 33 he
2924 757 76 35 live

1659 816 155 34 before?
1872 815 48 35 A.
1952 816 102 32 With
2076 813 157 34 Colonel
2267 814 145 37 Sutton,
2444 808 92 33 with
2571 808 120 33 whom
2722 806 47 33 he
2790 816 77 21 was
2884 815 115 34 every

1659 863 228 43 thing.Q.
1928 861 137 34 Where
2099 863 30 32 is
2161 860 46 32 he
2241 869 84 25 now
2344 857 13 33 ?
2411 856 47 34 A.
2502 854 43 35 In
2577 854 61 34 the
2674 854 100 32 %Vest
2813 852 188 34 Indies.--

1659 912 48 38 Q.
1740 909 74 34 Did
1832 918 76 37 you
1926 909 126 33 obtain
2080 907 59 34 for
2170 907 77 33 him
2280 915 24 24 a
2333 904 239 34 Commission
2598 904 34 31 in
2663 902 57 32 the
2748 899 148 41 Armpl
2948 900 52 33 A.

1664 957 181 39 Yes.Q.
1886 956 41 33 In
1959 952 103 38 what
2093 956 195 43 Regiment
2306 953 13 33 ?
2370 952 48 32 A.
2444 948 84 34 16th
2554 948 77 32 foot
2644 959 11 26 ;
2687 948 17 33 I
2726 946 107 34 think
2852 946 41 33 he
2913 946 28 33 is
2955 956 47 24 uu

1661 1005 63 34 the
1739 1004 207 37 Staff.Q.
1969 1002 85 34 Was
2075 1000 60 34 the
2169 1000 113 34 Duke
2306 998 110 46 privy
2435 1004 47 33 to,
2502 994 65 35 the
2584 996 165 43 military
2773 993 230 44 promotions

1662 1051 123 34 which
1804 1061 74 34 you
1897 1049 181 46 procured
2095 1049 12 33 ?
2159 1046 51 38 A.
2225 1048 57 34 To
2302 1046 63 33 the
2383 1041 436 46 whole.---Adjourned.

3405 122 77 203 I

3348 1897 7 12 1.
3367 1897 44 15 !);*

3309 3236 73 102 1r

3446 581 32 22 .i't

3322 3816 51 61 M

3292 3879 118 145 r

268 781 91 44 than
374 781 64 37 the
454 787 86 30 tour
559 782 18 34 I
600 783 94 34 have
712 782 118 43 made,
843 782 70 37 and
931 782 65 37 the
1017 788 94 30 state
1136 782 34 33 in
1191 781 118 34 which
1333 780 14 34 1
1370 781 91 34 have
1486 780 110 33 found
1659 770 79 32 vier
1755 768 14 33 ?
1822 769 48 33 A.
1902 769 123 33 About
2044 767 137 34 twelve
2200 767 262 34 inonths.---Q.
2498 767 33 26 N%
2548 767 51 27 ith
2623 767 122 27 whom
2763 767 64 25 did
2854 767 44 25 he
2924 767 76 26 live

272 837 112 37 every
405 830 126 43 thing.
581 828 80 37 The
684 830 122 35 whole
829 831 45 32 of
883 830 76 34 'the
976 831 73 44 day
1069 830 128 33 before
1215 828 195 45 yesterday
1430 837 73 25 was
1522 837 76 22 em-
1659 816 155 34 before?
1872 815 48 35 A.
1952 816 102 32 With
2076 813 157 34 Colonel
2267 810 177 40 Sutton,
2444 808 92 33 with
2571 808 120 33 whom
2722 806 47 33 he
2790 816 77 21 was
2884 815 115 34 every

269 876 138 46 ployed
428 878 37 33 in
485 876 150 39 visiting
661 878 64 32 the
752 878 124 33 works
899 883 41 28 at
973 878 152 35 Dover;
1163 876 201 44 reviewing
1382 876 63 33 the
1470 881 128 37 troops
1659 863 119 43 thing.
1785 865 61 38 --.
1846 865 41 38 Q.
1928 861 137 34 Where
2099 863 14 32 i
2113 863 15 32 s
2161 860 46 32 he
2241 869 27 25 n
2268 869 57 25 ow
2344 856 113 34 ?A.
2502 854 43 35 In
2577 854 61 34 the
2674 854 100 32 NVest
2813 852 188 34 Indies.--
3247 829 7 57 1
3254 829 7 57 1

274 924 120 40 there,

428 924 72 34 and
531 924 216 46 examining
777 922 64 38 the
860 930 102 31 coast
987 935 40 22 as
1054 924 58 37 far
1139 933 40 25 as
1215 922 70 34 this
1315 924 119 45 place.
1487 921 110 34 From
1659 912 48 38 Q.
1740 909 74 34 Did
1832 918 76 37 you
1926 909 126 33 obtain
2080 907 59 34 for
2170 907 77 33 him
2280 915 24 24 a
2333 904 239 34 Commission
2598 904 34 31 in
2663 902 57 32 the
2748 899 37 33 A
2793 901 103 31 rmill
2948 900 52 33 A.

272 970 208 37 Folkston
502 971 12 34 1
540 971 70 35 had
622 981 25 25 a
665 983 89 34 very
771 971 97 47 good
887 974 98 33 view
998 972 45 35 of
1055 973 103 34 those
1170 969 44 37 of
1231 971 61 34 the
1315 970 141 34 French
1474 979 122 34 camp.
1664 957 181 39 Yes.--Q.
1886 956 41 33 In
1959 952 103 38 what
2093 956 195 43 Regiment
2306 952 113 34 ?A.
2444 948 84 34 16th
2554 948 77 32 foot
2644 959 11 26 ;
2687 948 17 33 1
2726 946 107 34 think
2852 946 41 33 ite
2913 946 28 33 is
2955 956 47 24 on
3252 941 13 26 I'

269 1018 228 46 Yesterday-
517 1018 15 35 I
560 1019 76 34 first
663 1020 185 34 reviewed
867 1020 63 33 the
946 1031 107 33 camp
1072 1024 102 38 here,
1198 1018 70 34 and
1291 1016 220 38 afterwards
1535 1017 64 34 the
1661 1005 63 34 the
1739 1004 207 37 Staff.Q.
1969 1002 85 34 Was
2075 1000 60 34 the
2169 1000 113 34 Duke
2306 998 110 46 privy
2435 1004 31 33 to
2502 994 65 35 the
2584 996 165 43 military
2773 993 230 44 promotions

273 1065 85 35 14th
379 1062 113 50 Light
508 1067 200 45 dragoons,
728 1067 80 35 who
821 1078 65 24 are
911 1067 185 46 certainly
1123 1068 39 34 in
1178 1076 86 34 very
1285 1067 71 33 fine
1374 1064 129 40 order;
1530 1063 71 37 and
1662 1051 123 34 which
1804 1061 74 35 you
1897 1049 181 46 procured
2095 1049 12 33 ?
2159 1046 51 38 A.
2225 1048 57 34 To
2302 1046 63 33 the
2383 1041 436 46 whole.---Adjourned.

54 924 25 209 1
3250 924 5 209 i

273 1114 96 35 from
386 1114 135 35 thence
540 1116 207 44 proceeded
767 1123 37 26 to
827 1114 216 37 Brabourne
1063 1115 104 40 Lees,
1183 1119 38 28 to
1233 1123 58 25 see
1307 1113 85 34 four
1411 1111 189 44 regiments
2261 1124 157 12 i1=...........

272 1162 50 34 of.
333 1160 163 44 militia;
526 1161 143 43 which,
683 1162 227 45 altogether,
927 1163 93 33 took
1037 1173 58 24 me
1113 1172 51 34 up
1182 1170 85 25 near
1292 1161 161 33 thirteen
1478 1159 120 34 hours.
3254 1157 2 50 .

261 1209 35 34 I
314 1219 58 25 am
402 1220 86 25 now
520 1209 136 45 setting
684 1211 56 34 off
770 1209 254 43 immediately
1052 1215 35 28 to
1116 1209 80 33 ride
1219 1209 109 41 along
1351 1208 63 33 the
1441 1212 99 30 coast
1564 1212 38 27 to
2133 1170 193 51 Tuesday,
2354 1170 92 39 Feb.
2470 1170 64 37 14.

270 1257 200 45 Hastings,
488 1257 207 44 reviewing
720 1257 63 35 the
804 1257 170 37 different
1007 1267 107 34 corps
1141 1266 39 25 as
1208 1256 18 34 I
1256 1265 98 35 pass,
1372 1253 120 34 which
1520 1253 81 34 will
1709 1243 81 38 The
1811 1244 228 40 SPEAKER,
2067 1241 34 33 in
2119 1248 246 35 consequence
2379 1235 43 35 of
2444 1247 24 22 a
2484 1237 167 41 Message
2669 1232 94 35 from
2781 1231 65 35 the
2872 1230 132 43 Lords,
3256 1253 7 5 ..

273 1306 89 34 take
378 1316 57 25 Into
455 1311 39 30 at
516 1305 93 35 least
622 1315 40 26 as
680 1306 98 43 long.
807 1306 142 40 Adieu,
960 1304 210 41 therefore,
1187 1313 59 33 my
1264 1307 185 34 sweetest,
1459 1300 143 33 dearest
1664 1292 170 35 attended
1856 1292 34 32 in
1905 1291 97 33 their
2017 1287 239 43 Lordships
2256 1286 125 34 !louse
2400 1289 35 30 to
2461 1283 92 34 hear
2571 1283 61 32 the
2650 1281 125 34 Royal
2797 1280 129 33 Assent
2942 1279 65 33 de-

270 1352 103 40 love,
391 1354 61 34 till
472 1352 64 34 the
553 1354 73 44 day
657 1352 107 35 after
778 1357 242 37 to-morrow,
1036 1354 70 33 and
1133 1354 45 32 be
1194 1349 144 35 assured
1365 1348 83 35 that
1473 1354 37 28 to
1543 1358 59 34 my
1665 1339 122 34 dared
1805 1341 50 43 by
1865 1336 242 37 Commission
2124 1341 40 28 to
2181 1333 97 33 Lord
2304 1329 239 46 Boringdon's
2565 1330 164 34 Divorce
2748 1326 92 33 Bill.

40 1394 18 19 ..(

276 1401 73 39 lest
369 1398 98 38 hour
481 1401 17 38 I
516 1398 97 38 shall
630 1411 91 25 ever
738 1400 138 37 remain
892 1400 129 47 your's
1043 1400 71 35 and
1131 1395 122 48 your's
1715 1388 59 33 Sir
1791 1387 182 34 SAMUEL
2000 1380 254 39 Romtt.t.v's
2277 1380 74 35 Bill
2370 1380 56 32 for
2452 1380 61 32 the
2548 1377 131 34 Relief
2700 1372 45 35 of
2774 1374 162 34 Debtors
2968 1371 37 34 in

519 1462 194 38 Addressed
712 1462 21 38 .
733 1462 22 38 :
1672 1434 138 47 Equity
1830 1443 77 24 was
1925 1431 84 35 read
2026 1441 26 24 a
2065 1429 103 35 third
2187 1429 105 40 time,
2311 1424 141 47 passed,
2471 1424 73 33 and
2561 1422 152 35 ordered
2733 1427 40 30 to
2792 1419 64 35 the
2874 1420 129 33 Lords.

325 1517 148 50 George
485 1520 216 46 Farquhar,
718 1513 89 52 Esq.
840 1518 57 43 18,
915 1518 340 44 Gloucester-place,
2079 1508 182 27 MILITIA
2293 1505 294 28 ENLISTMENT.

569 1569 28 18 64
618 1565 385 47 sortman-square.'
1716 1560 81 37 The
1817 1558 146 37 Militia
1980 1557 221 37 Enlistment
2222 1556 76 34 Bill
2316 1564 73 25 was
2402 1554 86 33 read
2502 1563 24 25 a
2538 1551 98 37 third
2647 1550 105 43 time,
2771 1547 145 47 passed,
2934 1545 71 35 and

322 1631 104 40 Here
441 1632 70 35 the
528 1633 128 34 letters
670 1630 171 43 finished,
867 1631 109 35 when
994 1631 77 35 Mr.
1091 1630 386 41 Dockery,aservant
1496 1626 38 35 in
1546 1624 65 38 the
1671 1607 154 38 ordered
1843 1612 39 28 to
1898 1607 61 33 the
1981 1606 126 34 Lords.

275 1681 256 46 employment
547 1680 44 35 of
602 1680 64 35 the
679 1675 78 40 late
776 1680 73 35 Mr.
870 1678 244 41 Birkett,thc
1136 1678 250 45 pawnbroker
1400 1676 71 35 and
1481 1677 132 33 silver-
1720 1656 60 34 Sir
1800 1655 48 33 A.
1884 1654 278 33 Wel.t.csLev
2194 1646 193 48 presented
2404 1658 19 22 a
2457 1646 78 34 Bill
2570 1644 59 35 for
2644 1642 280 48 incorporating
2944 1641 63 34 the

276 1729 126 40 smith,
429 1729 51 34 in
516 1727 298 44 Princes-street,
857 1737 78 24 was
969 1726 118 35 called
1131 1726 38 34 in
1208 1724 67 35 and
1319 1724 196 34 examined
1558 1722 50 43 by
1674 1702 144 37 Militia
1834 1698 164 38 Lawsof
2008 1698 162 37 Ireland.
2204 1697 100 34 Read
2326 1697 57 32 the
2404 1698 74 30 hrst
2496 1695 105 32 time.

279 1776 77 40 Mr,
385 1775 311 40 Wardle.----Q.
724 1774 61 37 Do
814 1783 76 35 you
915 1783 106 25 mean
1062 1780 39 28 to
1129 1779 109 34 state,
1267 1772 83 34 that
1381 1770 143 34 neither
1548 1769 65 34 the

2163 1780 69 27 1317
2231 1780 53 27 KI:
2314 1779 56 25 OF
2399 1776 141 26 YORK.

280 1820 115 39 Duke
428 1822 46 35 of
498 1822 113 37 York
645 1833 69 22 nor
751 1822 90 34 Mrs.
878 1821 144 35 Clarke
1059 1820 224 37 authorized
1317 1830 76 32 any
1421 1827 128 34 person
1576 1821 38 28 to

276 1871 174 37 examine
489 1870 71 35 and
602 1874 98 31 treat
730 1871 116 34 about
883 1869 65 35 the
989 1869 125 46 plate?
1178 1869 48 33 A.
1256 1866 195 44 Certainly
1482 1872 112 27 not.--
1594 1872 19 27 -
1724 1850 73 35 Mr.
1828 1848 66 37 CH
1907 1856 26 28 A
1933 1856 109 28 RLES
2079 1846 57 33 STI
2145 1852 66 25 ANV
2220 1848 40 33 E,
2287 1837 202 37 -examined
2507 1838 52 43 by
2590 1835 74 34 Mr.
2687 1835 44 33 W
2744 1844 19 25 4
2776 1843 74 26 RDI
2868 1831 136 39 r.Q.

280 1919 50 39 Q.
357 1918 60 37 Do
437 1928 77 37 you
531 1918 178 35 recollect
725 1928 71 33 any
816 1916 105 45 thing
941 1917 92 34 with
1054 1916 130 45 regard
1213 1920 38 27 to
1279 1915 67 34 the
1363 1918 176 41 payment
1571 1920 44 25 or
1677 1897 77 35 Did
1770 1909 72 31 you
1859 1899 110 32 know
1989 1896 81 32 that
2086 1892 100 35 soot.
2203 1899 73 22 was
2289 1889 105 43 given
2407 1891 37 27 to
2461 1885 90 33 Mrs.
2572 1884 137 33 Clarke
2718 1893 48 21 on
2780 1881 59 33 the
2856 1886 154 27 account

279 1967 66 34 the
361 1967 105 45 plate
482 1967 14 32 ?
547 1965 52 34 A.
627 1964 105 41 Yes;
758 1964 100 35 5001.
886 1974 76 25 was
979 1970 39 28 to
1036 1964 46 33 be
1101 1962 89 46 paid
1205 1962 110 33 down
1332 1967 41 28 at
1393 1961 63 33 the
1470 1959 91 33 time
1589 1959 26 32 it
1676 1945 45 33 of
1731 1945 155 35 Colonel
1900 1941 158 38 Shawe?
2114 1939 50 33 A.
2197 1936 19 35 I
2233 1933 165 37 received
2415 1943 24 22 a
2456 1933 111 32 letter
2578 1931 92 33 from
2689 1928 157 37 Colonel
2865 1928 146 38 Shawe,

282 2024 78 24 was
385 2013 208 38 delivered,
609 2013 71 33 and
707 2011 64 35 the
796 2011 206 34 remainder
1020 2022 74 22 was
1121 2010 132 34 settled
1285 2010 51 41 by
1367 2008 86 34 bills
1482 2011 39 30 at
1546 2006 71 34 dif-
1676 1994 151 43 stating,
1856 1993 80 32 that
1957 1991 43 33 he
2013 1985 142 38 wished
2172 1989 39 30 to
2229 1980 84 48 give
2326 1982 98 34 3001.
2444 1984 38 28 to
2502 1990 21 21 a
2544 1978 113 34 friend
2682 1977 81 32 who
2786 1974 69 34 had
2868 1972 145 44 obliged

0 2057 56 31 dr

285 2061 119 35 ferent
429 2060 243 41 dates.----Q.
694 2057 61 35 Do
780 2070 73 34 you
886 2059 116 37 know
1033 2057 89 35 how
1157 2059 28 32 it
1217 2066 73 25 was
1316 2056 107 45 paid,
1452 2053 168 37 whether
1680 2039 91 41 him,
1787 2040 71 33 and
1879 2036 246 41 transmitting
2143 2043 56 22 me
2216 2041 45 25 an
2280 2029 106 34 order
2406 2034 37 27 to
2461 2027 79 33 that
2561 2031 148 27 amount
2730 2035 46 22 on
2794 2024 131 31 Coons
2944 2019 71 33 and

282 2111 38 32 ids
359 2108 87 34 cash
490 2119 41 24 or
574 2108 35 34 in
651 2108 104 33 bank
796 2112 117 35 notes,
954 2117 45 24 or
1041 2105 85 34 how
1142 2105 13 32 ?
1231 2104 48 35 A.
1319 2104 44 33 In
1397 2108 74 28 two
1500 2106 103 30 notes
1607 2124 11 18 ,
1682 2088 72 33 Co.
1775 2087 123 34 which
1920 2096 74 24 was
2008 2083 89 43 duly
2118 2078 203 39 honoured,
2348 2075 67 34 and
2437 2072 123 37 which
2585 2072 98 35 JOU
2717 2072 13 33 I
2756 2070 87 46 paid
2864 2078 35 24 to
2920 2069 94 32 Mrs.

282 2167 67 24 one
361 2156 40 33 of
415 2156 104 37 3001.
536 2156 67 33 and
624 2156 61 33 the
702 2156 107 32 other
824 2152 45 35 of
879 2154 203 39 2001.--,Q.
1097 2153 80 34 The
1189 2158 71 28 rest
1278 2161 79 24 was
1376 2150 35 33 in
1428 2150 99 33 hills.
1557 2148 61 34 Do
1682 2135 141 34 Clarke
1840 2144 47 25 on
1906 2134 60 32 the
1982 2141 89 33 very
2088 2130 73 43 day
2177 2138 46 22 on
2244 2124 123 37 which
2391 2122 14 33 1
2426 2121 168 34 received
2611 2119 43 34 it.

281 2211 74 34 !von
376 2203 177 34 recollect
587 2203 48 33 by
672 2202 122 34 whom
826 2200 103 34 these
956 2200 86 34 hills
1063 2210 94 24 were
1178 2199 125 34 drawn
1325 2197 119 34 ?A.
1476 2197 54 33 To
1550 2194 65 34 the
1731 2181 57 45 By
1806 2181 64 33 the
1902 2181 63 33 Cit
1975 2190 19 24 A.
2006 2187 50 26 fIC.
2065 2186 51 25 EL
2125 2186 50 21 1.0
2184 2183 25 25 It
2228 2173 45 33 of
2285 2173 63 32 the
2383 2171 208 37 Fsciti:Qt:
2606 2166 170 38 ER.Q.
2810 2164 115 32 When
2944 2170 76 25 was

281 2251 80 35 best
379 2249 45 38 of
448 2259 63 38 my
527 2249 240 37 recollection
783 2249 87 44 they
891 2258 103 28 were
1024 2249 129 34 drawn
1179 2249 46 44 by
1250 2246 91 33 Mrs.
1362 2243 142 37 Clarke
1520 2252 99 34 upon
1683 2229 72 34 this
1770 2230 13 32 ?
1838 2228 51 34 A.
1920 2228 15 33 I
1972 2228 92 44 kept
2092 2233 46 24 no
2165 2218 274 38 memorandum
2457 2228 12 27 ;
2494 2215 69 34 but
2598 2216 48 41 by
2683 2212 161 34 referrin.
2844 2212 19 34 ,
2898 2216 37 26 to
2955 2209 61 33 the

283 2302 65 30 the
376 2298 116 34 Duke
516 2298 45 33 of
586 2297 236 40 York.---Q.
862 2296 60 35 Do
948 2306 77 34 you
1059 2306 104 25 mean
1204 2300 39 27 to
1279 2298 98 28 state
1415 2293 84 32 then
1538 2291 79 33 that
1683 2277 117 33 books
1818 2277 44 32 of
1874 2277 128 34 Coutts
2033 2272 71 34 and
2133 2271 73 34 Co.
2229 2268 18 35 I
2267 2267 72 34 find
2357 2264 77 35 that
2456 2264 27 33 it
2499 2272 73 22 was
2594 2262 89 44 May
2704 2261 59 32 the
2781 2238 235 54 9i1i1801;.--

69 2346 4 9 ,

281 2346 65 33 the
381 2346 125 34 whore
533 2350 150 28 ansomit
712 2343 69 35 due
819 2343 59 34 for
917 2343 63 34 the
1013 2343 142 34 service
1194 2341 44 34 of
1274 2342 119 43 plate,
1429 2348 87 24 over
1548 2336 72 34 and

283 2393 123 35 above
423 2392 65 37 the
506 2402 78 26 sum
599 2391 46 37 of
654 2391 100 37 5001.
791 2391 34 33 in
852 2391 117 45 ready
989 2400 150 34 money,
1168 2398 74 25 was
1271 2387 89 35 then
1382 2386 90 46 paid
1491 2386 50 44 by
1558 2383 63 33 the
1683 2324 46 40 Q.
1765 2324 104 33 Have
1899 2331 72 37 you
2003 2324 63 40 got
2102 2319 64 33 the
2199 2315 136 35 letter?
2391 2311 45 33 A.
2465 2308 112 44 Unfor
2577 2308 22 44 t
2600 2308 22 44 u
2622 2308 113 44 natel
2735 2308 24 44 y
2794 2307 18 33 I
2836 2306 92 32 have
2949 2306 70 32 lost

1683 2370 30 34 it
1726 2382 11 22 :
1763 2372 65 32 bnt
1848 2370 18 33 I
1889 2368 175 35 recollect
2076 2369 31 30 It
2125 2365 117 33 stated
2262 2362 83 32 that
2365 2359 40 32 he
2426 2356 169 34 believed
2613 2356 92 32 Mrs.
2724 2354 141 33 Clarke
2880 2349 138 37 wished

287 2440 116 37 Duke
420 2439 46 35 of
477 2440 116 35 York
611 2440 50 43 by
681 2441 100 33 these
797 2437 113 35 bills?
964 2437 53 35 A.
1036 2435 206 45 Certainly.
1683 2422 40 28 to
1739 2427 103 24 serve
1873 2417 91 41 him,
1989 2413 70 35 and
2086 2409 141 45 though
2252 2408 44 33 he
2313 2414 65 38 got
2406 2405 56 33 his
2487 2404 262 44 appoimment
2786 2398 157 41 through
2965 2398 57 32 his

338 2489 92 34 Mrs.
465 2487 203 34 Hoveuden
700 2485 195 35 examined
921 2484 50 46 by
1007 2484 72 35 Mr.
1102 2481 315 39 WARDLE.Q.
1456 2479 60 35 Do
1547 2487 73 34 you
1684 2464 119 35 friend
1818 2465 63 34 Sir
1900 2463 48 37 H.
1974 2459 180 41 Burrard,
2164 2457 78 35 still
2259 2466 39 22 as
2315 2456 64 32 she
2396 2463 74 24 was
2491 2451 56 33 his
2567 2448 117 34 friend
2704 2448 98 39 also,
2818 2446 44 33 he
2882 2456 25 21 AS
2920 2443 100 34 ished
3255 2443 2 87 .

291 2536 111 35 know
417 2535 157 37 Colonel
591 2533 112 35 Shaw
719 2533 14 33 ?
785 2533 50 33 A.
865 2532 14 35 1
902 2531 73 35 had
1005 2532 92 34 been
1128 2530 59 34 for
1209 2541 98 25 some
1328 2530 91 33 time
1444 2526 178 35 informed
1685 2519 39 27 to
1739 2513 45 33 be
1796 2511 93 35 kind
1904 2516 39 30 to
1959 2510 77 33 her.

288 2584 81 40 that
390 2583 96 35 Mrs.
504 2582 144 37 Clarke
683 2580 76 35 had
776 2581 61 34 the
867 2580 231 45 negotiation
1126 2578 45 33 of
1189 2588 46 24 an
1257 2577 194 43 exchange
1479 2574 97 34 from
1602 2584 24 22 a
1736 2572 158 38 Colonel
1915 2572 149 34 Gomm
2072 2580 25 24 N
2109 2567 122 34 called
2251 2565 51 39 in,
2314 2561 70 37 and
2396 2559 194 35 examined
2606 2559 50 40 by
2673 2558 72 51 Nj.r.
2761 2555 139 32 WAR.I)
2910 2563 20 22 L
2939 2562 33 24 E.

291 2630 189 53 Majority
508 2634 41 31 to
575 2640 25 25 a
630 2627 222 48 Colonelcy.
904 2626 128 47 Major
1064 2626 110 34 Shaw
1204 2624 119 35 called
1358 2634 100 34 upon
1489 2631 57 25 me
1580 2631 46 24 on
1689 2622 46 39 Q.
1767 2621 123 34 When
1909 2617 156 38 Colonel
2083 2617 136 33 Shawe
2241 2623 72 22 svgs
2330 2607 206 47 appointed
2561 2606 149 44 Deputy
2735 2601 276 37 Barrack-Alas

291 2678 64 45 the
378 2678 149 46 subject
543 2688 12 30 ;
582 2686 99 37 upon
715 2674 123 35 which
857 2675 21 37 I
904 2681 79 30 sent
1002 2674 77 35 him
1095 2680 44 28 to.
1157 2673 86 35 Mrs.
1265 2670 159 41 Clarke,
1449 2670 63 33 but
1539 2678 87 37 par-
1688 2668 240 35 ter-General
1954 2675 77 25 was
2050 2665 45 32 he
2122 2667 67 41 put
2219 2672 46 22 on
2283 2659 83 33 halt*
2380 2668 71 33 pay
2467 2655 12 34 ?
2535 2654 48 33 A.
2616 2649 259 43 Immediately
2898 2654 64 38 put
2980 2657 48 24 on

288 2726 184 44 ticularly
507 2722 280 37 recommended
811 2722 77 35 him
918 2727 39 28 to
999 2721 89 35 take
1121 2731 85 25 care
1240 2721 81 33 that
1363 2719 93 33 Mrs.
1488 2717 139 37 Clarke
1691 2714 288 47 half-pay.Q.
2004 2713 35 34 Is
2052 2713 27 32 it
2095 2709 103 35 usual
2215 2708 58 33 for
2285 2707 164 37 Officers,
2466 2702 85 33 who
2565 2705 126 39 accept
2707 2709 21 22 a
2746 2696 96 34 Staff
2851 2695 177 44 appoint-

291 2774 111 33 knew
438 2772 158 44 nothing
620 2770 45 37 of
696 2771 76 35 Mr.
794 2769 214 37 Donovan's
1023 2765 138 47 having
1175 2778 73 34 any
1269 2767 104 41 thing
1390 2772 39 27 to
1444 2765 45 33 do
1508 2766 34 33 in
1567 2763 61 34 the
1693 2758 91 40 went
1796 2761 157 39 abroad,
1982 2766 38 28 to
2052 2760 45 32 be
2117 2761 65 40 put
2216 2766 45 21 on
2282 2753 172 41 half-pay
2471 2751 12 32 ?
2539 2748 48 34 A.
2622 2748 92 39 Yes,
2744 2745 90 33 with
2852 2752 96 22 souse
2962 2751 65 22 ex-

3252 2770 11 18 ~

292 2820 249 39 matter.Q.
563 2819 117 37 What
699 2828 76 26 was
806 2818 65 35 the
902 2828 130 25 reason
1050 2817 58 33 for
1128 2816 156 43 wishing
1304 2815 81 33 that
1409 2813 71 33 Nlr.
1501 2813 128 33 DORO-
1690 2809 281 46 options.Q.
2001 2807 90 33 Was
2107 2806 61 33 the
2185 2800 152 40 Officer,
2352 2800 81 33 who
2453 2798 67 34 had
2541 2796 71 33 this
2626 2794 255 44 appoilantent
2903 2789 129 33 before

293 2868 104 39 van's
420 2878 109 27 name
556 2865 133 37 should
722 2867 46 35 be
791 2867 94 45 kept
911 2876 26 24 a
963 2864 145 35 secret?
1165 2864 45 34 A.
1248 2864 91 33 Mrs.
1369 2861 145 34 Clarke
1534 2859 93 38 said,
1695 2858 154 34 Cohnel
1881 2857 137 34 Shawe
2036 2865 47 22 on
2117 2850 86 35 half
2216 2859 74 33 pay
2306 2849 12 33 ?
2370 2846 48 34 A.
2452 2846 17 33 I
2502 2843 103 35 think
2631 2841 152 35 Color.el
2805 2839 133 32 Shawe
2955 2845 77 24 was
3257 2839 2 72 ,
3260 2839 4 72 4

291 2917 66 38 she
377 2926 79 26 was
484 2915 124 35 afraid
630 2915 84 33 that
746 2914 74 37 Mr.
842 2914 185 35 Donovan
1044 2911 132 34 should
1195 2910 158 34 mention
1378 2914 38 27 to
1439 2907 58 35 the
1519 2906 111 34 Duke
1693 2908 61 32 the
1772 2906 78 39 first
1869 2904 86 33 who
1976 2901 81 34 held
2078 2900 64 34 the
2158 2897 202 38 situation;
2389 2894 40 33 he
2447 2898 64 39 got
2535 2893 31 32 it
2595 2901 45 22 on
2659 2888 64 35 the
2738 2893 156 38 capture
2913 2882 43 34 of
2969 2883 65 34 the

3255 2911 6 20 $

296 2965 46 37 of
358 2965 118 35 York
493 2974 73 35 any
593 2963 107 44 thing
716 2961 45 35 of
780 2961 77 35 this
881 2960 180 44 business,
1085 2959 124 35 which
1237 2957 123 34 would
1380 2957 46 32 be
1453 2956 63 32 her
1531 2954 98 33 ruin.
1694 2952 221 47 place,Q.
1948 2950 91 33 Was
2068 2948 107 34 there
2202 2955 72 33 any
2289 2941 187 35 deviation
2502 2937 94 34 from
2626 2936 78 33 rule
2722 2935 34 32 in
2777 2933 60 32 the
2854 2931 181 44 appoint-

296 3013 96 41 -Q.

430 3012 116 34 What
572 3012 86 34 then
689 3021 76 24 was
788 3009 64 33 the
873 3017 249 37 consequence
1139 3006 44 35 of
1204 3017 92 34 your
1324 3002 237 47 application
1594 3006 37 28 to
1694 3006 97 30 aunt
1809 2999 41 35 of
1863 3000 84 35 Col.
1974 2998 52 32 M.
2056 2996 135 33 Shawe
2211 2998 35 27 to
2265 2992 63 32 the
2352 2987 87 38 76th
2460 3000 9 27 ;
2525 2988 48 31 A.
2606 2983 103 34 None
2730 2980 206 34 whatever.

298 3061 92 35 Mrs.
415 3059 172 35 Clarke?
641 3060 51 33 A.
715 3057 168 44 Nothing
896 3061 45 30 at
961 3056 72 34 all.
1744 3048 59 45 By
1825 3048 78 33 Mr.
1919 3046 52 34 LA
1985 3043 170 39 MB.Q.
2181 3038 73 37 Did
2274 3047 72 34 you
2373 3045 86 25 ever
2477 3033 91 35 hear
2584 3030 81 37 that
2683 3030 96 34 Mrs.
2798 3027 83 34 Clot
2891 3026 47 34 ke
2956 3022 81 34 sold
3254 3009 7 46 i

347 3110 93 34 Mrs.
476 3106 141 37 Clarke
657 3115 80 27 was
772 3104 86 37 then
888 3104 124 35 called
1057 3102 53 39 in,
1140 3100 71 38 and
1239 3098 200 37 examined
1470 3097 52 46 by
1554 3096 78 34 Mr.
1695 3106 44 24 or
1756 3093 198 47 pretended
1980 3098 38 28 to
2041 3091 67 34 sell
2126 3086 253 39 commissions
2400 3083 35 33 in
2456 3081 65 33 the
2550 3089 103 32 army
2673 3077 130 34 before
2825 3084 72 33 yeu
2919 3071 115 35 heard

296 3155 333 40 WARDLE.---Q.
651 3154 64 35 Do
748 3163 72 34 you
854 3152 206 33 remember
1078 3150 89 35 Col.
1187 3148 107 37 Shaw
1328 3146 159 43 wanting
1505 3155 73 35 you
1597 3150 37 27 to
1696 3144 32 35 it
1747 3144 37 34 in
1801 3142 74 35 this
1892 3141 126 34 House
2034 3139 12 33 ?
2101 3136 50 35 A.
2172 3136 143 37 Never,
2343 3133 65 32 but
2437 3126 162 46 through
2624 3124 63 35 the
2719 3122 163 35 medium
2910 3120 43 33 of
2976 3120 64 33 the

296 3214 162 34 procure
477 3202 76 35 him
568 3211 47 26 an
630 3200 266 48 appointment
909 3198 94 35 ?A.
1024 3198 107 39 Yes;
1161 3195 330 35 Barrack-Master
1506 3198 40 28 at
1573 3191 64 33 the
1697 3198 193 27 numerous
1915 3187 109 37 libels
2041 3183 126 35 which
2203 3182 92 34 have
2319 3180 113 41 lately
2451 3178 93 31 been
2578 3171 197 47 published
2805 3168 145 45 against
2976 3167 64 34 the

296 3250 105 45 Cape
420 3249 47 37 of
498 3249 109 34 Good
625 3248 233 47 Hope.Q.
880 3246 78 38 Did
991 3244 47 35 he
1064 3244 159 46 promise
1243 3253 74 35 you
1344 3253 73 31 any
1437 3239 197 46 pecuniary
1700 3237 248 37 Commander
1961 3235 35 34 in
2006 3227 126 44 Chief.
2184 3229 18 35 I
2224 3229 93 34 have
2334 3226 96 34 since
2447 3223 70 34 had
2532 3220 161 47 positive
2712 3217 117 46 proof
2835 3216 44 33 of
2895 3215 63 34 the
2972 3223 71 22 ex.

295 3296 311 50 compensation?
635 3296 180 41 A.-Yes;
839 3295 19 35 I
882 3294 112 35 think
1026 3304 25 25 a
1083 3291 177 37 thousand
1289 3288 249 47 pounds.Q.
1560 3285 78 37 Did
1698 3287 135 34 istence
1860 3283 46 34 of
1928 3285 61 32 the
2013 3282 145 34 abuses.
2213 3276 17 33 I
2262 3280 77 30 sent
2370 3272 59 34 for
2453 3270 74 34 Mr.
2554 3269 150 37 Frome,
2728 3265 73 34 and
2818 3263 96 34 after
2933 3263 105 32 much

298 3359 74 34 you
385 3345 183 50 acquaint
592 3344 65 39 the
676 3343 249 39 Commander
943 3344 37 34 io
1009 3340 117 37 Chief
1146 3340 93 34 with
1266 3339 65 34 the
1363 3335 175 48 proposal
1557 3334 83 34 that
1698 3332 273 38 conversation,
1998 3328 46 33 he
2061 3324 178 38 admitted
2259 3322 81 33 that
2359 3320 63 33 the
2440 3328 79 26 sum
2541 3317 44 34 of
2613 3315 120 33 10031.
2756 3312 72 35 had
2846 3312 91 33 been
2950 3309 92 45 paid
3255 3293 18 51 il

300 3406 78 25 was
391 3394 107 37 made
514 3400 39 27 to
566 3403 73 35 you
653 3393 94 34 ?A.
769 3387 196 45 Yei.Q.
986 3389 79 37 Did
1095 3400 74 33 you
1189 3387 143 33 receive
1349 3394 72 35 any
1439 3381 198 47 pecuniary
1701 3381 58 34 for
1773 3391 24 24 a
1817 3376 307 45 paymastership
2143 3373 38 33 in
2197 3381 70 24 one
2284 3369 41 34 of
2348 3369 63 32 the
2438 3365 207 35 battalions
2661 3361 43 33 of
2719 3361 63 33 the
2810 3360 161 32 tier,:.au
2991 3358 53 31 le-
3263 3344 7 38 1

1 3446 18 92 i
296 3441 312 48 compensation?
638 3441 51 34 A.
712 3441 94 41 Yes,
839 3439 204 40 5001.--Q.
1067 3437 99 35 How
1199 3435 63 34 did
1289 3445 72 35 you
1390 3431 139 35 receive
1558 3430 83 34 that
1702 3429 98 44 ;ion.
1854 3417 113 43 After
2000 3420 176 48 repeated
2209 3418 227 34 endeavours
2460 3420 40 26 to
2520 3412 169 33 discover
2715 3415 39 27 to
2773 3406 122 34 whom
2915 3405 30 33 it
2972 3403 72 35 had

299 3501 133 37 money
446 3491 96 33 ?A.
565 3488 111 41 Lhad
692 3487 104 39 8001.
814 3485 46 38 Of
875 3485 158 38 Colonel
1054 3485 130 41 Shaw,
1196 3483 69 34 and
1287 3481 20 38 2
1307 3481 61 38 001
1369 3481 21 38 .
1411 3480 44 34 of
1470 3477 169 35 another.
1703 3478 89 32 been
1809 3474 44 46 pa
1853 3474 66 46 id,
1950 3472 44 33 he
2021 3464 220 45 acknowled
2241 3464 24 45 g
2264 3464 50 45 ed
2334 3464 79 33 that
2434 3462 73 35 Mr.
2530 3458 158 35 Heile')
2709 3467 79 24 was
2812 3454 61 34 the
2893 3462 151 35 person.
3252 3387 12 48 i

301 3539 115 35 Were
432 3547 78 39 you
527 3536 167 37 satisfied
710 3536 91 37 ?A.
819 3533 215 39 No.---Did
1063 3543 76 34 you
1172 3528 188 48 co:nplain
1377 3535 41 27 to
1444 3528 53 32 his
1517 3524 124 45 Royal
1704 3524 79 34 The
1808 3523 125 34 House
1954 3520 77 33 will
2049 3519 115 33 allow
2184 3524 59 24 me
2259 3519 39 27 to
2315 3515 94 31 state
2430 3520 59 32 my
2507 3506 163 46 surprise
2688 3510 38 27 at
2746 3503 64 34 the
2830 3500 219 45 impudence

301 3585 191 47 Highness
506 3583 91 38 ?A.
617 3583 85 37 Yes
716 3596 13 27 ;
754 3583 72 34 and
843 3583 58 34 his
937 3581 128 47 Royal
1085 3579 180 44 Highness
1281 3578 98 41 said,
1398 3575 79 34 thOt
1498 3575 45 32 he
1561 3572 79 35 told
1704 3570 44 34 of
1761 3570 72 34 this
1853 3568 234 40 Gentleman,
2118 3563 110 34 when
2257 3559 45 35 he
2321 3557 77 34 told
2417 3566 72 31 me,
2523 3555 83 34 that
2624 3552 45 33 he
2688 3550 73 34 had
2793 3547 171 37 received
2982 3546 66 34 the

301 3645 60 26 me
376 3635 56 34 ail
448 3634 115 43 along
578 3633 84 35 that
681 3632 20 37 I
720 3632 73 34 had
826 3641 26 25 a
878 3640 96 35 very
991 3628 72 35 bad
1089 3628 81 33 Man
1189 3632 38 30 to
1245 3626 83 34 deal
1351 3624 109 39 with,
1472 3621 70 34 and
1561 3620 81 35 that
1706 3630 149 33 money,
1873 3617 66 34 but
1959 3613 123 35 would
2099 3621 67 33 say
2180 3620 46 22 no
2244 3617 102 26 more
2362 3606 111 33 about
2493 3602 47 33 it.
2593 3600 90 35 This
2700 3601 30 32 is
2747 3598 53 33 all
2820 3596 81 33 that
2920 3593 129 47 passed

302 3683 48 35 he
365 3681 126 37 would
511 3687 66 39 put
594 3680 76 34 him
684 3691 48 24 on
752 3678 83 37 half
849 3680 198 47 pay.---W.
1068 3676 86 34 Was
1169 3676 45 33 he
1228 3681 64 39 put
1306 3683 47 25 on
1367 3670 85 37 half
1457 3676 72 40 pay
1547 3669 94 34 ?A.
1706 3677 47 24 on
1785 3667 84 33 that
1899 3660 259 47 subject.Q.
2181 3654 115 35 What
2306 3653 65 35 did
2383 3652 59 35 the
2464 3650 116 38 Duke
2593 3647 43 34 of
2649 3647 115 34 York
2781 3653 143 25 answer
2939 3643 109 33 when

301 3728 287 44 Yes.--Q.You
599 3728 119 38 stated
730 3728 37 34 in
775 3737 94 35 your
885 3728 73 33 last
969 3724 132 46 night's
1111 3719 360 40 examination,that
1483 3728 76 34 you
1574 3715 70 39 had
1706 3724 76 35 you
1793 3707 293 40 communicated
2104 3707 76 34 this
2197 3704 162 35 business
2376 3707 39 27 to
2433 3698 103 34 him?
2591 3697 51 34 A.
2663 3694 61 33 lie
2754 3691 144 35 desired
2916 3690 83 34 that
3028 3689 14 32 I

301 3788 86 30 seen
404 3778 79 37 Mr.
501 3777 161 38 Dowler
674 3777 67 34 but
769 3775 113 37 twice
905 3774 99 35 since
1033 3772 54 34 his
1103 3770 142 35 arrival
1277 3769 37 35 in
1333 3767 190 45 England;
1551 3764 96 34 have
1702 3762 133 35 should
1854 3757 220 38 scrutinize
2074 3756 61 34 the
2148 3759 138 27 matter
2302 3754 40 31 to
2361 3748 60 34 the
2434 3748 164 38 bottom,
2622 3743 71 34 and
2712 3742 54 34 let
2784 3741 63 33 the
2865 3738 93 44 guilt
2978 3735 72 37 fall
3257 3741 11 34 l'

3265 3771 5 8 ,

304 3837 73 34 you
394 3837 86 24 seen
498 3827 73 34 him
586 3835 73 37 any
677 3823 149 35 oftener
840 3824 13 33 ?
907 3823 51 34 A.
997 3821 91 40 Yes,
1111 3819 15 37 I
1144 3828 74 26 saw
1239 3817 74 33 him
1331 3824 93 26 once
1444 3808 203 41 hisides.
1709 3821 45 24 on
1774 3809 126 34 whom
1920 3807 27 34 it
1964 3804 132 46 might,
2124 3803 84 33 that
2223 3801 44 32 he
2285 3796 124 35 would
2426 3794 111 35 make
2556 3801 46 26 an
2613 3787 201 46 example'
2813 3785 43 33 of
2869 3785 115 33 them.
3252 3785 6 24 ;

304 3875 47 41 Q.
389 3873 144 37 Where
548 3872 65 38 did
632 3882 76 34 you
723 3881 59 25 see
798 3870 74 34 him
892 3870 63 33 the
969 3868 98 35 third
1081 3869 87 33 time
1182 3866 89 34 ?A.
1298 3865 43 34 In
1359 3862 74 35 this
1453 3860 196 37 House.--
1761 3856 57 45 By
1840 3856 87 34 .Mr.
1948 3848 319 39 WAKDIX.--Q.
2297 3844 125 34 'l'hrou
2428 3842 35 33 gh
2465 3842 46 41 ,
2511 3840 102 34 what
2646 3833 335 39 recommendation
3012 3841 44 26 as

3252 3863 11 27 i

304 3922 48 43 Q.
372 3922 103 37 How
489 3920 102 37 often
606 3919 167 37 besides?
793 3919 51 35 A.
857 3919 104 35 Once
971 3927 44 24 or
1029 3917 110 35 twice
1150 3913 161 40 besides;
1332 3921 90 25 once
1434 3908 207 47 yesterday.
1667 3914 6 32 I
1709 3914 162 38 appears
1886 3904 40 32 in
1943 3909 96 37 your
2057 3900 122 37 office,
2211 3905 74 25 was
2304 3891 145 37 Samuel
2469 3891 137 33 Carter
2619 3882 209 48 appointed
2846 3888 38 26 to
2902 3891 47 25 an
2978 3879 78 37 Eu-

304 3971 47 40 Q.

374 3971 92 35 Was
482 3969 65 37 the
565 3969 198 44 Thursday
781 3967 106 46 night
901 3976 47 25 un
969 3965 124 34 which
1113 3973 71 34 you
1204 3972 72 24 saw
1298 3961 77 33 Mr.
1400 3957 170 41 Dowler,
1587 3956 61 33 the
1710 3954 124 44 sigucy
1853 3952 37 45 in
1902 3950 63 34 the
1980 3947 85 34 16th
2085 3946 96 34 foot.
2233 3943 50 34 A.
2302 3940 81 34 The
2396 3939 111 33 letter
2518 3935 46 34 of
2575 3930 337 39 recommendation
2928 3938 31 24 w
2965 3926 38 35 hi
3008 3930 46 35 ch
3253 3926 2 87 .

3253 3956 4 5 .

296 4019 96 47 only
412 4018 109 47 night
549 4028 47 26 en
614 4015 129 38 which
759 4025 76 35 you
852 4023 78 27 saw
948 4015 81 32 him-
1050 4010 97 37 after
1167 4010 54 35 his
1238 4015 138 30 'return
1396 4013 38 28 to
1456 4003 185 47 England?
1669 3970 5 97 I
1714 4010 76 26 was
1815 3998 90 35 then
1932 3992 193 40 addresaed
2161 3997 38 28 to
2233 3990 63 34 the
2319 3987 110 37 Deke
2461 3984 46 35 of
2539 3981 131 41 York,
2696 3978 112 37 dated
2838 3976 126 46 Royal
2979 3971 77 38 ta.
3267 3970 9 25 t

304 4065 56 38 A.
378 4067 201 40 Yes.Q.
601 4065 79 37 Did
699 4074 74 37 you
803 4069 84 41 stop
912 4061 96 37 with
1028 4061 74 33 him
1130 4059 51 33 all
1202 4057 100 45 night
1320 4057 13 34 ?
1385 4055 38 38 A
1457 4054 190 39 Yes.Q.
1669 4054 7 32 I
1713 4050 200 41 boratory,
1941 4044 94 35 Dec.
2065 4043 40 41 7,
2135 4038 110 43 ISM,
2272 4037 72 34 and
2373 4032 136 43 stated,
2542 4031 85 41 that
2656 4028 64 35 the
2738 4025 172 38 kindness
2930 4023 125 35 which
3252 4068 9 27 i

3257 4057 14 17 f

0 4106 25 72 k
306 4114 57 37 At
378 4115 109 41 whoa
500 4115 104 40 Motel
627 4114 22 37 41
803 4117 99 33 meet
920 4109 78 39 him
1013 4111 14 33 ?
1080 4108 53 40 al.
1156 4107 158 46 Batess)
1333 4106 39 38 in
1617 4110 14 27 s

656 4113 39 39 id
711 4123 76 39 you
1269 4106 8 13 '
1387 4104 57 38 St.
1465 4098 188 43 Martin'-
1670 4098 13 83 i
1683 4098 14 83 s
1714 4096 11 85 p
1724 4096 11 85 s
1735 4096 12 85 i
1747 4096 12 85 l
1759 4096 12 85 s
1796 4095 126 43 Royal
1946 4091 184 46 highness
2148 4087 71 35 had
2238 4085 145 44 always
2398 4082 131 34 shewn
2555 4078 168 35 towards
2756 4076 122 33 Lieut.
2909 4074 151 41 Sutton,

4 4163 5 39 .
31 4179 14 13 -.
307 4163 100 39 lane.

1703 4120 2 67 .
1753 4142 116 40 dared
1886 4140 76 38 him
1981 4144 38 32 to
2031 4136 149 41 address
2207 4135 54 37 his
2282 4131 128 46 Royal
2441 4126 185 48 flightless
2661 4124 35 34 in
2715 4122 138 37 favour
2869 4120 43 37 of
2931 4131 46 26 as
2998 4131 60 24 J..

3272 4248 4 24 i

2133 1170 193 51 Tuesday,
2354 1170 92 39 Feb.
2470 1170 64 37 14.

1709 1243 81 38 The
1811 1244 228 40 SPEAKER,
2067 1241 34 33 in
2119 1248 246 35 consequence
2379 1235 43 35 of
2444 1247 24 22 a
2484 1237 167 41 Message
2669 1232 94 35 from
2781 1231 65 35 the
2872 1230 132 43 Lords,

1664 1292 170 35 attended
1856 1292 34 32 in
1905 1291 97 33 their
2017 1286 216 44 Lordships'
2256 1286 125 34 Howe
2400 1289 35 30 to
2461 1283 92 34 hear
2571 1283 61 32 the
2650 1281 125 34 loyal
2797 1280 129 33 Assent
2942 1279 44 33 de-

1665 1339 122 34 clared
1805 1341 50 43 by
1865 1336 242 37 Commission
2124 1341 40 28 to
2181 1333 97 33 Lord
2304 1329 239 46 Boringdon's
2565 1330 164 34 Divorce
2748 1326 92 33 Bill.

1715 1388 59 33 Sir
1791 1387 182 34 SAMUEL
2000 1380 254 39 ROMILLY'S
2277 1380 74 35 Bill
2370 1380 56 32 for
2452 1380 61 32 the
2548 1377 131 34 Relief
2700 1372 45 35 of
2774 1374 162 34 Debtors
2968 1371 37 34 in

1672 1434 138 47 Equity
1830 1443 77 24 was
1925 1431 84 35 read
2026 1441 26 24 a
2065 1429 103 35 third
2187 1429 105 40 time,
2311 1424 141 47 passed,
2471 1424 73 33 and
2561 1422 152 35 ordered
2733 1427 40 30 to
2792 1419 64 35 the
2874 1420 129 33 Lords.

2079 1508 182 27 MILITIA
2293 1505 294 28 ENLISTMENT.

1716 1560 81 37 The
1817 1558 146 37 Miliiia
1980 1557 221 37 Enlistment
2222 1556 76 34 Bill
2316 1564 73 25 %vas
2402 1554 86 33 read
2502 1563 24 25 a
2538 1551 98 37 third
2647 1550 105 43 time,
2771 1547 145 47 pacsecl,
2934 1545 71 35 and

1671 1607 154 38 ordered
1843 1612 39 28 to
1898 1607 61 33 the
1981 1606 126 34 Lords.

1720 1656 60 34 Sir
1800 1655 48 33 A.
1884 1654 44 33 IV
1937 1659 224 27 ct.t.cstxv
2194 1646 193 48 presented
2404 1658 19 22 a
2457 1646 78 34 Bill
2570 1644 59 35 for
2644 1642 280 48 incorporating
2944 1641 63 34 the

1674 1702 144 37 Militia
1834 1698 164 38 Lawsof
2008 1698 162 37 Ireland.
2204 1697 100 34 Read
2326 1697 57 32 the
2404 1698 74 30 hrst
2496 1695 105 32 time.

2163 1780 122 27 DUKE
2314 1779 56 25 OF
2399 1776 141 26 YORK.

1724 1850 73 35 Mr.
1828 1848 66 37 CIT
1907 1856 135 28 ARLES
2079 1846 57 33 STI
2145 1852 66 25 AW
2220 1848 40 33 E,
2287 1837 202 37 -examined
2507 1838 52 43 by
2590 1835 74 34 Mr.
2687 1835 21 33 W
2708 1835 22 33 .
2776 1843 74 26 RDI

1677 1897 77 35 Did
1770 1909 72 31 you
1859 1899 110 32 know
1989 1896 81 32 that
2086 1892 100 35 SOW.
2203 1899 73 22 was
2289 1889 105 43 given
2407 1891 37 27 to
2461 1885 90 33 Mrs.
2572 1884 137 33 Clarke
2718 1893 48 21 on
2780 1881 59 33 the
2856 1886 154 27 account

1676 1945 45 33 of
1731 1945 155 35 Colonel
1900 1943 132 35 Shane
2046 1941 13 33 ?
2114 1939 50 33 A.
2197 1936 19 35 I
2233 1933 165 37 received
2415 1943 24 22 a
2456 1933 111 32 letter
2578 1931 92 33 from
2689 1928 157 37 Colonel
2865 1928 146 38 Shawc,

1676 1994 151 43 stating,
1856 1993 80 32 that
1957 1991 43 33 he
2013 1985 142 38 wished
2172 1989 39 30 to
2229 1980 84 48 give
2326 1982 98 34 3M/.
2444 1984 38 28 to
2502 1990 21 21 a
2544 1978 113 34 friend
2682 1977 81 32 who
2786 1974 69 34 had
2868 1972 145 44 obliged

1680 2039 91 41 him,
1787 2040 71 33 and
1879 2036 246 41 transmitting
2143 2043 56 22 me
2216 2041 45 25 an
2280 2029 106 34 order
2406 2034 37 27 to
2461 2027 79 33 that
2561 2031 148 27 amount
2730 2035 46 22 on
2794 2024 131 31 Coons
2944 2019 71 33 and

1682 2088 72 33 Co.
1775 2087 123 34 which
1920 2096 74 24 was
2008 2083 89 43 duly
2118 2078 203 39 honoured,
2348 2075 67 34 and
2437 2072 123 37 which
2585 2072 98 35 JOU
2717 2072 13 33 I
2756 2070 87 46 'mid
2864 2078 35 24 to
2920 2069 94 32 Mrs.

1682 2135 141 34 Clarke
1840 2144 47 25 on
1906 2134 60 32 the
1982 2141 89 33 very
2088 2130 73 43 day
2177 2138 46 22 on
2244 2124 123 37 which
2391 2122 14 33 1
2426 2121 168 34 received
2611 2119 43 34 it.

1731 2181 57 45 By
1806 2181 64 33 the
1902 2181 91 33 CIIA
2006 2187 50 26 11C
2065 2186 51 25 EL
2125 2186 50 21 LO
2184 2183 25 25 R
2228 2173 45 33 of
2285 2173 63 32 the
2383 2171 208 37 FxcitEQU
2606 2166 170 38 ER.Q.
2810 2164 115 32 When
2944 2170 76 25 was

1683 2229 72 34 this
1770 2230 13 32 ?
1838 2228 51 34 A.
1920 2228 15 33 I
1972 2228 92 44 kept
2092 2233 46 24 no
2165 2218 274 38 memorandum
2457 2228 12 27 ;
2494 2215 69 34 but
2598 2216 48 41 by
2683 2212 161 34 referritc
2844 2212 19 34 ,
2898 2216 37 26 to
2955 2209 61 33 the

1683 2277 117 33 books
1818 2277 44 32 of
1874 2277 128 34 Coutts
2033 2272 71 34 and
2133 2271 73 34 Co.
2229 2268 18 35 I
2267 2267 72 34 find
2357 2264 77 35 that
2456 2264 27 33 it
2499 2272 73 22 was
2594 2262 89 44 May
2704 2261 59 32 the
2781 2238 235 54 9ililBoG.--

1683 2324 46 40 Q.
1765 2324 104 33 [lave
1899 2331 72 37 you
2003 2324 63 40 got
2102 2319 64 33 the
2199 2315 136 35 letter?
2391 2311 45 33 A.
2465 2308 294 44 Unfortunately
2794 2307 18 33 I
2836 2306 92 32 have
2949 2306 70 32 lost

1683 2370 53 34 it:
1763 2372 65 32 but
1848 2370 18 33 I
1889 2368 175 35 recollect
2076 2369 31 30 it
2125 2365 117 33 stated
2262 2362 83 32 that
2365 2359 40 32 he
2426 2356 169 34 believed
2613 2356 92 32 Mrs.
2724 2354 141 33 Clarke
2880 2349 138 37 wished

1683 2422 40 28 to
1739 2427 103 24 serve
1873 2417 91 41 him,
1989 2413 70 35 and
2086 2409 141 45 though
2252 2408 44 33 he
2313 2414 65 38 got
2406 2405 56 33 his
2487 2404 262 44 appohament
2786 2398 157 41 through
2965 2398 57 32 his

1684 2464 119 35 friend
1818 2465 63 34 Sir
1900 2463 48 37 H.
1974 2459 180 41 Burrard,
2164 2457 78 35 still
2259 2466 39 22 as
2315 2456 64 32 she
2396 2463 74 24 was
2491 2451 56 33 his
2567 2448 117 34 friend
2704 2448 98 39 also,
2818 2446 44 33 he
2882 2456 25 21 w
2920 2443 100 34 ished

1685 2519 39 26 to
1739 2513 45 32 be
1796 2511 93 34 kind
1904 2516 39 30 to
1959 2510 77 33 her.

1736 2572 158 43 Colonel
1915 2572 149 34 Gomm
2072 2580 25 24 N
2109 2567 122 34 called
2251 2565 51 39 in,
2314 2561 70 37 and
2396 2559 194 35 examined
2606 2559 50 40 by
2761 2555 110 32 Wit
2880 2564 21 22 D

1689 2622 46 39 Q.
1767 2621 123 34 When
1909 2617 156 38 Colonel
2083 2617 136 33 Shawe
2241 2623 72 22 was
2330 2607 206 47 appointed
2561 2606 149 44 Deputy
2735 2601 276 37 Barrack-Alas

1688 2668 240 35 ter-General
1954 2675 77 25 was
2050 2665 45 32 he
2122 2667 67 41 put
2219 2672 46 22 on
2283 2659 83 33 hillf
2380 2668 71 33 pay
2467 2655 12 34 ?
2535 2654 48 33 A.
2616 2649 259 43 Immediately
2898 2654 64 38 put
2980 2657 48 24 on

1691 2714 288 47 half-pay.Q.
2004 2713 35 34 Is
2052 2713 27 32 it
2095 2709 103 35 usual
2215 2708 58 33 for
2285 2707 164 37 Officers,
2466 2702 85 33 who
2565 2705 126 39 accept
2707 2709 21 22 a
2746 2696 96 34 Staff
2851 2695 156 44 appoint-

1693 2771 91 27 ment
1796 2761 157 39 abroad,
1982 2766 38 28 to
2052 2760 45 32 be
2117 2761 65 40 put
2216 2766 45 21 on
2282 2753 172 41 half-pay
2471 2751 12 32 ?
2539 2748 48 34 A.
2622 2748 92 39 Yes,
2744 2745 90 33 with
2852 2752 96 22 some
2962 2751 44 22 ex-

1690 2809 281 46 ceptions.Q.
2001 2807 90 33 Was
2107 2806 61 33 the
2185 2800 152 40 Officer,
2352 2800 81 33 whit
2453 2798 67 34 had
2541 2796 71 33 this
2626 2794 255 44 appoilantent
2903 2789 129 33 before

1695 2858 154 34 Colima
1881 2857 137 34 Shawe
2036 2865 47 22 on
2117 2850 86 35 half
2216 2859 74 33 pay
2306 2849 12 33 ?
2370 2846 48 34 A.
2452 2846 17 33 l
2502 2843 103 35 think
2631 2841 152 35 Color.rl
2805 2839 133 32 Shawe
2955 2845 77 24 was

1693 2908 61 32 the
1772 2906 78 39 first
1869 2904 86 33 who
1976 2901 81 34 held
2078 2900 64 34 the
2158 2897 202 38 situation;
2389 2894 40 33 he
2447 2898 64 39 got
2535 2893 31 32 it
2595 2901 45 22 on
2659 2888 64 35 the
2738 2893 156 38 capture
2913 2882 43 34 of
2969 2883 65 34 the

1694 2952 221 47 place.Q.
1948 2950 91 33 Was
2068 2948 107 34 there
2202 2955 72 33 any
2289 2941 187 35 deviation
2502 2937 94 34 from
2626 2936 78 33 rule
2722 2935 34 32 in
2777 2933 60 32 the
2854 2931 158 44 appoint-

1694 3006 97 30 ment
1809 2999 41 35 of
1863 3000 84 35 Col.
1974 2998 52 32 M.
2056 2996 135 33 Shawe
2211 2998 35 27 to
2265 2992 63 32 the
2352 2987 87 38 76th
2460 3000 9 27 ;
2525 2988 48 31 A.
2606 2983 103 34 None
2730 2980 206 34 whatever.

1744 3048 59 45 By
1825 3048 78 33 Mr.
1919 3046 52 34 LA
1985 3043 170 39 MB.--Q.
2181 3038 73 37 Did
2274 3047 72 34 you
2373 3045 86 25 ever
2477 3033 91 35 hear
2584 3030 81 37 that
2683 3030 96 34 Mrs.
2798 3026 141 35 Clarke
2956 3022 81 34 sold

1695 3106 44 24 or
1756 3093 198 47 pretended
1980 3098 38 28 to
2041 3091 67 34 sell
2126 3086 253 39 commissions
2400 3083 35 33 in
2456 3081 65 33 the
2550 3089 103 32 army
2673 3077 130 34 before
2825 3084 72 33 yeti
2919 3071 115 35 heard

1696 3144 32 35 it
1747 3144 37 34 in
1801 3142 74 35 this
1892 3141 126 34 House
2034 3139 12 33 ?
2101 3136 50 35 A.
2172 3136 143 37 Never,
2343 3133 65 32 but
2437 3126 162 46 through
2624 3124 63 35 the
2719 3122 163 35 medium
2910 3120 43 33 of
2976 3120 64 33 the

1697 3198 193 27 numerous
1915 3187 109 37 libels
2041 3183 126 35 which
2203 3182 92 34 have
2319 3180 113 41 lately
2451 3178 93 31 been
2578 3171 197 47 published
2805 3168 145 45 against
2976 3167 64 34 the

1700 3237 248 37 Commander
1961 3235 35 34 in
2006 3230 126 40 Chief.
2184 3229 18 35 I
2224 3229 93 34 have
2334 3226 96 34 since
2447 3223 70 34 had
2532 3220 161 47 positive
2712 3217 117 46 proof
2835 3216 44 33 of
2895 3215 63 34 the
2972 3223 71 22 ex.

1698 3287 135 34 istence
1860 3283 46 34 of
1928 3285 61 32 the
2013 3282 145 34 abuses.
2213 3276 17 33 I
2262 3280 77 30 sent
2370 3272 59 34 for
2453 3270 74 34 Mr.
2554 3269 150 37 Frome,
2728 3265 73 34 and
2818 3263 96 34 after
2933 3263 105 32 much

1698 3332 273 38 conversation,
1998 3328 46 33 he
2061 3324 178 38 admitted
2259 3322 81 33 that
2359 3320 63 33 the
2440 3328 79 26 sum
2541 3317 44 34 of
2613 3315 120 33 10031.
2756 3312 72 35 had
2846 3312 91 33 been
2950 3309 92 45 paid

1701 3381 58 34 for
1773 3391 24 24 a
1817 3376 307 47 Paymastership
2143 3373 38 33 in
2197 3381 70 24 one
2284 3369 41 34 of
2348 3369 63 32 the
2438 3365 207 35 battalions
2661 3361 43 33 of
2719 3361 63 33 the
2810 3360 161 32 Gere.an
2991 3358 35 31 le-

1702 3429 98 44 ;ion.
1854 3426 113 33 After
2000 3420 176 48 repeated
2209 3418 227 34 endeavours
2460 3420 40 26 to
2520 3412 169 33 discover
2715 3415 39 27 to
2773 3406 122 34 whom
2915 3405 30 33 it
2972 3403 72 35 had

1703 3478 89 32 been
1809 3474 110 46 paid,
1950 3472 44 33 he
2021 3464 293 45 acknowledged
2334 3464 79 33 that
2434 3462 73 35 Mr.
2530 3458 158 35 Ilehden
2709 3467 79 24 was
2812 3454 61 34 the
2893 3462 151 35 person.

1704 3524 79 34 The
1808 3523 125 34 [louse
1954 3520 77 33 will
2049 3519 115 33 allow
2184 3524 59 24 me
2259 3519 39 27 to
2315 3515 94 31 state
2430 3520 59 32 my
2507 3506 163 46 surprise
2688 3510 38 27 at
2746 3503 64 34 the
2830 3500 219 45 impudence

1704 3570 44 34 of
1761 3570 72 34 this
1853 3568 234 40 Gentleman,
2118 3563 110 34 when
2257 3559 45 35 he
2321 3557 77 34 told
2417 3566 72 31 me,
2523 3555 83 34 that
2624 3552 45 33 he
2688 3550 73 34 had
2793 3547 171 37 received
2982 3546 66 34 the

1706 3630 149 33 money,
1873 3617 66 34 but
1959 3613 123 35 would
2099 3621 67 33 say
2180 3620 46 22 no
2244 3617 102 26 more
2362 3606 111 33 about
2493 3602 47 33 it.
2593 3600 90 35 This
2700 3601 30 32 is
2747 3598 53 33 all
2820 3596 81 33 that
2920 3593 129 47 passed

1706 3677 47 24 on
1785 3667 84 33 that
1899 3660 259 47 subject.Q.
2181 3654 115 35 What
2306 3653 65 35 did
2383 3652 59 35 the
2464 3650 116 38 Duke
2593 3647 43 34 of
2649 3647 115 34 York
2781 3653 143 25 answer
2939 3643 109 33 when

1706 3724 76 35 you
1793 3707 293 40 communicated
2104 3707 76 34 this
2197 3704 162 35 business
2376 3707 39 27 to
2433 3699 76 33 him
2524 3698 12 33 ?
2591 3697 51 34 A.
2663 3694 61 33 lie
2754 3691 144 35 desired
2916 3690 83 34 that
3028 3689 14 32 I

1702 3762 133 35 should
1854 3756 220 39 scrutinize
2074 3756 61 34 the
2148 3759 138 27 matter
2302 3754 40 31 to
2361 3748 60 34 the
2434 3748 164 38 bottom,
2622 3743 71 34 and
2712 3742 54 34 let
2784 3741 63 33 the
2865 3738 93 44 guilt
2978 3735 72 37 fall

1709 3813 45 32 On
1774 3809 126 34 whom
1920 3807 27 34 it
1964 3804 132 46 might,
2124 3803 84 33 emit
2223 3801 44 32 he
2285 3796 124 35 would
2426 3794 111 35 make
2556 3801 46 26 an
2621 3788 180 45 example
2813 3785 43 33 of
2869 3785 115 33 them.

1761 3856 57 45 By
1840 3856 87 34 .Mr.
1948 3848 319 39 WAR,DI.C.--Q.
2297 3842 178 45 Through
2511 3840 102 34 what
2646 3833 335 39 recommendation
3012 3841 44 26 as

1709 3914 162 38 appears
1886 3904 40 32 in
1943 3909 96 37 your
2057 3900 122 37 olhice,
2211 3905 74 25 was
2304 3891 145 37 Samuel
2469 3891 137 33 Carter
2619 3882 209 48 appointed
2846 3888 38 26 to
2902 3891 47 25 an
2978 3879 52 37 Eu-

1710 3954 124 44 sigucy
1853 3952 37 33 in
1902 3950 63 34 the
1980 3947 85 34 16th
2085 3946 96 34 foot.
2233 3943 50 34 A.
2302 3940 81 34 The
2396 3939 111 33 letter
2518 3935 46 34 of
2575 3930 337 39 recommendation
2928 3926 126 39 which

1714 4010 76 26 was
1815 3998 90 35 then
1932 3992 193 40 addresaed
2161 3997 38 28 to
2233 3990 63 34 the
2319 3987 110 37 Deke
2461 3984 46 35 of
2539 3981 131 41 York,
2696 3978 112 37 dated
2838 3976 126 46 Royal
2979 3971 77 38 tn.

1713 4050 200 41 boratory,
1941 4044 94 35 Dec.
2065 4043 40 41 7,
2135 4038 110 43 ISM,
2272 4037 72 34 and
2373 4032 136 43 stated,
2542 4031 85 41 Oat
2656 4028 64 35 the
2738 4025 172 38 kindness
2930 4023 125 35 which

1714 4096 57 47 Qis
1796 4095 126 43 Royal
1946 4091 184 46 Highness
2148 4087 71 35 had
2238 4085 145 44 always
2398 4082 131 34 shewn
2555 4078 168 35 towards
2756 4076 122 33 I,ieut.
2909 4074 151 41 Sutton,

1688 4142 181 39 4.7adured
1886 4140 76 38 him
1981 4144 38 32 to
2031 4136 149 41 address
2207 4135 54 37 his
2282 4131 128 46 Royal
2441 4126 185 48 Ilighscsi
2661 4124 35 34 in
2715 4122 60 37 Etv
2784 4131 70 26 our
2869 4120 43 37 of
2931 4131 46 26 as
2998 4131 60 24 01-

274 73 156 52 FEB.
480 73 76 47 19.
