3484 4417
0 59 43 27 rt%

239 74 162 54 FEB.
449 73 78 50 19.

593 213 643 51 CONVERSAZIONE.

309 293 380 47 (COMMUNICATED
719 302 184 27 EXCLUSI
917 305 22 22 V
950 302 86 26 ELY
1069 301 19 26 I.
1098 301 59 26 OR
1185 298 92 28 THE
1303 295 233 28 NATIONAL

772 351 189 26 REGISTE
969 339 64 46 a.)

400 471 132 45 Fame,
561 471 37 35 if
609 475 63 32 not
689 469 280 44 double-faced,
996 470 31 33 is
1042 463 345 40 double-mouthed.
1391 481 47 8 —

1135 526 174 33 SAMSON
1331 521 260 34 AGONISTES.

1119 70 150 52 THE
1303 69 377 53 NATIONAL
1716 66 380 53 REGISTER.

669 665 263 35 MISTRESS
958 660 239 39 CLARKE.

309 725 59 39 IT
389 729 27 35 is
430 733 65 31 not
513 739 94 35 very
625 738 105 35 many
752 737 107 34 years
876 725 99 33 since
990 733 117 34 every
1119 722 100 44 body
1231 719 131 38 talked
1378 719 45 34 of
1435 719 163 33 Mistress

262 784 128 37 Rudd.
445 784 149 37 Within
612 785 100 34 these
731 784 71 33 few
822 791 107 37 years
945 791 113 33 every
1080 780 97 44 body
1196 788 81 25 was
1291 777 143 44 talking
1453 775 45 35 of
1515 775 64 35 Mis-

260 848 94 30 tress
376 842 189 46 Phippoe.
622 842 122 43 Every
762 840 103 44 body
886 839 28 33 is
928 848 83 24 now
1031 836 149 44 talking
1205 835 44 34 of
1263 834 164 34 Mistress
1448 831 150 34 Clarke.

261 899 85 35 'Tis
360 901 61 33 the
436 899 207 45 nine-days'
661 898 151 35 wonder
830 896 8 34 !
872 895 123 44 Every
1013 894 99 45 body
1133 894 28 33 is
1178 889 189 37 therefore
1393 891 209 44 wondering

266 957 110 34 what
394 957 78 34 will
497 958 47 33 be
565 957 65 34 the
647 956 66 34 end
733 953 44 34 of
791 953 61 34 the
873 951 163 35 wonder.

371 1015 79 34 Has
476 1012 66 37 she
580 1015 89 32 been
703 1010 188 48 promised
922 1019 26 24 a
994 1006 151 46 pension
1181 1005 96 34 from
1324 1003 217 45 Bonaparte

266 1071 214 45 whispered
514 1081 70 22 one
613 1070 43 33 of
685 1078 94 35 your
808 1064 208 46 significant
1050 1063 234 50 politicians,
1319 1059 195 44 shrugging
1552 1058 53 33 his

267 1129 217 40 shoulders;
502 1128 72 34 and
594 1128 203 41 lamenting
815 1124 83 33 how
917 1121 107 35 much
1042 1121 67 34 her
1126 1117 214 47 protracted
1354 1116 253 35 examination

270 1191 98 31 must
387 1185 177 35 interfere
586 1185 90 35 with
715 1185 63 33 the
810 1182 165 34 interests
1007 1176 44 35 of
1070 1178 63 33 the
1165 1182 172 39 country,
1361 1182 39 26 at
1430 1174 74 34 this
1533 1183 50 22 mo-

269 1248 168 30 mentous
451 1243 120 37 crisis.
622 1243 79 34 The
741 1240 159 44 thought
927 1238 71 34 had
1026 1245 111 25 never
1150 1234 130 33 struck
1309 1244 57 22 me
1381 1232 60 34 till
1461 1241 44 24 no
1514 1240 41 24 w.
1561 1247 47 6 —

273 1302 47 37 'T
330 1316 72 22 was
413 1305 66 33 full
495 1305 45 33 of
553 1304 222 45 cogitation.
841 1299 110 44 Why,
969 1298 52 34 let
1033 1306 58 24 me
1218 1293 80 34 said
1316 1292 35 43 I,
1411 1292 104 33 there
1530 1300 78 34 may

270 1361 50 34 be
334 1363 206 43 something
570 1363 33 32 in
620 1362 76 34 that
900 1356 99 44 Aye,
1032 1354 90 44 they
1153 1351 107 44 begin
1274 1351 106 43 again
1409 1355 41 28 to
1468 1348 79 34 talk
1573 1345 44 34 of

276 1416 164 34 Jacobin
475 1417 266 45 Conspiracies
756 1429 11 27 ;
811 1413 85 43 and,
937 1410 86 34 who
1055 1408 268 35 knows—who
1352 1403 260 37 knows—who

278 1474 133 34 knows
430 1474 183 45 (thought
643 1472 37 43 1)
700 1474 105 33 what
833 1470 83 34 that
946 1467 100 34 child
1067 1465 69 34 and
1152 1463 208 45 Champion
1377 1462 43 33 of
1437 1461 157 34 Jacobin-

280 1532 83 41 ism,
391 1543 38 24 as
446 1533 65 33 the
539 1533 78 32 late
639 1530 170 34 William
835 1527 76 33 Pitt
930 1524 119 37 called
1080 1521 59 33 the
1174 1527 144 39 present
1341 1519 182 44 Emperor
1539 1517 50 34 Na-

280 1590 154 43 poleon,
464 1586 86 35 who
572 1586 129 34 knows
720 1583 183 47 (thought
925 1580 39 45 1)
986 1579 103 34 what
1119 1577 137 44 pranks
1273 1576 73 34 this
1363 1573 182 34 universal
1567 1574 39 32 ili-

279 1642 164 43 triguant
459 1652 85 26 may
565 1654 81 24 now
663 1644 46 32 be
725 1641 156 45 playing
899 1638 92 34 with
1012 1646 38 24 us
1068 1633 128 34 ?—lie
1211 1632 130 33 knows
1354 1630 59 34 the
1431 1630 185 45 political,

278 1710 43 25 as
343 1701 81 33 well
439 1710 39 24 as
498 1700 63 33 the
580 1698 188 47 physical,
796 1697 126 43 utility
943 1694 45 35 of
1002 1695 60 32 the
1076 1702 80 24 sex.
1209 1690 81 34 Yes
1306 1701 11 28 ;
1344 1687 70 34 and
1431 1689 47 32 he
1491 1687 129 34 knows

283 1756 87 34 that

570 1811 105 37 Since
692 1809 136 43 Adam,
846 1808 51 45 by
912 1807 57 34 his
987 1806 89 35 facil
1094 1807 149 33 consort
1261 1802 93 43 Eve,

574 1869 85 33 Lost

286 1939 217 46 Bonaparte
521 1939 148 43 knows,
697 1938 20 34 I
748 1949 84 34 say,
857 1938 81 33 that
958 1945 144 26 woman
1121 1933 31 34 is
1167 1932 76 34 still
1263 1930 65 34 the
1355 1930 211 33 instrument
1581 1925 47 35 of

286 1997 307 34 wo—to—man!
643 1996 128 34 Think
804 1994 45 35 of
879 1995 77 33 Mrs
987 1993 80 34 Eve
1101 1990 70 34 and
1201 1989 93 33 Mrs.
1336 1984 200 45 Potipher,
1559 1984 67 34 and

288 2056 96 34 Mrs.
404 2055 176 40 Jezebel,
605 2054 71 34 and
694 2055 92 33 Mrs.
815 2052 146 40 Dalila,
1046 2047 46 34 of
1253 2042 87 43 and,
1358 2042 207 46 sequently,
1589 2042 44 33 of

289 2115 94 37 Mrs.
404 2115 139 40 Helen,
568 2113 72 34 and
660 2112 91 34 Mrs.
769 2109 222 44 Cleopatra,
1017 2105 72 35 and
1103 2105 93 34 Mrs.
1213 2101 145 43 Herod,
1374 2099 71 35 and

356 2173 11 34 !
423 2173 17 34 I
457 2183 65 33 say
537 2170 155 43 nothing
707 2166 45 34 of
764 2166 97 34 later
873 2165 120 34 times.

345 2230 37 33 Is
412 2235 64 30 not
502 2225 174 37 mischief
694 2224 64 34 the
788 2220 148 37 natural
967 2219 158 34 element
1152 2215 46 35 of
1221 2212 318 38 woman?—Like
1569 2210 65 35 her

291 2287 81 34 first
381 2285 164 41 seducer,
563 2284 65 33 she
641 2294 83 33 may
742 2280 132 37 indeed
885 2287 141 26 assume
1039 2276 63 34 the
1114 2282 236 37 appearance
1368 2270 43 34 of
1421 2281 47 22 an
1478 2269 103 45 angel
1592 2268 43 34 of

291 2347 112 45 light,
431 2347 67 34 but
534 2343 63 35 'tis
615 2349 38 28 to
681 2342 151 45 beguile
863 2349 102 25 more
990 2336 123 44 surely
1131 2335 8 33 !
1207 2334 100 40 Men,
1343 2330 189 40 however,
1556 2329 74 33 still

289 2405 77 34 call
381 2402 64 35 her
461 2413 48 24 an
575 2400 137 34 adored
912 2395 163 33 without
1093 2388 279 43 remembering,
1385 2396 40 25 as
1444 2387 72 33 Mr.
1539 2386 71 34 Gar-

292 2471 84 25 row
398 2460 130 44 wisely
546 2457 196 43 observed,
771 2454 84 34 that
870 2453 65 33 she
953 2452 30 33 is
999 2451 80 34 also
1097 2459 25 24 a
1156 2447 27 19 `•
1202 2446 116 34 fallen

348 2591 120 37 When
494 2591 79 34 Mr.
602 2590 187 41 Secretary
809 2585 168 43 Canning
996 2584 31 32 is
1052 2578 203 44 ridiculing
1284 2577 168 43 opinions
1470 2574 165 40 because,

295 2657 43 25 as
356 2649 63 33 the
436 2656 242 38 newspapers
704 2649 98 30 state
820 2643 77 33 him
924 2647 39 28 to
989 2640 94 34 have
1100 2636 93 41 said,
1222 2635 87 43 they
1342 2642 98 24 were
1513 2631 126 33 nursed

298 2707 41 33 in
583 2705 85 33 does
692 2702 46 34 he
756 2707 65 28 not
839 2699 177 35 recollect
1048 2695 84 34 that
1150 2694 63 33 the
1230 2691 169 34 effusions
1416 2688 43 34 of
1483 2687 156 34 solitude

299 2763 98 35 have
418 2760 191 47 produced
628 2760 60 34 the
720 2761 96 31 most
849 2753 230 43 astonishing
1113 2747 228 38 revolutions
1359 2746 33 33 in
1420 2745 139 43 society
1577 2744 64 33 ?

300 2825 87 34 Has
419 2823 46 34 he
484 2823 187 48 forgotten
689 2819 65 35 the
785 2816 188 45 Prop;:ets
1002 2812 44 34 of
1070 2812 63 33 the
1157 2807 146 38 Jewish
1326 2804 145 35 Church
1492 2804 69 34 and
1580 2804 60 33 the

304 2881 138 35 Monks
459 2878 46 35 of
520 2878 64 33 the
600 2862 154 50 Romisl;
772 2871 171 39 Church?
1002 2870 143 33 Knows
1163 2867 44 33 he
1232 2864 152 43 nothing
1401 2861 45 34 of
1459 2871 47 24 an
1527 2861 92 33 Alex-

301 2940 132 39 ander,
456 2949 25 22 a
497 2937 143 39 Caesar,
656 2946 24 24 a
698 2934 113 39 Cato,
829 2941 25 24 a
874 2929 148 37 Brutus,
1041 2936 22 22 a
1093 2922 279 38 Demosthenes,
1387 2929 24 24 a
1427 2917 135 33 Cicero
1579 2916 63 33 ?

302 3000 86 34 Has
407 2999 45 34 he
468 2993 346 39 ohliteratedfrom
831 2989 56 34 his
905 2988 97 33 mind
1023 2986 63 33 the
1106 2983 161 43 History
1293 2981 41 33 of
1351 2979 204 40 Mahomet,
1581 2976 63 34 the

305 3056 267 35 Reformation
604 3053 43 34 of
661 3052 59 34 the
743 3047 193 38 Christian
965 3043 193 44 Religion,
1186 3040 63 33 the
1283 3035 304 46 Lncyclopedists
1603 3034 45 34 of

286 3117 19 43 .
305 3117 158 43 111odern
463 3117 20 43 s
502 3117 161 39 France,
689 3112 65 33 the
785 3109 165 43 writings
986 3104 44 34 of
1064 3103 144 39 Burke,
1241 3110 45 24 or
1318 3099 162 33 Thomas
1502 3094 144 37 Paine's

308 3174 138 44 Rights
463 3172 45 34 of
523 3171 115 35 Alan?
692 3168 146 43 Lastly,
868 3163 145 40 indeed,
1041 3161 31 34 is
1093 3162 184 39 Secretary
1307 3156 167 41 Canning
1491 3155 72 33 still
1584 3163 43 24 un-

304 3229 227 46 acquainted
552 3240 25 22 w
591 3227 53 35 ith
661 3227 61 33 the
743 3223 202 35 formation
964 3219 43 34 of
1020 3219 60 33 the
1096 3216 194 34 character
1306 3214 40 31 of
1359 3210 79 35 that
1457 3210 189 45 Napoleon

306 3288 219 41 Bonaparte
541 3283 144 46 against
705 3282 126 34 whose
850 3286 169 37 progress
1038 3274 61 34 the
1119 3275 135 31 utmost
1284 3269 122 33 efforts
1436 3267 44 34 of
1494 3268 53 33 his
1564 3276 83 25 own

330 3345 117 41 enius,
465 3343 72 34 and
562 3341 86 34 that
665 3340 43 33 of
725 3340 57 33 his
800 3341 172 38 country,
998 3343 64 24 are
1085 3334 38 30 at
1144 3330 70 33 this
1235 3332 157 30 moment
1421 3324 227 35 exerted?—

286 3400 53 19 '"
359 3399 98 38 C'est
470 3393 293 39 orditiairement
782 3394 91 33 dans
888 3393 27 32 k
934 3392 112 33 calme
1065 3390 40 32 de
1398 3392 85 34 says
1501 3380 60 34 the
1585 3391 45 24 au-

307 3458 94 40 thor
429 3458 44 33 of
531 3454 200 37 Memorial
764 3452 47 33 de
831 3451 34 33 la
887 3449 73 35 Vie
985 3446 46 34 de
1062 3441 244 47 Bonaparte,'
1344 3438 243 43 commenting
1605 3436 52 38 od

307 3517 70 34 the
394 3521 144 39 temper
567 3513 44 34 of
644 3511 56 33 his
717 3510 109 39 hero,
899 3516 66 35 guc
989 3515 38 21 se
1054 3503 168 45 foment
1237 3491 5 69 •
1252 3501 48 32 les
1332 3497 157 45 grandes

312 3572 131 46 Laugh
478 3582 40 24 as
550 3580 59 25 we
635 3579 85 34 may
746 3570 41 31 at
821 3563 86 35 such
926 3562 159 43 solitary
1115 3557 227 39 characters,
1371 3562 57 25 we
1452 3552 93 33 shall
1566 3549 84 43 find,

308 3632 169 45 perhaps
493 3634 67 30 too
578 3626 198 43 seriously,
794 3622 97 41 that,
909 3631 39 24 as
966 3618 145 35 Waller
1127 3614 81 34 said
1224 3612 47 35 of
1284 3612 132 35 Oliver
1435 3608 219 43 Cromwell,

557 3699 83 34 The
659 3694 120 38 world
798 3693 94 35 from
912 3690 112 37 India
1041 3693 40 30 to
1098 3686 63 35 the
1178 3685 132 34 frozen
1328 3680 142 44 North,

314 3763 32 35 is
364 3761 136 46 deeply
1067 3761 6 9 .

555 3800 203 39 Cotwern'd
780 3801 34 34 in
835 3797 100 37 what
954 3795 102 35 their
1072 3790 161 37 solitude
1247 3788 125 45 brings
1390 3784 100 35 forth
1505 3784 11 33 !

370 3878 165 38 Himself
552 3875 206 48 poetically
787 3869 132 46 gifted,
946 3869 31 32 it
993 3869 133 32 cannot
1156 3862 97 33 have
1276 3857 158 46 escaped
1465 3856 74 34 Mr.
1561 3855 71 35 Can-

444 3941 84 34 that
559 3939 159 40 Miltom,,
741 3931 228 43 delineating
997 3935 70 26 one
1097 3924 44 34 of
1170 3922 61 35 the
1251 3915 146 39 *noblest
1415 3918 126 43 beings
1567 3915 89 34 with

318 3999 128 35 which
478 3999 57 33 his
553 4005 99 25 muse
681 4003 79 25 was
790 3991 234 37 conversant,
1049 3980 183 35 describes
1261 3986 93 26 even
1385 3976 64 34 the
1481 3974 80 34 SON
1600 3979 56 27 OF

1378 4062 11 12 •

318 4063 98 35 GOD
433 4071 40 32 As
487 4058 136 45 saying
707 4077 6 6 •

513 4119 124 35 When
652 4116 20 35 I
693 4124 78 26 was
787 4116 64 43 yet
861 4122 25 24 a
899 4108 120 43 child,
1044 4117 48 24 no
1110 4101 161 40 childish
1289 4100 92 47 plhy

509 4176 59 38 To
586 4186 57 25 me
661 4181 73 30 Waii
933 4181 9 28 ;
972 4165 54 37 all
1044 4174 60 34 my
1126 4161 97 37 mind
1245 4169 74 27 was
1337 4162 52 32 set

1840 223 151 33 Serious
2006 224 41 32 to
2065 222 104 34 learn
2185 219 71 35 and
2275 219 129 40 know,
2430 215 71 34 and
2522 213 130 33 thence
2667 216 37 26 to
2721 208 48 34 do

1841 278 118 34 What
1976 276 117 45 might
2109 279 46 32 he
2176 275 130 46 public
2319 273 99 46 good
2433 282 9 22 :
2473 266 138 48 myself
2628 266 19 35 I
2661 263 156 45 thought

1844 334 102 34 Born
1959 340 39 27 to
2013 334 83 33 that
2106 334 71 33 end

2890 46 89 53 127

1706 397 78 35 Our
1812 397 171 43 Dashing
2002 396 177 44 Cyprians
2196 402 154 37 express
2378 391 64 34 the
2457 389 162 43 greatest
2648 380 281 41 astonishment,
2952 383 40 30 at

1658 452 135 45 finding
2191 461 69 24 one
2277 448 46 35 of
2352 448 64 34 the
2447 445 155 43 charges
2629 439 189 47 preferred
2849 437 146 45 against

1663 510 89 32 lifts.
1772 509 143 34 Clarke.
1969 509 37 33 It
2037 508 28 33 is
2091 506 189 46 perfectly
2306 500 237 40 understood,
2570 498 89 43 they
2691 507 79 33 say,
2789 495 84 33 that
2902 493 91 34 with

1658 565 102 35 them
1827 565 203 44 protection
2057 565 65 31 has
2143 563 50 32 its
2219 562 98 43 price
2401 556 70 35 and
2498 556 83 32 that
2611 554 131 41 Cupid,
2770 553 37 32 in
2836 549 65 34 the
2917 559 52 24 mo-

1659 621 87 37 dern
1765 631 111 32 sense,
1902 621 31 32 is
1949 627 246 37 synonymous
2219 615 91 37 with
2333 614 125 35 Gold!
2512 611 54 43 If,
2596 611 189 38 however,
2815 607 28 33 it
2862 605 135 35 should

1662 680 44 32 be
1723 677 150 34 decided
1892 686 47 24 on
1958 680 60 30 the
2036 681 195 37 contrary,
2300 670 150 35 relative
2726 664 85 44 they
2832 661 165 47 declare,

1667 733 118 33 would
1805 735 44 32 be
1865 743 46 21 no
1929 732 126 44 longer
2073 729 143 46 objects
2233 728 44 35 of
2298 728 100 34 their
2418 724 200 34 ambition.

1714 790 43 34 If
1768 801 70 34 you
1861 790 126 44 design
2007 795 38 27 to
2066 788 128 44 regains
2209 797 21 22 a
2241 785 132 45 friend
2388 782 70 34 and
2476 778 202 37 conciliate
2696 789 44 22 an
2758 785 141 34 enemy,
2924 784 73 37 you

1667 848 93 34 have
1774 847 84 44 only
1877 850 39 30 to
1932 846 171 45 reproach
2121 846 61 32 the
2202 842 77 34 first
2293 840 71 35 and
2383 840 115 33 insult
2516 837 63 33 the
2593 836 69 33 last
2678 835 7 34 !
2724 834 94 35 Such
2833 837 40 30 at
2895 834 105 40 least,

1665 914 174 34 appears,
1856 907 39 30 to
1910 904 45 32 be
1981 912 69 24 one
2073 900 44 34 of
2141 900 64 34 the
2222 898 222 34 discoveries
2476 895 34 32 in
2544 893 152 34 Modern
2722 891 229 44 Diplomacy.
2956 905 46 7 —

1670 960 154 35 Neither
1841 958 216 34 Alexander
2075 966 41 24 or
2137 954 210 45 Napoleon,
2366 953 30 33 it
2414 950 131 34 should
2572 950 46 32 be
2639 946 209 40 remarked,
2876 953 64 25 can
2960 946 45 31 be

1669 1019 156 44 brought
1850 1026 39 27 to
1906 1016 248 47 comprehend
2187 1016 73 34 this
2572 1006 97 35 All's
2692 1006 97 33 Well
2807 1006 81 32 that
2911 1003 96 35 Ends

2584 1084 26 19 ►

1723 1148 41 34 If
1782 1148 60 34 the
1870 1146 125 34 House
2026 1146 46 45 of
2094 1144 185 34 Commons
2308 1139 131 37 should
2459 1136 206 34 determine
2683 1139 37 30 to
2756 1143 46 33 go
2824 1136 41 30 to
2884 1130 125 35 school

1672 1204 124 44 again,
1822 1205 77 33 Mr.
1926 1204 138 38 Fuller,
2099 1201 27 33 it
2154 1201 28 33 is
2200 1199 92 40 said,
2331 1198 26 32 is
2383 1201 38 28 to
2457 1195 46 32 be
2533 1189 207 47 appointed
2772 1188 65 33 the
2872 1188 138 33 Doctor

1678 1261 118 44 Busby
1812 1260 44 34 of
1866 1270 70 24 our
1968 1259 208 33 Senatorial
2198 1257 188 41 Seminary
2404 1253 7 33 !
2467 1251 61 34 Ile
2550 1250 135 34 wishes
2709 1253 38 27 to
2765 1247 98 32 have
2880 1245 52 34 all
2952 1244 60 33 the

1726 1328 93 35 poor
2073 1315 83 34 well
2243 1309 176 45 whipped

1726 1377 193 45 Although
1956 1378 59 32 Sir
2034 1377 151 33 Arthur
2212 1375 120 41 Paget
2362 1368 158 35 married
2554 1365 105 44 Lady
2693 1362 241 44 Borringdon
2960 1359 38 33 al-

1680 1442 91 27 most
1789 1436 60 33 the
1869 1435 135 34 instant
2033 1433 96 34 Lord
2169 1427 265 45 Borringdon's
2456 1426 164 34 Divorce
2644 1422 73 34 Bill
2744 1417 181 37 obtained
2953 1416 63 34 the

1683 1492 122 45 Royal
1824 1492 145 41 Assent,
1987 1489 92 44 still,
2115 1489 27 32 it
2174 1488 31 33 is
2233 1482 235 43 understood,
2502 1482 44 32 he
2574 1479 71 34 had
2678 1476 124 34 looked
2824 1475 129 33 before
2973 1474 45 33 he

1684 1553 124 44 leaped
1819 1552 14 33 !

1731 1610 103 34 Since
1852 1609 63 34 the
1932 1606 262 45 investigation
2210 1603 44 35 of
2272 1602 65 34 the
2354 1604 92 30 state
2465 1599 48 44 of
2529 1599 58 33 the
2613 1597 124 32 nation
2751 1593 89 34 does
2850 1599 66 28 not
2933 1600 64 37 pre-

1683 1667 105 35 clude
1807 1676 111 34 every
1946 1664 163 46 possible
2137 1661 183 35 attention
2339 1664 39 27 to
2396 1661 61 30 tl.e
2476 1659 93 30 state
2602 1654 47 44 (f
2675 1652 54 32 the
2747 1651 180 38 stomach,
2953 1656 67 26 our

1693 1723 171 34 Political
1885 1723 151 33 Parties
2056 1721 94 32 have
2169 1716 154 44 already
2342 1710 231 38 commenced
2595 1709 96 33 their

1685 1781 207 43 operations
1905 1779 15 33 !
1974 1776 165 43 Nothing
2158 1786 67 22 can
2246 1775 44 32 be
2307 1770 132 34 settled
2461 1768 159 33 without
2652 1765 177 43 speeches,
2849 1762 72 33 and
2948 1762 57 31 eat-

1687 1839 65 40 ing
1772 1839 26 28 is
1825 1834 113 34 found
1964 1839 39 28 to
2023 1834 43 32 be
2086 1831 128 44 highly
2235 1827 203 37 conducive
2456 1831 39 27 to
2515 1822 188 44 speaking.
2756 1815 220 38 Wonderful
2994 1815 31 33 is

1689 1892 61 33 the
1768 1891 216 34 connection
2004 1891 167 32 between
2189 1886 168 45 gluttony
2376 1883 70 34 and
2466 1886 171 35 oratory.

1739 1950 89 34 Mrs.
1848 1948 141 37 Clarke
2006 1946 65 34 has
2089 1945 128 33 shewn
2246 1944 61 32 the
2333 1943 104 32 value
2456 1938 64 33 she
2538 1936 90 34 feels
2648 1933 57 34 for
2721 1932 145 45 royalty
2883 1929 35 34 in
2937 1928 69 34 hav-

1691 2006 61 45 ing
1768 2006 92 40 sold,
1877 2011 41 28 at
1945 2003 63 34 the
2027 2003 77 33 sale
2127 2001 44 34 of
2187 2001 65 33 her
2264 1998 126 34 effects
2408 1997 34 33 in
2461 1993 372 39 Gloucester-Place,
2909 1998 21 22 a
2957 1989 50 32 Mi-

1693 2066 142 33 niature
1850 2062 46 45 of
1907 2062 59 33 the
1982 2062 135 40 Queen,
2135 2062 54 30 set
2205 2056 113 34 round
2340 2054 91 34 with
2448 2050 194 37 diamonds
2657 2049 25 33 !!
2780 2049 51 32 So
2848 2043 105 35 much
2973 2042 58 33 for

1694 2121 81 34 that
1843 2119 159 34 relative
2259 2114 34 33 in
2311 2111 142 43 which,
2473 2120 41 22 as
2535 2108 107 44 Pope
2659 2104 156 45 bitterly
2846 2100 184 35 describes

1695 2179 45 40 it,
1757 2186 66 25 one
1848 2174 64 35 has
1930 2186 47 24 no
1998 2172 226 40 alternative
2246 2171 63 33 but
2327 2173 38 28 to
2385 2169 46 32 he
2448 2164 124 35 either
2593 2176 11 24 :

1883 2229 194 38 Po—'d
2093 2231 50 44 by
2164 2229 66 33 her
2245 2228 85 33 love
2348 2235 43 24 or
2409 2220 148 38 libell'd
2570 2222 48 44 by
2641 2219 59 34 hei
2730 2216 111 37 hate!

1892 2289 106 34 1809.

2859 2272 125 33 Mum.

1701 2290 84 35 Feb.
1806 2290 41 34 16

2082 2391 195 51 LENT
2317 2386 298 51 ASSIZES.

2078 2507 301 38 NORTHERN
2413 2502 240 39 CIRCUIT.

1858 2578 76 35 Mr.
1955 2577 144 38 Justice
2117 2577 198 33 Lawrence
2331 2575 72 34 and
2424 2574 76 33 Mr.
2517 2569 146 35 Justice
2683 2565 48 34 Le
2756 2564 135 35 Blanc.

1702 2633 86 44 City
1804 2631 45 34 of
1866 2624 376 45 York—Saturday,
2276 2623 130 33 March
2443 2621 59 40 11,
2528 2627 41 25 at
2591 2617 64 32 the
2674 2613 195 37 Guildhall
2900 2610 45 35 of
2973 2610 63 35 the

1750 2680 77 34 said
1847 2678 106 43 City.

1708 2721 353 41 Yorkshire—The
2078 2730 98 24 same
2194 2719 89 44 day,
2301 2722 38 28 at
2359 2717 64 33 the
2439 2714 126 37 Castle
2583 2709 43 34 of
2649 2708 128 37 York.

1710 2774 219 37 Lancashire
1933 2767 265 44 —Thursday,
2220 2765 129 34 March
2368 2766 63 38 23,
2443 2770 39 27 at
2497 2763 63 33 the
2578 2759 125 34 Castle
2718 2757 41 33 of
2784 2756 209 34 Lancaster.

2109 2825 257 35 MIDLAND
2399 2820 242 38 CIRCUIT.

1707 2885 80 35 The
1822 2881 118 45 Right
1971 2878 100 35 lion.
2106 2877 97 33 Lord
2232 2874 112 37 Chief
2366 2872 149 33 Justice
2544 2864 209 43 Mansfield,
2769 2864 72 34 and
2861 2863 64 34 the
2944 2863 98 34 lion.

2159 2923 73 33 Mr.
2254 2922 143 34 Justice
2419 2919 162 43 Bayley.

1709 2972 411 50 Northamptonshire-
2120 2972 28 33 1
2148 2972 28 33 M
2186 2969 136 44 ocday,
2346 2966 128 35 March
2498 2966 35 35 6,
2554 2973 35 24 at
2611 2962 294 43 Northampton.

1711 3021 472 41 Rutlandshire--Friday,
2207 3017 125 34 March
2357 3015 58 38 10,
2430 3021 35 26 at
2485 3012 189 34 Oakham.

1716 3073 246 38 Lincolnshire
1980 3069 71 35 and
2066 3069 85 44 City
2181 3066 43 33 of
2251 3060 406 43 Lincoln—Saturday,
2679 3054 130 35 March
2833 3053 59 41 11,
2907 3058 39 30 at
2966 3053 64 33 Lin-

1757 3125 93 33 coln.

1713 3164 345 47 Nottinghamshire
2073 3163 70 34 and
2171 3162 117 33 Town
2319 3158 45 34 of
2392 3150 514 48 Nottingham—Thursday,
2924 3146 130 38 March

1761 3219 56 38 16,
1834 3223 34 26 at
1889 3211 260 45 Nottingham.

1714 3257 462 44 DerhNshire—tonday,
2196 3254 129 34 March
2341 3254 61 37 20,
2417 3256 38 28 at
2472 3250 146 41 Derby.

1715 3309 282 39 Leicestershire
2015 3308 69 32 and
2102 3304 176 43 Lorough
2306 3301 43 33 of
2373 3294 452 46 Leicester—Thursday,
2843 3291 136 37 March
2993 3293 64 41 23,

1757 3366 39 30 at
1812 3361 194 33 Leicester.

1711 3412 86 41 City
1815 3406 43 34 of
1872 3399 422 46 Coventry—Monday,
2317 3396 128 34 March
2465 3394 63 40 27,
2542 3398 40 30 at
2601 3392 203 41 Coventry.

1720 3451 449 40 Warwickshire—Same
2186 3450 87 37 day,
2288 3451 40 27 at
2349 3443 207 34 Warwick.

2167 3519 158 37 HOME
2354 3515 252 37 CIRCUIT.

1715 3591 81 35 The
1815 3586 118 46 Right
1957 3583 100 37 Hon.
2085 3581 97 35 Lord
2215 3575 117 39 Chief
2359 3575 124 35 Baron
2516 3569 223 39 Macdonald
2758 3569 73 35 and
2862 3567 65 37 the
2959 3567 104 37 Hon.

2189 3627 71 33 Mr.
2277 3625 148 34 Justice
2448 3621 139 35 Heath.

1722 3680 282 41 Hertfordshire
2006 3676 262 43 —Thursday,
2287 3672 131 34 March
2437 3673 38 38 9,
2494 3676 35 28 at
2552 3666 197 37 Hertford.

1726 3728 346 44 Essex—Monday,
2089 3724 131 34 March
2243 3722 57 39 13,
2313 3725 43 28 at
2375 3718 252 35 Chelmsford.

1721 3776 364 43 Sussex—Monday,
2108 3771 130 34 March
2251 3770 63 37 20,
2340 3772 39 28 at
2401 3767 202 34 Horsham.

1722 3822 433 50 Surrey—Wednesday,
2176 3820 129 33 March
2322 3816 63 38 22,
2404 3821 39 27 at
2464 3813 201 44 Kingston.

1726 3879 97 37 Kent
1822 3872 235 44 —Monday,
2079 3867 130 35 March
2228 3866 60 40 VI,
2301 3869 41 28 at
2365 3862 223 34 Maidblone.

2130 3924 267 39 NORFOLK
2421 3920 239 39 CIRCUIT.

1724 4000 79 37 The
1817 3996 119 48 Right
1951 3993 104 37 Hon.
2078 3990 163 38 Edward
2270 3986 98 37 Lord
2404 3981 281 46 Ellenhorough
2704 3981 69 37 and
2792 3980 64 37 the
2876 3979 99 38 Ifon.
2996 3979 74 35 Mr.

2246 4036 145 35 Justice
2409 4036 131 32 Gripe.

1730 4085 612 50 Buckinghamshire—Saturday,
2365 4080 130 37 March
2513 4080 40 41 4,
2570 4083 39 31 at
2628 4077 236 47 Aylesbury.

1729 4136 530 43 Bedfordshire--Thursday,
2280 4130 131 39 March
2428 4129 38 40 co,
2483 4134 39 30 at
2541 4124 176 39 Bedford.

3330 102 32 13 LJ_

3398 159 13 26 U

3317 568 66 18 I=

3445 780 4 5 ,

3341 2197 5 13 ~
3358 2206 22 4 .•..
3385 2197 6 13 J
3393 2197 1 13 4

3399 2759 18 28 c;;

3356 3241 8 8 „
3379 3237 4 12 •

3387 3291 13 9 k~

3343 3879 5 7 V

3376 3892 5 5 •
