3484 4417
0 1804 4 27 i

0 2626 18 50 ~'~,

0 2708 18 40 ~I„

256 87 94 48 ITS
1146 85 150 51 TILE
1328 76 392 61 NATIONAL
1757 83 390 53 REGISTER.
2743 85 159 52 FEB.
2946 89 78 51 ID.;

252 170 51 8 ......
656 169 8 4 _
719 167 12 6 ._

643 163 4 31 .
673 190 8 2 _
709 189 6 4 .
839 188 19 5 ..
896 174 97 19 ---._.
994 188 17 6 ..
2443 164 7 4 _
2650 163 6 5 .
2880 168 150 12 -

304 189 45 5 ...
449 185 52 9 -•--
1106 164 2 41 -
1148 164 4 41 •
1250 188 324 7 ........._.......____
1606 188 119 6 ._.......
1791 187 65 6 ......
1889 189 19 4 ..
2006 189 25 4 ..
2078 181 32 12 .._
2176 189 24 4 ..
2606 164 5 41 •
3247 164 54 41 1..,

250 220 259 43 Huntingdon-
520 221 236 33 hire---Sacut
768 221 92 41 tiay,
883 220 126 34 Match
1037 219 58 43 11,
1111 228 38 26 at
1175 221 256 44 flumingdon.
1648 219 7 7 '
1684 220 131 45 family
1838 221 69 37 had
1928 221 168 44 recently
2113 230 104 24 come
2232 224 40 28 to
2295 219 149 34 London
2463 219 97 34 from
2580 219 247 40 Sunderland,
2842 219 70 34 and
2928 221 112 33 taken

250 268 338 43 Cambridgeshire
611 269 229 43 --Tuesday,
876 267 125 34 March
1022 268 58 37 14,
1100 275 38 27 at
1152 267 246 46 Cambridge.
1683 269 61 32 the
1765 268 111 34 house
1896 269 37 32 in
1956 268 80 34 Red
2061 268 244 44 Lion-square
2322 279 11 30 ;
2362 266 83 35 that
2476 267 45 35 he
2551 278 74 24 was
2653 276 25 25 a
2704 278 65 24 son
2790 267 50 44 by
2858 278 24 25 a
2901 266 142 38 former

246 317 435 44 Norfolk—Saturday,
703 317 129 33 March
854 314 61 43 IS,
928 322 38 27 at
986 317 67 33 Tre
1072 317 112 34 ;ford.
1684 313 105 43 wife,
1808 318 67 32 and
1897 315 79 34 that
1998 317 57 32 his
2074 317 120 33 father
2218 315 72 33 had
2311 318 92 31 been
2422 317 158 33 married
2598 314 86 45 only
2706 324 24 25 a
2746 314 73 34 few
2837 317 142 34 months
2999 325 38 25 to

252 365 424 45 badulk---Thursday,
698 365 129 33 Marcy
847 364 63 43 `23,
933 371 37 28 at
993 363 99 47 Bury
1115 367 54 32 St.
1191 361 202 39 Edmunds.
1684 364 54 34 his
1761 370 145 39 present
1928 365 112 38 wife;
2070 365 83 33 that
2180 364 65 33 the
2271 363 102 34 child
2401 363 34 34 in
2456 363 170 46 question
2644 373 77 24 was
2740 361 66 35 her
2822 371 80 33 son,
2919 366 119 34 about
3233 335 5 74 I
3301 335 2 74 -

1681 415 174 43 eighteen
1874 413 144 33 months
2036 411 80 41 old,
2133 413 70 33 and
2225 420 78 25 was
2331 411 253 43 disagreeable
2606 418 38 27 to
2670 410 57 34 his
2754 409 142 45 father,
2922 423 40 24 as
2991 413 45 33 he

676 438 185 38 OXFOR
878 441 30 33 D
938 438 253 39 CIRCUIT.
1683 468 13 26 t
1703 461 119 45 !lough
1831 467 11 27 t
1874 461 27 34 it
1926 461 183 43 occupied
2139 468 63 25 ton
2235 459 109 33 much
2373 437 59 56 of
2440 459 61 33 the
2528 457 176 35 mother's
2738 461 198 40 attention,
2963 462 72 32 and
3234 437 4 69 ,

254 506 85 39 The
357 506 104 34 Hon.
482 506 77 33 Mr.
585 503 125 35 Baron
726 503 183 39 Graham,
927 502 67 35 and
1024 504 65 33 the
1107 503 100 35 Hon.
1232 503 74 35 Mr.
1323 506 129 34 Baron
1476 502 137 37 Wood.
1683 508 190 34 therefore
1894 508 48 35 he
1958 508 72 34 had
2052 508 138 34 wished
2210 508 66 33 her
2295 514 37 26 to
2359 514 149 27 consent
2526 513 40 30 to
2585 507 46 34 its
2652 507 110 45 being
2778 514 79 27 sent
2878 508 76 34 into
2972 508 65 34 the

257 553 457 44 Berkshire—Monday,
736 552 129 33 March
885 552 39 40 6,
938 557 38 26 at
996 552 182 44 Reading.
1683 557 61 33 the
1762 565 171 37 country,
1954 557 67 33 but
2043 568 27 22 w
2083 556 84 34 hich
2187 557 64 32 she
2272 555 138 34 refused
2430 568 11 26 ;
2470 557 81 33 that
2581 556 56 33 his
2663 554 125 34 father
2816 555 136 44 haying
2972 568 63 22 or-

256 599 567 44 Osfordshire---Weduesday,
847 600 129 33 March
994 601 39 37 8,
1064 606 39 27 at
1126 599 168 35 Oxford.
1645 599 4 44 ;

1681 604 128 35 casion
1830 609 35 28 to
1890 613 125 26 return
2034 611 39 27 to
2095 604 243 41 Sunderland,
2370 604 69 34 had
2461 604 261 45 prc!oncerted
2741 602 64 33 the
2830 602 89 45 plan
2941 604 91 33 with

256 648 325 37 Gloucestershire
595 648 71 35 and
685 650 84 44 City
791 647 44 34 of
852 648 481 45 Gloucester--Saturday,
1349 647 133 37 March
1504 647 59 46 11,
1577 653 40 30 at
1685 653 91 40 him,
1795 652 44 33 of
1854 654 131 40 taking
2002 664 115 26 away
2138 653 61 33 the
2212 652 103 34 child
2335 654 48 32 by
2402 653 155 35 stealth,
2576 652 79 33 that
2672 651 64 34 the
2753 656 145 28 mother
2917 651 118 44 might

304 700 240 33 Gloucester.
1683 707 61 26 not
1760 702 96 32 have
1869 712 70 34 any
1961 702 226 43 knowledge
2203 700 44 33 of
2263 702 46 32 its
2324 702 180 39 removal,
2523 710 44 24 or
2584 700 60 33 the
2665 709 148 25 manner
2839 699 48 44 by
2908 699 123 34 which

257 744 602 45 Honmouthshire,--Thursday,
883 742 128 34 March
1035 744 58 41 If,
1111 749 39 28 at
1172 744 237 35 Monmouth.
1685 748 27 33 it
1733 759 77 22 was
1826 749 177 40 effected;
2031 748 81 35 that
2133 759 45 22 on
2198 749 64 33 the
2278 748 103 44 night
2402 749 176 44 previous
2596 755 37 26 to
2654 746 54 33 his
2727 746 125 33 father
2867 746 111 45 going
2993 754 40 32 tq
3242 757 9 44 i

256 793 555 45 Herefordshire--Saturday,
830 793 131 33 March
986 793 56 39 IS,
1054 798 41 27 at
1115 791 204 35 Hereford.
1684 797 242 41 Sunderland,
1957 798 47 32 he
2035 797 72 33 had
2134 796 269 46 accompanied
2430 796 74 34 him
2532 803 39 27 to
2597 807 24 22 a
2652 795 92 35 Mrs.
2763 794 167 43 Austins,
2948 794 85 34 who

254 840 502 47 Shropshire---Thursday,
772 839 131 37 March
921 840 20 39 e
941 840 40 39 3,
1000 844 39 28 at
1058 840 263 44 Shrewsbury.
1685 844 183 44 procured
1887 856 22 22 a
1930 844 92 34 Mrs.
2046 841 162 50 lltignoa
2229 852 38 26 to
2296 843 90 34 take
2414 855 86 24 enre
2518 844 46 33 of
2585 843 65 34 the
2675 841 98 37 child
2790 854 12 28 ;
2829 843 81 33 that
2939 842 93 39 Mrs,
3480 839 4 52 •

256 891 279 40 Staffordshire,
550 891 72 33 and
648 888 66 34 the
733 887 91 46 City
859 888 45 34 of
938 887 474 47 Worceste:—Saturday,
1430 888 31 35 A
1472 880 94 56 pri4
1581 889 37 43 1,
1688 889 190 46 Ougood's
1896 892 158 46 nephew
2076 892 133 45 agreed
2232 893 92 33 with
2357 894 61 32 the
2451 893 146 33 witness
2630 898 37 27 to
2688 898 93 27 meet
2802 891 76 32 him
2898 891 33 33 in
2955 888 80 37 Red
3480 880 1 58 .

300 944 43 30 at
366 935 227 38 Worcester.
1688 940 235 41 Lion-street,
1946 947 38 27 to
2000 941 92 34 take
2109 941 61 33 the
2189 940 103 35 child
2323 940 94 34 from
2439 941 76 33 him
2530 952 11 28 ;
2569 941 79 33 that
2669 939 44 33 he
2734 939 84 32 then
2852 940 182 41 procured

664 996 266 37 WESTERN
958 996 248 38 CIRCUIT.
1684 989 60 33 the
1763 989 132 33 child's
1915 989 161 41 clothes,
2096 989 124 34 which
2241 989 45 32 he
2307 990 90 32 look
2419 997 37 24 to
2474 989 65 33 the
2556 999 98 27 man,
2678 989 83 31 ‘vho
2781 997 74 22 was
2877 989 156 41 waiting

3309 746 34 494 1

444 1046 76 37 Mr.
544 1046 124 35 Baton
687 1046 217 44 Thompson
930 1050 69 30 and
1023 1048 76 33 Mr.
1120 1046 148 33 Justice
1284 1046 204 34 Chambre.
1684 1035 34 34 in
1741 1035 80 35 Red
1844 1037 87 34 Lion
1937 1043 18 35 -
1955 1043 129 35 street,
2104 1037 93 34 with
2216 1048 25 22 a
2261 1036 167 45 hackney
2434 1037 21 39 -
2456 1037 107 39 coach
2563 1037 22 39 ,
2617 1037 98 32 after
2751 1036 123 34 which
2907 1036 45 33 he
2978 1045 58 25 re-
3239 1035 2 56 .

256 1095 523 47 Southampton—Tuesday,
800 1094 129 34 March
948 1095 35 38 7,
1002 1101 39 26 at
1063 1095 63 32 the
1147 1095 129 33 Castle
1289 1093 45 37 of
1362 1094 253 37 Winchester.
1684 1085 126 32 turned
1831 1091 38 27 to
1889 1085 63 33 the
1971 1085 112 33 house
2102 1084 71 34 and
2192 1085 96 33 stole
2306 1096 48 33 up
2373 1085 125 39 stairs,
2523 1085 70 33 and
2624 1081 92 37 took
2744 1083 63 33 the
2836 1083 103 34 child
2965 1083 71 35 and

262 1144 461 43 Wiltshire---Saturday,
743 1131 132 45 Nlarch
902 1143 54 40 11,
972 1150 35 25 at
1030 1144 89 32 New
1140 1144 149 33 Sarum.
1683 1131 67 33 bed
1769 1131 139 35 clothes
1926 1137 69 28 out
2014 1131 45 34 of
2067 1143 24 22 a
2104 1131 81 35 crib
2204 1131 124 34 where
2349 1133 27 33 it
2391 1143 76 22 was
2481 1133 126 45 asleep
2627 1131 35 33 in
2681 1142 22 22 a
2721 1141 105 24 room
2843 1130 193 46 adjoining

259 1191 552 45 I)orsetshire---Wednesday,
829 1191 129 33 March
983 1191 57 39 15,
1061 1196 40 27 at
1126 1191 244 35 Dorchester.
1527 1178 2 58 -
1685 1180 124 33 where
1841 1180 64 34 the
1936 1181 150 33 mother
2120 1191 89 32 was,
2244 1181 72 34 and
2346 1180 190 44 conveyed
2565 1180 27 33 it
2621 1178 158 45 secretly
2813 1183 66 28 out
2906 1179 45 34 of
2972 1179 61 34 the

259 1240 481 38 Devonshire—Monday,
759 1238 130 34 March
907 1240 61 39 20,
987 1245 37 27 at
1048 1239 63 32 the
1131 1239 128 33 Castle
1276 1239 45 33 of
1341 1240 157 33 Exeter.
1684 1228 112 33 house
1815 1233 39 28 to
1876 1228 79 34 Red
1975 1228 67 33 Lio
2046 1239 20 22 n
2068 1235 142 33 .street,
2229 1228 125 34 where
2369 1228 44 33 he
2426 1227 189 34 delivered
2635 1227 28 33 it
2682 1232 38 28 to
2734 1226 60 34 the
2809 1227 156 44 nephew
2995 1235 39 26 to

261 1289 90 44 City
365 1289 73 33 and
462 1289 146 43 County
622 1287 44 33 of
690 1277 308 44 Exeter—Same
1015 1287 91 40 day,
1124 1294 44 26 at
1187 1289 61 32 the
1272 1287 197 34 Guildhall
1483 1286 46 35 of
1551 1286 64 35 the
1684 1276 87 34 take
1791 1276 28 33 it
1839 1277 151 34 to-Mrs•
2014 1276 207 46 Dugond's,
2242 1276 84 34 that
2342 1276 145 45 finally.
2505 1277 64 32 the
2582 1276 100 33 child
2700 1285 76 22 wasi
2792 1281 76 26 sent
2890 1281 39 26 to
2942 1277 92 33 Sun-

308 1337 92 44 City
416 1336 44 33 of
476 1336 155 34 Exeter.
1683 1324 169 39 Berland.
1907 1323 37 37 It
1980 1324 28 35 is
2035 1325 163 44 perhaps
2222 1331 69 27 mot
2328 1325 63 32 the
2424 1324 91 34 least
2533 1323 211 44 distressing
2774 1328 89 39 part
2893 1322 46 35 of
2960 1324 74 33 this

259 1384 436 43 Cornwall—Monday,
711 1382 133 35 March
859 1383 64 35 27.
935 1387 37 30 at
991 1384 242 33 Launceston.
1682 1371 321 46 shockingatory,
2021 1374 86 33 that
2125 1372 92 34 Mrs.
2238 1372 63 33 W.
2323 1372 64 33 has
2404 1372 94 34 been
2520 1371 35 34 in
2574 1381 39 25 so
2631 1370 41 35 ill
2691 1381 26 25 a
2731 1376 97 28 state
2844 1370 46 34 of
2904 1370 126 35 health
3278 1384 15 17 4.

259 1431 543 45 Sumersetshire—Saturday,
819 1431 116 45 April
963 1430 34 43 1,
1011 1439 43 26 at
1078 1431 65 34 the
1165 1431 129 34 Castle
1312 1431 46 33 of
1370 1431 193 35 Taunton.
1683 1419 58 33 for
1757 1431 103 24 some
1889 1421 91 34 time
2001 1426 100 40 past,
2119 1430 39 24 as
2178 1428 37 27 to
2233 1420 97 35 have
2357 1421 91 33 been
2478 1419 167 34 confined
2675 1424 40 28 to
2746 1417 65 34 her
2838 1428 104 25 room
2976 1419 58 34 for

1681 1468 120 33 above
1819 1473 77 30 two
1910 1469 163 40 mouths,
2083 1468 71 34 and
2166 1473 37 30 at
2220 1469 64 33 the
2300 1468 130 45 period
2450 1466 45 37 of
2504 1466 63 35 the
2580 1466 256 35 examination
2857 1476 76 24 was
2950 1476 83 35 per-

478 1511 389 37 CARMARTHEN
896 1511 202 37 SPRING
1128 1512 255 37 CIRCUIT.
1682 1514 115 46 reedy
1817 1517 171 44 ignorant
2013 1517 45 33 of
2070 1517 64 33 the
2160 1517 76 34 fate
2254 1517 47 33 of
2317 1517 65 34 her
2404 1514 126 35 child:
2558 1514 64 37 the
2644 1514 256 45 Magistrates,
2931 1517 104 32 how-

247 1573 158 41 ,Samuel
436 1572 226 46 Heywood,
691 1572 174 45 Serjeant
886 1578 38 28 at
959 1573 105 43 Law,
1087 1572 119 35 Chief
1226 1573 164 46 Justice,
1416 1572 71 37 and
1508 1574 106 35 John
1680 1573 104 31 ever,
1801 1564 165 35 directed
1985 1574 185 24 measures
2199 1564 61 34 for
2291 1565 66 33 her
2374 1564 107 44 being
2502 1561 254 46 immediately
2781 1561 183 35 Informed
2996 1561 45 34 of

716 1620 165 46 Balguy,
906 1622 85 45 Esq.
1003 1620 162 37 Justice.
1683 1612 103 33 what
1804 1612 91 44 they
1915 1612 71 43 laid
2004 1612 235 41 discovered,
2264 1613 38 33 in
2319 1612 125 41 order,
2461 1622 40 24 as
2520 1609 61 37 far
2593 1622 39 25 as
2655 1611 63 46 lay
2738 1609 91 35 with
2846 1610 118 44 them,
2994 1615 39 31 to

254 1678 190 44 Cardigan
458 1678 219 45 --Friday,
699 1678 130 33 March
844 1680 64 32 24.
1684 1659 138 35 relieve
1843 1659 65 35 her
1923 1661 115 34 mind.

252 1726 34 34 II
295 1726 176 34 averford
480 1727 360 44 west—Thursday,
862 1726 128 34 March
1007 1728 67 38 V..
1730 1707 321 38 Want:ft.—At
2069 1717 25 24 a
2118 1706 266 46 public-house
2415 1717 91 25 near
2525 1706 296 46 Northaraptsm,
2848 1717 25 25 a
2904 1719 131 35 person

254 1774 560 45 Carmarthen--Wednesday,
844 1775 111 45 April
976 1776 35 33 5.
1678 1754 118 37 asked
1817 1757 59 33 fur
1891 1767 24 24 a
1931 1756 151 44 lodgine
2104 1767 24 24 a
2147 1755 71 35 few
2238 1756 119 41 nights
2380 1756 115 40 since,
2522 1756 72 35 and
2611 1755 79 35 said
2712 1756 44 34 he
2774 1755 139 35 wished
2937 1756 56 34 for
3012 1768 24 22 a

1680 1813 125 25 secure
1822 1814 120 28 room,
1977 1815 41 24 as
2053 1804 46 35 he
2118 1804 71 34 had
2219 1811 187 40 property
2430 1805 92 38 with
2554 1804 74 34 him
2663 1809 38 28 to
2719 1805 311 46 tacansiderable

621 1845 120 35 ISLE
770 1846 71 34 Or
875 1846 102 35 EI.Y
1011 1846 231 35 ASSIZES.
1622 1845 2 52 .
1680 1857 174 35 amount;
1883 1851 45 35 he
1944 1861 77 27 was
2039 1852 215 37 introduced
2271 1859 40 28 to
2326 1861 71 25 one
2415 1853 48 44 by
2492 1857 63 32 the
2574 1848 188 45 landlord,
2790 1851 73 35 and
2882 1852 152 35 assured
3320 1848 11 41 f

651 1907 161 34 Edward
830 1909 203 44 Christian,
1051 1910 174 44 Esquire.
1681 1898 45 35 of
1755 1899 46 34 its
1817 1900 184 45 security.
2057 1899 38 35 A
2121 1900 204 44 travelling
2355 1910 162 33 woman,
2546 1899 83 34 who
2652 1900 97 45 slept
2772 1902 35 34 in
2824 1910 48 25 au
2890 1898 148 47 adjoin-

257 1955 93 47 rly,
371 1956 187 46 Monday,
576 1957 195 44 February
791 1958 60 34 27.
1682 1948 58 43 ing
1753 1949 227 44 itaartmeui,
1998 1946 79 38 was
2091 1946 169 37 alarmed
2289 1948 35 34 in
2343 1946 64 37 the
2433 1949 124 48 night,
2587 1948 92 35 with
2696 1957 25 24 a
2738 1959 70 35 cry
2828 1946 45 35 of
2885 1948 150 35 distress
3265 1948 11 18 '
3281 1951 7 43 t
3288 1951 8 43 i
3296 1945 7 41 `

1684 1995 120 37 which
1820 1996 98 35 after
1941 2007 26 26 a
1978 1997 106 34 short
2101 1997 89 34 time
2200 1995 175 37 subsided
2391 2008 13 30 ;
2430 1998 84 40 but,
2539 2008 48 24 on
2607 1996 161 46 heating
2785 2008 25 24 a
2824 1997 138 38 bustle,
2973 1993 65 37 she

1680 2044 106 33 made
1801 2050 38 27 to
1851 2044 64 35 the
1931 2043 188 43 window,
2135 2044 150 34 whence
2297 2044 67 34 she
2380 2054 76 25 saw
2485 2046 63 35 the
2574 2044 194 35 Landlord
2767 2044 73 39 sad
2859 2044 178 43 landlady
3294 2053 14 19 s

769 2096 111 39 OLD
902 2096 215 43 BAILEY.
1680 2102 109 33 carry
1799 2104 24 24 a
1835 2104 133 33 corpse
1978 2102 124 25 across
2124 2092 72 35 the
2210 2092 93 44 yard
2313 2092 72 34 and
2404 2094 96 39 bury
2522 2095 28 33 it
2568 2093 35 34 in
2619 2104 26 24 a
2659 2092 190 50 dunghill.
2903 2092 58 35 On
2978 2091 61 35 the

1681 2139 241 56 information
1932 2139 46 35 of
1993 2140 64 35 the
2075 2151 145 25 woman
2241 2141 65 34 the
2323 2143 187 46 supposed
2543 2143 206 34 murderers
2764 2141 98 34 have
2880 2141 91 34 been
2983 2146 58 30 tit-

308 2161 60 37 Fit
381 2172 91 27 AUV
488 2171 53 28 oN
556 2172 91 26 Tim
669 2164 91 35 Rcv
772 2166 59 32 ea
831 2173 25 25 t•
868 2164 319 46 X.—Yesterday,
1209 2165 76 37 Mr.
1307 2164 136 37 Harris
1467 2174 24 24 a
1507 2161 105 46 ship-
3272 2181 28 24 s•

254 2209 146 37 br:,ker
436 2213 34 33 in
504 2213 194 33 extensive
726 2215 118 39 trade,
893 2223 74 24 was
989 2212 94 34 tried,
1108 2225 46 21 on
1188 2224 46 22 an
1269 2213 214 33 indictment
1511 2213 61 33 for
1589 2222 25 24 a
1685 2189 72 32 ken
1779 2187 79 34 into
1877 2199 44 24 cu
1923 2200 17 21 s
1941 2193 39 27 to
1982 2189 24 35 d
2010 2199 21 34 y

1980 2237 110 41 ettle,
2117 2233 45 37 of
2173 2236 63 34 the
2265 2235 131 44 Queen
2396 2235 13 37 '
2409 2246 14 26 s
2445 2235 116 44 liars,
2589 2246 44 24 on
2652 2237 65 35 the
2743 2235 206 46 recruiting
2963 2245 79 27 sera

256 2261 288 38 mistlemeatior,
563 2261 177 43 charging
769 2261 74 33 hint
866 2261 94 34 with
992 2261 253 46 fraudulently
1266 2259 194 44 obtaining
1480 2270 131 35 ,Honey
1517 2233 325 41 Searieant
1843 2246 138 59 tvoney

1678 2294 97 32 vice,
1799 2289 43 30 at
1870 2281 247 50 Shaftsbury,
2141 2295 46 24 on
2206 2285 187 45 Saturday
2422 2285 61 34 the
2528 2285 65 34 9th
2611 2285 70 35 ult.
2712 2296 76 27 was
2807 2285 170 44 walking
3002 2285 39 33 in

255 2309 96 32 front
369 2319 25 22 a
413 2309 71 34 Mr.
506 2309 120 43 Pugh,
654 2311 47 37 by
724 2309 131 39 falsely
878 2309 220 45 pretending
1115 2310 81 33 that
1218 2309 45 33 lie
1277 2309 72 33 had
1368 2309 86 44 paid
1476 2319 131 33 money

1680 2331 63 33 the
1757 2331 98 35 boas
1871 2331 76 37 er's
1967 2333 167 39 osurket,
2158 2334 71 33 and
2249 2331 276 47 unfortunately
2546 2334 54 33 his
2616 2331 79 37 foot
2709 2334 126 35 struck
2856 2331 144 46 against
3017 2342 26 25 a

255 2357 60 32 for
334 2365 158 35 export,
519 2357 70 33 anti
624 2368 143 26 convoy
787 2357 111 39 duty,
927 2356 57 33 for
999 2357 112 43 goods
1141 2365 37 26 to
1194 2357 61 33 the
1276 2362 155 28 amount
1449 2356 44 34 of
1502 2357 70 33 3'24
1583 2357 22 33 ~
1676 2385 120 37 stone,
1824 2382 47 41 by
1894 2380 125 35 watch
2041 2380 46 34 he
2099 2381 64 34 till
2181 2381 74 38 ;in
2275 2381 133 39 failing
2427 2381 54 33 his
2499 2391 21 26 t‘
2551 2394 20 20 e
2601 2392 73 25 was
2691 2381 136 44 caught
2846 2382 135 45 byone
2996 2378 46 37 of

257 2453 107 43 only,
3322 2339 12 78 )

259 2402 76 38 13..
356 2417 22 19 +%
394 2417 66 21 ilea
496 2407 46 31 he
572 2404 71 35 had
664 2406 86 43 paid
787 2417 130 21 money
940 2404 57 33 for
1026 2406 117 43 goods
1166 2412 35 26 to
1222 2405 63 34 the
1303 2413 151 25 amount
1470 2404 45 33 of
1528 2404 76 35 VV.

1581 2453 7 5 .
1676 2428 38 33 th
1719 2439 20 22 e
1765 2428 138 33 crooks
1923 2439 50 24 on
1995 2428 124 33 which
2138 2435 99 38 Luca
2258 2440 76 27 was
2349 2430 194 45 generally
2574 2430 111 43 hung,
2709 2430 72 38 and
2803 2439 77 26 was
2909 2428 132 44 nearly

392 2454 67 32 aid
476 2454 154 41 thereby
646 2453 219 43 defrauding
887 2454 71 33 Mr.
983 2452 117 44 Pugh.
1156 2453 92 35 This
1261 2464 81 25 case
1377 2453 28 33 is
1434 2451 44 34 of
1489 2463 122 24 cons:_
1822 2472 96 43 from
1937 2477 57 37 his
2009 2476 120 41 head;
2157 2477 45 37 he
2223 2477 63 35 has
2306 2478 72 34 lost
2395 2478 61 34 the
2471 2478 97 47 sight
2587 2477 45 35 of
2644 2478 83 35 that
2745 2489 87 34 eye,
2850 2478 67 35 but
2936 2476 30 37 is
2976 2480 67 32 out

256 2499 158 34 derable
454 2502 150 33 interest
647 2507 37 26 to
730 2503 61 31 the
826 2502 214 32 meicautile
1080 2507 87 39 part
1196 2503 45 32 of
1269 2503 64 32 the
1357 2500 249 34 sonnannity.

1676 2523 44 35 of
1734 2523 156 48 danger,
1906 2528 70 33 and
2007 2525 123 43 likely
2156 2530 39 28 to
2213 2526 50 33 do
2284 2525 105 35 well.

262 2546 37 35 It
321 2550 193 43 appeared
543 2549 77 33 that
643 2549 72 34 Mr.
743 2549 100 44 Pugh
868 2549 72 32 had
960 2548 200 45 employed
1176 2549 65 33 the
1256 2548 201 35 defendant
1472 2554 38 27 to
1525 2546 86 46 ship
3304 2546 5 46 ,

1727 2572 50 33 At
1802 2583 27 24 a
1854 2572 137 46 village
2010 2581 90 25 near
2135 2571 248 40 Wttodstock,
2411 2572 61 34 the
2490 2577 70 40 top
2589 2571 43 34 of
2652 2581 26 25 a
2706 2571 126 34 wheat
2849 2571 85 34 rick
2963 2580 79 26 was

260 2598 120 41 goods
397 2596 58 32 for
469 2607 44 25 ex
526 2598 206 43 pi:nation,
752 2604 35 25 to
803 2598 61 32 the
883 2606 146 26 amount
1056 2597 43 38 of
1110 2597 100 34 3141.
1234 2597 77 34 15s.
1328 2596 71 34 and
1419 2596 60 34 the
1495 2598 118 40 pods
1697 2596 5 45 .

1678 2619 106 37 lifted
1804 2631 52 34 up
1874 2621 70 37 and
1975 2619 148 35 carried
2144 2621 51 44 by
2225 2620 64 34 the
2319 2620 100 35 wind
2448 2621 133 44 nearly
2611 2619 84 37 half
2708 2631 25 24 a
2750 2620 91 35 wile
2880 2619 163 35 without

261 2652 105 26 *ere
381 2644 226 33 afterwards
624 2644 123 33 seized
776 2647 50 32 by
856 2656 24 21 a
914 2647 204 39 gentleman
1139 2644 97 33 from
1253 2646 61 33 the
1333 2644 274 39 customhouse,

1680 2668 111 45 being
1806 2669 207 34 scattered.

261 2691 65 34 the
361 2700 141 37 expert
530 2694 72 33 and
635 2702 144 22 convoy
807 2693 123 32 duties
963 2699 60 27 not
1054 2693 137 40 having
1217 2693 90 33 been
1339 2691 90 45 paid
1470 2698 38 26 to
1544 2691 64 34 the

252 2730 182 44 Amount.
491 2741 34 33 It
549 2752 67 22 wri
650 2741 139 43 proved
824 2741 80 33 that
937 2740 61 33 the
1022 2740 200 34 defendant
1248 2741 72 33 had
1348 2739 159 43 charged
1535 2740 76 33 Mr.

2211 2764 79 34 11:1
2302 2764 30 33 It
2340 2764 31 33 It
2381 2764 14 34 I
2407 2764 85 34 ED.

265 2785 107 47 Pugh
402 2789 163 33 thirteen
586 2789 142 44 pounds
755 2789 103 39 eight
883 2789 170 40 shillino
1078 2787 60 34 for
1172 2790 61 32 time
1257 2789 261 34 customhouse
1547 2787 66 33 du-

261 2835 86 41 ties,
380 2836 124 34 which
552 2846 76 25 was
666 2838 61 31 the
772 2836 150 43 regular
961 2839 100 40 price
1089 2837 206 44 according
1332 2841 9 28 t
1359 2846 9 20 m
1414 2835 63 33 the
1504 2836 111 32 value
1731 2824 220 43 Thursday,
1974 2828 41 32 a!
2047 2820 203 39 Heckfield
2276 2823 155 43 church,
2454 2824 136 41 Hants,
2619 2823 63 35 the
2709 2820 117 46 Right
2858 2820 109 39 Hon.
2986 2820 59 35 Sit

257 2883 46 34 of
335 2885 63 33 the
436 2883 117 43 goods
589 2891 39 27 at
672 2885 84 33 tome
796 2894 69 34 per
906 2891 98 27 cent.
1046 2884 72 33 and
1144 2884 43 34 .it
1230 2895 78 24 was
1350 2883 81 34 also
1472 2883 138 44 proved
1685 2872 46 34 A.
1757 2874 132 43 Paget,
1912 2872 50 34 K.
1984 2872 50 34 B.
2053 2878 38 27 to
2112 2872 61 32 the
2197 2871 117 45 Right
2334 2872 103 38 Hon,
2457 2872 103 46 LaAly
2580 2872 171 45 Augusta
2771 2870 119 43 Fane,
2909 2870 137 35 second

260 2931 52 44 by
346 2942 105 22 score
495 2931 187 35 witnesses
731 2931 94 35 from
874 2931 65 33 the
991 2931 289 34 Custom-house
1332 2931 79 33 that
1448 2929 64 35 the
1552 2930 64 34 de-
1685 2921 183 41 daughter
1889 2920 43 34 of
1957 2920 64 37 the
2044 2920 87 33 Earl
2154 2919 43 33 of
2222 2920 292 38 Westmorland,
3317 2926 26 22 •-.

260 2978 155 37 fendaat
449 2980 70 34 had
544 2982 92 44 paid
671 2989 77 25 two
776 2980 143 46 pounds
946 2981 102 44 may,
1068 2982 44 32 he
1142 2979 136 45 having
1296 2978 236 46 represented
1556 2979 63 33 the
1733 2970 58 32 On
1814 2968 163 45 Monday
1997 2968 87 41 last,
2121 2967 61 34 the
2205 2968 94 34 Rev.
2324 2968 67 35 Dr.
2419 2968 226 41 Wernenek,
2672 2973 39 28 to
2739 2967 63 35 the
2823 2966 102 38 Hon.
2948 2966 94 37 Mrs.

259 3030 118 44 good.:
411 3027 161 46 shipped
592 3040 41 22 as
663 3030 220 39 amountiag
912 3035 43 26 to
969 3028 209 43 something
1204 3030 117 32 about
1356 3026 83 35 fifty
1457 3027 157 44 pounds.
1689 3018 39 32 W
1766 3028 59 28 an,
1843 3017 184 43 daughter
2048 3017 35 32 in
2104 3015 72 33 law
2198 3014 44 34 of
2268 3017 64 32 the
2348 3015 77 33 late
2445 3017 97 33 Lord
2563 3017 288 43 Newborough.

260 3078 63 34 On
359 3077 64 33 the
443 3076 105 35 fraud
573 3078 111 47 being
712 3077 169 34 detected
904 3078 65 32 the
1007 3076 204 34 Defendant
1240 3072 206 39 accounted
1481 3074 59 34 for
1559 3076 59 33 his
1737 3066 59 33 Ott
1819 3065 31 32 M
1861 3064 118 44 onday
2001 3064 87 32 last.
2105 3069 38 27 at
2169 3063 255 45 Heyteshatry,
2457 3064 51 33 by
2533 3064 63 34 the
2614 3064 116 45 Right
2751 3063 93 34 Rev.
2863 3061 65 34 the
2949 3059 98 38 Lord

256 3125 162 34 canduct
437 3126 51 44 by
509 3126 176 45 pleading
705 3125 61 34 the
785 3126 113 34 hurry
930 3124 46 33 of
989 3126 175 32 business.
1688 3113 144 44 Bishop
1852 3111 43 34 or
1922 3111 96 35 Bath
2034 3111 73 34 nod
2127 3111 132 43 Wells,
2278 3111 61 34 the
2359 3111 100 35 Hon.
2481 3102 61 45 W.
2563 3112 120 41 Eliot,
2702 3119 38 26 to
2758 3111 89 35 Miss
2867 3109 22 44 A
2889 3109 22 44 .
2911 3109 136 44 Court,

312 3174 135 33 Messrs
471 3174 128 43 Const,
620 3176 117 43 Alley
770 3175 70 33 and
866 3165 156 43 Balboni
1041 3174 92 32 took
1167 3171 209 44 objections
1393 3182 47 24 on
1459 3169 105 46 point
1580 3171 43 34 of
1684 3163 117 32 eldest
1817 3159 182 40 daughter
2014 3159 44 33 of
2086 3159 60 33 Sir
2163 3159 63 34 W.
2252 3159 48 34 P.
2324 3159 52 38 11.
2394 3159 191 46 A'Cuurt,
2608 3159 109 39 Bart.
2730 3159 45 35 of
2796 3158 248 47 ileytesbury

257 3220 78 35 law
369 3222 72 33 and
474 3222 112 41 form,
619 3222 125 34 which
775 3231 100 25 were
900 3221 201 35 overruled
1134 3223 47 43 by
1204 3223 61 32 the
1293 3220 143 44 &itch,
1469 3220 71 34 and
1557 3219 63 34 the
1690 3210 142 41 House,
1853 3208 213 35 Wiltshire.

257 3268 204 37 defeudaut
485 3280 76 24 was
580 3270 208 34 convicted.
2290 3266 158 41 DIED.

720 3353 450 20 ............a......
1735 3350 58 34 On
1814 3348 174 44 Tuesday
2006 3347 91 41 last,
2122 3346 39 35 in
2192 3345 57 37 his
2264 3346 92 38 46th
2386 3359 109 35 year,
2528 3348 100 37 after
2656 3360 47 25 an
2739 3346 128 40 hour's
2903 3348 138 40 illness.

557 3405 305 48 ACCIDENTS
894 3406 113 38 AND
1039 3404 291 39 OITENCES
1688 3398 227 43 universally
1933 3394 201 41 lamented,
2152 3394 76 34 Mr.
2246 3394 167 39 Thomas
2432 3398 159 43 Turner,
2608 3398 172 46 plumber
2792 3398 71 34 and
2882 3397 164 45 glazier,

1688 3445 46 35 of
1744 3445 151 40 Elland,
1923 3454 90 25 mar
2033 3442 178 37 Halifax.
2265 3446 98 33 Soon
2382 3445 100 35 after
2496 3446 45 33 he
2574 3446 71 33 had
2666 3446 138 33 retired
2825 3452 40 27 to
2884 3452 89 34 rest,
2998 3455 48 25 on

299 3480 40 34 M
350 3487 79 27 TST
438 3489 54 26 eat
502 3490 43 26 to
555 3490 47 24 us
628 3481 175 35 Roneett
814 3482 158 32 v.—On
992 3480 67 34 We
1072 3480 152 44 loesday
1239 3476 200 46 se'nnight,
1453 3478 170 33 between
1690 3495 63 34 the
1772 3480 123 58 night
1894 3493 44 34 of
1964 3493 57 33 his
2039 3489 130 45 death,
2198 3491 47 35 he
2272 3493 72 34 had
2362 3506 47 24 an
2426 3494 128 35 attack
2576 3494 44 34 of
2635 3494 60 35 the
2717 3504 129 34 cramp
2867 3494 34 33 in
2922 3504 69 24 one
3007 3493 45 37 of

252 3528 69 35 the
352 3533 113 31 hours
484 3530 46 33 of
554 3541 109 24 seven
689 3531 71 32 and
794 3530 100 39 Moe,
920 3540 47 24 a;;
997 3529 131 39 infant,
1162 3530 117 30 about
1306 3526 41 33 19
1380 3526 145 33 mouths
1543 3526 80 40 old,
1690 3543 56 34 his

1763 3547 90 34 feet,
1881 3543 107 32 when
2008 3541 157 44 seeking
2183 3546 38 30 to
2238 3542 183 35 alleviate
2438 3543 64 34 the
2535 3542 91 45 pain
2643 3544 47 41 by
2709 3544 156 43 placing
2891 3541 56 35 his
2965 3541 83 34 foot

253 3578 67 34 the,
348 3580 106 33 chial
475 3579 46 33 of
531 3591 25 22 a
586 3579 213 44 gentleman
831 3578 34 33 in
894 3578 65 33 the
989 3575 307 44 neighbourhood
1332 3572 46 34 of
1395 3574 80 33 Red
1514 3575 112 32 Lion-
1690 3601 100 34 upon
1807 3591 64 33 the
1909 3588 151 41 hearth,
2087 3587 35 34 in
2159 3587 56 35 his
2233 3589 215 43 bed-room,
2477 3591 64 33 the
2570 3589 145 34 sudden.
2737 3591 243 45 application
3009 3587 44 35 of

252 3635 157 37 square,
426 3639 91 22 -was
542 3625 120 37 stolen
683 3625 96 35 from
797 3638 22 21 a
835 3633 58 26 cot
918 3626 35 32 iii
971 3635 24 22 a
1022 3634 104 22 room
1146 3635 45 21 on
1209 3624 65 33 the
1293 3626 77 30 first
1382 3622 115 38 floor,
1528 3620 93 35 with
1689 3639 85 35 cold
1794 3630 174 44 removed
1988 3639 64 32 tire
2070 3637 211 46 complaint
2297 3643 41 30 to
2356 3650 25 25 a
2399 3639 92 35 vital
2512 3646 104 39 part,
2642 3637 72 37 and
2734 3638 46 34 he
2796 3637 87 34 died
2911 3637 137 35 almost

253 3678 90 34 only
360 3679 119 31 about
498 3674 87 34 foar
615 3676 112 44 yards
763 3674 44 33 of
821 3672 25 35 II
860 3674 96 33 camel
992 3685 45 21 on
1055 3674 48 38 it,
1129 3671 72 34 and
1237 3678 79 27 two
1333 3671 143 32 dresses
1496 3681 26 21 a
1537 3670 85 33 itich
1693 3689 7 6 •

1693 3687 195 44 instantly.

256 3736 104 25 were
393 3728 116 31 wider
541 3726 43 33 it.
638 3725 83 32 The
738 3723 103 35 child
876 3731 79 24 was
983 3729 65 37 put
1085 3723 79 31 into
1191 3720 65 33 the
1277 3726 61 26 cot
1367 3719 118 33 about
1517 3728 107 24 seven

1744 3750 51 33 At
1817 3746 215 44 Honduras,
2060 3746 37 34 in
2130 3748 209 34 December
2367 3748 90 45 last,
2489 3749 152 46 greatly
2660 3746 201 54 regretted,
2880 3746 169 48 Captain

252 3774 176 41 o'clock,
457 3775 35 32 in
528 3776 66 33 the
618 3782 168 25 nursery.
839 3771 84 34 The
957 3780 152 34 nursery
1143 3768 116 40 maid,
1284 3767 72 33 and
1383 3776 100 24 some
1517 3767 111 33 other

1696 3797 143 43 George
1863 3797 194 44 Bromley,
2073 3795 66 35 sth
2167 3793 100 38 West
2290 3797 109 34 India
2412 3798 195 44 regiment.

250 3831 190 33 servants,
480 3833 100 24 were
599 3822 37 33 in
661 3831 47 24 an
736 3819 200 46 adjoining
966 3828 119 24 room.
1141 3816 50 34 At
1226 3817 81 32 nine
1338 3813 152 37 o'clock
1518 3813 110 35 when

1746 3846 51 34 At
1812 3856 99 21 same
1930 3846 124 45 place,
2070 3847 118 32 about
2207 3846 63 33 the
2284 3856 100 24 same
2401 3846 106 43 time,
2529 3846 136 45 Ensign
2682 3844 214 46 Campbell,
2920 3843 45 37 of
2988 3844 67 34 the

254 3874 69 32 the
343 3870 276 37 nursery-11:dd
641 3875 98 28 went
758 3869 78 34 into
855 3868 64 33 the
943 3876 168 33 nursery.
1130 3867 63 31 the
1211 3863 104 34 child
1333 3873 74 24 was
1428 3872 111 37 gone,
1556 3861 72 35 and
3328 3861 2 48 •

1694 3893 65 33 sth
1783 3893 100 33 West
1911 3893 107 34 India
2039 3895 196 37 regiment.
2996 3893 4 39 .

253 3921 193 44 although
482 3921 65 33 ,he
595 3928 79 24 was
706 3919 35 33 in
772 3918 61 32 the
863 3915 196 45 adjoining
1096 3924 122 28 room,
1244 3913 65 34 she
1341 3911 65 34 did
1439 3919 64 26 not
1540 3911 90 33 hear

1703 3948 85 22 sossia
1788 3948 15 22 -
2504 3931 556 40 usommonimilio;mmousimmonommill

253 3978 78 27 au;
346 3979 138 34 per-nn
504 3980 47 31 go
565 3969 51 37 in,
635 3976 44 24 or
696 3958 12 56 a
719 3958 13 56 1
744 3958 25 56 IV
787 3966 58 32 /10i
852 3976 52 21 Se.
963 3963 58 35 Ni
1042 3972 135 35 person
1199 3960 111 34 heard
1328 3960 66 34 the
1406 3963 112 32 street
1532 3958 99 33 door
1657 3958 2 56 ,

259 4028 100 35 open
393 4028 43 25 or
455 4018 113 39 shut;
596 4016 74 34 and
703 4015 64 33 the
790 4025 28 21 w
829 4015 86 32 !tele
945 4012 270 34 circumstance
1244 4007 189 35 remained
1476 4018 22 24 a
1534 4016 97 35 Imps-

1941 3990 163 38 PRICE
2135 3991 66 37 OF
2233 3990 201 39 STOCKS
2463 3989 358 39 YESTERDAY.

257 4075 105 26 stery
383 4067 96 34 until
501 4063 237 44 Wednesday
761 4063 85 39 last,
866 4061 111 34 when
992 4059 61 34 the
1072 4069 65 24 son
1155 4056 44 37 of
1213 4057 63 34 the
1294 4067 83 25 man
1393 4056 93 35 from
1505 4055 126 35 whose
1697 4054 21 34 3
1740 4062 70 37 per
1828 4054 106 34 Cent.
1963 4054 109 35 Cons.
2092 4049 72 53 67/
2218 4052 112 37 India
2362 4054 124 37 Bonds
2520 4055 56 40 11,
2611 4054 44 35 10
2680 4051 151 46 pm.-4
2856 4062 69 37 per
2946 4054 111 33 Cent.
3322 4075 12 11 ~

259 4114 119 35 house
420 4115 65 34 the
526 4113 106 37 child
679 4123 78 22 was
798 4109 193 41 removed,
1036 4108 110 44 being
1189 4106 164 45 brought
1395 4103 131 35 before
1569 4102 64 34 the
1750 4103 113 33 Cons.
1891 4100 209 48 531-.AI--,3.
2128 4113 66 33 per
2211 4100 4 52 -
2241 4106 105 33 Ceot.
2401 4102 174 39 Reduced
2627 4102 202 44 (IB—,Long
2858 4100 200 35 Annuities

261 4165 253 41 .Magistrates
562 4167 41 30 at
647 4159 126 38 Union
802 4157 113 40 Hall,
956 4166 94 38 gave
1081 4157 64 33 the
1175 4153 198 45 following
1404 4157 159 30 accouut
1592 4154 43 30 of
1753 4150 48 41 I=.
1835 4152 8 32 I
1860 4152 172 33 1-15---1:
2033 4144 73 40 miii
2114 4161 58 27 ism
2181 4150 32 46 I
2230 4156 80 48 psi.
2326 4170 34 30 ,-,
2368 4152 122 35 Exch.
2510 4142 96 52 Ws
2621 4149 64 45 do,
2707 4152 41 33 14
2769 4150 292 46 pm.—Lottery
3298 4149 17 27 .:
3334 4163 6 7 •

257 4213 78 34 this
360 4209 301 45 extraordinary
687 4208 113 34 affair
815 4207 135 35 :--lle
989 4204 79 35 said
1106 4204 84 34 that
1217 4202 57 33 his
1307 4200 123 35 father
1470 4199 72 37 and
1570 4199 64 35 the
1749 4199 158 35 Tickets
1926 4196 20 38 X
1946 4196 20 38 2
1967 4196 40 38 -1
2036 4196 236 39 195•-00t.i0
2293 4219 13 13 10
2326 4183 14 52 t
2340 4183 15 52 e
2355 4183 31 52 ar
2405 4201 188 34 Accouniti
2610 4191 84 56 6'l.
3298 4183 2 71 .

3298 4266 4 22 •
3319 4266 13 22 .-.

999 4294 1 31 .
1051 4300 27 4 ._
1139 4300 6 4 .
2002 4294 4 31 •
2530 4294 5 31 -
3302 4294 30 31 ii

269 4344 158 35 Printed
445 4343 73 34 and
544 4341 210 35 Published
776 4341 51 34 by
844 4338 76 33 and
940 4336 61 35 for
1016 4337 43 34 J.
1078 4333 51 35 -B.
1159 4331 139 37 BELL
1313 4331 73 35 and
1406 4332 22 33 3
1441 4356 7 8 .
1463 4333 86 43 )41.:
1572 4329 172 40 CAMP,
1770 4337 46 26 AL
1831 4329 63 32 the
1915 4328 32 33 0
1977 4328 56 33 Ice
2050 4328 46 33 of
2119 4329 53 33 Le
2194 4330 100 32 Beau
2316 4329 135 33 Monde
2516 4328 5 52 ,
2640 4332 6 7 •
2696 4341 7 8 •
2713 4346 7 11 ,
2800 4344 6 12 ,
2852 4328 2 52 -
2939 4328 2 52 ,
3009 4341 18 18 ~
3061 4339 18 14 •

0 1 17 54 7
