3484 4417
411 128 357 113 THE
874 133 881 123 NATIONAL
1861 155 921 109 REGISTER.

3379 135 15 19 11

796 346 989 24 r_,..
1835 346 21 17 /
2187 346 246 30 ........,Pris.

1127 391 131 59 -al;
1271 391 45 63 .4
1316 391 45 63 ..
1361 391 67 63 ing
1428 391 22 63 t
1450 391 296 63 4o4o.llutinii
1785 400 84 47 anp
1896 394 164 50 Lau*.

20 346 69 282 1
947 425 32 9 ....
1012 346 4 282 .
1046 346 5 282 .

801 424 24 27 ::
824 424 24 27 -.
848 424 12 27 1
860 424 12 27 -
872 424 94 27 7.17.!..
1114 442 14 6 .,

1411 488 190 11 ,_....._

870 500 5 4 •
899 500 4 4 •

252 535 110 63 NO.
390 543 90 57 60.
1025 535 4 65 •

960 550 123 61 8U
1107 553 51 56 N
1175 553 175 58 DAY
1421 554 178 57 FEB
1620 550 321 60 RUARY
1990 550 81 64 19,
2118 546 162 57 1809.
2654 537 314 54 •lt

61 630 7 25 ;
1191 537 2 117 .
1354 598 21 26 .1
2665 537 189 58 PRICE
2878 539 34 53 S

302 656 112 20 rig...

592 674 11 2 -

59 661 2 40 .
875 692 12 9 .
1054 680 22 4 •_
1144 683 6 2 v
1315 683 27 4 ..
1501 683 22 2 ...
1525 661 77 24 .
1602 661 2 40 .
1731 661 4 40 .
1906 676 24 6 _.

972 674 5 21 •
2132 674 5 21 •

981 707 360 61 QVISITIOZit.
1651 702 98 46 garb
1769 702 74 38 and
1876 713 182 25 manners
2081 698 46 38 of
2143 699 104 38 their
2267 702 194 33 ancestors
2460 702 22 33 ,
2512 693 103 37 their
2649 690 126 51 minty
2805 692 164 37 notions
3229 659 15 60 S

487 709 1838 59 PoLITICAI.
2324 709 183 59 4
2507 709 737 59 .PIS

703 787 443 33 aumpts=mapiri==
1651 762 45 38 of
1726 763 226 50 patriotism
1970 777 11 28 ;
2013 759 89 46 and,
2132 757 39 39 in
2204 756 200 51 assuming
2435 755 70 38 the
2538 754 106 38 vices
2673 751 76 38 and
2789 755 107 33 dress
2927 748 51 39 of

3226 767 21 176 li

635 841 190 31 SUMLIER.
857 846 319 30 FIrTY•EIGHT.
1651 827 206 43 courtiers,
1887 826 104 39 have
2019 822 170 53 adopted
2220 822 104 38 their
2342 820 102 40 code
2471 817 50 40 of
2549 815 182 53 political
2763 811 208 53 morality.

622 963 113 39 THE
767 963 151 40 DUKE
946 964 69 39 OF
1045 957 172 52 YORK.
1319 957 5 52 .

301 1030 33 44 A
356 1029 254 52 community
626 1042 91 40 may
738 1029 51 40 be
807 1029 86 40 said
911 1035 46 37 to
974 1033 123 50 enjoy
1119 1033 65 38 the
1204 1032 190 41 !Amines
1410 1031 52 43 of
1483 1029 103 45 free-

244 1088 118 48 dom,
383 1091 113 39 when
514 1103 125 39 every
661 1089 184 43 member
862 1093 239 53 composing
1121 1094 31 39 it
1170 1094 31 39 is
1224 1094 171 52 subject,
1417 1095 168 39 without
1651 887 59 38 To
1730 886 145 52 pander
1907 892 44 33 to
1985 885 67 39 the
2072 882 210 41 lieehtious
2311 880 196 53 appetites
2525 878 47 39 of
2590 891 22 22 a
2643 873 154 44 Prince,
2815 873 91 38 .and
2926 878 45 34 to

1648 954 164 33 convert
1828 948 67 39 the
1909 952 128 34 secret
2054 945 50 40 of
2126 945 63 38 his
2220 945 104 38 vices
2363 943 85 38 into
2481 951 20 25 a
2524 946 141 32 means
2682 934 47 40 of
2744 933 227 54 advancing

1651 1011 67 37 the
1739 1009 177 38 fortunes
1935 1007 47 39 of
1993 1020 24 25 a
2031 1005 157 51 family,
2207 1016 70 27 arc
2294 998 285 45 denominated
2593 993 378 46 disinterestedness,

1650 1069 141 40 honest
1806 1068 102 44 zeal,
1923 1071 74 37 and
2023 1067 247 40 attachment
2285 1070 41 34 to
2347 1064 70 38 the
2433 1074 142 39 person
2593 1058 51 40 of
2654 1058 67 38 the
2734 1061 71 33 So.
2815 1055 157 52 ereign.
3230 1009 8 11 ~
3243 1000 6 19 ,

3230 1019 20 38 PI

246 1152 237 40 distinction
513 1150 52 41 of
578 1165 162 40 person,
768 1152 133 47 office,
933 1167 47 26 or
1020 1154 118 45 rank,
1166 1159 45 35 to
1228 1155 72 38 the
1324 1155 185 40 controul
1543 1157 47 41 ef
1649 1131 61 39 To
1730 1130 219 40 dishonour
1984 1128 67 40 the
2087 1124 219 54 profession
2326 1124 47 38 of
2404 1135 25 27 a
2465 1120 162 43 soldier.
2657 1123 41 35 to
2719 1116 159 52 change
2906 1116 67 40 the

246 1214 71 39 the
335 1213 91 40 law.
483 1214 90 39 The
593 1225 156 28 reverse
784 1212 48 41 of
863 1214 69 41 the
969 1215 181 52 position
1169 1221 106 34 mast
1296 1217 51 39 be
1375 1218 210 46 admitted,
1649 1192 118 40 office
1783 1191 46 41 of
1843 1189 257 41 commander
2117 1187 86 39 into
2223 1186 90 40 that
2331 1185 48 40 of
2404 1180 307 54 army-broker,
2738 1185 46 32 to
2804 1175 167 54 employ

244 1289 45 26 as
307 1289 100 27 soon
422 1289 41 27 as
477 1276 155 40 certain
651 1287 165 41 persons
836 1289 69 27 are
922 1277 221 51 permitted
1172 1283 46 35 to
1237 1284 194 47 arrogate
1452 1291 50 26 an
1518 1291 67 27 ex-
1650 1252 69 41 the
1739 1254 176 45 immense
1915 1254 26 45 •
1959 1254 223 48 patronage
2200 1248 46 39 of
2280 1245 67 41 the
2367 1244 174 52 military
2564 1237 308 45 establishturnt
2908 1237 65 40 for

244 1339 187 51 emptiou
463 1338 111 40 from
595 1338 78 40 this
693 1339 188 40 coercive
919 1339 217 40 influence.
1191 1341 38 39 It
1247 1341 178 46 betrays,
1456 1342 131 39 there-

1649 1315 70 40 the
1737 1325 171 43 purpose
1928 1310 50 44 of
1989 1311 180 52 catering
2185 1316 44 33 to
2246 1309 67 39 the
2328 1309 269 48 extravagant
2615 1305 128 37 wants
2760 1298 50 43 of
2820 1311 22 26 a
2859 1310 111 41 pros•

246 1400 109 46 fore,
383 1413 52 27 an
454 1411 137 28 excess
628 1400 48 41 of
698 1407 318 48 extravagance,
1046 1407 46 35 to
1113 1407 123 35 assert
1269 1402 90 39 that
1378 1414 35 26 .a
1444 1401 144 53 people

1651 1382 135 44 titute,
1812 1385 44 34 to
1874 1377 170 43 connive
2075 1388 57 27 at,
2161 1387 99 30 even
2301 1381 41 32 to
2362 1372 132 39 share,
2520 1368 150 52 during
2705 1367 115 37 time
2839 1374 131 41 years,

248 1475 73 27 are
337 1462 102 46 free,
469 1465 118 39 when
606 1463 67 40 the
689 1475 169 41 persons
874 1463 208 41 entrusted
1101 1465 96 40 with
1217 1465 70 40 the
1307 1468 279 48 management
1651 1446 69 39 the
1739 1444 200 40 infamous
1954 1442 126 41 traffic
2102 1440 70 39 she
2187 1437 150 40 carried
2357 1450 69 33 on,
2456 1441 43 34 to
2515 1435 78 39 riot
2614 1433 39 39 in
2673 1431 70 39 the
2761 1427 210 40 ahatuira-
3234 1426 12 33 1

247 1524 52 40 of
327 1524 110 39 their
468 1521 138 43 affairs
646 1535 96 40 may
781 1524 51 41 be
863 1524 150 53 guilty,
1057 1524 96 40 with
1187 1524 217 52 impunity,
1449 1524 47 40 of
1519 1524 69 40 the
1652 1505 63 41 ble
1735 1506 154 53 profits,
1917 1511 45 34 to
1980 1501 142 43 enable
2150 1500 72 39 her
2252 1505 43 33 to
2314 1498 94 44 live,
2435 1499 45 37 to
2499 1493 67 41 the
2585 1491 217 41 detriment
2835 1487 52 39 of
2900 1486 72 41 the

20 1553 1 86 '
241 1590 180 47 grossest
433 1584 333 41 •ma!versations.
816 1583 119 43 Were
953 1596 94 31 men
1067 1583 267 57 instinctively
1354 1583 171 44 inclined
1543 1589 45 39 to
1650 1570 146 43 soldier
1822 1571 51 41 of
1898 1570 163 40 fortune
2095 1566 79 40 and
2207 1564 129 45 merit,
2378 1563 38 39 in
2447 1557 176 56 princely
2665 1553 308 54 magnificence,

246 1651 71 35 act
341 1646 137 53 .right,
509 1646 97 40 laws
641 1648 78 39 and
756 1652 275 47 government
1067 1646 135 40 would
1237 1646 52 41 be
1306 1645 252 54 superfluous
1573 1661 13 32 ;
1652 1630 129 43 whilst
1798 1633 70 39 the
1897 1629 142 41 widow
2057 1625 78 43 and
2165 1626 156 52 orphan
2353 1622 176 40 children
2549 1619 50 40 of
2626 1617 69 41 the
2724 1615 124 41 fallen
2870 1613 100 39 hero

246 1707 78 41 but
344 1721 45 27 as
407 1708 115 41 there
552 1707 32 41 is
601 1721 50 27 an
666 1707 246 41 undeniable
927 1707 197 53 tendency
1148 1713 41 34 to
1207 1708 141 39 render
1378 1707 69 40 the
1465 1707 124 40 inter-
1652 1707 69 26 are
1739 1693 72 40 left
1828 1694 45 39 to
1907 1693 94 53 pine
2020 1691 40 38 in
2078 1687 159 54 neglect
2267 1685 74 39 and
2361 1682 116 40 often
2497 1683 37 37 in
2555 1681 143 52 misery
2718 1694 11 24 t
2760 1676 113 39 these
2902 1684 71 28 are

244 1774 83 35 eats
346 1769 50 40 of
420 1769 142 41 others
580 1768 253 41 subservient
852 1773 44 37 to
914 1782 84 28 oar
1011 1780 92 31 awn
1119 1770 163 46 desires,
1306 1768 67 46 the
1391 1769 196 53 necessity

1639 1755 183 52 frailties
1847 1752 213 52 unworthy
2093 1748 50 40 of
2172 1742 340 46 animadversion,
2541 1740 78 40 and
2639 1736 267 50 undeserving
2924 1730 53 41 of

246 1831 53 40 of
312 1831 181 53 salutary
523 1831 249 40 restrictions
803 1844 81 26 was
909 1843 103 28 soon
1044 1830 260 46 discovered;
1328 1831 84 40 'and
1431 1831 71 39 the
1519 1844 70 26 ex-
1654 1817 155 52 inquiry
1825 1819 11 35 1
3240 1835 6 30 i
3240 1808 11 27 :..

20 1859 1 92 i
246 1893 189 53 perience
452 1891 48 40 of
511 1891 106 41 their
632 1890 167 54 general
821 1891 135 54 utility
972 1892 149 53 taught
1144 1890 196 41 mankind
1358 1892 51 52 by
1428 1891 164 53 degrees
1704 1876 99 39 Woe
1831 1880 45 34 to
1910 1873 71 41 the
2006 1876 172 45 country
2211 1866 132 40 whose
2373 1873 137 31 means
2528 1860 50 41 of
2606 1859 165 43 defence
2799 1867 72 28 are
2898 1864 52 30 en
2956 1874 15 8 -

243 1958 48 35 to
309 1967 139 27 revere
471 1955 109 40 what
594 1955 70 56 the
693 1954 224 40 individual
943 1954 223 41 submitted
1182 1958 45 35 to
1246 1958 45 35 at
1310 1952 86 41 first
1414 1952 97 41 with
1530 1967 60 27 re-
1654 1937 151 41 trusted
1826 1943 43 32 to
1886 1948 51 26 an
1954 1931 213 43 enervated
2189 1928 197 45 libertine,
2407 1931 43 34 to
2471 1938 22 24 a
2512 1922 183 41 senseless
2709 1915 233 45 debauchee
2957 1918 12 35 1

3465 1958 7 8 .

249 2014 207 43 luctance.
1656 2002 41 37 In
1713 2000 184 51 ordinary
1926 1995 130 44 times,
2085 1993 117 38 when
2217 2003 52 26 no
2295 1988 152 51 danger
2467 1995 183 30 menaces
2666 1981 106 39 front
2802 1975 169 43 abroad.

20 2105 43 27 .-e,
300 2078 76 39 We
402 2091 67 27 are
487 2082 77 35 not
580 2076 217 41 insensible
816 2081 45 35 to
892 2075 71 43 the
994 2069 170 48 ridicule
1181 2088 61 27 we
1269 2074 131 46 incur,
1429 2076 41 39 in
1500 2087 89 41 pre-
1654 2060 78 39 and
1752 2059 67 40 the
1846 2056 159 54 people,
2027 2050 263 54 unoppressed
2313 2052 48 51 by
2383 2046 200 45 taxation,
2613 2042 76 39 and
2709 2036 265 43 unharrassed

39 2159 15 15 .
244 2138 187 54 tending,
451 2139 39 40 in
511 2151 80 27 our
606 2152 76 39 age
700 2138 83 40 and
801 2144 193 46 country,
1016 2144 44 33 to
1078 2150 65 33 see
1161 2137 70 40 the
1258 2137 195 52 necessity
1475 2137 48 39 of
1533 2137 58 39 in-
1656 2122 50 53 by
1724 2121 172 51 military
1919 2118 19 45 l
1938 2118 19 45 e
1957 2118 97 45 vies,
2081 2128 64 27 see
2165 2114 39 38 in
2224 2112 100 39 their
2359 2111 266 52 government
2644 2102 91 52 only
2763 2113 50 27 all
2837 2098 141 50 object
3239 2091 11 30 t

20 2177 12 19 ,

243 2200 211 54 culeating
475 2202 137 39 truths
643 2200 131 40 which
795 2212 70 27 are
893 2196 146 44 coeval
1058 2198 97 40 with
1178 2198 81 40 she
1279 2210 94 43 very
1391 2197 201 40 existence

242 2263 54 39 of
330 2262 164 53 regular
522 2267 275 48 government
813 2277 13 30 ;
857 2261 78 40 and
961 2274 63 26 we
1059 2259 135 40 would
1221 2259 131 53 justly
1389 2258 123 41 merit
1543 2259 46 47 it,
1654 2246 189 53 parition,
1871 2258 44 25 so
1942 2243 182 52 .flagrant
2156 2251 26 25 a
2212 2235 193 40 violation
2451 2232 48 37 of
2529 2230 266 47 consistency:,

247 2336 110 28 were
376 2326 117 39 there
511 2328 76 37 not
614 2335 113 30 some
759 2321 93 41 bold
885 2322 77 40 and
981 2321 215 40 shameless
1217 2333 109 33 men,
1354 2311 236 61 pretending
1655 2322 77 38 p
1731 2322 24 38 p

244 2391 64 41 to,
335 2387 80 39 and
435 2385 224 53 assuming,
687 2398 25 26 a
732 2383 246 53 superiority
1000 2396 102 27 over
1121 2383 70 40 the
1209 2385 81 38 rest
1319 2381 47 38 of
1393 2380 106 39 their
1517 2379 72 40 fel-
1654 2186 50 38 of
1715 2185 105 43 their
1838 2183 233 47 veneration
2091 2178 78 41 and
2193 2176 263 44 attachment,
2486 2171 94 39 such
2609 2183 25 25 a
2655 2171 51 37 mo
2706 2171 180 37 nstrous
2906 2173 22 38 a
2928 2173 24 38 p
2952 2173 24 38 -

3239 2122 13 104 1
3433 2122 5 104 .

1655 2322 71 38 pro
1894 2306 143 43 alarm,
2065 2302 168 51 disgust,
2261 2294 69 45 and
2329 2294 24 45 ,
2383 2294 242 48 ul:ivately,
2657 2287 183 41 tlis.iffect
2841 2219 131 40 uou!d

2839 2287 50 34 ito
2910 2303 64 17 .

1656 2372 74 37 But
1749 2369 112 39 when
1881 2367 69 39 the
1969 2372 102 33 state
2100 2365 31 38 is
2161 2359 177 51 weighed
2359 2359 115 35 down
2509 2355 47 50 by
2581 2361 90 30 oxt.:
2670 2361 18 30 ,
2688 2361 92 30 ,i;ve
2796 2346 181 38 11:1;.dviiii

3241 2357 6 22 i

243 2447 84 41 Sow
339 2446 183 46 citizens,
544 2445 90 40 who
647 2444 154 54 plaiuly
817 2439 171 51 evinced
1011 2457 24 26 a
1045 2444 100 52 disp4
1148 2444 137 43 mition
1302 2447 44 34 to
1363 2443 120 52 bring
1504 2443 85 39 into
1652 2435 47 40 of
1724 2447 119 41 every
1865 2431 233 52 description
2098 2431 21 52 ,
2150 2426 28 39 w
2178 2426 85 39 hen
2302 2426 50 35 its
2368 2422 183 38 fortuees
2590 2431 26 52 ar
2616 2431 13 52 e
2629 2431 28 52 ,!
2691 2422 7 28 t
2709 2411 13 47 I
2722 2411 155 47 .,tri‘lil.;
2877 2411 14 47 ,
2891 2411 14 47 :
2939 2421 38 22 'lk

242 2509 210 53 disrepute
472 2509 112 39 these
596 2505 261 43 self-evident
870 2505 187 43 maxims.
1085 2504 115 53 They
1221 2516 70 31 are
1304 2515 89 27 now
1411 2502 148 40 known
1576 2518 12 25 :
1620 2465 2 97 ,
1654 2497 67 38 the
1739 2493 158 46 balance
1897 2493 24 46 ,
1949 2492 112 38 when
2082 2489 92 52 only
2216 2498 51 28 an
2298 2483 219 39 accidental
2538 2479 115 52 parti,
2687 2494 17 18 c
2738 2473 84 53 nliin
2822 2473 17 53 .
2838 2473 34 53 .,
2889 2465 89 44 "'ilk

3241 2440 13 35 1
3456 2440 5 35 ,

30 2587 37 38 -.I
137 2602 15 13 r.
174 2606 19 8 -
246 2568 103 54 they
381 2570 104 43 have
506 2568 81 40 had
605 2568 71 41 the
705 2565 129 53 follY
839 2572 48 33 tcr
918 2568 142 51 betray
1080 2567 105 40 their
1219 2564 247 45 intentions;
1495 2563 93 45 and,
1652 2557 70 40 the
1739 2555 185 54 oppesite
1958 2551 117 44 scale,
2105 2550 116 37 when
2238 2544 194 53 vigorous
2453 2555 89 26 men
2562 2536 122 54 begin
2706 2542 43 33 to
2780 2530 193 52 (!-spoild,

246 2626 169 59 happily
436 2629 67 40 for
522 2627 172 54 society,
725 2626 107 43 their
853 2619 222 59 imbecility
1096 2626 32 39 is
1152 2624 120 53 equhl
1292 2629 44 44 tq
1355 2623 109 40 their
1483 2627 106 35 want
1652 2617 78 40 and
1759 2616 128 43 minds
1915 2614 50 38 of
1978 2626 25 26 a
2021 2611 189 51 religious
2228 2601 84 45 cast
2331 2604 151 39 believe
2503 2607 40 33 to
2563 2613 65 26 atx:
2660 2610 24 25 a
2705 2595 207 39 visitatteu
2936 2589 50 40 of

313 2691 208 56 principle.
580 2692 46 39 In
643 2688 115 41 their
775 2687 214 43 miserable
998 2691 169 48 jargon,
1183 2685 71 50 the
1273 2685 143 39 honest
1426 2682 163 48 citizen,
1655 2681 180 43 Heaven,
1864 2676 40 39 in
1937 2675 69 39 the
2039 2669 196 51 alarming
2255 2675 261 30 occurrences
2546 2660 50 41 of
2610 2670 76 28 our
2713 2656 119 43 time,
2867 2652 116 38 when

247 2756 96 40 who
361 2751 195 54 sincerely
587 2751 77 40 and
684 2747 322 54 disinterestedly
1030 2747 112 40 loves
1170 2747 70 40 the
1259 2750 269 50 government
1545 2744 50 40 of
1655 2740 67 38 the
1741 2738 141 39 ardent
1902 2735 152 53 patriot
2069 2732 76 39 and
2166 2731 69 38 the,
2249 2722 254 56 enlightened
2520 2726 219 35 statesman
2759 2711 139 54 vainly
2919 2711 59 43 afs

244 2816 69 43 bis
332 2820 195 47 country,
565 2813 78 41 and
659 2812 257 50 endeavours
944 2816 47 34 to
1012 2805 142 46 render
1183 2809 31 40 it
1235 2820 51 30 an
1306 2806 137 52 object
1460 2806 50 39 of
1521 2819 69 27 ye-
1655 2803 81 38 feet
1753 2804 44 37 to
1815 2796 163 50 conceal
2000 2794 102 40 their
2118 2789 325 54 apprehensions,
2465 2781 115 40 when
2595 2779 70 40 the
2683 2781 85 33 vast
2791 2783 181 32 resource

244 2878 204 45 aeration,
477 2876 56 53 by
557 2874 248 54 attempting
826 2880 45 33 to
898 2885 169 27 remove
1085 2874 50 38 its
1170 2870 158 51 abuses,
1356 2867 46 41 is
1402 2867 22 41 -
1424 2867 164 41 denomi-
1655 2862 48 39 of
1716 2872 24 28 a
1760 2861 207 44 continent
1998 2868 66 27 are
2088 2849 214 51 combined
2322 2848 64 39 for
2406 2846 50 38 its
2489 2839 267 43 destruction,
2784 2835 115 39 when
2927 2846 52 27 an

3228 2882 4 11 .
3468 2882 5 11 ,

247 2940 124 47 noted
387 2956 25 26 a
430 2940 286 54 conspirator;
748 2939 132 39 whilst
899 2939 94 52 they
1015 2935 106 41 have
1141 2934 67 39 the
1227 2934 219 51 effrontery
1468 2937 44 33 to
1531 2931 60 38 in-
1655 2924 236 44 inveterate,
1929 2916 144 44 active,
2102 2911 224 52 intelligent
2355 2917 158 40 enemy,
2532 2908 44 33 at
2606 2901 72 38 the
2713 2896 102 40 head
2845 2896 45 37 of
2907 2895 76 38 the.

248 3005 162 43 'innate
442 3005 93 39 that
555 3015 59 26 an.
627 3001 230 40 adherence
876 3005 43 34 to
948 2992 119 46 thoSe
1098 3007 98 41 very
1230 2992 215 58 principles
1463 2991 125 40 which
1656 2983 203 51 mightiest
1887 2978 157 53 empire
2059 2986 94 30 ever
2171 2966 188 46 recorded
2379 2968 39 38 in
2438 2965 69 40 the
2520 2959 141 44 annals
2685 2955 50 43 of
2748 2956 69 41 the
2836 2953 142 45 world,

247 3069 145 53 place,
413 3057 81 51 the'
506 3067 137 39 house
661 3063 50 43 of
726 3060 230 43 Brunswick
976 3072 53 26 on
1046 3059 69 39 the
1133 3057 148 40 throne
1299 3054 47 46 of
1362 3057 128 38 Great
1507 3054 84 40 Bri-
1655 3046 76 37 and
1750 3044 207 51 s,vereign
1977 3039 145 37 arbiter
2152 3034 50 40 of
2226 3032 67 39 the
2320 3028 99 41 lives
2437 3024 77 41 and
2532 3021 183 43 fortunes
2735 3017 78 40 and
2833 3017 149 48 talents

3377 3079 4 5 _
3404 3079 6 5 .

248 3130 103 45 fain,
380 3128 161 40 evinces
561 3138 52 28 an
640 3123 184 53 hostility
847 3128 44 33 to
909 3122 91 39 that
1020 3120 39 39 ill
1068 3111 175 54 tastriens
1260 3115 158 44 latnilv.
1448 3115 143 40 Shame
1656 3107 50 39 of
1716 3105 52 40 its
1786 3106 189 38 immense
1997 3096 252 57 population,
2280 3093 67 38 has
2366 3083 207 57 conspired
2596 3083 159 52 against
2783 3078 53 39 its
2855 3077 123 39 cue!.

250 3204 53 25 n:t
325 3188 107 41 their
451 3194 163 45 torpor,
637 3200 58 32 Vil
728 3184 111 41 their
852 3181 273 58 Anti-British
1146 3174 244 47 .sentiments
1404 3181 8 34 1
1470 3176 122 39 Their
1655 3181 113 31 sure,
1798 3180 57 25 we
1876 3176 87 37 may
1985 3162 97 38 then
2112 3156 122 51 safely
2269 3161 247 46 pronounce,
2543 3144 37 40 if
2603 3155 46 27 so
2681 3139 215 52 revolting.
2926 3150 50 26 an
3060 3139 2 99 .
3370 3146 9 21 ~

250 3252 203 52 slew-fang
455 3249 18 41 -
472 3249 53 41 led
549 3249 208 39 doctrines
789 3246 133 53 might
961 3241 255 44 secommend
1247 3241 112 39 them
1378 3243 46 35 to
1444 3236 70 41 the
1532 3239 58 38 fa-
1656 3229 125 39 abuse
1800 3226 48 39 be
1867 3219 215 59 permitted
2112 3223 45 35 to
2171 3216 123 45 exist,
2323 3224 53 28 on
2409 3208 67 43 the
2509 3207 86 39 fate
2628 3201 50 44 of
2700 3200 93 41 that
2811 3198 172 40 devoted
3380 3200 8 26 ..

248 3326 109 28 your
383 3312 51 40 of
461 3312 71 39 the
553 3322 86 27 new
658 3311 176 52 dynasty
873 3306 50 41 of
947 3306 72 39 the
1038 3308 252 48 Bonapattes
1306 3318 11 30 ;
1349 3300 63 40 for
1442 3299 152 41 similar
1657 3288 268 50 community.
1996 3324 32 7 ~

252 3376 176 43 maxims
454 3370 76 44 and
553 3372 200 53 practices
772 3370 105 40 have
900 3366 133 56 paved
1050 3359 107 48 their
1176 3377 84 40 tray
1285 3369 43 35 to
1346 3363 70 39 the
1431 3363 163 39 thrones
1708 3363 63 40 To
1785 3360 103 56 quit,
1918 3357 200 41 however,
2146 3361 26 30 a
2191 3350 154 50 subject
2369 3337 129 47 which
2518 3350 74 33 can
2611 3337 165 39 interest
2794 3331 69 41 the
2883 3331 100 53 pub-

48 3435 4 44 ,
249 3438 52 40 of
317 3436 69 41 the
404 3435 231 43 Bourbons,
1286 3458 6 4 .

1281 3391 5 78 .
1659 3424 50 41 lie
1727 3424 51 39 of
1791 3426 76 35 this
1881 3424 171 45 country
2074 3412 91 44 only
2189 3425 41 26 as
2243 3422 31 27 .a
2293 3412 148 35 matter
2459 3402 24 41 o
2483 3402 25 41 f
2523 3413 27 39 m
2550 3413 83 39 ere
2648 3391 22 58 s
2670 3391 22 58 p
2693 3391 224 58 eculation,

924 3475 4 5 .
1396 3475 2 5 .

306 3500 131 43 These
459 3495 288 45 observations
785 3490 204 54 naturally
1007 3493 161 53 present
1182 3481 248 46 •thenlseivez
1457 3483 39 40 in
1527 3483 67 39 ad-
1659 3500 85 30 as-a
1762 3483 203 41 reference
1983 3484 45 34 to
2057 3475 196 41 disorders
2272 3468 130 41 which
2434 3463 102 41 have
2555 3455 222 46 subverted
2797 3465 53 28 sir
2864 3465 120 39 many

252 3561 167 51 Yelling
435 3565 47 34 to
500 3559 74 40 the
595 3555 158 41 motion
770 3553 52 43 of
835 3550 287 45 Mr..Wardie.
1178 3549 74 41 We
1269 3561 70 28 are
1356 3544 239 53 acquainted
1657 3546 231 53 kingdoms,
1916 3539 79 41 and
2024 3534 190 44 humbled
2236 3534 37 38 in
2295 3531 67 40 the
2380 3526 92 41 dust
2490 3537 35 34 so
2525 3537 18 34 .
2554 3533 122 40 many
2692 3514 201 58 powerful
2911 3513 73 53 dy-
3197 3519 7 7 •
3239 3491 7 52 I
3370 3522 31 13 ....

3446 3570 15 43 ~,

3385 3531 4 20 .
3406 3531 38 20 ~,

228 3583 4 92 .
252 3622 100 40 with
381 3621 70 39 the
469 3618 233 54 patriotism
722 3615 79 41 and
821 3612 370 44 disinterestedness
1208 3609 50 40 of
1272 3611 69 38 the
1359 3605 239 43 individuals
1659 3609 145 40 easties
1830 3618 53 26 on
1902 3602 71 41 the
1991 3598 231 44 Continent,
2254 3595 72 37 but
2352 3587 148 46 which,
2526 3596 59 27 we
2619 3583 123 40 trust,
2769 3589 77 28 can
2864 3586 123 30 never

154 3694 6 4 -
224 3702 7 7 •
253 3684 96 40 who
367 3681 158 41 chewed
547 3693 52 28 an
630 3678 189 41 aversion
840 3681 44 35 to
902 3676 71 40 the
992 3673 304 54 investigation.
1350 3670 76 39 We
1455 3680 143 41 appre-
1661 3671 93 39 visit
1770 3679 60 34 us,
1850 3663 274 48 -or-endanger
2143 3670 78 27 oui•
2235 3654 130 50 safety
2386 3650 78 40 and
2484 3644 89 43 that
2601 3641 51 43 of
2663 3641 71 41 the
2753 3638 231 40 Illustrious

252 3746 111 39 ciate
381 3741 99 56 fully
504 3741 110 43 their
633 3739 206 47 motivesa
869 3736 79 41 and
981 3735 124 43 know
1124 3733 69 40 the
1211 3730 233 44 sentiments
1462 3728 44 40 of
1530 3728 70 40 the
1664 3732 135 41 House
1817 3728 50 41 of
1897 3722 246 46 Brunswick,
2173 3730 58 27 we
2261 3711 81 44 will
2376 3704 172 61 proceed
2581 3710 48 35 to
2665 3702 146 40 advert
2841 3703 46 37 to
2919 3694 70 43 the

254 3807 141 54 public
415 3817 52 28 on
482 3806 71 39 the
573 3802 79 41 line
666 3800 51 45 of
729 3798 178 45 conduct
924 3796 99 56 they
1039 3797 105 40 have
1163 3793 190 56 pursued.
1410 3793 78 39 But
1504 3789 93 53 they
1661 3793 169 53 charges
1841 3788 157 53 against
2019 3785 66 39 the
2105 3776 268 45 Commander
2391 3774 39 39 in
2453 3768 129 44 Chief.
2813 3768 2 93 -

254 3868 115 41 have
394 3860 228 48 calculated
643 3860 142 56 falsely
803 3879 14 30 ;
848 3861 69 41 the
945 3859 132 40 alarm
1109 3857 48 40 of
1186 3854 254 47 Jac4inisrn
1460 3852 32 41 is
1509 3863 89 27 now
1713 3865 73 41 We
1800 3859 292 52 .acknowledge
2111 3868 60 26 we
2190 3865 69 27 are
2276 3859 151 40 among
2460 3844 115 40 those
2595 3839 94 39 who
2707 3835 119 56 glory
2846 3833 41 39 in
2906 3830 81 41 this

255 3944 122 34 over,
407 3928 77 41 and
504 3926 56 43 all
581 3924 105 43 their
710 3926 117 44 cries,
857 3920 231 56 hypocrisy,
1117 3917 76 41 and
1222 3915 270 46 contortions,
1521 3907 79 46 will
1664 3924 296 56 investigation.
1993 3920 85 39 The
2094 3920 215 38 Commons
2327 3911 50 41 of
2391 3911 126 39 Great
2533 3901 157 44 Britain
2706 3900 105 38 have
2829 3907 91 27 now
2936 3905 50 27 an

228 3956 4 89 •
254 3997 77 37 not
358 3991 200 43 convince
578 3989 71 39 the
680 3984 149 57 people
865 3980 47 45 of
935 3983 80 40 this
1046 3986 172 47 country
1248 3980 92 38 that
1359 3978 70 40 the
1448 3980 103 35 state
1570 3976 32 39 is
1664 3986 263 58 opportunity
1946 3981 266 53 oftppearinz
2232 3977 35 39 in
2289 3976 69 39 the
2370 3967 164 44 exalted
2554 3966 213 40 character
2785 3959 50 40 of
2857 3971 25 25 a
2902 3956 84 40 Ro-

256 4054 41 45 in
318 4054 25 41 d
347 4067 79 40 ang
313 4050 120 44 e
435 4058 80 44 r,'
515 4051 174 41 because
722 4061 117 31 some
857 4049 198 51 attempts
1075 4056 70 30 are
1162 4041 119 43 made
1313 4046 45 34 to
1377 4039 155 41 reform
1551 4038 51 40 its
1883 4076 11 11 .
2079 4044 6 7 -
2119 4042 8 9 •
2207 4039 66 41 the
2339 4025 5 81 •
2362 4031 237 43 lversal;ona
2619 4025 47 40 of
2681 4037 22 26 a
2724 4025 172 37 VERRI:s
2911 4028 78 35 ;Or

1667 4067 91 27 man
1778 4052 158 48 Senate,
1956 4055 231 40 examining
2293 4049 65 27 tna
2450 4057 30 13 ..
2515 4057 7 11 .
2583 4049 4 52 .

223 4142 7 9 .
254 4116 163 41 abuses.
1665 4119 39 38 in
1726 4114 67 40 the
1809 4111 105 53 light
1932 4108 47 39 of
1994 4121 24 25 a
2033 4104 152 41 certain
2206 4098 213 51 assembly,
2448 4091 158 40 alluded
2640 4094 44 33 to
2717 4087 52 51 by
2793 4084 67 38 the
2884 4081 106 38 Ulus-

31 4178 13 17 ,
313 4178 105 40 How
452 4175 170 56 opinion
641 4172 132 43 varies
800 4168 52 44 he
875 4169 69 41 the
973 4180 145 31 course
1137 4165 48 40 of
1209 4176 26 27 a
1263 4167 170 48 century
1450 4165 11 35 1
1517 4159 85 41 The
1667 4179 130 39 trious
1815 4175 111 38 Dean
1948 4170 117 38 of-St.
2085 4161 182 45 Patrick.
2319 4159 74 39 We
2414 4168 70 26 arc
2503 4152 60 40 far
2580 4152 107 39 from
2709 4140 281 58 pronontica.7

257 4244 164 51 present
442 4237 240 56 generation
702 4246 110 31 seem
846 4239 45 37 to
909 4232 105 44 have
1042 4235 86 35 cast
1156 4227 51 46 off
1207 4227 18 46 ,
1258 4224 91 41 with
1376 4225 69 40 the
1463 4221 139 54 simple
1683 4237 196 57 udgment
1900 4246 53 30 on
1971 4219 69 54 the
2059 4227 123 44 Duke
2202 4224 45 40 of
2267 4219 130 46 York,
2427 4230 47 30 or
2496 4226 103 30 even
2624 4208 247 50 insa:eating
2903 4202 90 43 thaw
3261 4214 9 9 •

319 4302 93 41 Pal.
433 4300 200 41 11.--Na.
650 4297 100 44 LX.
1661 4296 19 50 i
2023 4335 9 7 ~
