3484 4417
213 128 161 53 FEB.
419 126 79 48 19.

0 2715 56 57 10*

252 275 45 33 G.
319 273 137 38 Davis,
476 268 331 47 Kingsland-road,
826 268 230 40 Middlesex,
1085 266 259 44 cow-keeper,
1367 266 91 33 Feb.
1476 265 61 33 21.

206 321 132 37 March
361 321 33 39 1,
413 320 72 33 and
503 319 61 40 28,
593 322 40 28 at
648 317 144 43 eleven,
808 322 38 28 at
867 315 206 35 Guildhall.
1127 313 201 44 Attorney,
1348 313 72 34 Mr.
1439 313 76 43 Tay-

203 372 78 39 lor,
299 366 338 38 Old-street-road.

257 418 52 33 M.
334 416 185 38 Webster,
547 412 183 39 Witham,
750 412 146 40 Sutton,
930 410 231 39 Yorkshire,
1191 406 162 41 builder,
1372 405 92 35 Feb.
1479 405 64 39 23,

203 464 66 43 24,
296 463 72 40 mid
389 462 131 38 March
539 462 59 40 28,
612 464 43 30 at
669 459 143 39 eleven,
830 463 40 30 at
888 458 63 34 the
973 458 128 32 White
1126 455 96 34 Hart
1239 455 158 41 Tavern,
1413 454 107 41 Kioo-

203 521 184 34 ton-upon
409 509 93 35 Hull
556 507 207 40 Attornies,
784 507 145 34 Messrs.
951 504 201 38 Pricketts,
1174 502 115 40 Hull;
1315 502 70 34 and
1398 503 144 31 Messrs.

208 560 174 34 Watkins
398 557 72 34 and
489 556 89 35 Cow
586 565 96 37 pens,
703 553 287 39 Lincoln's-Inn,
1007 550 161 37 London.

254 608 47 33 T.
341 607 51 33 H.
430 605 136 45 Lloyd,
604 602 172 43 Poultry,
809 601 317 38 slate-merchant,
1157 596 92 34 Feb.
1284 596 64 38 21,
1380 595 61 39 28,
1475 595 67 32 and

207 653 135 38 biarch
364 653 65 43 28,
458 660 41 26 at
519 661 81 31 one,
618 657 40 27 at
676 648 211 34 Guildhall.
940 647 200 43 Attorney,
1165 645 71 33 Mr.
1260 644 165 45 Rippon,
1457 643 67 34 Ber-

204 698 322 47 mondsey-street,
547 697 241 37 Southwark.

252 751 53 33 .T.
345 749 157 44 Payler,
537 744 236 40 Greenwich,
803 743 116 41 Kent,
956 741 203 39 merchant,
1191 739 91 34 Feb.
1307 738 65 40 21,
1391 738 60 39 28,
1476 738 69 33 and

210 797 131 45 March
359 798 61 40 28,
441 802 38 27 at
506 806 84 32 one,
607 798 40 30 at
666 791 209 35 Guildhall.
927 790 200 44 Attorney,
1147 789 76 38 Mr.
1245 784 176 44 Pearson,
1452 785 73 34 Elm-

209 852 125 35 court,
353 842 172 45 Temple,

2852 99 91 47 125

3412 178 5 27 ;

2109 241 240 34 DIVIDES
2365 241 72 33 DS.

3420 604 34 21 T<<.

3387 645 8 15 I
3396 645 18 15 !.

3352 2683 6 6 •

3304 2961 43 22 ~,~:
3356 2961 17 25 ;~

3320 2980 13 15 ;.

3317 3231 63 44 ~-~~'y:

3360 3793 57 87 r

3334 3879 93 38 lift

3283 3951 54 65 ■

3397 758 4 41 .
3416 758 4 41 ,
3438 758 11 41 .
3449 758 11 41 I
3459 758 24 41 .A

4 751 65 502 isrl
252 751 53 33 T.
345 751 157 41 Payler,
537 751 236 33 Greenwich,
803 751 116 33 Kent,
956 751 203 28 merchant,
1192 751 90 22 Feb.
1307 751 65 27 21,
1391 751 60 26 28,
1476 751 69 20 anti
1613 751 24 9 4
1684 751 142 9 11-.11
1826 751 25 9 t
1894 751 39 20 ../.,
1969 751 13 7 c
1982 751 13 7 3
1995 751 91 7 cligiul
2119 751 48 9 1,,
2167 751 50 9 L..
2217 751 17 9 ,
2233 751 17 9 1
2281 751 8 1 •
2281 751 34 1 •••
2350 751 97 9 ~....,
2476 751 40 1 ---
2530 751 53 1 ---
2593 751 12 1 •
2685 751 7 1 -
2942 751 9 1 _

2803 751 13 1 .

210 797 131 37 March
359 798 61 40 28,
441 802 38 27 at
506 806 84 32 one,
607 798 40 30 at
666 791 209 35 Guildhall.
927 790 200 44 Attorney,
1147 789 76 38 Mr.
1245 784 176 44 Pearson,
1452 785 97 34 Elm-
1615 775 202 40 merchant,
1847 782 39 26 at
1906 774 144 35 eleven,
2082 777 39 26 at
2153 764 383 38 Guildhall-March
2559 762 59 35 14,
2642 758 105 34 Jolid
2767 758 184 37 Tennant,
3216 758 2 80 ,

209 852 125 35 court,
353 842 172 46 Temple.
1616 823 292 35 Oxford-street,
1928 820 97 34 wine
2040 817 69 34 and
2139 816 253 43 brandy-men
2408 813 84 31 Kant
2529 814 39 28 at
2587 816 83 30 one,
2696 810 39 27 at
2759 802 193 35 Guildhall
3215 802 5 86 1
3220 802 6 13 '

3386 800 34 37 St,
3428 790 19 34 A
3465 802 7 20 I

3406 826 26 43 1:

3428 836 18 28 ,t
3455 836 8 28 1
3472 836 8 28 .

3459 834 5 5 •

719 895 333 46 DIVIDENDS.
1612 868 163 45 .---April
1795 869 39 39 4,
1858 868 167 33 William
2039 867 167 37 Chester,
2228 857 237 39 Chesterfield
2465 857 20 39 ,
2520 854 112 40 Derby
2633 854 135 40 shire,
2794 859 157 32 mercer,

3380 868 5 33 '
3404 868 4 33 •
3420 868 33 33 fs

1625 925 28 26 !t.
1682 918 139 35 eleven,
1854 921 40 27 at
1931 914 61 33 the
2028 913 136 33 Falcon
2189 913 79 37 Inn,
2298 904 292 39 Chesterfield---
2601 901 109 44 April
2741 900 37 35 8,
2807 899 144 40 George
3380 899 73 30 Tit.'

257 966 133 38 March
415 966 57 35 11.
514 966 44 34 C.
595 963 222 38 Stainbank,
857 960 77 35 Old
971 958 255 39 Bond-street,
1265 956 222 45 printseller,
1512 960 37 26 a:
3409 926 32 18 t,.
3451 926 14 13 s

1626 966 158 43 runner,
1809 965 148 37 Linton,
1980 960 132 39 Kent,'
2126 958 254 45 shopkeeper,
2400 959 35 27 at
2464 959 73 31 ten,
2557 958 35 25 at
2617 944 210 40 Guildhall,
2861 944 96 33 Inn-
3391 940 12 32 ;
3403 940 25 32 it

208 1018 155 37 twelve,
389 1019 41 30 at
459 1012 207 39 Guildhall.
736 1009 130 35 March
888 1009 54 34 11.
971 1006 40 39 J.
1035 1007 40 34 L.
1101 1005 228 40 Hubbersty,
1352 999 182 38 Lincoln's
1615 1011 254 33 don---March
1892 1010 58 38 15,
1982 1005 167 37 Richard
2173 1005 137 39 Make,
2329 1000 111 38 Little
2463 999 221 41 lienipston,
2707 991 249 39 Devonshire,
3223 953 26 73 0
3385 970 79 35 istss

211 1067 87 39 Inn,
317 1062 196 37 barrister,
531 1068 39 27 at
589 1070 83 30 one,
687 1064 40 27 at
741 1057 209 37 Guildhall.
994 1055 131 35 March
1144 1056 37 32 7.
1205 1051 50 34 11.
1278 1051 152 39 Barton,
1449 1050 98 33 Man-
3224 1018 24 87 (1

1616 1064 37 28 Ott
1670 1059 142 37 eleven,
1843 1063 39 27 at
1903 1058 60 32 the
1993 1054 141 34 Golden
2167 1052 87 33 Lion
2293 1051 80 37 Inn,
2409 1048 85 34 Nca
2507 1041 365 38 tun-Abbot---June
2891 1038 64 41 27,
3433 1044 50 52 .ki,

210 1113 162 41 chestor,
390 1110 109 44 dyer,
529 1114 39 28 at
596 1108 98 39 four,
715 1110 39 30 at
772 1104 60 33 the
854 1103 256 45 Bridgewater
1129 1101 110 34 Arms
1263 1100 76 39 Inn,
1363 1097 136 33 Manche
1499 1097 22 33 .
1521 1097 24 33 -
1620 1107 151 34 Charles
1783 1106 71 35 and
1873 1103 178 34 Nicholas
2068 1101 142 40 Husev,
2232 1098 333 40 Newgate-street,
2584 1089 295 44 linen-drapers.

210 1165 73 30 ter.
340 1159 129 33 March
488 1156 64 34 '25.
586 1155 58 33 Hs
660 1153 106 41 Bird,
791 1152 156 38 Bristol,
966 1149 223 37 tea-dealer,
1220 1154 37 27 at
1274 1152 72 34 ten,
1365 1150 38 28 at
1424 1108 683 69 (mild-
2107 1108 1142 61 it
3437 1109 9 35 :.
3459 1111 11 18 4

211 1207 79 34 hall
359 1205 133 35 March
509 1206 35 34 7.
579 1202 60 35 W.
661 1201 164 39 Althain,
842 1200 2609 34 'f
3451 1218 19 18 •i

880 1194 343 47 okenhoupe-yard,
1243 1194 152 34 broker,
1411 1201 39 24 at
1468 1201 84 25 one.
1932 1169 620 45 CERTIFICArLs-m4nci!
2585 1167 54 34 ii.
3450 1142 33 72 ,t

22 1281 6 8 •
215 1260 41 30 at
275 1253 208 35 Guildhall.
539 1251 129 35 March
681 1248 38 35 8.
746 1248 43 35 C.
813 1247 84 34 Dud
902 1246 20 35 fi
930 1246 73 40 eld,
1020 1241 274 44 TCwkesbury,
1320 1240 233 33 Gloucester-
1664 1241 102 35 John
1795 1239 115 39 Birch
1933 1238 72 35 and
2034 1238 141 33 Robert
2200 1233 183 34 Robinson
2383 1233 24 34 ,
2450 1227 215 44 Broughton
2668 1224 22 43 -
2691 1224 46 43 Lo
2737 1224 22 43 d
2759 1224 22 43 g
2781 1224 47 43 e,
2861 1222 94 33 Lan-
3437 1214 2 76 '

211 1303 116 39 shire,
348 1302 59 33 inn
432 1299 146 41 holder,
595 1304 40 28 at
654 1304 73 34 ten,
744 1302 38 28 at
802 1296 63 33 the
883 1294 106 33 Swan
1012 1292 80 39 Inn,
1110 1290 269 41 Tewkesbury.
1426 1286 125 35 March
1618 1291 155 39 cashire,
1791 1281 465 48 cotton-spinners-John
2277 1278 182 37 IVardell,
2476 1273 273 44 King's-Lynn,
2776 1270 181 41 Norfolk,

215 1350 120 37 11..1.
351 1349 236 41 Carrington,
604 1342 308 46 ofjManchcster,
930 1341 87 34 hard
1025 1346 197 31 warenmo,
1233 1342 37 28 at
1281 1342 73 34 ten,
1372 1338 39 30 at
1426 1332 118 33 GLOP.
1617 1333 370 48 grocer---Maitland
2009 1331 195 35 Maitland,
2222 1325 372 45 Thorley-Cotte.ge,
2624 1320 158 44 Ripley,
2803 1320 155 41 Surrey,

51 1365 5 73 .
213 1398 97 40 hall,
325 1396 164 35 Loudon.
543 1395 89 41 May
652 1393 35 40 2,
709 1391 45 34 B.
778 1388 170 41 Preston,
964 1388 44 33 of
1023 1387 188 38 Holborn,
1225 1391 37 25 at
1276 1388 73 35 ten,
1368 1387 40 28 at
1427 1380 129 34 Guild-
1619 1382 314 38 clivinist-John
1981 1380 70 38 Pas
2062 1380 78 39 kes,
2186 1375 272 39 Broad-street,
2504 1369 298 44 Ilorslesdowq,
2845 1365 112 34 wine-

214 1446 91 35 hall.
359 1442 132 38 March
514 1441 57 35 15.
587 1442 47 33 T.
653 1441 177 41 Clayton,
848 1436 43 33 of
908 1434 207 41 Dilworth,
1148 1429 236 43 Lancashire,
1411 1434 141 34 tanner,
1620 1431 197 34 merchant.

211 1501 43 31 At
270 1493 152 41 twelve,
441 1495 41 30 at
496 1489 65 34 the
579 1488 96 35 New
699 1488 78 40 Inn,
802 1483 228 35 Blackburn.
1630 1498 136 9 _______
1785 1500 6 6 ,

1883 1499 21 9 __.

555 1557 419 43 CERTIFICATES,
1005 1557 165 34 MARCH
1188 1553 38 35 7.

3231 1247 4 482 '
3441 1247 43 35 .N•,,

1739 1571 66 34 TO
1826 1567 115 37 OUR
1961 1559 366 41 SUBSCRIBERS
2347 1556 115 37 AND
2480 1556 112 34 THE
2611 1552 216 38 PUBLIC.
3459 1551 24 27 ,i,

266 1633 43 34 L.
343 1630 182 45 Ilaydon,
559 1629 45 34 of
644 1623 313 50 Edgware-road,
989 1620 229 38 Middlesex,
1248 1615 178 46 merchant
1427 1615 22 46 :
1505 1612 46 34 R.
3439 1594 5 80 ,
3463 1594 20 37 .s;

1667 1639 81 34 The
1768 1638 240 44 Proprietors
2021 1633 43 33 of
2079 1638 59 26 the
2160 1629 178 35 Natiunar
2361 1630 163 37 Ressisisr
2535 1625 70 33 had
2626 1625 26 33 it
2667 1625 33 33 in
2720 1636 9 20 i
2743 1624 213 43 ontempla•
3464 1631 9 20 ,
3474 1631 9 20 A

217 1682 196 40 Langston,
432 1678 256 37 Cross-street,
720 1671 198 40 Cheshire,
950 1670 69 33 and
1041 1670 52 32 M.
1115 1667 161 44 Gufney,
1309 1662 247 39 Cheetwood,
3448 1648 35 35 szlt

1620 1689 25 31 ti
1717 1694 37 26 to
1922 1693 102 24 some
2048 1680 185 34 strictures
2252 1687 45 22 on
2327 1675 59 33 the
2407 1684 21 32 p
2434 1683 98 22 resen
2539 1677 9 27 t
2572 1671 227 34 Exhibition
2832 1677 38 26 at
2890 1671 63 33 the

1651 1697 47 25 on
1783 1687 109 32 make
1848 1733 7 7 .
1924 1731 6 6 .
2407 1684 9 32 1

216 1727 239 41 Lancashire,
490 1721 367 37 cotton-merchants.
909 1717 41 34 J.
976 1716 106 40 Ellis,
1115 1713 214 45 Liverpool,
1349 1711 204 33 hat-mono-
1628 1735 104 44 Roya
1736 1735 8 32 l
1766 1734 217 34 Institution
2000 1741 12 27 ;
2039 1729 63 31 butt
2117 1728 60 32 the
2190 1722 221 35 extraordin
2417 1731 21 24 a
2443 1729 38 33 ry
2504 1729 99 34 press
2620 1717 43 34 of
2678 1717 281 38 Parliamenta-

216 1776 178 35 factures.
471 1772 43 37 J.
556 1770 145 41 Currie,
746 1765 298 43 Weston-street,
1087 1760 243 41 Southwark,
1371 1735 2069 59 Common-....;,

1624 1793 40 21 sy
1690 1780 240 41 Proceedings
1946 1775 163 44 compels
2128 1774 97 34 them
2244 1776 38 28 to
2313 1768 106 33 defer
2454 1768 99 33 them,
2585 1766 58 33 till
2663 1766 145 43 Sunday
2844 1769 85 28 next
2944 1776 14 30 ;

219 1825 164 41 brewer.
3230 1772 27 112 il
3410 1783 11 19 ;

3422 1827 21 15 ~.

1428 1838 14 14 s
1628 1841 22 17 's
1665 1828 67 34 hen
1752 1838 98 22 some
1867 1822 255 35 observations
2143 1820 78 33 will
2241 1826 149 35 appear
2407 1826 45 21 on
2473 1814 81 33 that
2572 1814 210 41 interesting
2800 1811 157 44 stilliCCl.

1625 1878 80 33 The
1724 1874 234 37 Gentleman,
1977 1871 86 33 who
2082 1869 151 33 favours
2252 1869 99 31 them
2376 1863 90 32 with
2497 1861 102 33 these
2614 1860 164 33 remarks
2784 1886 11 13 ,
2823 1861 27 31 is
2864 1870 99 22 cum-
3423 1841 18 24 s

454 1956 339 44 SATURDAY'S
819 1951 222 46 LONDON
1072 1946 260 51 GAZETTE,
1626 1919 138 47 pletely
1780 1918 195 37 unbiassed
1991 1911 47 50 by
2060 1916 63 34 the
2137 1912 185 37 sectarialt
2336 1911 106 45 spirit
2461 1909 43 33 of
2528 1910 60 32 the
2661 1918 37 24 re
2717 1909 115 31 artist
2846 1918 11 26 ;
2891 1906 73 33 and
3399 1903 43 38 ssi
3461 1905 11 30 t

3471 1928 2 5 •

1622 1981 43 22 as
1693 1971 44 32 he
1769 1965 65 44 bas
1851 1977 83 24 seen
1951 1964 72 34 and
2047 1962 141 35 studied
2215 1959 109 34 other
2340 1971 25 19 st
2381 1957 14 33 .
2395 1957 86 33 .toils
2500 1958 43 32 of
2559 1957 167 44 paiciing
2747 1955 44 31 are
2813 1955 74 32 ides
2903 1952 64 34 the
3419 1941 18 44 4,
3437 1941 18 44 r;

1440 2007 4 4 •

4 2000 39 90 Om.
796 2035 193 21 -.....m..-r-
1576 2000 5 90 •
1633 2016 169 41 English,
1828 2015 57 34 his
1915 2013 188 33 strictures
2135 2009 78 33 will
2251 2010 43 30 be
2324 2004 301 44 comprehensise
2652 2002 71 34 and
2756 2000 209 45 impartial.
3237 2000 2 90 •
3407 2000 14 30 i
3422 2000 28 30 _s
3467 2000 5 90 •

3377 2023 4 22 '
3423 2034 34 12 .s.

24 2096 18 47 it
502 2101 389 44 BANKRUPTCY
920 2095 378 40 SUPERSEDED.
1637 2065 61 37 He
1719 2065 28 32 is
1765 2060 226 37 determined
2004 2066 39 27 to
2063 2055 116 47 judge
2192 2055 66 34 -fissr
2280 2053 161 39 himself,
2467 2050 203 34 unfettsred
2688 2049 70 33 and
2774 2048 194 33 unbiassed
3348 2061 6 4 .

1625 2114 51 44 by
1710 2112 61 33 the
1788 2111 133 43 degree
1941 2107 45 33 of
1997 2102 210 38 estimation
2226 2101 124 34 which
2370 2101 63 33 the
2460 2099 151 34 Painter
2641 2096 119 34 stands
2781 2095 91 34 with
2906 2094 64 35 the
3252 2091 6 27 i
3385 2080 2 78 •
3403 2080 52 34 sfS,

3402 2106 24 20 s.

270 2166 196 47 Benjamin
488 2164 129 34 Walsh
648 2163 73 40 and
745 2160 171 41 .Thomas
935 2158 163 41 Nisbett,
1127 2154 120 46 Angel
1248 2173 14 19 .
1266 2154 100 40 court
1367 2154 20 40 ,
1411 2148 24 46 T
1435 2148 72 46 hro
1507 2148 25 46 g
1532 2148 25 46 -
1626 2160 135 34 Public
1778 2171 9 28 ;
1815 2157 71 34 and
1906 2153 33 34 if
1956 2153 56 33 his
2027 2152 115 34 remar
2141 2152 46 34 ks
2207 2151 46 33 be
2272 2153 64 31 not
2349 2150 96 43 alwa
2445 2150 24 43 y
2469 2150 25 43 s
2510 2158 59 22 cot
2580 2151 92 35 rect,
2692 2144 66 45 the
2758 2144 22 45 y
2804 2144 78 34 will
2900 2144 61 43 be,
3397 2124 28 21 i,
3438 2121 14 26 s

222 2217 296 39 Morton-street,
533 2212 169 38 brokers.
1625 2212 40 30 at
1682 2207 92 33 least
1789 2203 272 46 dispassionate
2078 2199 70 34 and
2165 2198 122 33 novel.
3252 2170 6 18 I

3234 2187 5 25 '
3252 2187 6 25 !

3252 2223 6 48 1

722 2267 351 38 BANKRUPTS.
2126 2267 4 38 .
2213 2276 159 11 _

3228 2238 159 33 -•

273 2337 104 35 John
413 2334 183 37 Rumford
628 2327 435 46 Ireland,..Burr-street,
1098 2327 92 34 East
1218 2321 224 40 Smithfield,
1460 2319 103 37 coal-
1755 2331 35 38 A
1818 2326 286 43 PORTRAIT
2133 2323 67 39 OF
2229 2323 115 38 THE
2375 2321 148 39 DUKE
2554 2320 65 37 OF
2654 2316 175 46 YORK,
3240 2302 8 31 t
3389 2280 20 27 ,',.
3416 2251 5 122 ,
3422 2251 5 122 .

3431 2294 4 40 ,
3441 2294 13 17 ,

3376 2311 27 24 ~

226 2387 138 37 factor,
396 2392 38 25 to
463 2381 193 38 surrender
686 2379 93 35 Feb.
807 2378 63 41 24,
892 2376 129 33 March
1041 2375 18 40 1
1058 2375 18 40 ,
1093 2374 72 34 and
1191 2372 106 44 April
1320 2372 35 38 1,
1371 2375 39 27 at
1430 2374 73 33 ten,
1522 2355 471 69 at
2700 2355 235 69 ,
3170 2355 235 69 ,

1631 2396 193 47 Engraeed
1851 2396 43 44 by
1928 2395 144 33 Scriven

2093 2392 106 44 ,from
2229 2402 21 22 a

3412 2404 11 43 ~
3423 2404 11 43 s
3433 2404 12 43 i

2122 2394 158 31 ro
2281 2389 172 43 masterly
2481 2388 183 43 Painting
2693 2387 43 41 by
2773 2387 59 33 Sir
2863 2383 96 34 Wit-
3239 2391 14 6 ~
3420 2366 26 19 .1
3455 2366 5 66 .

224 2433 211 34 Guildhall.
493 2432 214 41 Attorney,.
722 2427 73 33 Mr.
816 2424 195 46 Mayhew,
1033 2418 189 48 Sytnond'a
1222 2418 20 48 -
1243 2418 64 48 Inn
1306 2418 21 48 ,
1348 2415 47 44 Ch
1395 2415 24 44 a
1419 2415 47 44 nc
1466 2415 47 44 er
1513 2415 24 44 y
1537 2415 25 44 -

3402 2387 13 12 "'
3444 2383 5 31 .
3235 2383 4 31 .

3402 2413 8 20 ~

226 2481 98 34 Lanes
2151 2440 89 32 liana
2261 2439 177 40 Beechey,
3241 2439 4 77 .
3402 2450 22 24 ~5
3424 2450 11 24 ,
3435 2450 12 24 :
3446 2447 11 26 ,

273 2528 143 44 Joseph
455 2525 129 40 Hand,
621 2518 386 39 Wormwood-street,
1045 2515 168 43 London,
1245 2511 317 37 warehonseman,
1684 2515 116 26 WILL
1828 2512 53 26 BE
1911 2510 156 28 READY
2100 2509 87 24 FOR
2216 2507 26 25 D
2251 2506 21 25 E
2280 2509 22 22 L
2310 2505 145 26 IVERY
2489 2504 56 25 ON
2569 2502 180 26 SUNDAY
2776 2502 132 25 NEXT.
3235 2478 17 27 4.

3234 2506 18 53 ll'
3412 2492 14 31 i
3426 2492 14 31 v
3441 2492 14 31 ,
3455 2492 14 31 .

228 2576 93 34 Feb.
343 2576 63 39 21,
432 2572 133 37 March
583 2571 39 39 4,
648 2571 71 39 and
741 2568 110 46 April
874 2569 35 39 1,
928 2571 39 28 at
983 2565 145 34 eleven,
1140 2571 37 25 at
1191 2564 64 32 the
1270 2559 115 35 Stork
1403 2558 161 35 Tavern,
1675 2567 83 34 The
1773 2565 209 39 Character
2011 2562 44 35 of
2082 2561 70 35 His
2181 2559 128 44 Royal
2347 2558 182 43 highness
2563 2556 80 33 will
2673 2555 45 34 be
2740 2556 149 32 written
2915 2552 52 46 by
3405 2531 5 84 '

3433 2551 9 27 f

228 2623 270 44 Winningham.
557 2619 203 38 Attornies,
797 2616 148 33 Messrs.
976 2611 222 41 Kinderley,
1232 2609 111 41 Long,
1362 2607 73 33 and
1465 2604 100 38 Ince,
1629 2615 206 34 Onesimus.

226 2669 241 45 Gray's-Inn,
493 2668 146 35 Ltindon
656 2680 11 26 ;
687 2666 70 34 and
771 2663 73 35 Mr.
867 2661 190 40 Beswick,
1083 2610 2157 87 Birmingham.
3240 2610 196 87 r

3419 2641 2 5 .

3364 2636 5 20 ,
3444 2636 17 18 R

4 2657 24 115 I/
27 2657 28 115 14
275 2719 143 45 Joseph
441 2719 124 39 Dean,
594 2706 494 52 Birmingham„japanner,
1103 2704 131 35 March
1256 2702 92 43 4,6,
1367 2700 72 35 and
1455 2696 107 47 April
1678 2673 34 33 A
1729 2669 71 35 few
1821 2670 94 34 Ie
1936 2666 244 46 Impressions
2196 2662 45 34 of
2252 2663 83 33 His
2352 2662 208 33 MAJESTY
2577 2659 70 34 and
2659 2659 41 33 of
2714 2657 66 35 the
2797 2657 171 34 PRINCE

1630 2719 44 34 of
1689 2719 159 34 WALES
1865 2727 87 33 may
1971 2714 79 34 still
2069 2714 45 33 be
2130 2713 87 39 had,
2233 2711 103 44 price
2356 2708 207 45 Six-pence
2585 2707 118 33 Each.
3234 2678 2 83 '
3352 2679 41 41 •s
3393 2679 21 41 x

229 2766 35 41 1,
296 2773 40 26 at
369 2766 148 39 eleven,
543 2770 39 28 at
605 2763 64 37 the
694 2760 112 35 Stork
836 2758 162 40 Tavern,
1038 2752 267 41 Birmingham.
1359 2747 206 39 Attornies,
3411 2721 19 19 .,

3239 2757 5 14 .
3383 2757 25 14 ~.
3445 2757 6 12 ,

229 2816 145 34 Messrs.
397 2812 226 45 Kinderley,
659 2810 117 45 Long,
808 2805 74 35 and
904 2805 100 39 lace,
1024 2799 248 46 Gray's-Inn;
1298 2797 71 34 and
1388 2789 74 43 Mr.
1480 2793 89 34 Bes-

1678 2818 79 35 The
1782 2815 293 47 unprecedented
2107 2811 255 47 applications
2391 2806 123 35 which
2541 2806 96 34 have
2660 2806 93 33 been
2779 2805 105 34 made
2911 2804 61 34 for
3253 2793 1 69 ,
3371 2793 79 48 ;4'•P

228 2863 118 40 wick,
372 2858 269 46 Birmingham.
1632 2867 61 34 the
1711 2865 116 35 Index
1844 2870 40 28 to
1902 2864 30 57 th
1931 2864 15 57 .
1946 2864 15 57 o
1988 2857 100 60 First
2088 2857 20 60 .
2108 2857 20 60 V
2128 2857 20 60 .
2148 2857 102 60 olume
2250 2857 20 60 .
2270 2857 43 60 of
2323 2858 60 32 the
2412 2855 175 34 National
2609 2855 90 43 Regi
2701 2858 74 28 ster
2794 2854 92 33 have
2903 2862 70 25 ex-

278 2910 170 33 William
467 2909 76 43 Rig
544 2917 22 32 „
586 2904 163 40 Parker,
769 2901 174 38 Hebden,
961 2897 234 38 'Yorkshire,
1214 2897 122 32 cotton
1351 2865 876 86 twist-spin-
2615 2865 129 86 .
2872 2865 516 86 „:„:
3412 2872 32 19 ~.

1633 2914 149 35 hausted
1809 2913 64 34 the
1893 2910 105 33 First
2020 2910 149 33 Edition
2203 2910 41 40 of
2277 2907 58 32 the
2366 2903 135 39 Index,
2519 2902 73 33 and
2616 2903 58 32 the
2691 2900 287 43 chronological

5 2936 2 64 •
226 2968 81 32 nee,
330 2956 130 35 March
478 2955 105 41 2,3,
601 2953 71 35 and
692 2952 110 46 April
828 2952 32 39 I,
878 2954 39 27 at
935 2949 60 32 the
1015 2946 94 34 New
1139 2943 83 39 Inn,
1241 2942 174 41 Skipton,
1434 2936 136 37 York.-

1570 2936 50 106 ,
1619 2936 50 106 r
1670 2962 76 32 able
1780 2960 46 45 of
1837 2961 58 32 the
1918 2961 94 31 most
2050 2955 240 34 Remarkable
2310 2953 235 33 Occurrences
2571 2949 47 44 of
2640 2949 57 32 the
2738 2952 85 39 past
2863 2947 109 34 Year.
3381 2933 53 45 .'s,';.,

4 2982 6 96 I
226 3007 112 35 shire.
394 3002 209 40 Attornies,
651 3001 71 33 Mr.
754 3000 69 33 Sco
826 2998 33 33 ffi
862 2995 77 40 eld,
983 2994 180 44 Skipton,
1205 2987 220 37 Yorkshire
1439 2999 11 28 ;
1496 2982 72 35 and

1643 3012 27 31 I.
1688 3007 137 35 Second
1843 3006 156 34 Edition
2017 3005 28 32 is
2063 3014 80 22 now
2165 3001 113 43 ready
2306 3000 59 33 for
2380 2998 185 44 delivery,
2584 2995 70 34 and
2676 3006 86 34 may
2783 2995 46 33 be
2846 2994 72 34 had
2935 2993 45 34 of
3381 2981 33 31 •,,S

228 3054 146 35 Messrs.
391 3052 126 34 Swale
534 3050 70 34 and
622 3047 146 41 lleelis,
788 3046 116 33 Great
922 3041 313 38 Ormond-street,
1251 3034 162 35 London.
3380 3008 22 13 ,-•
3425 3007 6 83 I
3437 3007 5 83 4

4 3027 4 78 ,
1632 3058 52 34 all
1698 3057 61 33 the
1774 3054 216 40 Newsmen,
2010 3048 103 48 pfice
2128 3048 113 46 Eight
2265 3047 135 34 Pence.
3396 3027 32 41 A
3432 3041 14 22 r

4 3053 6 96 i,
279 3100 172 34 William
483 3099 146 43 Darby,
657 3096 170 39 Hexton,
855 3087 300 40 Hertfordshire,
1183 3083 170 39 butcher,
1389 3080 89 34 Feb.
1508 3079 60 39 21,
3240 3053 8 20 .:
3381 3069 13 26 s
3431 3053 5 96 •

229 3149 133 35 March
402 3149 35 38 1,
467 3145 73 35 and
559 3144 112 46 April
694 3144 34 41 1,
754 3145 107 31 ►at
862 3141 156 39 eleven,
1019 3142 65 30 at
1085 3132 174 43 Guildhall,
1281 3129 165 35 London.
1499 3126 71 34 At-
2207 3116 176 22 -..8.--
3383 3109 19 30 s

4 3164 31 250 Ili
34 3164 12 250 '
226 3203 151 38 toeney,
403 3196 74 33 Mr.
494 3190 221 41 Townsend,
733 3185 263 48 Staple's-Inn,
1028 3183 167 37 London.

275 3244 118 34 Josue
411 3243 46 33 de
480 3241 141 40 Prado,
643 3240 250 35 Lime-street,
924 3233 163 39 London,
1119 3229 87 33 lead
1235 3224 207 39 merchant,
1473 3222 93 33 Feb.

227 3294 65 40 21,
309 3299 39 27 at
365 3292 146 38 eleven,
533 3288 130 33 March
681 3288 39 39 4,
750 3285 69 35 and
840 3281 113 47 April
976 3282 32 39 1,
1022 3286 41 28 at
1081 3283 77 34 ten,
1181 3281 41 28 at
1243 3272 207 37 Guildhall.
1501 3268 72 35 At-

227 3340 155 41 tornies,
398 3340 148 32 Messrs.
567 3334 142 35 Pearce
722 3334 71 33 and
811 3333 90 40 Son,
922 3325 307 37 Swithin's-lane.

278 3386 103 35 John
409 3384 156 41 Morris,
592 3380 242 38 Greenwich,
865 3377 145 35 builder
1042 3373 70 34 and
1147 3373 211 41 carpenter,
1390 3366 94 40 Feb.
1511 3364 64 41 2:4,
1643 3285 14 18 ,
1683 3189 80 34 The
1783 3187 136 35 Public
1943 3185 37 34 in
2007 3183 148 46 general
2192 3181 78 34 will
2290 3177 72 39 find
2381 3177 30 33 it
2428 3177 98 33 their
2545 3175 210 46 particular
2778 3175 149 35 interest
2943 3177 40 31 to

1633 3236 187 34 advertise
1856 3236 35 32 in
1928 3234 64 34 the
2020 3230 168 45 Popular
2223 3227 165 41 Evening
2421 3224 239 44 Newspaper
2688 3222 157 34 entitled
2880 3223 99 33 Tae

1642 3292 275 32 aNQUISITOR,
1936 3280 123 34 which
2075 3279 28 33 is
2121 3275 196 46 published
2336 3282 111 32 every
2469 3272 229 40 TuESDAY,
2712 3270 66 33 To
2789 3280 20 24 u
2820 3279 104 24 RSDA
2936 3279 47 30 Y,

1636 3334 70 32 and
1733 3333 240 32 SATURDAY
2010 3326 240 39 Afternoons,
2290 3321 71 34 and
2389 3319 213 34 forwarded
2640 3319 48 43 by
2719 3319 64 33 the
2820 3317 90 34 Post
2946 3314 47 37 of

1641 3380 102 33 those
1759 3378 90 38 days
1867 3374 229 44 throughout
2125 3380 111 26 every
2269 3371 148 40 County
2438 3367 34 32 in
2489 3366 64 33 the
2572 3365 137 34 United
2735 3364 252 43 Kingdom.-
3237 3138 2 280 .

3385 3178 9 8 ..

3214 3184 51 45 '4,1
3360 3184 4 45 ,
3390 3184 4 45 '

3177 3224 2 34 .
3231 3224 33 34 ~,.
3335 3234 7 8 ,
3394 3224 2 34 .

3227 3243 12 28 •
3239 3243 13 28 4
3252 3243 13 28 t

3239 3314 19 52 ii
3257 3314 9 52 s

3386 3276 12 20 s
3433 3276 2 20 .

3398 3299 13 54 •'
3411 3299 7 54 s

3450 3301 6 18 '

230 3437 133 34 March
381 3437 39 39 4,
438 3432 72 35 and
531 3430 106 46 April
661 3429 34 43 1,
712 3433 39 31 at
769 3426 154 40 twelve,
939 3429 38 30 at
992 3418 214 41 Guildhall,
1225 3416 161 35 London.
1443 3413 126 34 Attor-
1639 3428 79 34 The
1739 3425 115 34 Office
1870 3423 60 35 for
1948 3424 100 33 THE
2073 3420 265 39 INQUISITOR
2357 3416 31 33 is
2404 3419 38 30 at
2461 3415 77 34 No.
2559 3413 59 45 11,
2635 3412 351 45 Catherine-street,
3244 3422 22 26 s•
3396 3409 25 14 '.•

3397 3425 5 19 •
3416 3428 9 14 t
3443 3431 6 13 ,

229 3483 93 41 Dies,
343 3484 149 32 Messrs.
510 3478 58 35 W.
588 3472 135 43 andsr.
741 3477 145 39 Aliens,
907 3468 302 40 Clifford's-Inn;
1226 3464 67 35 and
1315 3464 71 33 Mr.
1414 3462 161 37 Parker,
1642 3472 145 37 Strand.
3407 3446 15 13 •,,

3407 3458 13 25 8
3420 3458 13 25 ,

231 3530 243 40 Greenwich.
3244 3467 13 58 I

3400 3495 33 39 :''t-

287 3578 197 46 Benjamin
506 3574 150 39 Fisher,
684 3572 169 44 Dudley,
883 3562 333 40 Worcestershire,
1243 3560 93 34 wine
1365 3556 69 35 and
1468 3555 107 45 spirit

231 3627 208 38 merchant,
459 3622 129 37 March
606 3621 96 43 3,4,
715 3619 70 46 and
802 3618 117 45 April
941 3617 33 40 1,
992 3619 38 30 at
1042 3612 154 39 twelve,
1209 3614 39 28 at
1265 3608 61 34 the
1342 3606 237 41 Shakespear
1694 3587 168 41 Letters,
1909 3579 188 43 received
2128 3591 53 26 on
2217 3575 148 51 Friday
2409 3573 107 40 from
2567 3573 203 46 Jamaica,
2815 3570 176 41 confirm
3253 3572 9 6 „
3394 3556 22 17 '.
3441 3559 12 17 f

3407 3579 12 22 f

1641 3638 70 40 the
1741 3634 255 52 intelligence
2033 3631 48 40 of
2112 3644 50 26 an
2176 3683 7 8 .
2202 3630 12 38 i
2217 3634 165 33 nsurrec
2386 3627 28 38 ti
2419 3640 52 26 on
2510 3627 37 38 in
2572 3626 177 45 Mexico,
2781 3625 39 39 in
2841 3635 145 28 conic-

231 3674 165 40 Tavern,
412 3672 274 44 Birmingham.
733 3665 208 38 Attornies,
958 3664 146 33 Messrs.
1127 3656 224 44 Kinderley,
1374 3653 115 43 Long,
1507 3651 69 33 and
3248 3634 4 81 •

235 3720 90 38 Ince
348 3718 152 48 •Gray's
522 3719 79 40 Inn,
618 3716 149 37 London
782 3726 11 31 ;
831 3712 72 37 and
927 3712 142 33 Messrs.
1085 3705 124 41 Smith
1228 3703 66 35 and
1312 3699 159 41 Arnold,
1494 3699 84 33 Bir-
1639 3703 154 41 quence
1805 3686 51 40 of
1880 3686 129 39 which
2041 3685 70 38 the
2137 3686 175 47 Viceroy
2334 3683 249 37 ITURIGITIttY
2606 3692 78 25 was
2699 3677 175 52 deposed
2906 3676 79 41 and
3433 3676 40 30 ...

231 3749 206 66 iningliam:
1643 3739 260 58 imprisoned,
1924 3738 79 39 and
2021 3738 259 38 FERDINAND
2296 3735 89 38 VII.
2404 3731 263 53 proclaimed.
2708 3732 89 37 The
2811 3742 119 28 cause
2944 3728 52 43 of
3471 3731 12 28 I

286 3817 172 35 William
489 3814 187 41 Horsfall,
712 3803 360 52 Hampstead-road,
1106 3800 228 41 Middlesex,
1364 3794 224 38 victualler,.
1643 3797 77 39 this
1740 3795 142 52 rigour
1900 3790 177 40 towards
2095 3790 69 39 the
2186 3788 172 51 Viceroy
2389 3785 33 38 is
2440 3790 46 33 to
2519 3784 51 39 he
2589 3783 227 40 attributed
2848 3788 45 33 to
2919 3782 73 40 the
3446 3777 9 15 4.
3467 3778 14 12 -P

233 3863 96 38 Feb.
344 3866 64 40 28,
430 3862 187 39 March?,
635 3861 72 35 and
725 3859 106 46 April
855 3856 35 41 1,
908 3860 40 30 at
965 3860 76 34 ten,
1054 3856 39 31 at
1115 3847 208 39 Guildhall.
1377 3846 202 41 Attorney,
1642 3849 206 50 shuffling,
1876 3842 296 54 equivocating
2202 3839 180 41 conduct
2400 3837 50 38 he
2481 3836 196 40 observed
2711 3836 109 39 after
2841 3833 149 41 intelli-
3021 3808 4 98 •
3441 3808 27 20 ,f,

3415 3842 15 9 ~

3407 3837 22 37 :,'
3438 3823 22 70 ,S
3472 3823 11 70 1

237 3914 74 35 Mr.
333 3914 156 40 Warne,
507 3913 64 39 37,
591 3909 74 38 Old
689 3906 268 37 Broad-street.
1642 3905 124 48 gencb
1782 3898 79 40 had
1881 3899 102 38 been
2023 3893 184 41 received
2233 3893 39 39 in
2293 3892 72 39 the
2383 3888 182 43 colonies
2584 3889 50 40 of
2662 3889 70 38 the
2771 3888 219 39 resistance

3244 3576 7 358 J
3252 3576 7 358 i
3259 3576 7 358 l
3266 3576 7 358 '

3429 3892 11 59 ~
3439 3892 44 59 ',,i

280 3963 120 34 *Peter
445 3960 176 43 Bentley,
663 3952 276 47 College-Hill,
983 3946 306 37 Thames-street,
1318 3946 261 31 stone-mason,

1641 3956 51 38 of
1698 3956 67 39 the
1778 3951 162 40 mother
1954 3952 224 47 countryto
2191 3946 71 39 the
2277 3945 240 51 us-Arpation
2533 3940 48 41 of
2597 3943 69 37 the
2680 3944 306 37 BosiAPARTEq.
3261 3945 13 40 4
3322 3957 33 14 ''
3400 3940 1 78 '
3442 3947 41 71 4

239 4011 97 33 Feb.
354 4009 63 43 25,
441 4006 133 37 March
593 4005 37 41 4,
648 4005 72 33 and
743 4000 110 47 April
875 3999 37 39 1,
930 4002 35 30 at
981 3994 151 40 twelve,
1150 3999 38 27 at
1206 3987 208 37 Guildhall.
1453 3986 90 34 Asto
1543 3986 40 34 r-
1643 4011 117 37 Some
1779 4003 170 43 accused
1974 4002 86 39 hiin
2080 3999 50 39 of
2143 3999 71 39 the
2235 3999 161 57 prpiect
2415 3996 50 40 of
2497 4009 69 26 ren
2569 3994 24 39 d
2598 4007 43 25 er
2644 3996 9 35 i
2660 4006 22 26 n
2688 4006 24 39 g
2739 3992 161 40 Mexico
2931 4005 69 28 air
3300 3973 5 83 '
3320 3973 4 83 .
3345 3973 21 32 ''...
3390 3973 65 35 ''''..

237 4069 89 31 airy,
345 4057 76 33 Mr.
441 4052 493 43 Isuckett,•Wilson-street,
950 4044 354 41 Finsbury-square.
2688 4026 21 19 r,

287 4103 196 46 Benjamin
506 4103 211 38 Lancaster,
737 4093 279 45 Scarborough,
1037 4090 249 44 ship-owner,
1315 4083 130 35 March
1466 4082 35 39 1,
1522 4081 58 41 11,
1643 4058 267 54 independant
1931 4059 123 43 gate,
2083 4051 50 41 of
2147 4051 132 39 which
2297 4051 52 39 he
2362 4062 80 27 was
2461 4045 168 43 himself
2643 4052 45 33 to
2711 4048 51 39 be
2780 4046 71 39 the
2868 4049 129 37 Sove-
3026 4055 7 35 !

4 4091 30 84 it
1645 4114 110 52 reign
1770 4128 13 28 ;.
1812 4110 78 39 but
1907 4109 72 39 the
1998 4104 163 56 general
2181 4103 170 54 opinion
2372 4107 105 35 went
2504 4106 46 35 to
2571 4101 156 51 impute
2763 4103 44 34 to
2831 4098 161 51 hinyint.
3252 4091 1 84 •
3304 4108 31 17 ~,
3363 4097 15 26 ~,.
3406 4091 28 38 A,

4 4129 1 71 ,
32 4176 17 13 ~
236 4154 72 45 asifl
338 4152 112 48 April
482 4152 33 40 1,
541 4155 43 32 at
608 4146 230 46 Guildhall,.
853 4142 165 39 Loudon.
1071 4139 210 43 Attorney,
1312 4131 74 37 Mr.
1424 4129 157 41 Barber,

240 4201 318 46 4,;bancery-lane,
1645 4172 128 37 tcutio
1778 4162 43 44 ns
1837 4159 247 46 favourable
2104 4162 45 39 to
2170 4155 69 45 the
2261 4155 254 58 pretensions
2529 4152 51 45 of
2602 4152 70 44 the
2693 4155 194 51 Usurper.
3299 4137 130 47 ~,4n,..,

3304 4181 24 12 •••
3380 4169 37 30 4,,•

720 896 331 38 DIVIDENDS.

257 966 133 38 March
415 966 57 35 11.
514 966 44 34 C.
595 963 222 38 Stainbank,
857 960 77 35 Old
971 958 255 39 Bond-street,
1265 956 222 45 printseller,
1512 960 37 26 a:

208 1018 155 37 twelve,
389 1019 41 30 at
459 1012 207 39 Guildhall.
736 1009 130 35 March
888 1009 54 34 11.
971 1006 40 39 J.
1035 1007 40 34 L.
1101 1005 228 40 Hubbersty,
1352 999 182 38 Lincoln's

211 1067 87 39 Inn,
317 1062 196 37 barrister,
531 1068 39 27 at
589 1070 83 30 one,
687 1064 40 27 at
741 1057 209 37 Guildhall.
994 1055 131 35 March
1144 1056 37 32 7.
1205 1051 50 34 11.
1278 1051 152 39 Barton,
1449 1050 98 33 Man.

210 1113 162 41 chestor,
390 1110 109 44 dyer,
529 1114 39 28 at
596 1108 98 39 four,
715 1110 39 30 at
772 1104 60 33 the
854 1103 256 45 Bridgewater
1129 1101 110 34 Arms
1263 1100 76 39 Inn,
1363 1097 159 33 Manches-

210 1165 73 30 ter.
340 1159 129 33 March
488 1156 64 34 '25.
586 1155 58 33 li..
660 1153 106 41 Bird,
791 1152 156 38 Bristol,
966 1149 223 37 tea-dealer,
1220 1154 37 27 at
1274 1152 72 34 ten,
1365 1150 38 28 at
1424 1143 106 33 Guild-

211 1207 79 34 hall
359 1205 133 35 March
509 1206 35 34 7.
579 1202 60 35 W.
661 1201 164 39 Althatn,
842 1194 380 84 'rokenhoupe-yard,
1243 1194 152 34 broker,
1411 1201 39 24 at
1468 1201 63 25 one
1531 1201 21 25 ,

215 1260 41 30 at
275 1253 110 35 Guild
402 1253 81 35 tall.
539 1251 129 35 March
681 1248 38 35 8.
746 1248 43 35 C.
813 1246 190 40 Dudfield,
1020 1212 274 73 Tewkesbury,
1320 1240 213 33 Gloucester-

211 1303 116 39 shire,
348 1302 59 33 inn
432 1299 146 41 holder,
595 1304 40 28 at
654 1304 73 34 ten,
744 1302 38 28 at
802 1296 63 33 the
883 1294 106 33 Swan
1012 1292 80 39 Inn,
1110 1290 269 41 Tewkesbury.
1426 1286 125 35 March

215 1350 120 37 11..1.
351 1349 236 41 Carrington,
604 1342 308 46 ofjManchcster,
930 1341 87 34 hard
1025 1346 197 31 wareinan,
1233 1342 37 28 at
1281 1342 73 34 tea,
1372 1338 39 30 at
1426 1332 118 33 Guild.

213 1398 97 40 hall,
325 1396 164 35 Loudon.
543 1395 89 41 May
652 1393 35 40 2,
709 1391 45 34 B.
778 1388 170 41 Preston,
964 1388 44 33 of
1023 1387 188 38 Holborn,
1225 1391 37 25 at
1276 1388 73 35 ten,
1368 1387 40 28 at
1427 1380 107 34 Guild-

214 1446 91 35 hall.
359 1442 132 38 March
514 1441 57 35 15.
587 1442 47 33 T.
653 1441 177 41 Clayton,
848 1436 43 33 of
908 1434 207 41 Dilworth,
1148 1429 236 43 Lancashire,
1411 1434 141 34 tanner,

211 1501 43 31 At
270 1493 152 40 twelve,
441 1495 41 30 at
496 1489 65 34 the
579 1488 96 35 New
699 1488 78 40 Inn,
802 1483 228 35 Blackburn.

555 1557 419 41 CERTIFICATES,
1005 1557 165 34 MARCH
1188 1554 37 34 7.

266 1633 43 34 L.
343 1630 182 45 Ilaydon,
559 1629 45 34 of
644 1623 313 50 Edgware-road,
989 1620 229 38 Middlesex,
1248 1615 178 46 merchant
1427 1615 22 46 :
1505 1612 46 34 R.

217 1682 196 40 Langston,
432 1678 256 37 Cross-street,
720 1671 198 40 Che,hire,
950 1670 69 33 and
1041 1670 52 32 M.
1115 1667 161 44 Gufney,
1309 1662 247 39 Cheetwood,

216 1727 239 41 Lancashire,
490 1721 367 37 cotton-merchants.
909 1717 41 34 J.
976 1716 106 40 Ellis,
1115 1713 214 45 Liverpool,
1349 1711 182 33 hat-manu-

216 1776 178 35 facturer.
471 1772 43 37 J.
556 1770 145 41 Currie,
746 1765 298 43 Weston-street,
1087 1760 243 41 Southwark,
1371 1766 158 28 common-

219 1825 164 40 brewer.
1428 1838 14 14 •

454 1956 339 43 SATURDAY'S
819 1951 222 43 LONDON
1072 1946 259 51 GAZETTE,

502 2101 389 41 BANKRUPTCY
920 2096 377 39 SUPERSEDED.

579 2148 13 1 -

270 2166 196 47 Benjamin
488 2164 129 34 Walsh
648 2163 73 34 and
745 2160 171 41 .Thomas
935 2158 163 41 Nisbett,
1127 2154 260 46 Angel.court,
1411 2148 145 46 Throg-

222 2217 296 38 Morton-street,
533 2212 169 38 brokers.

722 2267 350 38 BANKRUPTS.

273 2337 104 35 John
413 2334 183 37 Rumford
628 2327 268 46 Ireland,'Burr
896 2327 20 46 ,
917 2327 146 46 street,
1098 2327 92 34 East
1218 2321 224 40 Smithfield,
1460 2319 83 37 coal-

226 2387 138 37 factor,
396 2392 38 25 to
463 2381 193 38 surrender
686 2379 93 35 Feb.
807 2378 31 41 St
837 2378 32 41 4,
892 2376 129 33 March
1041 2375 35 40 1,
1093 2374 72 34 and
1191 2372 106 44 April
1320 2372 35 38 1,
1371 2375 39 27 at
1430 2374 73 33 ten,
1522 2372 39 28 at

224 2433 211 34 Guildhall.
493 2432 214 41 Attorney,.
722 2427 73 33 Mr.
816 2424 195 46 Mayhew,
1033 2418 294 48 Sytnond'a-Inn,
1348 2415 190 44 Chancery-

226 2481 84 34 laue

273 2528 143 44 Joseph
455 2525 129 40 Hand,
621 2518 386 39 Wormwood-street,
1045 2515 168 43 London,
1245 2511 317 37 warehouseman,

228 2576 93 34 Feb.
343 2576 63 39 21,
432 2572 133 37 March
583 2571 39 39 4,
648 2571 71 39 and
741 2568 110 46 April
874 2569 35 39 1,
928 2571 39 28 at
983 2565 145 34 eleven,
1140 2571 37 25 at
1191 2564 64 32 the
1270 2559 115 35 Stork
1403 2558 161 35 Tavern,

228 2623 270 44 B;riningbam.
557 2619 203 38 Attornies,
797 2616 148 33 Messrs.
976 2611 222 41 Kinderley,
1232 2609 111 41 Long,
1362 2607 73 33 and
1465 2604 100 38 Ince,

226 2669 241 45 Gray's-Inn,
493 2668 146 35 Lnndon
656 2680 11 26 ;
687 2666 70 34 and
771 2663 73 35 Mr.
867 2661 190 40 Beswick,
1083 2656 269 41 Birmingham.

275 2719 143 45 Joseph
441 2719 124 39 Dean,
594 2706 494 52 Birmingham„japanner,
1103 2704 131 35 March
1256 2702 92 43 4,6,
1367 2700 72 35 and
1455 2696 107 47 April

229 2766 35 41 1,
296 2773 40 26 at
369 2766 148 39 eleven,
543 2770 39 28 at
605 2763 64 37 the
694 2760 112 35 Stork
836 2758 162 40 Tavern,
1038 2752 267 41 Birmingham.
1359 2747 206 39 Attornies,

229 2816 145 34 Messrs.
397 2812 226 45 Kinderley,
659 2810 117 45 Long,
808 2805 74 35 and
904 2805 100 39 Luce,
1024 2799 248 46 Gray's-Inn;
1298 2797 71 34 and
1388 2789 74 43 Mr.
1480 2793 67 34 Bcs-

228 2874 34 24 w
270 2863 76 40 tek,
372 2858 269 46 Birmingham.

278 2910 170 33 William
467 2909 100 43 Rig„
586 2904 163 40 Parker,
769 2901 174 38 Hebden,
961 2897 234 38 Yorkshire,
1214 2897 122 32 cotton
1351 2889 198 44 twist-spin-

226 2968 81 32 ner,
330 2956 130 35 March
478 2955 105 41 2,3,
601 2953 71 35 and
692 2952 110 46 April
828 2952 32 39 I,
878 2954 39 27 at
935 2949 60 32 the
1015 2946 94 34 New
1139 2943 83 39 Inn,
1241 2942 174 41 Skipton,

226 3007 112 35 shire.
394 3002 209 40 Attornies,
651 3001 71 33 Mr.
754 2995 185 40 Scoffield,
983 2994 185 44 Skipton,.
1205 2987 244 40 Yorkshire;
1496 2982 72 35 and

228 3054 146 35 Messrs.
391 3052 126 34 Swale
534 3050 70 34 and
622 3047 146 41 Ileelis,
788 3046 116 33 Great
922 3041 313 38 Ormond-street,
1251 3034 162 35 London.

279 3100 172 34 William
483 3099 146 43 Darby,
657 3096 170 39 Hexton,
855 3087 300 40 Hertfordshire,
1183 3083 170 39 butcher,
1389 3080 89 34 Feb.
1508 3079 60 39 21,

229 3149 133 35 March
402 3149 35 38 1,
467 3145 73 35 and
559 3144 112 46 April
694 3144 34 41 1,
754 3145 39 31 at
819 3141 143 39 eleven,
986 3142 41 30 at
1049 3132 210 43 Guildhall,
1281 3129 165 35 London.
1499 3126 47 34 At-

226 3203 151 38 tosney,
403 3196 74 33 Mr.
494 3190 221 41 Townsend,
733 3185 263 48 Staple's-Inn,
1028 3183 167 37 London.

275 3244 118 34 Josue
411 3243 46 33 de
480 3241 141 40 Prado,
643 3240 250 35 Lime-street,
924 3233 163 39 London,
1119 3229 87 33 lead
1235 3224 207 39 merchant,
1473 3222 93 33 Feb.

227 3294 65 40 21,
309 3299 39 27 at
365 3292 146 38 eleven,
533 3288 130 33 March
681 3288 39 39 4,
750 3285 69 35 and
840 3281 113 47 April
976 3282 32 39 1,
1022 3286 41 28 at
1081 3283 77 34 ten,
1181 3281 41 28 at
1243 3272 207 37 Guildhall.
1501 3268 48 35 At-

227 3340 155 41 tornies,
398 3340 148 32 Messrs.
567 3334 142 35 Pearce
722 3334 71 33 and
811 3333 90 40 Son,
922 3331 21 31 S
953 3325 276 37 within's-lane.

278 3386 103 35 John
409 3384 156 41 MorriA,
592 3380 242 38 Greenwich,
865 3377 145 35 builder
1042 3373 70 34 and
1147 3373 211 41 carpenter,
1390 3366 94 40 Feb.
1511 3364 64 41 25,

230 3437 133 34 March
381 3437 39 39 4,
438 3432 72 35 and
531 3430 106 46 April
661 3429 34 43 1,
712 3433 39 31 at
769 3426 154 40 twelve,
939 3429 38 30 at
992 3418 214 41 Guildhall,
1225 3416 161 35 London.
1443 3413 106 34 Attor-

229 3483 93 41 nies,
343 3484 149 32 Messrs.
510 3478 58 35 W.
588 3472 135 43 and.%
741 3477 145 39 Aliens,
907 3468 302 40 Clifford's-Inn;
1226 3464 67 35 and
1315 3464 71 33 Mr.
1414 3462 161 37 Parker,

231 3530 243 40 Greenwich.

287 3578 197 46 Benjamin
506 3574 150 39 Fisher,
684 3572 169 44 Dudley,
883 3562 333 40 Worcestershire,
1243 3560 93 34 wine
1365 3556 69 35 and
1468 3555 107 45 spirit

231 3627 208 38 merchant,
459 3622 129 37 March
606 3621 96 43 3,4,
715 3619 70 46 and
802 3618 117 45 April
941 3617 33 40 1,
992 3619 38 30 at
1042 3612 154 39 twelve,
1209 3614 39 28 at
1265 3608 61 34 the
1342 3606 237 41 Shakespear

231 3674 165 40 Tavern,
412 3672 274 44 Birmingham.
733 3665 208 38 Attornies,
958 3664 146 33 Messrs.
1127 3656 224 44 Kinderley,
1374 3653 115 43 Long,
1507 3651 69 33 and

235 3720 105 45 Ince,
361 3719 139 47 Gray's
522 3719 79 40 Inn,
618 3716 175 41 London;
831 3712 72 37 and
927 3712 142 33 Messrs.
1085 3705 124 41 Smith
1228 3703 21 35 a
1250 3703 45 35 nd
1312 3699 159 41 Arnold,
1494 3699 64 33 Bir-

231 3771 206 44 mingham:

286 3817 172 35 William
489 3814 187 41 Horsfall,
712 3803 360 52 Hampstead-road,
1106 3800 228 41 Middlesex,
1364 3794 217 38 victualler,.

233 3863 96 38 Feb.
344 3866 64 40 28,
430 3862 187 39 March?,
635 3861 72 35 and
725 3859 106 46 April
855 3856 35 41 1,
908 3860 40 30 at
965 3860 76 34 ten,
1054 3856 39 31 at
1115 3847 208 39 Guildhall.
1377 3846 202 41 Attorney,

237 3914 74 35 Mr.
333 3914 156 40 Warne,
507 3913 64 39 31,
591 3909 74 38 Old
689 3906 268 37 Broad-street.

287 3963 113 34 Peter
445 3960 176 43 Bentley,
663 3952 276 47 College-Hill,
983 3946 306 37 Thames-street,
1318 3946 261 31 stone-mason,

239 4011 97 33 Feb.
354 4009 63 43 25,
441 4006 133 37 March
593 4005 37 41 4,
648 4005 72 33 and
743 4000 110 47 April
875 3999 37 39 1,
930 4002 35 30 at
981 3994 151 40 twelve,
1150 3999 38 27 at
1206 3987 208 37 Guildhall.
1453 3986 107 34 Attor-

237 4069 89 32 ney,
345 4057 76 33 Mr.
441 4052 493 43 Luckett,-Wilson-street,
950 4044 354 41 Finsbury-square.

287 4103 196 46 Benjamin
506 4103 211 38 Lancaster,
737 4093 279 45 Scarborough,
1037 4090 249 44 ship-owner,
1315 4083 130 35 March
1466 4082 35 39 1,
1522 4081 58 41 11,

236 4154 72 45 arql
338 4152 112 48 April
482 4152 33 40 1,
541 4155 43 32 at
608 4146 230 46 Guildhall,.
853 4142 165 39 Loudon.
1071 4139 210 43 attorney,
1312 4131 74 37 Mr.
1424 4129 157 41 Barber,

240 4201 318 46 4,;bancery-lane.

1089 119 150 50 THE
1271 116 380 53 NATIONAL
1688 112 379 57 REGISTER.

1656 302 109 45 April
1782 304 39 40 7,
1851 302 144 44 Josepa
2017 300 91 35 Gill,
2143 296 274 38 Brownshill,l
2431 288 309 38 ilooce“ersaire,
2761 285 177 38 clothier,
2954 285 1 63 •

1607 353 37 31 at
1663 354 76 35 ten,
1766 358 38 26 at
1832 350 63 34 the
1924 351 143 39 George.
2088 347 78 39 Inn,
2194 343 324 38 Stroud—Nlarek
2542 339 59 35 15,
2631 337 100 33 John
2757 334 188 40 Delaney,

1612 398 215 44 Liverpool,
1856 398 154 41 draper,
2036 399 38 28 at
2104 403 81 28 one,
2209 398 38 27 at
2271 391 61 33 the
2359 389 120 32 Globe
2499 387 161 35 Tavern,
2691 379 256 44 14iveQ091---

1615 445 25 32 A
1650 445 70 44 Aril
1742 445 54 39 15,
1817 445 146 41 George
1981 442 149 38 Tvtlar,
2150 438 133 35 Hound
2306 437 118 38 ditch,
2441 433 210 44 slop.,eller,
2669 435 37 27 at
2754 430 66 30 wel
2831 437 57 27 ve,
2906 430 40 28 at

1613 490 361 45 f.luildhall---April
1998 490 57 38 IS,
2086 485 161 37 Edward
2275 482 197 35 Winwood
2502 480 71 37 and
2606 477 143 33 S;ittizlel
2773 475 38 39 T:
2811 475 38 39 lo
2849 475 97 39 (frY,

1618 539 167 44 Poultry,
1818 537 132 34 Scotch
1978 536 154 38 factors,
2160 540 39 27 at
2228 534 150 35 twelve,
2402 536 34 26 at
2476 524 242 37 Guildhall--
2730 522 129 32 '•!arch
2889 520 59 39 11,

1610 587 136 34 Cohert
1780 586 165 41 Foggan,
1980 582 164 38 Salford,
2174 580 106 38 Lanca
2281 580 21 38 ,
2302 580 109 38 hire,
2437 570 454 39 cotton-tuanufaciurers,
2907 572 43 28 at

1612 634 139 38 eleven,
1769 639 39 27 at
1833 633 60 33 the
1919 631 135 33 Palace
2075 630 80 37 lon,
2187 620 420 40 Niatichester—March
2631 619 53 39 IS,
2705 617 105 32 John
2828 615 120 38 Suter,

1619 681 84 32 East
1726 679 174 35 Raiford.
1919 678 262 41 Nottingham,
2194 684 157 27 mercer,
2368 677 39 28 at
2421 671 143 33 eleven,
2574 672 40 27 at
2633 663 209 38 Guildhall,
2858 661 71 32 Lon-

1613 729 237 44 don—April
1869 726 65 45 25.,
1969 725 117 33 Samel
2119 722 131 39 Davis,
2281 719 44 33 of
2350 718 254 43 Bury-street,
2639 713 53 33 St.
2718 710 162 43 Mary-A
2891 718 60 30 ice,

1615 775 202 40 merchant,
1847 782 39 26 at
1906 774 144 35 eleven,
2082 777 39 26 at
2153 764 383 38 Guildhall—March
2559 762 59 35 14,
2642 758 105 34 Johd
2767 758 184 37 Tennant,

1616 823 292 35 Oxford-street,
1928 820 97 34 wine
2040 817 69 34 and
2139 816 253 43 brandy-mere
2408 813 99 38 hant,
2529 814 39 28 at
2587 816 83 30 one,
2696 810 39 27 at
2759 802 193 35 Guildhall

1613 869 162 44 ---April
1795 869 39 39 4,
1858 868 167 33 William
2039 867 167 37 Chester,
2228 857 257 39 Chesterfield,
2520 854 247 40 Derbvshire,
2794 859 157 32 mercer,

1641 925 13 26 t
1682 918 139 35 eleven,
1854 921 40 27 at
1931 914 61 33 the
2028 913 136 33 Falcon
2189 913 79 37 Inn,
2298 904 292 39 Chesterfield--
2601 901 109 44 April
2741 900 37 35 8,
2807 899 144 40 George

1626 966 158 43 Nipper,
1809 965 148 37 Linton,
1980 960 132 39 Kent,'
2126 958 254 45 shopkeeper,
2400 959 35 27 at
2464 959 73 31 ten,
2557 958 35 25 at
2617 944 210 40 Guildhall,
2861 944 71 33 Lon-

1615 1011 254 33 slon—Nlarch
1892 1010 58 38 15,
1982 1005 167 37 Richard
2173 1005 137 39 Make,
2329 1000 111 38 Littlf•
2463 999 221 41 liempston,
2707 991 248 39 Devonshire,

1616 1064 37 28 at
1670 1059 142 37 eleven,
1843 1063 39 27 at
1903 1058 60 32 the
1993 1054 141 34 Golden
2167 1052 87 33 Lion
2293 1051 80 37 Inn,
2409 1048 85 34 Nea
2507 1041 365 38 ton-Abbot---June
2891 1038 15 41 1
2907 1038 48 41 27,

1620 1107 151 32 Charles
1783 1106 71 33 and
1873 1103 178 34 Nicholas
2068 1101 142 38 Ilusey,
2232 1098 333 40 Newgate-street,
2584 1089 295 44 linen-drapers.

1932 1169 242 44 CEILTIFIC
2174 1169 26 44 ,
2200 1169 298 44 MS-111.t1tc
2498 1169 27 44 1
2525 1169 27 44 i
2585 1167 53 34 11.

1664 1241 102 35 John
1795 1239 115 39 Birch
1933 1238 72 35 and
2034 1238 141 33 itobert
2200 1233 207 34 Robinson,
2450 1224 379 47 Broughton-Lodge,
2861 1222 71 33 Lan-

1618 1291 155 39 cashire,
1791 1281 465 48 cotton-spinners—John
2277 1278 182 37 IVardell,
2476 1273 273 44 King's-Lynn,
2776 1270 181 41 Norfolk,

1617 1333 370 48 grocer---Maitland
2009 1331 195 35 Maitland,
2222 1325 222 45 Thorley-C
2454 1329 139 35 ottr.ge,
2624 1320 158 44 Ripley,
2803 1320 155 41 Surrey,

1619 1382 314 47 chymist---John
2062 1380 78 39 kes,
2186 1375 272 39 Broad-street,
2504 1369 298 44 Ilorsteydo‘‘o,
2845 1377 27 22 W
2882 1365 57 33 ine-

1620 1431 197 33 merchant.

1739 1571 66 34 TO
1826 1567 115 37 OUR
1961 1559 366 41 SUBSCRIBERS
2347 1556 115 37 AND
2480 1556 112 34 THE
2611 1552 216 38 PUBLIC.

1667 1639 81 34 The
1768 1638 240 44 Proprietors
2021 1633 43 33 of
2079 1638 59 26 the
2160 1629 178 35 Nal►unar
2361 1630 163 37 RegisLr
2535 1625 70 33 had
2626 1625 26 33 it
2667 1625 33 33 in
2720 1636 9 20 c
2743 1636 21 20 o
2769 1624 187 43 nteutpla•

1624 1689 74 33 tion
1717 1694 37 26 to
1783 1687 109 32 make
1922 1693 102 24 some
2048 1680 185 34 strictures
2252 1687 45 22 on
2327 1675 59 33 the
2407 1677 142 39 present
2572 1671 227 34 Exhibition
2832 1677 38 26 at
2890 1671 63 33 the

1628 1735 117 44 !loyal
1766 1731 217 37 Institution
2000 1741 12 27 ;
2039 1729 44 31 t);t
2091 1735 11 25 t
2117 1728 60 32 the
2190 1722 291 40 extraordinary
2504 1729 99 34 press
2620 1717 43 34 of
2678 1717 259 38 Parliamenta-

1624 1793 40 21 ry
1690 1780 240 41 Proceedings
1946 1775 163 44 compels
2128 1774 97 34 them
2244 1776 38 28 to
2313 1768 106 33 defer
2454 1768 99 33 them
2585 1766 58 33 till
2663 1766 145 43 Sunday
2844 1769 85 28 next
2944 1776 14 30 ;

1665 1828 67 34 hen
1752 1838 98 22 some
1867 1822 255 35 observations
2143 1820 78 33 will
2241 1826 149 35 appear
2407 1826 45 21 on
2473 1814 81 33 that
2572 1814 210 41 interesting
2800 1811 157 44 subject.

1625 1878 80 33 The
1724 1874 234 37 Gentleman,
1977 1871 86 33 who
2082 1869 151 33 favours
2252 1869 99 31 them
2376 1863 90 32 with
2497 1861 102 33 these
2614 1860 181 39 remarks,
2823 1861 27 31 is
2864 1870 74 22 com-

1626 1919 138 47 pletely
1780 1918 195 37 unbiassed
1991 1918 47 43 by
2060 1916 63 34 the
2137 1912 185 37 sectarian
2336 1911 106 45 spirit
2461 1909 43 33 of
2528 1910 60 32 the
2608 1918 14 24 ~
2622 1918 14 24 :
2636 1918 61 24 itre
2717 1918 58 21 ari
2784 1909 27 30 is
2820 1913 11 25 t
2846 1918 11 26 ;
2891 1906 73 33 and

1624 1981 40 22 as
1693 1971 44 32 he
1769 1965 65 44 bas
1851 1977 83 24 teen
1951 1964 72 34 and
2047 1962 141 35 studied
2215 1959 109 34 other
2340 1957 142 33 sr'•c►ols
2500 1958 43 32 of
2559 1957 167 44 painting
2747 1955 52 31 be
2813 1955 74 32 ides
2903 1952 64 34 the

1633 2016 169 41 English,
1828 2015 57 34 his
1915 2013 188 33 strictures
2135 2009 78 33 will
2251 2010 43 30 1)1.
2324 2004 301 44 comprehensive
2652 2002 71 34 and
2756 2000 209 45 impartial.

1637 2065 61 37 He
1719 2065 28 32 is
1765 2060 226 37 determined
2004 2066 39 27 to
2063 2055 116 47 judge
2192 2055 66 34 Tex
2280 2053 161 39 himself,
2467 2050 203 34 unfett:•red
2688 2049 70 33 and
2774 2048 194 33 unbiassed

1625 2114 51 44 by
1710 2112 61 33 the
1788 2111 133 43 degree
1941 2107 45 33 of
1997 2102 210 38 estimation
2226 2101 124 34 which
2370 2101 63 33 the
2460 2099 151 34 Painter
2641 2096 119 34 stands
2781 2095 91 34 with
2906 2094 63 35 the

1626 2160 135 34 Public
1778 2171 9 28 ;
1815 2157 71 34 and
1906 2153 33 34 if
1956 2153 56 33 his
2027 2152 161 34 remarks
2207 2151 46 33 be
2272 2153 64 31 not
2349 2150 144 43 always
2510 2151 162 35 collect,
2692 2144 89 45 they
2804 2144 78 34 will
2900 2144 61 43 be,

1625 2212 40 30 at
1682 2207 92 33 least
1789 2203 272 44 dispassionate
2078 2199 70 34 and
2165 2198 122 33 novel.

1755 2331 35 38 A
1818 2326 286 43 PORTRAIT
2133 2323 67 39 OF
2229 2323 115 38 THE
2375 2321 148 39 DUKE
2554 2320 65 37 OF
2654 2316 175 46 YORK,

1631 2396 193 47 Engraticd
1851 2396 43 44 by
1928 2395 144 33 Scriven
2093 2392 106 44 from
2229 2402 21 22 a
2281 2389 172 43 masterly
2481 2388 183 43 Painting
2693 2387 43 41 by
2773 2387 59 33 Sir

2261 2439 177 40 Beechey,

1684 2515 116 26 WILL
1828 2512 53 26 BE
1911 2510 156 28 READY
2100 2509 87 24 FOR
2216 2505 240 27 DELIVERY
2489 2504 56 25 ON
2569 2502 180 26 SUNDAY
2776 2502 132 25 NEXT.

1675 2567 83 34 The
1773 2565 209 37 Character
2011 2562 44 35 of
2082 2561 70 35 His
2181 2559 128 44 Royal
2347 2558 182 43 Highness
2563 2556 80 33 will
2673 2555 45 34 be
2740 2556 149 32 written
2915 2552 52 46 by

1629 2615 206 34 Onesimus.

1678 2673 34 33 A
1729 2669 71 35 few
1821 2668 94 37 Fine
1936 2666 244 46 Impressions
2196 2662 45 34 of
2252 2663 83 33 His
2352 2662 208 33 MAJESTY
2577 2659 70 34 and
2659 2659 41 33 of
2714 2657 66 35 the
2797 2657 170 34 PRINCE

1630 2719 44 34 of
1689 2719 159 34 WALES
1865 2727 87 32 may
1971 2714 79 34 still
2069 2714 45 33 be
2130 2713 87 39 had,
2233 2711 103 44 price
2356 2708 207 45 Six-pence
2585 2707 118 33 Each.

1678 2818 79 35 The
1782 2815 293 47 unprecedented
2107 2811 255 47 applications
2391 2806 123 35 which
2541 2806 96 34 have
2660 2806 93 33 been
2779 2805 105 34 made
2911 2804 61 34 for

1632 2867 61 34 the
1711 2865 116 35 Index
1844 2870 40 28 to
1902 2864 60 33 the
1988 2863 97 33 First
2104 2862 143 33 Volume
2267 2857 46 46 of
2323 2858 60 32 the
2412 2855 175 34 National
2609 2855 167 43 Register
2794 2854 92 33 have
2903 2862 47 25 ex-

1633 2914 149 35 hausted
1809 2913 64 34 the
1893 2910 105 33 First
2020 2910 149 33 Edition
2203 2908 47 43 of
2277 2907 58 32 the
2366 2903 135 39 Index,
2519 2902 73 33 and
2616 2903 58 32 the
2691 2898 287 44 Chronological

1641 2962 105 33 fable
1780 2960 46 45 of
1837 2961 58 32 the
1918 2961 94 31 most
2050 2955 240 34 Remarkable
2310 2953 235 33 Occurrences
2571 2949 47 44 of
2640 2949 57 32 the
2738 2952 85 39 past
2863 2947 109 34 Year.

1637 3012 33 31 A
1688 3007 137 35 Second
1843 3006 156 34 Edition
2017 3005 28 32 is
2063 3014 80 22 now
2165 3001 113 43 ready
2306 3000 59 33 for
2380 2998 185 44 delivery,
2584 2995 70 34 and
2676 3006 86 34 may
2783 2995 46 33 be
2846 2994 72 34 had
2935 2993 44 34 of

1632 3058 52 34 all
1698 3057 61 33 the
1774 3054 216 40 Newsmen,
2010 3048 103 46 pfice
2128 3048 113 46 Eight
2265 3047 135 34 Pence.

1683 3189 80 34 The
1783 3187 136 35 Public
1943 3185 37 34 in
2007 3183 148 46 general
2192 3181 78 34 will
2290 3177 72 35 find
2381 3177 30 33 it
2428 3177 98 33 their
2545 3175 210 46 particular
2778 3175 149 35 interest
2943 3177 40 31 to

1633 3236 187 34 advertise
1856 3236 35 32 in
1928 3234 64 34 the
2020 3230 168 45 Popular
2223 3227 165 41 nvening
2421 3224 239 44 Newspaper
2688 3222 157 34 entitled
2880 3223 64 32 TH

1642 3285 275 39 INQUISITOR,
1936 3280 123 34 which
2075 3279 28 33 is
2121 3275 196 46 published
2336 3282 111 32 every
2469 3272 59 33 Tu
2541 3280 157 32 ESDAY,
2712 3270 97 33 Thu
2820 3279 76 24 RSD

1636 3334 70 32 and
1733 3333 240 32 SATURDAY
2010 3326 240 39 Afternoons,
2290 3321 71 34 and
2389 3319 213 34 forwarded
2640 3319 48 43 by
2719 3319 64 33 the
2820 3317 90 34 Post
2946 3314 46 37 of

1641 3380 102 33 those
1759 3378 90 38 days
1867 3374 229 44 throughout
2125 3380 111 33 every
2269 3371 148 40 County
2438 3367 34 32 in
2489 3366 64 33 the
2572 3365 137 34 United
2735 3364 252 43 Kingdom.—

1639 3428 79 34 The
1739 3425 115 34 Office
1870 3423 60 35 for
1948 3424 100 33 THE
2073 3420 265 39 INQUISITOR
2404 3419 38 30 at
2461 3415 77 34 No.
2559 3413 59 45 11,
2635 3412 351 45 Catherine-street,

1642 3472 145 35 Strand.

1694 3587 168 41 Letters,
1909 3579 188 43 received
2128 3591 53 26 on
2217 3575 148 51 Friday
2409 3573 107 40 from
2567 3573 203 46 Jamaica,
2815 3570 176 41 confirm

1641 3638 70 40 the
1741 3634 255 52 intelligence
2033 3631 48 40 of
2112 3644 50 26 an
2202 3627 269 40 insurrection
2510 3627 37 38 in
2572 3626 177 45 Mexico,
2781 3625 39 39 in
2841 3635 122 28 conic-

1639 3703 154 41 quence
1805 3686 51 40 of
1880 3686 129 39 which
2041 3685 70 38 the
2137 3683 175 51 Viceroy
2334 3683 249 37 ITUILIGITKV
2606 3692 78 25 was
2699 3677 175 52 deposed
2906 3676 79 41 and

1643 3739 260 58 imprisoned,
1924 3738 79 39 and
2021 3738 259 38 FERDINAND
2296 3735 89 38 VII.
2404 3731 263 53 proclaimed.
2708 3732 89 37 The
2811 3742 119 28 cause
2944 3728 52 43 of

1643 3797 77 39 this
1740 3795 142 52 rigour
1900 3790 177 40 towards
2095 3790 69 39 the
2186 3788 172 51 Viceroy
2389 3785 33 38 is
2440 3790 46 33 to
2519 3784 51 39 be
2589 3783 227 40 attributed
2848 3788 45 33 to
2919 3782 73 40 the

1642 3849 206 50 shuffling,
1876 3842 296 54 equivocating
2202 3839 180 41 conduct
2400 3837 50 38 he
2481 3836 196 40 observed
2711 3836 109 39 after
2841 3833 149 41 intelli-
3021 3833 4 66 •

1643 3905 123 37 (Ten&
1782 3898 79 40 had
1881 3899 102 38 been
2023 3893 184 41 received
2233 3893 39 39 in
2293 3892 72 39 the
2383 3888 182 43 colonies
2584 3889 50 40 of
2662 3889 70 38 the
2771 3888 219 39 resistance

1641 3956 51 38 of
1698 3956 67 39 the
1778 3951 162 40 mother
1954 3952 224 47 countryto
2191 3946 71 39 the
2277 3945 240 51 ug-Arpation
2533 3940 48 41 of
2597 3943 69 37 the
2680 3944 306 37 BONAPARTEq.

1643 4011 117 37 Some
1779 4003 170 43 accused
1974 4002 86 39 hi►n
2080 3999 50 39 of
2143 3999 71 39 the
2235 3999 161 51 project
2415 3996 50 40 of
2497 3994 215 51 rendering
2739 3992 161 40 Mexico
2931 4005 46 28 an-

1643 4058 267 54 independant
1931 4059 123 43 gate,
2083 4051 50 41 of
2147 4051 132 39 which
2297 4051 52 39 he
2362 4062 80 27 was
2461 4045 168 43 himself
2643 4052 45 33 to
2711 4048 51 39 be
2780 4046 71 39 the
2868 4049 104 37 Sove-

1645 4114 110 52 reign
1770 4128 13 28 ;
1812 4110 78 39 but
1907 4109 72 39 the
1998 4104 163 56 general
2181 4103 170 54 opinion
2372 4107 105 35 went
2504 4106 46 35 to
2571 4101 156 51 impute
2763 4103 44 34 to
2831 4098 83 51 him
2931 4098 60 47 ii,.

1645 4172 175 37 tcutions
1837 4159 247 46 favourable
2104 4162 45 39 to
2170 4155 69 45 the
2261 4155 254 56 pretensions
2529 4152 51 45 of
2602 4152 70 44 the
2693 4155 194 51 Usurper.
