3484 4417
1153 102 149 53 THE
1341 104 384 52 NATIONAL
1757 104 386 54 REGISTER.

257 233 67 33 the
358 235 118 33 River
493 236 56 34 St.
575 237 196 34 Lawrence
798 239 112 44 being
943 239 144 40 frozen,
1119 239 111 34 could
1258 244 65 27 not
1354 239 189 45 probably
1570 239 45 32 be

261 280 129 35 before
410 283 99 33 June
526 291 100 28 next.
669 286 110 33 Much
798 286 71 33 had
891 287 91 33 been
999 287 78 33 said
1097 298 46 22 on
1163 287 63 32 the
1243 286 228 43 advantages
1491 283 120 34 which

262 328 76 33 this
361 338 157 38 country
541 332 120 34 would
681 333 126 34 derive
833 333 96 34 front
948 334 61 33 the
1032 335 188 40 Embargo
1238 333 109 43 being
1374 333 119 35 raised
1522 331 92 35 with

265 383 146 38 respect
424 384 37 28 to
481 378 181 45 England,
681 381 69 33 and
772 381 197 34 continued
991 381 91 33 with
1106 383 58 44 res
1163 383 19 44 i
1182 383 20 44 t
1204 386 45 30 ...et
1267 387 39 27 to
1330 381 158 33 France.
1543 381 72 33 But

262 425 76 32 this
360 437 73 22 was
452 437 21 22 a
491 428 216 34 chimerical
728 439 176 25 measure.
935 431 79 33 The
1028 436 158 27 moment
1208 429 61 33 the
1291 429 146 34 French
1465 429 149 34 decrees

267 483 100 22 were
403 475 191 44 repealed,
630 485 86 25 ours
751 478 123 33 would
894 478 46 33 he
958 488 38 24 so
1024 483 78 28 too.
1162 477 73 34 But
1256 477 56 33 his
1342 475 165 46 Majesty
1543 476 72 34 had

267 520 158 45 pledged
448 522 152 35 himself
622 529 65 28 not
724 530 37 28 to
789 534 97 25 seem
917 530 38 27 to
974 526 183 45 purchase
1193 526 63 33 the
1283 526 169 32 removal
1485 524 45 33 of
1553 524 61 33 the

273 567 207 46 Embargo,
508 570 47 41 by
585 582 46 24 an
665 578 63 28 act
756 573 43 34 of
813 572 165 46 yielding
1000 573 191 34 weakness
1211 573 159 34 beneath
1389 572 63 34 the
1469 572 145 45 dignity

266 614 45 34 of
325 617 72 32 this
417 624 171 38 country.

318 664 97 33 Lord
437 666 123 34 GREN
574 676 18 22 V
605 670 104 32 ILLE
741 666 137 47 having
911 669 104 34 made
1041 680 45 22 an
1115 669 90 33 able
1235 669 126 45 reply,
1390 666 64 34 the
1486 667 128 34 House

270 710 171 40 divided,
485 715 105 32 when
631 715 65 33 the
735 718 181 32 members
944 717 103 32 stood
1080 719 83 31 thus
1178 715 180 45 :—Ayes,
1402 716 213 41 70—Noes,

270 758 304 47 115—Majority
591 762 142 44 against
754 764 60 32 the
834 765 163 40 Motion,
1023 762 348 47 .15.—Adjourned.

643 886 104 40 1101
748 888 24 38 -
771 888 47 38 SE
857 891 66 35 OF
963 888 280 39 COMMONS.

733 1015 125 48 Monda
859 1015 25 48 c
883 1015 52 48 y,
956 1015 93 39 Fe).
1076 1020 14 33 1
1106 1020 38 34 3.

312 1075 83 37 The
413 1077 126 37 Ilfonqe
559 1080 167 35 resolved
757 1082 77 34 into
852 1094 24 22 a
896 1083 226 35 Committee
1155 1084 46 34 of
1226 1085 165 45 Supply,
1427 1084 35 34 in
1491 1082 124 37 which

265 1124 61 32 the
366 1127 76 33 Bill
481 1127 58 33 for
572 1129 136 41 raking
736 1130 227 40 1,500,000/.
1000 1131 46 43 by
1080 1131 228 46 Exchequer
1331 1133 110 40 Bilk,
1456 1131 72 34 and
1556 1130 59 34 for

266 1173 144 44 paying
428 1174 54 33 ox
498 1176 162 39 1,500.00
660 1176 61 39 tn.
742 1178 59 33 oft
811 1178 44 34 he
870 1179 235 46 outstanding
1124 1180 231 47 Exchequer
1371 1181 99 35 Bills
1487 1180 43 37 of
1544 1180 71 34 last

263 1227 110 34 yii.ar,
392 1232 74 24 was
485 1224 87 33 read
592 1222 59 35 fur
669 1225 61 37 the
746 1228 78 32 first
839 1227 105 33 time.

689 1294 87 26 Tim
807 1294 58 26 Di;
872 1294 60 26 N.E
960 1294 56 26 OF
1046 1296 150 27 YORK.

313 1337 78 35 Mr.
415 1338 190 37 MALTBY
624 1344 198 33 examined
852 1346 50 40 by
933 1344 61 34 the
1023 1346 313 37 CHANCELLOR
1367 1346 47 34 of
1436 1345 64 37 the
1530 1349 87 34 Ex-

268 1395 21 22 C
334 1395 20 24 E
429 1396 20 22 r
459 1397 37 24 R..
501 1391 96 35 —Q.
617 1393 77 32 Are
707 1401 72 33 you
794 1393 223 44 acquainted
1036 1395 90 32 with
1144 1396 89 34 Mrs.
1248 1395 175 37 Clarke?
1444 1394 47 38 A.
1509 1397 105 40 Yes;

265 1431 98 33 since
379 1435 113 43 July,
517 1437 201 40 1806.—Q.
741 1439 99 34 flow
861 1440 63 33 did
952 1452 74 33 you
1044 1443 152 34 become
1221 1454 38 22 so
1276 1442 226 48 acquainted
1521 1444 93 34 with

240 1479 5 53 •
268 1479 65 34 her
392 1482 47 32 A.
467 1481 59 45 By
544 1496 124 22 means
690 1486 45 33 of
754 1488 72 33 Mr.
846 1487 130 35 Russel
996 1491 187 41 Manners,
1204 1492 85 34 who
1309 1504 77 24 was
1402 1501 25 24 a
1444 1491 171 37 Member

265 1528 44 31 of
322 1530 66 31 last
416 1530 246 43 Parliament,
680 1534 70 33 and
784 1534 86 34 who
899 1537 161 34 married
1077 1548 61 34 my
1160 1538 122 35 wife's
1296 1540 122 35 sister.
1469 1538 60 38 He
1559 1543 38 33 in-

263 1576 175 33 troduced
468 1589 57 24 me
543 1586 38 28 to
602 1581 96 33 Mrs.
716 1581 159 41 Clarice,
911 1583 122 37 whom
1059 1584 46 35 he
1123 1587 118 33 stated
1261 1592 38 28 to
1319 1589 98 37 have
1431 1593 106 39 great
1558 1590 38 33 in-

263 1620 142 37 fluence
441 1625 91 34 with
565 1628 61 35 the
656 1630 111 34 Duke
798 1630 46 33 of
870 1631 131 35 York.
1055 1633 17 33 I
1102 1633 189 35 therefore
1310 1644 97 28 went
1427 1636 90 35 with
1535 1636 76 35 him

261 1677 39 22 to
320 1671 71 33 call
412 1682 98 33 upon
531 1675 76 35 her.
665 1678 91 33 This
771 1678 119 41 might
906 1680 46 32 be
965 1680 104 34 three
1089 1693 44 21 or
1150 1681 83 35 four
1247 1693 110 35 years
1369 1685 115 40 since,
1496 1685 117 33 about

260 1716 93 44 July
369 1729 43 22 or
428 1720 141 45 August
587 1726 105 34 1506.
715 1727 76 32 Mr.
806 1726 188 41 Manners,
1009 1729 47 43 by
1072 1728 56 35 his
1143 1730 158 34 relation
1316 1731 93 35 Gen.
1428 1733 184 41 Manners,

261 1765 72 32 Last
352 1776 24 22 a
394 1767 58 50 reg
452 1767 19 50 .
471 1767 138 50 imental
630 1780 157 28 account
819 1778 39 30 to
888 1776 123 40 settle,
1043 1776 126 33 which
1199 1778 107 33 could
1333 1781 89 45 only
1456 1782 46 32 be
1517 1781 94 33 done

261 1811 162 45 through
446 1817 64 32 the
533 1819 111 37 Duke
665 1821 43 33 of
724 1821 128 34 York.
904 1822 65 34 He
996 1822 141 35 wished
1167 1825 187 37 therefore
1382 1834 40 27 to
1449 1828 46 34 be
1526 1830 84 33 well

262 1860 92 32 widl
380 1861 92 33 Mfrs.
496 1866 255 41 Clarke.—Q.
781 1866 113 38 What
909 1870 70 34 had
997 1881 72 33 you
1091 1878 38 28 to
1147 1872 48 33 do
1217 1876 33 32 in
1265 1874 74 33 this
1355 1876 255 38 transaction?

263 1907 50 33 A.
343 1907 19 34 I
402 1910 71 33 had
506 1917 302 35 accommodated
843 1919 77 33 Mr.
943 1919 169 34 Manners
1140 1920 94 34 with
1269 1923 150 35 various
1446 1935 96 24 sums
1573 1925 45 34 of

261 1959 151 39 money,
432 1963 37 27 to
489 1959 63 35 the
568 1972 151 25 amouat
739 1964 44 33 of
793 1967 120 32 about
940 1977 69 25 one
1033 1967 184 35 thousand
1235 1970 158 43 pounds,
1424 1970 37 35 in
1488 1982 106 25 conse-

261 2013 141 32 quence
417 2006 45 33 of
478 2009 120 34 which
621 2011 45 32 he
677 2011 20 44 a
697 2011 20 44 ,
717 2011 126 44 signed
863 2024 92 22 over
980 2020 37 27 to
1036 2026 57 22 me
1116 2016 76 33 this
1204 2017 216 44 regimental
1439 2026 172 38 account,

262 2049 38 33 in
324 2050 123 35 which
468 2054 44 35 he
535 2068 71 30 was
628 2059 61 34 the
703 2062 165 33 creditor
882 2062 144 43 against
1045 2065 262 37 government.
1363 2066 19 34 I
1414 2067 138 35 wished
1573 2075 37 27 to

259 2105 63 35 get
358 2098 30 35 it
420 2104 132 34 settled
581 2106 32 33 if
640 2106 15 34 I
687 2108 123 40 could,
837 2109 72 33 and
944 2109 188 34 therefore
1162 2111 93 46 kept
1276 2113 86 34 well
1393 2117 92 33 with
1518 2117 91 34 Mrs.

263 2143 157 39 Clarke.
426 2152 97 38 —Q.
547 2152 112 35 What
684 2156 47 33 do
750 2167 76 33 you
844 2157 113 34 know
976 2157 45 35 of
1031 2169 22 24 a
1080 2158 78 35 Mr.
1179 2159 213 44 Lodovick,
1408 2173 45 22 or
1468 2164 48 34 do
1534 2176 76 33 you

261 2183 74 44 Ino
346 2204 30 24 w
391 2205 76 35 any
480 2199 104 44 thin;
595 2202 46 33 of
654 2202 73 34 this
745 2206 161 40 person?
958 2205 50 34 A.
1026 2206 14 34 I
1057 2205 224 35 understood
1298 2209 84 34 that
1398 2211 74 35 Mr.
1491 2212 97 34 Lodo-

262 2239 87 34 vick
369 2246 145 32 wanted
528 2257 24 22 a
569 2249 123 44 place,
705 2262 22 22 a
749 2254 280 43 Commissary's
1046 2254 126 45 place,
1187 2265 43 22 or
1245 2258 209 43 something
1469 2259 45 33 of
1527 2259 80 34 that

260 2285 210 46 kind.—Q.
496 2294 94 34 Who
605 2302 76 30 seat
795 2300 195 34 Lodovick
1009 2307 38 27 to
1062 2311 76 33 you
1152 2302 116 35 ?A.
1286 2303 92 37 Mrs.
1401 2307 209 37 Clarke.—

348 2337 73 33 She
439 2348 78 27 sent
537 2342 72 35 him
630 2350 39 28 to
689 2357 72 33 you
793 2353 39 31 to
857 2357 162 34 procure
1038 2349 76 34 him
1131 2361 25 22 a
1174 2352 133 45 place?
1359 2353 53 38 A.
1440 2354 93 44 Yes,
1569 2360 39 31 to

257 2389 70 34 ptit
356 2385 73 35 him
459 2387 34 35 in
520 2391 61 34 the
612 2404 89 34 way
718 2394 44 35 of
960 2396 83 33 And
1075 2407 76 25 was
1163 2409 73 34 any
1256 2409 135 37 money
1411 2401 194 47 deposited

261 2430 34 32 in
334 2440 272 40 consequence?
660 2443 51 34 A.
738 2443 99 41 Yes,
874 2443 99 37 750/.
990 2445 107 39 —Q.
1128 2446 100 34 Who
1257 2457 103 26 were
1385 2448 66 35 the
1482 2457 125 38 agents

259 2481 39 27 to
330 2480 122 35 wham
485 2496 72 32 you
588 2498 100 25 were
720 2494 38 30 to
789 2491 94 34 have
913 2492 107 44 given
1050 2492 76 35 this
1153 2504 149 37 money,
1329 2496 38 34 in
1385 2498 63 35 the
1463 2506 107 27 event
1591 2500 13 33 ?

257 2524 52 34 A.
334 2528 73 34 Mr.
426 2531 133 35 Tindal
578 2545 74 25 was
674 2542 37 30 to
731 2538 94 34 have
844 2539 72 33 had
943 2539 63 33 the
1020 2541 96 34 1501.
1136 2541 66 35 the
1218 2543 109 34 other
1342 2543 103 37 6001.
1469 2546 17 33 I
1504 2545 103 35 don't

255 2569 118 40 know
404 2577 90 35 who
529 2593 73 25 was
631 2589 40 30 to
702 2585 96 34 have
828 2587 89 43 had,
948 2593 139 40 except
1111 2589 79 33 Mr.
1222 2588 197 47 Lloyd.—
1434 2593 50 40 Q.
1522 2595 83 33 And

261 2621 105 37 what
387 2634 98 27 were
504 2640 72 32 you
595 2637 38 27 to
660 2639 60 37 get
739 2635 32 32 if
787 2634 63 34 the
861 2636 262 44 appointment
1141 2637 94 33 took
1261 2639 133 44 place?
1450 2642 47 35 A.
1526 2642 53 34 No-

257 2668 107 47 thing
381 2680 39 28 at
630 2681 90 34 You
732 2681 67 35 had
816 2692 47 25 no
878 2683 109 33 other
1002 2694 162 34 purpose
1174 2683 85 35 than
1274 2688 139 45 merely
1431 2693 35 30 to
1482 2691 136 43 oblige.

256 2718 94 37 Mrs.
369 2722 168 35 Clarke?
588 2727 50 33 A.
674 2727 78 44 No,
781 2730 17 33 I
826 2730 73 34 had
917 2741 46 22 no
981 2731 109 35 other
1113 2735 282 41 purpose.—Q.
1426 2735 87 37 Had
1532 2747 74 34 you

255 2776 90 26 ever
363 2777 237 38 represented
618 2778 175 41 yourself
807 2783 38 30 to
866 2780 25 35 Z?
912 2789 34 24 rs
950 2805 8 8 .
981 2779 143 34 Clarke
1152 2790 40 24 as
1217 2781 137 45 having
1365 2793 73 34 any
1454 2794 132 25 connec-

254 2815 115 41 tions,
386 2828 41 22 as
444 2818 175 48 knowing
632 2833 73 34 any
725 2835 145 35 person,
892 2826 158 40 through
1072 2826 125 34 whom
1219 2839 72 26 you
1311 2829 118 44 might
1448 2842 159 34 procure

252 2872 74 34 any
344 2868 289 43 appointment?
689 2871 50 35 A.
767 2872 143 43 Never,
947 2875 14 33 I
989 2885 61 22 am
1072 2885 85 24 sure
1175 2865 33 45 of
1208 2865 18 45 .
1415 2880 78 34 Did
1512 2880 91 38 Mr!.

255 2911 148 35 Clarke
419 2926 90 25 ever
537 2919 122 46 apply
676 2926 38 28 to
732 2931 76 33 you
826 2931 48 25 on
889 2931 76 34 any
983 2922 110 34 other
1109 2933 100 25 cases
1227 2924 45 33 of
1291 2924 73 34 this
1385 2926 116 37 kind?
1553 2927 52 37 A.

253 2957 99 45 Yes,
371 2962 60 34 for
445 2974 21 22 a
481 2968 210 40 gentleman
705 2968 44 34 of
761 2968 65 35 the
839 2980 105 24 name
958 2969 44 35 of
1016 2970 204 46 Thomson,
1233 2982 22 22 a
1267 2972 164 37 relation
1444 2974 45 35 of
1495 2974 109 37 per's.

252 3006 48 39 Q.
328 3009 119 34 When
478 3024 98 25 were
592 3017 52 32 all
666 3015 100 34 these
783 3018 257 44 applications
1057 3018 136 34 made?
1246 3020 50 35 A.
1318 3021 107 34 Since
1441 3022 144 46 Septem-

246 3054 69 34 ber
332 3057 194 45 last.---Q.
550 3061 73 35 Did
639 3074 74 33 you
728 3070 64 31 not
808 3065 113 35 know
940 3065 83 35 that
1033 3065 65 37 she
1119 3067 73 34 had
1209 3069 200 45 separated
1428 3069 94 37 from
1543 3070 64 37 the

244 3102 117 38 Duke
379 3112 40 28 at
439 3107 79 35 that
536 3110 87 35 time
638 3112 13 33 ?
705 3111 48 35 A.
777 3113 87 40 No;
889 3113 64 34 she
981 3123 113 25 never
1123 3115 80 39 told
1232 3126 57 22 me
1315 3115 84 37 that
1424 3117 65 35 she
1517 3118 87 35 had.

246 3154 99 39 —Q.
371 3155 63 34 Do
452 3167 73 33 you
554 3165 63 27 not
643 3159 111 34 know
772 3161 85 34 that
889 3162 86 33 Mrs.
996 3162 142 35 Clarke
1156 3162 85 35 used
1256 3168 41 30 to
1320 3170 193 40 represent
1530 3178 74 33 you

248 3213 43 25 as
312 3204 61 34 the
394 3206 116 34 Duke
523 3207 43 34 of
582 3208 194 41 Portland,
791 3209 86 34 used
899 3214 38 30 to
956 3221 64 33 say
1037 3210 83 33 that
1141 3220 73 34 you
1233 3221 99 25 were
1350 3211 69 35 her
1435 3213 112 37 Duke
1565 3216 44 33 of

250 3252 184 37 Portland
451 3255 12 33 ?
523 3255 45 34 A.
593 3256 11 33 I
630 3267 111 24 never
768 3257 111 33 knew
901 3257 28 33 it
948 3257 57 33 till
1030 3257 17 33 I
1070 3257 116 34 heard
1206 3269 38 25 so
1264 3259 64 34 the
1343 3260 112 34 other
1465 3263 90 43 day.

301 3301 96 34 Lard
457 3304 60 33 ro
528 3313 51 24 Lts
589 3313 72 25 sTo
673 3315 21 22 N
706 3304 135 40 e.—Q.
896 3305 120 34 When
1070 3317 74 33 you
1204 3306 113 37 found
1372 3308 85 34 that
1509 3309 92 38 Mrs.

248 3348 149 40 Clarke
433 3350 72 35 had
540 3363 39 24 so
613 3352 102 35 little
762 3353 154 34 interest
948 3358 40 30 to
1026 3353 131 35 obtain
1192 3354 64 34 the
1286 3356 214 43 situations,
1543 3358 63 35 for

244 3398 131 34 which
394 3398 66 34 she
490 3400 170 34 received
689 3411 96 32 your
808 3400 216 40 assistance,
1051 3402 87 32 how
1157 3412 106 24 came
1281 3415 74 32 you
1378 3409 38 31 to
1442 3404 161 47 imagine

244 3446 85 34 that
347 3446 65 33 she
435 3446 72 33 had
526 3448 178 34 sufficient
725 3448 149 34 interest
891 3448 91 34 with
1000 3449 64 34 the
1085 3449 116 35 Duke
1215 3450 44 34 of
1273 3452 118 34 York
1410 3458 40 27 to
1470 3454 131 35 obtain

244 3506 98 34 your
360 3493 130 46 object
647 3497 13 33 I
685 3496 170 34 believed
872 3497 66 33 she
957 3497 69 34 had
1045 3497 77 34 still
1142 3498 261 37 considerable
1423 3501 178 37 influence

239 3553 94 25 over
376 3543 65 34 the
490 3544 129 40 Duke,
661 3544 69 33 and
771 3555 78 22 was
879 3544 115 34 under
1033 3544 58 33 his
1127 3547 331 43 protection.—Q.
1498 3550 99 34 How

247 3602 112 33 many
379 3591 216 37 interviews
615 3593 71 32 had
707 3604 89 32 you,
831 3604 46 24 on
898 3593 151 34 various
1067 3595 207 41 occasions,
1302 3596 96 34 with
1416 3598 74 37 Mr.
1509 3598 70 35 Tin-

239 3640 64 37 dal
326 3640 63 33 ?
398 3640 48 34 A.
472 3641 15 33 I
508 3647 135 28 cannot
663 3641 81 40 tell,
778 3641 69 34 but
868 3651 25 24 a
920 3646 104 39 great
1055 3644 226 41 many.—Q.
1302 3643 45 37 In
1362 3656 78 35 any
1465 3656 69 25 one
1560 3648 45 33 of

239 3689 110 37 those
363 3689 215 33 interviews
596 3689 65 34 did
681 3699 72 33 you
783 3690 70 32 a,ic
886 3689 73 34 Mr.
979 3689 136 34 Tindal
1133 3689 164 47 through
1318 3693 107 35 what
1442 3692 154 37 channel

239 3738 52 34 he
309 3746 77 24 teas
420 3742 38 27 to
485 3737 130 34 obtain
643 3736 106 34 those
777 3737 282 45 appointments
1072 3737 119 35 ?—A.
1222 3741 58 33 On
1307 3751 70 24 one
1407 3742 190 43 occasion,

239 3787 84 35 that
341 3785 45 33 of
415 3784 73 34 Mr.
514 3784 243 43 Lodovick's,
785 3784 18 34 I
822 3785 118 33 asked
960 3785 73 33 Mr.
1054 3785 138 34 Tindal
1212 3787 161 45 through
1401 3790 105 35 what
1522 3801 50 24 me-

236 3835 106 34 dium
374 3834 47 34 he
451 3844 76 24 was
554 3833 122 44 likely
703 3840 38 27 to
759 3834 132 33 obtain
921 3831 64 34 the
1013 3833 281 46 appointments
1309 3849 12 28 ;
1346 3839 74 33 and
1455 3837 47 35 he
1531 3849 46 24 an-

235 3883 148 35 owered
405 3892 57 25 me
490 3882 161 43 thrcugh
672 3881 61 33 the
755 3880 207 35 Wellesiev
981 3881 165 44 interest,
1176 3883 67 33 but
1274 3883 45 34 he
1335 3886 64 33 did
1420 3891 64 31 not
1500 3896 74 26 men-

236 3934 80 31 tion
335 3943 73 24 any
433 3930 216 46 particular
669 3930 253 45 person.—Q.
945 3930 111 33 What
1080 3928 84 38 first
1182 3932 59 34 led
1259 3943 74 34 you
1354 3938 39 30 to
1411 3935 74 35 \lr.
1505 3935 65 37 Tin-

235 3980 63 33 dal
317 3980 11 32 ?
383 3980 51 34 A.
459 3977 17 37 I
498 3979 72 34 had
592 3980 93 31 been
706 3978 228 45 acquainted
958 3977 89 35 with
1069 3978 77 34 him
1165 3990 40 24 as
1230 3991 25 22 a
1280 3980 91 34 kind
1397 3981 46 34 of
1469 3989 125 39 agent,

231 4029 72 33 and
322 4028 223 33 understood
565 4028 41 32 he
622 4026 111 33 could
756 4026 133 33 obtain
906 4026 285 44 appointments
1207 4028 117 35 under
1339 4039 254 34 government.

235 4077 14 33 I
280 4087 73 24 was
369 4077 119 32 about
521 4080 37 28 to
578 4081 112 32 state,
710 4074 83 34 that
826 4074 19 34 I
882 4072 73 34 had
974 4075 224 34 understood
1228 4076 73 35 Mr.
1326 4078 176 38 Manners
1522 4080 72 34 had

230 4124 172 34 received
441 4135 26 22 a
488 4123 111 34 letter
626 4121 96 35 from
755 4122 64 34 the
847 4122 115 35 Duke
990 4121 45 35 of
1058 4122 136 43 York.,
1225 4124 35 33 in
1291 4124 125 35 which
1446 4127 44 35 he
1518 4140 77 24 was

226 4183 77 33 pro
313 4173 107 34 nited
445 4183 25 24 a
497 4172 109 46 place
622 4170 163 34 suitable
815 4175 40 30 to
883 4170 58 33 his
967 4181 105 24 name
1096 4170 74 34 and
1196 4170 148 46 family.
1442 4176 43 40 Q.
1517 4178 77 33 Did

989 4219 80 37 that
1093 4219 67 38 bare
1193 4219 73 38 had
1294 4222 148 46 lepoken
1475 4230 39 31 to
1530 4226 65 35 the
223 4222 94 37 Her.
340 4222 163 44 Clarke,
524 4221 35 35 in
576 4230 99 37 your
694 4219 171 46 hearing,
892 4230 67 34 ray

2854 104 63 52 !B.
2963 107 78 61 19,

1683 235 113 35 Duke
1808 236 44 34 of
1878 227 111 44 York
2008 248 47 24 on
2073 236 63 37 the
2148 239 126 34 affairs
2285 237 46 34 of
2355 239 73 33 Mr.
2445 239 175 34 Manners
2634 239 14 33 ?
2675 239 52 34 A.
2957 236 83 38 Did

1681 283 64 34 she
1760 294 89 25 ever
1864 285 163 35 mention
2042 285 77 35 Mr.
2134 283 204 38 Manners's
2352 286 162 35 business
2531 292 39 28 to
2588 280 76 51 ion
2678 286 13 33 ?
2719 286 51 35 A.
2794 283 20 37 I
2832 286 47 34 do
2898 291 64 30 not
2979 295 40 25 re-

1681 332 250 43 collect.—Q.
1961 333 78 35 Did
2075 344 73 34 you
2181 337 165 32 transact
2378 335 64 33 the
2471 334 163 34 business
2665 333 61 35 fur
2756 333 98 39 Mrs.
2889 333 148 35 Clarke

1681 381 266 45 gratuitously,
1965 391 43 24 or
2026 381 65 33 did
2109 392 72 34 you
2202 387 143 40 expect
2362 386 37 28 to
2422 381 131 34 derive
2569 391 73 35 any
2657 381 226 34 emolument
2900 381 13 33 ?
2943 381 48 34 A.
3017 380 19 35 I

1684 428 119 45 hoped
1818 435 38 28 to
1872 436 61 37 get
1950 439 61 34 my
2028 435 155 30 account
2194 429 252 40 settled.—Q.
2466 430 100 34 How
2589 430 87 44 long
2704 430 30 34 is
2769 429 33 37 it
2833 429 98 35 since
2959 439 77 34 you

1683 474 94 37 have
1793 476 109 45 given
1920 487 50 35 up
1990 476 65 35 the
2073 477 113 46 hopes
2202 476 45 35 of
2272 477 66 34 the
2356 478 210 33 settlement
2581 477 13 34 ?
2626 477 47 34 A.
2704 477 131 34 About
2851 485 25 25 a
2888 476 148 37 mouth.

1730 524 92 34 Mrs.
1840 524 142 34 Clarke
2014 535 77 25 was
2121 526 84 33 then
2233 526 124 33 called
2392 524 51 43 in,
2471 526 90 34 who
2589 526 190 45 produced
2796 535 25 25 a
2838 524 142 46 packet
2996 523 46 35 of

1681 570 143 43 letters,
1864 572 125 35 which
2019 572 65 35 she
2117 573 78 34 said
2224 574 67 34 she
2319 573 72 35 had
2414 573 172 35 received
2619 572 94 35 from
2748 574 80 33 Mr.
2864 570 171 46 Maltby,

1681 619 124 35 which
1825 620 64 34 she
1907 621 194 43 presumed
2118 627 39 28 to
2176 622 44 33 he
2238 621 58 34 his
2311 620 282 45 hand-writing,
2610 620 97 35 from
2726 620 58 34 his
2798 630 106 26 name
2923 620 113 47 being

1680 667 124 44 signed
1822 676 39 26 to
1881 669 99 33 them
2013 669 72 34 all.
2137 669 71 33 She
2224 669 84 35 also
2343 669 187 46 produced
2562 676 79 28 two
2676 670 131 33 letters
2825 669 98 33 from
2954 669 78 33 Mr.

1687 715 155 43 Barber,
1871 715 126 35 whose
2019 716 272 46 hand-writing
2301 716 72 35 she.
2393 717 79 34 also
2493 716 190 46 professed
2701 716 263 45 a•knowledge
2980 715 56 34 of.

1681 762 74 33 She
1770 774 76 24 was
1864 764 87 34 then
1976 764 117 34 asked
2113 763 33 35 if
2169 765 64 33 she
2262 765 74 33 had
2365 775 71 35 any
2456 767 112 32 other
2597 764 128 35 letters
2744 775 46 25 or
2815 772 137 38 papers

1774 811 144 41 replied
1937 811 64 35 she
2019 811 96 41 had;
2141 811 104 35 three
2264 811 98 35 from
2381 811 83 38 Col.
2483 811 220 37 M`Mahott.

1731 854 97 39 Lord
1852 857 235 38 FOLKSTON
2099 869 22 25 E
2137 860 115 34 asked
2277 861 65 34 her
2378 861 33 34 if
2434 861 64 35 she
2518 860 70 35 had
2607 870 74 33 any
2708 860 110 35 other
2835 866 137 39 papers
2991 865 39 30 to

1682 906 161 44 produce
1858 907 12 32 ?
1925 907 50 34 A.
2004 907 107 41 Yes;
2137 907 64 35 she
2218 908 86 34 then
2323 908 191 45 presented
2542 918 25 25 a
2585 909 110 33 letter
2711 908 97 35 from
2828 909 64 33 the
2909 907 100 35 Arch-

1681 953 136 46 bishop
1834 956 136 40 Tuam,
1998 956 37 33 in
2050 956 337 35 recommendation
2404 956 44 35 of
2463 956 72 35 Dr.
2555 956 177 35 O'Mara.
2789 957 93 35 This
2900 956 130 43 letter,

1678 999 66 35 she
1759 1003 136 41 stated,
1923 1013 77 24 was
2028 1007 64 30 not
2118 1003 162 35 directed
2314 1010 40 28 to
2386 1003 81 44 her,
2493 1005 66 33 but
2582 1009 44 30 to
2660 1003 64 37 the
2760 1004 145 35 Doctor
2939 1003 94 37 him.

1677 1048 84 37 self.
1812 1049 73 35 She
1919 1049 70 35 had
2022 1051 81 34 also
2130 1061 24 25 a
2177 1051 110 34 letter
2310 1051 96 35 from
2433 1052 61 33 the
2528 1052 115 34 Duke
2670 1052 45 33 of
2728 1052 135 40 York,
2888 1062 46 24 on
2969 1052 61 33 the

1677 1095 143 47 subject
1837 1096 45 35 of
1905 1098 161 34 General
2086 1098 200 45 Claveriag
2298 1111 13 28 ;
2337 1100 69 34 and
2435 1100 65 34 the
2532 1100 115 34 Duke
2665 1098 45 35 of
2725 1098 145 38 York's
2887 1109 145 26 answer

1680 1150 39 27 to
1737 1147 65 32 her
1821 1146 210 45 respecting
2060 1144 70 37 Dr.
2161 1147 190 41 O'Mara;
2380 1147 72 35 and
2471 1157 25 24 a
2512 1147 113 34 letter
2655 1146 96 38 from
2789 1149 84 34 Cu!.
2897 1148 131 39 Shaw,

1677 1191 109 35 dated
1804 1192 97 35 from
1918 1193 64 35 the
2014 1193 155 43 Downs,
2194 1194 180 46 previous
2392 1201 40 28 to
2461 1195 58 34 his
2522 1195 19 43 -
2541 1195 132 43 sailing
2691 1195 59 34 fur
2769 1196 64 33 the
2862 1196 109 44 Cape
2988 1195 47 39 of

1680 1239 107 35 Good
1808 1240 130 45 Hope,
1961 1241 72 34 and
2052 1241 187 43 soliciting
2256 1248 41 27 to
2316 1245 44 31 be
2380 1243 132 46 placed
2539 1254 46 22 on
2606 1243 64 34 the
2688 1243 171 46 half-pay
2878 1243 76 34 list.

1727 1289 47 39 Q.
1807 1289 109 33 Have
1931 1299 74 34 you
2019 1299 85 25 seen
2120 1289 61 34 the
2202 1290 115 34 Duke
2335 1290 43 35 of
2396 1291 112 35 York
2538 1290 126 43 write,
2686 1291 70 33 and
2787 1291 30 33 is
2835 1291 64 34 the
2916 1291 113 35 letter

1676 1344 85 24 now
1778 1333 124 37 •hewn
1920 1341 39 30 to
1978 1346 79 34 you
2076 1336 53 34 his
2148 1337 279 46 writiig;—A.
2457 1338 97 40 Yes,
2572 1338 18 41 I
2609 1339 98 33 have
2724 1348 84 25 seen
2828 1338 56 34 his
2900 1337 128 47 Royal

1678 1381 183 46 Highness
1876 1383 123 35 write.
2044 1383 92 35 This
2167 1384 112 35 letter
2307 1391 39 28 to
2365 1387 146 43 George
2539 1385 197 46 Farquhar
2769 1385 30 33 is
2832 1385 56 33 his
2915 1385 91 34 hand-

1680 1431 163 44 writing.
1898 1433 128 45 Every
2059 1431 110 34 letter
2192 1431 54 35 his
2285 1433 126 46 Royal
2447 1433 187 45 Highness
2665 1434 198 34 addressed
2898 1440 37 28 to
2953 1444 72 33 me,

1677 1478 64 34 the
1755 1480 298 45 superscription
2081 1491 73 24 was
2170 1479 33 34 in
2224 1492 22 24 a
2267 1481 177 35 fictitious
2460 1481 112 41 hand,
2598 1481 72 35 and
2683 1481 168 35 directed
2872 1487 35 28 to
2930 1483 89 33 Mrs.

1675 1525 156 43 Clarke,
1854 1532 40 30 at
1913 1527 61 33 the
1995 1527 241 44 Post-Office,
2271 1530 210 43 Worthing,
2507 1535 41 28 to
2569 1530 45 33 be
2633 1530 69 33 left
2718 1530 59 33 till
2794 1530 123 34 called
2948 1530 74 34 for.

1676 1573 83 34 The
1778 1574 116 33 inside
1915 1576 45 32 of
1981 1574 109 34 those
2105 1576 123 35 letters
2248 1587 99 22 were
2366 1579 35 33 in
2418 1578 56 32 his
2497 1576 220 45 Highness's
2735 1578 105 34 usual
2863 1578 163 33 hand.—

1676 1620 47 39 Q.
1752 1620 100 34 How
1869 1622 64 34 did
1964 1633 74 33 you
2057 1633 103 24 come
2178 1630 37 27 to
2235 1624 64 33 the
2329 1624 224 44 knowledge
2571 1624 45 34 of
2637 1625 61 33 the
2718 1625 244 45 Archbishop
2985 1625 45 34 of

1676 1668 149 35 Tuain's
1843 1669 269 45 hand-writing
2127 1672 17 32 T.
2193 1671 48 34 A.
2264 1671 17 33 I
2304 1671 113 35 found
2435 1672 64 34 the
2515 1672 112 34 letter
2639 1672 51 45 by
2707 1672 171 35 accident
2893 1683 139 35 among,

1674 1716 63 35 the
1768 1716 211 35 documents
2009 1719 46 33 of
2089 1719 67 34 Dr.
2185 1719 178 34 O'Mara.

1721 1765 103 34 Here
1845 1766 92 34 Mrs.
1978 1765 144 37 Clarke
2157 1776 72 24 was
2245 1767 158 34 ordered
2433 1770 40 32 to
2502 1767 220 41 withdraw,
2744 1768 110 35 when
2881 1770 145 34 several

1672 1811 126 35 letters
1813 1812 44 34 of
1867 1813 73 34 Mr.
1964 1814 149 45 Maltby
2135 1824 94 25 were
2248 1818 89 31 real
2355 1817 48 41 by
2421 1814 63 35 the
2500 1817 130 34 Clerk.
2682 1817 112 45 They
2823 1817 142 35 related
2987 1824 37 30 to

1671 1860 280 44 appointments
1985 1861 125 35 which
2145 1863 89 33 Mrs.
2271 1863 145 35 Clarke
2457 1864 210 34 undertook
2701 1870 37 27 to
2792 1865 133 33 obtain
2961 1865 63 35 for

1670 1906 169 35 dttkrent
1858 1909 155 43 officers,
2030 1910 129 46 urging
2171 1910 65 35 her
2254 1917 39 28 to
2308 1920 195 35 persevere
2516 1912 39 34 in
2585 1912 98 34 their
2704 1912 132 34 behalf
2851 1924 24 22 K
2887 1913 57 37 itb
2960 1915 67 34 the

1678 1954 113 35 Duke
1817 1956 45 32 of
1890 1957 129 34 York.

1721 2003 83 33 The
1822 2006 209 33 remainder
2048 2004 44 34 of
2113 2006 72 34 Mr.
2199 2004 185 47 Malthy's
2417 2006 128 35 letters
2572 2006 71 35 had
2676 2007 190 35 reference
2884 2011 40 32 to
2943 2009 79 35 Mr.

1676 2049 150 35 Barber
1841 2052 72 34 and
1930 2053 76 33 Mr.
2023 2053 137 44 Lloyd,
2187 2053 33 34 in
2250 2054 61 34 tire
2331 2055 244 45 procuration
2594 2055 47 34 of
2657 2066 25 25 a
2704 2056 181 34 situation
2903 2057 38 33 in
2957 2057 67 35 the

1676 2098 283 37 Commissariat
1971 2100 261 46 Department,
2259 2101 59 34 for
2340 2102 77 33 Mr.
2435 2102 210 35 Lodovick.

1720 2146 96 34 Two
1832 2157 44 24 or
1891 2148 107 34 three
2015 2148 131 35 letters
2159 2148 93 34 from
2270 2148 87 35 Col.
2376 2151 203 34 M`Mahon
2600 2156 38 30 to
2654 2151 89 35 Mrs.
2761 2151 144 37 Clarke
2920 2163 104 26 were

1675 2192 86 35 then
1785 2194 100 33 read.

1720 2241 83 35 The
1819 2243 71 33 laat
1907 2242 46 34 of
1965 2244 157 34 Colonel
2143 2244 236 37 11‘11ahon's
2395 2246 128 33 letters
2546 2246 191 44 declared,
2772 2246 58 34 his
2852 2249 93 35 total
2967 2249 35 35 in-

1669 2290 141 43 ability
1834 2295 39 31 to
1899 2301 106 25 serve
2033 2293 92 33 Mrs.
2156 2293 141 35 Clarke
2311 2306 12 28 ;
2352 2295 79 40 but,
2459 2300 43 28 at
2526 2295 64 33 the
2619 2304 99 25 same
2743 2296 109 43 time,
2881 2297 44 34 he
2952 2307 46 25 ex-

1671 2339 145 43 pressed
1835 2339 63 32 the
1913 2339 86 45 high
2019 2349 102 24 sense
2138 2340 44 34 he
2196 2342 233 34 entertained
2440 2342 46 33 of
2499 2342 66 34 her
2583 2352 165 26 manners
2760 2344 71 33 and
2846 2344 175 44 conduct,

1672 2383 124 34 which
1809 2385 201 35 demanded
2028 2387 155 47 nothing
2198 2391 67 33 but
2283 2389 56 33 his
2357 2395 158 40 respect,
2533 2391 73 33 and
2623 2400 47 27 an
2686 2402 196 27 assurance
2900 2392 45 37 of
2957 2394 66 34 the

1668 2432 99 45 good
1787 2434 132 34 wishes
1936 2434 46 34 be
1997 2435 231 35 entertained
2248 2435 64 35 for
2329 2437 80 35 her.

2039 2509 321 41 AUTHENTIC
2392 2511 265 47 LETTERS,

1809 2571 118 27 FROM
1956 2571 98 28 THAI
2081 2572 120 28 DUE
2231 2576 54 25 OF
2314 2574 118 30 ronx
2466 2576 54 28 TO
2548 2577 104 27 MRS.
2682 2578 188 27 CLIRNR.

2637 2629 144 45 August
2800 2631 37 43 4,
2859 2631 107 35 1805.

1769 2669 98 35 How
1885 2681 69 25 can
1974 2670 19 38 I
2011 2672 216 48 sufficiently
2248 2683 157 38 express
2433 2678 39 32 to
2502 2685 61 35 my
2582 2683 187 35 sweetest,
2789 2691 59 32 my
2869 2681 149 44 darling

1674 2718 116 43 Love,
1817 2718 60 34 the
1903 2719 145 45 delight
2069 2721 119 34 which
2207 2722 67 33 her
2293 2722 105 40 dear,
2417 2722 66 34 her
2502 2730 130 39 pretty
2649 2725 112 34 letter
2778 2737 94 32 gave
2890 2738 71 30 me,
2976 2740 41 21 or

1672 2765 85 35 how
1778 2767 105 33 much
1903 2766 17 33 I
1936 2766 71 35 feel
2026 2769 53 33 all
2092 2769 63 35 the
2165 2769 90 34 kind
2269 2770 123 45 things
2404 2769 66 34 she
2484 2780 86 34 says
2588 2778 39 27 to
2644 2783 58 24 me
2720 2773 35 34 in
2771 2774 26 33 it
2819 2774 7 33 !
2855 2776 163 34 millions

1669 2813 71 33 and
1759 2813 163 34 millions
1935 2813 44 34 of
1993 2815 137 35 thanks
2145 2816 58 37 for
2220 2818 45 40 it,
2284 2828 59 35 my
2363 2817 116 44 Angel
2499 2818 8 34 !
2533 2820 73 33 and
2626 2820 47 33 be
2691 2823 149 32 assured
2859 2822 77 35 that
2956 2835 61 34 my

1671 2859 106 35 heart
1796 2861 30 33 is
1843 2861 97 39 fully
1958 2863 158 35 sensible
2133 2864 45 33 of
2190 2875 96 33 your
2300 2865 194 44 affection,
2524 2867 73 34 and
2628 2868 84 34 that
2739 2880 102 34 upon
2861 2870 28 34 it
2906 2872 109 33 alone

1671 2909 45 33 its
1734 2909 123 33 whole
1876 2909 200 45 happiness
2095 2911 171 46 depends.
2307 2911 19 35 I
2341 2924 76 28 am,
2431 2913 191 45 however,
2639 2916 103 45 quite
2758 2917 86 34 hurt
2859 2919 79 33 that
2955 2931 60 33 my

1672 2955 98 35 Love
1791 2956 64 34 did
1881 2963 64 27 not
1961 2968 47 34 go
2028 2966 39 26 to
2087 2960 61 33 the
2169 2960 128 37 Lewes
2319 2961 144 40 Races;
2493 2963 86 33 how
2600 2965 90 33 kind
2706 2963 45 35 of
2765 2965 67 34 her
2852 2970 35 30 to
2907 2967 109 35 think

1667 3004 45 33 of
1719 3014 59 24 me
1794 3013 100 35 upon
1912 3004 63 35 the
1993 3008 169 34 occasion
2177 3020 12 28 ;
2210 3009 72 34 but
2306 3009 17 34 I
2342 3015 90 27 trust
2452 3009 81 34 that
2546 3009 65 37 she
2631 3011 131 37 knows
2781 3022 58 25 me
2850 3018 63 31 too
2928 3017 87 33 well

1667 3056 65 31 not
1744 3056 39 30 to
1800 3052 46 34 be
1861 3053 204 35 convinced
2078 3056 81 33 that
2176 3053 15 39 I
2207 3063 133 30 cannot
2359 3057 90 35 bear
2464 3057 64 35 the
2546 3058 87 37 idea
2648 3059 44 34 of
2699 3060 139 46 adding
2854 3066 38 30 to
2911 3061 105 37 those

1667 3099 184 34 sacrifices
1869 3100 123 34 which
2008 3102 18 34 I
2041 3113 63 24 um
2120 3104 61 34 but
2199 3110 64 31 too
2280 3105 157 35 sensible
2454 3102 81 39 that
2554 3107 65 33 she
2647 3107 65 35 has
2735 3109 109 34 made
2872 3115 38 30 to
2939 3122 73 25 me.

1669 3146 131 40 News,
1828 3158 61 34 my
1915 3149 119 44 Angel
2063 3158 131 28 cannot
2220 3159 144 39 expect
2391 3154 94 34 from
2503 3164 58 25 me
2578 3154 97 35 from
2704 3155 113 37 hence
2835 3169 12 30 ;
2872 3157 141 47 though

1668 3195 63 34 the
1748 3194 69 35 life
1833 3195 60 35 led
1913 3195 104 44 here,
2035 3204 40 27 at
2094 3198 90 35 least
2202 3200 35 37 in
2257 3201 64 34 the
2339 3200 132 47 family
2489 3201 19 37 I
2522 3213 63 25 am
2600 3203 52 41 in,
2667 3203 27 35 is
2714 3215 90 35 very
2822 3206 194 46 hurrying,

1668 3243 105 34 there
1791 3243 28 34 is
1835 3253 25 25 a
1874 3254 183 26 sameness
2075 3247 34 33 in
2127 3247 30 34 it
2177 3248 123 35 which
2317 3249 135 35 affords
2477 3250 103 35 little
2600 3250 143 46 subject
2761 3252 60 35 for
2838 3265 22 24 a
2877 3255 135 41 letter;

1667 3296 139 39 except
1827 3292 97 34 Lord
1942 3293 274 38 Chesterfield's
2238 3296 152 45 family,
2419 3298 107 35 there
2559 3299 30 35 is
2619 3307 64 28 not
2699 3311 25 25 a
2739 3301 118 45 single
2882 3313 135 35 person

1667 3344 139 40 except
1821 3341 184 35 ourselves
2024 3343 83 34 that
2127 3344 17 34 I
2167 3345 128 37 know.
2352 3346 84 35 Last
2453 3347 124 43 night,
2598 3358 57 24 we
2672 3359 96 25 were
2781 3356 40 28 at
2843 3351 63 34 the
2920 3353 92 44 play

1671 3387 119 33 which
1807 3392 98 31 went
1920 3390 56 34 off
1990 3390 123 34 better
2130 3392 85 35 than
2232 3393 64 33 the
2315 3393 77 34 first
2409 3394 119 45 night.
2585 3394 71 37 Dr.
2678 3398 189 35 O'Meara
2888 3402 122 32 called

1667 3446 100 34 upon
1791 3446 57 22 me
1871 3439 201 44 yesterday
2101 3441 178 45 morning,
2310 3442 71 34 and
2420 3442 191 37 delivered
2642 3455 56 25 me
2735 3456 98 35 your
2872 3446 112 37 letter
3000 3464 11 22 ;

1667 3484 45 34 he
1731 3482 133 39 wishes
1894 3485 109 34 much
2023 3493 40 28 to
2083 3489 135 43 preach
2250 3488 130 37 before
2409 3490 187 47 Royalty,
2631 3493 71 34 and
2735 3493 33 35 if
2802 3494 15 35 I
2846 3506 67 24 can
2946 3504 69 37 put

1669 3531 74 35 him
1763 3531 34 34 in
1817 3531 63 34 the
1898 3543 85 35 way
2003 3534 45 35 of
2072 3534 27 35 it
2121 3535 14 35 I
2158 3537 93 34 will.
2311 3537 110 37 What
2437 3552 25 22 a
2481 3539 91 34 time
2591 3541 27 34 it
2637 3550 167 38 appears
2824 3548 37 27 to
2880 3554 58 22 sae
2954 3546 39 33 al-

1665 3580 131 44 ready,
1817 3591 59 34 my
1894 3581 163 44 darling,
2083 3583 94 35 since
2210 3595 57 25 we
2301 3587 131 44 parted
2450 3600 12 27 ;
2490 3586 102 37 How
2614 3588 240 46 impatiently
2877 3591 18 35 1
2916 3591 93 37 look

1664 3627 164 35 forward
1847 3634 38 28 to
1903 3637 92 31 next
2017 3630 229 46 Wednesday
2263 3645 39 24 se
2319 3635 128 44 nnight
2464 3635 9 33 !
2512 3635 83 35 God
2614 3635 94 35 bless
2728 3646 91 34 you,
2841 3648 59 34 my
2924 3651 86 25 own

1662 3677 106 41 dear,
1782 3676 91 35 dear
1892 3678 100 35 Love
2008 3678 9 34 !
2042 3679 18 34 I
2074 3679 93 35 shall
2180 3681 84 34 miss
2278 3681 65 34 the
2360 3689 84 39 post
2465 3683 32 34 if
2511 3684 15 34 I
2542 3684 72 34 add
2630 3694 125 32 more;
2786 3686 64 34 Oh
2865 3687 146 37 believe

1663 3736 56 24 me
1737 3735 104 32 ever,
1859 3732 40 27 to
1916 3737 63 35 my
1996 3728 72 34 last
2085 3728 104 44 hour,
2207 3729 129 46 your's
2353 3732 70 34 and
2443 3731 129 47 your's

1905 3774 208 37 Addressed
2130 3788 9 22 :

1664 3822 93 35 Mrs.
1773 3821 145 45 Clarke,
1938 3827 34 31 to
1988 3826 39 33 be
2039 3824 69 46 left
2125 3829 39 31 at
2181 3827 58 33 the
2261 3827 244 45 Post-Oeice,
2529 3830 217 47 Worthing.

2380 3891 30 19 66
2439 3891 204 46 Sandgate,
2785 3886 64 50 24,
2869 3895 103 38 1804.

1762 3935 97 35 How
1873 3945 67 25 can
1962 3937 18 35 I
1997 3935 219 50 sufficiently
2232 3948 157 35 express
2404 3944 37 30 to
2458 3950 61 35 my
2530 3940 148 46 darling
2694 3941 86 34 love
2798 3953 64 35 my
2872 3944 137 38 thanks

1662 3983 60 37 for
1739 3983 66 37 her
1830 3983 110 45 dear,
1957 3987 94 33 dear
2068 3986 122 44 letter,
2207 3996 46 27 or
2271 3990 52 32 the
2323 3990 18 32 .
2352 3987 142 46 delight
2518 3989 122 35 which
2662 3989 60 35 the
2739 4000 213 27 assurances
2968 3994 46 35 of

1664 4033 63 34 her
1744 4033 85 33 love
1845 4031 86 45 give
1952 4044 58 25 me
2026 4033 14 33 ?
2093 4033 78 44 Oh,
2194 4046 63 34 my
2278 4036 120 45 Angel
2415 4035 8 35 !
2450 4036 51 37 do
2529 4048 58 25 me
2611 4036 139 47 justice
2769 4041 72 33 and
2858 4041 45 34 be
2921 4052 67 26 con-

1663 4082 126 37 vinced
1808 4081 83 37 that
1910 4083 103 35 there
2031 4093 112 26 never
2157 4095 74 25 was
2249 4095 24 24 a
2295 4094 148 26 woman
2456 4085 139 35 adored
2608 4097 43 25 as
2667 4097 74 35 you
2753 4098 80 26 are.
2880 4088 130 51 Every

1659 4130 89 45 day,
1765 4140 116 35 every
1907 4131 96 34 hour
2019 4133 194 35 convinces
2241 4143 57 25 me
2328 4144 102 24 more
2457 4136 73 34 and
2561 4144 102 26 more
2695 4135 83 37 that
2796 4147 61 35 my
2878 4137 102 37 whol

1661 4179 201 45 happiness
1877 4179 163 45 depends
2060 4191 96 35 upon
2176 4192 72 34 you
2269 4183 128 33 alone.
2453 4182 116 35 What
2585 4195 25 22 a
2630 4183 87 34 time
2738 4183 30 34 it
2785 4193 163 37 appears
2966 4178 19 45 t
2985 4178 19 45 o

1656 4228 50 34 bu
1720 4228 100 34 since
1840 4231 54 32 we
1912 4227 150 48 pitrted,
2080 4230 70 37 and
2172 4230 89 39 with
2288 4230 103 39 what
2406 4230 230 50 Impatience
2669 4232 46 37 do
2748 4233 20 35 I
2802 4234 96 34 look
2924 4226 79 69 ft,r

266 102 91 47 116

0 2074 146 591 k

3213 1369 52 48 .40.
3282 1408 18 19 ,

3214 2069 61 34 der
3275 2069 21 34 ,
