3484 4417
1120 128 151 52 TIIE
1306 128 385 52 NATIONAL
1726 126 386 53 REGISTER.
2176 148 26 26 1'

224 136 106 50 122

204 269 181 45 writing?
441 269 46 35 A.
526 269 126 34 There
684 278 162 35 appears
878 278 25 22 a
922 272 126 37 strong
1070 265 206 43 similarity
1306 265 34 33 in
1374 263 30 34 it
1435 270 39 27 to
1509 262 65 35 the

208 315 152 38 Duke's
386 318 163 44 writing,
570 318 67 33 bnt
663 317 17 33 I
711 321 135 28 cannot
875 313 120 46 speak
1017 312 94 37 with
1130 313 197 44 certainty-
1339 317 40 28 to
1400 312 44 43 it,
1462 321 41 25 as
1522 311 57 33 his

210 366 195 47 Signature
424 366 28 34 is
464 371 64 28 not
541 364 175 35 attached
733 370 38 27 to
793 363 65 34 the
872 369 100 27 note.

259 415 163 33 General
446 413 202 44 Brnwnrig
679 422 74 24 was
770 411 124 34 called
914 410 35 33 in
969 410 112 44 again
1111 409 72 34 and
1200 406 201 34 examined
1429 407 48 44 by
1501 406 74 34 Mr.

211 462 159 35 GREEN
386 462 213 39 HILL—Q.
640 458 39 35 If
709 470 72 33 you
811 458 72 34 had
909 465 64 27 not
1000 459 91 33 been
1111 457 38 33 in
1178 456 64 34 the
1261 455 128 34 House
1406 454 46 34 of
1467 454 84 35 Com-

209 520 107 25 mons
343 509 71 34 last
441 508 120 46 night,
595 507 132 35 should
748 519 74 33 you
856 507 94 32 have
972 506 71 33 had
1068 516 73 33 any
1161 504 117 33 doubt
1304 502 45 34 of
1374 502 65 35 the
1470 502 106 33 short

209 563 90 27 note
319 557 110 40 beinfr
446 557 33 33 in
498 556 66 34 the
583 555 144 35 Duke's
748 553 298 45 hand-writing?
1098 553 51 34 A.
1169 552 194 44 Certainly
1388 552 18 33 I
1424 549 152 41 should,

210 605 161 34 because
397 604 15 34 I
516 609 63 28 not
598 604 107 33 think
738 604 27 33 it
785 612 90 33 very
891 601 81 34 like
993 602 56 33 his
1068 600 168 44 writing.

265 653 74 33 Mr.
373 653 137 34 Adams
528 651 198 34 examined
746 651 48 44 by
815 651 64 33 the
896 650 61 33 Cti
969 658 21 25 A
1002 657 206 27 NCELLOR
1241 645 44 34 of
1309 645 64 34 the
1397 644 181 39 Exctiv.

213 702 230 39 Quen---Q.
468 700 112 33 What
618 700 30 32 is
672 709 94 34 your
794 698 157 44 opinion
981 696 45 34 of
1057 696 63 33 the
1148 692 274 43 hand-writing
1447 692 46 34 of
1513 692 61 33 the

211 750 107 32 00'1
339 749 107 33 note?
503 748 47 34 A.
575 748 15 33 I
613 746 106 34 think
737 748 30 32 it
785 755 87 34 very
889 745 79 34 like
989 744 65 34 the
1078 743 113 34 Duke
1208 741 47 43 of
1269 739 161 35 York's.
1461 739 73 34 But
1556 739 18 34 1

213 804 135 25 cannot
371 796 201 45 positively
593 807 64 32 say
681 804 98 22 more
809 793 87 33 than
922 791 184 39 that---Q.
1149 791 73 33 Are
1243 794 38 28 th
1286 798 60 24 ose
1380 788 83 43 (the
1492 789 84 41 long

214 843 154 45 letter:)
390 846 33 32 in
438 844 59 33 the
514 842 96 34 hand
625 842 148 41 writing
788 840 47 35 of
852 840 60 34 the
930 840 116 34 Duke
1059 839 46 33 of
1122 837 113 35 York
1252 837 14 33 ?
1320 836 47 33 A.
1393 834 94 35 This
1505 834 51 34 let-

215 898 74 33 ter,
309 891 111 34 dated
437 891 198 44 San:lgate,
669 891 44 40 is,
748 889 37 33 in
804 899 61 33 my
883 887 176 45 opinion,
1080 886 63 34 the
1163 885 97 33 hand
1281 882 152 44 writing
1452 882 44 34 of
1509 882 65 34 the

217 938 117 35 Dzike
348 939 44 33 of
613 940 12 33 I
660 937 182 33 entertain
873 934 61 34 the
954 944 99 25 same
1072 933 157 45 opinion
1248 932 211 44 respecting
1485 930 91 41 this,

215 987 113 33 dated
352 986 243 44 Wf-ytnouth,
613 996 43 24 as
674 984 90 34 with
785 983 129 43 regard
935 989 38 26 to
1002 981 64 33 the
1084 980 174 39 last---Q.
1291 979 58 33 Do
1370 989 74 33 you
1470 989 104 22 mean

215 1039 43 27 to
282 1041 97 26 state
400 1045 99 22 mare
520 1033 204 46 positively
741 1032 46 33 of
816 1031 63 33 the
908 1030 129 34 letters
1056 1029 89 34 than
1168 1028 93 35 with
1281 1031 144 40 respect
1444 1030 39 31 to
1511 1025 64 34 the

217 1089 87 26 note
322 1084 13 31 ?
397 1082 44 34 A.
461 1082 13 33 I
489 1081 61 35 do.
1474 1115 7 1 _

273 1130 209 34 Lxamined
501 1133 50 40 by
574 1129 76 35 Mr.
673 1126 328 39 WESTERN--•Q.
1020 1124 78 35 Did
1119 1123 64 34 the
1198 1122 115 35 Duke
1325 1120 44 34 of
1381 1120 117 35 York
1517 1131 38 24 re-

217 1185 150 39 present
387 1178 60 33 the
467 1183 84 27 note
567 1182 39 28 to
637 1187 73 35 you
736 1176 34 32 iu
789 1174 63 33 the
869 1183 99 24 same
986 1172 97 45 light
1101 1172 83 33 that
1211 1172 45 32 he
1273 1169 63 34 did
1355 1174 39 28 to
1415 1169 157 33 Colonel

219 1227 155 31 Gordon
389 1226 12 32 ?
455 1225 50 34 A.
536 1224 118 33 When
673 1224 13 33 l
702 1224 72 33 first
791 1222 107 33 made
917 1221 64 33 the
993 1219 314 35 communication
1323 1224 38 27 to
1380 1217 64 33 the
1461 1217 113 33 Duke

217 1276 45 31 of
282 1273 115 34 York
417 1283 45 24 on
482 1272 184 44 Saturday
689 1272 58 32 the
763 1270 66 33 4th
850 1270 44 33 of
911 1269 216 41 lebruar,•,
1142 1267 45 33 he
1204 1264 187 40 declared,
1410 1264 162 34 without

216 1322 221 39 hesitation,
465 1322 78 32 that
565 1319 45 33 he
631 1318 71 34 had
720 1329 46 22 no
787 1316 247 35 recollection
1054 1315 195 34 whatever
1265 1312 44 34 of
1320 1312 86 34 such
1428 1322 24 24 a
1470 1317 102 37 note,

213 1370 72 33 and
308 1369 80 33 that
410 1370 25 31 it
461 1374 87 26 mast
570 1368 46 32 be
635 1377 24 22 a
677 1367 169 43 forgery.
902 1364 118 33 When
1044 1364 19 34 I
1087 1368 97 28 went
1204 1361 97 34 with
1317 1361 91 39 him,
1436 1370 46 22 on
1509 1361 61 33 the

215 1426 103 25 same
335 1416 169 40 evening,,
530 1420 38 28 to
592 1415 73 34 Mr.
689 1411 213 35 Perceval's
921 1411 130 40 house,
1071 1410 45 34 he
1131 1409 107 34 made
1256 1419 46 24 an
1320 1408 253 38 asseveration

215 1465 189 44 precisely
418 1469 37 27 to
472 1466 59 30 the
548 1472 99 25 same
666 1461 129 40 effect;
822 1460 72 34 and
912 1459 240 38 afterwards,
1183 1457 105 33 when
1315 1455 14 33 I
1352 1459 98 30 went
1478 1454 96 34 from

216 1511 80 38 Mr.
317 1509 204 34 Percetal'4
542 1517 37 26 to
595 1511 156 33 Cohort
772 1505 201 41 Gordon's,
1003 1506 45 33 he
1067 1505 106 34 made
1191 1517 19 21 a
1231 1504 143 33 similar
1391 1504 182 33 assertion

213 1563 44 30 to
269 1565 80 28 that
376 1570 26 20 w
415 1558 79 32 hick
519 1557 158 33 Colonel
698 1557 155 33 Gorden
874 1557 63 32 has
956 1554 110 44 given
1085 1554 35 32 in
1136 1552 191 34 evidence.

268 1609 74 32 Nlr.
365 1607 155 38 Toume,
548 1604 44 34 of
609 1605 103 38 Bond-
712 1605 20 38 ,
732 1605 125 38 areet,
885 1602 196 34 examine
1104 1603 48 32 by
1175 1600 76 34 Mr.
1276 1599 27 33 P
1313 1609 77 24 cftc
1398 1607 54 25 r.v

214 1654 83 34 The
320 1655 73 32 wita
393 1655 18 32 ,
411 1655 56 32 .ss
485 1654 27 32 is
527 1664 25 22 a
568 1652 196 40 Jew---Q,
801 1652 61 33 Do
894 1661 73 33 you
989 1649 175 33 recollect
1185 1648 136 39 having
1342 1646 113 33 heard
1478 1646 94 33 Mrs.

211 1702 144 34 Clarke
381 1713 65 33 say
465 1713 69 22 any
559 1700 106 45 thing
702 1700 211 45 rewectinA
944 1696 292 37 bud-writing;?
1293 1694 50 35 A.
1376 1694 98 34 Yes.
1530 1694 41 32 In

211 1749 66 34 the
300 1759 131 25 course
449 1748 43 34 of
503 1749 260 34 conversation
780 1749 69 31 she
863 1746 78 34 said
1043 1743 109 34 could
1170 1742 105 35 brae
1294 1742 63 32 the
1390 1741 115 35 Duke
1532 1740 44 33 of

214 1798 149 34 Yorl's
385 1795 410 44 hand-writing—that
810 1795 64 34 she
889 1793 67 34 had
979 1791 213 46 frequently
1211 1791 94 33 done
1326 1791 43 33 it.
1422 1789 74 32 She
1509 1788 60 33 did

214 1856 41 22 so
272 1846 104 39 then,
405 1845 136 43 having
561 1844 215 45 previously
796 1844 131 32 shown
946 1850 56 25 me
1025 1843 61 31 Ihe
1109 1839 113 35 Duke
1240 1837 45 33 of
1306 1835 142 35 York's
1467 1846 106 24 name

213 1893 39 33 in
279 1894 54 32 his
369 1903 86 24 own
496 1891 285 44 hand-writing,
808 1890 71 33 and
913 1889 14 33 I
956 1887 110 34 could
1093 1893 64 27 not
1194 1886 63 32 tell
1287 1884 63 34 the
1374 1884 200 34 diNcrence

213 1941 61 35 bet
285 1951 103 22 ween
407 1941 60 33 the
488 1941 152 44 forgery
660 1941 67 33 and
750 1945 61 26 the
830 1935 268 46 original---Q.
1119 1933 116 33 What
1252 1942 99 24 were
1370 1935 61 32 the
1453 1932 97 33 siord
1550 1932 20 33 ,

213 1989 130 34 which
364 2000 73 32 you
459 1987 181 34 observed
661 1994 37 26 to
717 1996 174 34 compose
907 1985 61 33 the
991 1981 144 37 Duke's
1149 1980 213 46 signature?
1417 1981 52 32 A.
1499 1981 73 32 S:ue

211 2037 183 32 observed
412 2041 78 28 that
510 2035 64 33 the
596 2034 112 35 Doke
736 2033 124 38 signed
883 2033 53 32 his
951 2041 105 24 name
1075 2034 105 30 three
1198 2039 117 33 ways,
1346 2027 227 39 Frederick,

219 2085 136 39 York,
380 2083 71 34 and
471 2085 170 41 Albany.
698 2082 136 33 Which
853 2080 44 35 of
907 2080 61 33 the
989 2079 105 33 three
1116 2078 26 33 it
1163 2086 77 25 was
1259 2075 19 35 I
1304 2079 131 31 cannot
1453 2076 100 45 possi-

215 2133 67 45 bly
296 2143 85 33 say,
413 2131 18 34 I
448 2131 109 34 think
578 2131 28 33 it
622 2139 77 25 was
715 2131 33 32 in
768 2140 71 22 one
855 2139 44 24 or
915 2128 111 34 other
1042 2125 44 35 of
1098 2125 115 34 them.

604 2216 99 25 :►IRS.
732 2203 214 38 CLARKE'S
971 2210 207 27 STIPEND.

261 2283 85 37 The
365 2287 313 33 CHANCELLOR
709 2278 45 37 or
778 2281 63 34 the
872 2281 289 37 ExcHEQuea
1181 2287 80 26 rose
1279 2275 70 37 and
1367 2275 94 41 said,
1489 2274 81 35 that

211 2343 25 24 a
260 2335 172 43 question
449 2333 135 43 having
601 2333 91 32 been
713 2335 63 40 put
798 2335 37 27 to
857 2328 72 34 him
950 2336 102 24 some
1080 2324 122 45 nights
1217 2331 90 39 ago,
1326 2326 48 43 by
1398 2333 47 25 an
1467 2322 102 34 lion.

215 2381 170 33 Member
417 2380 132 34 behind
580 2380 94 39 him,
711 2378 86 34 with
847 2381 146 39 respect
1026 2378 40 30 to
1103 2372 104 34 what
1239 2382 76 24 was
1350 2372 60 33 the
1442 2370 126 33 actual

210 2428 210 33 allowance
454 2428 107 41 Oven
588 2433 39 27 to
661 2427 91 33 Mrs.
781 2424 158 39 Clarke,
967 2424 51 41 by
1046 2420 63 34 the
1137 2419 116 35 Duke
1283 2418 45 35 of
1350 2417 131 40 York.
1513 2417 60 34 fur

208 2476 70 35 her
308 2476 269 39 mainteuance,
617 2474 79 33 that
741 2473 138 41 having
912 2469 197 35 examined
1143 2467 57 34 his
1234 2465 184 37 Banker's
1452 2464 119 41 book,

209 2524 67 33 the
293 2523 128 35 actual
446 2535 77 21 sum
557 2522 189 33 advanced
783 2525 39 28 to
857 2518 78 34 that
969 2517 89 44 lady
1085 2515 50 44 by
1169 2515 118 34 drafts
1312 2511 198 38 amounted
1532 2519 37 27 to

211 2571 141 40 5,530/.
405 2570 71 34 His
495 2570 126 44 Royal
639 2570 198 43 llighness,
868 2567 194 39 however,
1084 2562 227 35 authorized
1336 2562 76 33 him
1434 2567 38 27 to
1486 2571 84 33 say,

209 2620 81 32 that
309 2620 45 32 he
374 2620 72 32 bad
461 2619 189 33 advanced
671 2619 78 38 her,
765 2614 244 45 independent
1029 2611 44 34 of
1087 2610 90 40 this,
1189 2620 90 34 very
1297 2611 103 41 large
1417 2620 96 22 sums
1532 2607 44 34 of

210 2678 158 33 money,
407 2666 120 34 which
567 2667 44 31 he
635 2675 111 22 never
772 2665 93 33 took
891 2672 72 33 any
996 2665 159 30 account
1172 2657 54 43 of,
1258 2668 66 25 nor
1343 2656 71 34 had
1435 2657 44 31 he
1495 2666 73 32 any

211 2714 201 35 document
439 2715 46 41 by
520 2713 129 35 which
689 2712 43 33 he
759 2711 111 34 could
904 2708 136 35 inform
1070 2705 63 34 the
1152 2705 131 35 House
1299 2705 43 34 of
1365 2705 60 33 the
1443 2704 125 33 actual

206 2769 170 27 amount.
430 2763 123 33 There
578 2763 122 38 were,
700 2758 246 45 independent
966 2757 45 33 of
1032 2756 89 38 this,
1137 2753 105 45 large
1260 2763 94 25 sums
1372 2751 45 34 of
1439 2761 131 33 money

206 2810 92 45 paid
320 2811 46 44 by
386 2810 54 33 his
459 2810 122 44 Royal
599 2807 187 45 highness
804 2811 39 30 to
867 2805 90 34 Mrs.
981 2803 144 34 Clarke
1143 2800 59 34 for
1222 2800 129 41 house,
1368 2799 203 40 furniture,

208 2858 124 45 plate,
350 2858 72 34 &c.
444 2857 67 34 &c.
535 2855 184 46 provided
741 2854 58 34 for
819 2855 84 39 her,
922 2851 124 35 which
1067 2848 172 43 together
1258 2848 92 35 with
1368 2846 63 34 the
1448 2846 124 33 above

206 2906 214 34 mentioned
439 2916 76 24 sum
547 2903 46 35 of
613 2903 144 39 5,550/.
772 2900 200 35 amounted
1002 2904 39 28 to
1080 2896 162 44 16,751!.
1297 2896 44 34 In
1358 2898 161 43 support
1532 2894 44 32 of

206 2954 65 34 the
305 2959 211 35 statement,
552 2953 64 32 the
653 2950 116 45 Right
801 2949 103 34 lion.
938 2947 220 35 Gentleman
1183 2944 181 35 observed
1391 2942 83 34 that
1507 2940 64 35 the

210 3001 171 35 Bankers
415 3000 120 35 books
572 3011 103 22 were
703 2996 116 47 ready
856 3005 38 26 to
924 2996 45 33 he
1002 2994 185 40 adduced,
1211 3002 41 24 as
1289 3002 76 24 was
1393 2991 80 33 also
1508 2989 61 33 the

207 3050 203 44 testimony
429 3048 45 34 of
496 3050 61 33 the
579 3047 208 34 tradesman
811 3044 86 37 who
924 3043 189 34 furnished
1131 3043 65 33 the
1214 3040 113 45 goods
1346 3039 34 34 in
1398 3037 172 46 question

204 3102 46 31 to
268 3097 93 34 Mrs.
383 3097 156 34 Clarke.
593 3096 123 34 These
737 3103 99 25 were
855 3093 63 33 the
943 3090 97 35 facts
1057 3089 126 37 which
1209 3089 45 33 he
1281 3086 161 44 thought
1461 3085 30 33 it
1508 3094 39 22 ne-

206 3155 149 34 cessary
386 3150 39 28 to
455 3144 270 37 communicate
754 3141 59 34 for
835 3142 64 33 the
919 3138 246 35 information
1191 3135 45 37 of
1259 3135 61 34 the
1338 3132 229 41 committee,

206 3202 46 26 as
269 3194 84 33 well
376 3200 39 27 to
433 3200 144 27 correct
592 3201 48 25 an
656 3200 202 26 erroneous
887 3185 222 46 impression
1123 3185 85 34 that
1224 3183 72 34 had
1315 3191 92 35 gone
1424 3180 148 34 abroad

206 3241 96 35 with
343 3246 142 41 respect
517 3248 37 26 to
591 3239 63 34 the
684 3242 148 30 amount
861 3235 45 34 of
930 3235 63 33 the
1023 3244 135 34 money
1178 3230 91 47 paid
1286 3230 48 44 by
1368 3229 57 34 his
1444 3227 124 46 Royal

415 3294 39 30 to
475 3288 93 34 Mrs.
593 3286 158 39 Clarke,
764 3285 72 33 and
857 3285 46 32 he
922 3281 144 35 trusted
1084 3281 85 34 that
1187 3280 31 34 it
1237 3276 124 35 would
1382 3278 96 33 have
1491 3279 83 32 that

407 3337 129 44 giving
552 3347 22 22 a
604 3344 103 26 more
729 3331 79 47 just
828 3332 129 35 notion
976 3328 45 34 of
1043 3328 63 34 the
1120 3327 162 37 conduct
1305 3324 46 37 of
1372 3324 56 34 his
1444 3322 125 45 Royal

412 3385 146 34 toward
578 3383 77 34 this
671 3381 104 44 lady,
794 3380 90 34 than
907 3377 146 38 seemed
1082 3381 40 30 to
1159 3377 47 34 be
1222 3372 187 50 possessed
1427 3372 52 44 by
1496 3371 77 34 this

381 3490 146 27 or,LER
543 3480 133 40 asked,
694 3476 98 37 what
806 3476 64 35 the
886 3475 129 46 public
1028 3474 111 35 could
1159 3471 96 35 wish
1279 3474 39 32 to
1329 3470 113 34 know
1452 3476 119 33 more,

412 3530 60 33 the
491 3529 124 35 whole
634 3526 45 35 of
694 3526 60 35 the
772 3536 77 22 sum
865 3523 130 35 named
1013 3523 51 44 by
1080 3522 64 34 the
1162 3520 122 45 Right
1300 3519 102 33 Hon.
1419 3516 133 35 Gentle-

378 3578 107 41 mot.
506 3576 72 34 had
599 3576 92 33 been
711 3573 87 46 paid
815 3578 39 30 t•
866 3573 81 33 that
958 3572 172 44 baggage
1142 3566 20 46 (
1166 3580 22 24 a
1204 3567 85 35 loud
1303 3565 137 46 laugh)
1454 3565 37 33 in
1509 3565 64 38 the

378 3626 25 34 If
423 3633 76 27 two
516 3634 124 34 years.
697 3624 83 33 The
801 3618 253 38 Honourable
1072 3617 172 34 Member
1276 3624 77 25 was
1369 3614 203 44 prevented

378 3673 197 44 .oceeding,
596 3673 50 44 by
661 3671 94 34 crie3
781 3670 46 34 of
840 3667 124 43 order,
994 3665 124 44 order,
1137 3664 97 35 from
1250 3663 56 34 all
1323 3665 103 44 parts
1443 3660 47 35 of
1502 3663 64 34 the

381 3771 26 33 V
419 3781 22 25 A
452 3778 115 27 ROLE
588 3768 90 35 then
697 3765 130 34 moved
848 3763 84 37 that
954 3763 92 35 Mrs.
1067 3759 146 37 Clarke
1230 3758 132 35 should
1382 3757 47 35 be
1447 3757 124 35 called

389 3820 54 45 Ify
464 3820 61 32 the
546 3819 131 33 letters
696 3813 110 37 found
833 3813 38 34 in
904 3813 61 33 the
997 3813 143 33 bureau
1159 3807 46 35 of
1222 3807 168 45 Captain
1411 3804 157 47 Huxley

400 3866 119 35 which
549 3874 99 26 were
680 3861 163 38 referred
873 3870 48 25 on
948 3860 65 33 the
1046 3859 73 34 last
1152 3854 156 46 evening
1333 3859 40 31 to
1400 3863 26 25 a
1444 3853 126 37 Secret

399 3926 57 21 ee.
1453 3946 8 1 _
1504 3946 11 1 _

370 3963 142 38 Clarke
537 3960 168 48 deposed
720 3959 80 34 that
820 3958 64 35 the
902 3964 139 38 papers
1062 3953 78 35 No.
1165 3956 13 33 1
1208 3957 37 30 to
1258 3951 64 43 41,
1333 3960 99 25 were
1453 3950 37 34 in
1504 3950 67 35 her

377 4012 124 44 -iting,
530 4011 71 34 and
621 4009 83 34 that
726 4007 73 33 No.
826 4007 51 33 42
905 4015 77 24 was
1013 4003 107 45 piece
1143 4000 45 34 of
1209 4011 22 24 a
1248 3999 112 34 letter
1387 3998 99 34 from
1504 3999 67 34 the

407 4061 132 40 York,
562 4057 129 35 which
715 4055 69 34 had
802 4063 105 26 come
925 4051 97 35 front
1041 4050 146 41 Dover,
1209 4048 72 33 and
1302 4045 196 35 addressed
1530 4051 40 30 to

381 4107 215 45 Farqnhar,
617 4107 90 44 Esq.
725 4103 69 34 and
819 4102 72 34 had
918 4100 63 35 the
996 4108 103 25 same
1126 4097 78 35 seal
1221 4094 136 38 affixed
1375 4100 38 31 to
1431 4095 32 34 it
1486 4094 83 37 that

383 4156 45 34 he
446 4162 85 28 note
547 4156 130 33 shewn
700 4159 35 28 to
758 4149 129 47 Major
905 4149 149 44 Tonyn.

406 4211 86 27 tt:rs
517 4201 196 47 generally
741 4196 203 39 concluded
970 4195 97 39 with
1082 4204 51 31 an
1152 4191 207 52 injunction
1378 4191 85 40 that
1478 4191 92 47 they

410 4252 200 45 destroyed
678 4259 92 27 ma
780 4258 40 27 as
834 4245 106 41 read.

2669 162 8 12 .
2709 125 156 50 FEB.
2913 128 66 51 17

1688 263 162 43 Captain
1869 263 158 43 Huxley
2047 261 144 35 Sandon
2210 260 159 43 brought
2389 266 37 27 to
2443 259 61 34 the
2518 260 71 38 bar
2607 259 51 40 by
2678 259 63 34 the
2759 257 171 46 Serjeant
2946 263 45 32 at

1646 311 122 40 Arms,
1792 311 70 33 and
1873 311 198 33 examined
2092 311 50 32 by
2160 307 98 37 Lord
2281 307 234 35 FOLKS.TON
2530 306 139 40 E.—Q.
2689 305 83 35 The
2787 306 70 34 last
2877 315 91 26 even-

1643 359 60 43 ing
1719 370 73 33 you
1814 370 97 24 were
1924 346 206 47 examined
2143 361 39 28 at
2200 356 150 35 the-bar
2368 356 44 33 hf
2434 356 72 33 this
2533 356 148 40 House,
2702 354 93 45 Jxhy
2825 353 65 34 did
2909 364 78 34 you

1642 411 64 30 not
1728 406 161 34 mention
1905 406 63 34 the
1985 411 85 28 note
2091 403 124 38 which
2246 415 76 34 you
2348 403 111 37 knew
2481 413 74 24 was
2577 402 35 34 in
2633 412 93 34 your
2746 402 210 45 possession
2972 402 15 33 ?

1645 456 45 32 A.
1711 454 17 34 I
1750 455 117 43 really
1887 464 59 25 am
1964 464 41 22 so
2020 451 175 35 ashamed
2224 449 45 37 of
2283 450 148 46 myself,
2460 451 19 35 I
2497 451 115 34 know
2631 455 64 30 not
2724 449 104 35 what
2841 459 148 25 answer

1641 508 39 27 to
1695 501 126 43 make,
1847 503 69 35 but
1929 503 18 34 I
1969 502 99 44 hope
2083 500 64 34 the
2160 500 130 34 House
2310 498 78 35 will
2409 498 142 47 pardon
2571 496 169 43 me.—Q.
2774 497 115 35 What
2908 507 54 25 mo-

1641 550 78 33 tive
1735 560 44 24 or
1809 550 230 34 inducement
2069 547 73 35 had
2161 559 73 33 you
2254 546 60 35 for
2339 552 64 28 not
2419 546 227 44 mentioning
2665 544 80 35 that
2771 552 87 27 note
2878 544 109 34 when

1641 608 74 33 you
1734 607 97 25 were
1848 598 74 33 first
1941 595 198 38 examined
2156 601 41 28 at
2215 595 64 34 the
2298 594 92 34 bar?
2446 594 48 35 A.
2524 594 20 35 I
2580 593 124 45 really
2731 592 72 35 had
2829 604 50 24 no
2906 602 54 25 mo-

1641 645 91 34 tive.
1772 644 103 45 (The
1894 646 168 44 prisoner
2079 643 155 35 ordered
2254 650 39 27 to
2313 639 239 45 withdraw.)
2665 663 13 7 -
2803 670 8 5 .
2920 639 5 51 .

1687 692 84 35 The
1798 693 311 34 CHANCELLOR
2140 691 44 34 of
2203 690 64 34 the
2295 690 288 41 EXCHEQUER.
2608 687 144 39 wished
2776 692 40 30 to
2846 689 46 33 be
2929 687 38 34 in-

1639 739 157 41 formed,
1826 741 167 33 whether
2015 741 64 33 the
2096 738 99 35 Hon.
2216 738 217 35 Gentleman
2461 748 46 24 on
2542 736 65 35 the
2634 735 110 35 other
2761 735 77 35 side
2855 735 45 35 of
2920 735 67 37 the

1641 788 129 34 House
1788 788 69 34 had
1876 798 71 34 any
1967 798 102 24 more
2086 787 176 34 evidence
2280 790 39 30 to
2339 785 181 46 produce.
2771 785 2 47 .
2838 791 15 21 3
2871 794 13 6 -
2920 800 12 14 •
2988 785 4 47 .

1688 836 74 34 Mr.
1787 836 43 33 W
1840 847 18 24 A
1871 834 118 37 Rnt.iJ
2006 834 148 46 replied
2170 831 44 35 he
2226 833 70 34 had
2311 840 77 28 not.

1685 885 85 33 The
1799 885 312 33 CHANCELLOR
2147 881 43 35 of
2210 882 64 33 the
2300 880 282 41 EXCHEQUER
2601 880 89 35 then
2706 878 200 47 expressed
2928 878 52 34 his-

1638 931 171 45 opinion,
1837 931 79 35 that
1951 931 97 33 from
2082 928 79 37 the
2172 930 96 33 mass
2297 927 41 34 of
2362 939 81 24 new
2478 934 135 28 matter
2633 928 77 39 laid
2730 938 46 24 on
2794 927 63 33 the
2881 926 106 35 table

1638 980 72 32 this
1723 979 175 44 evening,.
1922 978 45 34 he
1984 977 158 46 thought
2157 976 28 35 it
2207 976 181 43 wouldhe
2408 977 155 45 prudent
2581 976 84 35 that
2678 976 67 34 .the
2758 976 227 35 Committee

1636 1028 132 33 should
1786 1028 58 33 for
1853 1028 63 33 the
1935 1032 148 41 present
2099 1024 151 51 adjourn
2250 1024 22 51 :
2297 1024 70 35 and
2387 1035 105 24 move
2507 1024 59 34 for
2585 1024 105 34 leave
2717 1029 38 28 to
2779 1024 47 33 sit
2856 1022 148 45 again,.

1635 1085 39 22 as
1694 1075 37 33 in
1747 1074 51 34 all
1821 1071 236 48 probability
2078 1069 195 48 solne.ttiw
2294 1074 125 44 points
2437 1070 117 47 might
2584 1069 45 38 be
2648 1071 214 40 discovered
2884 1069 99 35 from
3019 1094 34 11 ...

1637 1122 61 33 the
1719 1122 125 34 letters
1861 1121 204 46 produced,
2096 1121 124 35 which
2232 1119 136 53 'inight
2368 1119 19 53 c
2387 1119 79 53 tend
2484 1119 148 40 further
2648 1126 40 30 to
2705 1120 185 37 elucidate
2916 1107 61 52 the
2978 1107 41 52 il

1638 1174 135 30 matter
1792 1170 34 33 in
1844 1170 184 45 question.
2055 1202 7 5 .
2114 1169 2 46 .
2151 1169 5 46 •
2197 1169 19 32 :-
2243 1169 4 46 .
2284 1169 8 9 '

1684 1218 84 34 The
1787 1217 224 37 Committee
2022 1217 86 35 then
2121 1211 206 52 adjourned
2347 1211 59 39 tlll
2426 1209 181 48 Monday.
2665 1209 4 57 .
2713 1224 35 13 •-
2769 1211 33 56 s•
2849 1224 6 8 '
2875 1209 5 57 •
2927 1224 8 20 ..
2973 1237 12 13 .

1685 1265 165 46 Captain
1870 1265 158 45 Huxley
2044 1264 144 38 Sandon
2209 1263 76 39 Was
2300 1257 194 51 remanOd
2507 1256 111 53 -bacg•
2668 1259 230 56 •Iftsliafer
2898 1256 1 59 •

2626 1266 43 128 i
2668 1266 44 128 z

1684 1315 81 33 The
1782 1303 312 45 CHANCELLOR
2581 1319 41 34 .%

1968 1364 142 37 cm
2114 1312 47 34 0f
2184 1312 61 35 the
2263 1266 2 135 .
2278 1312 357 41 EXCHEQVEVi
2817 1310 65 39 the
2898 1319 64 34 sug-

1636 1361 143 45 gestion
1798 1361 45 33 of
1860 1372 47 22 an
1930 1361 100 34 H.
2052 1358 228 39 Gentleman'
2294 1357 135 46 beside,
2439 1361 187 34 e.
2627 1356 38 53 jliqi,(M.
2714 1351 202 48 ert`:stird),
2940 1365 47 34 as

1641 1409 80 34 well
1741 1420 38 22 as
1799 1408 94 34 from
1920 1409 60 32 the
2004 1408 156 45 opinion
2184 1407 45 34 of
2241 1407 231 43 .ottferlion
2472 1407 20 43 c
2492 1407 254 43 Gentlenran,.
2764 1407 96 39 that,
2885 1413 48 26 tm
2957 1415 26 24 a

1637 1457 137 33 minute
1789 1456 256 34 examination
2078 1455 45 34 of
2148 1455 60 33 the
2233 1450 89 41 note
2565 1454 48 44 by
2631 1453 170 45 Captain
2822 1449 162 48 auxley

1638 1505 158 40 Sandon,
1822 1504 70 34 and
1913 1511 59 26 tie
1993 1504 116 34 Duke
2125 1504 46 33 of
2189 1495 145 43 York's
2346 1501 143 41 letters,
2520 1502 106 33 there
2650 1501 257 46 appearedt.to
2934 1501 50 33 be

1636 1563 100 22 some
1756 1551 201 35 variation.
2008 1552 63 34 He
2087 1552 193 44 therefore
2297 1550 20 58 R
2317 1550 100 58 ro.po
2418 1550 20 58 t
2438 1550 40 58 ed
2478 1550 21 58 4
2515 1550 81 38 that

2608 1550 18 40 •
2626 1550 54 40 the
2700 1548 281 46 popers.which

1638 1600 69 33 had
1727 1600 90 33 been
1838 1599 187 44 produced
2044 1604 39 30 to
2099 1599 61 33 the
2181 1599 142 41 House,
2340 1589 188 52 .tog•ethei
2541 1596 90 35 with
2648 1589 167 45 thenote
2832 1594 71 40 and
2919 1586 34 54 O
2953 1586 35 54 K

1641 1648 111 34 Duke
1769 1646 45 34 of
1827 1646 145 35 York's
1983 1648 128 39 letter,
2135 1641 145 47 should;
2297 1646 20 40 .
2317 1646 201 40 beforeithe
2537 1645 132 38 House
2685 1645 221 40 adjourned,
2933 1645 48 35 be

1637 1694 133 34 locked
1807 1700 59 40 up'
1877 1695 35 32 in
1929 1707 25 22 a
1970 1696 76 33 box
2080 1695 196 44 prepared'
2293 1694 58 32 for
2366 1691 386 47 that*Purpose,•and.
2773 1687 79 39 that
2882 1702 102 27 some

1638 1753 148 33 persons
1818 1748 219 30 conversant
2072 1742 91 34 with
2194 1740 217 51 compfriog
2443 1739 307 46 hand-writiugs;
2783 1740 102 43 from
2914 1739 69 38 the

1639 1791 227 40 Post-office,
1900 1789 125 40 Bank,
2056 1791 72 33 and
2150 1780 234 54 otherPublit4
2383 1780 19 54 .
2402 1780 157 54 ollices,
2559 1780 19 54 -
2578 1780 197 54 .'direcled
2791 1785 41 37 lo
2850 1785 131 37 attend

1633 1838 70 34 and
1721 1839 175 33 examine
1915 1838 37 33 th
1956 1850 20 21 e
1995 1837 96 46 saiti
2091 1837 19 46 ,
2109 1837 135 46 papers,
2261 1825 168 48 ll'uifier
2428 1825 19 48 7
2447 1825 76 48 that
2544 1837 89 41 they
2644 1831 119 48 tniglit
2776 1837 81 41 give
2878 1834 103 34 their

1635 1886 156 45 opinion
1808 1896 39 24 as
1867 1891 44 28 to
1913 1884 18 35 -
1931 1884 53 35 the
2246 1885 53 45 of
2311 1883 66 45 the
2395 1889 86 37 !lore
2496 1884 33 32 in
2548 1883 174 45 question
2738 1883 109 43 being
2862 1892 24 24 a
2898 1880 83 34 fin--

1633 1943 92 33 gery
1740 1945 12 28 ;
1781 1933 71 33 this
1871 1928 237 51 proptisititin
2130 1924 74 47 tiffs
2219 1931 302 47 ggreed.to,.and
2542 1931 31 33 it
2606 1941 73 24 was
2708 1930 156 37 ordered
2895 1930 86 33 that

1638 1991 149 34 persons
1804 1980 219 34 conversant
2039 1981 38 33 in
2092 1971 418 54 Makineatmp:trisons
2528 1977 45 35 of
2587 1978 167 45 writing,
2770 1989 46 22 on
2836 1977 125 34 receiv-

1637 2029 57 40 in4
1711 2039 46 24 an
1778 2030 110 31 order
1902 2027 97 35 from
2028 2028 63 33 the
2109 2019 165 54 SpeakeC,
2275 2019 20 54 -
2295 2019 167 54 *s:Nnula
2486 2027 46 32 he
2550 2026 158 34 suffered
2740 2033 37 26 to
2803 2026 177 33 examine

1637 2076 61 34 the
1715 2076 80 33 said
1817 2085 149 37 papers,
1993 2076 170 34 between
2181 2076 64 33 the
2262 2075 113 34 hours
2399 2072 46 37 of
2467 2074 44 34 10
2533 2074 72 34 and
2633 2075 25 33 4
2687 2072 165 44 o'clock,
2885 2072 96 35 each

1633 2125 74 44 day
1731 2124 176 45 previous
1928 2130 40 30 to
1985 2124 164 44 Monday
2164 2120 378 47 nextdjourned.

1783 2231 371 44 TUESDAY'S
2189 2231 276 44 LONDON
2503 2229 331 46 GAZETTE.

1933 2339 390 38 BANKRUPTCY
2354 2336 381 38 SUPERSEDED.

1681 2400 47 35 T.
1750 2398 142 44 Willis,
1913 2392 118 50 Bath,
2046 2404 210 40 carpenter.

2135 2457 351 34 BANKRUPTS.

1680 2517 47 35 T.
1743 2517 119 40 Scott,
1878 2525 74 25 sen.
1982 2515 48 34 T.
2047 2515 120 39 Scott,
2177 2513 84 45 jun.
2280 2515 72 33 and
2380 2515 52 35 D.
2456 2515 117 38 Scott,
2600 2512 228 44 Carthorpe,
2848 2512 135 44 York,

1633 2564 113 43 shire,
1765 2574 164 35 grocers,
1946 2567 39 31 to
2004 2562 195 34 surrender
2220 2562 91 35 Feb.
2336 2563 57 35 18.
2418 2561 128 35 March
2561 2561 34 39 1,
2614 2561 71 33 and
2700 2561 63 40 28,
2781 2567 38 27 at
2836 2562 149 40 eleven,

1635 2617 37 28 at
1691 2613 65 33 the
1783 2613 87 33 Oak
1902 2611 113 40 Tree,
2036 2610 289 43 Leeming-lane,
2354 2610 131 35 York.
2538 2607 209 43 .Attornies,
2769 2608 72 35 Mr.
2864 2609 119 43 Rig;,

1637 2659 304 43 Northallerton,
1968 2659 220 35 Yorkshire
2204 2669 12 28 ;
2252 2659 72 33 and
2353 2659 149 33 Messrs.
2535 2656 209 45 Lodington
2767 2655 71 35 and
2872 2656 115 43 Ball,

1637 2707 172 44 Temple.

1685 2756 63 32 W.
1772 2753 111 41 Row,
1915 2754 58 34 St.
1995 2752 144 35 Peter's
2165 2752 128 46 Quay,
2331 2751 357 43 Northumberland,
2714 2750 273 46 ship-builder,

1638 2802 92 35 Feb.
1749 2802 63 41 27,
1833 2802 131 35 Match
1983 2802 39 40 6,
2040 2802 70 33 and
2130 2802 63 38 28,
2209 2805 40 30 at
2267 2800 148 40 eleven;
2430 2806 39 28 at
2489 2800 63 33 the
2565 2799 240 45 Shakspeare
2819 2800 167 39 Tavern,

1637 2850 476 44 Newcastle-upon-Tyne.
2190 2848 198 39 Attornies
2389 2872 9 18 ,
2434 2848 78 34 Mr.
2538 2848 203 40 Atkinson,
2773 2846 190 46 Chancery-

1633 2898 84 34 lane
1755 2897 149 34 London
1920 2909 12 30 ;
1961 2896 71 35 and
2052 2896 77 39 Mr.
2150 2895 246 44 Bainbridge,
2412 2895 475 45 Newcastle-upon-Tyne.

2773 2846 190 46 Chancery-

1633 2898 98 41 lane,

1768 2946 159 44 Taylor,
1956 2939 44 39 J.
2026 2943 172 39 Latham,
2220 2943 74 34 and
2319 2940 46 38 E.
2387 2942 175 41 Belcher,
2580 2942 46 34 of
2641 2943 220 44 Liverpool,
2887 2952 73 24 mer-

1633 2992 143 43 chants,
1796 2993 131 34 March
1946 2993 39 39 2,
2004 2992 41 40 3,
2062 2991 71 34 and
2152 2993 63 39 28,
2232 2998 40 27 at
2287 2991 148 43 eleven,
2450 2996 40 28 at
2503 2989 64 35 the
2583 2991 139 33 Crown
2739 2991 70 33 and
2830 2989 156 34 Anchor

1636 3043 163 38 Tavern,
1820 3040 250 41 Bold-street,
2091 3038 220 46 Liverpool.
2361 3037 209 44 Attornies,
2598 3039 72 34 Mr.
2696 3037 226 46 Keightley,
2941 3048 44 22 or

1639 3089 72 34 Mr.
1734 3089 144 39 Orrell,
1902 3086 208 47 Liverpool
2127 3098 12 28 ;
2165 3086 72 35 and
2263 3086 149 35 Messrs.
2430 3086 150 46 Cooper
2595 3085 73 37 and
2694 3086 133 41 Lowe,
2844 3084 118 37 South-

1636 3135 376 46 ampton-buildings,
2037 3135 164 34 London.

1685 3184 63 34 W.
1770 3183 170 45 Choyce,
1961 3183 209 44 Coventry,
2200 3182 222 46 innkeeper,
2459 3182 96 34 Feb.
2572 3183 65 43 23,
2666 3180 63 45 24,
2745 3181 70 35 and
2846 3181 141 35 March

1633 3233 63 40 28,
1715 3239 43 26 at
1781 3233 145 39 eleven,
1943 3235 41 30 at
2001 3231 64 33 the
2086 3229 86 35 Bull
2194 3230 84 43 Inn,
2317 3230 210 41 Nuneaton,
2548 3228 312 37 Warwickshire.
2913 3228 50 37 At-

1635 3279 154 39 tornies,
1806 3279 149 35 Messrs.
1972 3278 170 35 Tebbutt
2173 3278 70 34 and
2277 3272 287 47 Shuttlewortli,
2593 3278 136 45 Gray's
2747 3278 237 46 Imi-square,

1639 3327 150 35 London
1805 3339 13 30 ;
1847 3327 71 34 and
1937 3326 74 34 Mr.
2035 3326 193 43 Cropper,
2246 3325 154 37 Market
2411 3326 228 41 'Bosworth,
2660 3325 299 35 Leicestershire.

1682 3376 44 34 J.
1744 3372 72 37 and
1835 3374 43 35 J.
1899 3374 189 40 Webster,
2111 3373 227 43 Wakefield,
2367 3373 234 41 Yorkshire,
2636 3372 227 45 cornfaetor,
2885 3373 98 34 Feb.

1636 3423 63 41 28,
1716 3428 43 30 at
1775 3423 78 40 six,
1872 3422 138 34 March
2033 3422 35 41 1,
2083 3420 72 34 and
2173 3422 65 43 28,
2254 3426 40 30 at
2310 3422 144 41 eleven,
2489 3428 39 28 at
2559 3422 66 33 the
2652 3420 189 35 Stallbrd's
2875 3420 112 34 Arms

1639 3471 81 41 Inn,
1741 3469 228 37 Wakefield.
2023 3468 208 45 Attoruies,
2267 3470 76 33 Mr.
2361 3469 136 44 Evans,
2528 3469 332 44 Hatton-Garden,
2881 3469 77 37 Lon-

1636 3520 71 33 don
1723 3529 13 28 ;
1761 3519 72 33 and
1853 3519 73 33 Mr.
1950 3517 161 40 Beaver,
2133 3516 227 35 Wakefield.

1684 3568 37 33 S.
1744 3566 161 46 Knight.
1928 3565 136 50 Whitt,
2078 3565 255 43 Cross-street,
2357 3563 267 41 cloth-factor,
2657 3565 94 34 Feb.
2773 3565 57 40 18,
2848 3563 137 35 March

1633 3614 38 44 4,
1684 3614 72 35 and
1772 3614 64 41 28,
1848 3620 40 28 at
1902 3613 207 44 twelve,at
2121 3612 210 38 Guildhall.
2383 3612 202 46 Attorney,
2601 3613 78 35 Mr.
2698 3613 28 37 V
2734 3612 119 44 izard,
2869 3612 90 37 New-

1635 3673 149 35 square,
1807 3660 195 37 Lincoln's-
2014 3661 83 35 Inn.
2385 3660 5 48 •

1681 3710 41 34 J.
1747 3710 203 41 Atkinson,
1972 3709 304 44 Cleveley-Mill,
2297 3709 239 41 Lancashire,
2554 3709 141 43 miller,
2725 3706 130 37 March
2941 3711 43 31 at

1635 3756 100 44 four,
1752 3759 40 43 9,
1809 3763 39 31 at
1865 3758 145 41 eleven,
2027 3757 71 34 and
2115 3758 60 41 28,
2194 3761 41 31 at
2252 3756 103 44 four,
2370 3763 44 30 at
2439 3757 63 35 the
2518 3755 246 39 Commercial
2787 3756 85 41 Inn,
2893 3756 74 35 Lan-

1633 3813 135 30 caster.
1835 3804 209 41 Attornies,
2073 3804 77 35 Mr.
2189 3804 165 44 Parker,
2391 3806 223 43 Lancaster;
2639 3804 74 34 and
2741 3804 150 35 Messrs.
2911 3806 54 34 Ca-

1635 3861 63 28 ton
1711 3854 74 35 and
1809 3853 182 40 Brumell,
2011 3852 371 46 Aldersgate-street,
2404 3853 162 35 London.

1681 3904 50 33 T.
1748 3904 165 39 Stenner,
1932 3900 158 44 Bristol,
2106 3908 216 39 carpenter,
2347 3901 91 35 Feb.
2460 3901 60 43 16,
2535 3902 65 40 28,
2617 3900 71 37 and
2708 3899 132 37 March
2865 3900 64 43 28,
2946 3904 44 32 at

1631 3950 145 45 eleven,
1806 3957 41 28 at
1876 3952 64 33 the
1972 3948 100 35 Bush
2091 3950 167 43 Tavern,
2288 3950 253 41 Corn-street,
2571 3950 156 34 Bristol.
2779 3950 211 41 Attornies,

1633 3998 150 37 Messrs.
1799 3998 98 37 Bush
1915 3996 71 37 and
2004 3996 210 45 Prideaux,
2230 3999 54 34 St.
2298 3997 250 41 John-street,
2568 3997 165 39 Bristol;
2751 3996 70 37 and
2837 3996 155 39 Messrs:

1636 4045 217 43 Bleasdale,
1870 4045 239 43 Alexander,
2120 4046 74 35 and
2215 4045 156 43 Holme,
2389 4046 93 34 New
2511 4046 80 41 Intl,
2611 4044 167 37 London.

1682 4095 51 37 D.
1752 4094 176 43 Jenkins,
1954 4094 247 44 Lantrissant,
2218 4094 347 45 Glamorganshire,
2582 4094 276 45 linen-diaper,
2883 4094 100 37 Feb:

1631 4143 64 41 27,
1710 4143 65 43 28,
1793 4142 71 35 and
1883 4142 40 35 M
1926 4137 90 40 arch
2028 4142 66 43 28,
2109 4146 43 32 at
2169 4142 148 45 eleven,
2344 4147 43 31 at
2415 4142 61 39 the
2502 4142 97 35 Bush
2631 4142 168 44 Tama,
2828 4142 158 35 Bristol.

1635 4191 207 43 Attoruies,
1873 4191 77 34 Mr:
1970 4191 122 48 James
2092 4191 25 48 )
2150 4191 141 50 Gray's
2320 4191 241 48 lun-square,
2589 4191 181 45 London;
2804 4191 74 37 and
2909 4191 78 38 Mr.

1635 4240 150 47 Cooke,
1808 4238 155 40 Bristol.

3154 742 17 14 •
3195 744 26 18 '.',

3034 783 43 14 ••
3138 784 12 12 •
3219 781 7 18 t

3073 1191 77 45 ~:.

3154 1180 30 11 .A

3472 120 11 48 ]

206 3338 106 33 effect
343 3337 45 33 of

206 3384 188 45 Highness

253 3442 103 26 ouse.

246 3481 74 35 31r.
347 3482 50 35 Fu

203 3529 91 35 than
312 3530 85 34 that

206 3588 99 28 atan,
322 3579 74 41 16,C

208 3637 133 25 course
358 3626 39 35 of

208 3673 98 35 from
330 3685 67 35 pro

209 3722 136 37 bouse,

260 3771 79 34 Mr.
364 3772 33 32 W'

209 3820 35 33 in
263 3823 39 30 to
319 3820 78 34 veri

211 3866 164 44 Sandon,

209 3913 188 37 Committm

370 3965 27 35 C

210 4012 115 35 band-
332 4024 30 24 w
370 4012 27 34 ri

211 4061 113 35 I).tke
345 4059 45 35 of

210 4109 145 44 Ccorge

210 4169 24 21 Is
247 4169 38 21 as
306 4163 38 27 to
365 4156 32 34 th

263 4206 74 34 fhe
366 4205 31 33 le

207 4254 131 37 should
352 4254 44 34 be

59 4400 6 7 •
164 4411 7 4 •

3276 4297 207 70 L_
