3484 4417
1140 111 149 51 THE
1324 110 380 53 NATIONAL
1739 110 384 54 REGISTER,.

227 234 103 46 phan
347 237 80 43 lad,
456 241 85 33 then
563 241 40 33 16
633 253 110 33 years
770 242 43 37 of
835 255 89 34 age,
951 247 125 32 whose
1103 246 125 34 father
1257 246 72 34 had
1349 247 73 32 lost
1441 244 56 34 his
1517 243 65 34 life

231 282 38 34 in
289 285 61 33 the
367 288 156 40 service,
550 291 69 32 and
651 292 122 34 whom
802 292 43 34 he
865 293 72 34 had
964 293 162 45 brought
1146 305 65 33 up.

283 332 72 35 Mr.
381 334 154 37 Nichols
554 339 197 33 examined
770 339 48 33 by
850 340 65 34 the
935 341 312 35 CHANCELLOR
1267 340 41 34 of
1322 340 64 34 the
1407 340 176 34 Excnr-

230 383 236 39 QUER.—Q.
514 384 74 34 Did
621 385 89 34 Mrs.
742 387 142 34 Clarke
913 389 76 33 live
1024 394 41 28 at
1098 390 65 33 the
1198 387 176 35 witness's
1406 387 113 34 house
1543 392 38 28 at

231 426 237 47 Hampstead
491 443 39 22 as
556 443 22 22 a
608 433 154 40 lodger?
828 435 50 34 A.
909 436 195 40 Yes.—Q.
1135 437 52 33 At
1221 437 103 33 what
1356 436 119 33 time?
1530 436 48 33 A.

233 475 76 33 She
325 487 103 24 came
445 478 104 33 there
569 480 34 34 in
618 482 181 39 October,
830 484 203 39 1807.—Q.
1067 485 98 33 How
1185 484 86 43 long
1296 483 63 33 did
1377 483 65 34 she
1467 489 81 38 stay
1567 483 11 32 ?

234 522 51 34 A.
314 524 54 33 To
389 526 63 32 the
467 528 90 33 25th
578 527 45 33 of
633 528 96 34 June
742 528 312 47 following.---Q.
1084 533 45 34 In
1146 533 102 33 what
1261 531 97 44 light
1371 531 60 34 did
1446 530 64 34 she
1525 541 38 24 re-

230 578 145 35 present
393 573 159 34 herself?
575 574 47 38 A.
645 579 83 31 Asa
744 578 250 41 widow.—Q.
1018 580 70 33 Did
1104 580 66 33 she
1182 580 99 34 after
1293 585 189 38 represent
1501 579 60 33 her-

231 618 74 34 self
320 619 33 33 in
371 630 74 34 any
476 621 107 34 other
606 624 196 39 character
819 626 12 32 ?
888 626 47 33 A.
971 627 91 39 Yes,
1094 627 18 33 I
1147 627 220 33 understood
1393 626 92 34 from
1518 626 63 33 her

235 665 81 33 that
340 669 64 32 she
418 679 76 25 was
511 671 159 33 married
702 678 39 26 to
763 673 72 32 Mr.
861 673 274 41 Dowler.—Q.
1169 677 113 31 What
1300 684 105 25 name
1439 672 63 34 did
1518 674 63 32 she

233 723 142 25 assume
391 723 43 27 at
452 717 59 33 the
540 717 87 41 time
644 718 12 33 ?
713 718 72 34 She
807 729 94 26 went
918 723 48 43 by
983 723 61 33 the
1072 733 105 22 name
1195 723 44 33 of
1266 723 87 33 Mrs.
1375 722 155 34 Clarke.
1534 738 47 7 —

234 761 48 39 Q.
318 763 110 34 What
459 776 145 22 reasons
621 765 63 34 did
703 768 64 32 she
793 769 85 43 give
908 781 76 33 you
1015 769 58 33 for
1101 770 184 44 retaining
1315 769 64 33 the
1406 780 104 22 name
1543 769 43 33 of

236 808 144 35 Clarke
398 811 11 32 ?
467 811 48 35 A.
544 814 102 33 That
674 814 33 33 if
733 815 64 33 the
835 816 112 34 Duke
974 817 44 34 of
1044 819 116 34 York
1182 817 105 34 knew
1307 817 65 33 she
1393 828 74 21 was
1485 828 72 21 mar-

231 857 81 33 ried
333 863 38 27 to
390 860 76 33 Mr.
493 860 168 44 Dowler,
684 861 44 34 he
749 863 124 34 would
888 866 85 33 send
1003 866 73 32 him
1095 865 257 40 abroad.—Q.
1387 865 118 33 When
1518 865 60 33 did

231 905 65 33 she
317 906 60 33 tell
403 906 76 34 hiin
494 919 38 21 so
544 908 13 32 ?
615 909 46 34 A.
694 911 107 33 Some
823 912 87 33 time
930 912 97 33 after
1041 914 64 31 she
1126 913 71 32 had
1217 913 87 32 been
1322 913 35 32 in
1371 913 61 32 the
1452 913 124 34 house.

231 952 98 39 —Q.
364 953 118 35 When
511 954 61 34 did
592 956 64 34 she
673 958 65 32 tell
763 958 70 33 him
865 959 65 34 she
959 971 74 21 was
1048 959 159 34 married
1228 965 38 27 to
1289 960 72 33 Mr.
1396 960 180 33 Dowler?

231 998 54 34 A.
317 1000 96 34 Soon
433 1003 99 33 after
560 1004 74 32 Mr.
661 1004 156 34 Dowler
831 1017 105 22 came
969 1016 35 25 to
1029 1007 346 43 llampstead.—Q.
1397 1007 77 33 Did
1493 1006 64 34 wit-

229 1056 80 26 ness
321 1058 87 24 ever
430 1059 65 34 say
513 1050 45 33 he
578 1052 123 32 would
720 1054 46 32 be
781 1063 48 33 up
844 1055 91 33 with
961 1056 87 33 Mrs.
1072 1056 141 33 Clarke
1228 1055 12 33 ?
1294 1055 145 40 A.'No,
1466 1065 111 24 never

230 1097 40 31 to
289 1106 66 32 any
381 1097 217 40 bodv.—Q.
634 1098 79 33 Has
733 1101 43 32 he
804 1102 33 32 in
867 1102 54 33 his
943 1102 203 45 possession
1170 1103 124 33 letters
1313 1102 201 44 belonging
1539 1109 38 26 to

231 1141 94 34 Mrs.
346 1142 167 35 Clarke?
568 1146 50 34 A.
651 1147 189 40 Yes.--Q.
875 1150 100 34 How
1004 1149 63 34 did
1095 1150 148 33 witness
1274 1160 104 24 come
1397 1150 50 43 by
1474 1150 102 34 these

229 1188 129 34 letters
372 1192 12 32 ?
443 1193 45 34 A.
509 1193 107 43 They
647 1205 97 22 ‘vere
767 1201 73 27 sent
865 1196 111 34 down
994 1204 39 26 to
1051 1198 96 43 light
1169 1198 60 33 the
1246 1199 63 32 fire
1336 1198 92 33 with
1447 1209 11 27 ;
1486 1199 86 43 they

228 1245 102 25 were
348 1245 60 26 not
446 1243 106 41 given
574 1246 35 27 to
631 1252 71 24 me.
757 1243 77 34 The
856 1245 99 33 maid
989 1251 146 27 servant
1159 1245 85 33 who
1271 1245 170 33 received
1461 1245 111 43 them,

226 1291 70 38 put
317 1285 96 32 them
435 1286 77 34 into
534 1298 24 24 a
575 1290 115 33 closet
707 1291 71 32 and
798 1291 84 33 used
904 1293 100 32 them
1022 1304 39 21 as
1074 1292 65 32 she
1160 1293 144 33 wanted
1319 1292 112 37 them.

278 1331 111 35 After
404 1335 107 34 much
530 1336 214 40 discussion,
778 1338 27 33 it
839 1349 77 24 was
941 1341 133 41 agreed
1102 1341 83 33 that
1213 1342 60 32 the
1292 1350 135 35 papers
1442 1341 130 34 should

224 1377 48 34 he
293 1381 161 33 referred
474 1389 35 26 to
528 1394 22 21 a
568 1384 112 33 select
712 1385 240 43 Committt!e,
989 1388 71 33 and
1094 1388 72 33 Mr.
1195 1389 149 32 Wardle
1372 1389 200 45 expressed

226 1426 155 34 himself
389 1428 182 45 perfectly
586 1433 162 32 satisfied
768 1434 91 33 with
882 1434 73 33 this
972 1441 268 35 arrangement.

278 1473 202 43 Robinson,
497 1488 21 21 a
535 1483 126 37 porter
676 1481 193 44 attending,
881 1487 40 27 at
941 1480 228 46 Slaughter's
1193 1482 275 41 Coffee-house,
1496 1494 76 25 was

222 1519 66 33 the
306 1530 89 26 next
418 1534 26 22 A%
459 1525 105 33 itness
844 1507 19 56 e
863 1507 76 56 'Did
961 1531 72 34 Mr.
1059 1530 156 34 Dowler
1233 1541 86 24 ever
1343 1532 74 33 live
1439 1532 91 33 with
1548 1544 21 21 a

221 1567 105 44 lady,
352 1578 37 24 as
407 1580 80 24 man
508 1572 70 33 and
602 1573 102 43 wife,
728 1580 41 28 at
789 1577 83 33 that
893 1577 99 33 hotel
1007 1578 12 32 ?
1074 1578 52 34 A.
1149 1578 93 40 Yes,
1272 1578 60 33 for
1348 1590 102 24 some
1466 1578 103 35 short

220 1615 204 41 time.—Q.
457 1619 138 34 Where
617 1622 63 33 did
702 1623 63 33 the
784 1624 86 39 lady
894 1624 85 32 who
1002 1630 91 27 went
1124 1626 50 43 by
1196 1626 60 32 the
1281 1636 104 24 name
1406 1628 45 32 of
1474 1628 92 34 Mrs.

221 1662 159 35 Dowler
399 1665 99 33 live?
557 1669 45 32 A.
639 1669 47 33 At
707 1669 77 34 No.
808 1671 58 39 14,
899 1671 307 44 Bedford-place,
1237 1674 326 44 Bedford-square.

269 1710 144 35 Samuel
441 1714 111 43 Well,
570 1727 22 21 a
614 1716 133 35 waiter
764 1724 38 27 at
821 1719 228 44 Slaughters,
1080 1730 74 24 was
1168 1721 60 33 the
1247 1728 89 26 next
1357 1722 211 32 witness.—

219 1755 46 40 Q.
302 1759 56 33 Do
381 1770 73 30 you
480 1761 113 35 know
627 1763 92 35 Mrs.
743 1766 184 34 Dowler?
981 1767 47 34 A.
1052 1767 268 34 Yes.—When
1337 1768 61 32 did
1419 1780 73 33 you
1508 1781 59 24 see

219 1804 66 33 her
296 1806 94 33 last?
517 1811 106 33 Some
637 1812 77 44 day
729 1813 71 33 last
814 1814 106 33 week
938 1813 35 34 in
987 1826 183 32 company
1192 1817 91 33 with
1299 1817 73 32 Mr.
1393 1817 169 35 Dowler.

214 1852 96 39 —Q.
348 1853 100 34 How
470 1857 87 44 long
576 1858 64 33 did
663 1859 66 34 she
745 1863 111 44 stay?
915 1861 50 35 A.
1003 1863 70 34 She
1102 1864 98 33 staid
1219 1864 104 33 there
1354 1864 64 34 the
1442 1865 124 35 whole

214 1899 406 47 night)—Adjourued.

653 2015 269 54 Wednesday,
951 2021 96 40 Feb.
1081 2027 63 34 15.

718 2106 123 25 DUKE
863 2108 57 24 OE
944 2109 137 24 YORK.

260 2144 116 38 After
384 2158 102 26 some
501 2150 196 47 prefatory
715 2156 280 43 conversation,
1020 2157 235 46 principally
1274 2159 148 34 carried
1437 2170 46 24 on
1501 2158 40 35 be-

210 2193 123 35 tween
364 2197 96 33 Lord
493 2197 270 39 FOLKSTONC
789 2203 71 33 and
896 2204 64 33 the
993 2204 308 35 CHANCELLOR
1322 2207 41 33 of
1388 2207 64 34 the
1485 2207 77 34 Ex-

248 2249 120 33 HEW;
381 2254 72 28 ER,

261 2288 74 34 Mr.
365 2291 198 37 WARDLE
583 2295 161 43 brought
763 2295 167 38 forward
951 2298 61 35 the
1042 2301 130 34 letters
1191 2301 83 33 that
1299 2301 72 34 had
1389 2302 92 34 been
1509 2314 35 22 re-

208 2333 125 37 ferred
353 2337 61 34 the
436 2341 219 45 preceeding
670 2344 156 43 evening
842 2350 38 28 to
899 2357 24 22 a
944 2348 120 32 Select
1085 2347 252 39 Com:nittee;
1368 2350 71 32 and
1459 2361 77 24 mov-

206 2381 63 40 ed,
296 2385 79 33 that
396 2386 129 34 before
542 2388 87 44 they
654 2400 97 24 were
770 2392 74 34 laid
863 2404 100 34 upon
1000 2393 60 34 the
1080 2395 120 40 table,
1231 2396 90 33 Mrs.
1352 2398 145 33 Clarke
1517 2398 45 34 he

208 2430 124 34 called
348 2432 34 33 in
404 2440 38 26 to
458 2445 116 33 prove
592 2438 64 33 the
676 2438 94 33 hand
793 2440 150 44 writing
953 2440 43 33 of
1009 2441 63 33 the
1089 2452 37 24 se
1131 2445 33 32 -,
1165 2445 66 32 Teal
1253 2445 155 43 parties.
1465 2445 93 34 Mrs.

206 2471 148 40 Clarke
376 2491 73 22 was
467 2484 236 44 accordingly
728 2486 123 33 called
873 2487 51 41 in,
950 2489 71 34 and
1037 2491 139 43 proved
1194 2491 61 33 the
1276 2491 283 46 hand-writing.

260 2523 122 37 Three
403 2528 129 35 letters
549 2541 97 24 were
666 2523 87 44 then
776 2535 83 33 read
879 2536 99 33 fro,a
999 2536 34 33 S.
1058 2536 136 34 Carter
1211 2545 38 27 to
1277 2539 89 34 Mrs.
1389 2541 169 41 Clarke;

207 2569 96 46 they
320 2583 97 25 were
435 2577 219 44 expressive
666 2580 45 34 of
726 2581 59 33 the
803 2582 87 43 high
909 2582 189 46 gratitude
1119 2585 45 33 of
1174 2585 61 34 the
1256 2588 131 33 writer
1407 2594 38 27 to
1466 2589 90 32 Mrs.

203 2616 145 38 Clarke
379 2621 60 34 for
470 2624 65 33 her
554 2626 170 34 kindness
745 2634 37 27 to
815 2628 91 43 him,
935 2631 69 33 and
1030 2634 195 33 entreated
1258 2634 66 34 her
1351 2635 206 45 pecuniary

202 2666 204 37 assistance
424 2675 39 30 to
482 2673 131 33 enable
648 2674 76 33 him
743 2682 39 27 to
798 2679 110 32 make
926 2688 45 24 an
1002 2691 239 34 appearance
1258 2682 162 34 suitable
1439 2688 38 28 to
1496 2683 61 33 the

202 2714 181 35 situation
404 2724 37 27 to
472 2719 123 34 which
615 2721 64 33 she
694 2722 72 38 bad
785 2725 117 33 raised
925 2726 90 33 him.
1067 2728 84 33 The
1165 2728 124 33 letters
1306 2730 45 33 of
1377 2731 180 34 Baroness

206 2760 208 37 Nollekens
442 2777 98 24 were
559 2773 64 30 not
639 2771 104 40 read,
770 2783 39 21 as
821 2774 248 33 unconnected
1087 2776 94 33 with
1199 2776 60 34 the
1279 2778 171 45 military
1469 2790 65 33 pro-

201 2810 187 40 motions;
416 2813 72 34 and
506 2816 105 33 those
622 2817 46 33 of
683 2818 162 34 General
870 2820 204 46 Clavering
1108 2832 99 28 were
1226 2825 141 43 merely
1396 2828 139 43 compli-

201 2863 189 39 mentary,
416 2867 142 40 except
576 2863 63 34 the
654 2867 163 34 mention
831 2869 84 33 that
930 2869 45 33 he
993 2870 162 33 tanked
1173 2870 66 35 her
1253 2871 59 34 for
1335 2872 139 35 former
1488 2885 47 34 ap-

198 2904 204 44 plications
438 2915 38 27 to
506 2909 65 34 the
605 2911 131 43 Duke,
764 2915 139 44 though
935 2917 261 41 unsuccessful,
1222 2920 70 34 and
1315 2921 139 43 begged
1474 2921 81 35 that

197 2952 81 43 she,
306 2954 130 34 should
456 2967 45 24 an
529 2961 250 45 opportunity
796 2973 111 25 occur
925 2962 64 35 for
1000 2966 224 43 mentioning
1239 2967 43 40 it,
1307 2968 122 33 would
1446 2970 110 34 make

197 3009 47 24 an
265 3000 92 34 offer
373 3013 46 24 on
452 3004 53 34 his
519 3013 103 38 part,
635 3013 40 30 to
694 3009 98 34 raise
802 3020 21 24 a
836 3011 188 35 battalion
1042 3013 59 32 for
1113 3013 194 34 unlimited
1324 3017 156 34 service.

252 3048 91 34 Mrs.
365 3050 143 37 Clarke
535 3064 77 24 was
639 3056 89 34 then
762 3058 122 34 called
919 3059 52 43 in,
1002 3060 71 34 and
1108 3061 118 33 asked
1261 3063 158 41 through
1452 3065 102 35 what

195 3104 128 26 means
340 3097 64 33 she
441 3103 183 40 procured
640 3115 22 22 a
696 3104 80 45 Pay
785 3106 223 46 mastership
1050 3106 60 34 for
1126 3110 74 33 Mr.
1235 3110 181 34 Elderton
1431 3112 13 34 ?
1500 3113 50 35 A.

194 3143 185 45 Through
412 3146 63 33 the
511 3149 112 33 Duke
653 3150 47 34 of
729 3152 135 43 York,
898 3154 143 46 though
1077 3167 93 24 very
1201 3157 104 34 much
1333 3159 145 43 against
1496 3162 54 33 his

196 3190 339 43 wishes---Q.You
552 3198 118 33 stated
689 3200 84 34 that
790 3201 61 33 the
874 3202 113 35 Duke
1005 3202 144 35 desired
1172 3204 71 35 Mr.
1260 3207 233 35 Greenwood
1514 3215 35 27 to

193 3247 163 38 procure
391 3241 65 33 the
493 3243 103 34 office
628 3247 45 33 of
703 3247 223 45 Paymaster
956 3249 61 35 for
1049 3250 76 35 Mr.
1157 3253 155 34 Cleirles
1354 3254 195 45 Lldertim,

193 3286 149 41 against
359 3287 61 35 the
437 3296 148 30 consent
601 3293 44 33 of
660 3294 72 35 Mr.
757 3296 259 43 Greenwood;
1044 3299 87 34 how
1152 3300 46 33 do
1230 3313 72 31 Sou
1328 3302 117 37 know
1475 3305 73 35 this

190 3332 84 47 fact
288 3334 15 33 ?
356 3337 52 33 A.
436 3337 73 35 His
529 3339 123 45 Royal
676 3343 185 45 HighneSs
880 3346 79 33 told
976 3357 56 22 me
1052 3357 39 24 so
1109 3347 159 35 himself.

376 3383 112 47 IThe
511 3386 157 37 Witness
689 3400 72 22 was
790 3391 85 34 here
892 3392 144 35 desired
1055 3399 39 30 to
1113 3396 244 44 withdraw.]

240 3430 79 34 Mr.
348 3430 204 39 WARDLE
579 3436 84 34 then
693 3439 133 34 moved
846 3439 81 35 that
945 3443 46 33 T.
1016 3443 159 34 Walker
1194 3444 47 33 be
1257 3445 120 34 called
1397 3446 52 43 in,
1475 3449 70 33 and

185 3477 69 35 the
266 3480 194 34 substance
478 3482 45 33 of
537 3482 53 34 his
617 3484 180 37 evidence
813 3497 78 24 was
906 3500 41 24 as
965 3489 146 37 follows
1127 3493 162 34 :—That
1311 3494 44 33 he
1383 3495 72 33 had
1470 3495 54 34 fre-

185 3527 157 45 quently
359 3537 83 24 seen
463 3529 89 33 Miss
579 3531 137 45 Taylor
731 3541 38 26 at
784 3534 372 47 Gloucester-place;
1176 3541 84 33 that
1273 3541 89 35 Mrs.
1387 3543 157 43 Clarke,

185 3573 122 34 while
322 3573 45 34 he
386 3585 77 26 was
482 3576 37 35 in
537 3578 66 35 her
627 3580 122 34 house'
762 3581 35 34 in
814 3585 365 46 Gloucester-place,
1207 3587 69 34 had
1293 3589 22 33 8
1333 3591 124 33 horses
1472 3593 70 33 and

187 3626 83 31 two
288 3624 210 41 carriages;
527 3625 83 35 that
631 3627 46 35 he
697 3628 74 34 had
796 3631 48 34 all
867 3632 66 34 the
953 3632 84 35 bills
1064 3633 59 35 for
1149 3634 64 34 the
1244 3635 97 47 keep
1369 3638 46 33 of
1439 3639 104 34 those

187 3665 144 45 hor.es,
357 3681 39 22 as
415 3671 60 34 far
491 3684 38 24 iIS
556 3674 45 32 he
620 3676 110 34 kneW
761 3678 63 33 the
853 3679 116 43 time;
997 3680 83 37 that
1116 3683 146 34 Samuel
1302 3686 137 34 Carter
1470 3687 70 34 had

180 3717 104 34 lived
302 3718 87 33 with
406 3719 162 45 Captaia
586 3723 130 34 Sutton
735 3726 175 44 previous
924 3735 38 28 to
977 3728 56 34 his
1046 3731 146 43 coining
1208 3736 37 28 to
1263 3733 91 35 Mrs.
1370 3735 165 41 Clarke;

178 3764 86 35 that
287 3767 43 32 he
352 3768 71 33 had
441 3778 112 24 never
572 3769 116 37 heard
717 3774 125 34 whose
857 3785 65 24 son
945 3776 46 33 he
1011 3788 74 24 was
1101 3781 188 43 supposed
1305 3788 38 27 to
1359 3782 61 34 be.

231 3814 78 33 Mrs
348 3815 181 34 Favorite
550 3821 200 33 examined
769 3821 48 46 by
839 3823 63 33 the
920 3826 249 34 ATTORNEY
1198 3828 120 35 GENA
1333 3840 52 24 RA
1398 3834 136 39 L.—Q.

177 3859 71 37 Do
257 3863 76 32 boa
353 3865 178 37 recolleq
544 3873 72 38 any
638 3868 105 44 thing
763 3873 207 43 respecting
989 3873 61 33 the
1069 3873 141 45 change
1226 3875 44 32 of
1280 3886 22 25 a
1315 3878 102 35 bank
1435 3886 100 35 note,

343 3913 174 43 previous
548 3920 37 27 to
618 3915 65 34 the
713 3917 144 35 Duke's
880 3920 117 45 going
1013 3925 38 30 to
1075 3921 86 44 We)
1175 3926 139 40 month,
1343 3926 71 34 and
1443 3928 90 37 Mrs.

333 3971 14 20 s
363 3963 115 40 going
494 3966 39 28 to
560 3963 200 47 Worthing
775 3965 14 33 ?
842 3966 51 34 A.
917 3969 99 41 Yes,
1041 3970 19 33 I
1080 3970 72 40 do;
1189 3971 14 33 I
1220 3971 159 45 brought
1406 3984 25 24 a
1448 3984 86 26 note

170 4005 118 34 dowtr
317 4011 37 30 th
384 4007 61 35 the
468 4010 146 33 Iluke's
630 4019 165 37 servant,
821 4015 210 41 Lodovick,
1055 4017 72 34 and
1157 4018 142 35 desired
1319 4020 76 35 him
1414 4026 39 30 to
1470 4031 60 37 get

169 4055 30 33 it
219 4054 182 45 changed.
457 4057 60 35 He
539 4061 174 33 reirtied
729 4068 41 27 at
798 4063 131 34 eleven
958 4063 167 45 o'clock,
1147 4065 107 35 when
1291 4069 18 33 I
1339 4070 92 34 took
1468 4072 61 34 the
1560 4054 1 54 '

167 4101 98 34 chap
268 4114 44 26 re
330 4115 48 32 tip
397 4106 110 34 stairs
524 4119 12 28 ;
573 4109 63 34 the
665 4108 116 37 Dake
814 4110 44 34 of
874 4111 115 34 York
1028 4123 77 24 was
1135 4114 37 33 in
1204 4114 64 34 the
1296 4127 104 26 room
1435 4121 90 34 with

167 4149 98 38 Airs.
288 4152 157 43 Clarke,
476 4155 35 33 in
529 4155 105 35 short
651 4159 89 43 they
761 4168 97 27 were
878 4160 35 33 in
934 4160 85 34 bed.

197 4199 86 38 The
304 4209 154 31 IirIILCS3
480 4213 73 31 was
573 4205 87 40 then
685 4206 202 40 examined
913 4208 53 50 by
992 4208 63 39 the
1072 4208 190 51 4ttorney
1281 4213 176 54 General,
1483 4227 43 31 as

250 4252 30 13 •••
313 4252 1 13 •

2722 105 162 53 FEB.
2910 110 77 51 19.

1648 248 37 26 to
1704 242 65 34 her
1794 244 106 35 mode
1926 244 43 35 of
1993 243 69 35 life
2094 242 172 47 previous
2296 247 38 28 to
2370 242 65 33 her
2466 241 112 43 going
2609 247 35 26 to
2673 241 76 32 live
2777 241 90 32 with
2901 241 93 32 Mrs-

1646 291 150 43 Clarke,
1819 293 122 33 whom
1959 293 65 33 she
2049 293 116 33 stated
2184 291 63 35 she
2265 300 78 24 was
2356 289 222 45 acquainted
2600 288 93 33 with
2713 287 58 34 for
2791 294 58 26 ten
2870 296 122 34 years.

1652 339 141 39 During
1817 339 72 34 this
1918 340 282 44 interrogation,
2233 338 64 34 she
2331 337 280 46 prevaricated,
2646 337 71 33 and
2753 333 184 38 hesitated
2967 344 25 24 a

1644 386 94 44 good
1757 386 197 41 deal.—Q.
1984 387 115 34 What
2117 397 73 25 was
2206 386 64 34 the
2285 391 130 28 extent
2433 384 44 35 of
2494 385 91 41 Mri.
2604 383 171 34 Clarke's
2791 381 183 35 establish-

1648 439 109 37 ment,
1787 436 67 33 and
1871 436 102 33 what
1991 436 154 34 number
2159 435 44 34 of
2224 441 164 31 servants
2404 433 64 33 did
2486 432 63 34 she
2569 433 97 43 keep
2683 431 13 34 ?
2750 432 48 33 A.
2831 430 80 34 Ido
2927 433 67 31 not

1649 482 106 33 know
1770 484 151 43 exactly
1933 484 65 33 the
2013 494 46 22 ex
2069 494 111 34 pence
2194 482 44 34 of
2254 482 66 34 her
2336 482 302 38 establishment;
2670 489 59 26 we
2748 480 70 33 had
2838 480 154 41 always

1648 539 86 34 very
1752 530 145 44 elegant
1913 530 144 34 dinners
2073 530 129 34 served
2219 540 66 33 up,
2313 530 71 33 and
2407 528 102 34 what
2525 528 112 37 could
2657 534 61 27 not
2748 528 46 32 be
2813 527 107 33 made
2940 535 51 33 up

1645 581 37 30 at
1702 578 107 33 home
1830 589 73 24 was
1922 579 70 34 had
2011 580 94 33 from
2122 580 61 33 the
2203 576 380 46 pastry-cooks.—Q.
2608 575 98 34 Who
2725 573 187 34 furnished
2926 573 65 33 the

1648 625 111 33 house
1787 626 34 32 in
1848 627 345 44 Gloucester-place
2211 626 11 33 ?
2275 626 51 33 A.
2354 626 167 44 Oakley,
2559 626 34 32 in
2634 622 356 38 Bond-street.--Q.

1651 672 94 34 Who
1775 673 184 35 furnished
1990 674 61 34 the
2083 676 96 41 glass
2211 673 69 34 and
2306 673 111 34 china
2432 672 13 33 ?
2499 673 51 32 A.
2583 672 109 41 Some
2722 671 209 33 tradesman
2953 670 38 40 iu

1646 720 397 43 Oxford-street.---Q.
2068 723 97 33 Who
2186 732 73 24 was
2278 723 63 33 the
2356 719 223 35 silversmith
2604 719 86 34 who
2717 717 190 34 furnished
2926 717 65 34 the

1644 769 150 33 articles
1808 770 43 33 of
1867 770 99 45 plate
1982 770 12 32 ?
2050 770 47 33 A.
2119 769 150 37 Birkett
2281 769 71 33 and
2372 769 159 40 Parker,
2561 769 37 32 in
2630 768 358 34 Princes-street.---

1645 815 47 39 Q.
1716 817 74 33 Did
1812 828 73 32 you
1913 819 85 41 give
2020 819 64 33 the
2104 819 105 43 daily
2237 817 126 34 orders
2385 822 38 28 to
2453 816 61 34 the
2542 815 171 34 different
2747 814 206 33 tradesmen
2970 814 14 33 ?

1650 865 43 32 A.
1727 866 15 32 I
1763 876 93 31 gave
1874 876 112 30 some,
2016 876 40 28 as
2081 876 76 22 was
2174 876 57 33 my
2252 866 90 45 duty
2360 876 39 22 as
2419 863 378 44 housekeeper.---Q.
2823 861 83 34 And
2924 861 64 34 did

1645 912 60 33 the
1719 913 200 34 tradesmen
1938 914 215 32 understand
2169 914 79 33 that
2263 913 90 45 they
2375 924 97 22 were
2489 918 40 27 to
2543 913 93 32 look
2654 918 38 27 to
2711 912 63 33 the
2794 909 115 34 Duke
2930 909 59 33 for

1644 959 96 33 their
1762 970 126 34 money
1904 961 14 33 ?
1970 961 48 34 A.
2043 963 79 34 Yes
2138 974 11 28 ;
2176 960 89 44 they
2294 961 124 33 would
2444 959 210 33 sometimes
2686 958 70 35 ask
2789 969 58 24 me
2880 958 111 33 when

1645 1007 87 34 Mrs.
1753 1010 142 33 Clarke
1907 1019 76 24 was
2001 1018 38 25 to
2060 1010 96 33 have
2171 1019 129 34 money
2321 1009 96 34 from
2433 1007 61 34 the
2512 1007 128 34 Duke.

1693 1064 91 35 Mrs.
1807 1067 139 33 Clarke
1965 1065 328 44 questioned.---Q.
2326 1067 83 34 One
2432 1064 44 35 of
2489 1075 97 34 your
2604 1064 128 33 letters
2748 1072 167 35 appears
2940 1072 47 22 on

1642 1110 61 34 the
1721 1113 145 44 printed
1896 1115 169 39 minntes,
2100 1115 35 33 in
2157 1114 119 33 which
2306 1123 72 34 you
2399 1114 178 39 mention,
2613 1113 84 32 that
2724 1121 72 33 you
2820 1121 97 34 gave
2934 1121 52 33 up

1639 1169 98 24 some
1756 1160 124 34 letters
1898 1160 44 35 of
1962 1160 214 37 Donovan's
2205 1167 37 27 to
2259 1161 72 35 Mr.
2357 1160 167 40 Wardle,
2556 1160 35 33 in
2610 1160 111 33 order
2740 1165 37 28 to
2794 1157 193 35 facilitate

1639 1218 22 21 a
1693 1209 244 41 negotiation,
1967 1209 98 34 what
2091 1209 228 43 negotiation
2350 1219 72 24 was
2443 1208 80 34 that
2541 1208 12 31 ?
2611 1208 47 33 A.
2685 1207 14 33 I
2722 1206 70 33 had
2817 1206 169 40 learned,

1641 1254 124 35 whilst
1799 1258 18 33 I
1839 1269 71 22 was
1931 1258 92 33 with
2044 1258 61 33 the
2137 1258 110 33 Duke
2267 1258 45 32 of
2339 1258 128 39 York,
2503 1256 83 34 that
2611 1254 253 34 commissions
2884 1264 102 24 were

1639 1302 99 35 often
1756 1305 151 43 granted
1928 1317 44 21 on
1987 1305 64 33 the
2069 1305 333 34 recommendation
2418 1304 44 34 of
2474 1316 22 22 a
2517 1304 156 32 General
2696 1303 150 40 Officer,
2883 1311 44 24 or
2944 1299 44 35 of

1637 1359 22 22 a
1680 1350 169 37 Member
1870 1352 44 35 of
1939 1354 227 34 Parliament
2184 1367 11 26 ;
2231 1355 67 32 Mr.
2321 1352 181 34 Donovan
2525 1350 139 33 wished
2686 1362 58 21 me
2761 1356 39 27 to
2820 1358 163 35 procure

1636 1408 24 21 a
1677 1402 334 33 recommendation
2029 1401 94 33 from
2141 1411 21 22 a
2181 1401 167 33 Member
2366 1401 44 33 of
2430 1401 247 38 Parliament,
2695 1398 67 32 and
2785 1398 17 33 I
2818 1397 161 44 ailplied

1637 1449 37 28 to
1710 1447 73 33 Mr.
1821 1448 266 39 Wardle.---Q.
2124 1448 72 34 Did
2216 1460 71 33 you
2306 1459 89 22 ever
2412 1448 109 33 make
2542 1457 72 32 any
2636 1453 125 27 return
2778 1452 38 27 to
2835 1447 64 32 the
2920 1447 43 33 In-

1636 1504 103 22 come
1765 1495 81 34 Tax
1861 1498 13 33 ?
1928 1496 48 33 A.
2000 1496 25 41 N
2024 1496 51 41 9,
2096 1502 64 27 not
2178 1507 39 22 as
2239 1496 14 34 I
2275 1496 292 38 recollect.---Q.
2601 1494 98 33 How
2726 1505 110 33 many
2857 1493 126 35 horses

1633 1541 69 32 and
1721 1545 184 43 carriages
1907 1554 24 33 -
1931 1554 94 33 were
2049 1556 73 33 you
2141 1546 156 32 assessed
2326 1550 39 28 at
2378 1545 12 32 ?
2444 1545 50 33 A.
2530 1545 17 33 I
2577 1546 135 30 cannot
2740 1552 80 33 say,
2859 1541 18 33 I
2908 1552 76 22 was

1633 1589 196 45 always.in
1854 1592 61 34 the
1937 1591 104 34 habit
2057 1592 46 33 of
2128 1591 201 46 forgetting
2348 1603 69 22 one
2446 1603 43 22 or
2509 1597 77 28 two
2604 1590 45 33 of
2666 1591 99 32 them
2785 1590 107 33 when
2914 1591 64 39 the

1633 1636 204 35 Collectors
1856 1641 132 33 called.

1684 1685 71 33 Mr.
1791 1688 234 34 Greenwood
2052 1688 197 33 examined
2280 1689 51 43 by
2367 1688 72 33 Mr.
2461 1688 74 33 WA
2549 1684 233 41 RDLE.-Q.
2828 1682 38 38 Is
2898 1687 77 34 Mr.

1637 1731 157 35 Froome
1811 1746 80 24 now
1912 1735 33 33 in
1965 1746 94 32 your
2079 1736 102 32 office
2194 1736 12 32 ?
2259 1734 50 35 A.
2331 1735 174 39 No..—Q.
2538 1734 73 33 Did
2628 1741 60 26 oat
2712 1734 71 33 Mr.
2813 1734 165 33 Froome

1632 1791 102 24 come
1755 1788 35 26 to
1818 1789 98 27 town
1951 1783 89 33 with
2061 1783 61 33 the
2141 1794 152 33 express
2330 1793 163 38 purpose
2522 1781 45 34 of
2589 1781 217 45 succeeding
2832 1793 73 22 one
2940 1781 44 34 of

1632 1839 93 30 your
1739 1831 146 34 clerks?
1939 1831 51 34 A.
2020 1832 176 39 No.—Q.
2228 1832 76 33 For
2324 1831 100 34 what
2456 1841 163 34 purpose
2639 1830 61 32 did
2738 1830 44 32 he
2805 1839 106 25 come
2939 1838 39 26 to

1631 1881 99 28 town
1748 1878 12 32 ?
1814 1878 47 33 A.
1893 1879 57 32 To
1967 1879 107 33 settle
2101 1890 98 21 some
2217 1879 59 32 old
2303 1884 172 28 accounts
2498 1878 91 33 with
2624 1878 164 38 me.—Q.
2820 1878 61 33 Do
2901 1887 77 33 you

1633 1923 109 34 know
1778 1925 91 34 Mrs.
1886 1926 161 34 Sinclair
2065 1918 217 41 Sutherland
2302 1928 12 31 ?
2370 1925 46 35 A.
2453 1926 91 39 Yes,
2577 1926 15 32 I
2630 1925 93 32 have
2764 1925 112 33 :ward
2914 1925 66 33 her

1631 1982 103 24 name
1750 1972 111 40 ?—Q.
1894 1975 97 33 How
2007 1985 103 22 came
2131 1984 72 34 you
2222 1978 38 28 to
2280 1975 111 33 know
2412 1975 64 32 her
2494 1975 11 32 ?
2558 1974 51 34 A.
2642 1972 99 44 Why
2761 1972 63 35 the
2858 1974 122 34 Duke

1631 2020 44 34 of
1703 2021 27 34 Y
1743 2021 72 34 ork
1832 2021 180 45 certainly
2031 2022 207 34 mentioned
2258 2021 64 33 her
2350 2028 37 26 to
2419 2033 70 22 me.

1681 2068 73 35 Mr.
1778 2069 228 34 Greenwood
2028 2080 73 24 was
2121 2070 117 33 called
2256 2070 50 40 in,
2335 2069 69 34 and
2421 2069 198 37 examined
2640 2068 51 38 by
2708 2068 93 34 Lord
2829 2068 149 34 FoLic-

1633 2125 151 33 STONE,
1817 2118 165 34 whether
1998 2118 45 33 he
2063 2119 106 33 knew
2199 2118 44 33 of
2261 2127 73 33 any
2354 2119 216 33 connection
2590 2118 168 32 between
2776 2117 60 33 the
2859 2117 118 34 Duke

1630 2163 45 33 of
1697 2164 112 33 York
1824 2165 71 33 and
1912 2165 89 34 Mrs.
2019 2165 219 35 Sutherland
2254 2178 12 26 ;
2296 2165 169 33 whether
2487 2166 43 32 he
2551 2165 70 33 had
2641 2173 87 24 ever
2750 2165 109 32 heard
2883 2165 92 33 Mrs.

1632 2211 162 34 Sinclair
1809 2223 66 33 say
1894 2212 81 33 that
1995 2213 64 33 she
2087 2223 78 25 was
2202 2213 87 33 with
2309 2212 102 35 child
2443 2213 52 43 by
2530 2212 54 33 his
2616 2212 122 44 Royal
2764 2211 181 41 Highness
2960 2213 12 32 ?

1631 2257 60 34 He
1710 2259 71 34 had
1802 2259 112 34 heard
1945 2262 43 33 of
2010 2261 60 33 the
2100 2261 231 40 connection,
2357 2262 70 32 and
2451 2261 107 33 knew
2580 2259 84 34 that
2687 2261 92 33 Mrs.
2802 2261 168 37 Sinclair

1629 2303 71 37 had
1719 2308 234 45 represented
1984 2308 139 33 herself
2141 2320 40 22 as
2211 2309 107 41 being
2347 2308 89 34 with
2471 2308 100 33 child
2604 2308 48 44 by
2683 2308 61 33 the
2781 2308 115 33 Duke
2928 2308 50 33 of

1632 2353 240 35 York.—lle
1891 2366 76 22 was
1996 2356 84 33 then
2099 2355 189 45 requested
2319 2362 37 26 to
2387 2361 110 34 state,
2526 2354 170 35 whether
2717 2355 44 33 he
2791 2355 70 33 had
2882 2366 89 24 ever

1625 2401 171 34 solicited
1811 2404 72 32 this
1902 2402 85 43 lady
2007 2407 38 30 to
2062 2409 61 37 get
2141 2413 24 24 a
2183 2408 111 38 troop
2311 2402 59 34 for
2386 2413 22 22 a
2419 2404 116 32 friend
2555 2402 46 33 of
2624 2402 79 33 his?
2761 2402 137 34 Which
2924 2402 46 33 he

1624 2446 143 38 denied.
1824 2451 180 33 Whether
2020 2461 71 32 any
2112 2452 103 43 large
2232 2451 138 34 suM.of
2382 2460 131 34 money
2535 2451 71 32 had
2627 2451 90 33 been
2737 2452 87 44 paid
2839 2452 46 43 by
2908 2451 66 33 the

1630 2496 111 34 Duke
1757 2497 46 33 of
1825 2497 115 34 York
1963 2503 39 28 to
2023 2498 89 34 Mrs.
2132 2499 138 34 Clarke
2291 2497 157 44 through
2471 2497 178 43 witness's
2669 2498 112 34 hands
2799 2499 12 32 ?
2871 2498 99 33 Who

1623 2543 170 35 declared
1813 2545 80 35 that
1911 2556 46 24 no
1975 2556 76 25 sum
2080 2545 193 37 whatever
2293 2545 70 33 had
2386 2545 128 45 passed
2533 2545 165 44 through
2722 2548 53 32 his
2796 2546 177 35 hands.—

1628 2591 107 34 After
1744 2603 24 24 a
1779 2593 73 33 few
1867 2595 105 33 other
1990 2595 187 43 questions
2196 2594 43 33 of
2252 2595 98 33 little
2370 2595 248 44 importance,
2641 2594 144 34 witness
2812 2606 77 24 was
2910 2606 40 24 or-

1623 2639 109 34 dered
1752 2647 38 26 to
1807 2641 213 40 withdraw,
2044 2641 72 34 and
2133 2641 154 34 Colonel
2307 2641 152 38 Gordon
2478 2652 73 22 was
2570 2642 120 33 called
2713 2641 48 35 in.

1672 2687 94 33 Lord
1791 2688 266 37 FoLxsToNr.
2076 2689 169 44 inquired
2280 2688 168 37 whether
2479 2689 41 33 he
2555 2691 187 41 possessed
2760 2700 71 33 any
2852 2689 94 35 docu-

1624 2743 111 27 ments
1752 2738 211 44 respecting
1980 2739 63 32 the
2054 2738 187 44 proposed
2254 2738 191 43 exchange
2458 2737 170 40 between
2648 2737 154 35 Colonel
2819 2739 151 44 Knight

1620 2783 70 34 and
1711 2784 178 34 Brooke?
1922 2784 156 33 WitneSs
2092 2784 183 45 produced
2291 2785 113 37 them,
2418 2784 72 34 and
2512 2784 86 45 they
2621 2794 97 25 were
2735 2785 83 33 read
2837 2786 131 44 aloud,

1622 2831 64 34 but
1700 2831 193 33 contained
1911 2832 154 44 nothing
2083 2833 253 33 remarkable.
2370 2831 59 34 He
2454 2843 73 22 was
2546 2831 85 34 then
2647 2832 148 33 desired
2817 2838 37 28 to
2871 2841 97 28 state

1623 2878 105 35 when
1744 2878 44 37 he
1804 2878 71 34 had
1892 2881 151 33 become
2055 2881 221 44 acquainted
2295 2881 92 34 with
2409 2878 125 46 Major
2546 2881 159 40 Turner,
2717 2881 67 34 and
2802 2882 170 34 whether

1620 2927 80 33 that
1716 2927 124 34 officer
1859 2928 178 33 informed
2057 2928 74 32 him
2146 2928 43 33 of
2197 2927 56 33 his
2262 2939 143 22 reasons
2424 2927 58 37 for
2502 2927 184 44 resigning
2701 2928 12 32 ?
2744 2928 59 34 lie
2820 2929 149 44 replied

1620 2974 78 34 that
1716 2975 35 34 in
1769 2975 90 34 1803
1878 2975 43 33 he
1941 2974 71 34 had
2031 2975 150 33 become
2198 2975 219 44 acquainted
2443 2975 90 34 with
2554 2976 63 32 the
2634 2974 138 45 Major,
2796 2979 71 32 and
2888 2978 83 35 that

1620 3021 60 34 the
1698 3033 128 25 reason
1847 3024 43 32 he
1906 3033 94 34 gave
2026 3021 58 34 for
2101 3024 182 45 resigning
2303 3034 93 31 was,
2418 3022 54 34 his
2493 3024 135 43 having
2654 3030 65 38 got
2739 3025 74 33 into
2831 3037 48 21 an
2902 3037 43 22 un-

1620 3069 181 37 fortunate
1827 3081 131 30 scrape
1990 3071 91 33 with
2108 3081 99 22 some
2235 3081 158 30 woman,
2431 3071 123 34 whose
2574 3081 105 22 name
2699 3071 45 34 he
2763 3083 110 25 never
2894 3073 73 35 had

1620 3118 219 35 mentioned.
1891 3118 99 34 That
2010 3118 43 33 he
2075 3129 74 25 was
2166 3119 113 34 about
2295 3124 44 30 to
2357 3124 92 30 state
2467 3119 80 33 that
2568 3130 130 22 reason
2717 3124 39 28 to
2771 3120 61 33 the
2854 3122 86 34 Com-

1620 3167 144 34 mander
1783 3168 34 33 in
1835 3165 123 41 Chief,
1980 3168 64 33 but
2070 3167 81 33 that
2176 3167 142 35 witness
2334 3167 152 35 advised
2506 3168 73 33 him
2601 3174 79 30 not,
2698 3177 39 24 as
2758 3168 44 33 he
2819 3169 61 33 did
2901 3176 64 27 not

1615 3213 106 35 think
1743 3215 27 33 it
1791 3226 190 33 necessary
2015 3214 81 33 that
2125 3215 64 33 the
2219 3215 146 45 private
2385 3215 129 33 affairs
2541 3215 45 33 of
2606 3215 143 34 officers
2766 3216 130 38 should
2919 3220 46 33 be

1616 3262 168 33 revealed
1804 3272 46 24 on
1867 3261 84 35 such
1971 3273 46 22 an
2036 3262 184 37 occasion.
2272 3262 60 35 He
2365 3273 74 24 was
2467 3267 90 30 next
2593 3262 250 44 interrogated
2863 3276 40 22 as
2922 3270 40 28 to

1615 3308 61 34 the
1693 3311 117 33 credit
1828 3308 188 43 attached,
2044 3311 35 34 in
2101 3309 61 34 the
2183 3312 246 33 Commander
2453 3312 35 33 in
2513 3311 143 34 Chief's
2675 3312 118 41 office,
2815 3319 37 27 to
2869 3325 71 22 ano-

1613 3367 151 32 nymous
1779 3359 126 33 letters
1920 3371 11 28 ;
1958 3358 71 34 and
2057 3358 146 45 replied
2224 3360 80 33 that
2333 3358 90 46 they
2445 3369 103 25 were
2565 3359 146 45 always
2730 3361 175 34 attended
2926 3370 37 27 to

1615 3404 33 33 in
1667 3416 19 22 a
1706 3416 142 34 proper
1865 3417 100 33 way.

1661 3452 157 37 Witness
1840 3463 73 25 was
1931 3454 87 34 then
2034 3454 157 34 ordered
2209 3457 38 31 to
2261 3455 200 35 withdraw
2476 3467 12 28 ;
2507 3455 69 39 and
2591 3442 157 47 Genera)
2769 3456 194 35 Rockford

1615 3510 71 24 was
1704 3502 119 33 called
1843 3502 48 39 in,
1915 3494 70 41 and
2006 3508 39 27 to
2063 3502 60 32 the
2146 3503 185 44 questions
2347 3510 65 37 put
2432 3510 38 26 to
2497 3502 71 34 him
2590 3504 48 43 by
2657 3504 61 32 the
2735 3504 226 35 Chancellor

1610 3548 44 32 of
1674 3547 61 35 the
1767 3548 242 43 Exchequer,
2040 3549 157 38 relative
2226 3556 35 27 to
2295 3550 145 35 Samuel
2461 3549 146 41 Carter,
2630 3553 142 41 merely
2792 3554 165 43 replied,

1610 3596 77 33 that
1708 3596 45 34 he
1774 3596 70 34 had
1865 3598 111 34 heard
1998 3596 44 34 he
2062 3607 74 25 was
2154 3608 24 24 a
2192 3599 141 33 natural
2348 3609 64 22 son
2443 3599 43 33 of
2511 3599 167 45 Captain
2704 3600 145 38 Sutton,
2872 3601 87 33 who

1610 3645 44 33 he
1672 3645 158 45 thought
1848 3656 93 33 gave
1961 3645 78 34 hint
2066 3652 24 26 a
2115 3646 96 45 good
2242 3647 214 38 education,
2479 3647 70 33 and
2575 3645 164 46 brought
2760 3646 71 34 him
2851 3658 50 35 up
2920 3658 41 25 as

1607 3691 70 34 his
1677 3694 102 32 'own.
1835 3693 118 34 When
1972 3693 132 41 asked,
2127 3693 165 34 whether
2309 3694 146 35 Samuel
2480 3694 137 34 Carter
2637 3704 74 25 was
2728 3694 33 34 in
2776 3696 60 33 the
2852 3697 111 33 habit

1605 3739 44 34 of
1678 3739 128 45 dining
1835 3746 40 28 at
1913 3742 161 44 Captain
2120 3742 159 34 Sutton's
2330 3743 117 40 table,
2486 3743 44 33 he
2563 3743 177 33 declared
2774 3743 53 33 his
2863 3745 97 34 total

1606 3788 207 43 ignorance,
1831 3800 40 22 as
1889 3789 44 33 he
1952 3789 151 34 himself
2126 3789 71 34 had
2215 3801 111 24 never
2342 3790 107 34 (lined
2481 3790 92 34 with
2606 3790 81 32 that
2706 3790 135 35 other.
2898 3793 60 35 lie

1607 3847 72 22 was
1697 3836 86 33 then
1798 3835 154 34 ordered
1965 3847 39 24 to
2020 3837 220 44 withdraw,
2257 3839 74 34 and
2352 3840 60 33 the
2432 3840 171 44 Speaker
2624 3839 137 45 having
2774 3841 180 45 reported

1603 3893 183 35 progress,
1802 3885 63 34 the
1881 3886 130 34 House
2027 3886 217 45 adjourned.

2054 3997 226 50 Thursday,
2309 3998 94 38 Feb.
2440 3999 61 38 16.

2004 4076 89 25 THE
2135 4076 120 25 DUKE
2294 4076 58 25 01'
2391 4076 141 25 YORK.

1645 4123 97 35 Lord
1762 4126 262 37 FoutsrorrE
2048 4137 96 32 rose,
2170 4128 71 34 and
2259 4129 177 38 adverted
2459 4134 37 28 to
2517 4129 221 37 the-matter
2756 4129 124 38 which
2911 4133 46 35 he

1591 4173 123 44 spoke
1731 4174 44 33 of
1794 4175 70 33 last
1894 4174 122 45 night,
2044 4178 209 43 respecting
2278 4187 138 35 papers
2437 4179 34 33 in
2500 4178 63 34 the
2584 4179 112 34 hands
2717 4180 45 33 of
2776 4191 24 24 a
2818 4191 138 35 person

1591 4222 81 37 that
1691 4222 45 38 he
1750 4224 89 38 then
1856 4224 79 40 said
1967 4225 188 39 militated
2179 4226 261 48 cuusiderably
2463 4226 38 39 in
2520 4226 54 39 his
2596 4228 99 37 mind
2713 4230 146 46 agaiuit

231 104 93 47 Ils

0 2159 144 593 I

3243 2687 91 78 •:$.4
