3484 4417
1161 53 151 53 THE
1346 51 389 54 NATIONAL
1801 47 390 52 REGISTER.

283 48 96 51 114

283 190 77 40 the
378 193 172 53 charges
569 195 159 53 against
744 196 91 39 him
862 209 72 27 are
948 196 307 40 well-founded.
1312 200 81 37 tint
1411 196 72 39 the
1501 207 143 26 exan,s

286 242 71 57 ple
377 246 50 39 of
439 260 45 27 so
502 247 224 41 illustrious
743 262 24 26 a
785 262 247 40 personage,
1052 249 78 39 and
1150 263 46 27 so
1215 248 138 53 nearly
1372 247 124 40 allied
1509 252 46 34 to
1576 249 66 35 tilt•

286 298 170 47 throne,
485 301 221 50 arraigned
724 306 45 34 at
785 302 71 39 the
875 301 146 40 bar-of
1032 302 61 41 his
1110 308 191 46 country,
1330 300 81 40 will
1446 301 195 44 el:wince

289 350 74 41 the
381 353 163 39 nations
563 351 48 41 of
615 351 19 43 -
634 351 60 43 the
720 354 124 40 world
865 354 51 39 of
924 354 71 40 the
1015 354 266 54 impartiality
1302 353 51 40 of
1365 366 79 27 our
1459 352 111 46 laws,
1599 351 50 39 of

289 404 76 40 the
389 405 195 52 practical
618 406 236 54 excellency
891 406 52 40 of
969 420 80 28 our
1068 410 260 46 institutions.
1385 406 112 39 With
1535 405 106 39 what

292 458 252 39 admiration
565 458 80 40 will
665 463 165 51 Europe
850 450 98 51 read
964 459 70 40 the
1051 461 263 54 proceedings
1328 451 51 47 of
1393 458 72 40 the
1483 464 161 47 present

293 510 144 43 House
456 510 52 40 of
524 513 222 40 Commons
764 516 9 34 !
846 514 136 39 There
1002 514 32 39 is
1052 520 73 34 not
1156 528 53 27 an
1228 514 144 39 honest
1393 523 115 33 man,
1535 513 105 38 from

291 562 77 40 the
383 563 132 41 banks
534 565 50 39 of
596 566 72 40 the
691 565 145 53 Wolga
852 570 45 35 to
926 566 70 39 the
1017 568 200 53 Streights
1243 568 48 38 of
1306 562 227 46 Gibraltar,
1554 563 90 39 who

292 614 87 41 will
398 622 73 34 not
490 631 87 39 say,
789 631 50 26 an
860 618 198 54 assembly
1082 621 31 37 is
1129 620 158 52 worthy
1307 618 50 40 of
1385 631 26 27 a
1442 617 86 40 free
1548 630 72 40 peo-

294 667 84 53 ple,
406 671 80 40 and
509 672 35 38 if
559 673 119 37 other
697 671 163 41 nations
880 673 206 51 possessed
1115 673 154 39 similar
1296 670 203 40 tribunals
1517 674 45 34 to
1584 681 57 26 re•

295 722 129 41 strain
444 723 70 41 the
535 723 106 41 vices
659 723 48 40 of
720 724 106 39 their
843 724 195 40 Generals
1056 725 76 38 and
1152 725 220 46 Ministers,
1391 724 97 50 they
1509 722 133 40 would

295 781 90 46 not
390 789 94 26 now
501 777 148 39 writhe
673 777 129 39 under
837 777 71 39 the
926 777 148 39 odious
1100 777 221 52 despotism
1339 776 50 40 of
1411 777 235 52 Bonaparte

296 829 80 39 and
396 829 72 40 the
493 829 156 53 galling
669 829 211 40 exactions
894 830 48 38 of
957 830 60 39 his

313 881 4 54 .
351 882 131 39 These
501 895 71 26 are
591 895 77 26 our
697 883 172 38 motives
888 882 66 39 fur
977 882 194 53 glorying
1193 885 39 38 in
1252 882 69 40 the
1341 881 302 53 investigation.

295 934 41 39 It
351 934 37 39 is
404 947 45 26 so
475 935 194 52 cheering
689 948 25 25 a
750 937 211 39 reflection
983 941 45 33 to
1046 937 118 39 think
1186 940 113 35 one's
1316 940 175 46 country
1513 935 133 38 stands

241 1010 6 7 •
295 986 103 52 high
415 987 39 39 in
469 989 77 38 the
563 987 235 40 estimation
820 989 48 38 of
882 989 120 39 other
1022 994 148 41 states;
1201 989 79 40 and
1313 989 71 39 the
1404 987 92 39 idea
1515 989 31 38 is
1563 986 79 40 still

243 1071 7 8 .
294 1051 120 28 more
433 1041 236 46 exhileratinv
670 1041 20 46 s
690 1041 20 46 .
732 1046 44 33 to
794 1045 117 34 know
931 1042 93 39 that
1042 1043 31 39 it
1091 1043 185 40 deserves
1294 1042 59 39 it..
1371 1041 89 39 The
1478 1042 169 51 charges

295 1095 163 50 against
478 1096 60 38 his
557 1096 136 50 Royal
719 1095 200 51 Highness
939 1107 143 31 accuse
1098 1096 81 38 him
1198 1095 51 40 of
1263 1094 156 53 having
1439 1094 118 40 made
1576 1094 71 38 the

296 1152 110 34 most
437 1147 281 50 unjustifiable
741 1160 67 27 use
840 1147 52 39 of
904 1146 63 41 his
1004 1149 200 39 influence
1224 1162 45 26 as
1302 1147 274 41 Commander
1605 1147 39 38 in

296 1198 141 47 Chief;
467 1201 83 38 and
581 1200 94 51 they
712 1212 71 27 are
813 1201 224 51 supported
1058 1201 53 52 by
1139 1201 73 40 the
1228 1201 314 52 corroborating
1560 1199 65 40 evi-

296 1251 126 40 dence
442 1252 51 39 of
519 1256 157 37 several
706 1253 219 39 witnesses.
983 1254 91 38 And
1111 1253 67 39 for
1217 1254 110 38 what
1346 1266 191 40 purpose,
1567 1253 78 39 and

294 1304 73 40 for
379 1305 158 44 'whom,
568 1319 30 25 is
618 1306 50 38 he
684 1306 86 39 said
788 1311 44 34 to
862 1306 106 39 have
1002 1306 178 40 violated
1202 1306 70 40 the
1289 1306 133 40 duties
1439 1305 52 40 of
1504 1306 60 39 his
1583 1305 43 40 of-

295 1357 80 40 fice
393 1363 13 33 ?
438 1359 118 38 Good
578 1358 91 39 God
690 1361 8 34 !
731 1371 61 26 we
806 1358 138 39 would
967 1358 118 41 blush
1106 1365 41 33 to
1169 1362 182 38 mention
1372 1358 45 40 it.
1455 1363 24 34 A
1504 1358 143 39 Prince

294 1411 48 38 et
360 1410 71 39 the
450 1409 141 47 blood,
621 1410 70 39 the
717 1411 278 39 Commander
1026 1414 39 39 in
1104 1411 118 41 Chief
1254 1413 47 39 of
1328 1413 72 39 the
1429 1414 145 50 Army,
1605 1411 38 39 in

295 1462 109 40 rank
437 1462 69 39 the
542 1462 113 39 third
694 1475 148 40 person
869 1465 40 38 in
940 1465 73 39 the
1058 1466 146 39 British
1247 1465 172 52 empire,
1470 1463 176 53 basking

292 1514 45 40 iii
357 1514 70 40 the
455 1515 168 46 favour,
652 1517 79 39 and
761 1517 131 52 living
913 1530 53 26 on
987 1518 69 40 the
1076 1519 132 40 smiles
1230 1519 47 40 of
1305 1532 24 25 a
1350 1521 158 35 *****.
1566 1520 80 37 For

292 1569 142 39 shame
452 1572 8 34 !
493 1567 67 39 for
589 1570 164 39 shame!
784 1583 60 26 we
873 1584 78 25 can
970 1584 123 27 never
1122 1572 156 39 believe
1293 1572 44 38 it.
1397 1571 89 39 The
1506 1570 89 40 idea
1617 1572 30 37 is

292 1626 78 34 too
389 1626 291 46 extravagant.
720 1623 90 39 The
826 1623 143 39 letters
989 1638 70 26 arc
1078 1624 341 53 unquestionably
1433 1624 209 39 fictitious.

289 1675 156 40 Absent
463 1687 56 26 on
547 1676 72 37 the
637 1676 182 39 exercise
839 1676 52 39 of
902 1677 61 38 his
994 1676 266 53 professional
1279 1677 146 46 duties,
1457 1676 60 40 his
1535 1677 109 39 mind

291 1727 222 53 impressed
534 1727 98 39 with
656 1728 67 38 the
744 1729 229 53 important
1007 1730 172 39 services
1209 1729 70 40 the
1310 1735 143 47 troops
1480 1729 50 39 he
1565 1742 81 26 was

288 1781 243 52 reviewing.,
562 1780 133 52 might
717 1781 66 46 be,
811 1782 112 38 from
952 1782 78 52 day
1051 1788 45 33 to
1115 1783 94 51 day,
1240 1782 129 39 called
1398 1788 45 33 to
1465 1782 178 52 perform

288 1833 46 38 in
353 1832 171 41 defence
554 1833 50 38 of
630 1833 110 39 their
758 1847 93 39 very
870 1834 249 40 homes—he
1139 1835 123 40 could
1290 1834 83 40 find
1406 1834 162 46 leisure,
1598 1850 48 25 or

288 1884 111 41 have
418 1886 69 39 the
522 1886 155 52 inanity
702 1886 51 39 of
780 1886 171 54 fteling,
980 1893 46 34 to
1059 1889 117 40 write
1208 1889 112 38 these
1349 1900 207 27 nauseous
1573 1902 47 26 ex-

287 1937 207 53 pressions
514 1938 51 39 of
595 1937 110 47 love,
737 1939 268 45 admiration,
1037 1942 78 39 and
1150 1941 157 40 eternal
1341 1945 222 47 constancy
1581 1945 65 32 !

291 1990 135 39 'There
462 1993 31 37 is
526 2004 57 25 no
602 1990 138 39 (haste
777 1993 156 53 zephyr
952 1994 136 40 would
1119 1994 100 40 waft
1248 1994 97 40 such
1367 1994 131 53 sighs;
1532 1994 115 40 there

289 2042 37 40 is
346 2056 53 26 no
418 2042 149 40 soldier
604 2044 135 39 would
774 2047 175 38 breathe
985 2048 113 38 them
1131 2047 65 39 for
1234 2049 98 38 such
1354 2060 52 26 an
1439 2047 208 51 object.—

291 2095 137 40 Dear!
458 2096 100 40 dear
578 2101 9 33 !
646 2100 111 35 Dear
788 2098 112 40 what
1054 2101 99 39 dear
1172 2105 9 34 !
1214 2100 110 40 what
1352 2113 77 26 can
1449 2100 174 40 the,mat-

285 2153 71 33 ter
371 2150 50 39 be
433 2153 14 33 ?
509 2153 129 44 True,
667 2151 236 53 something
934 2157 110 35 must
1074 2153 51 39 be
1154 2153 73 39 the
1256 2158 152 34 matter
1440 2152 97 40 with
1576 2153 71 38 the

289 2198 109 43 head
433 2202 79 39 and
552 2204 118 38 heart
703 2204 51 38 of
783 2204 72 39 the
885 2206 156 50 prince,
1071 2219 50 26 or
1150 2206 72 39 the
1256 2219 111 32 man,
1396 2205 93 40 who
1525 2205 120 40 could

286 2254 122 41 write
426 2257 38 37 in
487 2259 93 35 that
596 2268 202 28 nauseous
829 2258 144 45 strain,
1003 2258 80 39 and
1103 2271 53 26 on
1176 2259 97 39 such
1291 2271 50 26 an
1364 2258 204 46 occasion,
1599 2264 45 33 to

285 2307 77 39 the
381 2311 182 37 intimate
592 2309 133 39 friend
764 2310 50 38 of
844 2311 83 38 Mr.
950 2311 181 46 I)owler,
1160 2313 80 38 and
1276 2313 71 38 the
1384 2311 197 39 associate
1600 2311 51 39 of

287 2362 224 38 Donovan.
570 2363 44 37 In
637 2362 117 51 point
771 2362 48 39 of
844 2363 294 52 composition,
1169 2365 164 53 pathos,
1364 2365 78 39 and
1463 2363 178 53 delicacy

283 2412 237 54 gdfeelilg,
552 2414 115 39 these
702 2414 139 39 letters
862 2428 71 27 are
969 2430 100 26 near
1098 2417 98 40 akin
1228 2421 44 35 to
1307 2417 71 39 the
1414 2417 230 50 Corporal's

285 2464 100 41 love
402 2466 144 52 epistle
565 2466 133 40 which
720 2466 171 41 Lefevre
927 2470 185 52 brought
1141 2473 141 37 Sterne
1299 2470 119 40 when
1453 2471 40 39 in
1515 2471 125 45 Paris,

285 2531 50 26 as
353 2519 69 39 the
441 2519 136 39 model
596 2519 50 39 of
661 2532 50 26 an
730 2519 167 52 elegant
917 2526 98 37 note
1033 2529 46 33 to
1110 2524 191 39 Madame
1324 2525 30 37 B
1378 2551 9 11 .
1411 2551 9 9 .
1444 2551 13 13 .
1479 2523 79 39 and
1579 2523 64 39 for

283 2571 242 53 pomposity
548 2572 78 38 and
648 2572 167 45 ardour,
844 2575 139 38 would
1016 2580 71 34 cut
1116 2589 56 26 no
1200 2576 230 40 indifferent
1449 2577 132 51 figure
1603 2577 39 38 in

285 2623 77 39 the
380 2626 129 50 grand
530 2623 219 52 burlesque
770 2626 48 37 of
879 2640 27 22 n
907 2640 24 22 n
950 2629 164 38 Thumb.

344 2676 80 39 The
444 2678 165 39 Courier
644 2689 89 38 says
754 2678 69 39 the
844 2676 124 41 Duke
987 2679 50 39 of
1050 2680 115 39 York
1185 2683 110 35 must
1313 2680 52 40 be
1381 2679 187 52 brought
1598 2683 44 34 to

280 2727 113 39 trial.
428 2728 347 53 Unquestionably
798 2730 51 39 he
865 2737 126 33 must.
1022 2733 90 39 The
1129 2733 172 53 charges
1320 2745 69 28 are
1408 2737 74 35 too
1500 2745 142 40 grave,

281 2786 79 33 too
381 2781 193 51 positive,
604 2786 45 34 to
669 2781 131 40 admit
819 2781 51 40 of
889 2797 52 26 an
961 2783 255 43 alternative.
1276 2787 64 38 No
1362 2799 143 40 power
1533 2799 110 39 upon

278 2833 123 39 earth
422 2846 77 27 can
520 2848 93 27 now
633 2836 141 51 acquit
804 2836 86 38 him
930 2837 39 39 in
994 2850 79 40 any
1095 2838 122 39 other
1235 2838 137 47 mode,
1401 2838 161 52 though
1584 2852 60 26 we

280 2887 102 39 wish
403 2888 72 39 the
495 2887 97 41 laws
612 2888 50 38 of
685 2889 61 38 his
778 2895 177 46 country
977 2891 80 38 and
1080 2890 59 39 his
1170 2890 235 40 conscience
1439 2903 109 40 may.
1607 2895 35 35 It

278 2940 143 40 would
441 2942 52 38 be
510 2942 72 37 the
609 2946 105 34 most
730 2941 113 39 cruel
865 2942 207 50 injustice,
1102 2944 76 38 and
1201 2956 53 27 an
1283 2950 67 33 act
1370 2943 50 39 of
1433 2943 71 39 the
1535 2950 107 33 most

278 2994 237 39 barbarous
534 2998 177 47 outnige
744 2995 163 48 against
930 2995 70 39 the
1018 3000 187 43 accusf'd,
1235 3009 104 26 were
1358 2998 255 50 thevoceed-

278 3047 97 48 ins
392 3052 44 34 to
456 3047 222 39 terminate
697 3047 181 39 without
898 3047 71 39 the
989 3048 175 39 forina:i'
1180 3064 18 28 v
1231 3050 50 39 of
1313 3061 25 26 a
1365 3050 110 40 trial.
1534 3051 106 39 Shall

278 3098 78 39 the
372 3099 122 39 Duke
513 3099 52 39 of
583 3100 116 38 York
723 3099 50 39 be
793 3099 196 53 deprived
1011 3100 50 39 of
1075 3103 72 38 the
1168 3102 19 40 b
1187 3102 19 40 ,
1206 3102 115 40 :nefit
1354 3103 52 39 of
1415 3103 116 39 those
1547 3103 93 41 laws

275 3151 141 39 Ivhich
437 3152 31 39 is
485 3152 175 51 granted
693 3158 45 33 to
759 3152 70 39 the
852 3158 107 33 most
989 3155 208 50 fla!;itiowz
1217 3155 175 53 culprit?
1452 3156 106 39 Shall
1589 3171 50 25 an

276 3203 248 53 impression
557 3219 54 39 go
632 3206 156 39 abroad
809 3206 93 39 that
922 3207 150 40 favour
1101 3222 48 27 or
1179 3222 139 39 power
1346 3210 189 38 screened
1556 3209 83 40 him

275 3257 116 39 horn
411 3270 185 32 censure,
627 3257 65 40 for
709 3259 71 39 the
811 3273 118 38 gross
947 3261 176 40 offences
1150 3261 133 40 which
1303 3275 70 26 arc
1394 3262 181 52 imputed
1594 3269 44 33 to

275 3311 116 39 him?
449 3311 111 40 Shall
579 3311 61 39 his
657 3312 214 40 character
891 3314 51 38 he
961 3312 77 41 left
1056 3314 135 39 naked
1211 3314 78 39 and
1310 3314 246 40 defenceless
1592 3321 44 34 to

235 3364 2 56 •
274 3364 77 39 the
370 3364 195 52 poisoned
604 3364 132 40 shafts
758 3365 54 38 -of
835 3366 236 53 malignity,
1102 3373 45 33 to
1178 3367 72 39 the
1269 3367 172 39 random
1468 3367 93 40 shot
1593 3371 51 38 of

259 3417 282 46 ,indiscretion
557 3419 11 34 !
627 3418 87 38 The
732 3431 91 27 men
843 3419 93 38 who
961 3420 133 39 would
1119 3420 137 40 advise
1272 3422 30 38 it
1320 3433 73 27 are
1415 3435 53 25 no
1488 3422 149 40 friends

270 3477 52 32 to
344 3471 60 38 his
428 3470 137 52 Royal
839 3484 78 26 nor
939 3477 43 33 to
1015 3472 107 40 their
1147 3478 191 48 country,
1370 3475 80 39 and
1470 3489 70 25 are
1560 3489 50 26 un-

268 3517 298 58 aitiestionably
596 3536 107 26 none
737 3529 44 33 to
816 3524 71 38 the
922 3527 143 39 Douse
1097 3527 48 39 of
1176 3527 252 40 Brunswick.
1456 3517 4 58 •
1486 3521 34 46 A
1543 3529 92 39 trial

268 3581 132 40 must,
430 3575 185 41 therefor
617 3576 13 45 -
630 3576 26 45 e,
677 3575 51 39 be
749 3576 231 47 instituted,
1010 3583 45 34 to
1076 3594 141 26 rescue
1234 3581 71 40 the
1325 3579 171 43 accused
1509 3581 122 40 •from

265 3633 243 46 groundless
527 3630 223 52 suspicion,
767 3630 78 39 and
867 3635 45 33 to
933 3632 122 39 avoid
1072 3633 71 40 the
1160 3633 161 53 painful
1333 3647 300 39 consequences

265 3679 241 53 4ofpelilibn
533 3696 56 25 on
609 3684 71 38 the
699 3687 90 46 part
810 3683 51 38 of
875 3684 71 39 the
961 3692 174 46 country
1155 3692 8 33 !
1198 3686 106 40 Shall
1325 3686 193 53 calumny
1541 3702 91 25 rear

260 3733 269 43 lier.crested
552 3736 120 45 head,
694 3737 77 38 and
796 3736 139 54 boldly
950 3738 80 39 and
1051 3739 149 54 openly
1221 3739 106 40 stalk
1346 3741 109 39 from
1476 3746 154 47 county

262 3793 52 35 to
348 3795 174 47 county,
566 3790 161 51 casting
762 3790 133 39 about
930 3790 165 41 torches
1126 3794 51 38 of
1204 3794 177 45 discord,
1411 3796 219 51 spreading

257 3842 281 46 disaffection,
557 3842 80 39 and
658 3842 298 40 underminino..
973 3844 70 38 the
1062 3846 256 40 attachment
1338 3847 51 39 of
1403 3848 69 38 the
1491 3848 137 52 public

228 3888 80 46 •to
326 3895 70 39 the
415 3901 165 46 present
602 3895 326 39 establishment.
987 3898 87 40 The
1108 3913 91 26 men
1221 3900 92 40 who
1330 3900 135 39 would
1489 3901 137 39 advise

257 3961 84 41 any
364 3950 122 39 other
507 3948 123 40 mode
664 3948 51 39 of
746 3950 252 52 proceeding
1018 3966 70 24 are
1107 3953 69 39 the
1198 3953 84 39 real
1313 3953 214 47 Jacobins,
1557 3967 71 27 arc

231 4003 311 53 -conspirators
562 4003 161 52 against
741 4004 71 37 the
833 4003 149 39 throne
1003 4005 77 38 and
1098 4006 67 39 the
1200 4006 158 52 people.

309 4059 66 38 An
397 4057 256 46 intimation,
685 4056 30 38 it
733 4058 32 35 is
796 4056 102 47 said,
931 4057 87 39 has.
1037 4058 99 39 been
1157 4058 119 52 given
1296 4059 110 40 from
1428 4074 24 25 a
1470 4065 155 35 ccrlain

252 4115 189 47 quarter,
471 4115 47 34 to
539 4115 156 34 certain
713 4122 167 39 persons
900 4109 100 52 high
1022 4110 39 39 in
1083 4113 133 47 office,
1235 4117 43 33 to
1299 4113 191 40 interfere
1513 4128 111 27 more

252 4163 217 54 pointedly
506 4162 80 40 and
618 4162 215 52 decidedly
857 4162 37 39 in
933 4165 70 38 the
1024 4166 177 51 pending
1222 4166 312 53 investigation.
1590 4170 33 38 A

247 4230 129 38 •stiore
393 4218 241 56 pernicious
670 4217 188 50 ciercise
894 4217 54 41 of
972 4221 224 47 authority,
1227 4232 47 30 or
1306 4217 98 57 11101
1424 4217 19 57 V
1463 4217 98 57 fatal
1581 4226 45 39 to

2773 48 161 52 FEB.
2968 47 83 56 10.

1707 188 71 40 the
1808 187 257 54 tranquillity
2105 189 52 39 of
2179 189 73 39 the
2283 193 193 48 country,
2504 195 51 34 or
2585 202 119 27 more
2722 189 265 40 detrimental
3019 194 50 35 to

1708 242 70 38 the
1798 241 188 40 interests
2003 243 50 38 of
2067 246 72 37 the
2160 244 278 38 Commander
2470 242 38 39 in
2545 242 136 45 Chic),
2711 242 122 40 could
2852 248 74 34 not
2956 242 112 40 have

1709 294 100 40 been
1822 294 252 53 -suggested.
2133 296 89 44 We,
2268 296 223 45 therefore,
2524 298 130 50 reject
2692 296 79 38 this
2805 308 188 34 rumour,
3022 308 46 28 as

1709 359 230 40 conveying
1955 360 50 26 an
2026 347 285 52 unjustifiable
2330 360 168 39 opinion
2516 353 44 33 of
2595 363 25 25 a
2652 360 227 40 personage
2907 361 59 26 we
2996 360 72 28 are

1710 399 39 39 in
1780 399 72 39 the
1871 400 117 39 habit
2006 399 51 40 of
2066 400 208 52 revering,
2304 403 79 37 and
2402 400 196 54 implying
2622 413 53 26 an
2696 400 372 41 uaconstitutioual

1711 451 200 41 influence
1929 452 135 40 where
2078 452 32 40 it
2127 454 145 39 should
2285 458 91 43 not,
2391 455 78 40 and
2489 470 26 24 o
2535 459 90 47 .ght
2644 459 91 40 not,
2753 461 41 33 to
2813 455 51 39 be
2880 456 187 40 exerted.

1766 506 72 47 His
1853 506 138 53 Royal
2014 506 201 53 Highness
2236 513 109 34 must
2376 508 48 39 be
2460 508 182 52 brought
2662 511 45 34 to
2728 507 92 40 trial
2838 523 13 30 ;
2882 522 78 25 anu
2982 521 85 41 any

1711 570 110 33 man,
1843 559 92 40 who
1957 572 176 41 opposes
2148 561 31 38 it
2209 573 39 26 in
2269 559 79 40 this
2365 561 120 39 awful
2505 562 115 38 crisis
2639 561 46 38 of
2702 574 74 25 our
2798 560 151 44 affairs,
2980 562 32 38 is
3040 575 26 26 a

1710 611 233 53 dangerous
1959 613 170 53 egotist,
2150 612 233 41 indifferent
2399 619 45 34 to
2463 614 71 39 the
2554 614 163 39 houodr
2735 626 46 26 or
2796 613 209 40 existence
3021 613 52 40 of

1711 664 69 40 the
1798 667 174 50 empire.
2016 666 97 39 This
2133 665 270 54 impartiality
2425 666 77 39 will
2522 666 150 39 silence
2692 672 129 33 secret
2842 679 224 33 murmurs,

1711 718 78 39 and
1809 719 105 38 stifle
1933 718 246 46 discontent,
2207 719 131 39 which
2361 719 132 39 would
2532 719 130 39 brood
2701 719 35 39 in
2770 719 162 52 private
2965 732 102 26 over

1711 771 70 38 the
1800 772 198 51 supposed
2020 771 201 51 injustice.
2281 771 100 40 This
2401 772 31 38 is
2450 785 53 25 no
2525 772 44 38 fit
2591 784 142 27 season
2753 777 65 33 for
2833 777 141 46 trying
2995 771 71 40 the

1710 823 230 52 dangerous
1959 823 257 52 experiment
2236 824 52 39 of
2303 824 185 54 relaxing
2507 824 144 53 public
2672 823 164 46 morals,
2858 824 79 39 and
2957 829 81 34 tam-

1711 888 144 41 pering
1874 876 98 39 with
1996 878 69 38 the
2080 875 115 43 laws.
2255 878 90 40 The
2365 878 109 47 laws,
2502 878 85 40 said
2619 879 70 38 the
2724 878 194 52 heythian
2947 879 89 37 ANA-

1713 943 189 34 CHARMS,
1919 943 71 26 are
2006 930 207 46 cobwebs,
2229 931 132 40 which
2382 931 118 40 catch
2523 933 103 45 flies,
2648 932 73 38 but
2740 944 67 26 are
2830 931 158 39 broken
3011 931 54 52 by

1716 994 135 39 wasps.
1911 985 81 37 For
2013 983 128 40 God's
2158 984 115 47 sake,
2296 985 56 39 let
2380 990 73 34 not
2472 985 81 38 this
2569 984 246 52 imputation
2837 984 50 39 be
2904 984 141 40 attach-

1711 1033 47 39 ed
1778 1039 45 34 to
1843 1035 263 47 ours,'which
2128 1036 105 41 have
2254 1038 176 45 excited,
2450 1037 59 39 till
2531 1050 109 34 now,
2657 1037 72 39 the
2748 1037 249 39 admiration
3019 1037 50 39 of

1713 1088 67 38 the
1799 1088 282 53 philosopher,
2101 1090 79 39 and
2200 1090 71 39 the
2285 1090 163 39 wonder
2469 1090 48 39 of
2532 1097 120 32 oilier
2669 1090 172 39 nations.
2902 1090 72 38 We
2993 1102 48 26 ex-

1713 1139 73 46 ult,
1798 1154 58 26 we
1877 1147 141 47 repeat
2036 1142 32 39 it
2083 1156 102 26 once
2207 1156 130 31 more,
2357 1142 39 40 in
2422 1143 69 39 the
2510 1148 162 47 present
2693 1142 308 53 investigation,
3032 1142 33 40 it

1711 1192 31 40 is
1759 1194 70 39 the
1848 1194 86 39 first
1954 1200 87 47 step
2056 1195 177 39 towards
2254 1208 24 26 a
2296 1196 150 38 radical
2469 1199 172 41 reform,
2672 1195 76 39 and
2769 1195 70 39 the
2859 1208 79 26 axe
2959 1209 31 25 is
3006 1195 40 39 al-

1711 1247 122 51 ready
1856 1246 80 39 laid
1954 1252 44 34 at
2019 1250 69 37 the
2109 1253 92 34 root
2219 1248 47 39 of
2283 1250 158 39 abuses.
2502 1248 176 52 Enough
2700 1250 70 37 has
2789 1260 119 26 come
2928 1253 76 34 out
3018 1253 46 33 to

1710 1298 106 40 spew
1835 1299 92 39 that
1946 1300 93 52 they
2062 1302 105 39 exist
2197 1310 44 30 to
2259 1315 52 25 an
2331 1302 204 51 alarming
2557 1303 149 50 degree
2724 1317 11 28 ;
2766 1299 80 39 and
2869 1303 70 37 hie
2960 1300 78 52 pub-

1711 1350 50 40 lic
1791 1352 122 52 begin
1938 1358 46 33 to
2011 1352 69 54 lay
2114 1355 90 39 that
2233 1355 145 40 servile
2400 1355 77 39 and
2507 1356 233 51 dangerous
2760 1352 302 53 complaisance

1710 1404 123 45 aside,
1856 1404 128 40 which
2004 1420 117 27 arose
2140 1413 74 33 out
2233 1408 51 39 of
2298 1408 70 38 the
2383 1420 177 28 excesses
2580 1409 51 35 of
2657 1407 70 39 the
2748 1407 151 38 French
2923 1409 111 35 Revo-

1710 1456 146 40 lution.
1916 1457 90 40 The
2034 1460 194 52 applause
2259 1462 202 38 bestowed
2494 1474 53 25 on
2583 1462 78 37 Mr.
2688 1460 193 38 WARDLE
2914 1459 64 39 for
3002 1459 60 39 his

1710 1509 135 54 manly
1867 1512 78 39 and
1978 1514 195 51 patriotic
2191 1514 195 44 conduct,
2418 1513 80 40 will
2532 1519 137 33 create
2698 1512 226 39 emulation
2939 1528 8 27 ;
2982 1513 79 39 and

1710 1561 53 40 all
1783 1564 69 39 the
1876 1574 174 31 recesses
2075 1565 51 40 of
2156 1566 177 53 venality
2356 1565 78 40 will
2465 1566 50 39 be
2533 1565 196 53 explored
2753 1565 93 38 with
2871 1579 21 24 a
2914 1566 148 51 prying

1710 1615 269 53 inquisitorial
2000 1631 91 40 eye.
2148 1619 193 45 Jobbers,
2362 1624 269 38 contractors,
2655 1619 190 43 minions,
2867 1619 77 37 an,i
2966 1619 71 37 mis-

1709 1672 139 37 tresses
1865 1684 92 39 may
1974 1671 106 38 have
2093 1684 122 26 cause
2231 1677 41 33 to
2289 1671 206 52 complain
2512 1671 50 39 of
2576 1671 70 39 the
2662 1671 207 52 projected
2893 1670 169 47 refisrm,

1709 1723 77 38 and
1820 1736 70 39 cry
1920 1724 118 38 down
2059 1724 71 39 the
2148 1729 235 47 supporters
2402 1724 50 39 of
2477 1726 31 37 it
2528 1737 43 26 as
2593 1726 189 50 jacobins
2802 1723 80 39 and
2902 1727 137 48 conspi-

1710 1780 131 35 rators
1861 1792 12 30 ;
1905 1775 74 40 but
1998 1778 71 38 the
2089 1781 115 45 slang
2223 1778 50 37 of
2285 1778 115 38 these
2419 1778 221 39 associates
2660 1778 31 38 is
2709 1789 87 25 now
2820 1775 241 52 intelligible

1711 1832 41 34 to
1769 1827 69 40 the
1856 1828 163 52 public;
2050 1831 79 38 and
2154 1830 191 44 Jacobin,
2370 1831 38 38 in
2428 1830 105 40 their
2552 1834 94 35 cant
2667 1828 291 53 phraseology,
2980 1831 60 48 sig-

1710 1880 115 40 nifies
1843 1894 26 26 a
1887 1881 99 39 well-
2001 1884 268 43 intentioned,
2302 1884 182 46 zealous,
2516 1883 79 39 and
2626 1881 281 39 disinterested
2929 1881 132 41 ft:cud

1709 1932 50 39 of
1772 1935 70 38 the
1861 1936 286 39 constitution.
2205 1936 189 40 Anether
2415 1950 142 26 reason
2576 1936 90 52 why
2689 1949 56 25 we
2773 1935 79 40 feel
2872 1946 50 26 an
2946 1937 94 37 incli-

1710 1985 137 40 nation
1869 1993 45 35 to
1933 1990 151 48 rejoice
2113 1994 44 33 at
2184 1989 72 40 the
2277 1989 267 53 proceedings
2564 1988 50 39 of
2637 1993 70 34 the
2727 1990 262 39 Committee,
3014 1989 47 45 is,

1709 2039 90 40 that
1819 2041 97 52 they
1936 2041 80 40 will
2044 2042 146 39 enable
2223 2042 70 43 the
2322 2048 159 45 present
2510 2042 79 39 and
2626 2041 141 40 future
2798 2040 241 39 administra-

1709 2092 105 40 tions
1828 2099 46 35 to
1891 2099 69 34 act
1981 2095 96 39 with
2096 2108 113 26 more
2226 2095 183 39 freedom
2430 2095 77 38 and
2522 2107 171 40 energy.
2751 2094 133 38 There
2903 2094 158 39 existed

1709 2157 24 26 a
1762 2145 103 41 fatal
1885 2146 96 53 clog
1998 2160 57 26 on
2074 2147 70 39 the
2163 2147 209 40 exertions
2400 2147 50 39 of
2476 2147 71 39 the
2583 2147 183 52 Ministry
2789 2146 50 39 of
2867 2147 69 37 the
2965 2147 97 52 eity,

1709 2198 77 39 and
1817 2205 45 33 to
1880 2199 92 39 that
1991 2213 122 26 cause
2132 2212 61 27 we
2215 2212 111 41 may,
2352 2200 189 52 perhaps,
2562 2199 200 39 attribute
2781 2199 71 39 the
2870 2199 193 39 disasters

1708 2251 50 38 of
1770 2251 70 39 the
1861 2255 230 48 Spaniards;
2113 2254 79 39 and
2211 2267 78 26 our
2314 2267 92 26 own
2441 2252 80 39 late
2556 2265 180 27 reverses
2752 2252 79 38 ;led
2862 2251 198 52 disgrace.

1708 2303 123 40 What
1848 2306 98 52 they
1963 2308 229 50 projected,
2213 2308 79 38 and
2311 2304 151 41 wished
2481 2310 45 34 to
2546 2307 51 37 be
2627 2306 155 38 carried
2803 2307 87 37 into
2910 2317 125 27 execu-

1708 2356 102 47 tion,
1834 2370 80 26 was
1933 2360 159 39 marred
2115 2360 54 39 by
2189 2360 73 39 the
2288 2360 189 50 jealousy
2500 2360 80 38 and
2611 2357 280 52 disaprointed
2928 2359 105 38 ambi-

1707 2409 85 39 tion
1813 2409 51 40 of
1876 2424 26 26 a
1919 2411 130 53 single
2065 2413 240 39 individual.
2365 2412 117 39 Fired
2499 2412 98 38 with
2621 2424 50 25 an
2687 2411 230 39 inordinate
2931 2409 130 41 desire

1707 2466 45 34 to
1778 2464 177 40 conduct
1975 2477 24 26 a
2016 2478 224 27 numerous
2259 2479 119 39 army
2406 2465 86 39 into
2513 2464 138 53 Spain,
2673 2465 78 38 and
2769 2464 194 52 suffering
2989 2464 71 39 the

1707 2517 292 39 mortification
2016 2519 51 38 of
2081 2519 155 51 having
2258 2519 60 39 his
2339 2518 139 39 wishes
2496 2517 221 39 frustrated
2739 2518 47 51 by
2804 2517 72 39 the
2893 2517 169 39 decided

1708 2570 233 50 opposition
1962 2570 50 39 of
2037 2571 72 39 the
2140 2571 154 52 public,
2323 2571 78 39 and
2422 2571 70 37 the
2515 2569 267 52 independent
2802 2576 91 45 part
2914 2568 50 38 of
2986 2569 71 38 the

1709 2621 204 53 Ministry,
1937 2622 125 47 (their
2079 2636 139 26 names
2238 2635 71 26 are
2326 2636 45 26 su
2376 2623 40 39 ffi
2420 2621 150 52 ciently
2593 2621 190 47 known),
2805 2621 51 38 he
2876 2620 91 44 felt,
2998 2633 64 27 we

1708 2685 70 26 are
1796 2673 148 46 afraid,
1963 2679 72 34 too
2055 2680 145 47 strong
2220 2687 52 27 an
2294 2675 240 39 inclination
2567 2679 43 34 to
2644 2673 133 53 prefer
2813 2673 61 38 his
2907 2676 128 35 resent-

1708 2732 128 32 ments
1856 2731 45 35 to
1919 2726 72 40 the
2010 2727 184 39 interests
2224 2740 46 26 as
2296 2727 87 40 well
2415 2740 40 26 as
2483 2727 169 39 honour
2669 2726 47 40 of
2744 2725 71 41 the
2833 2727 191 38 Common-

1707 2778 164 39 wealth.

1760 2831 89 40 The
1869 2833 171 39 courier
2072 2832 51 39 of
2143 2832 148 54 Friday
2314 2832 77 40 last
2409 2832 187 39 contains
2629 2845 25 25 a
2687 2837 139 46 report
2862 2831 92 39 that
2989 2831 70 39 the

1707 2884 118 39 office
1847 2885 48 39 of
1911 2885 274 39 Commander
2213 2885 41 40 iu
2290 2887 123 40 Chief
2426 2885 79 39 will
2523 2885 51 38 be
2609 2883 275 53 immediately
2909 2889 73 47 put
3018 2885 41 38 in

1706 2940 279 46 commission,
2015 2939 37 38 in
2068 2939 71 40 the
2152 2953 111 26 same
2284 2953 169 26 manner
2474 2953 41 26 as
2532 2939 70 38 the
2619 2937 124 39 Office
2761 2936 50 39 of
2823 2936 104 39 Lord
2944 2936 111 52 High

1706 2991 183 40 Admiral
1922 2993 72 38 has
2014 2993 104 38 been
2138 2993 107 38 since
2278 2993 73 38 the
2383 2993 111 51 reign
2531 2992 51 39 of
2614 2993 142 41 Queen
2784 2993 142 35 ANNE.
2983 2991 74 39 We

1704 3043 193 54 sincerely
1915 3046 78 38 and
2011 3044 187 54 ardently
2220 3045 96 39 wish
2339 3044 84 41 this
2437 3051 144 47 report
2594 3057 104 26 were
2718 3048 79 33 trek
2823 3060 11 26 ;
2856 3043 69 39 for
2943 3041 115 47 then,

1706 3096 78 40 and
1799 3097 94 53 only
1917 3099 115 45 then,
2060 3111 76 34 can
2157 3111 59 26 we
2248 3098 104 39 look
2370 3103 46 35 to
2446 3098 70 39 the
2536 3110 112 27 same
2681 3096 182 39 brilliant
2881 3096 175 40 services

1701 3146 111 41 from
1832 3151 71 39 the
1923 3164 135 39 army,
2088 3150 45 40 as
2163 3151 109 39 from
2293 3151 71 39 the
2396 3164 122 30 navy.
2580 3150 222 39 Whatever
2818 3149 70 40 the
2908 3148 151 41 talents

1704 3204 48 35 of
1766 3203 70 39 the
1856 3210 162 46 present
2037 3204 294 40 Commander
2342 3204 40 38 in
2404 3203 119 41 Chief
2538 3216 86 33 arc,
2646 3203 189 39 however
2852 3208 117 46 great
2989 3203 64 38 his

1704 3256 168 52 activity
1904 3259 78 38 and
2009 3256 195 53 assiduity
2239 3270 93 39 may
2355 3257 66 44 be,
2451 3256 165 52 nobody
2656 3255 79 39 will
2756 3256 107 52 deny
2898 3255 74 40 but
2993 3255 63 40 his

1704 3308 144 40 talents
1879 3311 78 39 and
1972 3311 208 39 exertions
2203 3322 72 27 are
2294 3311 246 51 inadequate
2568 3314 44 34 to
2640 3308 70 39 the
2724 3307 206 53 complete
2966 3321 70 39 per-

1702 3360 209 43 formance
1926 3364 51 39 of
1990 3364 70 39 the
2079 3367 119 50 great
2217 3364 135 40 duties
2370 3364 128 39 which
2520 3363 70 39 the
2611 3366 91 34 vast
2721 3363 178 38 increase
2914 3360 50 39 of
2978 3373 79 26 our

1702 3413 181 56 military
1903 3417 116 40 force
2050 3418 174 52 imposes
2257 3431 52 24 on
2348 3406 99 48 film.
2507 3419 63 37 Ile
2593 3429 93 39 may
2709 3428 150 39 possess
2893 3413 52 39 all
2983 3415 72 39 the

1698 3470 143 50 genius
1860 3470 77 39 and
1958 3471 270 39 discernment
2259 3471 51 38 of
2334 3484 25 25 a
2391 3471 351 43 TiLtaLtionorGa,
2776 3468 97 39 with
2894 3465 71 40 the
2983 3467 48 39 ad-

1701 3520 279 43 ministrative.
2009 3522 151 47 talents
2206 3521 52 40 of
2293 3536 26 26 a
2354 3523 195 46 CARNOT,
2597 3522 80 39 and
2717 3522 50 39 he
2803 3520 81 40 still
2920 3520 136 52 singly

1698 3575 213 52 incapable
1931 3575 50 40 of
1995 3575 70 40 the
2085 3575 214 52 discharge
2317 3575 50 39 of
2391 3566 52 48 all
2464 3575 70 39 the
2554 3575 133 39 duties
2706 3574 184 39 annexed
2911 3579 45 33 to
2972 3573 85 40 this

1698 3628 241 53 important:
1955 3628 132 39 office.
2148 3631 43 37 It.
2215 3628 32 38 is
2278 3634 74 33 too
2383 3627 139 46 much,
2554 3627 80 40 and
2666 3633 73 33 too
2760 3626 292 53 complicated,

1698 3681 63 40 for
1780 3681 69 40 the
1867 3681 275 46 exertions.of
2167 3694 76 30 one
2272 3693 162 40 person,
2469 3680 80 39 and
2583 3680 180 52 requires
2791 3692 26 27 a
2850 3692 105 26 mass
2974 3679 80 40 and

1697 3736 157 52 variety
1872 3736 51 38 of
1937 3735 149 40 talents
2105 3735 79 40 and
2212 3733 261 53 knowledge,
2507 3738 46 34 to
2585 3733 98 52 give
2713 3732 63 39 it
2776 3732 91 39 th4t
2887 3733 167 51 vigour,

1696 3790 85 45 life,
1804 3789 77 39 and
1903 3789 244 50 perfection,
2169 3788 132 39 which
2322 3801 79 26 our
2425 3790 113 48 Navy
2561 3797 45 28 go
2629 3784 306 52 incomparably
2957 3797 70 38 pos-

1693 3856 135 26 sesses.
1885 3842 90 40 The
1995 3842 149 40 British
2165 3842 117 50 Navy
2298 3840 202 39 !—There
2530 3853 31 25 is
2593 3843 74 35 not
2687 3850 48 26 an
2771 3836 281 52 Englishman,

1694 3895 136 39 Whose
1848 3895 122 39 heart
1988 3894 99 40 does
2108 3899 72 35 not
2199 3892 118 41 exult
2336 3898 44 34 at
2400 3892 69 41 the
2490 3905 97 40 very
2620 3886 120 44 name
2759 3894 8 33 I
2818 3893 37 35 It
2874 3902 181 39 conveys

1694 3951 70 38 the
1780 3950 135 54 image
1935 3948 51 39 of
2011 3950 161 50 victory
2193 3947 79 39 and
2301 3946 149 52 safety,
2481 3944 280 41 unblemished
2796 3944 52 52 by
2872 3956 22 25 a
2922 3943 130 51 single

1693 4016 174 27 reverse.
1925 4005 80 37 But
2034 4016 79 25 our
2147 4013 135 38 army,
2314 3998 159 53 though
2504 3997 222 53 compostd
2760 3997 50 39 of
2843 3996 69 40 the
2941 4009 113 26 same

1693 4058 159 45 mettle,
1870 4057 78 39 and
1969 4054 165 54 equally
2146 4054 21 46 -
2167 4054 133 46 brave,
2320 4052 110 39 from
2451 4058 115 32 Some
2587 4051 386 48 mismanagement,
3002 4063 52 25 or

1690 4110 128 39 latent
1835 4110 136 39 defect
1993 4110 38 38 in
2059 4109 51 38 its
2130 4107 298 53 erganisation,
2448 4117 48 26 or
2520 4103 227 53 incapacity
2770 4103 50 39 of
2835 4102 71 39 the
2927 4103 92 39 Com-

1690 4163 170 40 mander
1881 4163 39 39 in
1943 4162 135 50 Chief,
2112 4162 76 43 has
2215 4157 233 58 frequently
2469 4157 142 56 disapp
2676 4156 77 44 'ted
2770 4156 71 41 the
2859 4155 78 43 lw-
3006 4154 51 41 of

1687 4219 71 43 the
1775 4221 196 48 country.

3330 66 20 38 I

2568 4168 185 46 ppoitited
2770 4168 71 30 the
2859 4168 130 41 hopes
3006 4168 51 27 of
3239 4168 65 33 Pi

78 2640 13 13 v
