3484 4417
217 111 164 56 FEB.
429 109 77 50 19.

230 263 92 33 very
335 247 330 41 excusable,—for
694 259 45 22 no
768 256 81 24 man
863 247 35 33 in
920 246 155 43 Europe
1091 243 141 33 dreamt
1250 239 44 35 of
1310 239 211 39 resistance,
1525 253 46 7 —

230 319 78 25 was
321 306 183 37 scattered
524 306 38 41 in
580 305 171 34 different
769 313 107 33 corps
895 300 229 45 throughout
1143 299 64 33 the
1228 295 210 37 Peninsula.
1492 293 83 34 The

231 369 81 34 first
331 371 124 30 events
465 374 67 25 are
550 361 240 35 ktiown.—T
797 360 45 33 he
869 369 178 35 generous
1074 357 125 34 efforts
1215 352 44 35 of
1273 353 63 33 the
1350 352 228 34 inhabitants

235 423 45 37 of
295 425 61 33 the
371 422 151 46 Capital
536 419 94 43 ;—T
638 418 43 34 he
694 417 129 35 defeat
850 416 69 34 and
938 420 141 30 reheat
1108 411 43 35 of
1174 412 191 33 NIONCEY
1388 406 99 35 from
1500 404 50 35 Va-

235 482 124 33 lencia
374 477 125 44 ;—the
517 476 111 37 noble
646 474 104 35 stand
771 472 105 35 made
894 472 51 44 by
976 470 64 41 the
1058 469 79 45 city
1166 468 45 34 of
1238 468 198 41 Saragossa
1453 462 125 41 ;—the

236 537 126 34 defeat
381 535 70 35 and
482 531 196 37 surrender
693 531 44 34 of
767 530 123 35 ()CPO
899 539 21 25 N
930 537 20 31 T
950 537 20 31 i
972 526 122 34 —and
1123 524 63 35 the
1219 522 107 45 flight
1345 521 43 35 of
1401 521 176 34 Josr.PH

239 593 99 35 from
358 591 319 41 Madrid,—these
705 596 235 26 occurrences
957 581 155 38 excited
1129 593 22 24 a
1169 582 133 44 degree
1320 579 41 34 of
1384 578 196 46 applause,

242 651 117 41 hope,
384 648 69 35 and
463 647 223 37 enthusiasm
707 645 35 34 in
764 645 72 33 this
854 648 155 37 country
1026 638 123 35 which
1165 633 189 38 furuished
1377 632 181 46 unequivo-

242 707 61 35 cal
319 706 129 47 proofs
465 705 84 35 that
563 716 57 22 we
641 712 97 25 were
764 707 61 28 not
847 696 185 50 prepared
1052 696 58 34 for
1139 696 115 33 them.
1305 691 76 35 The
1403 689 161 47 perform-

242 774 93 26 ance
352 763 45 35 of
406 763 50 35 all
471 762 74 35 this
568 769 74 26 was
661 769 90 34 very
771 755 247 48 practicable,
1039 752 70 35 and
1126 749 226 46 completely
1371 745 136 37 within
1525 744 61 33 the

243 821 117 35 circle
373 819 44 37 of
428 816 157 50 Spanish
606 824 202 30 resources,
831 813 115 40 local,
973 809 136 44 moral,
1133 807 70 35 and
1220 804 184 47 political.
1461 802 125 41 Every

247 876 180 46 province
445 875 107 37 acted
575 874 59 35 for
650 872 116 35 itself.
801 869 81 37 The
899 868 144 35 natives
1067 876 96 24 were
1180 869 61 30 not
1259 861 125 37 forced
1402 865 38 30 to
1459 859 130 34 absent

248 933 236 41 themselves,
510 938 41 28 to
569 941 26 24 a
611 935 102 39 great
746 928 162 34 distance
926 926 97 34 from
1055 922 98 35 their
1172 921 135 34 homes.
1358 917 84 35 The
1470 925 96 34 appa-

250 1000 104 39 ratus
372 994 40 35 of
419 1005 20 24 a
459 993 151 45 regular
637 991 69 35 and
729 986 216 51 protracted
964 985 206 45 Campaign
1191 992 73 25 was
1285 985 61 30 not
1376 984 208 34 necessary.

252 1052 84 35 The
356 1051 168 35 invaders
546 1061 94 25 were
656 1050 35 32 in
711 1048 105 33 small
834 1056 107 34 corps
961 1043 44 34 of
1019 1043 98 35 from
1136 1046 59 28 ten
1215 1043 39 28 to
1271 1037 124 34 fifteen
1411 1030 181 39 thousand

254 1121 110 30 men;
383 1106 270 48 unacquainted
673 1104 92 35 with
784 1103 61 35 the
859 1108 158 38 country
1037 1098 71 34 and
1117 1096 177 35 destitute
1310 1094 41 34 of
1364 1090 223 47 provisions.

256 1167 130 37 Under
417 1167 102 33 these
543 1166 282 34 circumstances
855 1160 60 34 the
947 1156 211 47 provinces,
1176 1163 91 26 even
1289 1150 90 35 with
1398 1148 100 35 their
1513 1157 63 22 con-

256 1225 146 33 tracted
418 1233 137 32 means,
585 1220 71 35 had
686 1221 30 33 it
745 1217 183 44 certainly
947 1215 38 33 in
1018 1213 100 34 their
1144 1219 129 38 power
1300 1213 39 28 to
1368 1201 228 38 overwhelm

259 1283 67 34 the
340 1291 144 35 enemy.
542 1280 76 35 But
631 1290 24 24 a
670 1289 83 25 new
778 1284 104 26 scene
901 1270 254 43 immediately
1181 1265 145 37 ensued.
1378 1263 81 34 The
1474 1258 105 37 invad-

257 1349 60 25 ers
334 1338 156 35 sensible
507 1337 46 34 of
568 1337 61 34 the
643 1333 162 35 mistake
823 1331 87 45 they
939 1329 72 34 had
1031 1323 214 40 committed
1266 1323 34 34 in
1319 1319 168 43 dividing
1505 1316 94 34 their

259 1395 122 44 force,
400 1393 206 41 retreated,
621 1393 66 34 and
707 1389 102 35 after
820 1387 200 41 collecting
1037 1384 99 33 their
1156 1381 120 34 whole
1294 1376 164 45 strength
1478 1375 38 33 in
1533 1383 66 24 one

262 1452 118 44 body,
406 1452 92 34 took
517 1462 25 22 a
559 1457 128 33 strong
706 1446 163 46 position
888 1441 138 35 behind
1046 1440 64 35 the
1134 1439 119 34 Ebro.

318 1508 111 35 From
448 1507 83 34 that
549 1509 157 31 moment
726 1502 64 35 the
810 1501 85 45 plan
913 1500 44 33 of
966 1496 216 46 operations
1195 1504 77 24 was
1292 1491 136 43 totally
1444 1485 156 38 altered.

265 1565 85 37 The
369 1565 211 46 provinces,
614 1559 207 38 calculated
837 1558 87 45 only
959 1566 47 24 on
1037 1554 98 33 their
1163 1548 203 37 individual
1400 1552 201 28 resources.

268 1624 113 45 They
404 1623 70 33 had
494 1622 103 34 their
608 1617 204 47 respective
842 1617 180 35 interests,
1050 1611 97 34 their
1162 1607 159 39 leaders,
1344 1604 98 34 their
1459 1603 149 37 Juntas,

267 1682 73 34 and
360 1681 97 34 their
471 1677 137 37 armies
625 1689 11 28 ;
663 1677 64 33 but
745 1674 107 34 there
876 1669 146 37 existed
1050 1678 45 24 no
1114 1667 103 43 unity
1237 1663 44 33 of
1293 1662 124 34 action
1436 1658 72 34 and
1526 1667 64 25 con-

267 1744 80 32 cert
363 1737 43 35 of
420 1736 77 35 will
517 1736 37 33 in
574 1734 61 34 the
654 1730 124 37 whole
803 1728 103 45 Body
924 1740 11 27 ;
961 1726 71 34 and
1052 1734 39 25 as
1104 1717 104 40 there
1228 1729 76 25 was
1322 1728 44 24 no
1385 1711 224 41 individual,

269 1806 46 24 or
340 1795 132 37 Junta,
504 1793 90 33 who
626 1787 185 48 possessed
837 1795 71 34 any
944 1793 148 35 power,
1120 1780 196 38 influence,
1342 1785 41 24 or
1402 1770 210 37 confidence

269 1852 146 45 beyond
449 1850 100 34 their
567 1858 84 25 own
683 1845 194 46 province,
902 1843 31 33 it
967 1851 78 22 was
1081 1834 230 48 impossible,
1337 1832 50 33 all
1424 1835 43 28 at
1502 1835 104 30 once,

270 1916 43 33 to
332 1907 181 37 reconcile
523 1907 66 33 the
602 1904 165 34 different
784 1902 181 37 interests,
980 1903 39 27 to
1038 1896 113 34 efface
1172 1889 208 50 provincial

1395 1884 18 48 .
1413 1884 202 48 jealousies,

269 1968 76 34 and
363 1971 38 31 to
419 1965 156 45 impress
599 1962 63 33 the
686 1961 233 43 importance
935 1955 45 33 of
993 1951 222 44 unanimity.
1267 1948 83 34 The
1371 1939 241 40 abominable

272 2023 236 45 corruption,
535 2021 226 45 impotence,
790 2015 70 33 and
893 2010 211 37 favoritism
1123 2007 44 35 of
1181 2008 61 33 the
1271 2006 77 34 late
1365 2002 252 45 government,

269 2082 72 37 'the
371 2076 235 39 treasonable
639 2072 184 47 practices
844 2069 44 34 of
912 2068 64 34 the
1002 2067 136 34 Prince
1155 2063 44 35 of
1219 2062 66 35 the
1306 2061 137 39 Peace,
1469 2056 70 37 an:
1560 2054 60 35 the

274 2139 196 37 exactions
493 2132 45 38 of
553 2132 64 35 the
641 2128 240 38 subordinate
896 2124 175 41 minions,
1097 2121 69 37 left
1182 2121 66 35 the
1267 2117 175 38 Arsenals
1462 2114 159 37 without

280 2197 171 43 military
483 2197 133 35 stores,
644 2190 69 33 and
745 2187 65 35 the
841 2184 126 47 public
998 2181 130 35 coffers
1161 2178 163 37 without
1355 2184 151 33 money.
1560 2170 63 34 AU

279 2255 107 35 these
411 2249 235 38 deficiencies
676 2256 100 25 were
793 2250 39 28 to
847 2243 45 33 be
914 2237 203 50 supplied;
1142 2236 72 35 and
1243 2235 64 34 the
1325 2237 163 41 poverty
1508 2225 44 38 of
1565 2225 61 35 the

280 2310 247 39 inhabitants,
556 2307 35 34 in
624 2310 248 38 consequence
902 2297 41 35 of
958 2308 24 24 a
997 2294 209 37 detestable
1238 2296 135 39 system
1390 2288 46 35 of
1463 2294 135 39 govern-

283 2373 116 37 ment,
424 2367 64 33 the
517 2361 135 38 annual
686 2369 83 25 war
795 2354 276 39 contributions
1101 2355 40 31 to
1169 2349 66 35 the
1272 2346 162 38 French,
1452 2341 73 38 and
1560 2340 63 35 the

286 2425 206 41 remaining
519 2426 67 28 out
615 2418 45 34 of
680 2415 63 37 the
763 2413 103 37 usual
894 2411 174 46 supplies
1091 2407 93 35 from
1214 2402 116 37 South
1365 2400 193 41 America,
1581 2408 46 25 on

286 2486 157 33 account
459 2478 45 34 of
519 2476 168 44 hostility
707 2471 93 38 with
822 2471 72 34 this
911 2473 175 38 country,
1113 2460 200 48 prevented
1330 2458 99 37 their
1444 2457 165 47 perform-

288 2542 65 43 ing
367 2538 69 34 this
465 2531 182 47 requisite
672 2529 158 35 service.
882 2525 123 35 These
1036 2520 165 37 remarks
1222 2517 97 40 will,
1345 2524 59 26 we
1434 2518 111 37 trust,

1571 2522 41 24 ac-

285 2602 116 31 count
426 2594 38 33 in
490 2602 26 22 a
547 2597 93 35 very
670 2583 241 43 satisfactory
943 2589 167 32 manner,
1134 2577 59 34 for
1215 2575 65 34 the
1319 2570 219 37 relaxation
1569 2569 64 33 the

291 2652 169 39 Patriots
477 2648 63 33 she
548 2642 97 41 wed,
670 2641 100 37 after
803 2640 89 44 they
913 2637 71 34 had
1006 2636 94 35 been
1135 2629 185 39 liberated
1352 2628 97 34 from
1468 2627 66 33 the
1548 2634 64 35 pre-

292 2719 106 28 sence
422 2706 71 35 and
510 2700 196 39 exactions
731 2696 46 35 of
803 2696 60 34 the
881 2704 149 35 enemy,
1055 2691 71 35 and
1149 2689 64 35 the
1237 2688 116 34 latter
1378 2683 73 35 had
1478 2692 136 26 concen-

293 2765 125 39 trated
433 2759 220 40 themselves
670 2753 136 38 behind
827 2752 61 35 the
908 2752 120 34 Elks•

347 2829 282 35 BONAPARTE
653 2817 125 34 either
804 2812 158 41 desired,
996 2810 99 35 from
1130 2804 156 38 motives
1317 2802 47 35 of
1390 2803 249 33 consummate

296 2884 201 50 prudence,
515 2884 41 31 to
573 2877 83 45 give
669 2872 64 35 the
757 2870 155 47 Spanish
928 2867 226 37 enthusiasm
1169 2863 90 33 time
1280 2865 39 30 to
1337 2862 233 40 evaporate;
1597 2864 45 24 or

298 2946 50 34 he
367 2939 137 40 wished
535 2941 41 30 to
602 2933 111 34 sound
744 2929 66 35 the
842 2927 197 35 intentions
1072 2921 45 37 of
1134 2919 145 41 Russia,
1298 2915 69 37 and
1398 2921 41 27 to
1460 2911 181 35 reconcile

298 3002 89 37 that
407 3002 109 31 court
534 3000 41 28 to
591 2992 64 34 the
671 2993 60 32 act
748 2986 47 35 of
807 2985 164 43 atrocity
999 2981 46 34 he
1072 2980 74 33 had
1166 2973 214 38 committed
1396 2985 11 27 ;
1436 2980 44 25 or
1505 2968 117 34 alarm-

298 3060 48 34 ed
364 3064 39 28 at
419 3057 63 34 the
500 3047 191 45 menacing
709 3041 261 50 preparations
986 3039 45 34 of
1052 3035 169 37 Austria,
1239 3031 73 35 and
1338 3028 159 43 wishing
1522 3028 38 30 to
1578 3026 45 33 ob-

300 3126 106 28 serve
432 3112 61 35 the
509 3110 125 34 effscts
659 3103 123 35 which
817 3100 64 35 the
908 3098 197 34 resistance
1134 3091 44 37 of
1195 3091 65 33 the
1289 3084 204 47 Spaniards
1521 3080 123 45 might

294 3172 177 48 -produce
485 3178 46 24 on
544 3164 64 35 the
621 3162 163 47 popular
797 3156 133 43 feeling
943 3156 38 33 in
999 3152 144 35 France
1160 3146 71 35 and
1247 3144 63 35 the
1328 3148 71 30 rest
1411 3141 46 35 ef
1472 3138 65 35 the
1554 3137 73 35 Con-

306 3234 117 33 tinent
441 3234 109 33 ;--or
565 3221 53 34 all
638 3220 100 34 these
749 3216 281 35 circumstances
1048 3207 142 39 united,
1202 3200 189 50 probably
1408 3193 155 45 induced
1577 3198 73 34 him

308 3295 43 28 to
367 3282 150 39 deviate
535 3280 99 33 from
666 3275 54 35 his
741 3273 103 35 usual
863 3272 130 44 vigour
1019 3267 70 34 and
1117 3261 172 45 celerity.
1343 3256 78 37 Not
1442 3254 158 46 wishing
1612 3260 40 30 to

308 3345 85 45 rely
410 3335 224 50 implicitly,
654 3333 35 34 in
715 3340 41 27 so
774 3328 184 39 alarming
973 3335 25 24 a
1012 3321 120 40 crisis,
1154 3321 34 32 in
1208 3313 124 40 which
1352 3313 57 34 his
1426 3321 90 37 very
1535 3313 98 32 exist-

308 3411 92 27 ence
418 3406 78 27 was
513 3399 41 31 at
570 3391 123 40 stake,
710 3399 47 24 on
778 3387 61 34 the
857 3381 253 38 tteclarations
1128 3377 43 34 of
1202 3374 57 35 his
1290 3378 141 39 agents,
1453 3370 47 34 he
1518 3367 138 37 wished

311 3467 41 28 to
371 3468 57 25 see
445 3454 288 35 ALEXANDER
755 3443 81 35 face
859 3448 37 28 to
926 3439 109 38 face;
1065 3443 39 27 to
1121 3444 59 24 see
1213 3430 34 35 if
1263 3430 45 33 he
1324 3425 109 38 could
1459 3424 145 35 confide
1622 3424 37 32 in

311 3517 61 37 his
390 3504 285 57 protestations,
698 3501 73 37 and
808 3501 35 33 in
874 3497 111 35 order
1003 3501 39 27 to
1070 3497 111 31 exact
1202 3497 81 25 new
1306 3483 197 47 promises,
1530 3481 130 34 before

317 3573 48 35 he
385 3567 125 38 would
542 3572 105 28 come
671 3566 39 30 to
737 3569 22 24 a
784 3554 202 39 resolution
1013 3548 45 38 ef
1077 3544 268 44 withdrawing
1362 3541 57 34 his
1443 3548 105 38 army
1567 3539 93 34 from

318 3631 208 35 Germany.
617 3618 64 34 hus
697 3617 67 34 the
790 3613 161 47 journey
983 3615 39 28 to
1055 3606 130 37 Erfurt
1204 3612 76 25 was
1299 3595 167 38 resolved
1493 3606 61 25 on.
1604 3594 59 35 To

314 3680 151 40 conceal
485 3678 58 34 his
562 3673 215 43 intentions,
795 3671 71 33 and
889 3673 39 30 to
945 3667 87 44 give
1054 3664 98 34 them
1169 3669 92 26 even
1280 3667 45 24 an
1339 3656 57 34 air
1413 3652 45 35 of
1479 3651 167 47 Generosi-

315 3750 61 38 ty,
393 3737 73 38 this
481 3735 250 35 consummate
750 3725 197 50 politician
966 3719 110 39 acted
1093 3719 60 34 the
1169 3715 161 37 sublime
1348 3711 104 35 farce
1467 3709 45 35 of
1524 3709 142 45 getting

315 3801 67 35 the
399 3794 136 46 simple
550 3787 261 47 unsuspecting
827 3783 94 37 EMP
930 3788 116 28 tam,.
1076 3782 38 31 to
1133 3770 187 40 intercede
1345 3769 59 34 for
1422 3768 65 34 the
1505 3774 137 27 evacua-

319 3857 81 34 tion
425 3850 43 37 of
481 3842 293 45 Prussia,---the
791 3849 91 38 very
908 3842 170 31 measure
1100 3830 58 37 Bo
1168 3839 54 28 NA
1234 3834 144 31 PARTE
1398 3822 167 43 wanted,
1594 3820 74 37 and

320 3906 128 44 which
468 3906 65 37 the
559 3901 181 38 situation
756 3895 45 38 of
816 3896 115 47 Spain
963 3888 176 39 rendered
1166 3881 246 51 Imperiously
1430 3886 142 40 urgent.
1626 3876 45 37 In

320 3971 70 35 the
406 3973 104 30 mean
530 3963 91 34 time
647 3958 56 35 his
717 3953 138 38 armies
876 3961 99 26 were
994 3945 155 39 ordered
1182 3948 41 30 to
1248 3939 120 38 break
1388 3948 50 35 up
1456 3935 97 35 from
1572 3933 100 37 their

324 4026 174 37 different
515 4018 269 38 cantonments,
810 4010 70 37 and
898 4013 38 31 to
956 4004 113 39 make
1094 3999 191 45 menacing
1300 3992 306 40 demonstrations
1624 3998 47 27 on

325 4085 65 34 the
406 4069 178 47 frontiers
599 4072 43 39 of
656 4070 171 39 Austria.
880 4064 72 38 His
967 4067 131 41 agents
1111 4056 72 39 had
1202 4055 217 50 previously
1431 4056 66 41 got
1515 4046 157 39 inserted

327 4143 38 37 in
380 4141 63 37 the
459 4133 165 41 German
640 4139 138 40 papers
795 4124 149 38 articles
954 4121 46 37 ad
1007 4120 143 44 vertin
1163 4120 40 32 to
1215 4111 64 37 the
1289 4108 240 52 probability
1541 4106 44 37 of
1596 4111 79 30 war

327 4205 172 32 between
524 4194 145 39 France
684 4191 70 35 and
774 4186 86 40 that
874 4193 148 39 power.
1075 4179 81 37 The
1182 4172 161 41 °Meet
1358 4169 46 38 of
1422 4168 146 39 Vienna
1586 4167 89 35 intl•

1104 104 148 53 THE
1286 94 384 60 NATIONAL
1707 91 378 56 REGISTER.

2878 78 30 51 P
2908 78 60 51 25

1639 229 159 35 midated
1820 230 45 43 by
1891 228 104 34 these
2011 234 266 38 appearances,
2296 221 252 43 immediately
2567 216 220 46 dispatched
2811 215 161 37 General

1641 287 159 37 Vincent
1819 293 39 28 to
1885 286 168 33 discover
2079 283 61 34 the
2157 280 124 46 object
2304 280 44 33 of
2369 279 65 34 the
2453 276 158 44 meeting
2626 280 40 28 at
2685 273 143 43 Erfurt,
2844 273 70 35 and
2934 279 38 28 to

1639 350 105 28 avert
1775 344 61 34 the
1867 341 211 46 impending
2104 345 130 27 storm.
2289 335 73 35 For
2396 334 65 34 the
2489 333 113 34 latter
2631 340 159 35 purpose
2820 328 47 37 he
2900 339 77 26 was

1643 397 187 47 probably
1858 397 125 35 vested
2013 396 89 34 with
2135 392 196 45 authority
2367 391 51 44 by
2454 390 56 33 his
2537 386 158 37 deluded
2728 386 180 41 Cabinet,
2936 391 40 30 to

1641 455 113 34 make
1769 456 237 39 concessions,
2023 451 69 35 and
2111 450 92 34 offer
2219 450 150 32 sureties
2382 446 67 45 f:sr
2469 448 155 40 keeping
2654 443 57 33 the
2726 454 124 33 peace.
2902 442 53 35 Un-

1643 513 185 34 fortunate
1843 510 168 35 delusion
2029 509 7 33 !
2093 507 172 34 Besotted
2295 508 256 40 governments
2567 502 8 32 !
2629 501 80 33 The
2728 501 195 33 resistance
2941 497 45 37 of

1645 568 63 34 the
1724 568 220 45 Spaniards,
1971 566 89 34 with
2082 565 45 34 its
2147 563 98 34 train
2264 561 41 34 of
2331 560 162 46 popular
2513 560 99 32 ideas
2630 557 67 33 and
2718 556 168 40 feelinzs,
2904 565 78 25 was

1646 633 102 25 more
1766 627 222 30 momentous
2022 621 33 32 in
2080 620 54 34 his
2160 619 170 46 ()pillion,
2382 626 26 25 n
2421 617 8 32 I
2463 626 103 21 more
2595 613 224 35 formidable
2839 619 45 31 .to
2917 613 66 35 the

1650 691 123 33 wary,
1793 679 200 45 plausible,
2011 678 201 44 designing,
2245 674 67 34 and
2333 673 207 43 intelligent
2558 678 139 38 tyrant,
2731 670 89 34 than
2844 680 25 24 a
2898 681 65 22 con-

1650 737 172 45 federacy
1857 737 45 33 of
1926 737 50 32 all
2008 736 61 33 the
2089 733 176 34 Cabinets
2295 730 46 34 of
2365 730 65 33 the
2459 729 213 35 Continent.
2728 728 41 34 In
2804 726 111 34 order
2946 736 40 25 to

1650 794 183 45 complete
1841 794 60 34 the
1913 794 71 33 last
1995 796 59 30 act
2070 789 45 34 of
2128 789 73 34 this
2216 787 162 35 eventful
2395 788 115 39 farce,
2528 785 45 33 he
2584 783 170 44 dispatch
2765 784 45 33 ed
2826 783 137 37 Messen-

1652 860 81 35 gers
1752 848 44 35 of
1820 848 120 35 Peace
1958 854 39 27 to
2023 856 66 24 our
2114 846 246 34 Government
2379 842 8 33 !
2432 841 71 34 But
2524 841 54 33 his
2597 840 123 46 object
2738 850 74 24 was
2830 852 80 25 now
2931 849 39 25 at-

1656 906 139 41 tained,
1822 906 69 33 and
1926 905 63 34 the
2017 908 102 39 great
2135 901 118 44 slight
2284 900 46 44 of
2354 899 98 33 hand
2477 908 84 24 man
2593 896 135 43 having
2754 896 148 34 amused
2920 896 72 35 and

1654 961 228 35 confounded
1899 960 61 34 for
1978 971 22 22 a
2024 960 90 33 time
2134 958 61 33 the
2213 963 208 39 spectators
2440 956 47 43 by
2511 954 56 33 his
2594 954 174 43 masterly
2785 953 209 41 dexterity,

1656 1019 64 34 did
1739 1026 63 27 not
1815 1030 91 24 even
1924 1017 221 35 condescend
2170 1022 39 27 to
2230 1016 90 33 wait
2343 1012 159 44 a-single
2532 1011 73 44 day
2636 1018 38 26 to
2691 1020 59 22 see
2771 1010 99 33 what
2889 1010 106 35 effect

1659 1077 28 33 it
1706 1076 120 44 might
1850 1076 163 45 produce
2030 1084 44 24 on
2105 1082 69 25 our
2205 1070 206 43 intelligent
2433 1069 203 33 Ministers.
2689 1068 106 43 They
2817 1068 72 33 had
2915 1068 80 34 also

1659 1133 64 34 the
1743 1131 139 35 honour
1897 1131 43 33 of
1950 1130 110 43 being
2078 1134 92 28 most
2186 1127 234 45 egregiously
2439 1121 230 37 entertained
2685 1123 70 33 and
2771 1122 123 46 duped
2910 1123 8 33 !

1709 1199 100 33 Thus
1826 1208 46 24 an
1890 1194 229 46 unexpected
2145 1193 138 44 respite
2297 1201 76 24 was
2405 1189 151 44 granted
2577 1194 39 34 to
2649 1189 138 43 Spain;
2815 1187 72 35 and
2901 1200 19 24 s
2920 1200 60 24 tor
2980 1200 20 24 e

1662 1256 214 44 simpletons
1907 1254 34 32 in
1959 1252 74 34 this
2050 1254 154 38 country
2238 1246 216 35 ministerial
2479 1245 72 33 and
2571 1245 338 41 anti-ministerial,
2936 1257 45 22 un-

1664 1310 85 33 able
1767 1317 37 26 to
1821 1317 156 26 account
1994 1307 59 34 for
2069 1306 59 33 the
2160 1313 214 24 uncommon
2395 1302 196 44 inactivity
2608 1300 43 33 of
2672 1300 230 46 Bonaparte,
2927 1302 74 35 and

1668 1369 63 32 the
1749 1372 158 39 mystery
1926 1367 32 32 in
1995 1364 120 33 which
2144 1363 57 32 his
2218 1361 139 43 designs
2381 1369 96 22 were
2504 1357 214 41 conce4led,
2743 1361 182 34 solemnly
2942 1372 43 22 as

1665 1423 109 35 sured
1811 1422 43 33 he
1883 1421 125 35 would
2026 1426 61 28 not
2117 1421 193 43 prosecute
2336 1415 65 34 the
2438 1424 78 24 war
2531 1415 144 43 against
2693 1415 61 34 the
2772 1416 230 45 Spaniards;

1670 1481 65 32 hut
1763 1479 122 34 would
1919 1479 107 33 leave
2049 1476 98 33 them
2174 1481 39 26 to
2233 1473 233 40 themselves,
2493 1472 34 33 in
2558 1470 110 34 order
2701 1479 63 27 not
2780 1479 39 27 to
2855 1474 148 37 irritate

1671 1537 98 34 them
1788 1535 87 35 with
1899 1535 217 37 resistance;
2144 1531 69 34 and
2228 1530 83 33 then
2329 1533 84 28 turn
2448 1527 53 33 his
2524 1526 125 34 whole
2673 1531 167 40 strength
2858 1532 150 44 against

1672 1591 64 35 the
1754 1591 112 34 house
1876 1591 45 33 of
1933 1590 164 34 Austria.
2151 1586 61 34 Ah
2229 1585 7 33 !
2265 1585 60 33 the
2339 1584 154 43 cunning
2510 1583 150 44 rogues!
2715 1581 35 35 It
2770 1584 30 34 is
2816 1596 26 22 a
2859 1587 83 45 pity
2960 1598 44 25 so

1675 1648 106 34 much
1809 1648 242 34 discernment
2076 1643 70 34 and
2164 1639 190 47 judicious
2381 1638 234 34 observation
2633 1639 133 34 should
2796 1642 96 34 have
2910 1643 92 35 been

1675 1703 133 35 baffled
1826 1703 44 44 by
1887 1710 249 26 occurrences.
2179 1698 72 35 Did
2274 1708 69 22 our
2365 1696 188 35 Ministers
2571 1695 145 46 display
2739 1696 63 35 the
2819 1709 98 25 same
2936 1711 44 35 pe-

1676 1760 182 34 netration
1872 1760 12 33 ?
1944 1759 73 34 Did
2036 1759 99 34 these
2147 1760 106 39 great
2271 1754 69 34 and
2360 1754 204 41 intelligent
2584 1759 209 37 statesmen,
2811 1755 53 45 by
2881 1766 124 27 means

1678 1815 43 34 of
1735 1817 97 33 their
1848 1815 221 40 emissaries,
2093 1824 45 22 or
2154 1813 52 44 by
2226 1809 190 40 intuition,
2441 1809 171 33 discover
2634 1807 63 35 the
2726 1819 98 26 same
2850 1813 137 45 import-

1677 1878 64 28 ant
1773 1872 138 34 secret?
1967 1871 96 41 Yes,
2087 1870 87 44 they
2207 1867 85 41 did;
2319 1866 72 33 and
2421 1865 33 33 in
2489 1865 109 33 order
2615 1870 39 28 to
2676 1874 150 34 prevent
2844 1869 167 44 JUNOT,

1678 1937 39 26 at
1735 1930 106 40 least,
1866 1929 94 34 from
1980 1928 174 45 escaping
2169 1935 123 24 across
2307 1923 63 34 the
2386 1923 198 44 Pyrenees,
2610 1922 71 34 and
2701 1926 37 30 to
2756 1923 87 45 give
2858 1926 156 35 Austria

1680 1995 102 26 some
1798 1985 155 44 opinion
1981 1983 43 34 of
2036 1994 69 22 our
2134 1982 136 44 vigour
2287 1980 69 34 and
2385 1977 226 44 friendship,
2637 1978 188 35 detached
2852 1982 60 34 Sir
2928 1983 58 35 AR-

1682 2052 125 27 THUR
1840 2041 100 34 WEL
1951 2048 162 26 LESLEY
2137 2044 40 27 to
2206 2036 85 35 take
2310 2036 83 33 that
2409 2036 208 44 gentleman
2636 2035 69 33 and
2722 2037 53 32 his
2793 2046 113 38 party
2936 2042 63 44 pri-

1683 2109 145 30 soner,.;
1854 2099 84 33 that
1957 2098 87 44 they
2063 2095 119 45 Height
2200 2100 64 28 not
2278 2094 78 33 also
2373 2093 107 34 assist
2493 2101 70 25 one
2580 2093 76 44 day
2675 2093 33 33 in
2725 2095 295 48 overwhelming

1688 2156 168 33 Austria.

1740 2233 259 44 Extravagant
2026 2242 37 22 as
2081 2230 72 33 this
2167 2230 85 34 idea
2268 2238 85 35 may
2369 2237 161 37 appear,
2557 2237 59 25 we
2630 2237 66 25 can
2713 2230 119 43 acsign
2848 2242 47 25 no
2913 2232 64 34 oth
3002 2242 24 26 r

1690 2301 128 25 reason
1846 2289 60 34 fur
1935 2289 61 33 the
2019 2289 155 33 conduct
2205 2297 69 24 our
2304 2288 247 32 Government
2565 2285 201 45 displayed
2790 2289 133 43 during
2941 2291 83 34 that

1691 2347 211 47 propitious
1922 2344 171 35 interval.
2146 2343 149 35 Instead
2311 2342 44 34 of
2367 2341 163 45 landing,
2552 2353 39 21 as
2617 2350 89 25 near
2722 2353 39 25 as
2781 2346 177 43 possible,
2986 2354 43 27 to

1694 2406 61 33 the
1767 2413 100 26 scene
1886 2402 46 34 of
1943 2402 139 40 action,
2108 2412 24 24 a
2154 2401 175 33 sufficient
2341 2409 106 33 army
2465 2405 39 27 to
2523 2396 168 45 dislodge
2708 2400 61 33 the
2786 2411 131 34 enemy
2930 2402 97 37 froto

1694 2461 64 35 the
1788 2460 118 40 Ebro,
1933 2458 139 34 instead
2102 2457 45 34 of
2170 2458 167 43 securing
2366 2454 231 45 Pampeluna
2620 2456 70 33 and
2713 2457 222 40 Barcelona.
2956 2460 78 35 and

1696 2518 81 35 thus
1794 2525 142 37 oppose
1958 2516 132 34 almost
2113 2512 314 37 insurmountable
2445 2511 182 33 obstacles
2644 2517 38 28 to
2700 2523 45 22 au
2759 2512 174 47 invading
2943 2528 67 24 ene-

1698 2584 77 34 my,
1793 2572 87 44 they
1899 2576 79 32 sent
1996 2572 58 34 Sir
2068 2571 190 34 ARTHUR,
2283 2569 38 33 W
2363 2578 21 24 I.
2421 2576 73 26 EIL
2503 2576 56 25 EY
2584 2578 53 24 on-
2650 2577 24 24 a
2689 2569 87 38 wild
2793 2582 113 32 goose
2923 2574 111 35 chase

1698 2637 38 27 to
1759 2630 196 44 Portugal,
1974 2628 124 37 where
2113 2627 45 34 he
2171 2626 65 34 fell
2257 2627 51 40 in,
2324 2626 191 39 however,
2530 2623 93 34 with
2642 2634 22 24 a
2682 2623 86 43 fox;
2793 2628 87 40 awl,
2897 2628 91 37 with
3006 2641 26 26 a

1700 2687 163 44 modesty
1893 2686 169 45 peculiar
2089 2689 39 30 to
2164 2682 250 35 trauscendant
2441 2680 124 43 merit,
2595 2680 137 34 instead
2760 2682 48 34 of
2830 2687 210 46 consulting

1703 2745 99 33 their
1819 2754 85 24 own
1910 2741 193 46 judgment
2121 2751 46 22 on
2186 2740 64 33 the
2270 2745 90 27 most
2379 2737 202 44 expedient
2600 2746 119 25 means
2735 2739 45 32 of
2790 2743 175 46 carrying
2989 2754 53 24 otr

1703 2802 63 34 the
1781 2810 79 25 war
1880 2799 91 34 with
1995 2799 131 44 vigour
2139 2797 72 34 and
2228 2804 152 33 success,
2405 2793 119 45 apply
2552 2793 58 33 for
2630 2793 241 39 information
2883 2798 70 35 and
2970 2802 46 33 ad-

1706 2858 81 33 vice
1807 2863 38 28 to
1860 2868 26 24 a
1906 2856 119 34 Junta
2049 2854 198 46 composed
2275 2851 43 34 of
2343 2852 182 43 ignorant,
2552 2856 39 27 at
2623 2850 94 33 least
2739 2851 306 48 inexpeAenced„

1708 2924 94 30 men,
1828 2914 162 44 residing
2008 2913 34 34 in
2057 2922 24 24 a
2095 2915 142 31 remote
2254 2919 129 25 corner
2401 2908 44 33 of
2461 2908 63 33 the
2546 2908 217 34 Peninsula!
2818 2910 226 39 Admirable

1714 2967 579 46 Politicians!—incomparable
2328 2965 165 43 modesty
2510 2962 9 34 !
2572 2962 100 34 How
2714 2965 222 46 deplorable
2970 2970 78 35 and

1710 3026 220 45 mortifying
1945 3026 28 33 it
1996 3026 28 33 is
2041 3025 80 33 that
2137 3034 40 24 so
2196 3022 104 35 much
2320 3024 122 33 virtue
2459 3020 69 34 and
2546 3020 128 44 genius
2689 3020 131 37 should
2841 3025 96 37 have
2955 3026 97 38 been

1710 3097 39 20 so
1768 3084 141 45 cruelly
1926 3080 280 46 disappointed.
2258 3078 118 35 These
2394 3087 94 24 were
2507 3078 126 45 partly
2650 3077 61 33 the
2730 3090 110 24 cause
2856 3080 46 37 of
2915 3080 61 38 the
2992 3093 65 26 re..

1716 3152 117 24 vernes
1851 3139 43 34 of
1909 3139 63 34 the
1991 3138 215 45 Spaniards.
2261 3137 109 33 Want
2388 3135 44 34 of
2445 3136 84 44 plan
2548 3135 69 33 awl
2636 3133 100 35 fixed
2757 3137 130 45 object
2910 3150 46 25 on
2982 3151 73 25 our

1717 3203 99 41 part,
1844 3197 200 44 ignorance
2060 3195 44 33 of
2117 3195 61 33 the
2199 3193 74 35 real
2301 3202 197 30 res:nirces,
2519 3190 195 35 character
2730 3195 71 33 and
2819 3198 171 33 numbers
3015 3197 44 35 of

1717 3256 61 33 the
1795 3263 148 33 enemy,
1967 3262 25 25 a
2010 3252 231 43 vacillating,
2258 3248 157 46 puerile,
2433 3247 269 44 contemptible
2720 3252 151 44 policy,
2900 3253 155 35 marked

1690 3302 1 44 '
1717 3312 51 34 all
1799 3311 100 34 their
1916 3317 182 27 measures
2115 3306 99 34 since
2229 3306 61 34 the
2308 3307 308 32 commencement
2641 3302 45 34 of
2699 3315 69 24 our
2783 3307 162 37 alliance
2966 3309 93 35 with

1717 3367 137 46 Spain;
1881 3365 71 35 and
1971 3363 150 45 nothing
2140 3373 77 24 was
2238 3359 223 47 performed,
2486 3359 149 45 worthy
2656 3360 43 34 of
2713 3363 72 33 this
2800 3371 176 40 country,
2995 3366 67 35 her

1721 3435 120 34 army,
1867 3422 69 34 her
1954 3430 112 34 navy,
2092 3419 72 34 and
2189 3419 132 33 almost
2339 3416 279 35 inexhatoible
2634 3422 203 44 pecuniary
2858 3431 203 26 resourtes.

1723 3482 79 34 The
1821 3480 164 35 fortunes
2004 3476 44 35 of
2063 3476 130 45 Spain,
2212 3475 45 34 of
2269 3476 117 33 Great
2409 3474 163 40 Britain,
2608 3474 41 34 of
2666 3476 61 34 the
2746 3478 183 43 universe,
2965 3490 103 27 were

1723 3534 165 39 confided
1907 3541 43 28 to
1967 3543 89 35 very
2076 3534 107 33 weak
2204 3531 67 34 and
2303 3542 86 33 very
2413 3531 252 43 incompetent
2696 3533 129 38 haudit.
2878 3534 81 37 The
2981 3547 73 37 pro-

1728 3594 138 47 pitious
1898 3591 249 47 opportunity
2165 3600 74 25 tvas
2257 3587 257 45 disregarded;
2545 3588 70 34 and
2648 3588 61 33 the
2895 3593 177 45 cheering

1727 3652 124 33 shouts
1879 3648 45 35 of
1949 3646 178 41 freedom,
2153 3645 138 35 wafted
2320 3646 113 44 along
2447 3645 61 34 the
2528 3645 128 34 shores
2669 3645 46 34 of
2727 3646 60 34 the
2812 3648 168 35 Atlantic
2998 3650 74 34 and

1729 3719 39 24 so
1780 3706 195 46 congenial
2010 3710 35 28 to
2079 3704 65 34 the
2170 3703 152 45 feelings
2356 3702 46 34 of
2427 3703 256 43 Englishmen,
2713 3715 94 24 were
2843 3704 126 38 stifled
3002 3706 72 34 and

1730 3763 182 38 deadened
1932 3765 35 32 in
1996 3762 60 35 the
2088 3762 130 45 damp,
2248 3758 200 45 unfeeling,
2476 3763 263 44 unresponsive
2765 3763 144 37 breasts
2940 3763 45 37 of
3006 3774 77 27 our

1734 3821 206 37 Ministers.

1926 3952 393 39 INTERCEPTED
2350 3952 544 39 CORRESPOND-ENCE..

1783 4025 274 39 SARAGOSSA,
2087 4020 104 35 Dt:c.
2228 4019 196 37 31.—Our
2453 4020 164 34 Gazette
2649 4018 45 37 of
2714 4019 73 37 this
2813 4022 79 44 day
2919 4023 169 37 contains

1736 4074 125 46 copies
1880 4071 45 35 of
1945 4069 142 37 several
2107 4070 144 40 letteri,
2284 4067 111 35 fottml
2424 4078 135 33 among
2583 4069 215 45 di‘patches
2826 4068 194 39 addressed
3048 4077 47 31 to.

1741 4121 230 45 Boottparte,
1984 4117 71 37 arid
2070 4116 226 47 intercepted
2313 4128 44 22 oa
2379 4116 98 34 their
2499 4126 84 35 way
2604 4115 96 37 frost►
2718 4115 115 39 Parit
2845 4123 39 31 to
2902 4119 58 35 his
2976 4120 120 34 head—

1736 4174 183 43 quarters.

3433 123 47 149 I

3404 3537 69 27 ':,

3465 3605 8 8 ''
