3484 4417
1133 89 143 51 THE
1310 89 376 51 NATIONAL
1726 84 376 52 REGISTER.

711 215 11 4 _
974 213 6 6 .
1122 213 5 6 .

241 231 30 37 it
292 231 118 46 might
429 231 48 35 be
489 228 156 43 sa.—Q.
674 230 61 34 Do
756 240 73 35 you
843 230 175 35 recollect
1030 236 40 28 to
1090 230 94 34 have
1196 236 72 28 sent
1281 241 73 24 any
1372 239 155 33 message
1545 235 37 24 to

242 281 135 46 Tonyn
411 280 51 44 by
497 279 145 34 Bandon
656 278 13 33 ?
723 278 52 35 A.
808 278 37 34 It
878 279 31 33 is
925 289 37 22 so
990 279 85 44 long
1101 288 87 33 ago,
1213 279 80 33 that
1322 278 19 33 I
1374 275 94 34 can't
1500 285 67 34 !)er-

240 326 122 45 fectly
394 324 267 39 recollect.--4
694 325 50 38 do
785 333 66 27 not
891 325 109 37 think
1046 325 22 37 I
1115 325 64 34 did
1218 325 84 35 send
1343 335 70 34 any
1457 324 124 37 letier,

242 376 69 34 but
331 376 19 35 I
373 374 79 34 will
472 379 64 30 net
565 373 118 47 speik
722 370 319 48 positively--Q.
1070 373 53 34 As
1156 383 71 35 you
1246 383 63 33 say
1328 381 74 35 you
1424 381 94 24 wery
1546 381 37 20 .o

244 423 174 34 cautious
449 422 37 34 in
506 422 149 45 putting
680 430 73 37 any
775 431 135 35 papers
928 428 61 26 out
1016 420 44 35 of
1075 429 96 38 your
1193 419 123 41 hands,
1342 419 50 34 do
1420 429 72 34 you

247 471 180 35 recollect
442 469 152 45 sentUng
611 480 25 25 a
659 477 119 37 paper
794 474 38 30 to
848 468 161 45 Caplan)
1026 469 132 44 Tonyn
1175 468 50 33 by
1238 468 60 33 the
1315 467 110 34 hands
1440 464 44 34 of
1498 467 65 31 San-

247 519 74 34 don
337 517 14 34 ?
405 519 50 34 A.
487 517 43 35 If
550 528 72 34 you
656 526 105 26 mean
774 522 40 28 to
831 516 180 34 insinuate
1029 516 30 35 it
1089 526 73 24 wa;
1178 515 58 34 the
1258 514 112 35 Duke
1385 511 44 35 of
1444 511 143 35 York's

247 565 131 41 letter,
407 565 18 35 I
459 574 111 25 never
591 565 181 40 did.—Q.
800 565 78 34 Are
906 573 74 37 you
1009 565 143 32 certain
1179 572 73 34 you
1276 570 109 26 never
1419 565 65 40 put
1515 569 67 22 atm

250 619 124 40 paper
403 614 77 33 into
515 609 177 39 Sandon's
726 611 126 43 hands,
879 611 223 45 purporting
1123 617 39 30 to
1180 612 44 32 he
1239 620 22 22 a
1277 609 110 35 letter
1411 608 97 34 from
1526 607 61 33 the

253 658 117 39 Duke
386 661 44 34 of
446 659 111 37 York
574 660 17 33 ?
643 658 48 37 A.
722 658 97 37 lam
835 658 143 37 certain
989 657 45 35 of
1046 658 46 40 it,
1107 664 138 38 except
1260 656 131 46 lately,
1415 656 69 34 and
1502 664 86 25 once

249 720 41 22 or
317 707 178 37 a'former
509 707 172 35 oetasion
699 713 39 28 to
757 707 71 34 Mr.
852 705 287 41 Manners.---Q.
1165 704 72 37 Did
1256 715 72 33 you
1345 713 87 25 ever
1449 702 139 37 receive

252 767 74 35 any
343 754 86 38 note
442 755 93 35 from
549 755 66 34 the
626 750 122 40 'Duke
763 764 46 24 on
831 754 65 34 the
909 752 138 46 subject
1076 754 45 32 of
1133 754 110 44 Capt.
1261 750 164 46 Tonyn's
1444 759 120 35 promo-

253 806 83 33 tion
351 804 14 34 ?
419 803 50 35 A.
501 804 18 34 I
544 814 77 24 saw
638 803 57 35 his
716 802 124 46 Royal
872 801 182 45 Highness
1076 811 111 33 every
1206 800 70 45 day
1292 811 11 30 ;
1331 798 104 34 there
1454 808 73 24 was
1545 810 45 22 no

255 853 174 34 occasion
455 852 60 34 for
535 857 104 28 notes
667 852 144 45 passing
844 850 165 33 between
1025 860 37 24 us
1108 846 136 47 except
1273 846 105 34 when
1397 846 41 34 he
1462 856 72 22 was
1556 847 34 32 iu

257 899 66 35 the
334 898 171 45 country.
549 896 15 38 I
583 896 64 37 did
666 896 64 35 nut
748 896 146 35 receive
906 907 70 35 any
994 873 86 60 nob;
1098 906 45 24 on
1162 894 80 35 that
1256 893 144 47 sithject
1419 894 91 33 from
1531 893 61 35 the

260 945 220 43 Duke.--Q.
495 944 92 40 You
602 946 116 35 stated
737 946 83 34 that
839 956 73 33 you
924 943 69 35 had
1004 943 110 46 given
1131 944 123 33 letters
1267 948 37 27 to
1323 943 71 33 Mr.
1411 941 182 40 Manners,

257 994 105 34 were
379 994 104 34 these
497 994 34 33 in
552 994 64 33 the
630 984 265 54 hand-writing
911 991 44 37 of
960 992 60 34 the
1036 990 141 37 Duke?
1205 991 48 33 A.
1272 984 106 50 'Phey
1394 989 196 39 were---Q.

261 1042 47 35 In
321 1054 25 22 a
360 1041 138 35 former
513 1050 162 34 answer,
702 1044 72 41 you
789 1041 120 45 spoke
926 1050 39 24 as
989 1046 39 26 to
1041 1049 25 24 a
1082 1038 180 45 supposed
1277 1036 220 35 insinuation
1517 1036 77 34 that

261 1090 63 34 the
348 1098 118 37 paper
483 1100 74 25 was
568 1098 25 25 a
605 1089 112 35 letter
726 1087 103 52 !rani
840 1088 65 34 the
935 1087 110 37 Duke
1064 1085 45 34 of
1119 1083 116 41 York
1248 1085 13 33 ?
1291 1085 85 33 how
1393 1094 100 25 came
1512 1084 26 33 it
1557 1089 37 28 to

262 1147 113 27 occur
389 1144 44 27 to
451 1147 74 35 you
552 1136 83 35 that
648 1133 32 39 sm
680 1133 17 39 .
699 1136 25 46 y
741 1134 89 38 each
844 1135 106 47 thing
965 1133 131 37 should
1117 1133 92 34 have
1220 1131 2 51 •
1237 1133 89 35 been
1346 1131 197 34 insinuated
1558 1141 40 24 as

263 1186 139 44 laving
420 1185 91 35 been
529 1183 112 46 given
656 1183 41 48 by
697 1183 21 48 .
726 1193 77 38 you
819 1189 44 31 to
875 1183 159 46 Captain
1054 1181 150 46 Stmdon
1217 1180 13 35 ?
1258 1181 50 34 A.
1333 1178 24 39 I
1370 1178 102 35 don't
1491 1178 105 35 think

263 1233 31 35 It
309 1234 48 40 ts,
393 1233 24 38 I
436 1243 63 25 am
514 1233 136 35 almost
671 1238 84 32 sure
772 1231 32 38 It
820 1231 33 35 is
867 1237 64 30 not
948 1243 13 27 ;
989 1230 164 46 perhaps
1179 1220 44 43 be
1239 1237 83 35 may
1341 1227 92 34 have
1453 1225 144 35 written

263 1281 91 34 such
371 1291 24 24 a
407 1281 115 33 letter
539 1276 242 46 himself-42.
804 1277 113 37 What
945 1278 148 37 interest
1113 1276 74 37 had
1212 1269 144 41 Sandon
1381 1276 35 32 in
1442 1273 61 34 the
1520 1281 39 26 w-

265 1333 80 30 ren
361 1328 45 37 of
418 1328 335 45 thisaegodatioti
765 1326 91 40 with
870 1325 159 45 Captain
1046 1323 148 47 Tonyn.
1239 1324 17 34 I
1276 1332 104 25 mean
1397 1322 198 45 pecuniary

267 1375 135 48 peat,
419 1384 66 35 per
498 1384 170 38 centage,
683 1383 47 27 or
742 1380 72 39 any
831 1374 115 45 thing
956 1364 45 41 of
1013 1372 80 34 that
1114 1370 87 38 kind
1214 1370 14 34 ?
1278 1369 50 37 A.
1359 1370 13 35 1
1394 1369 142 33 believe
1556 1368 44 33 he

268 1423 78 35 was
366 1431 39 26 to
431 1424 93 33 have
550 1429 102 31 some
677 1422 206 48 pecatatary
911 1420 224 45 advantage,
1165 1416 138 47 though
1332 1416 17 37 1
1368 1414 102 38 don't
1491 1415 107 37 know

269 1470 106 37 what
396 1473 28 33 it
445 1481 91 26 was.

320 1522 77 45 Mr.
433 1527 133 51 Brit);
594 1530 87 37 who
707 1531 117 45 keeps
857 1526 233 52 Slalghter's
1119 1525 272 43 Coffee-house,
1415 1535 78 22 was
1518 1522 86 35 then

269 1580 124 34 called
415 1580 35 34 in
467 1591 13 30 ;
507 1574 100 51 Upon
627 1574 124 39 Which
774 1577 87 38 Mrs.
883 1572 142 40 Clarke
1043 1573 141 46 begr,ed
1217 1581 35 26 to
1286 1574 46 33 be
1354 1572 193 45 permitted
1565 1578 38 28 to

270 1628 223 43 withdraw,
511 1624 137 48 asking
666 1620 35 41 if
706 1626 63 33 the
785 1625 222 44 Committee
1019 1623 110 35 couli
1147 1620 169 35 examine
1331 1626 76 27 two
1424 1620 181 33 witnesses

270 1682 40 30 at
331 1677 65 33 the
413 1684 99 25 same
529 1670 105 41 time.
699 1669 94 40 This
815 1677 150 41 request
985 1680 76 26 was
1093 1674 78 33 not,
1202 1670 187 38 however,
1417 1667 187 45 complied

270 1724 116 39 with,
406 1722 70 35 and
490 1721 67 37 the
569 1719 374 46 CilANcst.t.on.of
965 1719 64 35 the
1049 1719 282 39 Elcasquen
1362 1724 79 27 rose
1468 1721 37 27 to
1522 1714 83 40 ask,

275 1770 104 39 Dots
402 1770 71 34 Mr.
496 1767 94 37 Reid
604 1768 24 35 -
627 1768 94 35 know
742 1760 64 43 the
828 1767 148 35 witness
991 1770 40 31 at
1057 1765 69 34 the
1135 1755 69 44 bar
1252 1765 47 39 Q.
1332 1761 73 35 Did
1423 1763 65 32 she
1504 1772 104 24 come
1622 1755 1 54 •

272 1822 44 32 to
335 1817 96 46 Your
452 1819 110 33 house
591 1817 116 34 under
736 1817 65 32 the
835 1824 107 25 name
958 1812 44 35 of
1028 1807 158 40 nowler
1199 1812 14 33 ?
1265 1811 52 34 A.
1346 1809 260 45 Yes.—(Mrs.

275 1866 162 40 Clarke,
510 1864 19 35 I
544 1873 113 25 never
676 1863 128 45 passed
817 1860 138 47 myself
969 1852 113 44 under
1096 1859 81 35 that
1193 1854 119 44 name,
1332 1857 189 41 whatever
1535 1857 73 33 this

274 1924 83 24 man
376 1912 120 45 might
514 1912 109 33 think
635 1920 143 39 prorr
806 1915 39 28 to
861 1909 74 37 call
1200 1900 74 41 Did
1291 1915 77 37 you
1384 1903 145 35 address
1547 1904 64 34 her

273 1959 149 38 asi‘lrs.
446 1959 183 34 Dowler?
681 1958 54 34 A.
764 1958 18 34 I
802 1958 145 43 always

961 1955 136 47 _spoke
1113 1954 45 34 of
1173 1952 65 34 her
1253 1962 41 24 as
1320 1954 91 32 Mrs.
1441 1951 167 35 Dowler.

275 2009 51 40 Q.
357 2008 76 35 Did
450 2008 64 34 she
542 2016 145 25 answer
705 2011 39 28 to
771 2004 81 35 that
878 2003 145 37 address
1038 2002 15 34 ?
1108 2001 48 35 A.
1187 2002 18 34 I
1230 1998 216 37 understood
1463 2010 53 22 so.

327 2070 60 45 By
415 2070 74 40 mr.
517 2067 288 40 BARING.—Q.
839 2066 73 34 Did
932 2076 70 33 you
1022 2062 146 35 believe
1196 2062 63 34 her
1276 2068 39 28 to
1333 2061 47 34 be
1398 2061 157 34 married
1576 2068 37 27 to

276 2115 80 37 7.%tr.
377 2117 184 35 Dowler?
617 2117 48 33 A.
690 2117 18 33 I
724 2125 110 24 never
852 2112 158 37 doubted
1032 2112 144 38 it.—Q.
1200 2109 133 33 Would
1354 2119 72 34 you
1440 2115 60 27 not
1522 2109 92 37 have

278 2165 93 34 heen
389 2165 125 34 afraid
547 2163 45 37 of
604 2164 198 43 admitting
836 2161 66 34 her
928 2160 31 34 if
987 2170 72 33 you
1090 2157 156 44 thought
1261 2157 64 35 she
1346 2167 73 24 was
1439 2164 61 26 not
1522 2157 87 33 Mrs.

281 2213 163 38 Dow.ler
457 2213 14 32 ?
524 2211 50 38 A.
602 2212 105 34 Good
729 2210 79 33 God
826 2207 8 35 !
883 2207 18 34 I
922 2206 126 34 should
1084 2212 60 27 not
1181 2205 91 34 have
1303 2204 159 44 thought
1478 2204 45 34 of
1543 2215 71 33 any

279 2259 107 43 thing
403 2259 45 33 of
464 2259 61 34 the
543 2258 207 40 kind.—Q.
780 2255 58 45 By
861 2257 119 32 whom
1003 2264 73 24 was
1093 2254 65 32 she
1176 2252 113 34 called
1315 2254 91 32 Mrs.
1431 2252 182 33 Dowler?

283 2309 50 34 A.
369 2309 124 43 Every
524 2317 133 34 person
689 2306 83 33 that
796 2303 115 35 asked
934 2301 58 35 for
1020 2302 69 33 her
1119 2300 119 35 called
1270 2298 69 34 her
1559 2300 56 45 By

282 2356 126 32 whom
426 2354 63 34 did
519 2363 76 33 you
612 2352 222 35 understand
867 2350 66 34 her
961 2356 37 27 to
1026 2349 46 34 be
1091 2359 39 24 so
1144 2348 13 34 ?
1212 2347 46 37 A.
1280 2347 59 46 By
1361 2347 74 34 Mr.
1460 2348 157 34 Dowler

283 2401 155 35 himself
450 2401 141 43 calling
608 2400 65 34 her
689 2409 56 24 so.

333 2464 77 34 Mr.
432 2461 266 35 BERESVORD
719 2459 138 34 wished
879 2463 38 31 to
944 2463 65 41 put
1037 2469 24 24 a
1088 2456 74 37 few
1191 2456 185 47 questions
1406 2461 38 28 to
1476 2467 45 24 an
1541 2458 53 34 Ho-

282 2510 183 38 pourable
497 2510 167 33 Member
698 2507 94 45 (Mr.
827 2505 294 41 Wardle).---Q.
1169 2505 76 34 Tins
1277 2504 64 34 the
1377 2504 243 37 Honourable

283 2559 220 33 Gentleman
522 2556 78 34 laid
609 2559 20 41 -
630 2559 85 41 upon
733 2554 65 35 the
817 2554 104 34 table
948 2554 43 33 of
1004 2554 64 34 the
1091 2554 220 33 Committee
1328 2552 52 33 all
1400 2551 64 34 the
1480 2559 120 26 Corres-

283 2607 191 45 pondence
498 2604 81 34 that
598 2602 128 46 passed
745 2603 170 34 between
934 2601 72 34 him
1020 2601 71 33 and
1119 2601 86 33 Mrs.
1224 2598 142 37 Clarke
1381 2600 12 32 ?
1447 2601 47 34 A.
1532 2601 69 34 Cer-

285 2654 123 43 tainly
425 2653 167 40 not-..Q.
617 2652 107 34 Have
741 2660 73 35 you
830 2660 73 34 any
924 2647 190 46 objection
1135 2655 35 26 to
1193 2648 157 43 produce
1367 2647 25 33 it
1411 2646 12 34 ?
1479 2649 50 33 A.
1552 2648 47 34 As-

283 2701 151 45 suredly
458 2700 17 34 I
495 2699 194 40 have—Q.
718 2698 81 35 Has
829 2696 65 34 the
911 2695 244 35 Honourable
1172 2695 217 34 Gentleman
1406 2705 72 34 any
1496 2694 105 47 objec-

287 2750 79 33 tion
389 2753 41 28 to
449 2748 64 44 lay
530 2746 53 35 all
611 2747 61 34 the
694 2753 137 39 papers
857 2741 125 37 before
1002 2744 63 35 the
1083 2743 219 33 Committee
1324 2752 30 24 w
1367 2743 83 33 bich
1468 2743 44 33 he
1532 2745 91 33 took

285 2796 100 35 from
406 2796 90 35 Mrs.
517 2794 141 37 Clarke
676 2794 13 33 ?
743 2794 30 33 A
785 2815 11 9 .
822 2792 110 43 They
948 2802 64 25 are
1033 2791 53 34 all
1107 2802 47 24 on
1173 2791 60 33 the
1257 2789 103 35 table
1375 2789 169 46 already.

338 2859 110 33 Some
458 2857 90 35 time
561 2855 100 37 after
677 2855 64 35 the
756 2854 169 45 Serjeant
939 2854 172 34 returned
1130 2851 93 47 with
1224 2851 165 47 Captain
1409 2852 50 33 H.
1469 2854 157 41 Sandon,

286 2906 90 38 who
392 2914 80 27 was
504 2904 253 45 immediately
774 2901 123 38 called
930 2906 37 30 to
984 2901 63 35 the
1075 2901 93 44 Bar,
1191 2898 70 37 and
1277 2890 188 56 produced
1487 2902 139 35 several

283 2963 157 40 papers.

341 3014 262 47 Interrogated
637 3015 50 45 by
706 3013 63 44 the
784 3012 308 37 CrlANcrtmsa
1126 3009 45 34 of
1191 3008 64 35 the
1279 3009 353 43 EXCIXEQUER.---

291 3064 59 40 Q..
361 3064 112 37 Have
508 3073 76 35 you
604 3061 111 37 found
746 3061 64 33 the
836 3065 118 41 paper
970 3061 13 32 ?
1036 3061 50 33 A.
1129 3059 15 34 I
1182 3058 210 40 have.---Q.
1417 3060 37 32 W
1468 3061 81 32 here
1569 3059 63 34 did

293 3113 69 33 the
397 3109 148 38 witness
576 3109 72 38 find
684 3109 30 35 it
730 3107 13 34 ?
797 3107 50 35 A.
887 3107 44 34 In
961 3118 59 34 my
1054 3106 256 40 bureau.--Q.
1337 3107 112 33 What
1478 3116 65 25 are
1571 3107 63 33 the

294 3159 111 35 other
424 3169 137 37 papers
579 3158 15 34 ?
626 3157 48 35 A.
693 3156 97 35 Two
808 3155 145 48 letters,
979 3154 125 38 which
1119 3155 12 33 .
1130 3155 12 33 1
1165 3154 71 39 had
1254 3154 97 34 from
1371 3154 87 34 Mrs.
1478 3155 154 35 Clark..

293 3206 106 47 Ilere
418 3207 63 34 the
501 3207 148 35 witness
669 3206 92 34 was
761 3194 157 45 ordered
933 3208 40 30 to
989 3202 91 35 look
1106 3207 40 30 at
1165 3211 67 31 one
1251 3201 44 34 of
1315 3202 64 34 the
1409 3202 223 39 letters—Q.

295 3254 80 37 Did
409 3254 84 34 that
523 3263 123 35 paper
678 3261 107 26 come
817 3244 98 40 from
948 3252 91 39 Mrs.
1058 3249 165 43 Clarke.?
1277 3250 50 33 A.
1348 3249 198 40 Yes—Q..
1561 3249 72 34 Did

296 3313 77 37 you
398 3302 90 37 take
506 3301 30 34 it
553 3300 96 37 from
667 3296 70 41 her
762 3296 118 51 hands
893 3298 122 35 ?-.A.
1039 3298 17 35 I
1076 3296 96 39 did..
1209 3296 79 35 The
1316 3296 113 35 letter
1455 3308 74 24 was
1553 3296 83 34 then

292 3348 97 38 read
403 3356 43 30 at
463 3348 63 35 the
544 3343 128 41 table:
705 3350 39 34 It
759 3357 77 25 was
853 3346 194 47 addressed
1061 3348 40 33 to
1121 3346 50 33 G.
1192 3343 213 47 Farquhar,
1420 3345 71 35 and
1509 3345 118 35 stated

298 3409 41 25 as
352 3394 159 39 'follows
647 3394 21 39 I
700 3396 98 37 have
819 3394 85 46 just
935 3393 170 37 received
1137 3396 94 43 your
1247 3399 102 35 note,
1365 3392 70 35 and
1447 3393 80 34 God
1545 3393 94 34 bless

1980 239 98 25 KftS.
2105 239 74 22 CIA
2194 237 89 24 RXE
2315 237 118 25 EXAM
2447 236 122 25 iNcu.

2882 80 89 47 121

1695 289 35 33 A
1747 289 107 33 letter
1871 300 74 24 was
1977 296 66 37 put
2076 289 72 33 into
2171 289 65 32 her
2255 289 125 32 hands.
2432 285 226 41 Questioned
2683 286 52 44 by
2753 283 63 33 the
2833 282 26 33 C
2907 291 79 25 AN..

1652 346 168 25 CEl.l.ort
1860 338 41 32 of
1928 338 61 32 Ole
2022 337 117 33 Emelt
2152 335 252 40 1:u1:11.---Q.
2437 335 59 33 Do
2528 344 73 33 you
2639 332 176 34 recollect
2849 330 137 41 having

1654 394 72 22 wen
1744 384 79 34 that
1850 385 110 33 letter
1977 384 125 33 before
2119 384 11 31 ?
2186 383 86 34 Ido
2306 390 59 25 not
2387 381 175 33 recollect
2584 380 133 41 having
2733 389 84 22 seen
2836 378 43 31 it.
2933 376 51 39 Q.

1656 431 93 33 Joe:
1765 432 63 32 the
1847 433 144 32 witness
2010 431 169 33 recollect
2202 430 137 43 having
2363 439 79 22 seen
2471 439 25 21 a
2520 428 111 33 letter
2650 435 37 25 to
2708 424 164 45 Captain
2893 423 74 33 Stan-

1651 478 64 33 den
1736 490 43 21 on
1800 480 59 32 the
1876 478 138 41 st:!ject
2033 478 44 33 or
2091 477 124 45 Major
2230 476 162 35 Tonyn's
2419 476 240 43 promotion?
2717 472 50 34 A.
2794 472 77 39 No,
2895 469 93 35 Ido

1652 531 59 27 not
1731 526 170 34 recollect
1922 527 53 41 gis
1990 527 61 43 ing
2067 536 22 22 a
2109 526 123 38 letter,
2249 526 61 32 'sot
2330 526 13 32 I
2366 524 109 33 think
2513 523 13 33 I.
2543 528 96 27 must
2657 522 94 33 have
2767 519 105 33 made
2885 527 105 25 some

1652 574 306 33 comonanieation
1989 583 46 22 on
2065 573 78 32 that
2172 570 246 46 subject—Q.
2452 570 99 33 Does
2577 570 61 31 the
2670 568 146 33 witness
2839 566 151 44 always

1656 622 103 31 write
1779 620 61 33 the
1871 631 97 24 same
1988 620 93 34 hood
2098 621 12 33 ?
2164 620 45 33 A.
2245 621 13 31 1
2283 618 98 34 can't
2406 618 119 37 really
2554 627 65 32 say
2648 617 81 32 how
2773 614 15 34 l
2811 613 124 34 write.
2969 611 19 34 I

1652 669 187 43 generally
1869 670 107 32 write
2011 670 33 32 in
2070 678 24 22 a
2124 666 124 44 hurry.
2303 667 113 41 (Two
2435 665 89 32 bills
2555 660 226 47 produced.)
2831 660 48 39 Q.
2911 658 79 34 Did

1655 726 70 32 you
1749 715 106 34 write
1885 716 98 32 these
2003 716 84 32 bills
2105 715 11 32 ?
2170 716 81 31 One
2271 715 43 32 of
2336 713 94 32 them
2452 720 76 24 was
2567 711 148 32 written
2744 709 51 41 by
2828 717 58 32 my
2911 716 83 24 mo.

1655 761 81 33 titer
1750 775 9 22 ;
1792 762 15 34 I
1828 763 130 43 guided
1981 763 64 32 her
2062 761 104 34 hand.
2220 762 45 37 Q.
2301 761 157 32 Witness
2490 759 85 33 then
2608 767 120 24 means
2759 761 38 26 to
2831 764 65 32 'ay
2928 754 65 32 her

1656 810 142 33 mother
1818 810 80 33 held
1919 810 60 33 the
2001 819 69 35 pen
2091 810 102 32 when
2212 809 64 31 she
2298 813 115 27 wrote
2425 815 70 24 one
2507 803 45 35 of
2568 806 61 33 the
2648 803 85 34 bills
2748 802 13 33 ?
2818 801 47 35 A.
2894 800 98 39 Yea.,

1657 856 79 33 that
1757 867 72 24 was
1856 857 58 33 the
1932 857 145 41 general
2107 866 80 22 way
2207 869 9 21 :
2252 856 14 32 1
2302 854 67 32 had
2399 852 197 43 authority
2619 857 38 27 to
2675 852 104 32 draw
2813 849 85 33 hills
2915 847 77 34 this

1661 914 79 33 way
1768 904 35 33 in
1831 915 57 33 my
1917 902 175 34 mother's
2117 914 116 21 mate.
2290 904 45 37 Q.
2369 901 73 33 Did
2473 900 145 32 witness
2648 898 107 34 write
2781 895 102 34 those
2908 894 89 33 bills

1659 951 183 44 produced
1856 952 13 32 ?
1923 951 48 34 A.
2006 951 12 33 I
2057 957 113 27 wrote
2205 960 86 28 one,
2333 948 63 33 but
2427 952 135 28 cannot
2598 956 63 33 say
2704 944 137 33 which.
2897 940 40 35 If
2961 940 34 35 'I

1659 997 67 35 had
1747 999 155 41 thought
1922 999 17 34 I
1963 998 70 34 had
2061 999 87 32 been
2167 997 113 43 doing
2310 1006 139 30 wrong,
2485 994 13 33 I
2524 993 131 33 should
2683 992 93 32 have
2803 992 109 31 burnt
2935 989 65 33 the

1659 1046 185 39 hills---Q.
1885 1046 72 33 Did
1996 1046 90 32 Mrs.
2117 1044 139 34 Clarke
2283 1054 87 22 ever
2396 1043 146 33 imitate
2570 1042 63 32 the
2660 1037 267 40 hand-writing
2960 1035 44 34 of

1659 1104 70 33 any
1749 1102 128 34 person
1894 1094 13 33 ?
1961 1093 51 37 A.
2040 1093 14 33 I
2076 1102 105 24 never
2211 1093 107 32 made
2347 1101 22 22 a
2398 1089 97 44 good
2523 1087 187 37 imitation
2726 1100 11 27 ;
2776 1085 13 33 l
2824 1085 91 32 have
2931 1094 44 21 en-

1659 1140 222 40 deavoured,
1907 1152 132 32 among
2057 1139 150 38 friends,
2236 1144 39 26 to
2304 1139 141 32 imitate
2467 1136 164 43 writing.
2688 1134 17 33 I
2728 1135 93 32 have
2838 1139 38 26 at
2897 1131 105 33 times

1662 1191 93 31 tried
1770 1195 38 26 to
1826 1191 105 32 write
1946 1188 79 33 like
2040 1188 60 32 the
2120 1187 111 33 Duke
2245 1186 45 32 of
2301 1185 215 38 York---Q.
2537 1183 43 33 In
2602 1182 104 44 point
2724 1180 45 34 of
2783 1180 90 38 fact,
2895 1178 109 33 when

1663 1246 72 32 you
1761 1235 65 33 did
1848 1240 159 39 attempt
2041 1241 37 25 to
2108 1233 159 38 imitate,
2294 1233 60 32 did
2388 1243 73 33 you
2494 1231 151 32 succeed
2662 1230 12 32 ?
2730 1230 50 32 A.
2813 1227 14 33 I
2856 1226 45 31 do
2934 1230 66 30 not

1664 1283 128 40 know,
1824 1283 63 33 the
1909 1283 112 33 Duke
2049 1281 45 33 of
2109 1281 113 38 York
2242 1279 146 35 fancied
2412 1279 78 33 that
2520 1279 57 32 his
2598 1277 149 44 writing
2769 1285 72 21 was
2858 1273 80 34 like
2959 1272 46 37 it.

1664 1330 80 34 The
1765 1332 84 33 only
1869 1329 170 46 question
2070 1329 43 39 i,
2130 1328 172 34 whether
2335 1328 9 32 I
2368 1326 60 33 did
2448 1326 145 33 imitate
2621 1324 64 33 the
2718 1320 148 37 Duke's
2885 1319 113 39 hand,

1664 1380 67 32 and
1755 1378 14 33 I
1792 1389 58 22 am
1877 1384 61 27 not
1958 1376 141 34 certain
2118 1375 81 33 that
2228 1375 13 32 I
2275 1374 63 32 did
2357 1374 167 38 not---Q.
2552 1371 73 34 Did
2653 1381 74 34 you
2745 1380 90 25 ever
2855 1368 146 33 imitate

1664 1435 70 35 any
1755 1426 110 34 other
1881 1422 164 48 person's
2065 1422 91 34 hand
2172 1422 35 33 in
2226 1421 65 34 the
2306 1430 171 34 presence
2493 1420 41 33 Of
2616 1430 74 21 wer
2706 1419 12 33 ?
2776 1419 51 33 A.
2849 1416 18 33 I
2894 1422 113 26 never

1665 1472 79 38 did.

1714 1521 103 34 Here
1843 1519 61 34 the
1928 1519 117 34 letter
2068 1515 194 35 addressed
2296 1520 38 30 to
2362 1517 47 34 G.
2446 1513 202 45 Farquhar
2675 1522 79 25 was
2779 1512 129 34 shewn
2942 1508 65 35 the

1675 1567 157 34 witness.

1716 1615 46 39 Q.
1794 1616 59 34 Do
1872 1625 73 34 you
1978 1615 110 32 know
2119 1612 34 34 in
2171 1611 124 33 whosc
2314 1609 270 45 band-writing
2614 1607 78 34 that
2709 1607 113 33 letter
2841 1605 57 34 is?
2956 1605 48 34 A.

1674 1663 32 34 It
1726 1672 158 34 appears
1902 1667 38 28 to
1958 1662 46 32 he
2020 1661 33 32 in
2073 1659 61 34 the
2148 1657 250 38 Duke's---Q.
2422 1657 59 33 Do
2502 1667 74 33 you
2595 1661 63 28 not
2672 1655 175 34 recollect
2868 1652 149 41 having.

1671 1709 165 35 received
1864 1710 79 33 that
1964 1710 109 32 letter
2104 1707 93 33 from
2219 1707 61 32 the
2307 1706 107 33 Duke
2433 1703 45 34 of
2499 1704 110 34 York
2626 1704 13 31 ?
2693 1706 48 32 A.
2776 1702 15 33 I
2820 1711 110 22 never
2952 1710 39 21 re-

1670 1757 128 34 ceived
1825 1757 80 33 that
1922 1757 111 33 letter
2060 1754 94 34 fron.
2173 1754 64 34 the
2259 1754 124 39 Duke,
2411 1763 44 20 or
2471 1762 70 32 any
2563 1752 107 32 other
2700 1749 35 33 in
2766 1750 60 32 the
2845 1757 106 24 name
2968 1744 44 35 of

1672 1807 48 33 G.
1757 1802 315 45 Farquhar----Q.
2104 1801 58 34 Do
2193 1811 76 34 you
2306 1801 176 32 recollect
2515 1809 72 32 any
2614 1796 234 45 application
2880 1804 39 25 to
2950 1794 58 34 his

1677 1852 119 44 Royal
1817 1851 180 44 Highness
2019 1848 120 34 which
2157 1848 111 33 could
2288 1848 93 32 have
2398 1847 110 44 given
2528 1847 170 32 occasion
2717 1850 39 27 to
2776 1843 54 33 his
2854 1841 156 45 writing

1672 1900 86 34 such
1775 1910 25 24 a
1817 1900 110 33 letter
1941 1909 40 24 as
2000 1898 89 41 this,
2109 1894 120 34 which
2251 1906 136 33 sayi---

348 3508 154 38 'would
513 3517 84 26 now
617 3506 69 37 ask
702 3507 117 45 Capt.
834 3504 159 41 Sandon,
1007 3502 172 37 whether
1191 3502 80 37 Col.
1287 3502 195 52 Hamilton
1498 3503 61 37 did
1577 3509 64 30 not

291 3557 98 46 .give
407 3557 76 33 him
501 3556 64 40 the
580 3554 138 37 advise
733 3556 47 32 he
790 3554 80 35 bad
881 3552 119 35 stated
1018 3552 47 34 he
1083 3552 76 35 had
1169 3550 125 39 before
1306 3549 109 47 given
1431 3552 76 34 him
1527 3552 34 37 in
1579 3552 61 34 the

301 3609 115 31 street
444 3613 90 28 near
557 3604 73 35 the.
650 3602 143 35 British
820 3600 261 37 Cofee-house
1096 3599 14 34 ?
1157 3598 51 37 A.
1238 3598 63 37 He
1322 3599 79 41 did,
1444 3600 104 33 when
1589 3609 52 24 we

304 3663 102 26 were
437 3652 172 45 walking
641 3661 51 35 up
719 3650 61 35 the
808 3647 219 40 street---Q.
1056 3647 81 34 Are
1165 3647 61 34 the
1241 3653 148 40 •pavers
1421 3657 47 25 on
1483 3648 65 33 the
1559 3648 64 33 sub-

295 3700 83 50 ject
394 3700 44 34 of
457 3700 125 46 Major
593 3698 157 46 Tonyn?
772 3698 47 35 A.
842 3694 97 38 Yes.

346 3746 237 44 -Questioned
611 3746 47 46 by
691 3746 74 34 Mr.
783 3745 61 37 W.
869 3744 61 34 W.
948 3741 46 37 W
1000 3749 30 30 V
1036 3750 61 35 I%IN
1106 3742 126 40 r—Q.
1260 3741 113 37 Were
1391 3754 73 35 you
1481 3741 163 39 directed

304 3797 60 47 by-
389 3807 74 34 any
490 3804 133 38 person
641 3801 38 28 to
709 3795 149 35 correct
872 3791 64 35 the
959 3793 111 33 letter
1097 3798 74 35 you
1204 3790 91 35 have
1309 3796 84 30 how
1430 3791 187 45 produced
1630 3793 12 33 ?

306 3844 54 38 A.
391 3844 20 35 I
444 3854 74 25 was
550 3840 168 43 not-.Q.
750 3841 117 35 What
889 3839 138 37 motive
1041 3837 22 35 -
1063 3837 69 35 had
1154 3848 74 35 you
1258 3834 61 39 for
1350 3839 214 45 concealing
1589 3840 54 34 it?

308 3892 20 39 1
328 3892 20 39 4
348 3892 187 39 1O•motive
550 3892 214 34 whatever.

304 3933 5 54 •
356 3940 65 47 By
446 3940 163 35 General
647 3934 291 41 LoPTvs...Q.
969 3934 38 34 Is
1029 3933 70 35 the
1134 3933 144 35 witness
1302 3934 224 46 acquainted
1554 3935 91 34 with

304 3989 70 35 the
405 3987 268 45 hand-writing
690 3985 46 35 of
759 3985 93 35 Mrs.
874 3981 141 39 Clarke
1029 3981 17 34 ?
1098 3981 52 35 A.
1179 3981 39 34 It
1240 3981 86 34 does
1338 3989 63 27 not
1411 3992 144 35 appear
1569 3985 78 34 like

307 4036 69 37 ber
399 4036 184 45 writing..
605 4033 46 40 Q.
680 4033 112 35 Have
823 4043 74 25 you
917 4030 296 37 communieuttd
1237 4030 94 37 with
1361 4041 71 35 any
1452 4039 132 38 person
1602 4043 45 25 on

307 4085 69 38 the
381 4082 159 48 seilject
550 4081 46 38 of
606 4083 85 35 that
707 4071 139 45 letter?
901 4080 50 34 A.
979 4078 142 34 Never.
1167 4071 5 59 '

356 4127 85 44 no
455 4133 152 38 within
622 4127 254 43 'meant/mid
892 4131 41 34 to
948 4117 201 59 stichttow
1149 4117 22 59 s
1188 4122 39 43 io
1248 4126 165 47 muty'
1421 4126 47 39 of
1476 4126 65 38 rho
1567 4126 79 39 Ser.

280 4169 43 58 s4
322 4169 21 58 o
344 4169 86 58 4.th
581 4191 7 9 •
811 4185 7 6 •
857 4167 5 60 ,
1144 4173 12 12 4
1294 4179 19 12 11
1313 4179 11 12 ,
1363 4182 7 8 •
1431 4174 7 5 •
1524 4167 107 22 •ti

2031 1958 17 33 I
2070 1956 80 45 just
2170 1955 170 35 received
2360 1965 93 33 your
2472 1959 103 37 note,

1680 2021 151 43 Ni,,4.
1852 2020 19 35 I
1890 2020 177 35 recollect
2092 2019 151 43 nothing
2270 2017 113 34 about
2409 2017 137 38 it---Q.
2577 2017 80 33 Can
2686 2024 73 33 you
2776 2017 66 30 not
2861 2009 129 47 conjec-

1677 2078 80 27 ture
1776 2078 38 26 to
1833 2069 103 34 what
1963 2068 30 32 it
2009 2066 139 35 alludes
2169 2066 12 31 ?
2244 2065 43 34 A.
2316 2065 74 39 No,
2424 2066 15 32 I
2474 2069 151 30 cannot.
2678 2061 165 46 Captain
2868 2059 145 33 San4ion

1678 2124 92 30 must
1796 2117 92 34 have
1907 2115 111 33 taken
2036 2117 28 32 it
2082 2119 61 30 out
2161 2111 45 35 of
2220 2122 63 33 my
2306 2112 107 34 house
2434 2113 164 33 without
2617 2121 58 34 my
2698 2107 221 48 permission
2937 2105 33 34 if
2987 2106 28 33 it

1678 2176 86 26 ever
1783 2176 76 22 was
1878 2164 123 34 there,

1726 2213 80 33 The
1819 2215 306 32 CHANCELLOR
2143 2209 45 32 of
2215 2207 63 33 the
2309 2207 123 34 Excti
2446 2216 148 31 EQUER
2623 2203 197 40 observed,
2850 2202 85 34 that
2957 2200 39 34 al-

2953 2245 8 1 .
2986 2245 6 1 .

1681 2259 136 41 though
1838 2258 162 44 Captain
2031 2255 175 34 Sandon's
2232 2256 138 33 offence
2404 2255 69 32 hail
2506 2256 92 31 been
2614 2251 280 43 -considerably
2915 2248 80 33 miti-

1680 2308 105 46 gated
1806 2309 46 43 by
1885 2307 61 33 the
1980 2304 217 45 production
2218 2303 44 32 of
2290 2303 60 32 the
2372 2311 150 34 paper,
2545 2307 73 39 let
2652 2301 30 32 it
2709 2309 73 22 was
2802 2296 211 44 absolutely

1680 2366 189 32 necessary
1889 2353 79 33 that
1988 2353 44 31 he
2048 2352 129 32 Should
2198 2350 159 41 undergo
2376 2359 97 24 some
2502 2346 234 46 patishment
2756 2344 60 33 for
2833 2344 60 33 the
2913 2353 104 34 gross

1682 2401 275 47 prevarication
1991 2398 44 33 of
2060 2398 119 33 which
2222 2396 45 33 he
2296 2396 69 33 had
2399 2398 90 32 been
2516 2395 139 44 guilty.
2735 2393 60 33 Ile
2826 2389 191 35 therefote

1682 2450 128 35 moved
1828 2448 79 33 that
1937 2447 164 43 Captain
2121 2443 156 46 Huxley
2298 2443 142 34 Sandon
2460 2443 47 33 be
2525 2439 215 38 committed
2759 2444 38 28 to
2819 2438 198 45 Newgate,

1682 2498 70 35 and
1782 2498 79 32 that
1892 2494 61 33 the
1972 2494 169 43 Speaker
2159 2493 47 32 do
2226 2492 93 33 issue
2341 2492 53 31 his
2414 2496 165 28 warrant
2596 2487 268 45 accordingly;
2895 2485 123 35 which

1685 2556 76 25 was
1778 2542 132 47 agreed
1929 2548 39 28 to
1988 2552 93 21 ram.
2102 2551 78 24 con.
2233 2537 235 46 Adjourned.

2104 2680 169 50 Friday,
2301 2680 213 50 February
2541 2683 63 34 17.

2159 2758 385 25 EMBEZZLEMENT.

1737 2817 59 34 Sir
1813 2816 124 35 JOHN
1958 2813 227 35 NEWPORT
2222 2820 81 22 rose
2333 2817 37 26 to
2401 2820 107 22 move
2533 2807 64 34 for
2624 2809 106 33 leave
2748 2811 39 31 to
2802 2807 110 43 bring
2939 2807 38 33 in
3001 2818 25 24 a

1693 2867 77 34 Bill
1787 2865 56 33 for
1860 2864 154 40 making
2031 2861 64 34 the
2117 2858 300 34 Embezzlement
2435 2858 45 32 of
2507 2856 131 34 Public
2670 2856 133 43 Money
2824 2867 19 21 a
2867 2856 162 40 Felony,

1693 2911 158 35 without
1880 2910 136 34 bedetit
2033 2910 45 32 of
2100 2907 154 43 Clergy.
2307 2906 80 33 The
2402 2904 126 45 object
2546 2903 45 34 of
2606 2903 72 33 this
2704 2903 72 34 Bill
2794 2904 156 32 extends
2965 2893 65 46 the

1693 2960 213 45 operations
1922 2957 45 33 of
1980 2957 63 33 the
2067 2955 60 35 old
2154 2959 63 30 act
2246 2960 39 27 to
2317 2962 146 34 persons
2494 2952 86 44 high
2615 2952 34 32 in
2668 2950 119 40 office,
2819 2950 125 33 where
2970 2960 40 24 su-

1695 3009 126 45 perior
1835 3005 196 37 situations
2044 3004 71 37 and
2131 3004 240 33 emoluments
2393 2999 227 46 aggravated
2640 2998 61 34 the
2727 3004 132 30 nature
2876 2996 45 35 of
2936 2998 99 37 their

1694 3057 129 34 eritne,

1747 3104 119 33 Leave
1886 3111 73 24 was
1976 3100 110 45 given
2104 3103 38 31 to
2159 3097 112 45 bring
2288 3096 109 35 lathe
2417 3094 93 34 Bill.

2181 3167 123 26 DUKE
2324 3167 53 25 OF
2400 3167 141 25 YORK.

1744 3224 152 38 Colonel
1925 3223 151 35 Gordon
2093 3221 197 34 examined
2308 3220 50 45 by
2376 3219 59 33 the
2461 3220 61 33 CH
2535 3229 19 24 A
2567 3227 209 26 NCELLOR
2793 3219 45 33 of
2859 3219 66 33 the
2952 3217 89 37 Ex-

1700 3270 325 45 CHEQUER.--Q.
2055 3270 76 33 Are
2148 3279 73 35 you
2254 3267 219 44 acquainted
2493 3266 93 34 with
2617 3269 60 30 the
2713 3265 272 45 hand-writing
3002 3265 44 35 of

1702 3322 60 33 the
1785 3321 111 35 Duke
1929 3319 44 34 of
1998 3317 136 38 York?
2189 3317 48 45 A.
2272 3317 94 41 Yes,
2394 3313 304 46 perfectly.—Q.
2733 3315 184 33 Examine
2936 3315 105 32 those

1702 3376 100 27 notes
1821 3369 40 44 (a
1880 3367 150 34 number
2049 3365 43 33 of
2104 3365 124 33 letters
2246 3363 109 43 being;
2379 3363 109 41 given
2505 3369 40 26 to
2567 3361 111 40 him),
2696 3361 70 34 and
2784 3369 96 27 state
2900 3360 33 34 if
2953 3361 89 41 they

1701 3428 64 25 are
1782 3416 44 34 of
1838 3416 60 34 the
1917 3412 139 37 Duke's
2076 3412 169 43 writing?
2301 3412 48 32 A.
2368 3411 104 43 They
2494 3420 90 33 very
2606 3411 144 43 nearly,
2771 3407 126 35 indeed
2911 3409 137 35 almwt

1702 3465 170 43 exactly,
1897 3462 180 39 resemble
2095 3459 53 34 his
2169 3459 281 43 hand-writing,
2479 3459 67 33 but
2567 3458 18 34 I
2606 3464 132 28 cannot
2758 3457 206 46 positively
2976 3459 66 40 say

1706 3514 79 34 that
1802 3511 87 44 they
1907 3521 79 24 are.

1754 3559 154 37 General
1933 3556 196 41 Itrownrig
2156 3554 235 39 called.—Q.
2422 3554 77 33 Are
2517 3565 76 32 you
2628 3552 224 46 acquainted
2872 3552 93 34 with
2987 3550 61 35 the

1708 3608 113 34 Duke
1834 3606 43 34 of
1899 3604 145 37 York's
2065 3604 293 41 hand-writing?
2412 3602 47 33 A.
2492 3601 200 39 Yes.—Q.
2730 3600 104 34 Look
2870 3604 41 31 at
2943 3600 105 33 those

1706 3661 99 28 notes
1825 3654 145 45 (letters
1989 3656 65 41 put
2085 3651 74 33 into
2189 3643 56 40 his
2265 3648 143 43 hands).
2466 3650 46 33 A.
2543 3648 106 45 They
2670 3659 63 22 are
2752 3648 187 43 certainly
2957 3657 91 35 very

1706 3704 96 40 like,
1826 3702 71 34 and
1928 3702 19 35 I
1980 3700 130 33 should
2126 3699 106 33 think
2249 3699 89 43 they
2355 3707 63 25 are
2437 3697 58 34 his
2509 3696 111 41 hand,
2650 3696 91 33 with
2761 3694 65 34 the
2841 3694 207 46 exception

1707 3750 44 34 of
1770 3750 63 35 the
1859 3749 165 40 address,
2054 3746 139 41 which,
2220 3757 46 22 on
2284 3756 98 24 some
2414 3745 44 33 of
2478 3745 105 33 these
2613 3744 144 40 letters,
2785 3744 30 32 is
2846 3749 63 27 not
2933 3744 37 32 in
2989 3742 53 35 his

1709 3794 381 45 hand-writing,.—Q.
2121 3794 137 34 Would
2293 3804 72 34 you
2401 3793 96 45 obey
2515 3802 76 34 any
2624 3793 112 33 order
2764 3791 110 44 given
2906 3790 37 34 in
2976 3790 72 34 this

1710 3843 262 45 hand-writing
1988 3844 12 32 ?
2055 3843 48 34 A.
2134 3841 18 34 I
2173 3842 107 34 think
2307 3842 17 33 1
2342 3840 148 40 should,
2515 3840 66 34 the
2597 3839 249 34 resemblance

2859 3837 20 45 .
2880 3837 102 45 being
3008 3847 40 25 so

1707 3900 141 38 strong,
1871 3893 70 33 and
1959 3891 34 34 if
2009 3891 25 35 I.
2049 3889 70 34 had
2137 3900 45 24 no
2200 3900 109 24 cause
2339 3888 45 34 of
2401 3888 190 46 suspicion
2616 3892 38 30 to
2681 3886 61 34 the
2759 3891 193 39 contrary.

1756 3943 73 34 Mr.
1856 3939 172 45 Dickney
2049 3948 73 24 was
2138 3938 89 34 then
2241 3937 122 38 called
2383 3937 33 33 in
2441 3935 73 34 and
2539 3933 314 40 examined.—Q.
2877 3933 80 34 Are
3001 3941 48 27 on

1707 3999 25 24 a
1747 3984 105 39 clerk
1873 3989 34 33 in
1925 3986 64 34 the
2009 3987 112 40 house
2151 3985 45 35 of
2228 3986 148 34 Messrs.
2395 3986 130 33 Coons
2549 3984 72 34 and
2642 3981 72 34 Co.
2748 3981 159 34 hankers
2922 3980 126 35 ?-7-A.

1711 4036 183 40 Yes---Q.
1916 4033 116 44 Have_
2043 4045 72 34 you
2133 4043 190 26 ever.seeu
2342 4033 61 33 the
2424 4031 113 35 Duke
2551 4029 45 37 of
2610 4029 117 38 York
2747 4029 132 35 write?
2937 4029 52 35 A.
3013 4029 35 37 I.

1710 4081 96 38 haVe
1835 4094 83 26 seen
1954 4082 77 35 him
2057 4083 78 44 sign
2164 4081 57 34 his
2246 4090 106 28 name
2385 4090 110 34 many
2513 4078 209 40 times---Q.
2751 4077 60 33 Do
2831 4087 73 33 you
2940 4076 110 35 think

1711 4131 168 46 yourself
1891 4130 221 45 sufficiently
2130 4128 222 48 acquainted
2372 4127 91 37 with
2485 4126 56 35 his
2563 4126 123 45 Royal
2711 4122 215 46 Highness's
2942 4124 87 33 hand-

1700 4170 1 57 '
1711 4178 165 48 writiiig,
1909 4178 39 39 as
1976 4185 39 32 to
2031 4179 47 37 be
2098 4179 83 35 able
2200 4183 37 31 to
2255 4188 65 38 say
2340 4178 84 44 that
2448 4175 107 51 shotl
2556 4175 21 51 r
2577 4175 110 51 iOte,
2701 4173 31 37 is
2758 4172 38 56 kti
2824 4172 63 38 the
2909 4170 145 39 Duke's

234 94 161 52 FEB.
441 92 76 48 19.

0 0 63 154 '7

3369 746 25 30 r$

3367 772 32 26 ‘4).

3344 2176 58 65 1

3320 2871 61 71 •

3330 3214 80 142 I

3343 3787 69 65 ■

3311 3853 79 190 I
