3484 4417
256 74 96 53 120

345 131 30 20 •.

252 214 131 40 whom
390 213 37 52 le
426 213 18 52 -
444 213 37 52 77
481 213 18 52 -
498 213 246 52 Prettsitrifte
761 207 12 48 -
772 207 87 48 steTie•
860 207 12 48 —
872 207 12 48 r
883 207 26 48 ee
909 207 78 48 Stirt.
1026 215 92 40 Mrs:
1129 217 182 37 Clarke's
1325 217 193 35 evidencet
1535 216 72 37 had

252 266 97 37 been
366 276 87 33 very
471 268 189 40 deficient,
671 268 70 33 and
756 267 165 46 Captain
938 265 193 41 Sandoo's,
1142 278 40 24 as
1198 267 46 33 he
1257 266 129 35 should
1398 266 123 41 skew,
1535 265 71 35 bad

252 315 97 35 been
367 314 59 33 oul
436 327 18 13 e
509 317 128 37 -.edam.
690 314 112 35 From
883 314 118 46 Vain.
1015 313 176 37 Sandon's
1204 314 176 35 evidence
1400 314 31 33 it
1441 322 143 35 appear-

255 363 48 33 ed
322 364 79 33 that
443 361 125 46 :0..j0r
583 363 132 47 Tonyn
735 363 73 37 had
824 363 203 46 expressed
1058 363 57 37 his
1144 363 211 37 conviction
1372 360 81 34 that
1473 360 58 35 his
1547 360 40 34 fa-

254 411 89 34 ther
361 411 120 34 would
503 422 162 33 procure
680 410 58 35 for
756 412 77 34 him
848 422 25 24 a
892 410 214 48 Majority;
1134 411 65 34 but
1219 410 87 34 how
1336 409 162 45 Captain
1515 409 89 33 San.

255 458 78 35 don
455 470 46 22 )IV
501 470 15 22 .
516 470 17 22 O
561 458 43 33 t':.!
611 459 14 32 N
625 459 28 32 4.
674 458 33 33 ie
728 458 214 46 prevailing
965 468 47 25 on
1043 457 128 50 Major
1196 458 133 45 Tonyo
1362 462 38 28 to
1437 457 92 33 wait
1545 455 61 35 for

256 516 105 24 some
379 507 90 44 days
485 507 148 44 longer,
656 506 70 35 and
743 513 64 30 not
826 514 39 30 to
883 508 202 33 withdraw
1102 508 64 33 the
1194 516 132 33 money
1356 503 150 46 lodged,
1533 503 69 33 had

257 560 65 28 not
338 555 209 45 appeared.
607 555 34 33 It
661 565 77 25 was
771 555 93 33 with
900 561 144 40 respect
1069 559 39 30 to
1137 553 72 35 this
1237 553 195 45 particular
1431 553 20 45 .
1459 552 71 33 and
1550 562 37 24 es-

254 601 138 35 sential
419 601 103 46 point
539 602 81 34 that
638 601 48 35 he
702 601 72 35 had
793 601 219 37 discovered
1026 612 33 25 .a
1091 601 237 46 suppression
1346 599 41 35 of
1411 599 190 34 evidence:

257 648 159 38 Colonel
454 648 198 37 Hamilton
684 651 181 43 belonged
883 654 39 30 to
958 651 61 33 the
1057 648 165 45 Waggon
1252 648 135 44 Corps,
1414 647 37 35 in
1474 645 126 34 which

260 698 151 34 Sandon
432 706 72 26 was
520 698 84 34 also
620 710 22 22 a
661 698 180 45 Captain,
867 696 87 45 and,
980 697 45 34 of
1039 706 145 31 course,
1209 707 48 22 on
1274 700 105 28 terms
1398 693 43 35 of
1456 692 128 35 intima-

261 755 84 33 ey.•
378 745 152 35 Colonel
567 745 196 35 Hamilton
795 745 138 40 stated,
958 745 81 34 that
1068 744 162 54 Captain
1263 743 144 33 Sandon
1437 741 72 34 had
1527 739 78 35 told

262 790 80 37 him
365 803 19 20 n
469 803 21 33 y
511 793 64 34 the
591 803 98 25 same
705 793 119 37 thlins
841 794 84 34 that
951 793 44 34 he
1015 793 70 34 had
1102 801 107 35 given
1230 790 37 33 in
1284 790 174 33 evidence
1476 788 129 35 before

260 839 70 37 the
346 840 243 38 Committee,
617 841 89 34 with
720 842 60 33 the
795 842 204 45 exception
1013 840 44 34 of
1077 849 100 25 some
1204 848 91 34 very
1315 839 203 43 important
1532 836 53 34 cir-

261 898 231 26 euniqauces
531 888 126 35 which
707 888 44 34 he
793 888 76 35 had
909 888 220 46 suppressed
1152 898 12 24 :
1217 885 47 34 he
1310 886 74 32 told
1415 885 99 38 that,
1560 894 44 22 on

262 937 256 44 representing
535 940 43 30 to
596 937 86 34 Mrs.
702 938 143 34 Clarke
862 937 81 34 that
964 934 125 46 Major
1120 927 135 51 Tonyn
1283 931 163 35 doubted
1481 928 45 37 of
1541 931 65 34 her

263 981 145 46 having
426 983 177 35 influence
617 984 90 34 with
726 989 61 30 the
803 984 117 35 Duke
935 984 45 33 of
997 983 115 37 York
1130 986 40 30 to
1186 991 162 34 procure
1378 979 53 33 his
1455 989 152 37 promo.

263 1031 99 39 Lion,
390 1030 64 34 she
470 1030 79 37 said
562 1030 67 35 she
643 1031 71 35 had
726 1032 81 33 that
830 1032 194 38 influence,
1048 1030 70 34 and
1136 1038 93 34 gave
1248 1028 76 34 him
1350 1038 22 24 a
1388 1032 103 39 note,
1517 1035 69 37 pur-

262 1078 158 45 porting
446 1084 38 27 to
503 1080 46 31 be
567 1077 94 35 from
680 1078 60 34 the
771 1080 112 37 Duke
902 1080 45 33 of
967 1078 131 40 York,
1117 1076 211 44 intimating
1341 1075 87 34 that
1441 1071 165 47 Tonyn's

261 1124 169 37 business
443 1126 131 34 should
594 1127 47 34 be
669 1126 117 43 done;
815 1128 123 34 which
960 1136 76 25 was
1048 1127 129 33 shewn
1194 1129 40 27 to
1263 1122 125 46 Major
1403 1114 135 54 Tonyn
1556 1123 46 43 by

265 1173 120 44 Capt.
406 1174 158 41 Sandon,
591 1174 71 34 and
692 1175 34 33 in
743 1185 252 35 consequence
1011 1174 44 34 of
1070 1173 124 34 which
1227 1168 126 46 Major
1370 1172 132 39 Tony's'
1519 1179 64 35 sup-

262 1221 119 47 posed
400 1222 78 32 that
498 1221 45 32 he
562 1232 76 21 was
654 1222 138 32 certain
807 1221 44 33 af
865 1221 228 45 promotion.
1147 1221 115 41 Capt.
1281 1218 142 34 Sandon
1436 1218 71 35 had
1525 1218 80 34 also

263 1269 85 34 told
370 1269 87 34 Col.
471 1267 197 37 Hamilton
684 1270 78 33 that
783 1271 46 32 he
857 1270 151 33 shewed
1029 1266 128 48 Major
1183 1266 135 44 Tonyn
1333 1266 157 33 another
1504 1270 102 37 note,

262 1318 228 52 purporting
506 1317 80 33 also
606 1322 38 27 to
661 1317 44 32 be
719 1316 98 35 from
836 1316 61 35 the
930 1316 112 37 Duke
1071 1316 44 34 of
1130 1312 131 41 York,
1289 1312 70 34 and
1372 1313 137 44 stating
1522 1312 80 34 that

266 1362 132 46 Major
413 1364 130 43 Tonyn
561 1363 131 34 should
715 1364 45 33 be
790 1364 187 34 Gazetted
994 1364 81 34 that
1096 1363 117 45 night.
1269 1359 92 35 This
1370 1365 84 31 note
1474 1359 129 45 Major

262 1410 106 43 Too:
380 1423 20 21 n
431 1410 66 34 had
524 1416 80 37 got,
631 1411 64 33 but
712 1410 64 34 the
794 1410 112 37 other
927 1411 116 44 Capt.
1076 1410 143 37 Sandon
1232 1409 120 33 stated
1364 1409 84 34 that
1468 1408 45 34 he
1532 1407 70 35 had

263 1459 38 33 in
315 1459 54 35 his
389 1459 217 45 possession,
634 1460 276 44 butexpressed
930 1469 24 24 a
973 1460 91 34 wish
1084 1465 38 30 to
1139 1457 150 43 destroy
1306 1467 9 28 ;
1336 1456 61 33 but
1414 1455 86 33 Col.
1522 1455 85 34 Ha-•

262 1506 132 34 thilton
410 1507 181 43 earnestly
622 1506 191 34 diSsuaded
835 1508 74 32 him
930 1507 96 33 from
1042 1508 45 39 it,
1111 1506 72 34 and
1209 1504 151 34 advised
1388 1504 76 33 him
1485 1509 38 27 to
1535 1504 66 34 tell

259 1553 53 34 all
334 1553 45 34 he
394 1553 124 35 knew.
576 1553 73 37 Mr.
663 1554 119 34 Adam
795 1556 74 34 and
891 1556 13 33 I
918 1554 191 34 dissuaded
1123 1551 152 39 Colonel
1297 1552 191 34 Hamilton
1506 1550 96 34 from

257 1600 115 45 going
390 1606 38 27 to
461 1602 74 34 Mr.
559 1600 156 35 Lowton
746 1612 46 25 or
826 1609 39 28 to
887 1604 89 33 Mrs.
1002 1603 156 40 Clarke,
1182 1599 69 35 and
1283 1599 149 35 advised
1457 1599 78 33 him
1564 1600 39 33 to

260 1650 143 33 remain
415 1646 183 47 perfectly
617 1650 161 40 neutral,
803 1650 89 45 only
907 1651 81 33 that
1007 1651 44 32 Le
1067 1650 131 34 should
1217 1658 45 33 go
1276 1656 38 27 to
1326 1646 111 47 Capt.
1457 1645 144 37 Sandon

257 1696 76 34 and
359 1703 63 35 get
454 1707 21 22 a
500 1706 103 35 copy
635 1697 45 33 of
702 1697 64 33 the
794 1703 103 27 note.
963 1697 156 33 Colonel
1144 1696 196 35 Hamilton
1363 1694 236 45 accordingly

256 1743 161 45 applied
433 1749 37 27 to
485 1742 118 46 Capt.
633 1743 146 34 Sandon
798 1744 93 35 fora
909 1754 98 35 copy
1028 1743 45 34 of
1082 1743 65 35 the
1162 1748 103 38 note,
1283 1742 71 35 and
1369 1742 136 44 having
1518 1750 83 26 seen

257 1793 32 32 it
307 1792 105 33 when
435 1792 43 33 he
493 1793 90 31 took
607 1791 61 35 the
691 1802 117 33 copy,
835 1793 184 44 supposed
1036 1793 27 32 it
1089 1798 39 28 to
1142 1793 45 33 be
1199 1791 64 35 the
1278 1789 268 44 hand-writing
1563 1787 45 35 of

255 1839 69 33 the
344 1838 115 37 Duke
475 1837 45 37 of
540 1839 126 34 York.
718 1840 72 35 His
811 1840 124 44 Royal
959 1840 178 44 Highness
1160 1850 74 24 was
1253 1837 211 41 convinced,
1493 1838 79 32 how-

256 1896 106 30 ever,
383 1886 81 34 that
481 1886 76 33 this
573 1892 87 30 note
678 1893 90 27 must
784 1889 46 32 be
847 1898 25 24 a
893 1887 164 47 forgery,
1083 1898 40 24 as
1140 1887 47 33 he
1205 1889 72 32 had
1296 1899 45 22 no
1361 1886 237 33 recollection

256 1932 48 39 of
335 1933 163 44 writing,
526 1944 71 24 nor
625 1935 61 33 ditl
723 1936 45 32 he
802 1935 149 35 believe
984 1936 46 34 he
1061 1935 109 35 could
1198 1936 111 34 write
1338 1933 84 37 such
1456 1943 25 22 a
1498 1936 98 30 note.

257 1981 98 35 This
376 1980 123 50 passed
521 1990 45 24 on
586 1982 63 33 the
667 1984 198 43 Saturday,
891 1984 71 32 and
978 1994 46 24 on
1039 1983 60 34 the
1117 1983 197 44 following
1342 1984 73 41 (lay
1442 1980 155 37 Colonel

259 2028 203 38 Hamilton
480 2037 104 25 came
599 2036 37 27 to
666 2029 90 39 hiiu,
781 2030 73 34 and
873 2031 77 34 told
972 2030 73 34 him
1063 2031 81 32 that
1165 2029 45 37 he
1227 2030 70 33 had
1326 2040 78 24 seen
1436 2028 162 38 Sandon,

257 2076 90 33 who
376 2078 79 35 said
481 2075 46 34 he
549 2086 76 28 was
651 2083 63 28 not
731 2078 198 44 unwilling
953 2082 37 30 to
1020 2079 85 43 give
1120 2088 116 33 every
1256 2076 250 39 informzoiata,
1535 2076 61 32 but

255 2122 89 38 that
363 2124 46 37 he
429 2122 67 37 had
509 2122 197 46 destroyed
720 2126 63 34 the
801 2131 103 35 note,
933 2127 70 32 and
1022 2125 44 34 of
1080 2135 128 25 course
1226 2126 71 33 had
1313 2135 63 34 sup
1385 2122 144 47 pte..sed
1545 2124 50 33 all

252 2171 110 38 these
383 2172 282 35 circumstances
694 2171 35 35 in
765 2173 56 34 his
852 2173 191 35 evidence.
1100 2173 67 32 We
1200 2184 67 22 can
1300 2184 45 21 no
1375 2173 64 41 100,
1439 2173 15 41 ,
1454 2173 65 41 ;er,
1553 2170 43 34 of

253 2229 149 30 course,
430 2222 76 41 rely
528 2230 47 24 an
609 2218 174 39 Sandon's
797 2220 195 41 evidence,
1022 2222 67 34 but
1123 2226 92 30 must
1251 2220 96 33 have
1372 2229 170 26 recourse
1560 2223 37 28 to

252 2265 86 41 Col.
369 2267 197 38 Hamilton
591 2268 59 35 fur
674 2277 193 35 necessary
904 2268 254 35 information.
1227 2268 139 34 Should
1402 2267 63 33 the
1496 2271 99 34 note,

253 2313 193 43 however,
472 2316 46 33 be
537 2317 35 33 in
591 2315 204 40 existence,
823 2316 46 34 its
896 2316 220 46 production
1135 2320 94 31 must
1246 2316 48 33 be
1330 2315 40 34 of
1385 2315 59 33 time
1461 2319 133 28 utmost

252 2363 247 45 importance.
552 2362 104 35 Thus
683 2361 58 34 far
761 2363 44 32 he
827 2363 71 35 had
917 2363 156 44 thought
1100 2363 30 33 it
1159 2373 191 34 necessary
1367 2368 38 27 to
1422 2362 172 43 explain,

250 2409 72 37 lest
351 2412 31 32 it
406 2409 132 37 should
557 2412 48 33 be
624 2408 157 45 thought
800 2411 84 35 that
901 2412 102 32 these
1033 2409 98 35 facts
1148 2411 72 35 had
1234 2412 91 32 been
1346 2408 181 35 withheld
1546 2408 47 44 by

253 2456 94 40 him,
376 2467 45 25 or
443 2458 52 34 his
509 2457 142 37 friends
666 2466 46 26 on
731 2457 56 34 his
802 2458 81 39 side
899 2458 45 34 of
957 2458 64 34 the
1036 2457 144 45 House,
1205 2465 40 28 to
1271 2467 104 25 serve
1407 2467 72 35 any
1506 2466 66 35 par-

249 2505 145 33 ticular
413 2516 174 35 purpose.

305 2551 263 35 Examination
604 2551 45 35 of
681 2551 163 44 Captain
880 2552 159 39 Sandal),
1072 2554 51 44 by
1163 2554 74 34 Mr.
1287 2552 208 37 Pencr.va
1509 2562 85 26 1,.

252 2598 46 40 Q•
337 2598 79 38 Did
444 2610 72 38 you
534 2603 200 44 represent'
746 2607 37 27 to
816 2601 157 35 Calomel
1005 2602 195 35 Hamilton
1235 2601 64 35 the
1324 2610 96 25 same
1437 2601 136 33 circum-

248 2655 146 35 stances
422 2657 71 35 you
530 2649 94 34 have
659 2648 78 34 told
772 2649 64 34 the
872 2649 223 34 Committee
1110 2649 13 33 ?
1188 2649 48 33 A.
1270 2649 19 37 I
1326 2649 74 32 told
1437 2649 156 33 Colonel

248 2694 203 38 Hamiltou
471 2695 99 34 what
595 2695 14 33 I
630 2695 128 40 knew,
774 2696 71 34 and
866 2695 102 35 what
989 2695 18 39 1
1035 2696 94 33 have
1152 2707 83 24 now
1261 2695 117 35 stated
1393 2708 11 26 ;
1435 2695 18 34 I
1479 2695 116 33 asked

248 2740 59 35 his
308 2740 20 48 -
328 2740 144 48 advice,
490 2740 70 37 and
586 2754 15 25 s
683 2743 73 34 him
780 2744 141 44 chiefly
943 2744 98 34 what
1063 2744 17 33 I
1101 2744 220 39 knew.—Q,
1345 2740 73 39 Did
1439 2753 74 34 you
1532 2752 61 24 not

244 2793 99 32 state
363 2794 39 31 to
413 2791 66 45 Co)
485 2815 9 11 .
516 2791 197 37 Hamilton
728 2792 79 35 that
822 2792 73 33 this
913 2799 87 26 note
1020 2802 72 24 was
1111 2792 35 33 hi
1173 2792 63 33 the
1258 2791 110 35 Duke
1385 2790 46 34 of
1444 2790 150 38 York's

246 2836 286 46 band-Writing.
585 2838 52 37 A.
661 2838 15 33 I
697 2838 100 37 don't
820 2839 291 39 recollect.—Q.
1129 2839 76 35 Did
1224 2851 76 32 you
1317 2839 99 32 whew
1439 2838 74 34 him
1533 2838 61 34 the

244 2890 89 31 nets
347 2884 14 33 ?
417 2885 48 38 A.
485 2885 17 34 I
520 2885 120 44 might
659 2885 100 38 whew
780 2887 27 37 it
827 2888 74 33 him
921 2898 11 25 ;
963 2887 18 34 I
999 2887 100 33 don't
1123 2887 283 41 recollect.—Q.
1428 2887 76 34 Did
1518 2897 73 32 you

244 2933 142 45 permit
405 2930 74 38 him
498 2939 39 28 to
555 2940 91 28 tae
661 2942 27 27 tx
702 2944 97 38 copy
819 2934 47 37 of
881 2935 28 33 it
927 2935 13 33 ?
1000 2936 43 32 A.
1068 2934 77 34 Not
1162 2935 78 33 that
1264 2935 18 33 I
1307 2935 105 34 know
1435 2934 141 40 of.—Q

252 2981 86 32 Was
364 2979 74 35 this
456 2988 84 26 note
559 2991 74 34 you
648 2981 150 34 shewed
822 2982 87 35 Col.
932 2982 196 37 Hamilton
1146 2981 63 35 the
1227 2992 99 26 same
1351 2992 73 34 you
1442 2982 149 34 shewed

244 3033 40 33 to
309 3026 128 47 Major
454 3027 130 45 Tonytt
602 3030 209 45 respecting
828 3031 57 34 his
904 3030 240 46 promotion?
1196 3031 51 33 A.
1272 3030 18 35 I
1320 3030 47 33 do
1390 3034 63 28 not
1474 3030 98 34 recol-

242 3076 74 37 lect
333 3076 11 30 ?
374 3076 30 34 it
437 3084 90 28 must
552 3077 97 35 have
676 3077 92 37 been
793 3089 59 28 so,
881 3077 17 35 I
926 3078 226 40 think.—Q.
1178 3078 93 37 You
1298 3087 80 25 now
1398 3078 193 41 recollect,

244 3122 196 41 however,
465 3123 104 35 there
599 3125 30 33 is
641 3125 89 34 such
748 3135 25 26 a
802 3131 89 30 note
907 3125 14 35 ?
976 3125 51 35 A.
1059 3125 19 37 I
1109 3125 146 35 believe
1276 3125 63 34 the
1354 3130 85 28 note
1457 3125 28 34 is
1506 3125 84 33 mis-

433 3171 5 0 •

241 3171 122 39 laid.-
363 3171 19 39 -
381 3171 59 39 -Q.
474 3171 111 35 Have
615 3183 71 33 you
715 3172 141 38 looked
874 3171 61 37 for
950 3172 30 37 it
996 3174 119 43 lately
1129 3175 13 32 ?
1195 3171 50 35 A.
1279 3175 17 34 I
1318 3172 145 35 .looked
1485 3171 60 34 for
1563 3174 27 34 it

269 3217 190 45 einerdny,
483 3219 71 34 and
575 3219 61 34 the
656 3220 71 46 day
745 3220 243 46 before-44
1007 3221 253 48 toug4.)--.Q.
1286 3221 78 34 And
1384 3221 72 33 this
1480 3222 30 33 is
1528 3221 60 34 the

241 3273 89 31 nose
360 3275 72 26 you
451 3266 61 33 did
541 3274 65 27 not
635 3268 151 35 recollet
807 3276 38 25 to
876 3268 96 37 have
991 3270 91 32 been
1098 3269 37 33 in
1150 3269 216 37 existence?
1422 3268 47 33 A.
1504 3268 40 34 If
1569 3270 17 33 I

214 3314 137 46 Tentrid
373 3315 93 32 have
482 3313 113 34 (mind
625 3314 44 45 it,
698 3317 15 37 I
746 3315 125 35 would
900 3318 96 34 have
1022 3317 159 44 brought
1199 3317 145 41 it.—Q.
1372 3315 92 37 You
1495 3315 93 35 have

239 3360 97 38 dune
348 3361 53 37 all

417 3373 17 31 .
433 3361 184 43 von-could
630 3369 38 27 to
683 3363 73 37 find
774 3364 30 35 it
823 3365 14 33 ?
888 3364 54 38 A.
978 3366 20 35 I
1033 3365 209 40 have.--Q.
1269 3366 72 33 Did
1374 3374 73 33 you
1478 3374 111 25 never

237 3418 71 34 say
326 3419 74 32 you
419 3410 69 34 had
504 3410 288 45 destroyed.tlris
807 3418 89 28 note
909 3412 12 33 ?
937 3412 280 37 -A.C9l.llamil
1224 3418 63 28 ton
1303 3412 77 34 told
1393 3422 56 24 me
1466 3419 39 26 to
1522 3412 64 33 tell

236 3458 118 41 ertbry
373 3456 105 45 thing
495 3457 13 33 I
531 3458 128 40 knew,
690 3458 73 35 and
776 3464 43 32 it)
836 3461 152 44 destroy
1002 3462 156 43 nothing
1183 3462 19 35 I
1234 3461 118 44 might
1380 3459 93 34 have
1492 3462 78 33 rela-

236 3506 81 37 tive
337 3509 40 28 to
393 3503 330 47 thesullicet.—Q.
752 3506 77 38 Did
850 3508 46 34 he
908 3514 64 28 not
984 3509 66 33 tell
1071 3520 70 31 you
1160 3513 41 31 to
1219 3508 99 47 keep
1338 3508 79 34 that
1436 3517 122 35 paper
1572 3509 13 33 ?

322 3550 85 38 Aud
423 3563 113 37 every
555 3555 122 33 other.
731 3555 61 40 lie
820 3550 59 51 tor
898 3550 20 51 4
937 3550 39 51 me
993 3565 60 26 nut
1075 3562 37 28 to
1129 3556 151 45 destroy
1306 3567 22 24 a
1354 3555 112 45 single
1487 3562 98 30 note.

234 3601 100 41 ..Q.
361 3599 119 39 When
497 3601 64 34 did
587 3600 154 39 Colonel
764 3599 204 41 Hamilton
994 3605 89 35 take
1098 3615 26 25 a
1139 3614 116 34 'copy
1285 3604 45 34 of
1359 3602 79 35 that
1468 3611 87 27 note
1571 3605 14 33 ?

229 3650 60 39 ut.
320 3648 83 37 The
444 3648 72 45 day
546 3647 104 39 after
689 3651 46 35 be
767 3661 104 26 came
888 3657 59 31 •to
977 3659 117 35 town,
1120 3653 37 34 in
1192 3663 25 34 a
1244 3652 265 40 roffee.hou9e,
1552 3653 33 33 in

227 3698 403 45 tsuuthasapton•rtimr.
679 3699 45 44 Q.
757 3699 65 38 De
841 3710 73 35 you
935 3705 63 32 not
1017 3700 174 37 recollect
1208 3699 138 45 stating
1368 3705 38 28 to
1427 3699 157 35 Colonel

230 3745 206 41 Iflamiltosi
467 3746 83 33 that
581 3757 79 34 put
692 3748 126 37 would
839 3748 202 46 willingly
1074 3748 133 37 follow
1243 3749 59 33 his
1329 3749 149 39 advice,
1520 3749 66 35 but

229 3791 86 40 that
347 3793 46 33 he
428 3794 136 35 would.
583 3795 14 33 l
651 3806 100 33 •very.
765 3806 125 37 augry
915 3797 96 34 with
1045 3807 74 34 you
1146 3802 41 28 to
1206 3796 91 34 hear
1315 3797 78 33 that
1409 3807 76 34 you
1513 3795 71 35 had

230 3841 201 41 &Strayed
462 3842 28 37 it
503 3842 17 35 i
574 3842 56 37 A.
663 3843 15 34 I
698 3843 191 38 neverdid
906 3843 107 46 say./
1035 3842 72 39 had
1123 3842 197 46 destroyed
1509 3842 74 35 Did

229 3895 67 35 pot
331 3899 74 35 you
437 3888 63 39 tell
534 3888 159 39 Colonel
729 3892 202 37 Hamilton
971 3893 83 34 that
1085 3900 78 37 Sou
1198 3891 74 37 had
1297 3891 124 35 sbewu
1455 3889 129 47 llajor

230 3937 137 47 Tanyn
385 3935 159 40 another
561 3939 113 35 note?
726 3939 51 38 A.
808 3939 19 37 I
847 3940 113 35 could
976 3947 78 38 not,
1080 3941 158 34 because
1273 3940 20 38 I
1324 3940 69 34 had
1411 3944 66 30 not
1494 3950 69 25 ano-

226 3980 208 46 tlher...-Q.
461 3986 118 35 When
595 3986 64 35 did
677 3997 77 34 you
767 3997 65 27 see
848 3987 76 37 this
940 3998 120 35 paper
1078 3989 69 37 last
1170 3989 85 35 that
1272 3999 76 33 you
1364 3999 63 33 say
1450 3987 30 34 is
1496 3987 64 34 mis-

228 4033 78 41 laid
322 4033 13 33 ?
392 4033 52 35 A.
467 4032 85 38 Five
591 4045 45 26 or
652 4033 58 38 six
728 4036 97 45 days
840 4037 189 45 ag0...-Q.
1054 4036 137 37 Where
1346 4036 40 34 In
1415 4045 63 35 my
1495 4045 87 26 own

728 4084 11 2 _
809 4083 13 5 -

1078 4084 84 37 that
1178 4084 171 34 occasion
1365 4084 13 32 ?
1431 4083 51 37 A.
1504 4084 78 35 Not

226 4129 84 39 Om
330 4130 19 40 I

1111 4139 40 30 to
1168 4142 74 34 any
1261 4131 72 37 heti
1337 4142 24 34 y
1375 4131 76 37 else
1462 4131 14 34 ?
1530 4130 51 37 A.

1110 4179 45 41 A.
1178 4180 148 47 Among
1355 4188 103 31 semc
1472 4180 111 38 other

1143 74 151 52 THE
1331 73 379 54 NATIONAL
1746 73 384 56 REGISTER.

1822 141 54 14 ~~~_n

2100 4253 4 6 .
2117 4253 1 6 ,

2730 73 156 53 FEB.
2936 79 79 51 I.

1670 221 133 34 papers
1830 211 124 46 irt-my
2274 201 213 47 When-ilitt
2507 221 76 34 you
2611 213 70 33 hist
2707 217 67 38 put
2809 211 31 34 it
2863 211 35 33 in
2926 220 100 35 your

1671 262 139 32 bureau
1841 260 86 34 with
1949 270 97 34 your
2065 261 107 34 other
2186 260 165 46 papers?
2406 259 50 37 A.
2493 259 21 37 I
2532 260 148 34 believe
2699 260 70 33 five
2789 269 44 24 or
2848 260 60 35 Six
2929 259 94 45 days

1667 317 89 33 ago.
1807 307 50 35 At
1893 308 72 33 last
1993 308 65 33 the
2092 308 146 34 witness
2262 307 183 34 admitted
2476 307 84 37 that
2591 308 45 34 be
2665 307 74 34 bad
2760 307 176 35 searched
2956 307 66 33 the

1668 354 141 33 bureau
1831 354 161 35 without
2006 356 137 44 finding
2161 356 40 34 it.

1716 399 46 41 Q.
1786 402 58 45 By
1857 404 59 33 Sir
1931 404 38 35 S.
1993 404 97 34 Rost
2099 402 279 37 ILLY—What
2394 411 128 27 reason
2535 402 70 35 had
2616 413 91 33 you,
2724 403 38 34 in
2773 412 96 33 your
2881 402 144 37 former

1667 451 272 37 exiamination,
1958 458 40 26 to
2014 450 137 34 refrain
2170 450 97 34 from
2285 451 154 40 making
2457 452 138 32 known
2613 451 93 33 such
2722 461 26 24 a
2766 461 120 34 paper
2901 450 14 34 ?
2969 450 53 34 A.

1674 497 14 33 I
1708 497 157 45 thought
1887 500 27 33 it
1931 509 24 22 a
1974 501 91 41 very
2087 500 216 44 unpleasant
2317 498 265 34 circumstance
2732 497 113 35 What
2862 497 141 34 circum-

1667 552 124 27 stance
1807 546 47 33 do
1880 556 73 33 you
1972 555 104 26 mean
2098 555 74 27 was
2200 546 222 45 unpleasant
2438 547 13 32 ?
2506 548 48 33 A.
2584 547 80 34 The
2704 544 124 35 whole
2859 544 164 38 business

1672 601 77 25 was
1766 595 235 44 unpleasant,
2017 594 71 33 and
2109 594 20 35 I
2161 594 96 35 wish
2284 593 15 34 I
2321 594 71 33 had
2419 594 155 45 nothing
2601 600 40 27 to
2665 593 51 34 do
2746 592 93 35 with
2867 594 154 39 it.—Q.

1672 639 120 34 When
1811 652 72 34 you
1902 641 151 35 spewed
2069 643 157 34 Colonel
2246 640 198 38 Hamilton
2461 640 64 37 the
2541 646 104 38 note,
2673 641 65 33 did
2758 651 76 33 you
2850 640 90 35 read
2957 640 26 34 it
3001 640 18 37 I

1670 686 51 35 A.
1752 686 178 35 No.--.W
1939 689 71 35 ben
2029 689 44 34 he
2091 689 91 37 took
2200 699 26 26 a
2242 699 102 37 copy
2363 686 45 35 of
2420 689 44 44 it,
2474 689 63 35 did
2554 699 76 34 you
2646 689 90 37 read
2756 687 56 35 it?
2864 687 52 37 A.
2937 687 80 35 No.

1669 732 48 41 Q.
1747 733 100 37 How
1865 736 63 35 did
1946 748 74 33 you
2039 737 168 34 describe
2224 738 31 33 it
2272 742 38 30 to
2348 737 157 35 Colonel
2543 731 196 41 Hamilton
2756 736 14 33 ?
2822 735 48 37 A.
2903 736 14 34 I
2941 735 80 35 told

1671 783 74 33 him
1768 783 15 33 I
1808 784 70 35 bad
1894 795 26 24 a
1937 790 87 32 note
2050 784 209 46 respecting
2289 784 167 46 Captain
2481 783 165 46 Tonyn's
2681 784 338 45 promotion.---Q.

1674 829 76 33 Did
1768 842 72 33 you
1856 842 65 34 say
1942 833 53 43 by
2011 833 128 35 whom
2156 833 32 34 it
2207 842 74 26 was
2301 831 168 45 written,
2487 842 44 25 or
2557 831 35 35 if
2606 833 30 35 it
2655 842 76 25 was
2752 831 37 34 in
2815 833 61 33 the
2906 830 117 35 Duke

1667 875 45 35 of
1730 878 142 37 York's
1890 880 294 45 handwriting?
2236 880 54 37 A.
2319 881 20 33 I
2357 889 111 25 never
2485 889 76 25 saw
2583 880 57 34 his
2661 880 124 46 Royal
2804 879 219 45 Highness's

1670 924 275 48 hand-writing.
1972 927 61 34 Oa
2052 927 110 45 being
2178 927 148 37 further
2344 927 165 46 pressed,
2528 927 44 37 he
2583 927 79 37 said
2678 928 47 35 he
2740 938 113 25 never
2868 927 80 34 said
2965 937 54 28 so.

1715 973 84 35 The
1817 977 144 38 witness
1980 974 136 45 having
2130 974 193 46 evidently
2343 976 278 45 prevaricated,
2650 977 72 35 and
2739 976 214 47 appearing
2978 980 44 31 to

1667 1019 47 37 be
1727 1020 158 38 reduced
1904 1028 38 30 to
1959 1022 261 37 considerable
2233 1025 326 39 embarrassment,

1716 1068 81 35 The
1817 1071 213 34 SPEAKER
2049 1077 97 33 rose,
2159 1071 71 35 and
2249 1070 137 46 having
2404 1071 131 34 moved
2555 1071 84 34 that
2654 1070 65 34 the
2738 1071 146 35 witness
2906 1069 93 35 with-

1668 1114 123 43 draw,
1809 1117 196 41 observed,
2026 1119 80 34 that
2135 1119 104 35 there
2262 1129 77 26 was
2355 1120 90 43 ouly
2461 1129 71 25 one
2557 1129 132 24 course
2708 1119 63 34 the
2790 1120 231 37 Committee)

1668 1163 125 43 could,
1813 1178 46 22 ou
1876 1167 76 34 this
1980 1167 189 41 occasion,
2197 1176 152 37 pursue,
2368 1166 124 35 which
2515 1176 76 25 was
2622 1172 39 30 to
2692 1168 71 33 tied
2784 1168 63 33 the
2872 1167 152 34 witness

1667 1212 120 44 guilty
1806 1213 43 34 of
1860 1224 103 35 gross
1981 1214 279 45 prevarication
2276 1227 12 27 ;
2319 1214 45 34 he
2383 1213 188 35 therefore
2598 1214 149 40 moved,
2822 1214 100 34 That
2942 1214 27 33 it
2991 1214 32 35 is

1668 1258 64 34 the
1760 1260 155 45 opinion
1944 1261 48 34 of
2016 1260 64 37 the
2099 1261 226 37 Committee
2341 1260 81 38 that
2440 1261 64 34 the
2526 1263 146 33 witness
2699 1270 41 27 at
2759 1263 61 34 the
2843 1263 77 34 Bar
2949 1261 72 34 had

1668 1305 90 35 been
1770 1309 119 45 guilty
1905 1309 46 35 of
1963 1318 105 35 gross
2086 1310 279 45 prevarication
2378 1312 15 39 (
2408 1311 102 34 !Par
2525 1310 15 33 !
2561 1312 89 31 hear
2661 1309 17 33 !
2776 1311 84 34 hich
2881 1310 142 45 having

1667 1352 92 37 been
1778 1357 255 45 unanimously
2049 1357 133 43 agreed
2202 1363 56 34 to,
2282 1358 44 34 he
2352 1357 228 34 afterwards
2606 1358 151 39 moved,
2830 1358 103 33 That
2957 1358 64 37 the

1667 1400 130 40 House
1817 1403 45 35 be
1873 1406 182 41 resumed,
2065 1407 71 35 and
2147 1406 80 35 that
2241 1406 65 35 the
2321 1406 81 35 said
2421 1403 204 38 resolution
2639 1403 46 37 be
2704 1407 176 46 reported
2894 1403 106 38 forth-

1714 1496 77 37 Mr.
1815 1499 184 37 Wharton
2019 1499 162 50 brought
2193 1511 50 35 up
2263 1501 64 34 the
2348 1501 161 44 Report,
2523 1499 124 40 which
2669 1511 79 26 was
2761 1500 135 46 agreed
2914 1505 56 30 to.

1711 1545 86 37 The
1813 1546 311 40 CHANCELLOR
2143 1548 45 34 of
2200 1550 63 33 the
2282 1550 289 43 EXCHEQUER
2591 1550 216 40 rentarked,
2820 1551 81 32 that
2924 1547 92 35 with

1667 1599 198 39 respectto
1884 1596 63 37 the
1977 1597 144 44 Report
2152 1596 106 34 there
2284 1596 112 35 could
2426 1598 45 32 be
2500 1596 86 43 only
2619 1605 70 25 one
2709 1597 156 46 opinion
2887 1598 35 33 in
2952 1598 65 32 the

1665 1639 144 44 House,
1826 1644 70 33 and
1916 1645 150 39 moved,
2083 1644 81 35 that
2183 1644 162 46 Captain
2365 1644 161 40 Sandon,
2539 1644 59 33 for
2619 1644 60 33 the
2698 1645 81 33 said
2796 1644 155 43 offence,
2970 1645 47 33 be

1663 1690 269 35 committed-to
1946 1690 65 35 the
2033 1690 168 46 Serjeant
2216 1700 39 27 at
2275 1693 111 34 Arms
2404 1693 35 32 in
2457 1691 234 35 attendance.

1711 1736 84 34 The
1809 1737 159 48 original
1989 1741 168 44 question
2176 1740 136 44 having
2324 1741 93 33 been
2434 1739 145 35 carried
2598 1739 163 37 without
2780 1740 239 45 opposition,

1667 1782 61 35 the
1747 1785 169 45 Speaker
1930 1796 98 35 gave
2044 1788 234 35 instructions
2296 1793 38 28 to
2352 1788 65 33 the
2443 1783 169 48 Serjeant
2639 1792 41 30 at
2706 1787 128 43 Arms,
2858 1794 39 27 to
2926 1788 93 33 take

1668 1831 163 47 Captain
1850 1834 158 45 Huxley
2028 1835 143 34 Sandon
2191 1834 77 35 into
2285 1834 175 45 custody,
2490 1834 73 35 and
2593 1840 40 28 to
2666 1840 158 41 prevent
2841 1835 53 35 all
2911 1846 79 24 com-

1665 1880 340 38 inunicatioa.wish
2030 1883 61 34 the
2111 1883 183 46 prisoner.

1711 1926 83 37 The
1812 1929 172 46 Speaker
2000 1930 86 35 then
2104 1939 96 35 gave
2215 1930 126 34 orders
2362 1930 84 35 that
2458 1929 65 35 the
2536 1928 175 48 Serjeant
2721 1930 50 41 do
2787 1933 65 32 not
2869 1931 122 48 permi
2999 1935 14 31 t

1661 1984 77 37 any
1750 1987 132 34 person
1903 1977 194 35 whatever
2114 1985 37 26 to
2171 1977 94 35 have
2281 1989 123 25 access
2421 1984 38 27 to
2478 1977 167 46 Captain
2665 1977 161 39 Sandon.

1713 2023 80 33 The
1809 2024 311 38 CHANCELLOR
2147 2024 46 37 of
2217 2024 63 37 the
2311 2026 287 43 EXCHEQUER
2626 2026 91 37 then
2732 2027 150 41 moved,
2908 2027 106 39 That

1664 2068 61 34 the
1746 2070 169 47 Serjeaut
1931 2074 50 33 do
1998 2073 202 35 forthwith
2218 2082 107 26 cause
2349 2075 64 34 the
2431 2074 171 45 prisoner
2628 2078 40 31 to
2699 2075 46 33 be
2764 2074 115 38 taken
2896 2081 39 28 to
2957 2075 57 33 his

1661 2127 87 25 own
1778 2119 125 44 house,
1920 2121 73 34 and
2009 2121 129 34 search
2157 2127 40 34 to
2215 2121 47 34 be
2280 2121 105 34 there
2402 2121 107 37 made
2533 2121 60 37 for
2609 2132 25 26 a
2652 2132 138 39 paper,
2819 2122 37 38 in
2885 2122 126 35 which

1662 2166 161 34 mention
1841 2169 30 33 is
1881 2170 110 35 made
2006 2170 46 34 of
2065 2169 163 37 Tonn's
2242 2170 177 35 business.

1709 2212 273 50 Immediatety
1990 2216 102 37 after
2108 2217 73 35 this
2198 2218 159 40 motion,
2378 2218 65 33 the
2469 2215 172 50 Serjeant
2666 2217 115 46 again
2797 2228 164 37 appear(
2974 2218 41 44 d,

1658 2262 73 33 and
1763 2264 136 41 stated,
1931 2265 87 39 that
2044 2264 64 35 the
2143 2264 74 46 priz
2217 2264 19 46 ,
2236 2264 76 46 oner
2344 2275 78 24 was
2446 2264 167 34 desirous
2644 2269 43 30 to
2722 2270 128 32 return
2881 2271 41 30 to
2948 2268 65 34 the

1667 2309 87 40 IS:ir,
1772 2322 40 24 as
1831 2311 138 48 having
1983 2314 208 41 something
2207 2316 37 31 to
2259 2313 138 34 submit
2417 2319 38 27 to
2474 2313 61 34 the
2551 2314 139 34 house.

1707 2357 81 33 The
1817 2359 93 37 CTIA
1920 2369 171 31 ttcvLi.o
2102 2370 24 25 ti
2147 2361 44 33 of
2212 2361 63 33 the
2297 2361 90 37 BIC
2396 2369 118 32 11EQV
2528 2369 54 26 utt
2613 2360 162 44 thought
2792 2359 28 35 it
2838 2370 91 34 very
2947 2361 45 34 de-

1658 2404 139 37 sirable
1814 2408 80 32 that
1920 2408 253 43 the:priioner
2198 2408 130 32 should
2346 2408 115 44 again
2479 2408 45 32 be
2541 2407 123 34 called
2683 2408 52 39 in,
2753 2418 39 25 as
2813 2408 45 33 he
2876 2408 135 35 should

1658 2457 65 30 not
1743 2454 44 32 he
1805 2457 187 43 surprised
2023 2456 34 34 if
2081 2456 63 35 the
2177 2465 122 38 paper
2316 2456 37 34 io
2369 2454 171 46 question
2562 2465 99 25 were
2678 2454 130 44 found,
2823 2456 102 37 after
2939 2457 73 43 all,

1657 2499 37 34 in
1715 2500 56 34 his
1789 2505 219 40 pwiriess;on.

1708 2538 163 56 Captain
1891 2551 144 33 Sandon
2053 2563 73 24 was
2140 2550 243 45 accordingly
2404 2551 163 44 brought
2589 2556 39 31 to
2646 2550 64 35 the
2727 2550 89 38 Bar.

1706 2597 79 34 The
2125 2601 113 33 What
2267 2600 65 32 has
2367 2600 63 33 the
2461 2601 170 41 prisoner
2657 2604 41 28 to
2727 2603 144 39 suggest
2888 2603 40 32 to
2947 2601 65 34 the

1659 2642 129 35 House
1899 2647 164 44 Captain
2083 2648 144 34 Minion
2246 2648 86 34 then
2352 2648 97 39 said,
2476 2647 84 35 that
2588 2649 45 32 he
2662 2657 77 24 was
2761 2649 249 45 exceedingly

1657 2701 105 33 sorry
1782 2693 34 34 if
1828 2702 71 35 any
1920 2695 106 44 thing
2046 2695 45 32 he
2109 2695 70 34 had
2199 2695 79 33 said
2313 2695 72 34 had
2413 2695 213 44 displeased
2654 2695 64 33 the
2746 2695 152 41 House;
2936 2696 76 38 and

1658 2738 43 34 he
1724 2750 72 25 was
1817 2743 144 44 willing
1980 2748 39 27 to
2035 2743 138 37 submit
2191 2748 39 28 to
2246 2753 74 33 any
2339 2753 155 26 censure
2512 2743 61 34 the
2594 2743 130 34 house
2743 2744 115 43 might
2878 2744 132 37 inflict.

1706 2787 83 33 The
2144 2791 45 34 If
2202 2790 63 35 the
2282 2792 171 45 prisoner
2471 2789 66 37 has
2552 2800 73 35 any
2642 2800 105 25 more
2761 2798 40 27 to
2817 2792 111 41 offer,
2944 2792 67 34 the

1658 2833 130 37 House
1804 2846 65 24 are
1887 2838 115 41 ready
2023 2843 38 28 to
2082 2838 90 33 hear

1703 2884 161 44 Captain
1897 2882 148 38 Sandon
2085 2885 96 41 said,
2220 2885 65 34 the
2323 2885 112 35 letter
2463 2887 128 35 which
2633 2887 210 47 purported
2885 2891 40 31 to
2962 2888 51 35 be

1656 2929 96 35 from
1772 2933 63 33 the
1858 2933 111 35 i)uke
2002 2933 45 33 of
2080 2933 113 35 York
2210 2937 39 31 to
2269 2934 94 35 Mrs.
2387 2936 142 34 Clarke
2549 2944 77 35 was
2644 2940 64 32 not
2725 2935 227 46 destroyed;
2981 2936 32 35 it

1659 2988 74 25 was
1752 2979 35 35 in
1805 2980 56 34 his
1880 2981 202 44 possession
2099 2987 40 27 at
2158 2982 54 33 his
2223 2982 213 43 chambers,
2456 2982 72 35 and
2555 2982 35 34 if
2604 2982 64 35 the
2687 2982 129 35 House
2833 2985 177 45 required

1657 3027 45 32 its
1723 3027 236 44 production.
1990 3028 28 34 it
2043 3028 107 35 could
2171 3030 46 34 be
2233 3031 119 44 easily
2373 3031 200 45 procured.
2626 3030 54 37 As
2696 3037 40 28 to
2756 3032 64 34 the
2842 3037 169 31 contents

1654 3073 46 34 of
1714 3076 63 32 the
1795 3076 125 40 letter,
1941 3077 31 33 it
1993 3084 98 27 went
2106 3084 40 27 to
2169 3087 143 34 convey
2330 3079 85 34 that
2434 3079 113 45 Capt.
2569 3079 135 44 Tonyo
2724 3079 124 35 would
2863 3085 64 27 Not
2944 3080 45 33 ob-

1656 3123 79 33 tain
1768 3123 54 33 his
1848 3125 227 45 preferment
2104 3125 117 35 unless
2254 3125 51 35 he
2336 3128 90 44 paid
2453 3138 25 24 a
2505 3137 79 24 sum
2606 3126 45 34 of
2679 3137 133 34 money
2842 3133 39 27 to
2914 3129 93 35 Mrs.

1657 3169 156 37 Clarke.
1869 3171 60 34 lie
1946 3171 72 33 had
2037 3171 149 37 sheaved
2205 3172 74 35 this
2298 3181 85 31 note
2413 3181 37 30 to
2481 3175 167 46 Captain
2666 3175 149 45 Tonyn,
2843 3177 103 41 who,
2975 3177 38 34 in

1654 3228 261 34 consequence,
1932 3220 138 43 agreed
2089 3228 39 27 to
2154 3221 65 34 the
2243 3227 128 35 terms,
2389 3234 78 25 was
2487 3223 202 40 ('azetted,
2706 3223 71 34 and
2796 3223 102 38 5001.
2917 3224 92 45 paid

1655 3269 38 28 to
1714 3266 90 35 Mrs.
1828 3267 135 41 Clark,
1980 3268 72 33 and
2067 3268 78 34 231.
2164 3275 40 28 to
2226 3268 197 38 Donovan.
2476 3272 93 34 This
2585 3272 112 33 letter
2722 3272 46 34 he
2799 3282 74 25 was
2893 3274 117 44 ready

1655 3317 38 31 to
1721 3314 100 35 fetch
1850 3321 37 26 to
1906 3315 63 34 the
1990 3314 154 40 House;
2174 3320 44 31 he
2245 3319 110 34 could
2381 3324 66 30 not
2460 3328 66 37 say
2546 3321 87 32 who
2653 3325 123 30 wrote
2793 3321 54 40 it;
2877 3321 67 33 but
2963 3321 48 33 lie

1657 3372 76 22 was
1752 3363 76 35 told
1848 3365 47 41 by
1920 3364 91 34 Mrs.
2027 3365 156 40 Clarke,
2202 3371 39 28 at
2269 3366 64 34 the
2349 3367 93 33 time
2460 3367 30 33 it
2512 3378 74 22 was
2606 3373 69 39 put
2694 3369 78 34 into
2799 3369 47 39 his
2846 3369 17 39 t
2875 3370 133 43 hands,

1652 3409 84 37 that
1752 3410 31 35 it
1804 3420 73 24 was
1899 3412 145 34 written
2065 3413 47 44 by
2130 3412 63 35 the
2209 3412 111 37 Duke
2335 3415 44 34 of
2394 3416 129 35 York.

1701 3457 83 35 The
1798 3458 168 45 Serjeant
1985 3470 76 24 was
2078 3461 159 37 ordered
2254 3467 39 30 to
2310 3462 47 35 do
2378 3464 57 34 his
2450 3464 110 46 duly,
2572 3464 207 46 agreeably
2798 3470 38 30 to
2851 3464 64 37 the
2935 3464 51 38 Re-

1651 3504 162 35 solution
1833 3506 44 33 of
1891 3508 63 33 the
1967 3507 149 37 House.

1703 3553 91 35 Mrs.
1813 3555 142 35 Clarke
1969 3565 77 25 was
2060 3557 115 44 again
2189 3556 122 39 called
2326 3557 53 44 in,
2405 3559 71 37 and
2493 3560 200 35 examined
2713 3561 51 44 by
2781 3561 63 34 the
2859 3561 27 34 C
2897 3569 116 27 IIAN•

1652 3611 177 26 CELLOa
1860 3601 44 34 of
1920 3601 65 35 the
2023 3604 399 44 EXCIIEQUER.—Q.
2456 3608 19 34 I
2494 3608 92 34 wish
2619 3614 40 27 to
2674 3608 71 34 ask
2764 3608 63 34 the
2846 3608 164 44 witness,

1654 3648 93 37 with
1778 3650 130 43 regard
1942 3656 39 30 to
2002 3652 63 34 the
2093 3653 263 45 appointment
2387 3654 45 35 of
2460 3656 165 45 Captain
2655 3657 152 44 Tonyn,
2835 3657 177 35 whether

1650 3698 65 33 she
1735 3699 194 33 recollects
1950 3699 104 34 what
2074 3699 126 45 passed
2220 3703 170 35 between
2420 3703 67 35 her
2502 3704 71 35 and
2594 3704 168 46 Captain
2779 3705 164 41 Sandon,
2970 3705 39 35 in

1648 3756 253 34 consequence
1933 3745 46 34 of
2008 3748 162 47 Captain
2203 3751 135 43 Tonyn
2360 3751 223 46 expressing
2614 3752 228 45 impatience
2874 3758 44 31 at
2946 3754 65 35 the

1649 3794 110 44 delay
1792 3794 37 34 in
1859 3797 206 44 procuring
2096 3797 63 34 the
2191 3797 262 45 appointment
2470 3800 13 33 ?
2537 3801 51 34 A.
2619 3800 79 41 No;
2754 3801 17 33 I
2807 3802 119 44 really
2960 3803 50 34 do

1649 3847 65 28 not
1739 3842 190 43 recollect,
1957 3842 143 46 though
2122 3843 20 37 I
2161 3843 94 35 have
2274 3846 92 35 been
2401 3847 152 46 reading
2572 3848 178 39 Saudon's
2767 3849 177 35 evidence
2963 3861 46 25 on

1650 3888 64 35 the
1761 3887 145 47 subject
1937 3888 84 47 just
2063 3893 200 41 now.—Q.
2310 3894 60 34 Do
2414 3906 74 34 you
2524 3901 66 31 not
2622 3896 183 38 recollect
2843 3899 167 46 Captain

1650 3937 178 35 Sandon's
1860 3940 148 41 coming
2042 3947 38 26 to
2115 3951 73 35 you
2218 3947 41 31 at
2293 3941 53 35 all
2380 3953 48 25 on
2469 3944 65 34 the
2567 3943 143 48 subject
2730 3946 13 33 ?
2797 3945 51 37 A.
2888 3947 20 34 I
2952 3958 40 25 re-

1646 3985 137 34 collect
1808 3985 45 35 he
1885 3996 77 25 was
1987 3989 203 47 employed
2215 3990 52 45 by
2285 3985 4 53 •
2298 3990 168 47 Captain
2486 3992 246 45 Touyn.—Q.
2767 3994 61 34 Do
2848 4005 74 33 you
2949 4005 40 26 re-

1646 4032 139 35 collect
1819 4032 180 38 Sandon's
2027 4037 228 46 mentioning
2284 4038 164 47 Captain
2465 4039 164 46 Tonyn's
2647 4042 253 46 impatience?
2953 4045 56 34 A.

1649 4078 77 38 Mo.
1783 4081 79 34 Ido
1880 4084 184 41 not.—Q.
2098 4084 87 35 Was
2203 4085 30 35 it
2259 4093 64 30 not
2340 4087 83 35 said
2443 4088 84 35 that
2543 4090 168 46 Captain
2730 4090 135 46 Tonyn
2881 4093 129 37 would

1649 4127 202 38 withdraw
1878 4129 65 37 the
1970 4142 132 37 money
2124 4131 47 37 he
2196 4134 71 35 had
2285 4135 216 46 deposited,
2528 4136 34 35 if
2585 4139 65 34 the
2665 4137 116 47 delay
2810 4139 135 37 should
2963 4141 47 33 be

1648 4174 197 40 contiuued
1856 4178 174 40 tA.I
2047 4180 48 39 do
2119 4186 70 34 not
2212 4182 181 43 recollect
2405 4185 90 37 such
2510 4195 30 28 a
2554 4186 100 39 circa
2670 4188 80 39 mats
2861 4187 157 58 thoupbt.

2721 4237 2 4 •

369 4083 89 41 --Q.
478 4083 76 35 Did
574 4093 74 25 aav
669 4084 104 46 body
785 4083 79 38 else
887 4095 61 26 see
966 4085 30 34 it
1010 4095 52 26 un
1078 4084 71 37 thal

507 4215 14 17 •

370 4130 215 39 recollect.-
619 4137 13 46 o
632 4137 28 46 a,
840 4131 181 38 oasloesv
1052 4133 30 35 11
1111 4139 38 30 to

369 4178 678 48 Q.W.ast?
1098 4179 51 41 A.

678 4209 11 8 •
797 4239 13 5 _

736 4224 164 78 4OF
900 4224 56 78 +
956 4224 56 78 .

449 4269 35 56 tv
484 4269 35 56 74
520 4269 19 56 ,
898 4277 124 20 r•

436 4305 211 70 bysc.
683 4313 61 46 7j2

728 4338 17 35 4
744 4338 33 35 40
777 4338 50 35 !ei
1002 4305 13 66 f
1015 4305 53 66 rrt,

589 4370 5 5 .

15 2457 13 12 k...

6 2479 9 18 t
15 2479 11 18 ,

43 2552 5 40 I
47 2552 6 40 t

65 2575 11 19 1
97 2565 9 21 1

8 2646 5 35 •
61 2670 17 11 ...

2934 4253 8 7 •
