3484 4417
1175 41 144 63 THE
1355 53 373 52 NATIONAL
1765 53 371 53 REGISTER.

296 46 157 52 FEB.
501 45 18 47 I

547 196 292 46 FOREIGN
875 200 509 46 INTELLIGENCE.

335 326 113 39 TIIE
478 330 399 40 THIRTY-FIRST
906 334 274 37 BULLETIN
1209 335 71 35 OF
1303 337 110 35 THE
1442 337 157 35 ARMY

830 391 69 34 OF
937 392 177 34 SPAIN.

344 452 81 34 The
454 454 150 45 English
624 457 195 45 regiments
844 457 150 45 bearing
1029 458 61 33 the
1120 458 165 34 numbers
1307 459 63 35 42,
1396 458 60 41 50,
1475 458 69 34 and
1561 458 60 40 52,

302 500 96 35 have
415 502 91 33 been
531 504 156 44 entirely
702 504 194 45 destroyed
924 506 35 33 in
977 507 63 32 the
1054 507 118 33 battle
1189 507 43 32 of
1253 507 61 34 the
1333 507 103 41 16th,
1450 516 84 24 near
1550 508 48 34 Co-

302 556 129 26 imam.
485 549 79 34 Not
579 552 46 33 60
641 562 78 24 men
736 553 44 33 of
789 553 89 34 each
898 552 41 34 of
954 554 100 32 these
1068 563 107 34 corps
1193 555 215 32 embarked.
1459 553 80 34 The
1556 555 47 32 Ge-

300 593 102 37 acrid
422 596 35 33 in
474 598 124 43 Chief,
620 600 145 40 Moore,
785 600 63 33 has
863 601 89 32 been
971 600 115 33 killed
1104 600 33 33 in
1156 602 216 40 attempting
1391 607 35 26 to
1442 600 130 41 charge
1586 609 35 26 at

300 643 66 33 the
385 644 90 34 head
509 645 45 33 of
575 646 70 33 this
663 647 168 44 brigade,
852 647 89 33 with
957 647 61 32 the
1038 647 91 33 view
1146 648 45 32 of
1212 647 174 44 restoring
1403 648 61 32 the
1482 646 142 37 fortune

302 690 45 34 of
361 691 59 33 the
444 692 89 45 day.
566 692 175 37 Fruitless
763 694 136 34 efforts.
952 694 91 32 This
1062 699 107 39 troop
1191 705 72 22 was
1278 696 200 43 dispersed,
1493 697 70 32 and
1581 698 43 32 its

302 737 157 37 General
480 741 92 34 slain
592 742 33 33 in
639 742 59 34 the
718 742 110 34 midst
844 743 41 33 of
907 742 40 34 it.
978 742 154 34 General
1152 742 109 34 3aaird
1281 743 69 33 had
1370 744 87 32 been
1472 744 150 45 already

302 783 195 39 Wounded.
554 789 56 33 lie
628 789 126 45 passed
774 788 156 46 through
950 788 172 34 Corunna
1133 795 37 31 to
1187 794 60 39 get
1265 800 44 22 on
1324 789 113 33 hoard
1455 789 53 33 his
1525 789 98 46 ;:hip,

293 834 78 34 and
389 834 61 34 did
469 840 64 28 not
550 842 58 35 get
637 836 52 34 his
710 839 132 32 wound
860 835 139 37 dressed
1019 836 58 33 till
1097 836 44 32 he
1157 842 61 40 got
1246 848 43 21 on
1309 837 113 32 hoard
1440 848 12 26 ;
1473 837 25 31 it
1519 840 27 30 is
1571 848 38 24 re-

301 881 133 43 ported
449 882 81 34 that
550 882 41 33 he
609 883 80 33 died
711 896 45 22 on
774 885 64 33 the
857 886 96 34 19th.
1009 882 110 34 After
1142 889 61 31 the
1218 886 112 32 battle
1349 882 45 34 of
1410 883 58 32 the
1488 885 97 38 16th,
1603 899 20 21 a

299 927 168 35 dreadful
485 927 107 47 night
606 925 124 50 passed
746 939 43 26 at
806 931 317 38 Corunna.—The
1134 931 148 46 English
1298 932 143 33 entered
1457 932 33 33 in
1502 934 104 34 confu-

301 974 79 34 sion
394 978 69 32 and
483 980 281 32 consternation.
817 980 78 35 The
911 978 149 41 English
1074 990 104 28 army
1195 983 67 32 had
1281 978 128 33 landed
1429 990 96 22 more
1539 981 84 34 than

301 1018 50 38 BO
369 1024 122 43 pieces
508 1024 45 34 of
565 1035 133 25 cannon
715 1038 12 28 ;
754 1024 89 47 only
863 1030 40 33 12
920 1036 98 24 were
1045 1030 256 33 re-embarked
1319 1037 8 21 :
1346 1025 59 33 the
1426 1029 201 34 remainder

302 1070 66 33 has
387 1072 87 33 been
497 1074 112 33 taken
627 1083 43 24 or
694 1074 72 35 lost
782 1085 11 27 ;
819 1076 67 33 and
906 1076 48 40 by
976 1084 24 22 a
1017 1080 120 31 return
1156 1077 117 40 made,
1289 1089 56 21 we
1355 1072 72 33 find
1446 1076 178 35 ourselves

304 1116 37 33 in
360 1121 200 40 possession
586 1121 44 33 of
648 1116 46 39 60
713 1122 120 43 pieces
866 1120 43 37 of
935 1122 149 41 English
1111 1135 151 22 cannon.
1318 1119 242 45 Independent
1586 1127 44 31 or

304 1168 77 31 two
394 1168 162 33 millions
573 1168 43 33 of
635 1175 162 26 treasure
822 1170 60 33 the
900 1180 105 32 army
1025 1170 61 34 has
1101 1173 110 32 taken
1232 1172 92 34 from
1343 1174 61 32 the
1423 1168 162 45 English,
1598 1174 22 32 it

302 1221 162 35 appears
491 1217 80 32 that
604 1226 24 22 a
659 1220 164 31 treasure
842 1227 99 24 inure
959 1218 250 34 considerable
1231 1219 61 33 has
1318 1220 89 32 been
1426 1225 72 27 cast
1515 1231 109 24 away

302 1269 133 37 among
452 1263 63 33 the
535 1264 106 33 rocks
656 1265 70 33 and
746 1265 203 45 precipices
967 1265 120 33 which
1109 1266 133 33 border
1260 1267 60 32 the
1341 1269 87 32 road
1448 1267 90 34 from
1561 1269 48 33 A•i-

302 1312 113 38 torga
428 1315 37 27 to
480 1311 182 33 Corunna.
718 1311 80 34 The
815 1317 163 39 peasants
996 1312 70 33 and
1085 1313 60 33 the
1163 1313 151 34 soldiers
1342 1315 91 34 have
1450 1318 172 32 ccallected

301 1363 27 25 a
350 1363 105 34 great
472 1359 170 43 quantity
657 1358 44 33 of
719 1357 112 35 silver
846 1370 132 32 among
997 1361 61 32 the
1078 1362 122 33 rocks.
1256 1362 38 34 In
1309 1362 59 33 the
1381 1371 246 34 engagements

302 1402 125 34 'which
448 1404 93 35 took
572 1406 104 44 place
700 1406 132 44 during
863 1408 59 32 the
947 1414 151 34 retreat,
1117 1408 69 34 and
1207 1409 102 43 prior
1323 1416 35 26 to
1384 1409 60 33 the
1462 1411 113 33 battle
1589 1411 43 33 of

306 1448 187 44 Corunna,
515 1455 78 31 two
611 1454 151 33 English
782 1455 172 32 Generals
976 1465 97 22 were
1091 1455 132 40 killed,
1237 1455 67 33 and
1320 1456 99 33 three
1441 1459 183 35 wounded.

304 1498 157 34 General
484 1499 198 34 Crawford
710 1500 30 33 is
765 1501 125 33 named
909 1512 132 33 among
1059 1501 63 33 the
1139 1502 84 33 last.
1271 1504 80 33 The
1370 1505 145 43 English
1537 1506 91 34 have

302 1544 72 34 lost
392 1556 112 35 every
524 1546 103 45 thing
652 1550 81 31 that
762 1548 211 34 constitutes
1005 1559 46 22 an
1076 1551 343 44 army—Generals,
1444 1552 184 46 artillery,

304 1591 137 43 horses,
462 1593 178 44 baggage,
670 1597 255 40 ammunition,
952 1598 219 41 magazines.
1201 1598 56 33 On
1276 1598 61 33 the
1370 1598 97 41 17th,
1483 1605 38 27 at
1539 1599 69 37 day-

304 1638 132 43 break,
455 1651 60 24 we
537 1651 93 24 were
645 1649 148 27 masters
813 1644 41 32 of
868 1643 59 33 the
946 1644 142 43 heights
1107 1644 79 33 that
1199 1645 187 33 command
1404 1646 60 33 the
1489 1648 86 33 road
1593 1654 37 28 to

306 1685 191 43 Corunna,
515 1689 69 33 and
604 1689 61 33 the
684 1690 178 34 batteries
889 1700 98 25 were
1006 1690 151 45 playing
1187 1702 96 33 upon
1302 1691 60 34 the
1383 1694 145 43 English
1546 1704 63 24 con-

304 1743 90 33 voy.
445 1736 83 34 The
547 1736 109 34 result
676 1748 92 31 was,
785 1737 81 33 that
885 1748 107 33 many
1010 1737 45 33 of
1068 1739 61 32 the
1146 1740 100 44 ships
1265 1749 96 24 were
1381 1742 131 32 unable
1525 1747 37 27 to
1573 1752 57 32 get

304 1787 80 35 out,
400 1783 70 33 and
490 1794 96 24 were
604 1785 110 34 taken
726 1791 40 28 at
794 1785 63 34 the
872 1785 247 44 capitulation
1137 1787 41 32 of
1201 1787 180 33 Corunna.
1439 1787 92 33 Five
1547 1788 65 34 hun-

305 1828 91 34 dred
411 1830 152 45 English
585 1831 118 34 horses
724 1843 98 24 were
855 1833 78 32 also
952 1833 111 32 taken
1082 1833 74 33 still
1175 1833 113 41 alive,
1310 1833 132 39 16,000
1461 1834 170 44 muskets,

304 1878 71 33 and
392 1889 22 22 a
430 1884 105 38 great
565 1878 83 34 deal
673 1879 44 34 of
739 1879 183 44 battering
939 1890 155 30 cannon,
1111 1880 211 34 abandoned
1342 1883 47 41 by
1411 1881 60 33 the
1485 1892 143 35 enemy.

304 1924 33 33 A
358 1932 105 35 great
480 1926 151 33 number
661 1926 45 33 of
726 1929 209 41 magazines
959 1937 64 24 are
1048 1926 65 33 full
1144 1928 46 33 of
1212 1929 194 41 preserved
1427 1930 202 43 provisions

306 1970 198 45 (munition
523 1972 275 45 confectiones),
827 1975 122 33 which
978 1974 63 34 the
1070 1975 152 44 English
1243 1976 138 33 wished
1402 1983 35 26 to
1452 1987 104 34 carry
1571 1978 60 38 oil,

304 2019 66 34 but
391 2029 97 25 were
502 2021 146 43 obliged
661 2027 37 28 to
713 2022 106 33 leave
833 2021 145 34 behind.
1035 2016 33 39 A
1085 2022 151 44 powder
1251 2023 204 43 magazine,
1473 2026 141 32 contain-

304 2065 63 46 ing
381 2068 229 39 200,0001b5.
633 2069 137 44 weight
788 2061 44 40 of
847 2068 168 45 powder,
1036 2068 63 32 has
1111 2069 79 32 also
1206 2068 112 34 fallen
1338 2069 76 34 into
1427 2081 65 22 our
1508 2073 123 34 hands.

305 2113 84 34 The
407 2114 170 45 English,
596 2113 183 46 surprised
794 2117 47 43 by
852 2115 60 34 the
928 2115 92 33 issue
1031 2114 43 34 of
1088 2117 59 33 the
1165 2118 116 33 battle
1293 2115 45 33 of
1352 2118 60 33 the
1428 2115 99 44 16th,
1544 2120 90 32 have

304 2163 64 32 not
385 2172 90 24 even
496 2163 71 34 had
587 2164 85 33 time
689 2169 39 28 to
746 2164 149 43 destroy
927 2164 98 33 their
1054 2165 223 41 magazines.
1306 2164 120 34 There
1446 2177 93 22 were
1556 2166 72 33 300

307 2209 151 41 English
480 2211 79 33 sick
578 2211 32 33 in
630 2211 61 33 the
710 2211 190 45 Hospital.
932 2211 70 33 We
1017 2210 111 34 found
1146 2211 35 33 in
1198 2211 60 33 the
1270 2218 83 37 port
1367 2222 107 24 seven
1486 2213 148 41 English

301 2257 262 44 ships—three
580 2257 129 34 loaded
731 2258 90 33 with
843 2258 136 39 horses,
1004 2257 69 33 and
1104 2256 83 34 four
1217 2257 87 35 with
1338 2264 139 38 troops.
1530 2261 103 33 They

304 2303 109 34 could
431 2309 63 30 not
506 2310 60 38 get
585 2310 74 30 out.
713 2307 81 32 The
813 2303 145 37 fortress
976 2304 44 34 of
1028 2304 170 34 Corunna
1212 2306 27 33 is
1256 2304 45 34 of
1309 2316 45 24 an
1372 2317 19 24 e
1400 2311 98 30 xtent
1515 2308 116 33 which

304 2361 143 25 secures
462 2352 31 33 it
515 2352 96 34 from
634 2362 24 24 a
685 2362 92 32 coup
794 2352 41 33 de
852 2355 111 32 main.
1018 2353 38 33 It
1076 2362 73 24 was
1167 2352 184 35 therefore
1368 2354 209 44 impossible
1597 2361 37 26 to

300 2401 105 31 enter
423 2400 28 33 it
469 2398 129 35 before
611 2399 61 34 the
683 2400 105 39 20th,
808 2400 37 33 in
860 2400 119 33 virtue
993 2400 46 33 of
1054 2400 59 33 the
1122 2400 162 33 annexed
1302 2401 259 43 capitulation.
1594 2401 39 33 In

304 2446 169 33 Corunna
500 2457 58 22 we
585 2446 109 33 found
719 2450 122 30 above
862 2447 73 33 200
969 2446 120 44 pieces
1111 2446 45 33 of
1178 2445 152 46 Spanish
1355 2458 149 25 cannon.
1554 2447 79 35 The

307 2492 142 34 French
480 2493 135 33 Consul
643 2493 209 41 Fourcroy,
876 2494 61 31 the
967 2492 156 35 General
1144 2493 171 38 Ouesnel,
1335 2494 71 33 and
1433 2494 53 33 his
1517 2496 111 37 Staff;

307 2538 56 34 M.
385 2539 180 44 Bougars,
585 2539 132 35 Officer
730 2538 44 35 of
789 2541 219 40 Ordnance;
1030 2541 51 32 M.
1102 2539 239 41 Taboureau,
1362 2541 181 40 Auditor;
1563 2542 66 33 and

305 2585 73 35 3.50
397 2588 143 33 French
559 2588 152 33 soldiers
736 2597 45 22 or
803 2597 156 31 seamen,
990 2587 84 33 who
1106 2587 70 33 had
1209 2588 91 33 been
1330 2589 102 32 made
1450 2589 181 41 prisoners

304 2635 123 33 either
442 2635 37 33 in
501 2635 175 44 Portugal
687 2646 41 22 or
742 2646 45 22 on
806 2634 115 34 board
934 2635 60 32 the
1006 2634 83 44 ship
1109 2633 120 40 Atlas,
1243 2634 91 33 have
1348 2636 89 32 been
1446 2635 187 33 delivered

306 2691 66 35 up.
399 2682 107 44 They
526 2692 149 34 express
691 2689 107 34 great
814 2678 227 38 Satisfaction
1052 2686 39 28 at
1109 2681 60 32 the
1187 2681 151 33 conduct
1358 2681 44 33 of
1413 2681 60 33 the
1485 2681 149 34 Officers

306 2730 48 33 of
369 2730 60 34 the
464 2728 157 46 Spanish
657 2730 124 43 Navy.
834 2728 79 34 The
935 2728 149 44 English
1108 2727 77 33 will
1215 2727 92 34 have
1323 2730 129 39 gained
1469 2726 48 46 by
1538 2730 97 33 their

304 2778 224 46 expedition
544 2777 61 34 the
625 2778 128 33 hatred
782 2777 45 34 of
847 2777 60 34 the
933 2774 216 47 Spaniards,
1173 2774 135 40 shame,
1336 2776 70 34 and
1422 2776 208 34 dishonour.

308 2825 80 34 The
419 2825 135 34 flower
583 2822 45 37 of
648 2824 98 33 their
771 2835 119 31 army,
917 2823 198 45 composed
1133 2820 44 35 of
1198 2823 230 40 Scotchmen,
1456 2823 60 33 has
1543 2824 87 33 been

305 2871 122 35 either
446 2870 194 43 wounded,
658 2871 133 41 killed,
806 2883 43 22 or
865 2871 124 34 taken.
1018 2870 155 33 General
1189 2870 214 33 Franceschi
1419 2870 60 33 has
1488 2871 144 32 entered

308 2922 53 34 St.
381 2921 98 43 Jago
497 2921 47 33 de
561 2915 265 50 Compostella,
846 2920 122 33 where
987 2917 45 34 he
1049 2917 107 33 found
1174 2928 96 21 some
1284 2916 206 45 magazines
1505 2916 69 34 and
1590 2928 44 22 an

309 2968 154 45 English
478 2968 131 43 guard,
630 2968 120 33 which
772 2968 45 32 he
834 2967 104 33 took.
992 2965 60 34 He
1078 2965 169 34 marched
1274 2965 246 43 immediately
1537 2974 96 33 upon

308 3018 116 38 Vigo,
446 3017 168 34 Romana
625 3014 190 45 appeared
835 3021 35 27 to
891 3014 92 33 Nave
1002 3013 110 33 taken
1130 3013 72 33 this
1217 3018 103 27 route
1335 3012 90 34 with
1436 3013 93 33 2500
1544 3021 92 28 men,

307 3065 52 34 all
380 3065 80 33 that
496 3065 47 32 he
575 3064 104 34 could
707 3064 113 43 rally.
870 3063 80 33 The
979 3059 159 33 divkion
1167 3058 43 34 of
1234 3059 152 33 Mermet
1406 3058 168 34 marched
1591 3069 45 22 on

309 3110 148 38 Verrol.
488 3111 83 34 The
585 3111 58 33 air
654 3110 115 34 about
785 3111 171 33 Corunna
969 3109 28 33 is
1015 3106 157 34 infected
1188 3110 47 40 by
1246 3106 61 33 the
1319 3117 159 22 carcases
1491 3105 45 34 of
1548 3105 91 34 1200

309 3161 141 37 horses,
465 3158 124 37 whom
605 3157 61 34 the
685 3156 154 46 English
857 3156 115 34 killed
992 3156 35 33 in
1042 3155 60 33 the
1119 3158 141 28 streets.
1315 3154 78 33 The
1409 3154 74 33 first
1501 3163 83 22 care
1599 3154 41 31 of

309 3209 63 33 the
389 3208 110 34 Duke
519 3206 43 34 of
587 3206 191 34 Dalmatia
797 3204 63 34 has
878 3206 89 33 been
983 3209 39 26 to
1042 3202 155 45 provide
1213 3201 56 34 for
1281 3201 61 32 the
1365 3201 215 33 restoration
1594 3198 45 33 of

304 3255 202 43 salubrity,
531 3254 150 44 equally
703 3254 202 43 important
924 3255 38 28 to
983 3248 61 34 the
1057 3248 161 35 soldiers-
1231 3248 69 33 and
1320 3249 59 32 the
1398 3247 237 34 inhabitants.

312 3302 157 34 General
489 3301 162 39 Alzedo,
681 3300 193 33 Governor
899 3298 44 34 of
961 3299 185 37 Corunna,
1173 3306 159 34 appears
1359 3301 38 26 to
1419 3294 91 33 have
1530 3294 110 33 taken

307 3358 85 39 part
410 3350 58 34 for
487 3348 65 34 the
570 3350 197 43 insurgents
785 3346 81 45 only
882 3346 93 33 from
989 3346 63 32 the
1065 3345 200 33 constraint
1278 3343 43 33 of
1333 3343 116 34 force.
1478 3341 58 33 lle
1550 3339 87 35 took

311 3399 63 32 the
402 3398 89 33 oath
520 3396 44 34 of
587 3396 142 40 fidelity
748 3399 39 28 to
813 3392 256 45 King.loseph
1091 3392 196 44 Napoleon
1302 3391 90 33 with
1406 3387 231 34 enthusiasm.

311 3446 80 33 The
409 3444 138 46 people
565 3443 167 35 manifest
745 3443 61 33 the
810 3441 72 46 joy
901 3442 86 43 they
1004 3439 71 34 feel
1087 3444 38 28 at
1143 3439 107 44 being
1264 3437 187 34 delivered
1468 3436 92 34 from
1579 3436 61 33 the

317 3493 169 46 English.

578 3599 326 47 IMPERIAL
933 3592 454 50 PARLIAMENT.

732 3678 176 41 IIOUSE
944 3677 70 38 OF
1043 3673 190 41 LORDS.

784 3780 196 46 'Monday,
999 3776 93 39 Feb.
1119 3778 60 34 13.

357 3852 58 34 Sir
436 3850 146 45 George
604 3846 228 48 Brograve's
852 3846 169 35 Divorce
1054 3842 78 35 Bill
1165 3849 77 27 was
1269 3839 86 35 read
1389 3836 61 37 for
1480 3835 63 35 the
1570 3835 61 34 firs

317 3900 107 35 time.

772 4006 222 48 Thursday,
1015 4005 92 39 Feb.
1130 4005 61 35 16.

364 4081 80 35 The
463 4081 115 35 Duke
595 4080 41 35 of
664 4080 306 39 GLOUCESTER,
994 4071 193 48 presented
1218 4082 25 22 a
1276 4069 165 35 Petition
1467 4065 94 37 from
1591 4063 63 35 the

321 4128 167 40 Debtors
519 4128 163 39 confined
709 4128 38 35 in
772 4127 63 37 the
853 4122 135 47 King's
1018 4121 126 40 Bench
1230 4121 91 41 isou,
1346 4116 158 48 praying
1534 4110 118 39 relief.

2011 196 202 26 CAVALRY
2235 197 104 25 SENT
2357 198 51 22 TO
2431 197 144 27 SP4IN,
2604 188 69 33 &C.

1736 240 85 35 Earl
1851 242 131 33 DARN
1994 253 79 24 LEY
2106 244 129 32 moved
2263 243 56 32 fur
2349 243 151 32 Returns
2519 242 43 32 of
2578 244 61 31 the
2668 242 162 41 Cavalry
2859 249 73 26 sent
2960 248 38 27 to

1688 286 111 44 Spain
1812 288 70 33 and
1903 289 189 43 Portugal.
2150 291 66 33 His
2237 291 178 43 Lordship
2433 291 74 31 said
2528 291 59 31 the
2602 288 122 44 object
2739 288 41 32 of
2794 292 53 28 t.is
2864 292 133 31 motion

1691 344 86 28 was,
1791 340 34 26 to
1843 335 167 33 discover
2029 338 165 32 whether
2215 338 182 32 Ministers
2415 337 66 32 had
2494 344 72 24 sent
2581 346 21 21 a
2620 346 136 32 proper
2777 344 222 34 proportion

1687 379 44 32 of
1740 383 143 43 cavalry
1900 394 46 21 on
1965 384 50 32 the
2044 385 72 32 late
2130 385 141 32 service
2290 385 31 31 in
2342 385 113 41 Spain
2473 383 67 32 and
2568 384 188 37 Portugal.
2882 381 117 33 Nolue

1693 428 85 33 Earl
1805 430 195 33 concluded
2033 431 46 44 by
2107 431 159 41 moving,
2295 431 90 38 first,
2415 433 56 30 Inc
2502 431 155 31 Returns
2688 429 41 32 of
2763 429 165 43 Cavalry
2965 431 35 31 in

1693 472 172 43 England,
1896 476 159 39 Ireland,
2079 478 70 32 and
2170 477 168 32 Scotland
2352 489 11 27 ;
2391 477 182 40 secondly,
2600 476 57 32 for
2688 476 156 32 iteturns
2874 476 45 32 of
2941 476 59 32 the

1685 521 157 44 Cavalry
1869 528 78 27 sent
1958 528 37 27 to
2010 524 58 31 Sir
2082 524 47 32 A.
2151 523 193 43 Welle-dey
2365 528 39 27 at
2422 522 178 39 Vimiera,
2628 522 69 33 and
2717 522 59 33 Sir
2794 522 40 33 J.
2856 522 144 39 Moore,

1689 568 167 41 previous
1873 576 37 25 to
1926 569 60 32 the
2003 569 168 44 junction
2190 570 43 32 of
2246 572 59 31 the
2322 576 77 26 two
2417 569 151 38 armies;
2602 568 155 44 thirdly,
2783 568 60 33 for
2867 569 135 44 Copies

1687 613 43 33 of
1743 614 59 32 the
1818 618 319 32 communications
2156 615 91 34 from
2267 617 59 32 the
2343 617 132 32 Juntas
2493 615 60 43 of•
2554 615 123 43 Spain.

1734 661 76 32 The
1830 663 89 33 Earl
1933 664 44 31 of
1995 665 70 33 Ltv
2078 673 50 24 ER
2138 672 79 26 POO
2229 672 20 22 t,
2267 663 194 33 conceived
2478 663 79 32 that
2577 663 61 31 the
2667 661 138 32 motion
2832 663 111 40 ought
2963 669 38 27 to

1689 707 43 32 be
1757 718 96 24 more
1883 711 200 39 evtensive,
2109 710 184 34 therefore
2314 709 130 33 moved
2520 707 243 41 amendment,
2793 716 38 24 to
2863 711 139 30 include

1689 761 132 28 returns
1837 757 43 30 of
1890 757 52 32 all
1961 761 148 39 cavalry
2131 763 77 27 sent
2228 763 34 26 to
2296 757 174 40 Portugal
2594 756 128 41 Spain,
2740 761 38 26 to
2797 755 60 32 the
2875 757 64 31 end
2965 754 43 34 of

1690 802 12 32 I
1711 803 79 32 titH.
1840 803 80 32 The
1949 804 149 41 motion,
2130 803 89 33 with
2246 803 60 32 the
2331 802 241 38 amendment,
2604 810 73 22 was
2706 802 164 32 carried.
2923 802 78 33 The

1695 848 115 33 Noble
1832 849 87 32 Earl
1936 850 83 32 then
2037 853 130 37 stated,
2193 850 79 33 that
2304 852 59 31 the
2385 848 229 33 instructions
2633 848 228 33 transmitted
2887 855 35 25 to
2941 849 60 32 the

1690 896 145 31 Otlicers
1848 898 194 41 employed
2062 898 33 32 in
2117 899 60 31 the
2199 896 228 43 Expedition
2445 902 35 26 to
2494 895 129 44 Spain,
2639 894 65 33 &c.
2718 894 132 33 should
2869 895 43 32 be
2928 895 73 32 laid

1689 943 123 33 before
1840 950 60 26 tile
1928 944 412 45 Iluuse.—Adjourned.

2170 1050 164 47 Frir;try,

2128 1124 162 22 ORDERS
2311 1124 40 22 IS
2378 1122 191 25 COUNCIL.

1739 1176 90 35 Lord
1850 1178 255 35 GRENVILLE
2133 1187 79 24 rose
2241 1183 37 26 to
2311 1176 105 32 make
2454 1175 51 32 his
2541 1174 182 43 promised
2763 1174 156 33 motion.
2970 1175 38 33 It

1693 1226 129 39 would,
1851 1226 44 32 be
1906 1226 92 39 said,
2026 1227 43 32 be
2096 1226 33 33 in
2148 1225 96 33 their
2265 1224 196 41 Lordships
2486 1222 253 39 recollection,
2767 1222 79 32 that
2867 1224 34 28 in
2927 1233 60 21 con-

1687 1281 170 33 sequence
1876 1272 44 33 of
1941 1276 60 30 the
2019 1272 203 33 sentiments
2257 1270 63 32 felt
2343 1270 69 32 and
2430 1272 195 39 expressed
2657 1271 45 32 by
2722 1279 113 32 every
2865 1270 86 31 clas
2970 1269 41 32 of

1690 1319 196 32 merchants
1896 1322 69 31 and
1984 1318 287 35 manufacturers
2288 1318 32 31 in
2341 1318 69 31 this
2427 1317 162 39 kilidaMl,
2606 1317 41 31 he
2668 1316 86 37 had,
2776 1326 45 21 on
2833 1326 24 21 a
2876 1315 131 33 former

1690 1376 178 31 occasion,
1894 1368 183 39 distinctly
2106 1368 70 31 ..,o1
2211 1363 92 43 fully
2331 1363 115 33 stated
2478 1363 51 32 his
2550 1363 177 44 opinions
2745 1363 70 33 and
2838 1363 54 31 his
2906 1374 85 31 argu-

1691 1421 106 25 ments
1817 1423 96 34 upon
1942 1414 63 34 the
2027 1415 182 41 question,
2237 1410 119 32 which
2391 1410 71 32 this
2478 1410 100 41 night
2598 1409 53 33 his
2669 1409 89 33 duty
2774 1409 118 32 galled
2915 1421 47 33 up
2962 1421 24 33 o
2986 1421 24 33 n

1693 1461 72 32 him
1778 1461 105 43 again
1903 1468 38 26 to
1959 1461 103 41 bring
2080 1461 124 32 before
2223 1459 96 33 their
2346 1455 266 45 Lordships-1
2639 1456 169 44 question
2824 1457 144 43 involvi
2968 1457 20 43 n
2988 1457 21 43 g

1693 1513 59 26 not
1768 1509 135 43 merely
1924 1508 61 32 the
2003 1507 228 41 commercial
2246 1504 67 33 and
2333 1504 164 33 fiaancial
2520 1504 178 35 interests,
2717 1504 63 31 but
2802 1504 61 32 the
2884 1505 109 41 politi-

1693 1556 53 31 cal
1763 1556 66 33 and
1848 1556 115 33 moral
1972 1552 149 46 justice,
2141 1565 85 33 nay,
2242 1552 35 32 in
2296 1552 43 32 its
2357 1551 163 32 ultimate
2539 1551 137 38 effects,
2694 1552 61 30 the
2773 1550 137 41 safety,
2929 1560 60 33 per-

1696 1600 87 45 haps
1808 1603 60 33 the
1894 1602 184 33 existence
2107 1602 43 32 of
2180 1600 59 34 the
2276 1598 165 43 Empire.
2496 1596 107 33 From
2634 1598 57 31 the
2719 1597 193 33 authentic
2939 1598 69 33 and

1695 1650 137 41 printed
1848 1650 208 33 documents
2073 1657 97 34 upon
2202 1642 110 44 their'
2326 1643 209 44 Lordships'
2555 1644 112 39 table,
2688 1643 41 33 he
2751 1644 124 32 would
2902 1645 107 32 make

1696 1701 27 27 it
1741 1695 164 35 manifest
1929 1701 38 28 to
1988 1704 107 33 every
2118 1695 123 33 Noble
2275 1693 90 32 Lord
2398 1694 84 30 who
2511 1690 110 32 heard
2652 1690 90 40 him,
2770 1690 99 39 that,
2893 1701 38 21 so
2952 1693 58 32 far

1694 1742 91 34 from
1801 1743 213 38 unfairness,
2031 1753 41 21 or
2091 1742 209 44 partiality,
2324 1736 190 34 exhibited
2535 1748 45 21 on
2596 1737 60 32 the
2675 1743 81 37 part
2776 1736 45 33 of
2841 1737 170 35 America

1693 1791 138 44 against
1847 1792 74 34 this
1937 1794 167 38 country,
2117 1787 72 34 and
2210 1789 33 32 in
2262 1786 130 34 favour
2404 1783 45 33 of
2467 1783 151 40 France,
2634 1785 148 38 nothing
2799 1782 107 34 could
2928 1795 61 32 pos-

1694 1839 94 43 sibly
1804 1839 41 33 be
1867 1848 102 24 more
1993 1837 72 33 fair
2081 1846 41 22 or
2146 1834 206 45 impartial,
2375 1839 149 34 excep:,
2541 1831 143 40 imleed,
2704 1841 22 21 w
2743 1830 60 34 hat
2823 1831 56 32 his
2901 1832 87 31 Lord-

1695 1885 81 46 ship
1791 1885 221 34 maintained
2031 1893 71 22 was
2127 1884 99 41 truly
2246 1881 59 32 the
2322 1890 97 28 case,
2438 1890 20 21 a
2476 1878 210 44 partiality,
2704 1878 69 32 and
2793 1887 22 22 a
2836 1886 86 35 very
2943 1879 43 32 im-

1697 1937 145 39 portant
1856 1944 84 30 one,
1955 1932 35 32 in
2008 1931 130 32 favour
2157 1930 44 32 of
2215 1929 72 33 this
2304 1932 170 37 country.

1746 1980 94 34 Here
1858 1978 57 34 his
1935 1977 177 44 Lordship
2132 1976 84 33 read
2233 1976 64 33 the
2315 1972 229 34 instructions
2559 1976 74 28 sent
2653 1971 47 44 by
2720 1970 63 33 the
2813 1969 196 37 American

1697 2028 241 33 Government
1956 2034 38 27 to
2014 2026 70 33 Mr.
2105 2023 214 39 Armstrong
2333 2021 33 32 in
2387 2020 116 41 Paris,
2518 2020 69 32 :LA
2606 2024 38 26 to
2663 2020 72 31 Mr.
2760 2019 190 43 Pinckney
2975 2020 34 34 in

1701 2074 157 40 London,
1881 2074 174 43 whereby
2076 2073 25 32 it
2118 2069 189 44 appeared
2326 2068 76 32 that
2428 2067 60 32 the
2507 2066 176 44 proposal
2702 2069 37 27 to
2757 2065 77 33 this
2850 2066 139 34 Govern-

1698 2127 91 27 ment
1804 2132 74 22 was
1899 2120 94 40 that,
2026 2130 45 22 on
2083 2120 59 31 the
2164 2121 84 38 part
2263 2114 43 33 of
2329 2113 187 39 America,
2538 2113 60 32 the
2620 2113 182 40 Embargo
2820 2112 128 33 should
2966 2118 44 28 he

1696 2169 211 44 suspended,
1933 2165 176 46 provided
2151 2172 56 26 we
2244 2163 119 33 would
2396 2160 133 33 reseiud
2550 2160 61 31 the
2631 2159 135 33 Orders
2780 2159 34 32 in
2833 2159 176 41 Council;

1696 2216 69 33 and
1783 2215 67 34 this
1870 2215 107 43 being
2003 2212 132 45 agreed
2156 2218 113 35 upon,
2300 2210 28 32 it
2359 2218 74 22 was
2456 2206 130 40 added,
2606 2205 78 32 that
2709 2205 76 32 she)
2792 2205 48 32 mid
2875 2205 136 34 France

1698 2263 111 33 refuse
1834 2269 40 27 to
1903 2263 123 33 cancel
2057 2259 64 33 her
2153 2259 159 37 decrees,
2344 2255 63 32 she
2443 2257 89 28 must
2554 2252 219 43 necessarily
2792 2254 103 31 draw
2916 2263 96 33 upon

1698 2309 135 33 herself
1854 2310 60 32 the
1949 2308 165 41 hostility
2139 2303 44 34 of
2209 2302 182 33 America.
2443 2301 77 33 The
2544 2309 99 24 same
2670 2298 252 44 proposition,
2940 2302 72 33 and

1698 2356 32 33 in
1750 2356 59 34 the
1822 2366 98 25 same
1938 2361 122 33 terms,
2083 2362 73 25 was
2189 2350 103 33 made
2308 2354 37 28 to
2369 2348 63 33 the
2452 2347 240 33 Government
2711 2344 44 33 of
2783 2344 162 41 France;
2970 2359 40 20 so

1698 2402 78 34 that
1805 2404 86 34 here
1919 2413 73 24 was
2017 2413 22 22 a
2065 2400 72 34 fair
2172 2395 244 46 opportunity
2446 2394 41 32 of
2507 2399 63 27 not
2588 2393 85 43 only
2692 2392 242 43 conciliating
2953 2394 60 32 the

1697 2450 195 35 American
1907 2452 133 37 States,
2060 2447 69 34 and
2161 2445 177 40 restoring
2356 2443 61 32 the
2433 2440 92 44 good
2544 2438 295 43 understanding,
2856 2440 70 32 and
2952 2440 60 34 the

1697 2498 90 32 solid
1805 2498 221 40 advantages
2044 2494 92 34 from
2157 2494 31 30 it
2206 2491 171 40 resulting
2391 2494 38 26 to
2446 2486 87 33 both
2552 2486 197 39 countries,
2769 2486 65 32 but
2854 2496 21 22 a
2895 2492 120 39 strong

1698 2544 228 45 probability
1948 2555 72 21 was
2033 2538 162 38 afforded
2209 2535 44 35 of
2263 2548 20 22 a
2301 2535 139 35 cordial
2459 2532 66 34 and
2537 2533 122 31 ;:etive
2673 2532 278 41 co-operation,
2965 2533 50 45 by

1696 2603 22 21 a
1737 2590 177 45 powerful
1941 2590 103 44 Ally,
2059 2590 33 32 in
2113 2584 233 46 prosecuting
2361 2591 79 24 war
2452 2581 139 41 agaitist
2611 2581 59 31 the
2688 2589 165 22 common
2871 2588 139 37 enemy.

1703 2640 64 32 flis
1791 2639 177 43 Lordship
1997 2631 233 50 reprobated,
2267 2631 32 32 in
2330 2640 85 31 very
2448 2635 118 33 strong
2587 2633 123 32 terms,
2730 2627 64 32 the
2807 2626 150 32 conduct
2974 2626 45 34 of

1703 2687 191 39 Ministers,
1923 2685 120 33 which
2065 2678 184 48 appeared
2264 2685 35 26 to
2329 2676 92 32 have
2440 2676 86 31 been
2544 2674 184 43 suggested
2748 2674 47 41 by
2817 2682 46 22 no
2880 2675 133 32 motive

1698 2733 44 32 of
1763 2733 164 39 wisdom,
1938 2731 152 44 justice,
2109 2739 41 21 or
2169 2726 139 45 policy,
2324 2724 63 32 but
2404 2727 35 27 to
2454 2731 99 34 grow
2585 2727 59 25 oat
2665 2719 43 33 of
2728 2731 20 21 a
2770 2720 183 44 principle
2974 2720 43 34 of

1701 2787 100 37 petty
1818 2780 69 32 and
1903 2778 210 44 despicable
2133 2772 122 47 pride.
2309 2771 112 33 From
2443 2770 59 32 the
2523 2767 142 44 Papers
2683 2778 44 20 on
2748 2767 59 31 the
2837 2767 113 39 table,
2970 2769 43 33 he

1697 2826 155 35 deduced
1871 2837 24 22 a
1913 2824 217 46 deplorable
2164 2819 131 43 falling
2324 2818 53 32 oil'
2400 2817 34 32 in
2453 2818 58 28 the
2536 2818 148 30 anuoint
2702 2813 43 32 of
2771 2815 161 41 Imports
2947 2817 70 32 and

1706 2876 158 43 Exports
1881 2872 94 33 from
1994 2871 69 34 and
2082 2877 37 26 to
2141 2869 63 33 the
2230 2865 196 33 American
2447 2865 113 31 States
2596 2862 66 31 last
2683 2870 100 32 year.
2844 2858 99 34 With
2961 2872 38 21 re-

1698 2928 99 38 spect
1817 2928 35 27 to
1870 2921 83 33 that
1971 2923 92 28 most
2080 2917 201 44 important
2306 2910 133 34 article
2457 2919 99 30 corn,
2577 2908 28 33 it
2628 2917 72 22 was
2720 2906 83 33 well
2825 2907 132 34 known
2978 2915 39 28 to

1698 2969 96 33 their
1815 2967 200 44 Lordships
2027 2966 70 33 and
2117 2970 37 26 to
2172 2962 59 33 the
2254 2959 133 39 world,
2408 2959 73 30 that
2503 2955 70 32 this
2590 2961 152 35 country
2764 2953 63 33 did
2851 2961 60 26 not
2934 2966 63 32 pro-

1698 3017 90 34 duce
1804 3028 21 22 a
1835 3014 172 47 quantity
2027 3012 44 34 of
2082 3014 27 32 it
2119 3015 38 30 at
2176 3007 50 35 all
2243 3007 181 44 adequate
2438 3011 35 25 to
2492 3002 44 32 its
2554 3013 83 20 own
2649 3001 280 43 consumption;
2950 3005 71 34 and

1700 3073 79 25 now
1796 3065 78 33 that
1894 3073 57 22 we
1971 3069 96 26 were
2082 3054 178 48 deprived
2280 3053 43 33 of
2342 3052 52 33 all
2413 3060 66 22 our
2502 3051 143 30 former
2661 3059 144 22 sources
2820 3048 40 32 of
2884 3052 138 44 supply

1701 3109 92 35 from
1817 3111 64 38 the
1900 3109 188 35 Northern
2117 3110 102 40 ports
2241 3099 45 35 of
2307 3100 163 43 Europe,
2503 3097 30 32 it
2561 3097 148 32 became
2730 3096 207 44 peculiarly
2959 3107 40 22 ne-

1701 3169 138 33 cessary
1867 3163 38 28 to
1941 3156 125 33 obtain
2107 3154 27 32 it
2163 3148 154 43 through
2352 3144 182 35 America.
2595 3143 71 32 But.
2692 3142 32 33 if
2756 3143 201 40 Minis:ers,
2983 3155 40 25 as

1701 3206 136 33 seemed
1856 3213 39 27 to
1910 3204 48 32 he
1977 3202 94 34 their
2083 3198 137 46 object,
2236 3203 94 27 were
2343 3189 221 38 determined
2591 3196 37 26 to
2649 3189 103 33 force
2766 3189 83 33 that
2867 3196 156 33 country

1704 3254 74 32 into
1800 3260 76 27 war
1890 3253 90 32 with
1997 3261 53 28 us,
2065 3248 100 33 what
2181 3243 113 44 might
2309 3242 43 31 be
2370 3241 59 32 the
2446 3247 261 34 consequence,
2726 3236 34 32 in
2780 3237 73 32 this
2867 3239 100 41 point
2980 3237 45 35 of

1706 3301 107 39 view,
1828 3300 27 33 it
1876 3299 124 34 would
2019 3295 79 34 well
2111 3295 149 31 becoole
2272 3289 97 34 their
2391 3285 194 43 Lordships
2598 3283 177 43 seriously
2790 3289 38 27 to
2843 3286 177 34 consider.

1754 3346 92 35 Lord
1863 3346 63 34 BA
1936 3352 161 27 rnuRST
2114 3337 197 48 expressed
2331 3346 22 24 a
2373 3333 180 33 readiness
2569 3337 37 27 to
2626 3333 106 39 begin
2748 3341 21 21 A
2789 3331 234 43 negotiation

1708 3394 86 33 with
1814 3393 187 39 America,
2019 3402 39 22 as
2073 3398 86 24 soon
2177 3398 39 22 as
2233 3387 81 32 that
2335 3386 154 34 country
2506 3378 124 33 would
2654 3378 90 31 oder
2769 3374 113 37 ti:rms
2903 3379 119 34 which

1708 3444 27 32 it
1752 3452 73 24 was
1837 3444 196 32 consonant
2065 3436 91 33 r.ith
2181 3435 61 34 the
2272 3430 142 45 dignity
2438 3428 39 31 of
2502 3425 113 32 Great
2639 3424 143 33 Britain
2811 3431 37 26 to
2878 3433 142 37 accept.

1711 3491 33 33 It
1772 3489 67 33 had
1873 3489 91 33 been
1988 3483 115 37 stated
2135 3483 48 44 by
2204 3483 63 32 the
2298 3477 122 34 Noble
2440 3475 142 37 Mover,
2611 3471 79 32 that
2713 3471 60 32 the
2794 3471 175 34 intention
2987 3472 44 35 of

1708 3539 60 33 the
1781 3537 117 33 duties
1918 3531 161 47 imposed
2114 3531 51 43 by
2193 3528 61 33 the
2281 3524 137 35 Orders
2448 3522 33 32 in
2509 3519 152 37 C.:ancil
2682 3528 45 22 on
2745 3517 148 44 foreign
2908 3521 118 40 trade,

1711 3594 72 26 was
1800 3589 35 28 to
1854 3583 161 33 increase
2026 3581 59 32 the
2105 3576 128 44 public
2250 3581 154 26 1....-satie
2422 3568 40 32 of
2476 3568 58 32 the
2545 3568 33 30 S:
2598 3574 61 24 .:e.
2696 3566 69 33 But
2787 3566 45 33 he
2843 3568 56 32 (l.;
2913 3568 115 40 tared,

1710 3633 77 32 that
1806 3631 94 33 their
1917 3628 104 34 chief
2033 3626 65 33 end
2119 3633 78 25 was
2212 3628 37 27 to
2267 3621 145 32 distress
2430 3615 60 33 th.s,
2506 3613 74 39 foe,

2594 3618 52 48 .to
2665 3612 156 44 deprive
2850 3613 89 41 him,
2956 3614 72 34 and

1709 3679 61 34 the
1785 3678 143 34 nations
1946 3678 78 33 that
2037 3672 158 46 groaoi'd
2215 3666 152 35 1),..•.,'ath
2389 3665 54 32 his
2460 3664 90 41 despot
2551 3659 135 91 ism,vnidttsbmy
2686 3705 123 34 tbe
2809 3709 84 40 iriv

2665 3684 9 15 ,
2693 3659 43 33 of
2748 3663 21 79 t
2770 3663 21 79 s
2791 3663 87 79 lins
2878 3663 21 79 )
2900 3663 22 79 e
2922 3663 90 79 iiis

2872 3672 131 22 commo-

1709 3728 105 33 dities
1832 3724 123 35 which
1971 3724 86 40 they
2078 3718 71 34 had
2166 3729 37 21 so
2223 3717 84 41 1..:!g
2322 3711 41 46 eil
2363 3711 13 46 s
2376 3711 28 46 iO
2435 3711 66 38 eel;
2529 3718 20 22 a

1714 3774 117 35 which
1850 3776 93 30 must
1959 3774 46 30 be
2022 3764 233 38 intolerahle,
2275 3770 37 26 to
2324 3761 100 35 force
2445 3757 96 32 them
2559 3759 38 28 to
2615 3763 63 34 cry
2693 3756 33 31 ai
2735 3754 70 33 otid
2826 3754 59 34 for
2904 3765 124 33 peace.

1711 3822 78 34 The
1806 3821 124 34 Noble
1950 3816 94 35 Lord
2065 3824 72 24 was
2156 3811 106 34 much
2291 3809 33 33 in
2339 3809 64 32 the
2425 3814 135 33 a'l'ong,
2585 3801 33 33 if
2639 3801 45 33 he
2700 3800 145 34 fancied
2867 3802 78 33 that
2963 3813 71 24 our

1713 3868 266 34 manufactures
2004 3863 66 33 had
2096 3857 152 37 suffered
2270 3868 37 21 so
2329 3854 104 34 much
2448 3865 11 28 ;
2487 3852 43 32 he
2550 3848 123 33 Avonld
2699 3848 91 40 find,
2807 3859 46 22 on
2874 3849 63 33 the
2949 3861 65 21 con-

1714 3924 116 37 trary,
1843 3915 79 32 that
1939 3914 33 33 in
1989 3913 89 33 ISOtr
2087 3909 103 33 there
2207 3914 72 25 was
2291 3914 41 24 an
2350 3904 175 35 iecrease,
2541 3898 35 32 in
2588 3898 64 31 t'•-.
2665 3901 156 38 exports
2832 3895 41 31 of
2881 3907 66 22 our
2962 3907 51 22 ma-

1685 3954 1 18 i

1714 3960 209 44 nufaetmed
1923 3960 22 44 .
1945 3960 117 44 pods,
2074 3957 41 33 of
2122 3957 71 32 five
2205 3951 158 37 hundred
2379 3946 177 37 thousand
2571 3944 151 44 pounds.
2753 3943 97 33 Lord
2868 3945 175 33 Bathurst

1715 4011 81 34 then
1824 4010 126 45 pointe
1954 4024 8 17 r
1967 4010 6 27 '
2004 4011 63 30 out
2091 4003 142 34 several
2259 4000 100 43 large
2378 3999 111 32 tracts
2506 3992 43 33 of
2571 3991 249 33 uncultivated
2841 3991 135 40 ground
3002 3993 37 32 in

1719 4057 162 39 Ireland,
1903 4056 122 33 where
2042 4055 28 32 it
2087 4050 120 37 would
2228 4050 45 32 he
2285 4057 83 32 easy
2381 4049 40 28 to
2438 4051 98 35 wow
2558 4039 93 39 flax,
2663 4048 38 22 as
2714 4048 87 22 soon
2820 4048 39 22 as
2880 4038 59 32 the
2956 4039 83 32 seed

1685 4128 14 12 -
1716 4106 104 38 could
1838 4104 46 37 be
1902 4102 176 39 obtained
2101 4100 96 35 from
2224 4097 131 35 Lower
2370 4089 175 41 Canada;
2576 4087 139 43 which,
2745 4095 48 25 on
2820 4090 155 31 account
3001 4085 45 37 of

3392 433 48 13 =

3239 2452 6 30 1

3464 2980 2 4 •

3439 3073 20 20 •=-1

3462 3203 18 25 t,

3273 3244 4 6 •

3333 3557 4 11 •

3339 3694 12 11 .•

3369 4122 13 6 .•
3435 4121 5 7 •

0 32 2 28 1

69 58 28 39 I

2911 52 85 50 115
