3201 4429
234 162 157 53 JAN.
437 159 76 48 15.

237 299 100 47 ship,
366 296 37 34 ia
437 305 59 33 my
514 295 107 34 letter
646 293 45 34 of
717 294 61 32 the
814 293 98 45 16th,
940 295 61 33 the
1018 304 135 25 success
1186 293 358 45 Brigadier-General

241 347 163 34 Stewart
424 343 72 33 had
524 348 70 27 met
614 340 92 35 with
737 348 72 27 met
836 343 90 33 with
958 343 34 33 in
1020 341 183 43 defeatiwg
1220 352 21 22 a
1264 341 224 33 detachment
1507 339 45 34 of

237 393 154 43 cavalry
419 398 41 27 at
489 390 141 35 Itueda.
680 390 103 33 Since
802 390 93 41 that,
920 389 70 34 few
1011 391 89 32 days
1129 390 92 32 have
1250 389 124 45 passed
1393 389 152 32 without

241 442 54 32 his
313 441 132 44 taking
464 449 43 22 or
522 439 130 41 killing
665 437 163 34 ditterent
841 438 133 45 pavtks
992 439 41 31 of
1048 437 61 33 the
1127 437 155 40 French,
1294 436 181 44 generally
1489 444 38 24 su-

237 485 131 50 perior
387 488 37 33 in
441 485 100 34 force
559 493 35 26 to
614 487 103 32 those
738 485 116 33 which
874 485 170 33 attacked
1058 485 110 33 them.
1221 485 53 31 On
1292 484 58 32 the
1370 482 118 34 march
1511 489 35 27 to

244 535 185 45 Sahagun,
454 535 94 34 Lord
568 533 118 45 Paget
704 533 69 33 had
791 533 233 34 information
1042 531 40 34 of
1096 533 20 33 6
1135 542 40 22 or
1192 531 67 34 700
1276 531 146 33 cavalry
1441 530 106 43 being

241 585 37 33 in
296 587 81 30 that
396 588 113 28 town.
562 582 58 33 lle
639 582 172 35 marched
829 593 44 21 on
892 580 61 35 the
971 581 102 35 niZilt
1096 580 44 34 of
1162 578 161 35 the2Oth
1342 578 92 33 from
1452 588 94 21 some

241 632 157 44 villages
417 631 124 34 where
560 630 43 32 he
622 640 74 22 was
716 630 125 44 posted
861 630 35 32 in
913 630 91 33 front
1083 627 58 33 the
1161 637 120 33 riemy
1305 631 39 28 at
1363 624 183 46 ,Nlajorgo,

241 681 93 33 with
354 679 64 34 the
443 679 79 33 10th
540 677 67 35 and
628 677 85 34 15th
731 676 156 44 hussars.
1050 676 77 32 11:1
1154 673 98 34 :aarch
1252 673 17 34 ,
1269 673 50 34 -fl
1337 673 156 43 straight
1507 676 39 30 to

242 728 65 34 the
341 732 118 33 town,
494 728 120 32 whilst
644 725 98 33 Lord
776 726 131 41 Paget,
941 725 90 32 Niith
1050 724 61 33 the
1129 720 100 40 15th,
1246 720 244 33 endeavoured
1509 723 37 30 to

242 783 81 27 turn
352 775 45 34 it.
451 772 285 45 Unfortunately
758 772 44 33 he
820 772 64 33 fell
902 772 34 33 in
956 771 89 34 with
1062 781 22 22 a
1102 770 137 43 patrol,
1266 778 67 24 one
1362 767 40 33 of
1428 767 118 33 whom

244 823 157 44 escaped
435 822 71 34 and
533 831 91 34 gave
641 821 63 33 the
731 821 129 34 alarm.
917 819 56 46 By
990 819 72 33 this
1077 828 118 24 means
1219 817 58 32 the
1306 814 142 34 French
1476 814 70 33 had

247 870 86 33 time
351 876 39 27 to
409 870 97 33 form
523 879 44 24 on
586 868 61 34 the
663 868 142 34 outside
820 868 43 33 of
874 866 59 37 the
952 873 98 28 town
1068 865 126 34 before
1224 863 91 33 Lord
1345 862 115 41 Paget
1486 866 63 38 got

248 920 124 33 round.
426 918 61 33 Ile
517 917 250 45 immediately
798 915 154 44 charged
969 914 112 39 them,
1113 913 86 32 beat
1230 911 107 38 them,
1365 909 66 33 and
1461 908 87 33 took

246 966 94 34 from
363 965 69 34 140
451 971 37 27 to
509 965 65 33 150
592 966 197 43 prisoners,
806 969 162 38 amongst
980 961 122 33 whom
1119 969 97 25 were
1234 965 72 27 two
1324 957 206 33 Lieutenant-

333 1015 87 33 mels
437 1012 69 34 and
522 1013 124 33 eleven
665 1012 167 39 Officers,
852 1012 89 33 with
959 1010 61 33 the
1037 1010 70 33 loss
1122 1018 46 22 on
1193 1016 65 25 our
1281 1011 83 39 part
1382 1006 40 32 of
1435 1004 54 33 six
1508 1013 43 22 or

247 1062 105 44 eight
370 1071 94 27 men,
482 1059 67 34 and
567 1059 161 46 perhaps
744 1059 47 34 20
809 1058 189 34 wounded.

295 1109 124 34 There
438 1109 90 32 have
547 1109 87 33 been
654 1108 111 33 taken
787 1107 46 43 by
848 1106 64 33 the
927 1104 151 34 cavalry
1095 1102 97 35 from
1204 1103 22 34 4
1244 1106 34 28 to
1297 1100 70 34 500
1395 1097 156 39 French,

248 1157 142 34 besides
405 1167 24 24 a
444 1155 252 35 considerable
713 1156 148 33 number
876 1153 116 34 killed
1006 1165 9 21 :
1055 1153 70 33 this
1148 1150 96 33 since
1274 1157 53 24 we
1346 1149 111 41 begun
1486 1156 66 22 our

249 1205 122 34 march
405 1205 94 32 from
531 1204 226 32 Salamanca.
809 1202 58 33 On
896 1201 56 33 his
980 1199 120 35 march
1119 1198 94 34 from
1231 1196 178 43 Sahagtm,
1429 1204 45 22 on
1493 1193 59 32 the

247 1254 102 40 MO,
371 1252 96 34 Lord
489 1252 129 43 Paget,
637 1251 91 32 with
748 1254 74 28 two
839 1248 197 45 squadrons
1063 1246 43 34 of
1135 1246 60 33 the
1226 1244 98 40 10th,
1342 1240 171 35 attacked
1531 1250 21 24 a

248 1302 233 33 detachment
496 1299 41 33 of
550 1299 149 41 cavalry
719 1302 39 28 at
778 1296 182 45 Majorga,
993 1293 112 34 killed
1130 1293 64 40 20,
1222 1291 69 33 and
1317 1289 90 33 took
1435 1287 117 33 above

250 1350 66 33 100
335 1348 193 45 prisoners.
580 1346 79 33 Our
674 1345 150 45 cavalry
846 1346 27 32 is
888 1354 90 34 very
994 1341 167 46 superior
1188 1341 35 32 in
1246 1338 143 44 quality
1420 1342 37 25 to
1480 1345 71 34 any

249 1397 61 33 the
335 1395 139 34 French
497 1395 90 33 have
602 1406 9 27 ;
639 1393 71 34 and
743 1393 61 33 the
836 1393 98 44 right
964 1391 111 43 spirit
1108 1388 63 32 has
1201 1385 89 33 been
1322 1381 136 35 infused
1478 1382 74 33 into

248 1444 99 33 them
365 1444 46 43 by
441 1442 61 34 the
516 1442 172 43 example
704 1440 69 33 and
793 1439 211 33 inrtruction
1022 1435 44 34 of
1076 1435 96 34 their
1187 1439 76 28 two
1285 1431 154 39 leaders,
1459 1429 93 33 Lord

250 1493 119 43 Paget
385 1491 72 35 and
476 1487 371 47 Brigadier-General
861 1487 174 33 Stewart.

1017 1541 139 40 Astor:
1161 1548 37 31 a,
1217 1537 85 33 Dec.
1320 1535 63 40 31,
1401 1534 104 34 1808.

296 1594 20 37 I
334 1594 150 34 arrived
503 1593 84 35 here
615 1591 207 46 yesterday.
872 1587 298 48 Major-General
1206 1584 145 38 Fraser,
1384 1581 90 33 with
1501 1579 54 34 his

248 1642 172 44 division,
442 1643 77 34 will
540 1641 41 34 be
599 1643 38 32 at
661 1641 102 33 Villa
783 1641 143 32 Franca
951 1638 71 32 this
1046 1633 87 43 day,
1148 1632 70 33 and
1234 1631 77 34 will
1330 1628 155 46 proceed
1512 1639 43 20 on

248 1697 39 27 to
311 1693 111 41 Lugo.
476 1687 391 37 Lieutenant-General
886 1685 128 46 Rope,
1033 1682 89 33 with
1143 1681 56 32 his
1215 1678 169 39 division,
1400 1675 154 44 stopped

253 1739 191 44 nsterday
480 1743 73 27 two
583 1739 146 41 leagues
762 1731 93 35 from
888 1731 90 40 this,
997 1730 71 34 and
1096 1726 174 47 proceeds
1294 1724 70 33 this
1382 1722 176 43 morning,

254 1785 175 34 followed
445 1785 50 44 by
514 1785 58 33 Sir
589 1783 125 34 David
736 1780 125 35 Baird.
913 1778 81 41 The
1011 1783 74 27 two
1115 1774 100 34 flank
1240 1770 169 45 brigades
1435 1778 45 33 go
1507 1768 47 44 by

253 1835 60 31 the
333 1833 87 34 road
438 1832 45 33 of
509 1830 217 35 Penferada.
780 1828 19 32 I
823 1827 91 33 shall
946 1825 144 39 follow,
1116 1821 91 34 with
1237 1819 61 34 the
1326 1827 141 24 reserve
1489 1815 69 33 and

249 1881 169 43 cavalry,
435 1884 39 31 to
491 1879 105 34 Villa
617 1878 158 38 Franca,
790 1876 118 32 either
924 1873 73 33 this
1013 1871 102 44 night
1139 1877 44 25 or
1212 1872 211 28 to-morrow
1444 1873 93 22 morn-

250 1929 74 44 ing,
350 1928 197 43 according
576 1936 40 22 as
647 1925 18 32 I
696 1924 87 33 hear
810 1922 63 33 the
900 1918 190 46 approach
1119 1916 43 33 of
1187 1915 60 32 the
1278 1913 154 33 French.
1480 1910 79 33 The

249 1976 164 43 morning
432 1975 18 34 I
471 1972 169 34 marched
669 1971 94 37 from
787 1970 217 37 Benevente,
1028 1974 96 25 some
1157 1961 196 45 squadrons
1371 1959 44 33 of
1441 1957 94 34 Bona-

250 2022 136 46 parte's
404 2021 142 37 Guards
561 2020 126 45 passed
704 2019 64 33 the
785 2019 97 33 river
899 2021 40 28 at
953 2024 25 24 a
994 2011 81 35 ford
1085 2011 119 33 above
1217 2010 59 32 the
1291 2007 136 43 bridge.
1454 2004 105 41 They

252 2081 98 32 were
365 2069 177 39 attacked
561 2069 48 41 by
630 2062 374 48 Brigadier-General
1025 2062 174 35 Stewart,
1212 2060 39 31 at
1264 2054 60 35 the
1339 2053 89 35 head
1446 2052 43 34 of
1502 2052 59 32 the

254 2119 144 44 piquets
416 2117 44 33 of
472 2117 63 33 the
553 2115 83 34 15th
654 2113 72 35 and
744 2113 45 33 3d
817 2113 159 33 German
998 2107 110 44 Light
1126 2105 206 43 Dragoons,
1354 2100 69 34 and
1437 2099 125 33 driven

249 2176 119 24 across
385 2164 64 34 the
465 2163 92 34 ford.
586 2161 116 34 Their
718 2159 167 40 Colonel,
900 2169 25 22 a
943 2154 157 37 General
1116 2152 44 35 of
1178 2150 184 39 Division,
1376 2147 188 39 Lefebvre,

254 2223 76 24 was
346 2213 130 39 taken,
494 2210 165 47 together
672 2207 93 34 with
783 2207 112 33 about
907 2207 149 39 seventy
1070 2200 150 34 Officers
1238 2198 67 33 and
1322 2205 92 24 men.

299 2259 80 34 The
411 2259 110 33 affitir
549 2268 71 25 was
657 2257 85 32 well
775 2251 197 38 contested.
1024 2249 78 34 The
1128 2246 167 33 numbers
1328 2243 87 33 with
1443 2237 120 37 which

254 2306 372 46 Brigadier-General
640 2304 161 33 Stewart
813 2297 174 38 attacked
998 2306 97 26 were
1109 2293 152 35 inferior
1272 2298 38 27 to
1320 2290 63 34 the
1402 2287 137 37 French
1553 2298 11 27 ;

254 2357 28 32 it
301 2357 27 32 is
356 2356 61 40 the
444 2363 107 33 corps
576 2352 41 35 of
632 2352 61 35 the
711 2352 159 41 greatest
888 2347 195 35 character
1103 2342 37 33 in
1156 2340 98 34 their
1270 2347 130 33 army;
1426 2336 67 34 but
1507 2333 64 35 the.

252 2402 229 45 superiority
504 2400 41 33 of
554 2400 61 33 the
635 2396 142 35 British
797 2405 91 31 was,
913 2394 98 33 lam
1025 2389 92 40 told,
1143 2396 89 33 very
1250 2385 247 45 conspicuous.
1547 2380 18 33 I

253 2451 157 39 enclose,
436 2448 60 33 for
521 2457 91 34 your
641 2441 213 47 Lordship's
881 2437 244 41 satisfaction,
1153 2433 97 35 Lord
1279 2430 146 46 Paget's
1441 2434 130 40 report

254 2498 43 31 of
318 2498 38 31 it.

1120 2531 220 37 Benevente,
1357 2528 87 32 Dec.
1461 2523 63 34 29.

305 2598 146 43 SIR--I
470 2598 93 37 have
580 2596 63 41 the
661 2597 141 33 honour
811 2600 37 27 to
868 2590 132 35 inform
1017 2598 87 35 you,
1120 2587 81 33 that
1213 2585 111 33 about
1335 2582 80 34 nine
1427 2577 145 37 o'clock

261 2648 72 35 this
351 2648 177 43 morning,
556 2646 17 33 1
594 2643 169 34 received
781 2653 22 24 a
821 2644 125 40 report
965 2639 80 32 that
1057 2637 60 33 the
1135 2631 159 45 enemy's
1319 2630 148 41 cavalry
1502 2633 70 26 was

261 2699 37 31 in
326 2696 63 33 the
404 2702 61 27 act
483 2696 39 31 of
537 2692 159 44 crossing
722 2691 63 33 the
806 2689 98 33 river
928 2692 40 27 at
987 2685 61 33 the
1065 2681 83 39 ford
1174 2691 85 22 near
1281 2678 63 33 the
1361 2675 141 44 bridge.
1552 2673 19 33 I

263 2743 248 45 immediately
524 2746 74 28 sent
615 2740 110 32 down
737 2739 60 31 the
816 2735 145 46 piquets
979 2731 43 34 of
1035 2731 60 34 the
1108 2728 103 43 night
1222 2725 110 35 under
1344 2724 231 34 Lieutenant-

263 2791 155 35 Colonel
437 2790 133 44 Otway
589 2787 44 33 of
641 2789 60 31 the
722 2783 94 35 ISth.
870 2781 148 41 Having
1033 2777 69 34 left
1113 2776 122 33 orders
1252 2773 79 33 that
1344 2771 61 34 the
1422 2767 151 44 cavalry

261 2839 131 35 should
411 2837 124 45 repair
550 2844 37 25 to
601 2833 97 45 their
710 2833 117 33 alarm
842 2835 112 40 posts,
972 2828 20 35 1
1011 2829 93 31 went
1114 2820 161 37 forward
1287 2824 37 30 to
1343 2816 235 39 reconnoitre,

261 2888 70 33 and
365 2885 112 33 found
511 2875 83 45 four
617 2881 198 48 squadrons
852 2877 44 34 of
937 2872 178 47 Imperial
1154 2868 139 35 Guards
1333 2863 136 37 formed
1508 2861 69 34 and

262 2933 242 45 skirmishing
528 2931 90 35 with
645 2930 64 33 the
741 2928 167 51 picquets
924 2923 69 34 and
1011 2921 104 34 other
1131 2917 149 41 cavalry
1304 2915 35 33 in
1370 2913 58 33 the
1459 2914 58 31 act
1544 2908 40 33 of

263 2993 159 37 passing.
477 2982 19 32 I
514 2983 73 31 sent
605 2978 57 34 for
677 2976 60 33 the
757 2975 83 38 10th
859 2973 157 38 hussars,
1042 2967 81 35 who
1153 2965 132 43 having
1299 2959 162 40 arrived,
1500 2955 59 34 Bri-

263 3027 306 47 gadier-General
596 3026 161 33 Stewart
783 3018 247 44 immediately
1050 3013 126 46 placed
1194 3008 148 37 himself
1355 3014 37 26 at
1410 3007 60 32 the
1489 3002 90 33 head

267 3079 43 31 of
320 3079 59 33 the
397 3078 158 44 piquets,
580 3074 85 40 and,
702 3071 87 33 with
815 3069 60 34 the
893 3069 133 33 utmost
1043 3061 198 45 gallantry,
1265 3056 185 35 attacked.
1502 3048 78 37 The

269 3126 84 33 10th
371 3125 144 34 hussars
529 3120 200 46 supported
750 3119 35 33 in
802 3117 63 33 the
880 3118 93 30 most
991 3109 139 48 perfect
1147 3107 122 33 order.
1318 3103 79 33 The
1417 3099 109 34 result
1544 3094 43 34 of

267 3175 64 31 the
347 3172 126 40 affair,
497 3182 38 24 as
552 3172 58 31 far
626 3180 39 22 as
685 3167 13 33 t
720 3167 93 32 have
830 3168 61 40 yet
911 3163 89 31 been
1016 3158 84 33 able
1120 3162 37 26 to
1174 3154 145 39 collect,
1355 3151 27 32 is
1407 3148 113 33 about
1537 3144 47 33 3O

269 3223 135 41 killed,
422 3221 47 34 25
489 3217 189 41 wounded,
694 3214 50 35 70
761 3211 196 47 prisoners,
980 3206 71 34 and
1063 3204 116 33 about
1193 3201 59 33 the
1263 3208 98 25 same
1376 3194 150 35 number
1541 3189 44 35 of

273 3270 163 33 horses..

321 3319 38 33 It
377 3319 28 32 is
432 3313 211 47 impossible
660 3309 59 35 for
737 3319 58 24 me
809 3312 39 31 to
865 3304 113 37 avoid
994 3299 180 47 speaking
1192 3296 34 33 in
1239 3294 61 33 the
1317 3291 143 45 highest
1475 3292 109 28 terms

272 3366 43 34 of
330 3367 51 32 all
402 3365 102 32 those
515 3361 170 44 engaged.
990 3351 135 40 Otway
1150 3344 70 34 and
1238 3343 120 44 Major
1381 3333 204 47 Bergwidel

274 3413 138 33 headed
449 3412 61 34 the
536 3407 201 46 respective
770 3402 102 45 night
906 3400 157 45 piquets.
1121 3393 81 34 The
1233 3392 109 32 latter
1374 3387 28 32 is
1435 3381 150 45 slightly

275 3461 195 34 wounded.
522 3459 79 33 The
614 3461 132 28 utmost
765 3451 78 34 zeal
859 3459 73 22 was
950 3444 237 43 conspicuous
1206 3439 33 32 in
1257 3436 59 33 the
1337 3432 118 35 whole
1474 3428 43 35 of
1528 3437 58 34 my

274 3510 91 34 StiB
407 3507 69 35 and
495 3506 17 34 1
531 3506 67 33 had
617 3511 110 34 many
743 3500 203 34 volunteers
963 3493 93 33 from
1085 3487 291 43 head-quarters,
1401 3478 69 33 and
1483 3476 106 34 other

274 3560 139 31 t)tiixrs
430 3555 43 35 of
488 3565 90 33 your
594 3560 120 35 army.
769 3547 172 40 Amongst
960 3541 60 33 the
1041 3537 178 46 prisoners
1244 3534 27 31 is
1292 3530 61 32 the
1372 3524 155 35 General
1552 3520 43 34 of

279 3608 71 33 Div
392 3605 59 33 ion
471 3602 191 38 Lefebvre,
691 3596 106 44 (who
815 3588 203 38 tom-wands
1037 3588 59 30 the
1111 3581 150 41 eavalry
1279 3576 44 33 of
1332 3576 60 33 the
1411 3569 177 47 Imperial

279 3654 164 39 Guard),
469 3650 69 34 and
566 3654 73 28 two
674 3643 187 46 Captains.
913 3638 79 33 Our
1017 3635 70 32 loss
1114 3632 44 39 is,
1187 3630 18 32 I
1235 3627 92 37 fear,
1352 3621 125 41 nearly
1509 3617 81 44 fifty

278 3712 80 22 men
376 3702 118 32 killed
511 3696 69 35 acid
601 3690 189 39 wounded.
843 3689 18 33 I
879 3684 80 37 will
974 3681 83 34 send
1076 3690 20 22 a
1108 3685 123 27 return
1245 3673 59 33 the
1320 3672 157 35 moment
1495 3664 15 34 1
1527 3673 71 28 can.

278 3751 133 33 collect
430 3749 60 33 the
503 3732 229 57 reports.-1
752 3732 91 40 film
860 3735 61 33 the
940 3732 188 33 honouo
1142 3725 63 40 he,
1224 3720 64 34 Sze.

821 3778 150 48 Signed)
1063 3731 72 74 rt
1135 3783 22 22 G

1165 3772 52 33 vr
1217 3759 331 53 ,Lieut.-Gencrat.

328 3854 53 37 To
404 3846 299 43 Lieut.-General
720 3844 60 33 Sir
796 3841 99 35 John
909 3839 141 37 Moore,
1067 3831 46 34 K.
1133 3831 45 33 B.

331 3913 14 34 1
371 3913 92 33 have
480 3904 208 40 forwarded
710 3902 60 33 the
788 3898 182 45 prisoners
989 3896 38 28 to
1049 3887 154 37 lianiza.
1252 3882 57 33 On
1324 3878 61 35 the
1402 3873 105 37 other
1520 3869 77 37 side

281 3960 44 34 of
352 3969 61 26 tie
442 3960 99 37 river
570 3956 59 33 the
646 3959 128 32 cuemy
796 3943 136 37 formed
948 3938 123 44 again,
1096 3934 69 34 and
1187 3935 39 30 at
1256 3930 71 33 this
1344 3926 130 34 instant
1495 3919 102 34 three

280 4015 89 38 gulls
386 4007 44 33 of
445 4006 109 45 Capt.
580 3994 213 41 th.movau'&
809 4000 122 34 troops
947 3983 161 43 arrived,
1134 3978 123 38 which
1274 3974 60 34 did
1351 3965 247 43 considerable

279 4059 215 31 execution.

569 4139 296 48 p;tRTNIZRSI
866 4139 27 48 I
893 4139 27 48 I
937 4136 53 34 is
1020 4123 313 45 DISSOLVED.

330 4206 43 35 J.
392 4205 135 44 Wyatt
542 4199 54 45 and
643 4196 53 34 11.
718 4192 142 46 Wyatt,
896 4183 209 38 Ashborne,
1127 4172 244 46 Derbyshire,
1384 4165 174 38 milliners

287 4254 65 34 W.
381 4248 206 51 lieyivood
615 4244 73 38 and
724 4240 45 39 13.
803 4227 295 51 E..lleywood,
1122 4222 135 39 Scotch
1299 4217 305 38 warehousemen,

283 4316 33 13 .t
560 4285 4 44 .
601 4296 32 25 ..!
699 4285 45 32 :w
744 4285 22 32 ,
796 4309 24 5 ..

398 4354 28 6 .1

1104 157 142 50 THE
1279 156 365 51 NATIONAL
1682 151 360 54 REGISTER.

1615 287 221 33 Manchester
1846 285 78 34 J.
1952 283 126 33 Ilarri-;
2096 283 69 31 Inni
2191 281 46 31 1).
2257 280 125 32 Jones,
2407 275 104 34 Pool,
2533 262 372 47 Nloutgonter3shire,

1610 331 386 38 coal-merchantsJ.
2028 328 202 37 Mansfield,
2262 326 46 32 T.
2341 322 139 38 Miller,
2506 320 44 33 J.
2575 313 246 40 Winstanley,
2836 306 72 35 and

1613 381 44 33 It.
1681 381 151 39 Clarke,
1865 381 189 34 Leicester,
2087 371 155 39 batikc,
2242 371 21 39 -
2263 371 90 39 sW.
2374 364 227 41 Greenwood
2628 360 70 34 and
2734 358 59 32 W.
2820 357 66 32 Ber-

1611 429 115 44 ridge,
1743 429 194 33 Leicester,
1968 420 322 44 iroumongersJ.
2313 419 48 33 N.
2385 417 122 37 'Tiers,
2528 415 34 30 S.
2596 409 43 34 F.
2670 407 177 33 Lettsom,
2868 398 38 37 J.

1613 476 128 40 %%tide,
1759 477 65 32 and
1839 475 39 34 3.
1913 474 46 32 It.
1981 471 161 38 hander,
2177 468 138 34 London
2348 464 71 34 and
2452 455 226 40 Neath-1).
2705 454 112 39 Laing
2837 449 72 33 and

1688 523 139 39 Riches,
1860 522 262 34 Cannon-row,
2153 514 260 35 Westminster,
2445 500 301 50 carpentersJ.
2772 496 139 39 Bwith,

1615 570 57 33 W.
1690 570 26 33 A
1726 570 191 39 Ilison,and
1930 569 43 31 T.
1991 566 155 35 Allison,
2164 562 130 39 Louth,
2315 555 262 37 Lincolnshire.
2594 549 112 43 spirit
2721 544 167 33 d-alerii--
2898 561 14 5 -

1610 617 41 33 J.
1689 617 130 45 Ridley
1852 617 71 32 and
1954 614 45 33 It.
2035 613 161 35 Dodson,
2233 604 197 45 Liverpool
2472 599 72 37 and
2581 598 209 35 LaiieLoter,
2818 600 71 24 mer-

1609 664 135 35 chants.

2819 660 58 17 Ittl
2906 660 38 17 1

2411 671 11 17 4
2421 671 11 17 ,
2432 671 35 17 141

2082 697 343 44 BANKRUPTS.

1649 769 48 37 .J.
1715 770 171 41 Douglas,
1905 763 307 45 Loughborough,
2224 758 197 35 merchant,
2433 759 37 28 to
2483 750 190 35 surrender
2687 746 91 34 Jan.
2803 745 56 37 17,
2875 746 40 30 at

1611 817 97 44 four,
1724 819 64 33 and
1811 819 54 41 19,
1898 815 69 34 and
1990 814 89 33 Feb.
2112 811 61 38 '2l,
2206 814 37 26 at
2270 806 146 34 twelvo,
2445 806 35 28 at
2515 801 60 32 the
2611 796 94 34 Blue
2727 793 80 33 Bell
2831 793 84 34 Inn,

1616 865 185 34 Leicester.
1884 862 193 38 Attornies,
2127 859 40 32 Me
2167 859 20 32 ,
2187 859 84 32 srs.
2322 847 210 39 Bleasdale,
2568 841 228 37 Alexander,
2837 837 72 33 and

1616 913 145 39 Holme,
1778 912 93 33 'New
1894 911 77 37 Inn,
1994 906 139 34 Londno
2147 917 12 26 ;
2186 904 67 31 and
2275 901 70 32 Mr.
2370 896 45 33 It.
2439 894 116 37 Bond,
2577 891 194 32 Leicester.

1663 960 46 33 R.
1729 960 47 33 H.
1794 957 157 39 Wilson,
1972 951 210 37 Wakefield.
2204 948 30 33 Y
2243 945 180 35 orkshire,
2434 941 136 35 factor,
2583 939 20 31 3
2614 947 60 21 an.
2689 934 59 37 17,
2759 937 39 30 at
2815 931 100 39 four,

1617 1007 56 40 19,
1689 1007 65 33 and
1775 1006 90 33 Feb.
1894 1003 64 39 21,
1989 1007 39 26 at
2056 999 146 34 twelve,
2232 1000 37 27 at
2296 993 64 33 the
2395 989 92 33 Blue
2510 985 81 35 Bell
2615 983 80 38 Inn,
2714 980 195 34 Leicester.

1616 1055 197 38 Attornies,
1839 1054 73 32 Mr.
1950 1049 162 37 Lawton,
2148 1046 206 33 Leicester;
2380 1036 70 34 and
2484 1035 72 32 Mr.
2584 1029 159 44 Taylor,
2779 1025 113 33 South-

1613 1098 360 46 ampton-buildings,
1996 1094 154 34 Loudon.

1663 1147 60 35 W.
1743 1147 167 37 Barlow,
1933 1141 190 38 Cheshire,
2143 1130 344 40 timber-merchant,
2499 1126 90 34 Jan.
2609 1123 58 39 16,
2683 1119 69 35 and
2772 1119 93 34 Feb.
2883 1116 37 39 1,

1612 1196 64 40 21,
1694 1199 37 30 at
1748 1194 145 39 twelve,
1911 1196 39 27 at
1967 1191 59 32 the
2047 1187 76 33 Red
2144 1183 87 34 Lion
2250 1183 77 35 Inn,
2348 1180 144 32 Heaton
2512 1170 144 37 Norris,
2681 1165 234 37 Lancashire.

1617 1241 195 40 Attornies,
1833 1239 72 34 Mr.
1930 1234 191 46 Linguard,
2139 1225 326 40 Heaton-Norris;
2489 1220 71 33 and
2581 1218 73 33 Mr.
2680 1214 117 41 Edge,
2816 1212 105 33 tuner

1615 1289 165 45 Temple,.
1800 1286 161 34 London.

1665 1339 44 30 G.
1748 1332 223 40 Lockwood,
2007 1322 266 41 llnederstield,
2308 1315 229 40 Yorkshire,
2587 1305 337 43 woollen-draper,

1617 1385 94 33 Feb.
1734 1382 86 43 3,4,
1833 1381 67 33 and
1913 1380 61 39 '2l,
1989 1384 33 25 at
2041 1383 91 30 two,
2150 1380 39 26 at
2209 1372 58 30 the
2281 1364 139 46 Spread
2439 1361 112 44 Eagle
2572 1359 81 39 inn,
2675 1354 246 35 Manchester.

1618 1431 194 40 Attorney,
1832 1429 72 32 Mr.
1920 1424 151 44 Taylor,
2094 1419 240 34 Manchester.

1663 1479 40 32 J.
1724 1476 197 37 Anderson,
1941 1470 211 41 Stockport,
2173 1462 190 38 Cheshire,
2394 1457 150 43 draper,
2572 1452 87 33 Jan.
2678 1449 64 39 27,
2771 1446 66 40 25,
2854 1443 74 37 and

1622 1526 90 33 Feb.
1729 1524 58 40 21,
1799 1527 38 28 at
1856 1526 74 35 ten,
1948 1525 38 27 at
2009 1518 58 32 the
2095 1513 129 33 Whits
2241 1509 106 33 Swan
2370 1506 77 34 Inn,
2465 1495 274 40 Huddersfield.
2792 1493 110 33 Attor-

1617 1576 91 35 nies,
1722 1572 67 33 Mr.
1809 1569 148 43 Battye,
1969 1556 366 48 Chancery-London;
2348 1552 69 34 and
2431 1551 67 33 Mr.
2511 1548 21 35 J
2544 1570 8 8 .
2571 1545 151 43 Battyc,
2739 1539 167 35 !ladders-

1618 1620 102 39 held,
1735 1616 228 37 Yorkshire.

1668 1667 43 33 T.
1733 1667 118 37 Frost,
1869 1656 366 40 Leadenhall-street,
2257 1646 190 38 stationer,
2465 1642 87 33 Jau.
2570 1639 61 34 20.
2659 1635 64 41 '24,
2743 1633 74 34 and
2831 1631 93 35 Feb.

1617 1714 64 38 21,
1696 1719 38 28 at
1750 1711 137 39 eleven,
1902 1715 40 26 at
1959 1701 204 38 Guildhall.
2191 1695 203 40 Attornies,
2408 1693 142 33 Messrs.
2572 1684 107 35 Evitt
2694 1682 73 35 and
2781 1680 142 39 Rival,

1623 1759 322 45 Haydon-square,
1964 1750 189 34 Minories.

1668 1809 38 32 S.
1722 1807 149 40 Rogers,
1887 1802 213 41 Chepstow,
2135 1786 327 43 Monmouthshire,
2487 1780 190 39 stationer,
2694 1776 91 33 Jan.
2802 1773 60 43 30,
2888 1775 41 31 at

1622 1856 98 39 four,
1735 1853 65 33 and
1826 1852 61 35 ;il,
1919 1848 69 33 and
2023 1845 90 33 Feb.
2139 1841 64 38 21,
2235 1843 37 28 at
2288 1837 141 34 eleven,
2456 1837 37 26 at
2519 1830 61 32 the
2613 1825 122 34 Union
2764 1821 164 34 Tavern,

1626 1898 261 44 Birmingham.
1942 1891 198 37 Attornies,
2161 1889 141 32 Messrs.
2319 1881 158 33 Swaiue,
2498 1877 164 34 Stevens,
2676 1869 71 34 and
2763 1869 163 43 Maples,

1624 1949 74 35 Old
1715 1946 143 43 Jewry,
1876 1941 169 39 London;
2069 1936 71 34 and
2156 1936 73 31 Mr.
2250 1928 189 43 Whatley,
2457 1919 266 44 Birmingham.

2839 128 63 47 f;9

2380 233 2 79 ,
2407 275 104 34 Pool,
2533 272 248 38 Moutgomery
2791 260 115 39 shire,
3156 233 18 58 P
3174 233 19 58 i

2383 322 97 38 *iller,
2506 320 44 33 J.
2575 313 246 40 NI/instal)ley,
2836 306 72 35 and
3148 278 2 83 .
3189 278 5 83 .

3156 330 15 28 ,/

2380 364 221 41 Greenwood
2628 360 70 34 and
2734 358 59 32 W.
2820 357 87 32 Ber-

2385 417 122 37 Miers,
2528 415 34 30 S.
2596 409 43 34 F.
2670 407 177 33 Lettsom,
2868 398 38 37 J.
3158 394 14 22 .11

2380 464 39 32 ild
2452 462 27 33 IN
2489 455 189 38 eathl).
2705 454 90 32 Lain
2794 454 22 32 ,
2837 449 72 33 and
3156 432 27 41 'it

2380 520 33 30 1.,
2445 500 301 50 carpentersJ.
2772 477 144 59 1.171,.th,,
3157 483 20 56 li
3177 483 11 56 t
3188 483 11 56 ,

2380 555 197 35 leolnsitire,
2594 549 112 43 spirit
2721 544 193 33 d-alers----
2942 578 6 5 .

2380 604 51 37 001
2472 599 72 40 and
2581 598 209 35 Lancaster,
2818 598 105 33 Ister7'

2411 665 12 24 4
2422 665 12 24 ,
2434 665 35 24 141
2520 667 20 20 14
2669 656 5 33 .
2760 672 11 14 ,
2813 656 64 24 .ribiri
2906 660 41 20 .1

2380 697 45 34 7S.
2849 693 7 15 i
2889 681 5 50 -
3196 681 2 50 !

2380 763 41 31 nt,
2433 759 37 28 to
2483 750 190 35 surrender
2687 746 91 34 Jan.
2803 745 56 37 17,
2875 746 40 30 at

2445 806 35 28 at
2515 801 60 32 the
2611 796 94 34 Blue
2727 793 80 33 Bell
2831 793 84 34 Inn,

2380 847 152 39 easdale,
2568 841 228 37 Alexander,
2837 837 72 33 aim'

2380 896 35 33 R.
2439 894 116 37 Bond,
2577 891 194 32 Leicester.
3157 863 20 45 fi
3187 886 9 17 ,

2380 953 43 27 re,
2434 941 136 35 factor,
2583 939 91 31 Jan.
2689 934 59 37 17,
2759 937 39 30 at
2815 931 100 39 four,

2395 989 92 33 Blue
2510 985 81 35 Bell
2615 983 80 38 Inn,
2714 980 195 34 Leicester.

2380 1036 70 34 and
2484 1035 72 32 Mr.
2584 1029 159 44 Taylor,
2779 1025 136 33 South-

3150 986 15 112 I
3165 986 33 112 li

2380 1130 106 38 zliant,
2499 1126 90 34 Jan.
2609 1123 58 39 16,
2683 1119 69 35 and
2772 1119 93 34 Feb.
2883 1116 37 39 1,

2380 1180 112 32 leaton
2512 1170 144 37 Norris,
2681 1165 234 37 Lancashire.

2380 1225 60 33 rris
2453 1233 12 28 ;
2489 1220 71 33 and
2581 1218 73 33 Mr.
2680 1214 117 41 Edge,
2816 1212 105 33 tuner

3154 1191 22 201 11/
3176 1191 7 201 0
3183 1191 7 201 ,
3190 1191 8 201 1

2380 1315 157 37 rkshire,
2587 1305 337 43 woollen-draper,

2380 1364 40 34 ad
2439 1361 112 44 Eagle
2572 1359 81 39 inn,
2675 1354 246 35 Manchester.

2394 1457 150 43 draper,
2572 1452 87 33 Jan.
2678 1449 64 39 27,
2771 1446 66 40 2S,
2854 1443 74 37 and

2380 1506 67 34 Inn,
2465 1495 274 40 Huddersfield.
2792 1493 131 33 Attur-

2380 1552 37 33 nd
2431 1551 67 33 Mr.
2511 1548 21 35 J
2544 1570 8 8 .
2571 1545 151 43 Battyc,
2739 1539 187 35 Hudders-
2948 1583 6 5 .

3157 1429 20 220 k
3177 1429 20 220 l

2380 1654 67 31 nor,
2465 1642 87 33 Jau.
2570 1639 61 34 20.
2659 1635 64 41 '24,
2743 1633 74 34 and
2831 1631 93 35 Feb.

2380 1703 14 32 ;,
2408 1693 142 33 Messrs.
2572 1684 107 35 Evitt
2694 1682 73 35 and
2781 1680 142 39 Rixon,

3156 1690 2 78 .
3193 1690 6 78 1

2380 1786 83 37 hire,
2487 1780 190 39 stationer,
2694 1776 91 33 Jan.
2802 1773 60 43 30,
2888 1775 41 31 at
3178 1778 9 27 <
3188 1778 11 27 1

2380 1844 48 27 en,
2456 1837 37 26 at
2519 1830 61 32 the
2613 1825 122 34 Union
2764 1821 164 34 Tavern,

2382 1881 94 33 ,litie,
2498 1877 164 34 Stevens,
2676 1869 71 34 and
2763 1869 163 43 Maples,

2380 1936 59 34 .ey,
2457 1919 266 44 Birmingham.

3157 1935 2 35 '
3191 1935 7 35 I

2380 1998 59 34 IS.

2380 2070 231 37 Fish-street,
2636 2074 149 35 grocer,
2802 2065 40 30 at
2859 2063 73 37 ten,

2380 2165 191 39 merchant,
2598 2166 41 28 at
2654 2160 144 38 eleven,
2815 2159 39 30 at
2871 2153 63 34 the
3180 2153 4 51 ,

3188 2199 11 48 I

2380 2259 105 40 forth,
2515 2254 246 39 Manchester,
2791 2252 144 33 cotton-

2380 2298 1 52 ;
2394 2308 157 37 Tavern,
2571 2298 246 37 Manchester.

2380 2353 157 39 erchaut,
2564 2354 39 28 at
2622 2344 150 39 twelve,
2804 2344 43 30 at
2874 2339 65 34 the

2380 2445 90 41 lead,
2499 2443 136 41 Bcrks,
2669 2440 211 41 carpenter,
2897 2435 43 30 at
3196 2402 2 84 i

2380 2551 66 35 den,
2463 2536 198 46 Clapham,
2675 2528 266 39 coal-dcaler,
3194 2528 2 59 .

2382 2636 242 40 ironmonger,
2655 2631 40 31 at
2726 2624 150 39 twelve,
2904 2623 43 31 at

2380 2709 144 59 1-street,
2557 2719 243 40 Southwark,
2830 2709 115 40 linen-

2380 2829 46 38 et,
2451 2828 190 39 engraver,
2669 2819 43 31 at
2735 2811 128 39 twelve
2863 2811 22 39 ,
2909 2812 41 28 at
3181 2796 5 71 I

2380 2926 133 39 grocer,
2544 2920 43 27 at
2617 2911 61 33 the
2706 2901 249 44 CommerciaL

2380 3007 256 48 u-upon-llttll,
2661 3002 230 34 auctioneer,
2916 2999 43 30 at
3183 2952 8 77 I

2380 3071 47 31 ra,
2454 3045 429 50 Kingston-upon-Hull.

2380 3109 37 20 %rt.
2433 3106 52 22 H.
2513 3105 184 24 Doruant,
2731 3089 229 40 Kent-road,

2112 1998 327 43 DIVIDENDS.

1676 2093 87 35 Feb.
1783 2091 53 34 19,
1865 2089 63 33 W.
1943 2078 328 52 Cowperthwaite,
2288 2074 74 35 Old
2378 2070 234 37 Fish-street,
2636 2074 149 35 grocer,
2802 2065 40 30 at
2859 2063 73 37 ten,

1626 2146 41 30 at
1689 2138 196 35 Guildhall.

1678 2189 89 32 Feb.
1786 2189 31 31 1.
1847 2183 51 34 11.
1917 2181 54 34 11.
1989 2178 174 41 Schorey,
2180 2169 178 43 Halifax,
2374 2165 197 39 merchant,
2598 2166 41 28 at
2654 2160 144 38 eleven,
2815 2159 39 30 at
2871 2153 63 34 the

1632 2235 123 34 White
1774 2235 105 32 Swan
1898 2231 79 37 Inn,
1995 2223 176 38 Halifax.

1676 2283 84 32 Jan.
1779 2280 58 34 Si.
1873 2278 43 33 J.
1950 2272 112 35 Smith
2091 2269 71 35 and
2192 2267 50 34 A.
2270 2264 77 34 Uns
2356 2259 129 40 worth,
2515 2254 246 39 Manchester,
2791 2252 124 33 cotton-

1630 2327 296 38 manufacturers,
1944 2324 38 31 at
1996 2320 139 38 eleven,
2152 2319 40 30 at
2206 2314 61 32 the
2293 2311 86 40 Dog
2394 2308 157 37 Tavern,
2571 2298 246 37 Manchester.

1682 2376 90 33 Feb.
1788 2375 37 33 7.
1851 2372 45 33 T.
1917 2369 148 37 Adams,
2098 2365 209 34 Lancaster,
2337 2353 200 39 merchaut,
2564 2354 39 28 at
2622 2344 150 39 twelve,
2804 2344 43 30 at
2874 2339 65 34 the

1635 2421 128 44 King's
1779 2422 122 33 Arms,
1915 2417 203 33 Lancaster.

1682 2470 84 33 Jan.
1780 2470 59 33 31.
1883 2464 59 33 W.
1965 2460 213 38 Matthews,
2211 2445 259 44 Maidenhead,
2499 2443 136 41 Bcrks,
2669 2440 211 41 carpenter,
2897 2435 43 30 at

1636 2522 73 37 ten,
1726 2520 38 27 at
1776 2509 204 40 Guildhall.

1684 2564 90 33 Feb.
1792 2563 34 33 4.
1863 2559 81 33 Jos.
1965 2556 151 43 Iteppen
2133 2548 70 37 and
2217 2546 40 35 J.
2276 2544 170 44 Reppen,
2463 2536 198 46 Clapham,
2675 2528 266 39 coal-dcaler,

1636 2615 40 31 at
1690 2617 71 31 ten,
1775 2616 41 27 at
1830 2603 204 37 Guildhall.

1688 2657 158 33 Feb.2s;
1887 2654 50 33 It.
1970 2652 104 38 Lout,
2107 2641 229 47 Long-Acre,
2382 2636 242 40 ironmonger,
2655 2631 40 31 at
2726 2624 150 39 twelve,
2904 2623 43 31 at

1638 2704 202 39 Guildhall.

1689 2752 89 33 Feb.
1808 2750 57 33 18.
1905 2746 43 33 J.
1983 2741 156 40 Jullion,
2173 2735 128 37 Black
2301 2731 223 41 man-street,
2557 2719 243 40 Southwark,
2830 2709 96 40 linen-

1639 2802 146 40 draper,
1804 2803 37 26 at
1858 2794 142 37 eleven,
2015 2794 39 27 at
2068 2784 206 37 Guildhall.

1689 2846 90 34 Feb.
1795 2845 60 32 25.
1885 2839 60 34 W.
1970 2833 189 47 Leykautl',
2190 2829 236 38 Lisle-street,
2451 2828 190 39 engraver,
2669 2819 43 31 at
2735 2811 150 39 twelve,
2909 2812 41 28 at

1642 2891 201 39 Guildhall.

1694 2941 86 33 Feb.
1801 2941 33 31 b.
1872 2936 45 32 I'.
1943 2933 163 38 Lawson,
2133 2928 208 35 Lancaster,
2374 2926 139 39 grocer,
2544 2920 43 27 at
2617 2911 61 33 the
2706 2901 249 44 CommerciaL

1645 2988 80 39 Inn,
1743 2983 244 37 Manchester.

1697 3035 85 32 Feb.
1796 3033 37 34 S.
1871 3031 41 32 J.
1933 3021 249 48 Popplewell,
2211 3007 425 54 Kingston-upon-lltill,
2661 3002 230 34 auctioneer,
2916 2999 43 30 at

1644 3083 138 38 eleven,
1806 3084 40 28 at
1869 3077 64 33 the
1952 3076 81 39 Dog
2046 3069 70 35 and
2134 3067 110 34 Duck
2269 3066 158 35 Tavern,
2454 3045 429 50 Kingston-upon-Hull.

1693 3131 84 32 Jan.
1794 3126 60 34 21.
1903 3123 41 33 P.
1968 3122 46 32 Le
2047 3115 201 39 Normond,
2265 3110 67 35 and
2363 3109 53 32 M.
2433 3106 52 33 H.
2513 3105 184 34 Duruant,
2731 3089 229 40 Kent-road,

1646 3171 407 48 soap-manufacturers,
2072 3169 39 28 at
2127 3162 151 37 twelve,
2294 3164 40 28 at
2348 3151 208 38 Guildhall.

1696 3224 90 33 Feb.
1801 3222 37 33 2.
1870 3219 48 33 D.
1942 3213 113 40 Kidd,
2076 3198 463 53 Berwick-upon-Tweed,
2557 3193 268 43 linen-draper,
2842 3189 40 30 at
2898 3182 63 34 the

1651 3272 84 44 Dog
1748 3270 159 35 Tavern,
1925 3260 241 37 Manchester.

1700 3317 122 34 March
1839 3313 38 34 4.
1935 3309 60 33 W.
2029 3307 51 33 N.
2121 3304 174 37 Dawson,
2328 3298 33 34 T
2365 3291 195 40 abernacle
2562 3300 31 24 -s
2596 3296 129 37 quare,
2760 3280 204 43 Finsbury,

1649 3369 148 40 draper,
1812 3366 40 28 at
1867 3357 149 38 twelve,
2031 3358 39 30 at
2089 3348 207 38 Guildhall.

1697 3415 84 32 Jan.
1794 3409 59 34 30.
1893 3406 44 32 J.
1974 3403 161 38 Horner,
2165 3396 183 38 Durham,
2373 3394 139 34 tanner,
2543 3389 40 30 at
2609 3381 72 35 Mr.
2708 3377 44 35 J.
2787 3369 183 43 Esketes,

1655 3461 178 34 Durham.

1995 3495 549 48 CERTIFICATESJAN.
2561 3491 61 34 21.

1702 3580 46 35 G.
1783 3574 83 37 Fall
1911 3570 70 37 anti
2021 3569 40 34 J.
2100 3563 244 38 Hutchinson,
2385 3552 294 45 Tooley-street,
2719 3536 253 43 Southwark,

1655 3620 266 43 hrewers--W
1946 3617 92 40 Cull,
2069 3613 135 44 Upper
2237 3609 85 33 Last
2348 3596 222 43 Smithfield,
2602 3583 372 51 cheesernoagerJ,

1655 3673 204 39 Crowther,
1879 3665 175 39 Halifax,
2065 3653 320 43 corn-dealerJ.
2406 3648 219 40 O'Meager,
2655 3639 243 45 Bury-court,
2917 3634 58 30 St.

1659 3720 227 44 Mary-Axe,
1923 3705 391 54 precision-merchant
2315 3699 105 33 --11.
2456 3694 146 44 Wyatt,
2633 3692 47 32 C.
2700 3689 39 32 S.
2771 3683 131 39 Jones,
2928 3678 47 34 C.

1658 3765 206 46 Sheppard,
1878 3761 74 35 and
1970 3759 48 34 N.
2040 3758 45 34 P.
2105 3755 102 43 Top,
2229 3748 250 37 Duke-.street,
2494 3741 177 44 Aldgate,
2691 3733 181 46 painters.

1890 3853 333 46 SATURDAY'S
2250 3844 213 44 LONDON
2494 3831 261 51 GAZETTE.

1939 3980 418 46 PARTNERSHIPS
2386 3967 321 46 DISSOLVED.

1709 4058 44 37 J.
1779 4054 71 38 and
1878 4052 66 33 W.
1972 4046 207 39 Mortlock,
2204 4041 293 38 Oxford-street,
2524 4020 472 48 china-mannfacturtrs

1668 4106 145 39 Harris,
1830 4102 176 37 Roberta,
2014 4095 66 34 and
2098 4093 146 39 Brook,
2257 4088 110 35 Little
2380 4080 244 39 Saffron-hill,
2635 4065 361 45 timber-merchant'

1667 4154 100 32 H.
1787 4152 48 35 E.
1853 4149 71 34 and
1942 4146 48 35 H.
2014 4139 252 41 Duckworth,
2285 4133 246 37 Manchester,
2546 4119 360 41 distillersMoore
2924 4102 76 45 aid

1670 4198 265 41 Yerdenhalm,
1963 4185 287 48 White's-yard,
2276 4178 325 46 Rescmary-lace,
2617 4181 33 27 It

2357 4319 13 8 -
2407 4323 6 6 ,
