3272 4429
1072 110 575 80 itittrkiflAgAL
1683 113 420 79 itEGl§Fttit.

240 92 4 4 •

188 267 235 50 lidroistage.
478 269 234 51 Impatience
742 287 65 21 c.in
837 276 84 34 only
945 286 105 25 serve
1067 281 39 30 to
1126 276 123 35 diva&
1280 272 113 41 men's
1420 273 133 38 talads.

196 315 76 40 sod
302 324 44 31 t•
369 320 176 35 occaslmt
566 320 191 39 railehiefs
776 322 124 37 %Mich
921 335 84 33 may
1023 326 169 46 !perhaps
1207 324 48 37 be
1271 321 266 39 letesedlahle

198 365 85 39 The
298 367 84 35 said
404 367 239 40 Provisional
663 366 131 48 Chief,
826 372 66 37 the
922 371 125 47 Royal
1067 373 189 39 Acevedo,
1279 371 72 35 and
1369 370 65 35 the
1444 372 109 33 other

196 416 224 44 covearria;
448 417 254 46 Authorities,
723 420 90 47 give
846 430 77 38 yog
948 430 116 40 every
1080 430 198 32 assareace
1300 422 86 35 that
1413 422 69 34 eft
1507 422 45 32 be

197 462 145 37 wished
361 463 73 39 for.

246 511 33 20 44
306 513 164 46 Ife.rice,
485 515 105 46 Sept.
607 516 185 44 16,180&

356 573 59 48 By
431 579 195 35 command
650 579 47 34 Of
723 580 57 38 his
798 580 228 45 Excellency
1045 580 67 38 the
1131 580 213 40 President,
1372 567 90 47 aft
1486 578 66 35 the

344 622 130 47 Royal
504 625 195 45 Aeuerdo,
728 627 65 38 the
820 637 94 28 most
945 628 214 37 Illustrious
1175 628 157 46 Seignor
1346 627 67 38 the
1431 624 97 40 Ars4h-

339 672 159 51 bibhop,
509 674 72 37 and
598 676 189 40 another
801 678 253 38 Authorities.

922 738 27 21 46
987 739 231 38 FRANCISCO

2157 291 270 41 AMLRICA.

2700 129 163 60 lAN.
2896 135 83 60 15.

1848 436 157 38 FROM
2034 439 109 37 THE
2169 439 304 37 AMERICAN
2497 438 244 38 PAPERS.

1759 507 187 43 HOUSE
1972 515 72 34 OF
2076 514 549 43 REPRESENTATIVES,
2641 514 112 34 Nov.
2774 513 56 37 17.

1670 578 80 43 Mr.
1775 581 148 43 Macon
1946 587 148 39 moved
2115 587 66 39 the
2202 586 211 53 foilowipg
2435 586 348 40 Recolutions:—

1667 632 200 44 Resolved.
1894 639 99 37 That
2019 639 65 38 the
2104 644 227 33 Committee
2346 644 207 44 appointed
2577 652 45 22 on
2641 644 81 34 that
2750 644 84 41 part
2854 639 44 35 of
2908 640 65 35 the

1623 678 219 44 Presideneb
1864 687 165 47 Message
2048 691 120 34 which
2192 692 133 35 relates
2340 699 37 26 to
2391 702 69 24 our
2478 690 146 45 foreign
2644 690 194 41 relations,
2852 689 46 34 be
2919 690 37 34 in-

1633 737 72 26 trur
1717 732 58 33 ted
1795 739 39 30 to
1850 738 157 43 enquire
2027 738 77 34 into
2120 738 64 34 the
2196 738 231 45 expediency
2448 737 46 35 of
2502 737 260 46 excludingby
2781 737 72 34 law
2875 736 100 35 from

1620 777 4 48 .
1635 777 44 33 lie
1697 788 117 35 ports,
1844 783 196 43 harbours,
2066 788 71 33 and
2160 795 133 26 waters
2311 785 43 35 of
2366 789 61 32 the
2445 787 141 35 United
2606 788 137 38 States,
2769 783 53 37 all
2852 784 120 35 triOd

1616 826 100 46 ships
1731 829 72 33 and
1831 833 135 34 vessels
1985 835 196 43 belonging
2202 841 38 27 to
2270 844 70 34 any
2374 835 41 34 of
2444 835 66 33 the
2541 835 228 43 Belligerent
2802 834 171 41 Powers,

1619 872 132 48 having
1770 876 35 34 in
1825 878 104 38 force
1951 881 128 34 orders
2104 894 43 21 or
2173 885 150 33 decrees
2337 885 183 45 violating
2535 883 65 34 the
2619 880 132 38 lawful
2767 891 207 28 commerce

1618 920 41 34 of
1672 922 63 33 the
1755 925 139 37 United
1912 930 119 34 States
2047 941 39 22 as
2104 941 24 24 a
2144 933 148 32 nation.

1667 970 201 47 Resolved,
1894 977 98 35 That
2026 979 63 32 the
2105 991 97 22 same
2232 979 219 37 Conunittee
2472 980 44 34 be
2537 978 202 35 instructed
2758 981 41 31 to
2815 978 158 45 enquire

1618 1016 76 34 into
1706 1019 64 35 the
1787 1035 9 19 f
1800 1035 6 8 •
1843 1025 67 43 ped
1918 1025 104 46 iency
2040 1024 47 37 of
2101 1028 237 44 prohibiting,
2357 1029 41 35 bs
2419 1029 73 34 law
2515 1029 65 34 the
2591 1026 202 34 admission
2810 1028 78 35 in►u
2904 1025 66 34 the

1617 1074 116 35 ports,
1765 1070 197 45 harbours,
1985 1074 73 34 and
2094 1082 135 27 waters
2254 1076 46 33 of
2313 1078 58 32 the
2393 1076 136 35 United
2550 1076 133 39 States,
2709 1083 54 34 an)
2764 1083 19 34 .
2811 1075 87 44 fillip
2929 1083 46 25 or

1617 1117 109 32 vessel
1747 1119 198 47 belonging
1959 1128 39 28 to
2016 1131 45 24 or
2078 1123 145 44 coming
2241 1122 97 35 from
2359 1135 70 34 any
2452 1124 107 45 place
2581 1123 34 34 in
2634 1122 60 33 the
2712 1122 204 45 possession
2928 1121 47 35 of

1616 1161 60 35 the
1693 1163 122 37 above
1834 1170 208 34 mentioned
2066 1170 168 37 Powers.
2259 1172 72 34 and
2359 1173 78 33 also
2463 1174 67 33 the
2561 1168 248 46 importation
2824 1167 54 39 ,of
2895 1180 77 35 any

1613 1212 128 43 goods,
1760 1225 136 33 wares,
1909 1219 71 33 and
1998 1219 280 43 merchandize,
2295 1220 60 33 the
2370 1220 170 45 growth,
2557 1219 181 46 produce,
2754 1217 71 34 and
2844 1228 102 24 manu-

1615 1257 142 38 facture
1772 1261 46 34 of
1828 1263 63 35 the
1907 1265 209 35 dominions
2133 1267 43 34 of
2186 1278 73 33 any
2277 1266 45 33 of
2331 1267 60 33 the
2408 1269 80 43 said
2507 1266 170 37 Powers.

1665 1306 206 45 Resolved,,
1892 1311 100 38 That
2020 1315 64 33 the
2109 1325 100 25 same
2233 1317 222 33 Committee
2473 1317 47 33 be
2539 1311 198 38 instructed
2759 1318 37 27 to
2815 1313 156 45 enquire

1617 1357 76 32 into
1713 1357 61 33 the
1786 1362 239 45 expediency
2044 1362 45 33 of
2100 1364 195 44 amending
2310 1363 60 33 the
2383 1363 77 35 .Act
2480 1363 129 45 laying
2628 1374 44 22 an
2689 1361 196 45 embargo,
2897 1362 71 34 and

1616 1402 60 33 the
1687 1406 143 35 several
1848 1409 92 35 Acts
1957 1409 273 48 supple:nental
2243 1413 71 32 and
2331 1411 210 34 additional
2564 1409 157 34 therein.

1669 1461 87 41 The
1775 1465 90 41 first
1885 1467 77 40 and
1981 1468 149 40 second
2151 1469 266 40 Resolutions
2439 1469 161 40 offered
2623 1467 53 53 by
2711 1467 84 40 Mr.
2817 1468 152 39 Macon

1618 1526 99 28 were
1737 1520 151 51 agreed
1909 1526 44 34 to
1972 1521 175 40 without
2167 1535 25 26 a
2210 1524 63 38 di%
2285 1524 261 40 isiou..—The
2567 1520 104 41 third
2692 1533 84 26 was
2794 1520 172 41 ordered

1617 1572 41 34 to
1676 1566 51 41 lie
1747 1584 52 26 on
1822 1572 69 40 the
1912 1574 285 54 table.—Ayes
2216 1580 69 35 78.

1670 1622 102 41 NOV.
1791 1628 214 40 21.—The
2035 1630 267 45 Committee,
2330 1635 44 35 to
2414 1628 138 43 whom
2585 1638 80 28 was
2704 1624 180 41 referred
2919 1639 46 26 so

1618 1674 117 40 much
1769 1676 48 40 of
1850 1678 71 41 the
1952 1676 237 46 President's
2228 1684 181 51 Message
2444 1695 45 27 as
2520 1680 145 41 relates
2696 1684 46 34 to
2784 1680 178 54 foreign

1619 1727 171 48 Powers,
1818 1733 117 40 made
1950 1734 109 40 their
2081 1735 171 52 Report.

1667 1780 109 57 They
1799 1786 227 50 concluded
2044 1787 52 52 by
2117 1787 222 54 proposing
2357 1787 67 39 the
2444 1787 213 52 following
2673 1782 289 44 Resolutions:

1667 1833 85 39 The
1774 1839 247 41 Committee
2043 1841 257 53 respectfully
2323 1843 152 39 submit
2499 1843 71 38 the
2594 1838 217 53 following
2833 1840 104 40 Reso-

1612 1884 234 44 lutions:—

1662 1957 31 34 1.
1721 1958 200 44 Resolved,
1935 1963 100 33 That
2049 1963 61 34 the
2131 1963 141 34 United
2293 1964 279 41 Stategeannot,
2590 1963 162 33 without
2761 1970 26 25 a
2796 1958 169 38 sacrifice

1612 2003 43 34 of
1681 2006 100 35 their
1807 2009 133 45 rights,
1972 2011 157 41 honour,
2157 2013 71 34 and
2258 2013 283 46 independence,
2568 2009 138 43 submit
2733 2015 38 27 to
2798 2008 63 35 the
2885 2008 78 37 late

1617 2052 122 35 Edicts
1753 2054 47 34 of
1814 2060 113 32 Carat
1946 2057 146 34 Britain
2109 2060 70 34 and
2202 2061 159 33 France.

1659 2102 35 32 2.
1721 2102 201 44 Resolved,
1951 2107 100 33 That
2072 2107 28 32 it
2130 2107 26 33 is
2176 2108 204 44 expedient
2399 2112 37 31 to
2456 2107 170 45 prohibit
2644 2106 48 44 by
2714 2105 79 35 law
2820 2101 63 38 the
2898 2105 69 35 a&

1610 2148 148 35 mission
1791 2152 74 33 into
1886 2153 61 33 the
1967 2161 105 37 ports
2096 2154 70 34 and
2197 2158 180 33 harbours
2406 2157 41 33 of
2471 2157 63 33 the
2555 2153 137 37 United
2714 2153 125 34 States
2855 2152 44 35 of
2909 2152 54 37 all

1610 2197 128 43 public
1756 2209 44 22 or
1822 2202 163 43 private,
2019 2204 126 32 armed
2165 2215 43 22 or
2228 2204 171 33 unarmed
2417 2204 104 44 ships
2539 2213 44 24 or
2602 2200 132 34 vessels
2764 2198 201 48 belonging

1611 2249 37 27 to
1680 2244 117 35 Great
1822 2248 146 34 Britain
1985 2259 44 24 or
2052 2250 158 43 France,
2239 2262 46 22 or
2298 2257 39 28 to
2353 2262 70 34 any
2443 2254 110 31 other
2571 2248 45 35 of
2639 2249 60 34 the
2731 2245 233 45 Belligerent

1616 2290 148 38 l'owers
1778 2294 142 47 having
1935 2297 35 33 in
1998 2297 104 34 force
2119 2298 138 34 Orders
2284 2309 45 24 or
2360 2300 158 34 Decrees
2545 2296 184 44 violating
2748 2296 64 32 the
2828 2295 133 33 lawful

1607 2348 204 30 commerce
1827 2347 73 32 and
1917 2346 143 34 neutral
2082 2344 117 45 rights
2216 2346 46 34 of
2272 2347 64 33 the
2356 2347 137 34 United
2515 2347 143 39 States;
2683 2342 72 34 and
2790 2341 80 37 also
2895 2341 67 35 the

1607 2391 244 43 Importation
1872 2392 45 34 of
1929 2402 72 34 any
2019 2393 131 44 goods,
2179 2405 135 31 wares,
2347 2406 43 22 or
2409 2393 276 40 merchandize,
2714 2391 64 33 the
2794 2391 165 43 growth,

1607 2437 177 43 produce,
1821 2450 44 22 or
1892 2439 256 35 manufacture
2180 2441 45 35 of
2255 2443 65 33 the
2344 2443 207 34 dominions
2577 2439 43 33 of
2644 2448 72 33 any
2738 2437 47 35 of
2802 2438 61 34 the
2880 2438 84 34 said

1610 2483 171 44 Powers,
1806 2498 45 22 or
1865 2486 188 47 imported
2072 2487 177 47 frontally
2272 2491 107 44 place
2395 2491 33 33 in
2446 2492 63 31 the
2524 2486 206 47 possession
2743 2485 46 33 of
2798 2485 137 35 either.

1652 2531 37 35 3.
1721 2532 198 44 Resolved,
1939 2536 99 34 That
2053 2548 182 24 measures
2249 2538 112 43 ought
2383 2546 35 26 to
2438 2538 46 34 be
2497 2533 257 44 immediately
2773 2531 113 38 taken
2898 2532 60 37 for

1607 2578 146 48 placing
1772 2582 63 35 the
1851 2589 154 39 country
2026 2584 38 37 in
2073 2596 25 24 a
2111 2596 100 25 more
2229 2587 185 44 complete
2430 2591 98 31 state
2545 2583 44 34 of
2597 2583 167 33 defence.

451 880 263 47 PRIV4TE
744 885 539 47 CORRESPONDENCE.

203 1017 201 34 SIITIRACT
428 1022 27 28 O
524 1023 27 32 ♦
580 1023 172 31 LZTTI:R.
765 1017 4 43 •
782 1025 233 31 RIECTIVED
1042 1024 63 35 Sy
1135 1025 35 32 A'
1192 1024 357 33 DISTINGVISUED

741 1087 262 30 NOBLEMAN.

170 1141 1 56 •
250 1141 28 22 44
298 1144 168 43 CADIZ,
493 1147 106 37 Dec.
635 1148 137 38 30.—1
800 1149 86 35 send
917 1149 71 37 this
1015 1152 52 45 by
1098 1152 69 35 the
1201 1150 243 46 Melpomene
1478 1148 70 35 fri•

219 1196 87 37 ►ate,
331 1194 155 35 arrived
514 1196 86 34 here
628 1196 92 35 with
755 1198 64 35 the
855 1198 203 43 Diamond,
1087 1200 38 34 in
1149 1200 48 35 36
1222 1200 94 43 days
1333 1199 98 37 from
1446 1198 104 35 Vera

200 1235 116 45 Cruz,
345 1241 91 34 with
449 1241 87 37 four
557 1244 163 35 millions
738 1246 57 34 six
824 1246 161 37 hundred
1000 1246 71 38 slid
1090 1246 87 45 fifty
1196 1247 181 35 thou►and
1394 1246 154 40 dollars,

200 1286 63 38 for
272 1290 64 34 the
347 1299 61 25 use
426 1291 46 34 of
485 1302 66 24 our
570 1292 183 46 patriotic
768 1293 207 37 defenders.
1002 1297 126 43 Every
1149 1304 79 27 true
1246 1296 200 45 Spaniard.
1457 1293 90 35 both

200 1336 43 39 in
255 1337 74 33 this
351 1338 109 44 place
490 1339 70 35 and
580 1341 227 43 throughout
843 1343 219 44 Andalusia,
1090 1344 32 33 is
1152 1343 155 35 sensible
1329 1344 48 35 of
1389 1344 61 35 the
1462 1343 67 34 dan-

198 1394 85 39 gers
301 1385 83 35 that
403 1387 165 35 threaten
598 1400 67 27 us;
694 1390 65 37 but
778 1390 87 45 they
901 1402 65 25 are
983 1393 53 35 all
1056 1391 189 46 prepared
1265 1398 39 28 to
1333 1397 96 30 meet
1448 1389 100 38 them

197 1441 44 28 as
257 1433 91 43 they
365 1433 146 38 should.
567 1435 69 35 We
654 1437 72 35 had
746 1439 196 45 yesterday
960 1441 143 34 several
1127 1444 158 39 reports,
1307 1437 125 38 which
1454 1448 96 26 were

193 1481 196 46 generally
409 1480 187 39 believed.
648 1486 107 44 They
772 1487 71 35 had
856 1493 39 27 at
909 1487 92 38 least
1015 1488 65 37 the
1093 1499 239 34 appearance
1346 1487 45 35 of
1402 1488 145 45 general

196 1530 257 44 probability,
472 1539 39 26 as
531 1533 85 45 they
635 1541 67 28 are
720 1533 159 37 founded
896 1546 46 24 on
961 1539 129 34 letters
1106 1544 79 28 seut
1209 1538 48 43 by
1277 1537 161 35 General
1455 1538 86 34 Gre•

170 1578 1 52 •
198 1578 102 40 gori,
332 1584 39 27 at
392 1578 190 39 Cordma,
615 1586 40 30 to
684 1583 149 41 Victor,
857 1591 41 26 at
918 1584 131 41 Xeres,
1080 1585 74 33 and
1168 1585 230 35 transmitted
1417 1585 48 45 by
1485 1584 65 35 the

198 1622 117 37 latter
331 1630 41 30 to
391 1624 57 35 his
468 1625 156 38 brother
640 1630 71 34 and
742 1630 125 35 others
889 1631 99 37 here.
1039 1632 112 44 They
1180 1638 110 33 state,
1307 1631 87 38 that
1411 1633 33 34 in
1463 1644 64 22 con-

198 1682 181 33 sequence
396 1672 45 35 of
450 1683 89 37 very
567 1676 206 46 important
788 1678 227 45 advantages
1029 1681 167 44 recently
1211 1680 131 45 gained
1361 1681 51 43 by
1436 1681 93 35 Pala

200 1720 86 41 fox,
312 1722 70 33 and
415 1722 61 34 the
493 1721 168 44 junction
679 1724 41 37 of
736 1726 63 37 the
821 1727 141 35 British
993 1735 136 39 troops
1157 1728 91 35 with
1283 1728 183 41 Romans,
1486 1728 63 34 the

202 1767 124 35 whole
345 1769 47 32 of
403 1768 64 34 the
488 1770 144 43 French
661 1785 110 33 army
800 1774 72 35 had
889 1778 206 34 evacuated
1116 1775 148 38 Madrid
1296 1778 37 33 in
1350 1781 79 30 two
1453 1776 78 35 divi-

198 1815 113 40 sions,
343 1827 25 22 a
381 1817 52 34 ith
472 1819 216 45 Bonaparte
718 1821 162 43 himself,
898 1825 70 34 and
994 1825 56 34 his
1070 1825 159 34 brother
1246 1824 162 45 Joseph.
1462 1825 34 34 It
1519 1826 27 33 it

197 1865 81 32 also
298 1865 118 33 stat,•d
438 1869 80 31 that
534 1870 59 31 the
613 1869 142 34 ;'►ench
777 1871 90 33 with
886 1872 138 41 20,010
1039 1883 80 25 men
1142 1872 131 44 having
1289 1872 177 34 attacked
1483 1873 64 33 the

197 1911 79 33 line
294 1911 46 34 of
356 1912 223 43 Barcelona,
605 1917 128 33 forced
761 1917 45 40 it,
829 1918 100 45 after
946 1930 22 25 a
986 1919 115 37 series
1116 1922 47 34 of
1175 1923 194 44 desperate
1390 1920 155 45 actions,

197 1957 40 37 in
259 1959 123 35 which
410 1962 90 45 they
519 1962 71 35 lost
611 1964 137 41 11,000
767 1976 94 25 men.

307 2019 141 37 Orders
467 2022 96 35 have
576 2026 90 32 been
686 2027 169 34 received
886 2028 89 34 here
992 2028 93 39 from
1106 2029 65 35 the
1192 2029 142 37 British
1354 2029 191 41 Minister,

196 2066 43 34 111
246 2075 38 25 r.
304 2066 130 41 rrere,
454 2074 38 31 to
507 2072 83 34 'awl
609 2073 52 34 all
684 2074 63 33 the
774 2085 130 35 money
928 2081 76 30 sent
1023 2078 72 34 last
1123 2076 97 37 from
1241 2079 168 44 England
1428 2078 37 35 In
1491 2080 54 33 La

197 2113 115 37 Loire
331 2113 152 45 frigate.
539 2120 91 32 'i`iiis
650 2131 165 25 measure
835 2124 64 34 has
919 2122 167 45 inspired
1106 2126 106 33 much
1231 2126 228 43 confidence,
1480 2126 38 35 al-

195 2161 143 43 though
378 2165 26 32 it
436 2178 48 21 wa
484 2178 25 21 ,
536 2176 61 26 not
617 2178 194 35 necessary
831 2171 93 34 with
957 2172 63 32 the
1320 2174 66 34 but
1415 2173 30 34 it
1470 2185 73 24 was

194 2211 206 46 gratefully
419 2215 167 34 received
598 2228 39 22 as
646 2217 220 45 expressive
878 2218 47 34 of
935 2218 63 34 the
1011 2220 159 45 opinion
1181 2222 44 33 of
1241 2222 164 46 England
1426 2232 45 25 on
1479 2224 66 33 the

194 2259 164 38 strength
377 2258 46 34 of
443 2261 64 34 the
524 2269 171 39 country,
725 2264 70 34 and
829 2267 65 34 her
924 2277 84 24 own
1042 2269 187 35 readiness
1247 2276 35 28 to
1303 2270 113 33 snake
1431 2281 110 34 every

194 2307 168 34 sacrifice
380 2308 59 33 for
459 2309 64 35 her
547 2313 120 34 allies.
725 2314 34 33 It
787 2314 142 44 proved
944 2324 25 24 a
989 2322 97 28 most
1101 2320 217 34 seasonable
1332 2320 152 45 supply,
1502 2330 41 24 as

195 2354 89 33 well
304 2367 39 20 as
360 2354 63 34 the
441 2367 131 35 money
591 2361 162 41 brought
768 2362 47 41 by
836 2362 63 33 the
919 2362 240 45 Melpomene
1168 2366 70 35 and
1258 2367 64 34 the
1341 2367 200 34 Diamond.

195 2400 85 34 The
294 2405 70 32 :4411
384 2404 110 35 Junto
515 2407 28 32 is
559 2417 115 34 every
689 2408 73 44 day
781 2419 46 25 ex
836 2409 128 43 rected
981 2409 98 38 from
1096 2413 103 35 Vera
1213 2414 100 37 Cruz
1333 2413 92 39 with
1439 2414 99 43 eight

193 2447 169 38 tmillinns
379 2452 43 33 ..f
442 2452 150 37 dollars.
650 2456 67 34 All
746 2456 63 35 the
828 2458 180 35 61-c...twins
1028 2459 91 34 here
1131 2461 70 34 and
1224 2472 93 26 over
1336 2461 201 37 Andalul..

191 2492 99 38 have
322 2498 92 35 been
446 2503 152 44 proper'
660 2504 240 44 distributed,
932 2517 24 25 a
989 2512 78 30 vast
1083 2510 156 34 number
1253 2511 47 33 of
1320 2511 110 46 pike%
1450 2512 84 33 have

189 2543 98 35 been
299 2546 122 39 made,
439 2549 69 34 and
524 2551 248 35 ammunition
790 2552 35 35 in
850 2554 260 37 enthiderahle
1126 2558 206 45 quantities
1345 2561 195 41 eqllected,

190 2593 73 35 but
280 2594 64 33 the
357 2600 158 31 recruit,
528 2598 72 33 and
619 2598 117 37 levies
746 2609 65 26 are
829 2610 41 26 so
883 2611 201 27 numerou<
1093 2603 84 38 that
1187 2604 106 37 there
1309 2607 32 34 Is
1354 2619 26 24 a
1394 2610 145 40 general

185 2649 74 34 cry
294 2641 61 34 for
385 2654 115 27 anus.
554 2646 61 34 No
646 2647 71 37 lea;
744 2647 93 40 than
862 2646 172 47 $00,004
1057 2654 107 35 stand
1180 2653 46 37 of
1241 2665 99 27 anus
1371 2667 67 24 are
1462 2657 79 37 still

187 2688 172 38 waited.

291 2752 69 33 We
387 2752 106 37 learn
523 2752 94 38 from
646 2756 201 47 authority
869 2758 155 39 difficult
1044 2766 40 30 to
1101 2760 135 44 doubt,
1266 2763 87 38 that
1381 2765 158 35 General

185 2796 135 39 Moths
340 2799 64 35 has
422 2802 183 46 betrayed
625 2803 59 34 his
705 2804 103 46 King
819 2806 76 37 and
909 2813 131 32 consul.
1041 2813 19 32 ,
1072 2832 13 18 .
1109 2811 74 43 lad
1198 2811 111 46 given
1328 2806 150 41 hinitteif
1491 2824 52 34 up

185 2851 45 30 to
252 2844 244 50 Bonaparte;
524 2851 66 34 but
607 2850 115 45 being
746 2851 45 34 of
810 2864 28 25 a
859 2863 91 37 very
966 2855 112 37 timid
1094 2863 148 39 nature,
1261 2859 27 34 it
1307 2861 32 35 i!4
1498 2864 43 31 ed

184 2894 87 35 that
292 2895 57 34 his
365 2896 102 35 fears
483 2909 198 26 overcame
696 2901 58 34 his
762 2902 231 46 patriotism.
1045 2904 84 37 The
1146 2907 131 46 public
1289 2924 19 17 4,
1317 2909 131 44 pinion
1462 2921 60 22 rim-

185 2943 85 33 also
288 2954 92 34 very
391 2948 169 43 strongly
587 2948 148 46 asaiwit
748 2948 196 41 GNliiilloo4
969 2952 72 37 aad
1057 2962 50 28 *a
1130 2953 118 35 doubt
1269 2968 12 21 I
1280 2968 13 21 ,
1307 2959 235 35 t-isertained

185 2989 87 37 that
291 2989 66 37 the
380 2993 144 37 French
544 2994 72 37 bad
630 3005 26 25 a
676 3002 163 43 party-at
861 2996 150 41 Madrid
1024 3000 141 37 ehiell.
1188 3014 107 37 comp
1312 3007 73 32 .et
1401 3005 48 34 of
1460 3015 65 34 per

182 3046 90 26 sons
283 3038 47 35 of
340 3039 65 35 the
420 3040 148 47 highest
579 3045 117 41 rank,
712 3041 182 51 fisewierty
909 3046 175 39 attached
1098 3041 39 44 to
1137 3041 19 44 .
1156 3041 59 44 the
1225 3057 106 31 ebort
1349 3052 48 38 sf
1413 3052 85 37 Ferd
1498 3052 22 37 .

184 3085 116 45 nand,
317 3087 69 35 but
407 3089 107 35 venal
531 3091 71 34 and
619 3091 128 39 selfish
772 3092 39 38 is
839 3093 104 37 their
961 3093 135 41 hearts.
1157 3098 143 46 Among
1316 3099 67 38 the
1398 3107 144 38 reports

180 3135 46 37 in
244 3135 226 37 circulation
491 3137 27 34 is
539 3150 71 25 one
630 3151 26 24 ss
669 3141 89 35 bleb
772 3146 118 37 states
905 3143 81 35 tags
1002 3141 64 37 the
1085 3144 146 37 Frew+
1250 3149 72 34 laid
1333 3149 148 37 carried
1492 3152 51 33 oft

180 3190 119 35 litany
318 3183 175 47 hostages
519 3183 98 39 from
643 3185 172 48 Madrid,
836 3184 73 44 aad
935 3189 72 39 bud
1033 3200 94 31 waft
1144 3203 104 28 more
1265 3196 174 47 pillaged
1459 3198 84 37 that

181 3229 100 48 city.

291 3294 85 33 Our
389 3294 182 38 province
588 3295 31 37 is
635 3296 40 37 in
693 3298 66 35 the
777 3299 150 46 highest
943 3300 97 39 Mate
1067 3300 32 38 4
1108 3301 169 46 defense,
1300 3306 74 37 and
1395 3305 96 38 from
1511 3307 30 37 it

180 3340 103 37 local
301 3339 229 47 advantages
544 3345 73 34 and
631 3345 159 38 dielcult
803 3359 144 35 passes,
967 3352 116 45 ought
1098 3356 46 33 hi
1156 3352 48 38 be
1219 3352 256 48 impregnable
1504 3363 39 28 so

183 3389 69 35 the
269 3391 128 33 whole
413 3390 105 38 force
542 3392 47 34 of
609 3392 164 38 France.
827 3396 138 37 Prime
987 3397 185 38 %sulfurs
1188 3400 31 34 is
1235 3402 171 46 Captain
1426 3404 98 35 tiene-

182 3437 59 33 ral
262 3437 47 35 of
319 3437 223 45 Andalusia,
567 3441 72 35 and
659 3444 163 35 General
844 3445 135 41 Jones,
1003 3448 67 34 the
1082 3445 200 40 Govoiroot
1298 3450 47 35 of
1356 3451 80 35 Cad
1442 3452 103 35 is.—

181 3484 89 38 The
287 3485 174 47 Marquis
475 3489 48 34 de
544 3489 138 43 Vine!,
704 3501 73 26 one
790 3491 48 34 of
849 3491 67 37 the
984 3494 102 37 aired
1101 3496 137 41 Jam%
1261 3498 33 33 is
1309 3509 87 25 now
1417 3500 35 37 in
1469 3502 72 33 this

181 3534 97 46 city.
331 3534 86 37 The
446 3535 145 38 French
613 3537 89 35 who
720 3540 144 35 resided
883 3540 90 37 here
998 3552 69 24 are
1080 3541 59 38 all
1153 3542 172 38 detailed
1343 3547 40 34 in
1398 3548 58 38 St.
1469 3549 53 35 Ca
1531 3569 7 5 -

181 3581 183 35 therior's
392 3585 146 41 Castle,
563 3585 72 35 and
666 3587 65 33 the
746 3598 120 26 crews
896 3587 46 38 of
971 3589 65 35 the
1070 3589 149 39 French
1241 3594 209 47 stiodsioes
1478 3608 66 25 are

182 3631 144 44 closely
344 3632 169 43 gLiarded
544 3644 47 24 on
614 3633 125 37 board
765 3635 66 37 the
850 3637 125 35 bilks.
1018 3638 185 39 •Adosiral
1235 3639 150 46 Purvit,
1411 3646 40 35 it
1479 3646 63 35 Mr

181 3679 133 43 Atlas,
330 3680 31 34 is
379 3680 38 37 in
435 3681 64 34 the
511 3681 100 45 Bay,
628 3683 98 34 with
739 3683 86 35 four
833 3684 171 45 frigates,
1015 3696 27 26 a
1055 3686 133 51 stoop,
1196 3690 72 38 mad
1277 3700 26 27 a
1316 3692 198 38 schooner.

234 3741 84 35 The
339 3744 183 44 Supreme
539 3742 120 37 Junta
677 3743 90 35 hold
785 3744 98 35 their
898 3744 149 48 sittings
1071 3755 43 28 at
1146 3750 151 35 Seville.
1350 3754 109 47 They
1474 3764 69 30 a►e

181 3789 133 47 busily
330 3790 203 46 occupied,
546 3789 71 38 and
634 3801 69 27 are
724 3791 141 48 calling
882 3800 66 30 out
966 3803 113 38 'very
1097 3807 86 28 inaa
1199 3801 165 46 capable
1377 3802 48 37 of
1434 3803 83 38 bear-

182 3841 70 46 ing
266 3850 116 32 arms,
415 3841 124 34 .khose
555 3848 87 38 ages
658 3852 67 25 are
743 3840 145 45 fifteen,
913 3842 70 35 and
999 3843 50 34 do
1067 3849 66 31 not
1149 3848 141 37 exceed
1305 3848 126 47 sixty.

283 3905 84 34 The
402 3907 201 43 peasantry
631 3913 71 26 are
736 3904 167 47 flocking
930 3901 96 38 from
1050 3906 54 35 all
1137 3913 104 39 parts
1266 3907 48 39 of
1336 3911 204 41 Andalusia

182 3958 43 31 to
257 3954 46 33 he
321 3952 182 34 enrolled.
557 3952 81 34 The
656 3963 111 30 army
780 3952 46 34 of
834 3952 194 40 Castanos,
1046 3954 144 44 though
1204 3957 190 47 disperictl
1409 3960 48 46 by
1476 3965 63 33 the

182 4000 169 44 French,
366 4000 66 34 has
446 3998 155 37 suffered
621 3999 118 44 little,
755 4000 71 35 and
847 4000 129 46 nearly
1007 4002 142 43 40,000
1182 4013 76 26 men
1289 4016 66 27 are
1384 4006 155 51 already

178 4048 190 39 collected
389 4049 117 35 under
522 4048 66 35 the
606 4048 118 37 Duke
739 4049 46 34 of
808 4048 213 43 Infantado,
1041 4054 126 34 whom
1185 4050 86 48 they
1291 4052 98 40 have
1400 4054 141 41 elected

180 4098 105 37 their
302 4097 177 39 General,
506 4107 100 37 upon
624 4096 194 37 condition
834 4096 85 35 that
934 4096 43 37 he
997 4098 132 35 should
1146 4098 123 37 march
1281 4102 103 37 them
1398 4110 40 30 to
1455 4106 56 40 Ma-

178 4148 104 34 drid.
340 4143 256 45 Accordingly
617 4143 48 35 he
684 4154 76 26 was
780 4143 194 46 marching
987 4146 148 34 thither
1152 4147 96 37 from
1265 4148 176 46 Cuenca;
1469 4155 71 35 and

181 4195 112 35 when
319 4194 63 32 'lto
399 4194 72 35 last
495 4196 177 31 accounts
696 4204 105 22 came
817 4204 130 32 away,
967 4204 78 26 was
1067 4194 162 50 already
1256 4202 40 32 at
1329 4199 216 51 Taranconi

174 4245 142 39 within
332 4241 141 38 twelve
490 4241 146 47 leagui:s
656 4239 46 39 of
722 4239 86 40 that

1749 2707 334 41 IMPORTANT
2113 2712 223 37 REPORT
2365 2713 113 35 AND
2510 2708 298 38 RESOLVES.

1658 2780 185 50 BOSTON,
1874 2785 107 39 Nev.
2007 2787 182 38 18.—On
2215 2785 180 53 Monday
2414 2784 94 46 last,
2537 2797 53 27 on
2622 2783 70 40 the
2722 2780 163 43 motion
2914 2783 54 41 of

1609 2831 167 45 Colonel
1796 2837 226 46 Thatcher,
2041 2837 51 41 of
2102 2839 185 45 Warren,
2302 2850 25 26 a
2346 2839 244 39 Committee
2606 2837 46 39 of
2667 2836 71 40 the
2756 2837 138 39 House
2914 2836 52 40 of

1612 2888 354 53 Representatives
1997 2889 53 43 of
2063 2891 70 40 the
2152 2890 252 53 Legislature
2422 2890 51 40 of
2492 2890 83 39 this
2611 2890 126 45 State,
2776 2901 83 26 was
2885 2902 48 39 ap-

1609 2943 182 48 pbinted,
1822 2948 46 35 to
1900 2943 189 43 consider
2105 2944 70 41 the
2190 2943 250 54 expediency
2471 2943 51 40 of
2536 2943 197 51 adopting
2756 2954 206 28 measures

1612 2994 93 39 with
1726 3007 26 28 a
1773 2995 102 39 view
1891 3000 45 38 to
1957 3009 172 40 procure
2148 2998 70 41 the
2241 2995 136 54 repeal
2394 2998 48 39 of
2456 2996 72 40 the
2544 2995 208 51 Embargo
2773 2996 129 38 Laws.

1659 3046 63 43 On
1747 3048 189 56 Tuesday
1959 3051 72 40 the
2048 3051 252 40 Committee
2319 3051 117 39 made
2453 3048 73 41 the
2548 3051 176 50 Report,
2761 3046 131 41 which
2924 3046 35 40 is

1607 3098 228 52 subjoined.
1892 3104 35 40 A
1948 3116 91 41 very
2060 3103 207 41 aniinated
2285 3102 79 43 and
2380 3103 234 52 interesting
2627 3100 149 39 debate
2790 3100 168 46 ensued,

1609 3164 38 28 in
1669 3155 130 39 which
1821 3155 71 41 the
1915 3157 158 52 Report
2100 3170 83 27 was
2207 3155 222 54 supported
2464 3155 51 52 by
2537 3156 158 39 Messrs.
2730 3152 227 47 Thatcher,

1609 3209 187 52 Sargent,
1835 3209 110 46 ~re,
1961 3209 255 47 Thoradike,
2228 3209 221 45 Wheaton,
2464 3208 79 39 and
2562 3209 103 45 Ives,
2679 3206 83 40 and
2773 3206 188 53 opposed

1611 3260 47 51 :1y
1700 3261 161 40 Messrs.
1898 3261 168 54 Ripley,
2100 3260 330 48 Crowninshield,
2466 3261 171 46 Martin,
2670 3260 176 60 Moody,
2875 3259 80 40 and

1607 3313 145 53 Bangs.
1809 3313 91 43 The
1916 3315 188 53 question
2125 3315 51 40 of
2187 3320 243 47 acceptance
2448 3326 83 27 was
2546 3313 126 40 taken
2693 3313 51 52 by
2767 3326 96 39 yeas
2878 3313 81 39 and

1605 3378 115 40 nays,
1739 3366 79 40 and
1835 3367 170 41 decided
2019 3367 39 43 in
2078 3369 71 40 the
2167 3367 261 46 affirmative,
2448 3369 52 52 by
2515 3380 24 26 a
2559 3366 194 52 majority
2769 3366 52 39 of
2833 3371 66 33 80.

1656 3432 200 46 Resolved,
1883 3437 99 33 Th.lt
2001 3437 65 34 the
2083 3438 170 35 Senators
2280 3436 46 34 of
2346 3437 71 33 this
2435 3433 325 57 Commopw•ealth
2792 3433 35 34 in
2859 3432 74 37 Con-

1605 3491 98 32 gre4s
1717 3483 46 34 be
1781 3483 217 44 instructed,
2030 3483 73 38 mid
2119 3485 63 33 the
2203 3484 321 46 Represent:ifives
2543 3483 150 34 thereof
2706 3480 195 47 requested
2917 3485 47 32 to'

1604 3540 15 25 ,
1619 3540 48 25 use
1683 3529 102 38 their
1798 3537 137 35 almost
1948 3539 193 30 stretiuous
2156 3535 190 32 exertion'
2374 3540 37 27 to
2430 3542 159 35 procure
2606 3541 46 25 an
2667 3529 216 35 immediate
2901 3536 52 27 re-
2953 3536 14 22 -

1607 3576 85 48 peal
1706 3578 46 35 of
1757 3578 63 35 the
1841 3591 30 24 v;
1891 3579 103 38 riots
2009 3580 96 35 laws
2122 3581 184 46 imposing
2323 3592 47 24 an
2386 3580 187 46 Embargo
2595 3589 47 24 on
2669 3580 61 32 the
2746 3576 120 47 Ships
2882 3578 72 34 and

1612 3626 141 38 Vesiselc
1769 3626 46 34 of
1830 3628 63 33 the
1904 3626 139 39 United
2057 3630 135 41 States,
2205 3640 40 25 as
2261 3631 64 34 the
2339 3627 79 45 0►.1%
2435 3630 111 45 equal
2562 3627 70 34 and
2643 3626 175 34 effectual
2832 3635 123 26 means

1606 3673 44 35 of
1661 3674 180 38 allfordine
1869 3684 217 40 permanent
2108 3677 113 35 relief
2246 3683 39 28 to
2315 3678 61 33 the
2392 3678 155 33 citizens
2580 3673 46 37 of
2648 3673 72 37 this
2751 3673 206 37 Common.

1607 3722 141 40 wealth
1762 3722 99 38 front
1880 3724 66 35 the
1958 3726 227 44 aggravated
2202 3725 97 37 esils
2320 3726 119 35 which
2466 3724 48 46 the
2515 3724 17 46 .
2531 3724 17 46 )
2567 3736 80 22 now
2666 3722 248 48 experience.

1655 3783 201 43 Resolved,
1876 3787 102 34 'lna!
2006 3784 185 47 although
2222 3788 64 33 the
2326 3785 83 46 Legi
2408 3785 20 46 ,
2428 3785 125 46 lature
2585 3784 122 35 would
2735 3778 223 50 cheerfully

1602 3839 162 40 sitprwt
1780 3834 65 33 the
1863 3831 161 38 Cameral
2036 3833 249 38 Government
2303 3835 35 33 in
2356 3836 61 32 the
2435 3834 236 46 prabccution
2692 3833 44 34 of
2748 3842 25 24 a
2783 3830 83 47 just
2878 3828 79 37 and

1605 3888 191 38 necessary
1817 3889 92 33 war,
1928 3887 67 40 yet
2016 3880 61 37 the
2122 3887 131 32 cannot
2275 3883 170 44 perceive
2466 3883 61 33 the
2546 3881 176 44 necessity
2756 3878 203 37 intimated'

1605 3928 40 39 its
1667 3928 65 39 the
1755 3928 170 47 Message
1941 3927 47 38 of
2011 3931 63 34 the
2093 3931 194 35 President
2306 3930 46 35 of
2363 3931 194 41 Cat4.;ress,
2576 3930 48 35 'of
2644 3927 226 45 continulig

1602 3978 197 44 embargo,
1827 3987 44 25 or
1889 3978 184 46 resorting
2096 3984 39 30 to
2156 3990 107 28 Mar;
2287 3978 78 43 that
2396 3981 26 32 it
2451 3981 27 32 it
2502 3985 65 28 not
2585 3980 63 32 the
2665 3976 132 48 policy
2820 3972 51 38 of
2888 3976 72 34 the

1609 4024 136 39 United
1765 4026 124 34 States
1904 4030 40 32 to
1959 4037 142 34 engage
2119 4024 35 39 id
2169 4037 26 26 a
2209 4033 240 38 controversy
2470 4037 26 24 u
2507 4026 57 35 ith
2584 4037 70 33 any
2679 4030 146 33 nation,
2854 4032 98 37 upoo

1606 4074 124 47 twines
1739 4072 45 34 of
1791 4072 228 50 diplomatic
2037 4084 124 32 usage,
2170 4083 44 27 or
2228 4076 202 44 equivocal
2587 4071 182 50 provided
2781 4071 151 34 substan-

1607 4122 65 35 tial
1693 4121 221 44 reparation
1930 4122 59 35 for
2006 4122 155 47 injuries
2178 4133 66 25 can
2257 4124 48 33 be
2322 4122 201 44 obtained;
2539 4122 73 38 and
2624 4122 78 33 that
2717 4120 65 33 the

1606 4172 76 34 *iota
1695 4169 46 34 of
1756 4169 60 33 the
1837 4170 299 43 Proclamation,
2156 4170 239 44 interdicting
2420 4176 61 30 the
2512 4170 148 35 British
2687 4169 107 44 snips
2812 4166 45 34 of
2872 4175 80 25 war

1605 4218 97 35 from
1723 4227 71 25 our
1814 4224 150 37 waters,
1981 4220 116 45 ought
2126 4226 79 33 not,
2225 4220 34 33 in
2282 4219 57 33 the
2359 4220 155 45 opinion
2531 4218 46 39 of
2597 4218 73 34 this
2704 4217 255 44 Legislature.

1605 4271 46 34 to
1662 4266 45 38 WI
1723 4265 39 38 dt
1762 4265 19 38 .
1781 4265 100 38 diftl
1891 4276 50 26 an
1950 4267 250 44 iikllialassible
2215 4266 267 48 pr.:llluhtury,
2493 4278 28 26 IN
2530 4264 89 43 WO
2626 4264 28 44 ;
2654 4264 115 44 Amid
2783 4265 172 35 obstruct:

3211 2726 26 17 -
