3354 4429
1037 131 151 52 THE
1222 126 387 54 NATIONAL
1646 123 387 59 REGISTER.

139 141 69 52 46

393 270 340 58 POPULA.R
782 270 90 52 PR
883 268 351 54 EACIIER.

690 354 61 52 lyo
751 354 21 52 t
803 353 167 48 xxip.

952 428 4 4 •

644 491 71 35 Let
732 498 59 27 me
807 488 122 39 board
950 487 91 34 with
1061 494 104 31 care.

283 548 111 39 With
415 548 124 43 frugal
555 548 175 41 gunning,
757 546 97 34 with
874 544 66 35 the
957 542 188 48 niggard's
1159 544 58 46 art
1217 544 20 46 ?

285 607 41 43 A.
339 608 78 35 few
435 605 93 38 fix'd
547 605 222 47 principles,
789 604 35 45 in
842 604 112 44 early
972 601 83 41 life,

288 666 79 38 Ere
384 665 63 37 lad
464 664 115 37 )lence
599 661 150 46 impede
764 661 64 34 the
847 659 150 41 search,
1015 656 215 48 explored;

289 720 125 44 Then,
433 722 81 35 like
533 720 63 35 old
617 719 184 45 Latimer,
821 718 106 33 when
947 726 67 33 age
1033 715 157 47 impairs

289 781 70 46 My
369 778 229 47 judgment's
609 789 90 35 eye,
719 789 33 22 w
759 776 70 35 ben
843 775 201 47 quibbling
1059 772 145 34 schools
1222 770 136 41 attack

291 839 71 43 Illy
380 836 190 46 grounded
591 835 116 47 hope,
726 844 45 25 or
788 834 144 35 subtler
953 831 85 33 wits
1050 829 144 43 deride,

294 895 94 34 Wilt
415 895 15 34 I
454 898 64 30 not
534 893 109 35 blush
660 898 37 28 to
716 891 93 37 shun
828 891 63 34 the
909 891 90 32 vain
1012 887 137 35 debate
1163 900 9 19 :

298 951 80 38 And
398 950 73 35 this
491 950 96 35 mine
600 948 257 34 answer—'
880 944 243 46 Tdns,'tw•as
1141 943 102 41 thus,
1261 940 21 38 I
1298 939 177 50 tbought,

296 1009 73 44 My
384 1007 100 34 mind
504 1013 63 39 yet
581 1007 191 41 vigorous,
790 1004 69 35 and
879 1015 61 33 my
961 1004 80 34 soul
1059 1002 119 34 entire
1196 1015 13 26 ;

306 1067 105 35 Thus
429 1065 83 33 will
535 1063 18 35 I
569 1063 126 46 tbiuk,
715 1071 130 27 a,erse
865 1067 37 30 to
917 1061 112 43 listen
1044 1069 103 25 more

293 1122 63 39 To
370 1122 176 35 intricate
559 1120 201 38 discussion
780 1128 115 37 prone
908 1122 41 37 19
965 1122 102 40 stray
1083 1114 24 34 !'
1191 1113 268 39 SaENSTONE,

350 1254 133 47 REV-
514 1256 259 48 RICTIARD
801 1253 194 48 YATES,
1023 1251 103 40 B.D.
1159 1248 145 41 F.S.A.

567 1339 263 33 ALTERN4IE
860 1336 231 30 rßgAcarit

433 1408 57 30 TO
517 1407 96 28 THE
641 1403 367 30 PHIL4NTHROPIC
1037 1402 187 28 CH/PEE.

209 1478 25 39 I
267 1478 157 38 HAVE
454 1478 123 45 lately
606 1486 102 32 seen,
742 1479 66 31 not
842 1473 167 39 without
1039 1472 180 45 surprise,
1254 1474 180 43 attempts
1468 1476 40 31 to
1530 1470 6 72 I

151 1534 217 50 Depreciate
385 1535 64 34 the
465 1534 198 35 character
681 1531 45 38 of
741 1531 64 37 the
820 1531 169 45 popular
1007 1528 195 47 preacher.
1256 1530 83 34 One
1350 1528 45 35 of
1408 1528 103 35 these

150 1594 236 41 adversaries
402 1592 45 35 of
469 1592 167 45 popular
661 1589 202 47 preachers
889 1591 169 41 presents
1085 1585 154 37 himself
1269 1587 126 33 where
1420 1586 90 34 such

150 1651 144 47 species
309 1650 46 35 of
376 1649 221 46 opposition
615 1646 118 46 ought
764 1652 38 27 to
831 1646 94 33 have
945 1646 92 33 been
1064 1645 93 34 least
1478 1645 30 34 A

151 1707 190 43 ikneficed
370 1708 216 44 clergyman
620 1706 37 34 in
684 1704 66 34 the
1019 1713 84 31 says
1134 1702 63 33 the
1230 1702 280 37 Anti-Jacobin

154 1765 178 43 Review,
364 1774 94 35 page
507 1763 56 41 iB,
588 1762 61 34 for
684 1762 207 34 December
906 1760 91 40 last,
1071 1757 132 35 should
1239 1765 64 27 not
1331 1770 83 33 pass
1442 1770 70 25 one

151 1821 145 40 lialfof
322 1822 67 34 the
417 1831 93 37 year
526 1821 38 34 in
580 1819 242 46 frequenting
846 1818 129 44 places
992 1815 44 35 of
1054 1815 239 35 fashionable
1307 1821 137 38 resort,
1469 1828 43 24 or

154 1881 43 37 ID
216 1887 103 40 great
338 1886 148 34 towns;
513 1879 71 34 and
612 1889 25 25 a
660 1877 99 46 good
785 1876 126 45 parish
934 1874 118 46 priest
1083 1874 28 33 is
1141 1884 25 24 a
1192 1874 110 33 mach
1319 1884 103 25 more
1453 1885 39 24 re-

149 1938 197 51 spectable
366 1937 200 35 character
588 1935 91 34 than
693 1944 72 35 any
785 1933 169 46 popular

206 1995 176 37 Without
397 1993 221 44 demanding
637 1991 61 35 for
711 1991 103 43 what
840 1998 165 38 purpose
1023 1998 45 25 an
1088 1988 188 34 invidious
1294 1988 216 37 distinction

152 2053 34 39 Is
217 2052 86 37 here
319 2052 130 35 drawn
480 2052 172 33 between
684 2047 64 35 the
777 2046 165 47 popular
971 2044 182 46 preacher
1182 2044 73 34 and
1289 2046 65 33 the
1385 2044 125 46 parish

151 2111 148 50 priest;
326 2109 107 45 why,
461 2109 31 33 it
515 2118 85 35 may
620 2107 47 34 be
685 2105 135 38 asked,
837 2109 136 31 cannot
992 2104 64 34 the
1080 2113 104 25 same
1201 2117 84 21 man
1303 2106 47 32 be
1367 2111 39 28 at
1424 2117 90 24 once

150 2169 143 46 *good
312 2166 129 47 parish
459 2166 119 45 priest
596 2164 72 35 and
691 2174 26 27 a
743 2161 233 46 respectable
997 2161 161 46 popular
1178 2163 208 45 preacher?
1442 2163 47 37 Be-

151 2233 113 28 cause
285 2226 46 33 he
350 2233 182 37 possesses
546 2220 181 46 qualities
742 2220 72 34 and
840 2218 279 47 qnalifications
1139 2229 27 24 w
1179 2219 84 34 hick
1281 2220 135 33 enable
1439 2220 76 33 hid.

152 2285 46 32 to
210 2281 191 38 command
422 2280 64 35 the
503 2278 145 47 pulpit,
664 2278 30 33 is
707 2278 59 41 he,
787 2275 208 44 therefore,
1013 2276 152 35 unfitted
1187 2281 40 31 to
1244 2276 195 45 discharge
1452 2278 64 33 the

151 2339 204 47 parochial
377 2337 124 34 duties
515 2336 47 34 of
575 2335 60 35 the
657 2335 117 46 priest
788 2333 15 35 ?
857 2334 104 35 Does
980 2339 66 30 not
1061 2334 176 44 religious
1250 2333 97 37 faith
1368 2335 128 35 ordina-

150 2396 81 46 rily
265 2405 105 25 come
407 2395 52 45 by
498 2393 170 45 bearing,
698 2392 72 34 and
808 2391 187 35 attentive
1031 2389 152 46 hearing
1217 2391 51 45 by
1291 2393 224 43 acceptable

149 2452 215 48 smashing
452 2450 39 37 Is
519 2448 33 37 it
575 2454 83 37 not,
683 2448 152 41 indeed,
852 2454 40 27 to
909 2447 65 34 the
993 2447 152 46 paucity
1163 2447 46 34 of
1224 2448 65 34 the
1303 2450 158 34 number
1475 2450 45 33 of

148 2507 190 39 esteemed
366 2507 215 46 preachers,
598 2506 84 35 that
697 2516 59 25 we
771 2515 67 26 are
852 2511 40 28 to
907 2505 184 35 attribute
1106 2504 64 35 the
1187 2504 187 37 desertion
1393 2505 46 35 of
1453 2513 64 27 too

149 2574 119 38 Many
292 2565 47 37 of
360 2575 71 25 oar
456 2564 177 34 churches
648 2574 14 31 ;
690 2562 89 44 and,
796 2572 66 24 are
881 2562 61 34 the
961 2562 119 35 closet
1097 2562 268 35 exhortations
1381 2562 46 35 of
1441 2575 71 34 any

150 2621 149 43 divine
317 2622 123 44 likely
461 2626 38 31 to
519 2621 47 34 be
578 2621 71 34 less
666 2619 227 40 efficacious,
911 2619 159 34 because
1093 2619 56 33 his
1166 2619 130 45 public
1312 2620 204 35 discourses

148 2691 74 30 ore
239 2679 239 45 numerously
494 2676 194 44 attended,
704 2676 71 34 and
797 2675 184 46 perfectly
1002 2676 266 46 appreciated,
1286 2676 50 45 by
1357 2676 54 34 his
1431 2688 67 24 coil-

150 2738 201 46 gregation
366 2735 13 34 ?
433 2735 128 35 There
591 2734 30 33 is
648 2744 47 25 no
728 2731 241 46 insuperable
986 2733 85 40 bar,
1097 2743 46 24 no
1176 2733 228 45 impassable
1420 2735 97 44 gulf,

152 2792 176 38 Netween
347 2794 63 34 the
429 2791 233 37 honourable
679 2790 193 35 elevation
891 2789 45 33 of
960 2789 66 34 the
1056 2791 163 44 popular
1246 2789 185 46 preacher
1446 2794 71 33 and

149 2849 83 45 sloe
240 2851 178 46 dignified
437 2850 177 43 humility
635 2846 45 35 of
694 2848 65 33 the
777 2846 126 46 parish
926 2846 133 46 priest.

211 2910 116 33 What
348 2910 30 33 is
389 2919 24 26 a
431 2907 167 46 popular
613 2906 187 46 preacher
817 2904 128 34 ?—lle
965 2904 30 34 is
1012 2914 70 25 one
1098 2906 84 33 who
1196 2906 31 33 is
1243 2906 274 38 disinterested-

152 2972 46 48 Tot
216 2969 287 46 distinguished,
535 2967 86 37 who
643 2968 65 34 has
736 2966 172 44 honestly
927 2966 178 44 acquired
1126 2967 60 33 the
1204 2967 177 44 suffrages
1400 2969 45 33 of
1457 2970 61 33 the

156 3030 161 46 people.
370 3025 64 40 He
451 3026 151 38 ~naiad
619 3035 50 24 no
687 3024 268 45 surreptiiious
970 3024 246 45 superiority.
1272 3025 65 34 lie
1354 3025 32 34 is
1398 3032 122 38 great,
1534 3024 1 52 ,

154 3085 154 38 assavell
324 3094 43 24 as
387 3081 122 46 good;
535 3081 87 41 and,
653 3080 117 35 while
791 3080 47 34 he
865 3080 106 34 most
971 3081 320 45 conscientiously
1311 3081 210 41 discharges

156 3142 73 38 tl:e
248 3141 292 37 unostentatious
552 3139 221 33 avocations
790 3136 46 37 of
848 3138 63 33 the
932 3138 135 45 priest,
1085 3137 44 34 he
1144 3139 80 33 also
1246 3139 145 33 confers
1406 3139 117 35 lustre

204 3213 8 19 i
233 3200 52 32 his
302 3197 158 34 sublime
481 3196 138 35 station
637 3206 40 24 as
694 3206 25 25 a
733 3195 200 45 preacher.
990 3195 60 34 He
1072 3194 27 34 is
1119 3195 91 34 both
1224 3196 63 34 t!se
1300 3197 81 33 clew
1401 3196 46 35 of
1460 3187 76 46 the.'

156 3256 177 46 4.sseutiow
351 3254 72 48 and
443 3253 65 37 the
526 3263 131 25 manna
676 3252 45 35 of
732 3253 64 33 the
813 3252 138 34 dcsart.

217 3313 37 35 It
283 3313 33 35 is
341 3311 220 44 mistaking,
593 3309 35 34 if
656 3309 28 34 it
716 3311 46 32 be
780 3315 61 28 not
862 3309 217 45 designedly
1098 3307 345 48 misrepresenting,
1461 3309 63 35 the

159 3371 176 48 popular
351 3367 197 47 preacher,
569 3366 110 37 when
697 3366 46 35 he
770 3367 30 34 is
821 3366 193 35 described
1033 3379 39 22 as
1090 3369 175 34 actuated
1284 3369 89 45 only
1393 3370 51 45 by
1461 3369 64 34 the

159 3428 92 39 trvt
270 3428 46 33 of
328 3426 126 39 fame;
483 3435 43 24 as
537 3433 70 25 one
627 3423 87 35 who
733 3425 193 34 conceives
944 3425 154 33 !iimseil
1111 3424 208 45 pricik•ged
1339 3430 37 30 to
1395 3425 30 20 ts
1442 3435 63 35 pas
1505 3435 21 35 s

163 3493 74 32 arte
256 3484 84 34 half
361 3483 45 35 of
420 3483 61 33 the
503 3493 91 34 year
619 3481 37 34 in
677 3481 237 46 frequenting
935 3483 129 43 places
1080 3481 40 34 of
1135 3481 240 37 fashionable
1393 3489 133 37 resort,

163 3549 50 33 4r
230 3543 37 33 in
283 3544 107 40 great
626 3539 61 34 He
705 3539 97 40 will,
833 3539 34 33 if
900 3540 43 32 he
976 3539 131 35 knows
1136 3539 87 38 and.
1239 3539 89 35 feels
1349 3540 56 34 his
1417 3541 107 41 duty,

164 3604 152 32 samtent
335 3596 154 35 himself
511 3596 92 33 with
624 3595 200 47 parochial
846 3596 240 46 popularity.
1141 3596 61 34 He
1222 3596 98 41 will,
1350 3596 33 35 if
1397 3598 106 45 provi-

165 3656 184 45 iikaitially
369 3654 210 45 appointed
659 3665 22 24 a
711 3654 188 34 beneficed
930 3656 214 44 clergyman
1172 3656 35 33 in
1235 3656 63 33 the

162 3715 129 39 srside
318 3712 72 34 and
419 3712 154 39 labour,
598 3718 142 39 except
775 3712 37 34 in
842 3722 98 25 cases
961 3711 44 34 of
1033 3713 202 33 excusable
1256 3713 159 33 absence
1431 3712 99 34 from

162 3772 125 39 eisera,
313 3780 133 33 among
463 3768 64 37 the
544 3769 138 46 people
706 3769 215 35 committed
951 3774 41 28 to
1020 3768 59 34 his
1096 3769 162 44 charge;
1284 3769 89 43 and,
1401 3769 51 45 by
1472 3769 59 35 his

164 3829 139 37 talents
318 3826 73 37 and
420 3826 176 43 conduct,
621 3826 204 45 eminently
844 3826 164 34 conduce
1030 3831 39 28 to
1096 3826 98 46 their
1209 3826 240 44 edification,
1472 3826 58 35 his

161 3895 97 27 own
269 3883 137 40 credit,
423 3883 72 34 and
522 3883 64 33 the
607 3883 143 33 honour
767 3882 73 34 and
860 3883 177 45 stability
1051 3882 45 34 of
1109 3881 63 34 the
1188 3883 142 34 church
1343 3883 45 33 of
1404 3883 124 35 which

167 3943 53 35 bit
246 3943 30 33 is
293 3952 24 24 a
334 3940 184 35 minister.
576 3940 35 34 It
634 3941 27 33 is
681 3940 84 34 thus
785 3940 79 34 that
883 3950 57 26 we
957 3945 97 31 must
1071 3941 176 34 conceive
1264 3938 47 38 of
1333 3941 65 34 the
1404 3940 124 48 justly

165 4002 170 46 prspular
353 3998 201 46 preacher.

224 4059 63 33 Let
306 4057 63 34 the
384 4056 237 47 respectable
635 4056 130 34 writer
781 4056 34 34 in
836 4057 61 32 the
921 4055 278 37 Antic-Jacobin
1220 4055 175 44 Review,
1422 4057 81 35 how-

165 4121 111 35 eser,
304 4114 207 35 heassured
530 4114 80 37 that
632 4113 45 35 he
698 4115 30 33 is
746 4119 63 30 not
828 4114 126 46 likely
974 4119 40 30 to
1028 4114 72 34 find
1119 4126 54 22 me
1193 4114 122 46 really
1331 4115 200 47 dissenting

169 4173 99 40 ftoin
289 4173 72 33 him
376 4172 213 46 respecting
611 4170 61 37 the
691 4178 229 30 momentous
937 4170 145 47 subject
1102 4172 43 35 of
1163 4173 156 34 clerical
1341 4173 189 35 residence

164 4230 211 47 'nerally.
438 4228 80 38 Far
534 4230 144 47 enough
692 4239 61 37 am
777 4230 17 38 I
815 4230 96 39 frost
932 4230 206 47 conceding
1156 4233 39 34 to
1213 4240 70 26 ooe
1302 4230 46 46 of
1375 4231 65 37 the
1457 4231 73 39 cri-

2631 124 163 54 JAN.
2839 125 78 53 15.

1571 278 65 34 tics
1669 278 35 33 in
1733 278 65 34 the
1827 274 249 46 twenty-fifth
2112 282 85 40 part
2223 275 45 34 of
2285 276 65 35 the
2378 276 220 46 Edinhargh
2619 276 176 41 Review,
2820 278 100 43 that,

1665 340 161 40 present,
1843 333 63 34 the
1918 335 143 33 torrent
2079 338 70 31 sets
2202 339 64 30 too
2276 335 165 44 strongly
2453 335 146 46 against
2615 334 278 34 non.residence

1572 402 64 24 'tor
1654 402 65 25 can
1740 390 19 38 I
1778 389 60 37 see
1863 389 94 45 him,
1980 392 124 34 whom
2132 391 17 37 I
2169 390 136 38 almost
2323 397 148 41 suspect
2503 399 37 27 to
2559 393 47 33 be
2683 402 27 25 a
2727 393 91 33 bene
2820 391 25 35 fi
2849 392 72 35 ced

1593 452 191 41 tergyman
1814 449 38 34 in
1877 446 63 35 the
2202 448 150 37 declare
2370 448 46 35 he
2434 448 135 45 should
2588 454 64 30 not
2668 448 48 34 be
2732 448 191 47 surprised

1573 515 38 26 to
1630 507 71 35 find
1716 507 60 34 the
1792 507 128 44 clergy
1993 506 196 43 absenting
2203 506 220 37 themselves
2437 506 97 35 from
2551 506 102 41 their
2670 506 178 41 beoefices
2869 507 54 45 by

1615 565 87 34 kind
1721 563 44 33 of
2039 565 161 34 without
2229 561 138 46 myself
2393 565 141 45 feeling
2554 563 216 44 sentiments
2794 563 45 35 of
2861 565 65 37 the

1576 627 14 28 ,
1590 627 77 28 roost
1682 620 141 35 serious
1843 620 230 44 indignation
2088 621 8 34 !
2130 620 40 37 If
2185 620 71 35 this
2271 621 112 37 critic
2401 621 47 41 be
2465 632 24 25 a
2507 621 136 41 cleric,
2662 620 125 37 which
2803 620 19 37 I
2836 632 86 24 now

1599 689 78 22 'ore
1694 677 90 37 than
1812 685 164 37 suspect,
2002 677 30 37 it
2061 689 116 25 seems
2194 689 46 24 no
2272 677 191 47 violation
2480 677 47 40 of
2549 676 138 37 mental
2711 677 154 46 charity
2883 683 44 30 to

1576 733 145 37 believe
1737 733 80 37 that
1839 733 45 34 he
1903 735 31 35 is
1958 745 70 24 one
2044 733 46 35 of
2104 733 104 37 those
2228 733 190 43 beneficed
2443 733 216 47 clergymen
2683 733 87 35 who
2836 745 89 37 pass

1576 802 70 24 ode
1658 791 84 34 half
1755 791 48 40 of
1811 793 63 35 the
1884 802 94 37 year
1993 793 37 34 in
2040 790 236 48 frequenting
2296 793 126 57 places
2433 793 45 39 of
2486 791 236 44 fashionable
2735 795 133 38 resort,
2882 801 45 25 or

1576 850 35 34 in
1628 855 105 38 great
1933 850 76 43 He,
2026 850 72 33 and
2109 849 86 34 such
2210 861 40 24 as
2264 849 92 48 him,
2370 849 48 34 do
2433 854 78 37 not,
2526 847 197 44 ofeourse,
2734 849 136 44 belong
2884 853 44 31 to

1591 918 43 32 iy
1639 907 194 47 definition
1843 907 45 34 of
1894 917 24 26 a
1930 908 167 45 popular
2111 909 194 44 preacher.
2330 907 217 46 Pulpiteers
2557 917 66 26 are
2633 912 64 31 not
2708 906 219 50 preachers.

1581 964 142 46 ilighly
1737 965 230 45 serviceable
1987 965 72 41 and
2073 964 162 46 nsefully
2248 964 178 44 eminent,
2443 964 76 35 still
2539 965 52 34 let
2613 974 43 25 us
2665 963 191 46 cordially
2868 961 60 40 air

1576 1023 72 33 low
1661 1028 41 30 to
1711 1020 64 35 the
1786 1023 161 44 popular
1959 1020 536 47 preacher,notwithstanding
2507 1020 246 39 thoseabuses
2764 1020 165 39 incident

1579 1087 35 25 to
1626 1080 152 46 cleri,cal
1801 1080 239 46 popularity,
2055 1080 63 33 the
2133 1078 229 46 aseendaocy
2375 1082 40 33 to
2432 1080 125 38 which
2572 1080 45 33 he
2628 1080 125 35 seems
2753 1083 93 43 'post
2859 1078 53 41 hes
2913 1078 18 41 !

1576 1136 183 45 nourably
1786 1136 169 34 entitled.
2011 1136 109 41 Since
2148 1134 176 47 spiritual
2352 1134 208 47 shepherds
2590 1144 69 30 are
2683 1139 65 32 not
2781 1133 149 48 wholly

1576 1193 201 45 exempted
1794 1204 92 25 even
1898 1192 96 37 from
2010 1193 64 34 the
2091 1202 91 37 very
2196 1192 152 43 benefit'
2376 1193 180 37 influence
2583 1193 47 44 of
2644 1204 117 33 envy,
2778 1193 69 35 but
2861 1202 69 27 are

1578 1261 77 25 men
1672 1250 46 35 of
1739 1251 80 34 like
1839 1248 163 46 passions
2031 1250 93 34 with
2156 1251 60 34 the
2238 1248 168 40 weakest
2419 1248 47 38 of
2489 1248 99 48 their
2604 1248 138 45 flocks,
2777 1251 30 35 it
2837 1261 90 34 may

1577 1309 151 33 become
1741 1307 105 33 those
1864 1306 45 34 of
1920 1307 115 40 them,
2053 1306 87 35 who
2156 1306 210 46 habitually
2385 1307 181 46 condemn
2583 1307 168 47 popular
2765 1307 139 47 preach-

1578 1364 73 45 ing,
1670 1369 40 30 to
1726 1374 151 25 canvass
1894 1363 100 35 their
2014 1363 124 35 hearts
2154 1374 40 25 ae
2211 1370 40 28 to
2267 1364 65 34 the
2346 1374 130 26 causes
2496 1361 50 43 of
2561 1363 90 35 such
2667 1364 235 47 disapptoba
2902 1364 24 47 l

1578 1421 103 41 tion;
1707 1421 71 35 and
1813 1426 38 30 to
1880 1421 200 41 ascertain,
2117 1421 92 35 with
2228 1421 63 46 the
2308 1422 189 46 precision
2515 1421 45 44 of
2588 1420 80 38 real
2693 1421 105 52 piety
2798 1421 21 52 ?
2838 1420 90 38 bow

1578 1479 58 34 far
1655 1478 100 35 their
1770 1488 87 25 own
1877 1478 191 45 inablility
2088 1485 39 30 to
2148 1479 131 40 obtain
2298 1479 242 47 popularity,
2564 1478 106 44 does,
2695 1478 143 47 thirties
2864 1489 25 27 .

1581 1537 214 45 knowingly
1814 1546 45 24 on
1878 1537 102 34 their
1993 1543 103 39 part,
2109 1537 116 35 incite
2241 1535 102 41 then)
2360 1537 165 46 todeery
2543 1535 63 37 the
2623 1537 112 38 merit
2750 1535 45 38 of
2810 1547 124 35 popes

1580 1594 112 45 laxity
1711 1594 37 34 in
1763 1594 110 33 other
1891 1594 226 43 preachers?
2171 1592 44 35 If
2242 1593 103 38 what
2379 1603 58 26 we
2464 1593 76 44 tall
2572 1594 223 46 popularity
2817 1594 31 33 is
2865 1599 67 31 sot

1581 1652 59 33 the
1657 1651 206 47 object—it
1881 1661 65 25 can
1965 1661 113 25 never
2093 1652 47 34 be
2158 1651 64 35 the
2235 1652 71 34 end
2322 1650 107 35 !—of
2451 1661 76 38 any
2550 1654 110 45 plows
2679 1651 202 47 preacher.
2900 1652 34 34 is

1581 1710 41 33 he
1641 1714 39 30 to
1698 1709 111 35 abase
1830 1708 163 41 himself,
2009 1719 45 25 or
2067 1708 138 35 endure
2222 1709 63 38 the
2301 1709 235 45 persecution
2555 1708 45 35 of
2609 1708 144 44 others,
2773 1709 159 37 became

1581 1766 44 34 he
1655 1766 168 46 happens
1840 1770 38 30 to
1906 1765 93 37 have
2034 1765 170 47 honestly
2233 1766 178 47 acquired
2443 1766 65 35 the
2537 1765 148 47 highest
2714 1765 219 39 estimation

1579 1833 132 35 among
1743 1824 56 35 his
1826 1822 344 46 contemporaries?
2224 1822 252 46 Christianity
2492 1824 89 35 does
2609 1831 69 27 nor
2699 1824 129 48 enjoin
2855 1822 77 38 this

1581 1881 85 33 kind
1685 1881 46 33 of
1744 1892 176 35 penance,
1938 1881 70 34 and
2029 1881 194 46 humanity
2241 1881 91 35 does
2346 1886 64 31 not
2426 1886 116 31 exact
2559 1881 44 37 it.

1630 1938 291 34 Circumstances
1939 1938 193 47 appeared
2151 1945 39 26 to
2207 1948 57 25 me
2281 1943 43 31 to
2340 1938 151 46 require
2507 1949 102 25 some
2622 1939 253 47 explanation
2893 1939 46 37 of

1583 2006 58 33 my
1670 2006 87 25 own
1787 1997 209 34 sentiments
2030 1995 209 47 respecting
2258 1996 164 46 popular
2443 1997 226 46 preaching.
2717 1997 157 46 Having
2888 2009 46 25 so

1584 2057 57 34 far
1654 2057 222 46 explained,
1899 2057 51 35 let
1969 2068 57 24 me
2044 2063 91 30 trust
2163 2063 65 30 not
2245 2057 338 47 unsatisfactorily,
2609 2069 63 35 my
2691 2059 177 46 tbonghts
2884 2070 52 26 on

1583 2117 78 33 that
1691 2115 157 46 subject,
1879 2117 19 34 I
1935 2117 162 45 proceed
2131 2117 93 34 with
2255 2117 64 34 the
2352 2117 216 37 immediate
2597 2117 164 39 business
2789 2118 46 35 of
2857 2119 80 47 thia

1586 2183 132 34 paper.

1632 2230 38 35 It
1685 2231 30 33 is
1733 2230 63 35 the
1809 2229 145 38 honour
1965 2229 46 35 of
2022 2229 63 35 the
2098 2233 149 41 present
2262 2228 202 47 preacher,
2479 2229 65 37 the
2562 2230 96 37 Rev.
2673 2230 257 39 RICHARD

1591 2287 191 44 YATES,
1818 2288 84 34 that
1937 2288 43 33 he
2007 2297 103 22 owes
2143 2285 57 35 his
2244 2287 289 46 respectability
2580 2293 43 30 to
2668 2289 110 35 those
2810 2298 130 27 causes

1584 2344 48 45 by
1650 2344 122 33 which
1806 2344 65 34 the
1902 2343 207 34 individual
2141 2344 169 34 becomes
2339 2344 196 33 estimable
2564 2349 41 30 to
2636 2346 172 46 society;
2852 2346 87 37 that

1585 2401 193 35 whatever
1788 2402 187 33 eminence
1996 2401 46 34 he
2061 2401 64 34 has
2143 2401 194 47 obtained,
2365 2401 124 34 either
2498 2401 273 35 ecclesiastical
2790 2413 45 25 or
2851 2404 71 34 lite-

1584 2470 102 33 rary,
1713 2459 32 34 is
1760 2459 67 33 the
1843 2459 115 34 result
1969 2458 45 34 of
2021 2459 162 43 ability,
2209 2457 248 43 ofesertioe,
2472 2458 73 34 and
2563 2458 47 35 of
2624 2459 198 46 integrity.
2876 2460 64 34 He

1584 2517 31 33 is
1628 2515 44 34 of
1690 2516 110 35 Jesus
1820 2516 172 44 College,
2021 2515 37 35 in
2075 2515 65 34 the
2163 2515 221 45 University
2411 2515 46 34 of
2483 2515 241 46 Cambridge.
2779 2517 61 37 He
2871 2517 69 37 has

1585 2574 91 34 been
1691 2584 109 34 many
1819 2584 109 34 years
1944 2572 189 46 Chaplain
2148 2578 39 30 to
2213 2572 56 35 his
2296 2570 200 48 Majesty's
2528 2572 124 46 Royal
2670 2574 201 48 Hospital,
2897 2582 43 31 at

1583 2630 247 40 Chelsea,—a
1850 2630 145 45 painful
2016 2630 74 34 and
2118 2630 162 34 arduous
2315 2629 244 45 preferment,
2598 2631 64 33 the
2692 2642 92 35 very
2809 2634 130 35 active

1584 2687 119 35 duties
1719 2687 45 35 of
1779 2688 123 34 which
1919 2687 45 34 he
1982 2686 115 37 fulfils
2113 2691 92 30 most
2224 2687 268 44 exemplarily.
2545 2687 61 35 Ile
2637 2688 28 34 is
2683 2688 81 35 also
2797 2691 143 37 Rector

1587 2744 44 34 of
1655 2746 105 40 Eve,
1786 2745 97 34 alias
1899 2745 146 38 Ashen;
2073 2744 89 41 and,
2190 2744 102 33 what
2320 2743 126 45 brings
2472 2743 78 35 him
2567 2743 161 47 directly
2744 2747 116 34 under
2874 2758 66 35 my

1585 2802 224 45 cognizance
1828 2802 34 35 in
1881 2802 72 34 this
1972 2802 124 45 place,
2127 2799 47 34 he
2193 2800 27 33 is
2239 2810 83 24 now
2346 2800 197 33 Alternate
2565 2800 207 44 Preacher,
2799 2803 37 35 in
2854 2815 87 26 eon.

1586 2865 77 27 eert
1685 2859 92 34 with
1796 2859 65 33 the
1878 2859 94 33 Rev,
1995 2858 109 34 Isaac
2120 2856 206 43 Jacktuan,
2354 2861 39 31 to
2422 2855 64 37 the
2504 2856 298 48 Philanthropic
2831 2861 107 38 Sod.

1585 2924 35 27 et
1630 2930 35 25 v.
1720 2920 63 35 lie
1800 2920 30 33 is
1848 2917 227 37 unmarried.

1636 2987 77 33 Air.
1735 2986 123 35 Yates
1876 2995 165 34 appears
2057 2983 318 46 advantageously
2392 2983 38 35 in
2441 2983 64 35 the
2524 2985 141 46 pulpit.
2718 2987 73 37 His
2804 2999 136 37 person

1635 3045 85 39 tall,
1746 3044 70 35 and
1837 3043 65 35 hat.
1920 3043 107 34 much
2044 3043 46 33 of
2104 3043 250 45 gentlemanly
2373 3043 145 46 dignity
2535 3056 14 28 ;
2578 3044 56 35 his
2650 3044 236 47 deportment
2908 3050 32 34 is

1587 3112 129 32 grave,
1748 3099 163 38 without
1928 3099 63 34 the
2019 3104 178 30 remotest
2224 3100 315 44 approximation
2574 3105 39 30 to
2649 3112 292 37 pompousness;

1587 3159 72 38 and
1688 3159 57 34 his
1776 3168 167 31 manner,
1971 3156 124 35 which
2132 3157 30 34 is
2189 3157 207 47 uniformly
2415 3157 231 46 interesting,
2681 3159 30 33 is
2735 3159 105 38 often
2856 3163 65 35 ani-

1590 3217 139 41 mated,
1755 3215 87 43 and,
1870 3214 227 43 sometimes,
2121 3214 138 45 deeply
2285 3214 196 46 affecting.
2536 3214 76 38 His
2639 3222 255 34 countenance
2911 3221 33 37 is

1592 3275 131 45 highly
1737 3272 217 46 expressive
1972 3270 46 38 of
2031 3270 58 37 his
2117 3270 235 46 intelligence
2368 3270 71 35 and
2458 3270 178 47 sincerity
2653 3283 43 26 us
2705 3283 25 26 a
2744 3276 200 44 preacher.

1596 3333 43 35 If
1663 3332 46 35 he
1728 3330 125 37 would
1879 3330 77 35 still
1977 3339 102 24 more
2104 3328 265 35 disembarrass
2396 3328 152 37 himself
2562 3330 97 37 from
2676 3332 64 37 the
2754 3337 190 35 trammels

1590 3389 48 35 of
1650 3387 244 46 manuscript,
1922 3392 38 28 to
1993 3386 142 41 which,
2169 3386 97 34 from
2302 3386 56 35 his
2391 3393 190 40 apparent
2607 3389 202 38 solicitude
2833 3402 43 25 as
2906 3398 40 32 to

1592 3451 243 34 correctness,
1861 3444 47 35 he
1931 3454 94 37 pays
2044 3449 63 28 ton
2126 3444 107 35 much
2250 3445 206 41 attention,
2484 3444 45 35 he
2548 3446 123 35 would
2695 3448 73 37 rise
2792 3450 152 46 greatly

1594 3503 39 35 in
1649 3503 63 35 the
1726 3503 111 35 effect
1851 3500 47 37 of
1915 3500 56 35 his
1988 3500 130 47 public
2135 3500 189 47 delivery.

1643 3570 71 35 His
1744 3570 206 35 discourses
1967 3580 65 26 are
2062 3570 122 46 plain,
2210 3570 90 43 and,
2324 3572 210 45 generally,
2562 3573 206 46 practical.
2822 3570 129 41 With•

1592 3634 67 32 out
1678 3630 113 46 being
1822 3628 135 34 loaded
1977 3627 92 37 with
2086 3634 210 37 ornament,
2324 3630 57 34 his
2407 3630 182 45 language
2619 3630 31 35 is
2679 3635 70 32 not
2772 3630 178 40 deficient

1593 3685 126 35 either
1730 3686 38 34 in
1780 3685 176 45 elegance
1971 3696 45 25 or
2033 3685 221 47 eloquence.
2294 3686 18 34 I
2329 3685 97 37 have
2434 3687 197 44 observed,
2650 3687 196 45 however,
2863 3689 87 39 that

1596 3743 58 35 his
1668 3748 187 35 sentences
1870 3754 66 25 are
1961 3743 211 35 sometimes
2197 3754 41 25 so
2265 3754 66 26 run
2350 3750 84 35 out,
2457 3754 43 26 as
2515 3750 41 31 to
2572 3745 155 35 become
2744 3746 131 37 rather
2893 3746 58 39 in•

1594 3800 161 45 volved;
1779 3801 90 44 and,
1894 3801 83 35 that
1993 3800 89 47 they
2096 3798 150 39 abound
2267 3807 65 30 too
2352 3802 107 37 much
2481 3801 38 38 in
2531 3804 255 45 parentheses.

1646 3870 37 38 It
1695 3873 31 35 is
1741 3883 50 26 on
1809 3870 159 48 subjects
1985 3870 46 39 of
2055 3872 193 45 humanity
2262 3881 45 25 nr
2323 3872 266 45 benevolence,
2617 3883 27 24 n
2655 3874 45 38 he
2700 3874 45 38 re
2759 3874 69 38 the
2842 3874 21 38 h
2863 3874 67 38 ear
2930 3874 22 38 t

1594 3932 289 37 communicates
1900 3931 48 38 its
1962 3930 158 39 warm►h
2139 3935 41 28 to
2197 3930 65 34 the
2283 3930 266 46 imagination,
2571 3931 85 38 that
2672 3932 77 38 this
2767 3934 184 47 preaelsof

1594 3994 94 30 most
1708 3989 259 46 iudisputably
1984 3989 139 35 excels.
2181 3986 184 38 Whether
2382 3989 64 37 the
2463 3989 176 38 occasion
2663 3989 47 37 be
2737 3991 152 47 private
2906 4002 47 32 or

1596 4046 143 46 public,
1766 4057 48 24 on
1835 4046 124 37 which
1984 4046 58 38 his
2067 4045 170 37 abilities
2261 4055 66 27 are
2352 4045 124 37 called
2496 4046 348 44 forth,—wbetber
2856 4048 31 44 It
2904 4049 51 47 hp

1594 4109 40 31 to
1654 4106 165 34 animate
1838 4106 64 35 the
1919 4104 118 37 social
2054 4104 235 47 sympathies
2324 4111 40 27 to
2401 4104 65 38 the
2489 4106 172 47 practice
2685 4107 47 37 of
2751 4107 67 37 the
2935 4122 19 17 •

1594 4163 78 34 tive
1697 4163 137 43 duties,
1860 4174 43 24 or
1937 4169 40 30 to
1995 4173 106 26 rouse
2121 4162 206 37 individual
2352 4162 174 39 kindness
2559 4163 37 35 is
2611 4165 66 35 aid
2705 4165 50 35 of
2778 4165 177 39 diffusive

1594 4221 249 47 charity,-.-it
1878 4222 32 35 is
1937 4232 48 26 on
2008 4221 103 38 these
2144 4221 196 43 occalioas
2370 4221 86 40 that
2478 4221 78 39 Mr.
2575 4221 139 47 Yates,
2761 4227 43 33 to
2831 4222 126 52 adopt

3348 3412 5 38 1

3286 3485 19 34 •
