3259 4429
1074 116 150 52 THE
1261 112 381 54 NATIONAL
1681 106 396 53 REGISTER.'

176 249 187 46 Elliston,
381 262 44 25 or
443 254 129 34 rather
589 260 150 35 nature,
758 255 47 39 by
828 254 148 45 passing
992 253 57 34 his
1069 252 94 34 hand
1183 262 89 21 over
1302 250 54 33 his
1380 260 13 33 e
1393 260 13 33 .
1406 260 13 33 )
1429 259 54 31 es,
1511 248 34 33 in

171 300 122 34 order
309 306 39 30 to
369 302 183 33 ascertain
573 302 172 34 whether
774 302 89 43 they
894 302 64 33 did
986 306 66 30 not
1080 301 152 33 deceive
1252 299 92 33 him.
1400 296 71 34 His
1489 307 35 22 re-

174 348 187 35 nforseful
397 350 206 34 indecision
632 350 126 35 whilst
785 350 208 46 expecting
1025 350 61 33 the
1114 347 119 45 signal
1256 353 38 27 to
1313 347 146 33 murder
1483 346 59 32 the

172 396 130 46 :Ring,
320 398 71 34 and
411 399 104 33 when
536 399 28 33 it
582 399 30 33 is
628 399 125 45 given,
775 399 60 33 the
848 398 162 34 anxious
1026 407 85 24 care
1127 396 92 33 with
1239 393 122 35 which
1380 394 43 32 he
1435 393 107 33 locks

176 455 118 37 every
314 448 111 39 door,
442 446 69 34 and
531 446 128 34 listens
687 452 40 28 to
764 445 145 35 fancied
935 445 149 39 sounds,
1102 455 94 33 gave
1222 454 22 22 a
1264 452 99 24 more
1383 441 163 44 striking

177 494 152 44 picture
347 494 44 34 of
417 506 45 24 an
480 496 157 33 assassin
661 495 161 45 stealing
853 500 38 30 to
922 496 63 32 the
1015 494 133 45 pillow
1172 490 43 34 of
1231 491 56 33 his
1303 489 130 34 victim
1453 490 90 33 that

181 542 67 33 bas
260 543 20 33 -
280 543 81 33 been
378 543 200 44 displayed
611 544 50 37 by
687 553 102 24 some
816 542 43 33 of
883 543 65 32 the
980 546 92 30 most
1101 541 161 34 eminent
1294 536 246 46 performers.

182 589 18 32 `l
200 589 9 32 l
209 589 19 32 4'
239 592 67 32 hen
326 592 65 32 the
407 592 137 44 bloody
568 582 92 41 deed
681 591 30 34 is
728 589 234 41 committed,
981 588 71 35 and
1085 589 45 33 he
1157 588 206 44 complains
1381 591 39 28 to
1444 585 102 41 Lad;

182 639 174 32 -Macbeth
376 639 80 33 that
490 640 45 33 he
554 640 111 33 could
700 646 65 27 not
797 648 215 34 pronounce
1283 634 45 33 he
1362 643 78 24 was
1468 639 77 34 not,

180 684 200 43 however,
404 697 39 24 so
477 687 227 45 plaintively
730 686 156 34 sublime
904 697 40 22 as
967 686 73 33 Mr.
1063 685 177 34 Kemble.
1293 683 80 34 The
1390 691 106 22 scene
1513 681 33 31 in

184 732 129 35 which
344 735 46 33 he
420 737 112 32 shone
565 735 91 34 with
690 736 135 33 almost
844 733 211 35 unrivalled
1074 733 115 33 lustre
1218 742 73 24 was
1311 730 81 33 that
1417 728 45 34 of
1485 731 63 31 the

182 782 185 44 banquet,
383 784 206 43 especially
608 789 40 27 at
679 784 61 32 the
761 789 159 28 moment
943 794 27 22 n
983 782 69 33 hen
1067 782 43 32 he
1126 790 115 22 seems
1264 781 47 41 by
1333 778 53 32 his
1406 777 141 33 threats

185 839 41 24 to
269 830 109 33 drive
415 830 154 45 Banqua
587 842 15 20 s
619 830 109 45 ghost
761 830 97 34 from
892 830 64 32 the
987 836 116 37 singe,
1141 827 71 34 and
1251 837 46 22 on
1341 827 43 32 its
1422 824 105 44 disap-

183 887 194 34 pearance
418 880 198 38 exclaims,
704 879 17 33 I
754 888 60 24 am
844 888 22 24 a
896 888 84 24 man
1224 875 40 33 In
1285 874 60 34 the
1371 879 78 28 two
1476 872 37 33 la
1525 879 20 26 a

187 928 81 32 acts
313 925 57 35 his
405 927 113 44 spirit
560 935 84 25 rose
689 931 39 30 to
764 927 61 33 the
872 926 148 43 highest
1064 925 104 44 pitch
1199 922 44 32 of
1273 921 158 46 passion.
1486 919 59 34 lie

185 973 141 44 fought
348 978 41 30 at
424 976 63 32 the
519 976 99 32 close
648 974 44 33 of
717 974 56 33 his
806 974 122 43 guilty
961 983 130 25 career
1114 984 40 22 as
1178 971 163 33 Macbeth
1359 967 118 45 ought
1508 973 35 26 to
1560 967 1 50 •

188 1019 113 46 tight,
330 1023 69 34 but
423 1024 139 33 seldom
581 1023 103 40 does,
704 1020 93 35 with
821 1022 58 34 the
909 1020 91 34 wild
1022 1031 135 34 energy
1172 1019 44 34 of
1235 1017 164 45 despair,
1420 1016 123 33 which

189 1069 151 35 derives
351 1071 163 43 strength
533 1071 97 32 from
650 1071 45 33 its
713 1080 90 33 very
819 1069 266 44 hopelessness,
1100 1067 71 34 and
1191 1067 157 33 resolves
1364 1065 97 32 since
1479 1063 66 34 life

189 1123 96 27 must
305 1117 46 33 he
369 1117 87 40 lust,
487 1124 39 26 to
550 1120 66 32 sell
640 1117 28 34 it
684 1117 135 44 dearly
850 1123 37 26 to
924 1117 45 32 its
996 1126 221 33 conqueror.
1276 1114 117 32 When
1407 1111 136 39 falling

191 1163 185 34 wounded
399 1172 34 27 to
454 1166 65 34 the
531 1166 161 44 ground,
713 1166 92 32 with
824 1175 21 24 a
865 1165 103 33 burst
986 1163 46 33 of
1054 1174 84 32 rage
1157 1161 189 45 congenial
1367 1161 92 32 with
1481 1157 61 35 the

190 1222 150 34 temper
359 1213 43 33 of
413 1213 59 33 the
491 1218 143 39 tyrant,
651 1215 44 32 he
716 1213 102 33 hurls
831 1213 57 33 his
900 1213 142 39 SWOIII,
1067 1211 122 33 which
1204 1211 44 32 he
1265 1219 69 22 can
1354 1219 46 22 no
1419 1208 128 41 longer

191 1261 132 39 wield,
343 1266 39 27 at
398 1260 56 33 his
471 1260 74 39 foe,
563 1261 72 32 and
654 1261 151 44 expires
821 1260 35 34 in
874 1260 63 33 the
950 1260 164 43 strongly
1131 1258 71 34 and
1213 1256 119 46 justly
1345 1256 198 44 expressed

187 1311 157 43 agoniss
361 1307 45 34 of
428 1319 159 22 remorse
605 1309 70 33 and
693 1318 138 27 terror.

239 1357 61 33 On
322 1357 142 43 Friday
483 1357 120 44 night,
622 1358 71 33 Mr.
715 1357 143 41 Young
873 1356 109 34 made
998 1355 56 33 his
1071 1355 78 34 first
1168 1362 231 35 appearance
1423 1351 34 33 in
1483 1349 60 34 the

190 1403 207 35 character.
407 1404 45 33 of
470 1406 185 43 Beverley,
678 1404 37 33 in
737 1404 73 33 The
830 1404 207 38 Gamester,
1063 1401 206 46 supported
1285 1402 48 41 by
1354 1400 89 34 Mrs.
1460 1397 63 33 Sid-

190 1452 91 33 dons
299 1453 70 33 and
389 1453 71 33 Mr.
477 1453 44 34 C.
547 1450 175 41 Kenible,
739 1452 35 33 in
793 1454 91 31 Mrs.
914 1452 176 43 Beverley
1106 1449 71 33 and
1196 1450 146 32 Lawson
1358 1462 11 25 ;
1396 1446 72 34 and
1489 1455 38 24 ra-

191 1499 85 35 ther
291 1499 241 35 encumbered
552 1500 94 33 with
678 1500 92 33 Mrs.
793 1500 51 33 St.
865 1501 137 40 Leger,
1028 1508 39 24 as
1098 1498 200 34 aharliAtte.
1349 1495 133 35 Cooke
1508 1504 38 24 as

188 1547 107 34 usual
314 1548 169 32 excelled
503 1547 34 33 in
556 1547 61 33 the
638 1552 84 40 part
736 1546 47 35 of
797 1547 167 43 Stakaey
981 1560 12 26 ;
1023 1545 69 34 and
1106 1546 76 33 Mr.
1204 1545 233 43 Thompson,
1457 1540 87 35 who

191 1606 60 24 sve
287 1596 167 43 strongly
488 1600 146 39 suspect
669 1605 180 33 possesses
881 1605 104 22 more
1013 1593 115 33 talent
1157 1592 89 33 than
1291 1592 45 33 he
1378 1590 65 35 has
1488 1587 57 34 till

190 1654 87 25 now
331 1643 189 41 revealed,
574 1644 35 32 in
640 1643 61 34 the
746 1643 149 34 humble
935 1642 197 34 character
1174 1641 44 32 of
1230 1651 6 5 •
1252 1639 171 39 Dawson,
1450 1636 78 34 deli-

190 1691 113 33 vered

326 1691 56 33 his
394 1695 155 30 account
575 1690 46 33 of
648 1689 203 45 Beoerley's
869 1695 137 35 arrest,
1028 1690 89 33 with
1136 1698 40 22 so
1195 1687 106 35 much
1320 1685 139 44 feeling
1474 1684 71 33 and

191 1739 130 45 spirit,
334 1749 45 26 as
394 1746 37 26 to
450 1739 146 34 receive
614 1749 24 24 a
656 1739 117 34 round
785 1736 46 35 of
842 1737 203 46 applause,
1062 1736 70 34 and
1152 1736 104 34 what
1272 1735 30 33 is
1320 1743 116 32 more,
1454 1743 41 22 as
1509 1736 38 30 to

193 1786 156 35 deserve
369 1787 43 33 it.

244 1834 83 34 For
361 1846 146 22 reasons
529 1834 123 34 which
684 1845 57 22 we
770 1833 94 34 have
882 1832 158 47 already
1059 1830 221 47 explained,
1311 1840 58 24 we
1396 1827 154 35 forbear

193 1881 217 44 descanting
436 1893 44 22 on
501 1883 92 34 Mrs.
611 1880 170 37 Siddons'
798 1880 230 35 excellence.
1085 1880 71 33 She
1174 1889 115 24 seems
1304 1877 156 33 doomed
1489 1886 39 22 ne-

194 1942 66 24 ver
280 1938 39 26 to
339 1931 72 34 feel
433 1932 59 32 the
511 1931 189 44 blighting
715 1930 94 34 hand
828 1930 43 33 of
883 1938 85 34 age,
990 1928 70 35 and
1089 1938 57 24 we
1166 1928 87 44 only
1274 1925 105 46 point
1397 1931 67 27 out
1486 1924 63 33 the

194 1978 175 35 beauties
386 1980 69 33 and
472 1978 141 34 defects
632 1978 44 34 of
690 1977 201 46 withering
906 1977 70 34 and
994 1976 215 47 perishable
1226 1974 125 44 beings
1365 1972 84 34 like
1465 1983 85 22 our-
1560 1972 1 51 •

197 2028 136 35 selves.

248 2076 77 34 Mr.
343 2075 143 45 Young
498 2074 172 46 equalled
687 2085 69 24 our
774 2073 280 45 expectations.
1104 2072 73 35 His
1195 2069 112 47 grief,
1328 2068 57 35 his
1403 2068 125 34 tender-

195 2134 99 30 ness,
317 2124 53 33 his
390 2134 177 31 remorse,
587 2122 56 35 his
660 2124 185 33 weakness
866 2121 72 34 and
958 2121 58 33 his
1035 2121 165 45 despair,
1219 2128 100 25 were
1336 2115 133 46 highly
1487 2127 43 22 na-

194 2173 119 40 tural,
330 2171 71 35 nod
417 2171 188 44 affecting.
664 2170 54 46 fly
752 2171 53 32 his
833 2170 104 43 skill,
972 2179 57 22 we
1055 2179 110 24 never
1189 2169 72 32 lost
1289 2166 100 41 sight.
1415 2164 46 34 of
1486 2163 63 34 the

195 2222 196 34 nobleness
411 2219 44 33 of
475 2217 200 46 tleverley's
707 2218 241 44 disposition,
981 2216 120 34 which
1135 2213 116 45 ought
1269 2212 79 34 free
1356 2212 128 44 neatly
1509 2217 38 28 to

194 2271 107 34 shine
321 2267 158 41 through
500 2265 64 35 the
587 2267 71 33 veil
679 2265 44 34 of
741 2268 80 32 vice
839 2265 79 33 that
935 2265 268 32 overshadows
1220 2262 56 34 his
1294 2258 253 47 perfections;

195 2317 72 35 and
292 2316 123 33 which
435 2317 99 32 burst
554 2314 100 34 forth
676 2314 34 34 in
731 2313 54 33 his
806 2323 111 24 warm
933 2310 152 35 defence
1100 2310 45 34 of
1156 2310 180 41 Stukeley,
1355 2308 63 34 the
1434 2307 96 34 sacri-

196 2365 70 35 fice
289 2363 44 35 he
346 2363 126 32 makes
491 2361 45 34 of
556 2362 63 33 the
637 2362 112 33 weak
771 2360 155 35 remains
945 2359 45 34 of
1013 2360 54 33 his
1088 2360 145 33 fortune
1252 2362 37 27 to
1309 2356 141 33 relieve
1467 2355 79 33 that

191 2412 269 37 false-hearted
478 2411 145 38 friend;
637 2411 70 32 and
724 2408 56 33 his
793 2407 172 46 dignified
981 2407 132 34 refusal
1131 2407 44 34 of
1189 2404 213 45 borrowing
1411 2413 133 34 money

193 2461 103 35 from
330 2460 52 33 his
402 2459 60 33 old
478 2465 148 27 servant
645 2458 149 34 Jarvis.
847 2454 73 35 Mr.
943 2454 142 45 Young
1101 2460 64 28 not
1181 2453 87 34 only
1289 2461 177 34 possesses
1486 2451 63 33 the

193 2510 150 43 faculty
378 2506 45 34 of
442 2506 221 46 expressing
689 2505 61 33 the
777 2504 144 34 loudest
953 2503 227 41 intonations
1209 2491 46 43 of
1278 2499 145 46 passion
1455 2498 92 34 with

195 2567 151 38 proper
376 2555 123 43 effect,
534 2555 69 33 but
630 2532 57 54 his
713 2552 105 35 voice
839 2554 32 31 ill
889 2563 13 22 s
920 2551 105 40 ,fter,
1044 2550 137 44 though
1202 2554 64 30 not
1292 2548 164 45 perhaps
1480 2545 67 34 less

197 2606 177 41 affecting
394 2613 183 34 passages,
593 2602 100 34 sinks
715 2602 78 33 into
806 2610 22 22 a
849 2601 139 41 reeling
1000 2598 263 45 plaintiveness
1283 2597 80 32 that
1382 2595 112 33 steals
1512 2600 37 27 to

194 2656 69 32 the
282 2655 117 32 heart.
454 2650 72 33 His
557 2652 148 44 picture
733 2648 44 34 of
803 2648 133 33 mental
963 2647 72 33 and
1062 2646 129 43 bodily
1209 2643 187 44 sufferings
1423 2642 34 33 in
1488 2641 60 34 the

193 2704 78 33 last
288 2709 106 26 scene
415 2708 76 25 was
507 2696 188 41 dreadful,
718 2698 66 33 but
810 2695 168 43 chastely
999 2693 100 46 just,
1128 2693 73 35 and
1219 2692 37 33 in
1273 2688 111 46 every
1403 2695 87 39 part
1509 2688 45 34 of

193 2751 60 35 his
279 2747 257 47 performance
567 2746 35 33 in
637 2747 34 32 .11
680 2745 124 32 arbeth
831 2744 71 32 and
933 2743 189 44 Beverley,
1152 2741 47 32 be
1230 2739 141 45 proved
1401 2737 154 35 himself

197 2798 156 43 worthy
374 2803 38 26 to
426 2803 59 25 act
506 2794 47 31 by
576 2793 59 32 the
656 2792 76 33 side
751 2792 43 33 of
807 2791 61 34 the
893 2790 142 34 British
1057 2790 249 44 Melpomene.

244 2846 84 34 The
348 2832 193 56 recaptite;
559 2839 122 34 which
700 2839 65 33 the
785 2839 126 45 public
931 2837 156 45 granted
1104 2838 92 38 him,
1221 2833 72 34 and
1312 2832 119 35 which
1453 2832 45 34 he
1512 2844 40 24 so

197 2895 132 41 highly
359 2891 175 33 deserved
555 2893 133 31 cannot
720 2888 72 33 fail
822 2894 37 26 to
883 2887 165 34 awaken
1075 2885 51 33 all
1160 2884 65 33 the
1257 2883 164 43 energies
1439 2881 45 34 of
1496 2881 56 34 his

196 2943 145 45 genius.
397 2937 217 37 Emulation
643 2936 27 33 is
702 2936 65 33 the
797 2943 106 26 nurse
935 2934 48 34 of
1011 2933 224 34 excellence.
1292 2930 111 32 Were
1439 2939 56 24 we
1514 2933 37 30 to

195 2992 115 45 place
338 2988 76 33 him
429 2999 76 21 now
521 2991 39 28 at
591 2986 59 32 the
664 2982 96 34 head
775 2982 44 34 of
840 2993 70 22 our
926 2981 123 45 tragic
1069 2980 240 45 performers,
1337 2988 58 22 we
1419 2976 132 34 should

194 3041 48 33 be
260 3038 123 45 guilty
404 3035 43 33 of
459 3034 152 41 flattery
631 3032 70 34 and
720 3031 123 35 would
870 3030 162 45 deprive
1046 3028 72 33 him
1141 3027 44 34 of
1191 3038 24 22 a
1230 3026 168 35 stimulus
1422 3025 61 33 for
1496 3024 38 34 fu-

195 3094 87 27 ture
299 3084 206 35 exertions.
559 3081 71 33 We
651 3080 112 33 know
787 3079 56 33 his
862 3087 167 31 cowers,
1046 3076 67 34 and
1126 3074 118 47 judge
1263 3074 74 33 him
1352 3073 203 44 according

197 3143 41 27 to
254 3136 99 32 their
369 3135 144 37 extent,
539 3130 71 33 and
630 3135 63 27 not
710 3135 39 27 to
777 3128 103 33 those
909 3125 46 34 of
971 3125 138 34 others.
1165 3124 70 33 We
1257 3123 77 33 will
1351 3125 65 30 not
1429 3119 104 34 there-

198 3184 90 33 fore
304 3178 180 45 foolishly
507 3177 182 40 exclaim,
705 3175 86 35 that
811 3176 43 33 he
875 3175 63 32 has
954 3171 158 37 reached
1131 3170 226 47 perfection,
1370 3169 182 44 although

200 3233 50 34 he
278 3240 84 33 may
397 3228 96 33 have
519 3223 193 46 surpassed
738 3235 102 21 some
865 3233 41 24 or
937 3230 96 25 even
1049 3221 50 33 all
1121 3221 56 33 his
1196 3217 261 45 competitors,
1486 3217 64 33 but

198 3280 115 34 when
330 3275 230 46 experience
583 3272 72 34 and
673 3272 110 44 study
801 3270 96 35 shall
917 3269 98 33 have
1033 3267 157 35 enabled
1215 3267 73 32 him
1307 3272 39 27 to
1364 3269 110 31 exert
1494 3265 61 33 the

198 3328 73 33 full
293 3327 117 37 force,
426 3322 71 34 and
517 3321 151 45 display
696 3320 67 34 the
796 3320 76 33 real
902 3318 216 34 excellence
1146 3315 45 33 of
1212 3315 56 33 his
1292 3314 135 44 genius.
1483 3313 72 34 His

197 3373 117 47 spirit
333 3373 66 33 has
416 3371 213 35 sometimes
647 3367 181 45 betrayed
849 3367 78 33 him
946 3367 78 32 into
1043 3363 208 45 something
1279 3367 61 27 not
1369 3372 90 31 very
1491 3371 43 24 un-

191 3424 90 41 )ike
302 3422 158 43 ranting.
521 3418 69 33 Let
617 3416 74 33 him
723 3417 152 33 beware
904 3413 45 34 of
980 3412 96 40 this;
1106 3412 64 33 the
1196 3410 143 33 disease
1370 3407 128 35 which
1530 3409 32 33 if

197 3471 119 34 taken
338 3471 37 32 in
393 3469 103 37 time,
519 3476 85 33 may
621 3465 46 32 be
685 3464 120 44 easily
826 3461 191 41 removed,
1037 3459 34 33 if
1083 3458 154 34 suffered
1256 3463 38 28 to
1313 3458 163 46 proceed
1495 3468 43 24 un-

197 3517 194 41 checked,
412 3516 78 33 will
507 3520 43 30 at
567 3514 74 34 last
659 3522 120 34 prove
797 3510 191 35 incurable
1006 3509 72 34 and
1093 3507 151 34 mortal.

2679 93 155 59 lAN.
2880 103 78 52 15.

1631 244 44 28 lie
1695 242 169 44 prisoner
1885 250 77 24 wai
1978 249 70 25 one
2065 239 46 35 of
2122 240 112 34 them.
2289 237 167 35 Anoth-r
2478 236 163 41 witness,
2667 234 43 34 of
2725 235 60 32 the
2802 242 104 25 nalLe
2924 233 44 31 of

1617 296 56 26 :Pe
1694 291 128 38 Cams,
1891 291 46 31 ho
1971 298 93 33 gate
2098 288 241 33 informatioti
2370 292 39 28 to
2445 285 63 34 the
2533 285 124 33 above
2693 282 120 33 officer
2833 280 40 35 of
2893 279 77 46 the,

1613 338 180 46 proposed
1820 337 193 44 burglary,
2041 335 107 35 could
2170 341 64 27 not
2254 345 123 24 swear
2392 334 78 33 that
2486 332 64 35 the
2571 331 168 46 prisoner
2756 339 73 24 Ras
2841 337 66 25 one
2922 325 44 35 of

1612 393 61 26 the
1694 386 167 33 rol&ers.

1658 433 81 35 The
1757 432 117 46 Jury,
1897 432 102 34 after
2023 442 99 24 some
2156 431 267 40 deliberation,
2453 428 112 37 found
2597 425 63 34 the
2683 425 174 34 Prisoner
2884 422 80 37 Not

1612 483 28 33 G
1650 483 103 43 witty.

706 3652 107 39 OLD
849 3648 213 40 BAILEY.

246 3802 257 45 Wednesday,
519 3800 64 35 the
595 3797 145 35 SeFsion
755 3794 45 37 of
811 3797 106 44 Oyer
933 3793 74 38 and
1025 3791 210 41 Terminer,
1253 3789 70 35 and
1343 3788 44 35 of
1397 3787 86 46 gaol
1496 3785 43 35 de-

193 3849 146 48 livery,
369 3850 58 34 for
444 3853 63 32 the
526 3850 87 44 City
634 3848 44 33 of
694 3846 151 34 London
872 3843 72 33 and
970 3843 151 43 County
1140 3839 45 35 of
1206 3839 226 38 Middlesex,
1457 3847 71 22 com-

198 3900 154 37 menced
381 3907 41 27 at
456 3898 148 35 Justice
635 3895 111 39 Hall,
782 3892 74 35 Old
891 3889 157 45 Bailey,
1080 3889 125 32 before
1238 3887 76 33 Mr.
1331 3885 146 35 Justice
1509 3885 39 32 Lt

202 3951 138 40 Blanc,
359 3948 78 34 Mr.
454 3947 150 34 Justice
621 3941 207 39 Chambre,
844 3940 72 33 and
939 3939 76 34 Mr.
1033 3938 124 34 Baron
1176 3935 229 43 Thompsoe.

247 3998 109 34 John
376 3996 126 34 Baker
524 4004 74 24 was
618 3990 164 35 indicted
801 3987 61 34 for
880 3985 280 46 burglarionsly
1183 3984 184 41 breaking
1397 3980 72 35 and
1496 3991 44 24 en-

198 4046 131 44 tering
347 4045 60 33 the
428 4041 319 45 dwelling-house
776 4037 44 34 of
844 4035 226 37 Catharine,
1102 4033 190 38 Dowager
1320 4032 178 33 Countess
1525 4029 40 33 of

198 4096 177 39 Morton,
396 4091 91 34 with
508 4091 117 32 intent
645 4095 38 27 to
710 4085 154 35 commit
891 4095 26 22 a
946 4082 178 44 burglary
1155 4078 157 35 therein.
1367 4078 81 33 The
1478 4078 64 33 Pri-

197 4153 112 28 soner
333 4152 74 24 was
422 4139 201 45 arraigned
640 4147 40 24 as
699 4136 111 41 being
829 4143 67 24 one
917 4130 45 34 of
977 4131 64 32 the
1054 4140 96 34 gang
1163 4139 28 22 NV
1204 4127 46 33 ho
1271 4135 98 25 were
1388 4124 96 34 tried
1504 4124 56 34 for

202 4193 48 35 he
269 4201 102 25 same
390 4188 139 35 offence
547 4193 40 27 at
609 4187 63 32 the
691 4185 69 33 last
775 4182 172 35 sessions,
961 4179 71 33 and
1046 4188 98 33 upon
1165 4179 63 30 the
1253 4185 99 24 same
1369 4174 189 34 evidence.

196 4241 107 44 Fov,
332 4239 65 34 the
416 4235 141 46 officer,
581 4234 84 35 who
683 4228 270 51 apprehended
972 4228 65 34 the
1054 4235 111 38 gang,
1191 4224 111 37 could
1319 4231 64 27 not
1400 4232 66 37 say
1481 4221 83 37 that

2041 608 206 27 TTIVILSDA
2261 608 44 31 V',
2331 607 105 26 JAN.
2472 599 56 32 12.

1659 658 239 35 HIGHWAY
1928 656 472 37 Rottrrn.Y.—William
2435 653 224 38 Hatchman,
2679 660 24 24 a
2719 650 74 45 boy
2824 647 46 37 of
2897 647 60 41 16,

1615 717 74 24 was
1708 706 185 46 capitally
1913 706 161 32 indicted
2094 705 61 32 for
2170 704 224 41 feloniously
2421 702 198 38 assaulting
2640 699 120 39 Anne,
2786 697 61 35 the
2869 697 89 33 wife

1609 754 46 35 of
1685 755 40 34 J.
1763 754 240 39 Ficldhouse,
2031 763 46 22 on
2114 754 61 31 the
2210 752 196 43 highway,
2451 750 144 44 putting
2621 748 65 34 her
2709 746 34 32 in
2774 745 79 33 fear
2885 743 72 33 and

1610 807 138 40 danger
1778 802 41 34 of
1841 802 65 33 her
1935 800 84 41 life,
2046 800 71 34 and
2152 800 156 43 stealing
2328 798 96 33 from
2445 797 63 33 her
2542 804 135 37 person
2694 804 22 24 a
2734 802 110 26 straw
2865 793 70 32 bon-

1611 857 56 26 net
1687 850 70 33 and
1778 849 91 33 veil.
1925 848 34 34 It
1993 848 195 44 appeared
2218 846 81 34 that
2320 846 63 33 the
2405 846 164 45 prisoner
2588 843 129 33 struck
2735 841 59 34 the
2830 849 106 34 prose-

1609 899 123 33 eutrix
1752 909 22 22 a
1791 898 103 33 blow
1912 907 39 21 a-;
1981 896 64 32 she
2074 905 76 24 was
2185 895 167 40 walking
2381 900 39 26 to
2454 893 174 39 Pancras,
2660 889 70 34 and
2748 888 126 45 pulled
2894 888 64 32 the

1611 952 130 28 canard
1761 945 71 34 and
1851 944 72 33 veil
1942 943 57 33 off
2011 943 66 33 h-r
2093 944 109 32 head.
2255 941 80 33 The
2353 941 159 43 robbery
2537 950 74 24 was
2637 938 141 43 dearly
2798 934 159 46 proved,

1609 994 71 32 and
1702 993 60 33 the
1794 993 100 39 Jury
1926 989 113 35 found
2062 991 63 33 the
2148 991 168 44 prisoner
2337 987 320 35 Guiltv—Death.
2715 986 57 33 lie
2792 993 79 26 was
2898 993 39 24 re-

1607 1039 236 38 commended
1867 1045 37 27 to
1925 1049 139 32 mercy,
2096 1038 33 33 in
2148 1046 249 34 consequence
2417 1025 45 44 of
2469 1046 24 24 a
2507 1035 97 44 good
2620 1035 194 37 character
2831 1044 25 21 w
2870 1031 84 34 hick

1611 1090 44 33 he
1675 1089 70 34 had
1766 1088 170 33 received
1957 1085 94 33 from
2069 1087 144 33 several
2236 1087 197 33 witnesses,

1662 1137 272 33 liyaGt.ARV.
1991 1134 136 33 Daniel
2160 1133 137 34 Ilenion
2321 1143 76 21 was
2428 1130 156 33 indicted
2602 1129 57 33 for
2681 1127 276 44 burglarinudy

1607 1185 159 44 stealing
1783 1195 24 21 a
1822 1185 92 32 bear
1933 1182 103 37 muff,
2066 1182 34 33 in
2121 1181 61 33 the
2202 1182 94 41 shop
2315 1180 45 32 of
2374 1179 102 33 John
2496 1178 221 38 Schaeider,
2743 1186 22 22 a
2787 1175 169 40 Furrier,

1635 1246 8 20 ►
1670 1233 184 33 Holborn.
1907 1228 41 34 It
1961 1230 195 44 appeared
2171 1228 76 32 that
2267 1238 102 22 some
2386 1226 226 45 depredator
2629 1224 139 45 opened
2789 1224 63 32 the
2869 1232 67 34 pro-

1609 1278 175 37 •,•eutor's
1801 1279 96 43 shop
1916 1276 96 34 door
2041 1279 117 31 about
2176 1277 58 33 six
2267 1274 150 34 o'clock
2447 1285 44 21 on
2525 1273 63 33 the
2606 1272 156 43 evening
2776 1270 44 34 of
2829 1270 64 33 the

1609 1329 43 34 of
1659 1329 169 33 January
1860 1326 86 39 last,
1972 1325 71 33 and
2072 1325 145 33 carried
2237 1325 53 31 off
2302 1335 21 20 a
2344 1323 111 33 hark
2477 1324 89 31 bear
2582 1319 103 40 muff,
2714 1319 119 32 which
2849 1319 106 31 stout;

1610 1377 34 33 in
1670 1377 63 33 the
1754 1374 176 35 wind.sw.
1985 1371 34 34 A
2049 1384 65 22 cry
2145 1371 44 33 of
2202 1378 83 37 stop
2310 1370 102 34 thief
2435 1380 72 24 was
2528 1369 176 32 instantly
2726 1365 133 35 raised,
2885 1365 72 32 and

1611 1424 60 32 the
1693 1423 168 44 prisoner
1881 1430 74 24 was
1972 1430 83 25 seen
2075 1428 37 26 to
2130 1430 65 24 run
2224 1423 80 39 past
2320 1417 64 34 the
2400 1417 102 32 door.
2533 1417 74 33 Mr.
2637 1415 113 38 Ellin,
2767 1424 21 22 a
2802 1413 135 34 Cheese-

1612 1481 164 34 monger,
1809 1472 33 32 in
1866 1468 189 40 Holborn,
2083 1469 85 32 who
2202 1466 196 45 happened
2428 1469 38 28 to
2494 1466 46 32 be
2567 1463 112 44 going
2709 1466 83 40 past
2822 1466 41 27 at
2893 1459 65 34 the

1612 1521 103 38 time,
1733 1517 125 37 seized
1876 1517 59 35 the
1956 1528 38 32 pi
2006 1518 137 39 isoner,
2169 1515 71 33 and
2257 1524 94 37 gave
2373 1513 73 33 him
2474 1514 33 32 in
2532 1511 138 44 charge
2688 1515 38 27 to
2744 1521 45 21 an
2807 1508 141 32 officer.

1616 1569 31 33 It
1675 1567 63 33 did
1754 1573 63 26 not
1831 1573 149 39 appear
1998 1565 79 33 that
2095 1565 60 32 the
2171 1569 150 38 propert
2333 1573 18 22 v
2375 1572 73 22 was
2479 1558 111 35 fonnd
2608 1569 102 33 upon
2730 1558 72 32 him
2815 1556 97 32 after
2933 1556 26 31 it

1613 1616 69 33 had
1702 1615 231 40 heenstolen,
1946 1612 69 35 awl
2036 1612 60 34 the
2117 1612 146 33 le:lined
2280 1610 141 44 Judge,
2438 1609 201 37 Chambre,
2660 1606 76 32 was
2752 1606 41 32 of
2805 1603 154 43 opinion

1610 1665 83 32 that
1722 1663 61 34 the
1811 1662 176 35 evidence
2008 1662 70 33 had
2096 1665 65 28 not
2199 1658 139 45 proved
2359 1659 64 32 the
2453 1658 157 39 identity
2630 1654 43 33 of
2687 1655 61 32 the
2774 1652 183 45 prisoner.

1612 1711 80 35 The
1711 1711 98 44 Jury
1828 1710 177 44 instantly
2026 1708 213 45 acquitted,
2265 1708 61 32 the
2350 1704 176 45 prisoner.

1662 1759 133 34 Daniel
1815 1757 124 44 Geary
1962 1768 77 22 was
2056 1755 111 34 found
2194 1754 122 44 guilty
2336 1753 45 33 of
2395 1752 161 45 stealing
2572 1761 24 22 a
2623 1749 152 35 cbesnut
2792 1746 167 47 gelding,

1612 1808 63 33 the
1694 1812 182 41 property
1897 1804 44 37 of
1962 1804 174 37 William
2157 1802 195 34 Cockhill.

2099 1956 181 33 FRIDAY,
2300 1957 97 24 JAN.
2433 1946 59 34 13.

1661 2011 131 35 BAIM
1822 2008 398 37 FORGERY.-3olin
2250 2007 175 34 Nicholls
2448 2016 74 22 was
2543 2002 163 43 indicted
2725 2001 57 34 for
2799 2002 163 43 attiring.

1610 2072 22 22 a
1667 2060 126 44 forged
1822 2060 53 35 ail,
1907 2066 99 33 note,
2039 2056 90 34 with
2163 2056 116 32 intent
2313 2061 39 26 to
2391 2054 152 34 defraud
2576 2053 64 32 the
2673 2050 191 33 Governor
2887 2049 74 33 and

1613 2111 196 43 Company
1844 2106 45 34 of
1911 2107 64 33 the
2006 2105 111 35 Bank
2135 2102 44 34 of
2196 2102 184 45 England.
2431 2102 81 33 The
2542 2099 118 34 detail
2683 2096 43 34 of
2743 2099 59 32 the
2829 2108 115 22 neces

1611 2167 84 33 sary
1722 2154 178 34 evidence
1930 2153 181 45 occupied
2132 2152 63 33 the
2215 2151 118 34 Court
2353 2150 64 33 the
2446 2148 126 34 whole
2606 2146 182 44 morning,
2815 2146 65 33 but
2897 2146 65 33 the

1612 2205 94 33 facts
1726 2202 45 37 of
1792 2203 73 33 'the
1883 2212 84 24 case
1984 2212 86 33 may
2102 2199 46 33 he
2165 2199 163 33 detailed
2352 2199 34 31 in
2405 2209 22 21 a
2451 2197 105 33 short
2590 2204 182 34 compass.
2826 2193 59 33 On
2898 2193 64 32 the

1611 2251 87 35 10th
1730 2250 208 34 December
1956 2250 89 40 last,
2072 2248 162 35 Vincent
2261 2245 141 38 Alessi,
2427 2255 45 24 an
2509 2244 143 39 Italian
2669 2241 135 35 offered
2819 2252 24 21 a
2861 2241 100 34 bank

1607 2302 78 33 note
1685 2302 20 33 .
1722 2297 37 35 in
1793 2302 178 40 payment
2001 2297 63 33 for
2094 2301 80 28 two
2200 2294 138 33 bottles
2357 2293 45 33 of
2427 2293 111 37 wine,
2565 2297 38 26 to
2620 2300 26 24 a
2672 2297 132 35 perdu
2831 2287 46 34 of
2900 2288 64 33 the

1611 2357 106 24 name
1734 2346 44 33 of
1800 2344 161 44 Taylor,
1989 2343 161 33 resident
2181 2342 34 33 in
2254 2342 189 33 Holborn.
2494 2336 83 35 The
2611 2342 85 27 note
2731 2346 45 24 on
2802 2336 162 44 enquiry

1612 2394 126 34 turned
1759 2398 64 30 out
1843 2402 25 22 a
1896 2392 71 34 bad
1998 2402 85 30 one,
2109 2388 72 35 and
2210 2388 118 34 Alessi
2354 2398 73 24 was
2459 2383 257 45 immediately
2741 2382 113 35 taken
2883 2383 77 33 into

1613 2441 170 45 custody.
1839 2440 63 33 He
1933 2441 86 32 then
2046 2438 201 39 disclosed,
2285 2437 85 33 that
2400 2434 44 34 he
2479 2431 211 47 purchased
2720 2432 61 33 the
2810 2437 85 27 note
2926 2433 38 32 in

1610 2490 168 45 question
1791 2487 97 34 from
1902 2491 63 30 the
1980 2487 170 45 prisoner
2170 2485 183 40 Nicholls,
2365 2483 86 33 who
2465 2480 144 34 resided
2624 2485 41 27 at
2680 2477 253 44 Birmingham
2953 2493 12 26 ;

1610 2538 71 33 and
1710 2537 63 34 the
1798 2541 159 31 account
1976 2536 46 33 he
2039 2545 96 33 gave
2157 2532 43 33 of
2213 2532 63 33 the
2303 2530 226 35 transaction
2564 2538 94 30 was,
2687 2526 81 33 that
2786 2525 111 46 being
2926 2536 40 26 at

1615 2584 273 46 Birmingham,
1915 2589 39 28 to
1974 2584 73 43 buy
2082 2580 128 48 plated
2228 2580 130 44 goods,
2386 2585 39 26 to
2443 2588 107 33 carry
2571 2576 94 34 with
2687 2575 74 33 him
2780 2581 35 26 to
2831 2572 132 47 Spain,

1612 2636 64 31 the
1691 2643 131 34 person
1845 2630 89 34 with
1954 2631 126 33 whom
2111 2630 45 32 he
2174 2627 98 35 dealt
2295 2626 189 46 produced
2502 2636 24 22 a
2545 2626 47 32 1/.
2631 2626 102 38 note,
2758 2620 71 37 and
2846 2623 118 34 asked

1615 2681 74 34 him
1710 2681 32 34 if
1756 2681 43 33 he
1822 2679 126 35 would
1981 2679 74 44 buy
2086 2688 76 33 any
2196 2675 45 33 of
2252 2674 107 34 those
2375 2674 165 38 articles,
2565 2670 72 37 and
2655 2670 80 33 said
2761 2669 46 34 he
2838 2672 126 34 would

1615 2728 189 34 introduce
1826 2728 76 32 him
1928 2732 40 28 to
1997 2727 63 33 the
2095 2725 151 34 Maker.
2301 2721 252 45 Accordingly
2585 2721 37 33 in
2656 2719 64 33 the
2744 2720 155 44 evening
2919 2721 45 33 he

1615 2786 78 25 was
1711 2773 215 37 introduced
1955 2780 38 27 to
2021 2774 64 32 the
2121 2772 177 34 Prisoner
2334 2769 187 41 Nicholls,
2546 2767 70 35 and
2637 2767 44 33 he
2702 2767 137 45 bought
2863 2777 100 26 some

1615 2830 103 28 notes
1734 2824 45 34 of
1793 2823 91 34 him.
1939 2822 38 35 It
2001 2832 72 22 was
2101 2820 87 33 then
2220 2819 154 44 agreed,
2402 2817 32 34 if
2444 2819 44 33 he
2522 2817 149 34 wanted
2704 2825 71 34 any
2794 2825 102 25 more
2917 2817 44 32 he

1617 2884 76 22 was
1711 2877 40 28 to
1779 2871 112 34 write
1916 2870 59 34 for
1993 2870 98 34 them
2111 2868 113 34 under
2257 2868 64 32 the
2339 2877 105 22 name
2461 2865 41 34 of
2512 2864 257 34 candlesticks.
2824 2865 61 32 He
2898 2864 45 33 ad-

1615 2921 71 33 ded
1706 2919 79 34 that
1813 2919 64 34 the
1898 2919 175 33 Prisoner
2098 2915 73 34 had
2190 2915 90 33 been
2297 2914 34 33 in
2350 2917 117 35 town,
2492 2914 72 32 and
2583 2911 80 34 sold
2696 2911 74 33 him
2789 2910 64 34 the
2878 2917 86 28 note

1619 2968 124 34 which
1770 2968 45 33 he
1850 2967 70 33 fr.d
1957 2965 176 35 tendered
2165 2968 40 27 at
2239 2962 54 33 his
2336 2961 182 44 lodgings,
2552 2963 40 31 at
2622 2961 64 32 the
2717 2960 132 33 Lemon
2867 2960 98 33 Tree

1617 3017 37 33 in
1682 3015 63 34 the
1774 3015 278 45 Hay-market.
2125 3011 43 34 In
2198 3011 111 37 order
2341 3014 40 28 to
2415 3009 151 38 confirm
2597 3008 66 33 the
2693 3008 102 33 truth
2824 3007 44 33 of
2893 3008 72 33 this

1615 3070 122 38 story,
1769 3064 27 33 it
1844 3073 76 22 was
1961 3060 135 35 settled
2133 3060 170 33 between
2353 3057 64 34 the
2454 3057 139 33 officers
2637 3054 71 34 and
2751 3054 91 40 him,
2885 3054 83 33 that

1617 3113 47 32 he
1706 3122 76 25 was
1817 3116 39 28 to
1917 3112 106 33 write
2065 3116 41 26 to
2152 3106 63 34 the
2267 3105 180 34 Prisoner
2487 3104 59 34 for
2594 3112 25 25 a
2665 3102 97 34 fresh
2810 3103 157 44 supply,

1615 3159 73 34 and
1722 3165 38 27 to
1805 3158 117 34 invite
1964 3158 64 33 the
2065 3155 180 37 Prisoner
2277 3158 39 28 to
2360 3163 104 22 come
2510 3159 38 26 to
2584 3150 103 34 town
2720 3150 90 34 with
2846 3151 118 40 them,

1618 3207 58 35 for
1691 3206 119 37 which
1835 3207 45 33 he
1898 3204 135 35 offered
2054 3204 76 33 him
2148 3208 78 28 two
2244 3202 151 44 guineas
2412 3210 38 24 as
2469 3198 63 35 the
2546 3209 171 34 expellee
2734 3197 43 34 of
2791 3197 56 33 his
2856 3197 90 46 jour-

1618 3266 87 34 ney.
1737 3256 59 33 He
1812 3253 243 45 accordingly
2078 3256 123 30 wrote
2219 3249 60 34 for
2294 3249 51 33 20
2361 3248 262 41 candlesticks,
2648 3247 72 34 No.
2738 3246 39 40 5,
2796 3247 170 44 meaning

1618 3304 50 34 5/.
1682 3309 119 33 notes,
1818 3302 71 33 and
1910 3308 77 27 two
2006 3301 120 33 dozen
2138 3299 113 39 ditto,
2278 3298 79 35 No.
2381 3298 33 40 1,
2433 3298 167 41 meaning
2617 3305 69 24 one
2705 3295 151 44 pounds.
2909 3295 58 33 To

1620 3353 208 33 this.letier
1850 3350 46 35 he
1912 3348 171 35 received
2107 3359 48 21 an
2172 3356 146 25 answer
2334 3345 85 34 that
2435 3345 61 33 the
2515 3344 176 34 Prisoner
2712 3353 84 24 was.
2813 3347 38 28 to
2870 3341 46 35 be
2931 3344 38 33 in

1619 3406 102 28 town
1740 3410 44 22 on
1804 3410 24 22 a
1844 3399 142 33 certain
2020 3398 90 44 day.
2167 3396 38 32 It
2241 3405 72 21 was
2333 3393 86 33 then
2437 3392 148 35 further
2597 3390 193 34 concerted
2809 3390 79 34 that
2908 3390 63 34 the

1619 3449 142 34 offiurs
1778 3446 133 33 should
1933 3448 45 32 be
1998 3445 34 33 in
2060 3456 47 22 an
2121 3441 193 47 adjoining
2342 3452 105 22 room
2469 3441 33 33 in
2524 3438 174 45 waiting,
2726 3438 94 33 from
2841 3438 128 34 which

1620 3497 85 34 then
1740 3495 110 34 conld
1869 3504 59 25 see
1945 3491 161 45 through
2127 3503 22 21 a
2187 3491 84 33 hole
2304 3491 37 32 in
2359 3490 64 33 the
2440 3489 197 46 partition,
2663 3488 69 33 and
2766 3497 39 22 as
2820 3497 91 24 soon
2929 3497 40 24 as
3047 3504 8 7 •

1628 3543 116 34 Alessi
1773 3543 70 32 had
1861 3542 229 34 ascertained
2111 3539 84 34 that
2212 3540 63 32 the
2290 3539 171 44 prisoner
2481 3536 69 33 had
2568 3542 63 38 got
2652 3535 65 34 the
2730 3541 106 28 notes
2852 3535 118 34 about

1624 3594 89 38 him,
1727 3592 44 32 he
1789 3602 76 22 was
1877 3595 39 28 to
1937 3595 65 40 put
2022 3601 47 21 on
2083 3588 56 33 his
2154 3588 77 41 hat,
2246 3598 39 24 as
2302 3596 24 24 a
2341 3585 117 45 signal
2478 3592 37 27 to
2532 3585 60 33 the
2611 3582 155 37 officers.
2793 3581 83 35 The
2894 3583 59 44 pri-

1622 3651 107 24 soner
1744 3639 151 34 arrived
1915 3646 39 27 at
1984 3639 63 33 the
2078 3639 137 32 Lemon
2245 3635 98 33 Tree
2360 3644 41 24 as
2417 3634 222 45 appointed,
2667 3633 70 33 and
2760 3631 119 34 Alessi
2898 3637 74 30 met

1625 3690 73 33 hi;»
1719 3690 33 32 in
1778 3687 61 33 the
1869 3686 228 40 club-room,
2130 3685 103 41 Foy,
2257 3684 63 33 the
2352 3680 137 43 officer,
2524 3680 71 34 and
2628 3680 105 33 three
2745 3680 43 34 of
2802 3679 54 33 his
2874 3690 77 22 com-

1626 3737 100 33 :%.des
1746 3745 102 25 were
1869 3733 111 45 ready
1996 3732 154 47 planted
2170 3732 37 33 in
2224 3732 61 33 the
2302 3728 193 50 adjoining
2512 3738 105 24 room
2634 3739 11 22 :
2681 3728 117 34 Alessi
2815 3726 69 34 and
2911 3728 63 33 the

1624 3787 18 44 i
1642 3787 151 44 •risnner
1809 3783 150 35 entered
1994 3784 77 32 into
2087 3778 276 43 conversation,
2391 3778 70 33 and
2479 3787 46 24 on
2543 3777 64 33 the
2627 3776 207 45 appointed
2852 3776 118 43 signal

1622 3834 63 33 the
1706 3833 142 34 officers
1861 3830 136 34 rushed
2017 3833 78 30 into
2113 3830 64 32 the
2193 3837 102 25 room
2314 3827 73 35 and
2414 3827 123 33 seized
2552 3827 61 32 the
2631 3826 177 44 prisoner.
2862 3823 109 46 'they

1622 3892 12 21 F
1638 3882 133 33 mired
1808 3881 92 40 him,
1917 3879 69 34 and
2021 3878 112 34 found
2161 3876 51 34 20
2239 3874 216 46 five-pound
2489 3880 120 34 notes,
2641 3873 45 34 24
2708 3872 43 34 of
2774 3882 66 24 one
2859 3870 115 41 ditto,

1622 3931 71 34 and
1711 3928 25 34 4
1752 3928 44 34 of
1824 3934 92 35 two,
1944 3926 52 34 all
2016 3926 44 33 of
2087 3924 124 37 which
2236 3922 141 46 proved
2402 3927 38 28 to
2469 3921 46 33 he
2533 3921 144 45 forged,
2706 3920 69 34 and
2791 3919 97 34 front
2908 3920 63 32 the

1620 3987 102 25 sante
1749 3978 117 44 plate.
1920 3977 81 32 The
2021 3973 128 34 whole
2176 3973 43 33 of
2242 3973 103 33 these
2365 3972 91 33 facts
2474 3979 98 25 were
2606 3969 139 45 probed
2765 3969 48 43 by
2833 3967 138 39 Alessi,

1624 4028 60 32 and
1684 4028 21 32 ,
1720 4024 200 34 confirmed
1939 4025 47 41 by
2006 4024 63 33 the
2086 4022 142 34 officers
2243 4019 73 35 and
2331 4019 64 34 the
2407 4018 107 34 other
2533 4018 200 34 witnesses.
2773 4016 80 34 The
2872 4016 99 43 Jury

1624 4074 112 35 found
1752 4075 63 33 the
1837 4074 178 34 Prisoner
2031 4071 141 43 Guilty.

1672 4123 118 33 Alessi
1815 4131 78 25 was
1911 4119 152 35 himself
2074 4117 180 43 indicted,
2281 4117 67 34 but
2367 4116 63 34 the
2451 4115 110 35 Bank
2578 4113 138 35 offered
2737 4123 45 24 no
2799 4110 175 35 evidence

1622 4173 145 43 against
1785 4170 92 40 hini,
1910 4169 60 35 for
1996 4168 63 34 the
2078 4175 165 38 purpose
2261 4166 45 35 of
2319 4165 155 46 making
2500 4163 77 35 him
2602 4172 26 26 a
2657 4162 144 35 witness
2829 4161 148 44 against.

1623 4221 65 33 the
1707 4220 191 35 Prisoner.

19 1371 43 19 •,~
